  <div class='ocr_page' id='page_1' title='image "/cluster/home/n/w/nwhite01/storage/ocr_20150623/66/hvd.32044020884102/780.png"; bbox 0 0 4014 6244; ppageno 0'>
   <div class='ocr_carea' id='block_1_1' title="bbox 24 5398 41 5789">
    <p class='ocr_par' dir='ltr' id='par_1_1' title="bbox 24 5398 41 5719">
     <span class='ocr_line' id='line_1_1' title="bbox 24 5398 41 5439; baseline 0 0"><span class='ocrx_word' id='word_1_1' title='bbox 24 5398 41 5439; x_wconf 60' lang='grc' dir='ltr'><strong>ι</strong></span> 
     </span>
     <span class='ocr_line' id='line_1_2' title="bbox 24 5470 39 5513; baseline 0 -3"><span class='ocrx_word' id='word_1_2' title='bbox 24 5470 39 5513; x_wconf 63' lang='grc' dir='ltr'><strong>ι</strong></span> 
     </span>
     <span class='ocr_line' id='line_1_3' title="bbox 24 5576 39 5651; baseline 0 0"><span class='ocrx_word' id='word_1_3' title='bbox 24 5576 39 5651; x_wconf 60' lang='grc' dir='ltr'><strong>ὲ</strong></span> 
     </span>
     <span class='ocr_line' id='line_1_4' title="bbox 28 5668 39 5719; baseline 0 -8"><span class='ocrx_word' id='word_1_4' title='bbox 28 5668 39 5719; x_wconf 68' lang='lat' dir='ltr'><strong>i</strong></span> 
     </span>
    </p>
   </div>
   <div class='ocr_carea' id='block_1_2' title="bbox 272 261 3517 360">
    <p class='ocr_par' dir='ltr' id='par_1_2' title="bbox 272 261 3517 360">
     <span class='ocr_line' id='line_1_5' title="bbox 272 261 3517 360; baseline -0.018 0"><span class='ocrx_word' id='word_1_5' title='bbox 272 305 407 360; x_wconf 68' lang='grc'><strong>1541</strong></span> <span class='ocrx_word' id='word_1_6' title='bbox 1381 279 1765 338; x_wconf 67' lang='lat' dir='ltr'><strong>EPISTOLIE.</strong></span> <span class='ocrx_word' id='word_1_7' title='bbox 1809 307 1876 318; x_wconf 87' lang='lat'><strong>-—</strong></span> <span class='ocrx_word' id='word_1_8' title='bbox 1909 273 2123 329; x_wconf 77' lang='lat' dir='ltr'><strong>El’lS&#39;l‘.</strong></span> <span class='ocrx_word' id='word_1_9' title='bbox 2166 268 2391 327; x_wconf 79' lang='lat' dir='ltr'><strong>CXLVI.</strong></span> <span class='ocrx_word' id='word_1_10' title='bbox 3378 261 3517 317; x_wconf 59' lang='grc' dir='ltr'>ητις</span> 
     </span>
    </p>
   </div>
   <div class='ocr_carea' id='block_1_3' title="bbox 275 489 1851 576">
    <p class='ocr_par' dir='ltr' id='par_1_3' title="bbox 275 489 1851 576">
     <span class='ocr_line' id='line_1_6' title="bbox 275 489 1851 576; baseline -0.018 -10"><span class='ocrx_word' id='word_1_11' title='bbox 275 514 381 566; x_wconf 76' lang='grc' dir='ltr'><strong>ὑπὸ</strong></span> <span class='ocrx_word' id='word_1_12' title='bbox 408 511 504 571; x_wconf 82' lang='grc' dir='ltr'>τοῦ</span> <span class='ocrx_word' id='word_1_13' title='bbox 528 506 912 576; x_wconf 82' lang='grc' dir='ltr'>κατακλυσμοῦ</span> <span class='ocrx_word' id='word_1_14' title='bbox 936 503 1042 557; x_wconf 87' lang='grc' dir='ltr'><strong>τῶν</strong></span> <span class='ocrx_word' id='word_1_15' title='bbox 1067 504 1125 555; x_wconf 84' lang='grc' dir='ltr'><strong>ὲν</strong></span> <span class='ocrx_word' id='word_1_16' title='bbox 1161 501 1280 559; x_wconf 90' lang='grc' dir='ltr'>ταῖς</span> <span class='ocrx_word' id='word_1_17' title='bbox 1305 493 1612 554; x_wconf 76' lang='grc' dir='ltr'><strong>ἐπιστολαῖς</strong></span> <span class='ocrx_word' id='word_1_18' title='bbox 1650 489 1851 555; x_wconf 74' lang='grc' dir='ltr'>ἰΰγγων</span> 
     </span>
    </p>
   </div>
   <div class='ocr_carea' id='block_1_4' title="bbox 254 582 1852 669">
    <p class='ocr_par' dir='ltr' id='par_1_4' title="bbox 254 582 1852 669">
     <span class='ocr_line' id='line_1_7' title="bbox 254 582 1852 669; baseline -0.017 -12"><span class='ocrx_word' id='word_1_19' title='bbox 254 605 437 666; x_wconf 66' lang='grc' dir='ltr'>αὐτὸς</span> <span class='ocrx_word' id='word_1_20' title='bbox 472 600 791 669; x_wconf 78' lang='grc' dir='ltr'>ὲθηλύνθην,</span> <span class='ocrx_word' id='word_1_21' title='bbox 827 599 920 651; x_wconf 75' lang='grc' dir='ltr'>καὶ</span> <span class='ocrx_word' id='word_1_22' title='bbox 968 594 1084 665; x_wconf 69' lang='grc' dir='ltr'>εἰμὶ</span> <span class='ocrx_word' id='word_1_23' title='bbox 1136 590 1230 644; x_wconf 77' lang='grc' dir='ltr'>νῦν</span> <span class='ocrx_word' id='word_1_24' title='bbox 1275 586 1535 649; x_wconf 80' lang='grc' dir='ltr'>τοιοῦτος,</span> <span class='ocrx_word' id='word_1_25' title='bbox 1572 582 1739 649; x_wconf 83' lang='grc' dir='ltr'>ὁποίῳ</span> <span class='ocrx_word' id='word_1_26' title='bbox 1772 597 1852 631; x_wconf 90' lang='grc' dir='ltr'><strong>σοι</strong></span> 
     </span>
    </p>
   </div>
   <div class='ocr_carea' id='block_1_5' title="bbox 256 673 1852 763">
    <p class='ocr_par' dir='ltr' id='par_1_5' title="bbox 256 673 1852 763">
     <span class='ocr_line' id='line_1_8' title="bbox 256 673 1852 763; baseline -0.016 -15"><span class='ocrx_word' id='word_1_27' title='bbox 256 695 596 763; x_wconf 20' lang='grc' dir='ltr'>’τυγχάνοντι</span> <span class='ocrx_word' id='word_1_28' title='bbox 622 690 883 759; x_wconf 84' lang='grc' dir='ltr'>πρότερον</span> <span class='ocrx_word' id='word_1_29' title='bbox 915 684 1221 739; x_wconf 79' lang='grc' dir='ltr'>ἐνεκάλουν.</span> <span class='ocrx_word' id='word_1_30' title='bbox 1247 676 1315 732; x_wconf 70' lang='grc' dir='ltr'><strong>’Ἃ</strong></span> <span class='ocrx_word' id='word_1_31' title='bbox 1327 677 1373 750; x_wconf 89' lang='grc' dir='ltr'>ρ’</span> <span class='ocrx_word' id='word_1_32' title='bbox 1396 674 1489 730; x_wconf 80' lang='grc' dir='ltr'>οὖν</span> <span class='ocrx_word' id='word_1_33' title='bbox 1518 673 1736 743; x_wconf 87' lang='grc' dir='ltr'>ἀγαθῶν</span> <span class='ocrx_word' id='word_1_34' title='bbox 1767 689 1852 742; x_wconf 87' lang='grc' dir='ltr'><strong>μοι</strong></span> 
     </span>
    </p>
   </div>
   <div class='ocr_carea' id='block_1_6' title="bbox 276 764 1854 857">
    <p class='ocr_par' dir='ltr' id='par_1_6' title="bbox 276 764 1854 857">
     <span class='ocr_line' id='line_1_9' title="bbox 276 764 1854 857; baseline -0.016 -17"><span class='ocrx_word' id='word_1_35' title='bbox 276 786 532 857; x_wconf 83' lang='grc' dir='ltr'>μεγάλων</span> <span class='ocrx_word' id='word_1_36' title='bbox 580 782 751 843; x_wconf 81' lang='grc' dir='ltr'>αἴτιος</span> <span class='ocrx_word' id='word_1_37' title='bbox 807 781 834 832; x_wconf 87' lang='grc' dir='ltr'>ὁ</span> <span class='ocrx_word' id='word_1_38' title='bbox 890 778 1189 846; x_wconf 81' lang='grc' dir='ltr'><strong>θαυμάσιος</strong></span> <span class='ocrx_word' id='word_1_39' title='bbox 1257 767 1671 841; x_wconf 85' lang='grc' dir='ltr'>Ἐρκουλιανὸς,</span> <span class='ocrx_word' id='word_1_40' title='bbox 1711 764 1854 816; x_wconf 70' lang='grc' dir='ltr'>οὕτω</span> 
     </span>
    </p>
   </div>
   <div class='ocr_carea' id='block_1_7' title="bbox 270 855 1849 950">
    <p class='ocr_par' dir='ltr' id='par_1_7' title="bbox 270 855 1849 950">
     <span class='ocr_line' id='line_1_10' title="bbox 270 855 1849 950; baseline -0.016 -18"><span class='ocrx_word' id='word_1_41' title='bbox 270 881 373 950; x_wconf 80' lang='grc' dir='ltr'>τὴν</span> <span class='ocrx_word' id='word_1_42' title='bbox 398 877 533 947; x_wconf 76' lang='grc' dir='ltr'>ἐμὴν</span> <span class='ocrx_word' id='word_1_43' title='bbox 571 874 747 944; x_wconf 68' lang='grc' dir='ltr'>ψυχὴν</span> <span class='ocrx_word' id='word_1_44' title='bbox 779 872 1085 941; x_wconf 81' lang='grc' dir='ltr'>ἀναρτήσας</span> <span class='ocrx_word' id='word_1_45' title='bbox 1115 862 1326 925; x_wconf 72' lang='grc' dir='ltr'>ἑαυτοῦ,</span> <span class='ocrx_word' id='word_1_46' title='bbox 1354 862 1448 914; x_wconf 78' lang='grc' dir='ltr'><strong>καὶ</strong></span> <span class='ocrx_word' id='word_1_47' title='bbox 1481 855 1849 918; x_wconf 75' lang='grc' dir='ltr'>καταϐιϐάσας</span> 
     </span>
    </p>
   </div>
   <div class='ocr_carea' id='block_1_8' title="bbox 269 949 1854 1038">
    <p class='ocr_par' dir='ltr' id='par_1_8' title="bbox 269 949 1854 1038">
     <span class='ocr_line' id='line_1_11' title="bbox 269 949 1854 1038; baseline -0.016 -13"><span class='ocrx_word' id='word_1_48' title='bbox 269 949 367 1025; x_wconf 73' lang='grc' dir='ltr'><strong>τοῦ</strong></span> <span class='ocrx_word' id='word_1_49' title='bbox 398 968 712 1038; x_wconf 79' lang='grc' dir='ltr'>φιλοσοφίας</span> <span class='ocrx_word' id='word_1_50' title='bbox 758 962 1103 1031; x_wconf 82' lang='grc' dir='ltr'>ἀξιώματος;</span> <span class='ocrx_word' id='word_1_51' title='bbox 1138 956 1280 1025; x_wconf 84' lang='grc' dir='ltr'><strong>Ἐγὼ</strong></span> <span class='ocrx_word' id='word_1_52' title='bbox 1313 955 1410 1025; x_wconf 81' lang='grc' dir='ltr'><strong>μὲν</strong></span> <span class='ocrx_word' id='word_1_53' title='bbox 1455 954 1515 1006; x_wconf 86' lang='grc' dir='ltr'><strong>οὺ</strong></span> <span class='ocrx_word' id='word_1_54' title='bbox 1547 952 1611 1005; x_wconf 75' lang='grc' dir='ltr'>δι’</span> <span class='ocrx_word' id='word_1_55' title='bbox 1644 949 1773 1003; x_wconf 77' lang='grc' dir='ltr'>ἄλλο</span> <span class='ocrx_word' id='word_1_56' title='bbox 1801 966 1854 1000; x_wconf 86' lang='grc' dir='ltr'><strong>τι</strong></span> 
     </span>
    </p>
   </div>
   <div class='ocr_carea' id='block_1_9' title="bbox 270 1042 1855 1129">
    <p class='ocr_par' dir='ltr' id='par_1_9' title="bbox 270 1042 1855 1129">
     <span class='ocr_line' id='line_1_12' title="bbox 270 1042 1855 1129; baseline -0.014 -16"><span class='ocrx_word' id='word_1_57' title='bbox 270 1062 376 1124; x_wconf 79' lang='grc' dir='ltr'>τὰς</span> <span class='ocrx_word' id='word_1_58' title='bbox 405 1059 665 1129; x_wconf 78' lang='grc' dir='ltr'>Σειρῆνας</span> <span class='ocrx_word' id='word_1_59' title='bbox 701 1054 803 1107; x_wconf 83' lang='grc' dir='ltr'><strong>ὑπὸ</strong></span> <span class='ocrx_word' id='word_1_60' title='bbox 830 1053 937 1106; x_wconf 90' lang='grc' dir='ltr'><strong>τῶν</strong></span> <span class='ocrx_word' id='word_1_61' title='bbox 980 1048 1217 1120; x_wconf 82' lang='grc' dir='ltr'>ποιητῶν</span> <span class='ocrx_word' id='word_1_62' title='bbox 1256 1045 1494 1115; x_wconf 74' lang='grc' dir='ltr'>ἠγοῦμαι</span> <span class='ocrx_word' id='word_1_63' title='bbox 1520 1042 1855 1113; x_wconf 78' lang='grc' dir='ltr'>βλασφημεῖ-</span> 
     </span>
    </p>
   </div>
   <div class='ocr_carea' id='block_1_10' title="bbox 274 1137 1853 1222">
    <p class='ocr_par' dir='ltr' id='par_1_10' title="bbox 274 1137 1853 1222">
     <span class='ocr_line' id='line_1_13' title="bbox 274 1137 1853 1222; baseline -0.015 -15"><span class='ocrx_word' id='word_1_64' title='bbox 274 1154 426 1217; x_wconf 82' lang='grc' dir='ltr'>σθαι,</span> <span class='ocrx_word' id='word_1_65' title='bbox 457 1152 489 1222; x_wconf 84' lang='grc' dir='ltr'>ἢ</span> <span class='ocrx_word' id='word_1_66' title='bbox 520 1152 600 1203; x_wconf 79' lang='grc' dir='ltr'><strong>ὅτι</strong></span> <span class='ocrx_word' id='word_1_67' title='bbox 635 1148 713 1219; x_wconf 79' lang='grc' dir='ltr'>τῷ</span> <span class='ocrx_word' id='word_1_68' title='bbox 751 1145 989 1219; x_wconf 84' lang='grc' dir='ltr'>μελιχρῷ</span> <span class='ocrx_word' id='word_1_69' title='bbox 1014 1144 1111 1212; x_wconf 87' lang='grc' dir='ltr'><strong>τῆς</strong></span> <span class='ocrx_word' id='word_1_70' title='bbox 1140 1141 1320 1211; x_wconf 85' lang='grc' dir='ltr'>φωνῆς</span> <span class='ocrx_word' id='word_1_71' title='bbox 1350 1137 1650 1201; x_wconf 84' lang='grc' dir='ltr'>ἀπώλλυον,</span> <span class='ocrx_word' id='word_1_72' title='bbox 1684 1151 1853 1205; x_wconf 86' lang='grc' dir='ltr'>προσ-</span> 
     </span>
    </p>
   </div>
   <div class='ocr_carea' id='block_1_11' title="bbox 270 1224 1853 1312">
    <p class='ocr_par' dir='ltr' id='par_1_11' title="bbox 270 1224 1853 1312">
     <span class='ocr_line' id='line_1_14' title="bbox 270 1224 1853 1312; baseline -0.013 -16"><span class='ocrx_word' id='word_1_73' title='bbox 270 1240 641 1312; x_wconf 85' lang='grc' dir='ltr'>αγόμεναιτὸν</span> <span class='ocrx_word' id='word_1_74' title='bbox 671 1234 1310 1291; x_wconf 76' lang='grc' dir='ltr'>πιστεύσαντα.⁹Ηκουσα</span> <span class='ocrx_word' id='word_1_75' title='bbox 1334 1230 1390 1282; x_wconf 83' lang='grc' dir='ltr'><strong>δέ</strong></span> <span class='ocrx_word' id='word_1_76' title='bbox 1416 1246 1509 1281; x_wconf 91' lang='grc' dir='ltr'><strong>του</strong></span> <span class='ocrx_word' id='word_1_77' title='bbox 1539 1228 1647 1279; x_wconf 88' lang='grc' dir='ltr'><strong>τῶν</strong></span> <span class='ocrx_word' id='word_1_78' title='bbox 1676 1224 1853 1292; x_wconf 85' lang='grc' dir='ltr'>σοφῶν</span> 
     </span>
    </p>
   </div>
   <div class='ocr_carea' id='block_1_12' title="bbox 270 1315 1852 1402">
    <p class='ocr_par' dir='ltr' id='par_1_12' title="bbox 270 1315 1852 1402">
     <span class='ocr_line' id='line_1_15' title="bbox 270 1315 1852 1402; baseline -0.012 -16"><span class='ocrx_word' id='word_1_79' title='bbox 270 1334 373 1386; x_wconf 74' lang='grc' dir='ltr'><strong>καὶ</strong></span> <span class='ocrx_word' id='word_1_80' title='bbox 395 1329 824 1402; x_wconf 78' lang='grc' dir='ltr'>ἀλληγοροῦντος</span> <span class='ocrx_word' id='word_1_81' title='bbox 869 1326 958 1378; x_wconf 84' lang='grc' dir='ltr'><strong>τὸν</strong></span> <span class='ocrx_word' id='word_1_82' title='bbox 992 1322 1176 1394; x_wconf 76' lang='grc' dir='ltr'>μῦθον.</span> <span class='ocrx_word' id='word_1_83' title='bbox 1225 1320 1489 1391; x_wconf 80' lang='grc' dir='ltr'>Σειρῆνας</span> <span class='ocrx_word' id='word_1_84' title='bbox 1531 1317 1636 1388; x_wconf 79' lang='grc' dir='ltr'>γὰρ</span> <span class='ocrx_word' id='word_1_85' title='bbox 1684 1315 1852 1379; x_wconf 82' lang='grc' dir='ltr'>αὑτὰς</span> 
     </span>
    </p>
   </div>
   <div class='ocr_carea' id='block_1_13' title="bbox 272 1406 1852 1484">
    <p class='ocr_par' dir='ltr' id='par_1_13' title="bbox 272 1406 1852 1484">
     <span class='ocr_line' id='line_1_16' title="bbox 272 1406 1852 1484; baseline -0.013 -6"><span class='ocrx_word' id='word_1_86' title='bbox 272 1422 609 1479; x_wconf 74' lang='grc' dir='ltr'>αἰνίττεσθαι</span> <span class='ocrx_word' id='word_1_87' title='bbox 664 1422 761 1483; x_wconf 87' lang='grc' dir='ltr'>τὰς</span> <span class='ocrx_word' id='word_1_88' title='bbox 805 1414 1205 1477; x_wconf 84' lang='grc' dir='ltr'>ἀπολαυστικὰς</span> <span class='ocrx_word' id='word_1_89' title='bbox 1245 1412 1458 1484; x_wconf 76' lang='grc' dir='ltr'>ἡδονὰς,</span> <span class='ocrx_word' id='word_1_90' title='bbox 1496 1409 1551 1464; x_wconf 81' lang='grc' dir='ltr'>αἳ</span> <span class='ocrx_word' id='word_1_91' title='bbox 1604 1408 1729 1471; x_wconf 84' lang='grc' dir='ltr'>τοὺς</span> <span class='ocrx_word' id='word_1_92' title='bbox 1774 1406 1852 1459; x_wconf 78' lang='grc' dir='ltr'>εἴ·</span> 
     </span>
    </p>
   </div>
   <div class='ocr_carea' id='block_1_14' title="bbox 274 1498 1857 1582">
    <p class='ocr_par' dir='ltr' id='par_1_14' title="bbox 274 1498 1857 1582">
     <span class='ocr_line' id='line_1_17' title="bbox 274 1498 1857 1582; baseline -0.015 -12"><span class='ocrx_word' id='word_1_93' title='bbox 274 1518 474 1582; x_wconf 75' lang='grc' dir='ltr'>ξαντας</span> <span class='ocrx_word' id='word_1_94' title='bbox 501 1553 515 1578; x_wconf 90' lang='grc'><strong>,</strong></span> <span class='ocrx_word' id='word_1_95' title='bbox 552 1513 645 1566; x_wconf 78' lang='grc' dir='ltr'><strong>καὶ</strong></span> <span class='ocrx_word' id='word_1_96' title='bbox 689 1507 1231 1580; x_wconf 84' lang='grc' dir='ltr'>καταγοητευθέντας</span> <span class='ocrx_word' id='word_1_97' title='bbox 1260 1502 1437 1557; x_wconf 71' lang='grc' dir='ltr'>αὐτῶν</span> <span class='ocrx_word' id='word_1_98' title='bbox 1467 1500 1546 1571; x_wconf 81' lang='grc' dir='ltr'>τῷ</span> <span class='ocrx_word' id='word_1_99' title='bbox 1598 1498 1857 1569; x_wconf 82' lang='grc' dir='ltr'>προσηνεῖ</span> 
     </span>
    </p>
   </div>
   <div class='ocr_carea' id='block_1_15' title="bbox 276 1586 1854 1679">
    <p class='ocr_par' dir='ltr' id='par_1_15' title="bbox 276 1586 1854 1679">
     <span class='ocr_line' id='line_1_18' title="bbox 276 1586 1854 1679; baseline -0.015 -16"><span class='ocrx_word' id='word_1_100' title='bbox 276 1609 420 1679; x_wconf 83' lang='grc' dir='ltr'>μετὰ</span> <span class='ocrx_word' id='word_1_101' title='bbox 470 1606 661 1677; x_wconf 86' lang='grc' dir='ltr'>μικρὸν</span> <span class='ocrx_word' id='word_1_102' title='bbox 711 1602 1055 1657; x_wconf 79' lang='grc' dir='ltr'>ἀπολλύουσι.</span> <span class='ocrx_word' id='word_1_103' title='bbox 1098 1599 1161 1651; x_wconf 88' lang='grc' dir='ltr'>Τί</span> <span class='ocrx_word' id='word_1_104' title='bbox 1209 1594 1302 1651; x_wconf 78' lang='grc' dir='ltr'><strong>οὖν</strong></span> <span class='ocrx_word' id='word_1_105' title='bbox 1355 1594 1672 1648; x_wconf 80' lang='grc' dir='ltr'>ἀποδέουσιν</span> <span class='ocrx_word' id='word_1_106' title='bbox 1719 1586 1854 1642; x_wconf 79' lang='grc' dir='ltr'>εἶναι</span> 
     </span>
    </p>
   </div>
   <div class='ocr_carea' id='block_1_16' title="bbox 276 1678 1855 1770">
    <p class='ocr_par' dir='ltr' id='par_1_16' title="bbox 276 1678 1855 1770">
     <span class='ocr_line' id='line_1_19' title="bbox 276 1678 1855 1770; baseline -0.013 -19"><span class='ocrx_word' id='word_1_107' title='bbox 276 1698 535 1770; x_wconf 78' lang='grc' dir='ltr'>Σειρῆνες</span> <span class='ocrx_word' id='word_1_108' title='bbox 569 1696 624 1748; x_wconf 82' lang='grc' dir='ltr'>αἱ</span> <span class='ocrx_word' id='word_1_109' title='bbox 656 1693 762 1746; x_wconf 86' lang='grc' dir='ltr'><strong>τῶν</strong></span> <span class='ocrx_word' id='word_1_110' title='bbox 818 1691 927 1745; x_wconf 90' lang='grc' dir='ltr'><strong>σῶν</strong></span> <span class='ocrx_word' id='word_1_111' title='bbox 976 1686 1273 1744; x_wconf 74' lang='grc' dir='ltr'>ἐπιστολῶν</span> <span class='ocrx_word' id='word_1_112' title='bbox 1302 1684 1519 1757; x_wconf 74' lang='grc' dir='ltr'>ἡδοναὶ,</span> <span class='ocrx_word' id='word_1_113' title='bbox 1552 1683 1623 1751; x_wconf 84' lang='grc' dir='ltr'><strong>ὑφ</strong></span> <span class='ocrx_word' id='word_1_114' title='bbox 1649 1678 1855 1746; x_wconf 74' lang='grc' dir='ltr'>ὦνιὲγὼ</span> 
     </span>
    </p>
   </div>
   <div class='ocr_carea' id='block_1_17' title="bbox 254 384 1860 490">
    <p class='ocr_par' dir='ltr' id='par_1_17' title="bbox 254 397 1849 490">
     <span class='ocr_line' id='line_1_20' title="bbox 254 397 1849 490; baseline -0.019 -12"><span class='ocrx_word' id='word_1_115' title='bbox 254 419 565 490; x_wconf 78' lang='grc' dir='ltr'>,συντυχίαν</span> <span class='ocrx_word' id='word_1_116' title='bbox 609 415 766 488; x_wconf 81' lang='grc' dir='ltr'>ἡμῶν</span> <span class='ocrx_word' id='word_1_117' title='bbox 818 413 1149 474; x_wconf 81' lang='grc' dir='ltr'>συστάσεως,</span> <span class='ocrx_word' id='word_1_118' title='bbox 1186 404 1366 473; x_wconf 73' lang='grc' dir='ltr'>πολλῷ</span> <span class='ocrx_word' id='word_1_119' title='bbox 1412 402 1676 473; x_wconf 87' lang='grc' dir='ltr'>πρότερον</span> <span class='ocrx_word' id='word_1_120' title='bbox 1732 397 1849 465; x_wconf 78' lang='grc'><strong>(85)</strong></span> 
     </span>
    </p>
   </div>
   <div class='ocr_carea' id='block_1_18' title="bbox 1960 384 3518 490">
    <p class='ocr_par' dir='ltr' id='par_1_18' title="bbox 1960 384 3518 455">
     <span class='ocr_line' id='line_1_21' title="bbox 1960 384 3518 455; baseline -0.008 -10"><span class='ocrx_word' id='word_1_121' title='bbox 1960 392 2162 446; x_wconf 89' lang='lat' dir='ltr'><strong>tudinis</strong></span> <span class='ocrx_word' id='word_1_122' title='bbox 2204 398 2406 445; x_wconf 75' lang='lat' dir='ltr'><strong>nostra:</strong></span> <span class='ocrx_word' id='word_1_123' title='bbox 2431 385 2760 443; x_wconf 77' lang='lat' dir='ltr'><strong>desiderium</strong></span> <span class='ocrx_word' id='word_1_124' title='bbox 2791 400 2885 455; x_wconf 85' lang='lat' dir='ltr'><strong>per</strong></span> <span class='ocrx_word' id='word_1_125' title='bbox 2911 384 3120 438; x_wconf 92' lang='lat' dir='ltr'><strong>litteras</strong></span> <span class='ocrx_word' id='word_1_126' title='bbox 3148 384 3478 451; x_wconf 77' lang='lat' dir='ltr'><strong>redargueus</strong></span> <span class='ocrx_word' id='word_1_127' title='bbox 3502 393 3518 432; x_wconf 85' lang='lat'><strong>:</strong></span> 
     </span>
    </p>
   </div>
   <div class='ocr_carea' id='block_1_19' title="bbox 1946 477 3522 553">
    <p class='ocr_par' dir='ltr' id='par_1_19' title="bbox 1946 477 3522 553">
     <span class='ocr_line' id='line_1_22' title="bbox 1946 477 3522 553; baseline -0.007 -13"><span class='ocrx_word' id='word_1_128' title='bbox 1946 500 2102 553; x_wconf 84' lang='lat' dir='ltr'><strong>nunc</strong></span> <span class='ocrx_word' id='word_1_129' title='bbox 2134 483 2513 538; x_wconf 83' lang='lat' dir='ltr'><strong>illecebrarum</strong></span> <span class='ocrx_word' id='word_1_130' title='bbox 2539 521 2553 545; x_wconf 91' lang='lat'><strong>,</strong></span> <span class='ocrx_word' id='word_1_131' title='bbox 2581 496 2702 549; x_wconf 79' lang='lat' dir='ltr'><strong>qua:</strong></span> <span class='ocrx_word' id='word_1_132' title='bbox 2734 479 2789 532; x_wconf 87' lang='lat' dir='ltr'><strong>in</strong></span> <span class='ocrx_word' id='word_1_133' title='bbox 2823 478 2931 532; x_wconf 85' lang='lat' dir='ltr'><strong>luis</strong></span> <span class='ocrx_word' id='word_1_134' title='bbox 2959 477 3158 531; x_wconf 90' lang='lat' dir='ltr'><strong>litteris</strong></span> <span class='ocrx_word' id='word_1_135' title='bbox 3186 477 3408 537; x_wconf 82' lang='lat' dir='ltr'><strong>insunt,</strong></span> <span class='ocrx_word' id='word_1_136' title='bbox 3438 490 3522 529; x_wconf 77' lang='lat' dir='ltr'><strong>re-</strong></span> 
     </span>
    </p>
   </div>
   <div class='ocr_carea' id='block_1_20' title="bbox 1952 572 3519 645">
    <p class='ocr_par' dir='ltr' id='par_1_20' title="bbox 1952 572 3519 645">
     <span class='ocr_line' id='line_1_23' title="bbox 1952 572 3519 645; baseline -0.006 -12"><span class='ocrx_word' id='word_1_137' title='bbox 1952 578 2235 633; x_wconf 86' lang='lat' dir='ltr'><strong>dundante</strong></span> <span class='ocrx_word' id='word_1_138' title='bbox 2282 576 2438 645; x_wconf 87' lang='lat' dir='ltr'><strong>copia</strong></span> <span class='ocrx_word' id='word_1_139' title='bbox 2488 574 2695 629; x_wconf 77' lang='lat' dir='ltr'><strong>fractus</strong></span> <span class='ocrx_word' id='word_1_140' title='bbox 2746 574 2893 644; x_wconf 89' lang='lat' dir='ltr'><strong>ipse,</strong></span> <span class='ocrx_word' id='word_1_141' title='bbox 2942 583 2997 627; x_wconf 87' lang='lat' dir='ltr'><strong>et</strong></span> <span class='ocrx_word' id='word_1_142' title='bbox 3036 572 3312 628; x_wconf 87' lang='lat' dir='ltr'><strong>emollitus</strong></span> <span class='ocrx_word' id='word_1_143' title='bbox 3357 588 3519 637; x_wconf 88' lang='lat' dir='ltr'><strong>sum;</strong></span> 
     </span>
    </p>
   </div>
   <div class='ocr_carea' id='block_1_21' title="bbox 1952 668 3521 732">
    <p class='ocr_par' dir='ltr' id='par_1_21' title="bbox 1952 668 3521 732">
     <span class='ocr_line' id='line_1_24' title="bbox 1952 668 3521 732; baseline -0.003 -6"><span class='ocrx_word' id='word_1_144' title='bbox 1952 680 2008 726; x_wconf 89' lang='lat' dir='ltr'><strong>et</strong></span> <span class='ocrx_word' id='word_1_145' title='bbox 2037 671 2197 726; x_wconf 88' lang='lat' dir='ltr'><strong>modo</strong></span> <span class='ocrx_word' id='word_1_146' title='bbox 2228 670 2389 724; x_wconf 85' lang='lat' dir='ltr'><strong>talem</strong></span> <span class='ocrx_word' id='word_1_147' title='bbox 2422 685 2505 722; x_wconf 91' lang='lat' dir='ltr'><strong>me</strong></span> <span class='ocrx_word' id='word_1_148' title='bbox 2539 668 2753 721; x_wconf 86' lang='lat' dir='ltr'><strong>invenio</strong></span> <span class='ocrx_word' id='word_1_149' title='bbox 2775 709 2789 729; x_wconf 93' lang='lat'><strong>,</strong></span> <span class='ocrx_word' id='word_1_150' title='bbox 2819 669 2996 732; x_wconf 91' lang='lat' dir='ltr'><strong>qualis</strong></span> <span class='ocrx_word' id='word_1_151' title='bbox 3027 677 3187 722; x_wconf 77' lang='lat' dir='ltr'><strong>antea</strong></span> <span class='ocrx_word' id='word_1_152' title='bbox 3219 685 3337 722; x_wconf 81' lang='lat' dir='ltr'><strong>rum</strong></span> <span class='ocrx_word' id='word_1_153' title='bbox 3367 684 3521 722; x_wconf 64' lang='lat' dir='ltr'><strong>esses</strong></span> 
     </span>
    </p>
   </div>
   <div class='ocr_carea' id='block_1_22' title="bbox 1953 759 3520 832">
    <p class='ocr_par' dir='ltr' id='par_1_22' title="bbox 1953 759 3520 832">
     <span class='ocr_line' id='line_1_25' title="bbox 1953 759 3520 832; baseline -0.001 -17"><span class='ocrx_word' id='word_1_154' title='bbox 1953 770 2061 817; x_wconf 84' lang='lat' dir='ltr'><strong>tete</strong></span> <span class='ocrx_word' id='word_1_155' title='bbox 2112 761 2592 832; x_wconf 63' lang='lat' dir='ltr'><strong>reprehenderem.</strong></span> <span class='ocrx_word' id='word_1_156' title='bbox 2646 759 2781 814; x_wconf 83' lang='lat' dir='ltr'><strong>Num</strong></span> <span class='ocrx_word' id='word_1_157' title='bbox 2828 761 2994 829; x_wconf 86' lang='lat' dir='ltr'><strong>igitur</strong></span> <span class='ocrx_word' id='word_1_158' title='bbox 3039 761 3340 830; x_wconf 78' lang='lat' dir='ltr'><strong>ingentium</strong></span> <span class='ocrx_word' id='word_1_159' title='bbox 3386 761 3520 814; x_wconf 86' lang='lat' dir='ltr'><strong>mihi</strong></span> 
     </span>
    </p>
   </div>
   <div class='ocr_carea' id='block_1_23' title="bbox 1952 850 3518 921">
    <p class='ocr_par' dir='ltr' id='par_1_23' title="bbox 1952 850 3518 921">
     <span class='ocr_line' id='line_1_26' title="bbox 1952 850 3518 921; baseline -0.001 -14"><span class='ocrx_word' id='word_1_160' title='bbox 1952 854 2222 907; x_wconf 91' lang='lat' dir='ltr'><strong>bonorum</strong></span> <span class='ocrx_word' id='word_1_161' title='bbox 2264 867 2432 907; x_wconf 88' lang='lat' dir='ltr'><strong>causa</strong></span> <span class='ocrx_word' id='word_1_162' title='bbox 2462 852 2715 921; x_wconf 77' lang='lat' dir='ltr'><strong>egregius</strong></span> <span class='ocrx_word' id='word_1_163' title='bbox 2744 850 3108 905; x_wconf 85' lang='lat' dir='ltr'><strong>Herculianus</strong></span> <span class='ocrx_word' id='word_1_164' title='bbox 3136 853 3384 912; x_wconf 77' lang='lat' dir='ltr'><strong>exstitit.</strong></span> <span class='ocrx_word' id='word_1_165' title='bbox 3425 854 3518 921; x_wconf 87' lang='lat' dir='ltr'><strong>qui</strong></span> 
     </span>
    </p>
   </div>
   <div class='ocr_carea' id='block_1_24' title="bbox 1955 942 3522 1015">
    <p class='ocr_par' dir='ltr' id='par_1_24' title="bbox 1955 942 3522 1015">
     <span class='ocr_line' id='line_1_27' title="bbox 1955 942 3522 1015; baseline 0 -17"><span class='ocrx_word' id='word_1_166' title='bbox 1955 944 2196 998; x_wconf 90' lang='lat' dir='ltr'><strong>animum</strong></span> <span class='ocrx_word' id='word_1_167' title='bbox 2231 959 2408 997; x_wconf 89' lang='lat' dir='ltr'><strong>meum</strong></span> <span class='ocrx_word' id='word_1_168' title='bbox 2440 944 2575 996; x_wconf 87' lang='lat' dir='ltr'><strong>adeo</strong></span> <span class='ocrx_word' id='word_1_169' title='bbox 2607 944 2709 998; x_wconf 84' lang='lat' dir='ltr'><strong>sibi</strong></span> <span class='ocrx_word' id='word_1_170' title='bbox 2741 942 3077 1005; x_wconf 79' lang='lat' dir='ltr'><strong>devinxerit,</strong></span> <span class='ocrx_word' id='word_1_171' title='bbox 3117 952 3282 1015; x_wconf 90' lang='lat' dir='ltr'><strong>atque</strong></span> <span class='ocrx_word' id='word_1_172' title='bbox 3321 960 3350 997; x_wconf 91' lang='lat' dir='ltr'><strong>a</strong></span> <span class='ocrx_word' id='word_1_173' title='bbox 3394 947 3522 1014; x_wconf 87' lang='lat' dir='ltr'><strong>phi-</strong></span> 
     </span>
    </p>
   </div>
   <div class='ocr_carea' id='block_1_25' title="bbox 1946 1034 3519 1106">
    <p class='ocr_par' dir='ltr' id='par_1_25' title="bbox 1946 1034 3519 1106">
     <span class='ocr_line' id='line_1_28' title="bbox 1946 1034 3519 1106; baseline 0.001 -17"><span class='ocrx_word' id='word_1_174' title='bbox 1946 1037 2219 1106; x_wconf 64' lang='lat' dir='ltr'><strong>losophiae</strong></span> <span class='ocrx_word' id='word_1_175' title='bbox 2247 1036 2511 1106; x_wconf 81' lang='lat' dir='ltr'><strong>dignitate</strong></span> <span class='ocrx_word' id='word_1_176' title='bbox 2551 1036 2855 1102; x_wconf 88' lang='lat' dir='ltr'><strong>dejeeerit?</strong></span> <span class='ocrx_word' id='word_1_177' title='bbox 2900 1034 3165 1104; x_wconf 75' lang='lat' dir='ltr'><strong>Equidem</strong></span> <span class='ocrx_word' id='word_1_178' title='bbox 3209 1052 3317 1090; x_wconf 90' lang='lat' dir='ltr'><strong>non</strong></span> <span class='ocrx_word' id='word_1_179' title='bbox 3357 1039 3519 1090; x_wconf 90' lang='lat' dir='ltr'><strong>aliam</strong></span> 
     </span>
    </p>
   </div>
   <div class='ocr_carea' id='block_1_26' title="bbox 1955 1124 3524 1195">
    <p class='ocr_par' dir='ltr' id='par_1_26' title="bbox 1955 1124 3524 1195">
     <span class='ocr_line' id='line_1_29' title="bbox 1955 1124 3524 1195; baseline 0 -13"><span class='ocrx_word' id='word_1_180' title='bbox 1955 1128 2024 1182; x_wconf 94' lang='lat' dir='ltr'><strong>ob</strong></span> <span class='ocrx_word' id='word_1_181' title='bbox 2056 1142 2279 1181; x_wconf 83' lang='lat' dir='ltr'><strong>causam</strong></span> <span class='ocrx_word' id='word_1_182' title='bbox 2317 1127 2555 1179; x_wconf 88' lang='lat' dir='ltr'><strong>arbitror</strong></span> <span class='ocrx_word' id='word_1_183' title='bbox 2592 1124 2817 1179; x_wconf 87' lang='lat' dir='ltr'><strong>Sirenas</strong></span> <span class='ocrx_word' id='word_1_184' title='bbox 2863 1132 3145 1195; x_wconf 84' lang='lat' dir='ltr'><strong>poetarum</strong></span> <span class='ocrx_word' id='word_1_185' title='bbox 3197 1127 3412 1195; x_wconf 87' lang='lat' dir='ltr'><strong>probris</strong></span> <span class='ocrx_word' id='word_1_186' title='bbox 3458 1144 3524 1182; x_wconf 85' lang='lat' dir='ltr'><strong>ac.</strong></span> 
     </span>
    </p>
   </div>
   <div class='ocr_carea' id='block_1_27' title="bbox 1955 1216 3527 1287">
    <p class='ocr_par' dir='ltr' id='par_1_27' title="bbox 1955 1216 3527 1287">
     <span class='ocr_line' id='line_1_30' title="bbox 1955 1216 3527 1287; baseline 0.001 -17"><span class='ocrx_word' id='word_1_187' title='bbox 1955 1218 2262 1271; x_wconf 86' lang='lat' dir='ltr'><strong>maledictis</strong></span> <span class='ocrx_word' id='word_1_188' title='bbox 2289 1217 2590 1287; x_wconf 77' lang='lat' dir='ltr'><strong>exagitari,</strong></span> <span class='ocrx_word' id='word_1_189' title='bbox 2616 1232 2775 1284; x_wconf 88' lang='lat' dir='ltr'><strong>quam</strong></span> <span class='ocrx_word' id='word_1_190' title='bbox 2808 1217 2952 1285; x_wconf 91' lang='lat' dir='ltr'><strong>quod</strong></span> <span class='ocrx_word' id='word_1_191' title='bbox 2984 1216 3185 1270; x_wconf 86' lang='lat' dir='ltr'><strong>mellita</strong></span> <span class='ocrx_word' id='word_1_192' title='bbox 3219 1219 3368 1271; x_wconf 80' lang='lat' dir='ltr'><strong>vocis</strong></span> <span class='ocrx_word' id='word_1_193' title='bbox 3403 1233 3527 1272; x_wconf 87' lang='lat' dir='ltr'><strong>sua-</strong></span> 
     </span>
    </p>
   </div>
   <div class='ocr_carea' id='block_1_28' title="bbox 1954 1305 3523 1369">
    <p class='ocr_par' dir='ltr' id='par_1_28' title="bbox 1954 1305 3523 1369">
     <span class='ocr_line' id='line_1_31' title="bbox 1954 1305 3523 1369; baseline -0.001 -9"><span class='ocrx_word' id='word_1_194' title='bbox 1954 1308 2118 1361; x_wconf 84' lang='lat' dir='ltr'><strong>vitate</strong></span> <span class='ocrx_word' id='word_1_195' title='bbox 2152 1307 2429 1360; x_wconf 87' lang='lat' dir='ltr'><strong>interitum</strong></span> <span class='ocrx_word' id='word_1_196' title='bbox 2469 1306 2800 1367; x_wconf 85' lang='lat' dir='ltr'><strong>aﬁ&#39;erebant,</strong></span> <span class='ocrx_word' id='word_1_197' title='bbox 2840 1321 2964 1359; x_wconf 90' lang='lat' dir='ltr'><strong>cum</strong></span> <span class='ocrx_word' id='word_1_198' title='bbox 3012 1323 3133 1360; x_wconf 90' lang='lat' dir='ltr'><strong>eum</strong></span> <span class='ocrx_word' id='word_1_199' title='bbox 3184 1305 3523 1369; x_wconf 79' lang='lat' dir='ltr'><strong>illexissent,</strong></span> 
     </span>
    </p>
   </div>
   <div class='ocr_carea' id='block_1_29' title="bbox 1957 1398 3524 1474">
    <p class='ocr_par' dir='ltr' id='par_1_29' title="bbox 1957 1398 3524 1474">
     <span class='ocr_line' id='line_1_32' title="bbox 1957 1398 3524 1474; baseline 0.002 -24"><span class='ocrx_word' id='word_1_200' title='bbox 1957 1402 2049 1470; x_wconf 91' lang='lat' dir='ltr'><strong>qui</strong></span> <span class='ocrx_word' id='word_1_201' title='bbox 2102 1401 2168 1453; x_wconf 91' lang='lat' dir='ltr'><strong>iis</strong></span> <span class='ocrx_word' id='word_1_202' title='bbox 2220 1399 2376 1465; x_wconf 82' lang='lat' dir='ltr'><strong>ﬁdem</strong></span> <span class='ocrx_word' id='word_1_203' title='bbox 2426 1399 2731 1453; x_wconf 82' lang='lat' dir='ltr'><strong>habuisset.</strong></span> <span class='ocrx_word' id='word_1_204' title='bbox 2769 1398 2987 1474; x_wconf 77' lang='lat' dir='ltr'><strong>Memipi</strong></span> <span class='ocrx_word' id='word_1_205' title='bbox 3041 1414 3170 1452; x_wconf 89' lang='lat' dir='ltr'><strong>vero</strong></span> <span class='ocrx_word' id='word_1_206' title='bbox 3209 1415 3295 1453; x_wconf 91' lang='lat' dir='ltr'><strong>me</strong></span> <span class='ocrx_word' id='word_1_207' title='bbox 3335 1403 3524 1455; x_wconf 89' lang='lat' dir='ltr'><strong>nescio</strong></span> 
     </span>
    </p>
   </div>
   <div class='ocr_carea' id='block_1_30' title="bbox 1955 1488 3525 1560">
    <p class='ocr_par' dir='ltr' id='par_1_30' title="bbox 1955 1488 3525 1560">
     <span class='ocr_line' id='line_1_33' title="bbox 1955 1488 3525 1560; baseline 0.001 -17"><span class='ocrx_word' id='word_1_208' title='bbox 1955 1506 2113 1560; x_wconf 88' lang='lat' dir='ltr'><strong>quem</strong></span> <span class='ocrx_word' id='word_1_209' title='bbox 2144 1490 2274 1542; x_wconf 93' lang='lat' dir='ltr'><strong>olim</strong></span> <span class='ocrx_word' id='word_1_210' title='bbox 2306 1488 2496 1543; x_wconf 89' lang='lat' dir='ltr'><strong>audire</strong></span> <span class='ocrx_word' id='word_1_211' title='bbox 2523 1490 2861 1558; x_wconf 67' lang='lat' dir='ltr'><strong>Sapientem,</strong></span> <span class='ocrx_word' id='word_1_212' title='bbox 2892 1489 2984 1558; x_wconf 88' lang='lat' dir='ltr'><strong>qui</strong></span> <span class='ocrx_word' id='word_1_213' title='bbox 3020 1490 3100 1543; x_wconf 90' lang='lat' dir='ltr'><strong>sic</strong></span> <span class='ocrx_word' id='word_1_214' title='bbox 3130 1488 3329 1543; x_wconf 81' lang='lat' dir='ltr'><strong>fabulae</strong></span> <span class='ocrx_word' id='word_1_215' title='bbox 3360 1490 3525 1545; x_wconf 88' lang='lat' dir='ltr'><strong>istius</strong></span> 
     </span>
    </p>
   </div>
   <div class='ocr_carea' id='block_1_31' title="bbox 1958 1580 3526 1651">
    <p class='ocr_par' dir='ltr' id='par_1_31' title="bbox 1958 1580 3526 1651">
     <span class='ocr_line' id='line_1_34' title="bbox 1958 1580 3526 1651; baseline 0.001 -17"><span class='ocrx_word' id='word_1_216' title='bbox 1958 1582 2266 1651; x_wconf 79' lang='lat' dir='ltr'><strong>allegoriam</strong></span> <span class='ocrx_word' id='word_1_217' title='bbox 2300 1591 2608 1635; x_wconf 73' lang='lat' dir='ltr'><strong>enarraret.</strong></span> <span class='ocrx_word' id='word_1_218' title='bbox 2654 1580 2868 1633; x_wconf 81' lang='lat' dir='ltr'><strong>Etenim</strong></span> <span class='ocrx_word' id='word_1_219' title='bbox 2903 1580 3128 1635; x_wconf 84' lang='lat' dir='ltr'><strong>Sirenas</strong></span> <span class='ocrx_word' id='word_1_220' title='bbox 3161 1582 3343 1636; x_wconf 80' lang='lat' dir='ltr'><strong>aiebat</strong></span> <span class='ocrx_word' id='word_1_221' title='bbox 3371 1582 3526 1636; x_wconf 89' lang='lat' dir='ltr'><strong>volu-</strong></span> 
     </span>
    </p>
   </div>
   <div class='ocr_carea' id='block_1_32' title="bbox 1958 1672 3525 1743">
    <p class='ocr_par' dir='ltr' id='par_1_32' title="bbox 1958 1672 3525 1743">
     <span class='ocr_line' id='line_1_35' title="bbox 1958 1672 3525 1743; baseline 0 -16"><span class='ocrx_word' id='word_1_222' title='bbox 1958 1684 2136 1743; x_wconf 90' lang='lat' dir='ltr'><strong>ptates</strong></span> <span class='ocrx_word' id='word_1_223' title='bbox 2164 1673 2288 1728; x_wconf 84' lang='lat' dir='ltr'><strong>illas</strong></span> <span class='ocrx_word' id='word_1_224' title='bbox 2316 1675 2652 1743; x_wconf 77' lang='lat' dir='ltr'><strong>signiﬁcare,</strong></span> <span class='ocrx_word' id='word_1_225' title='bbox 2698 1674 2898 1742; x_wconf 86' lang='lat' dir='ltr'><strong>quibus</strong></span> <span class='ocrx_word' id='word_1_226' title='bbox 2939 1672 3209 1739; x_wconf 76' lang='lat' dir='ltr'><strong>fruimur;</strong></span> <span class='ocrx_word' id='word_1_227' title='bbox 3244 1689 3364 1743; x_wconf 71' lang='lat' dir='ltr'><strong>qua:</strong></span> <span class='ocrx_word' id='word_1_228' title='bbox 3394 1688 3525 1728; x_wconf 88' lang='lat' dir='ltr'><strong>suc—</strong></span> 
     </span>
    </p>
   </div>
   <div class='ocr_carea' id='block_1_33' title="bbox 275 1758 1860 1860">
    <p class='ocr_par' dir='ltr' id='par_1_33' title="bbox 275 1758 1850 1860">
     <span class='ocr_line' id='line_1_36' title="bbox 275 1758 1850 1860; baseline -0.014 -16"><span class='ocrx_word' id='word_1_229' title='bbox 275 1792 341 1844; x_wconf 84' lang='grc' dir='ltr'><strong>τὸ</strong></span> <span class='ocrx_word' id='word_1_230' title='bbox 366 1758 620 1860; x_wconf 58' lang='grc' dir='ltr'>έμίῖριθὲς</span> <span class='ocrx_word' id='word_1_231' title='bbox 642 1787 817 1855; x_wconf 73' lang='grc' dir='ltr'>ἀφεὶς,</span> <span class='ocrx_word' id='word_1_232' title='bbox 848 1784 967 1846; x_wconf 84' lang='grc' dir='ltr'>ὅλος</span> <span class='ocrx_word' id='word_1_233' title='bbox 1009 1776 1390 1851; x_wconf 77' lang='grc' dir='ltr'>Ἐρκουλιανοῦ</span> <span class='ocrx_word' id='word_1_234' title='bbox 1418 1776 1616 1844; x_wconf 79' lang='grc' dir='ltr'>γέγονα</span> <span class='ocrx_word' id='word_1_235' title='bbox 1649 1790 1663 1839; x_wconf 88' lang='grc'>;</span> <span class='ocrx_word' id='word_1_236' title='bbox 1692 1772 1850 1841; x_wconf 78' lang='grc' dir='ltr'>Μάρ-</span> 
     </span>
    </p>
   </div>
   <div class='ocr_carea' id='block_1_34' title="bbox 1960 1758 3526 1860">
    <p class='ocr_par' dir='ltr' id='par_1_34' title="bbox 1960 1765 3526 1836">
     <span class='ocr_line' id='line_1_37' title="bbox 1960 1765 3526 1836; baseline 0.002 -18"><span class='ocrx_word' id='word_1_237' title='bbox 1960 1766 2304 1830; x_wconf 75' lang='lat' dir='ltr'><strong>cuiubentes,</strong></span> <span class='ocrx_word' id='word_1_238' title='bbox 2334 1774 2495 1833; x_wconf 86' lang='lat' dir='ltr'><strong>atque</strong></span> <span class='ocrx_word' id='word_1_239' title='bbox 2531 1780 2721 1819; x_wconf 84' lang='lat' dir='ltr'><strong>earum</strong></span> <span class='ocrx_word' id='word_1_240' title='bbox 2762 1766 3047 1820; x_wconf 80' lang='lat' dir='ltr'><strong>blanditiis</strong></span> <span class='ocrx_word' id='word_1_241' title='bbox 3082 1765 3344 1821; x_wconf 88' lang='lat' dir='ltr'><strong>delinitos</strong></span> <span class='ocrx_word' id='word_1_242' title='bbox 3392 1782 3526 1836; x_wconf 86' lang='lat' dir='ltr'><strong>pau-</strong></span> 
     </span>
    </p>
   </div>
   <div class='ocr_carea' id='block_1_35' title="bbox 273 1862 1854 1948">
    <p class='ocr_par' dir='ltr' id='par_1_35' title="bbox 273 1862 1854 1948">
     <span class='ocr_line' id='line_1_38' title="bbox 273 1862 1854 1948; baseline -0.013 -14"><span class='ocrx_word' id='word_1_243' title='bbox 273 1899 376 1946; x_wconf 84' lang='grc' dir='ltr'><strong>τυς</strong></span> <span class='ocrx_word' id='word_1_244' title='bbox 396 1882 543 1944; x_wconf 88' lang='grc' dir='ltr'>Θεὸς,</span> <span class='ocrx_word' id='word_1_245' title='bbox 563 1881 622 1932; x_wconf 77' lang='grc' dir='ltr'><strong>οὐ</strong></span> <span class='ocrx_word' id='word_1_246' title='bbox 647 1879 796 1948; x_wconf 81' lang='grc' dir='ltr'>νόμῳ</span> <span class='ocrx_word' id='word_1_247' title='bbox 818 1876 911 1930; x_wconf 76' lang='grc' dir='ltr'>τοῦ</span> <span class='ocrx_word' id='word_1_248' title='bbox 945 1864 1203 1946; x_wconf 84' lang='grc' dir='ltr'>γράφειν,</span> <span class='ocrx_word' id='word_1_249' title='bbox 1240 1870 1353 1923; x_wconf 84' lang='grc' dir='ltr'>ἀντ’</span> <span class='ocrx_word' id='word_1_250' title='bbox 1383 1868 1541 1922; x_wconf 84' lang='grc' dir='ltr'>ἄλλου</span> <span class='ocrx_word' id='word_1_251' title='bbox 1572 1867 1697 1928; x_wconf 81' lang='grc' dir='ltr'>τοὺς</span> <span class='ocrx_word' id='word_1_252' title='bbox 1729 1862 1854 1933; x_wconf 75' lang='grc' dir='ltr'>περὶ</span> 
     </span>
    </p>
   </div>
   <div class='ocr_carea' id='block_1_36' title="bbox 275 1958 1854 2040">
    <p class='ocr_par' dir='ltr' id='par_1_36' title="bbox 275 1958 1854 2040">
     <span class='ocr_line' id='line_1_39' title="bbox 275 1958 1854 2040; baseline -0.013 -14"><span class='ocrx_word' id='word_1_253' title='bbox 275 1972 472 2025; x_wconf 81' lang='grc' dir='ltr'>τούτου</span> <span class='ocrx_word' id='word_1_254' title='bbox 512 1970 813 2040; x_wconf 83' lang='grc' dir='ltr'>πεποίημαι</span> <span class='ocrx_word' id='word_1_255' title='bbox 856 1968 1067 2034; x_wconf 81' lang='grc' dir='ltr'>λόγους,</span> <span class='ocrx_word' id='word_1_256' title='bbox 1100 1965 1165 2016; x_wconf 80' lang='grc' dir='ltr'>ἵν’</span> <span class='ocrx_word' id='word_1_257' title='bbox 1216 1962 1470 2015; x_wconf 80' lang='grc' dir='ltr'>ὑπόθεσιν</span> <span class='ocrx_word' id='word_1_258' title='bbox 1516 1958 1623 2027; x_wconf 76' lang='grc' dir='ltr'>ἔχω</span> <span class='ocrx_word' id='word_1_259' title='bbox 1670 1972 1854 2025; x_wconf 80' lang='grc' dir='ltr'>γραμ-</span> 
     </span>
    </p>
   </div>
   <div class='ocr_carea' id='block_1_37' title="bbox 284 2050 1857 2135">
    <p class='ocr_par' dir='ltr' id='par_1_37' title="bbox 284 2050 1857 2135">
     <span class='ocr_line' id='line_1_40' title="bbox 284 2050 1857 2135; baseline -0.012 -18"><span class='ocrx_word' id='word_1_260' title='bbox 284 2066 492 2135; x_wconf 86' lang='grc' dir='ltr'>μάτων,</span> <span class='ocrx_word' id='word_1_261' title='bbox 530 2059 691 2114; x_wconf 78' lang='grc' dir='ltr'>Ἀλλά</span> <span class='ocrx_word' id='word_1_262' title='bbox 717 2059 824 2111; x_wconf 83' lang='grc' dir='ltr'><strong>τῶν</strong></span> <span class='ocrx_word' id='word_1_263' title='bbox 871 2058 997 2129; x_wconf 81' lang='grc' dir='ltr'>παρ’</span> <span class='ocrx_word' id='word_1_264' title='bbox 1031 2054 1350 2126; x_wconf 82' lang='grc' dir='ltr'>Οὐρσικίνου</span> <span class='ocrx_word' id='word_1_265' title='bbox 1372 2051 1623 2104; x_wconf 82' lang='grc' dir='ltr'>δοθεισῶν</span> <span class='ocrx_word' id='word_1_266' title='bbox 1648 2050 1857 2100; x_wconf 74' lang='grc' dir='ltr'>ἐπιστο-</span> 
     </span>
    </p>
   </div>
   <div class='ocr_carea' id='block_1_38' title="bbox 278 2134 1856 2223">
    <p class='ocr_par' dir='ltr' id='par_1_38' title="bbox 278 2134 1856 2223">
     <span class='ocr_line' id='line_1_41' title="bbox 278 2134 1856 2223; baseline -0.011 -17"><span class='ocrx_word' id='word_1_267' title='bbox 278 2154 391 2206; x_wconf 83' lang='grc' dir='ltr'><strong>λῶν</strong></span> <span class='ocrx_word' id='word_1_268' title='bbox 416 2169 429 2181; x_wconf 88' lang='grc'>·</span> <span class='ocrx_word' id='word_1_269' title='bbox 458 2148 597 2223; x_wconf 80' lang='grc' dir='ltr'>ἦσαν</span> <span class='ocrx_word' id='word_1_270' title='bbox 617 2150 673 2202; x_wconf 83' lang='grc' dir='ltr'>δὲ</span> <span class='ocrx_word' id='word_1_271' title='bbox 708 2151 853 2220; x_wconf 83' lang='grc' dir='ltr'>τρεῖς</span> <span class='ocrx_word' id='word_1_272' title='bbox 873 2162 886 2175; x_wconf 85' lang='grc'><em>’</em></span> <span class='ocrx_word' id='word_1_273' title='bbox 917 2148 950 2216; x_wconf 86' lang='grc' dir='ltr'>ἡ</span> <span class='ocrx_word' id='word_1_274' title='bbox 976 2145 1113 2214; x_wconf 89' lang='grc' dir='ltr'>μέση</span> <span class='ocrx_word' id='word_1_275' title='bbox 1137 2142 1278 2194; x_wconf 84' lang='grc' dir='ltr'><strong>κατά</strong></span> <span class='ocrx_word' id='word_1_276' title='bbox 1308 2141 1367 2193; x_wconf 89' lang='grc' dir='ltr'><strong>τὸ</strong></span> <span class='ocrx_word' id='word_1_277' title='bbox 1409 2139 1633 2208; x_wconf 83' lang='grc' dir='ltr'>μέγεθος</span> <span class='ocrx_word' id='word_1_278' title='bbox 1668 2134 1856 2206; x_wconf 75' lang='grc' dir='ltr'>ἕμϐιόν</span> 
     </span>
    </p>
   </div>
   <div class='ocr_carea' id='block_1_39' title="bbox 280 2231 1857 2315">
    <p class='ocr_par' dir='ltr' id='par_1_39' title="bbox 280 2231 1857 2315">
     <span class='ocr_line' id='line_1_42' title="bbox 280 2231 1857 2315; baseline -0.012 -16"><span class='ocrx_word' id='word_1_279' title='bbox 280 2265 337 2299; x_wconf 83' lang='grc' dir='ltr'><strong>τι</strong></span> <span class='ocrx_word' id='word_1_280' title='bbox 373 2244 547 2315; x_wconf 73' lang='grc' dir='ltr'>ψυχῆς</span> <span class='ocrx_word' id='word_1_281' title='bbox 576 2242 747 2304; x_wconf 83' lang='grc' dir='ltr'>πάθος</span> <span class='ocrx_word' id='word_1_282' title='bbox 788 2237 1039 2302; x_wconf 75' lang='grc' dir='ltr'>ἐνέσταξε</span> <span class='ocrx_word' id='word_1_283' title='bbox 1081 2254 1168 2306; x_wconf 88' lang='grc' dir='ltr'><strong>μοι</strong></span> <span class='ocrx_word' id='word_1_284' title='bbox 1203 2235 1509 2304; x_wconf 77' lang='grc' dir='ltr'>κομίσασαο</span> <span class='ocrx_word' id='word_1_285' title='bbox 1545 2231 1641 2283; x_wconf 71' lang='grc' dir='ltr'>καὶ</span> <span class='ocrx_word' id='word_1_286' title='bbox 1659 2232 1857 2298; x_wconf 83' lang='grc' dir='ltr'>γέγονα</span> 
     </span>
    </p>
   </div>
   <div class='ocr_carea' id='block_1_40' title="bbox 280 2321 1854 2409">
    <p class='ocr_par' dir='ltr' id='par_1_40' title="bbox 280 2321 1854 2409">
     <span class='ocr_line' id='line_1_43' title="bbox 280 2321 1854 2409; baseline -0.012 -19"><span class='ocrx_word' id='word_1_287' title='bbox 280 2340 384 2409; x_wconf 85' lang='grc' dir='ltr'><strong>τῆς</strong></span> <span class='ocrx_word' id='word_1_288' title='bbox 414 2339 469 2389; x_wconf 81' lang='grc' dir='ltr'><strong>ὲν</strong></span> <span class='ocrx_word' id='word_1_289' title='bbox 514 2337 627 2398; x_wconf 86' lang='grc' dir='ltr'>τοῖς</span> <span class='ocrx_word' id='word_1_290' title='bbox 672 2333 965 2405; x_wconf 86' lang='grc' dir='ltr'>γράμμασι</span> <span class='ocrx_word' id='word_1_291' title='bbox 1019 2328 1309 2389; x_wconf 87' lang='grc' dir='ltr'>κολακείας</span> <span class='ocrx_word' id='word_1_292' title='bbox 1363 2326 1541 2395; x_wconf 76' lang='grc' dir='ltr'>ἥττων</span> <span class='ocrx_word' id='word_1_293' title='bbox 1584 2321 1854 2384; x_wconf 78' lang='grc' dir='ltr'>τοσοῦτον,</span> 
     </span>
    </p>
   </div>
   <div class='ocr_carea' id='block_1_41' title="bbox 283 2412 1859 2497">
    <p class='ocr_par' dir='ltr' id='par_1_41' title="bbox 283 2412 1859 2497">
     <span class='ocr_line' id='line_1_44' title="bbox 283 2412 1859 2497; baseline -0.012 -14"><span class='ocrx_word' id='word_1_294' title='bbox 283 2431 409 2483; x_wconf 79' lang='grc' dir='ltr'>ὅσον</span> <span class='ocrx_word' id='word_1_295' title='bbox 438 2426 805 2497; x_wconf 73' lang='grc' dir='ltr'>αἰσχύνεσθαι.</span> <span class='ocrx_word' id='word_1_296' title='bbox 852 2424 955 2476; x_wconf 88' lang='grc' dir='ltr'>Τὸν</span> <span class='ocrx_word' id='word_1_297' title='bbox 990 2412 1213 2490; x_wconf 85' lang='grc' dir='ltr'>ἀδελφὸν</span> <span class='ocrx_word' id='word_1_298' title='bbox 1264 2420 1443 2486; x_wconf 71' lang='grc' dir='ltr'>Κῦρον</span> <span class='ocrx_word' id='word_1_299' title='bbox 1476 2414 1586 2484; x_wconf 82' lang='lat'><strong>(86)</strong></span> <span class='ocrx_word' id='word_1_300' title='bbox 1632 2414 1737 2467; x_wconf 81' lang='grc' dir='ltr'>ἔδει</span> <span class='ocrx_word' id='word_1_301' title='bbox 1765 2429 1859 2465; x_wconf 85' lang='grc' dir='ltr'>κο-</span> 
     </span>
    </p>
   </div>
   <div class='ocr_carea' id='block_1_42' title="bbox 290 2502 1861 2592">
    <p class='ocr_par' dir='ltr' id='par_1_42' title="bbox 290 2502 1861 2592">
     <span class='ocr_line' id='line_1_45' title="bbox 290 2502 1861 2592; baseline -0.012 -19"><span class='ocrx_word' id='word_1_302' title='bbox 290 2521 552 2592; x_wconf 77' lang='grc' dir='ltr'>μίσασθαι</span> <span class='ocrx_word' id='word_1_303' title='bbox 581 2516 730 2588; x_wconf 88' lang='grc' dir='ltr'><strong>παρά</strong></span> <span class='ocrx_word' id='word_1_304' title='bbox 773 2515 864 2568; x_wconf 78' lang='grc' dir='ltr'>σοῦ</span> <span class='ocrx_word' id='word_1_305' title='bbox 892 2514 1193 2585; x_wconf 84' lang='grc' dir='ltr'>γράμματα</span> <span class='ocrx_word' id='word_1_306' title='bbox 1217 2508 1343 2581; x_wconf 70' lang='grc' dir='ltr'>περὶ</span> <span class='ocrx_word' id='word_1_307' title='bbox 1367 2502 1440 2562; x_wconf 78' lang='grc' dir='ltr'>ὧν</span> <span class='ocrx_word' id='word_1_308' title='bbox 1464 2502 1861 2577; x_wconf 74' lang='grc' dir='ltr'>ὲδήλωσας,διά</span> 
     </span>
    </p>
   </div>
   <div class='ocr_carea' id='block_1_43' title="bbox 284 2596 1859 2675">
    <p class='ocr_par' dir='ltr' id='par_1_43' title="bbox 284 2596 1859 2675">
     <span class='ocr_line' id='line_1_46' title="bbox 284 2596 1859 2675; baseline -0.011 -11"><span class='ocrx_word' id='word_1_309' title='bbox 284 2612 378 2664; x_wconf 88' lang='grc' dir='ltr'><strong>τὸν</strong></span> <span class='ocrx_word' id='word_1_310' title='bbox 426 2612 491 2662; x_wconf 81' lang='grc' dir='ltr'><strong>ἐκ</strong></span> <span class='ocrx_word' id='word_1_311' title='bbox 537 2607 921 2669; x_wconf 81' lang='grc' dir='ltr'>Πενταπόλεως</span> <span class='ocrx_word' id='word_1_312' title='bbox 953 2606 1186 2675; x_wconf 85' lang='grc' dir='ltr'>κόμητα.</span> <span class='ocrx_word' id='word_1_313' title='bbox 1221 2602 1331 2655; x_wconf 77' lang='grc' dir='ltr'><strong>Καὶ</strong></span> <span class='ocrx_word' id='word_1_314' title='bbox 1364 2601 1520 2670; x_wconf 83' lang='grc' dir='ltr'>χάριν</span> <span class='ocrx_word' id='word_1_315' title='bbox 1559 2597 1657 2668; x_wconf 84' lang='grc' dir='ltr'><strong>μὲν</strong></span> <span class='ocrx_word' id='word_1_316' title='bbox 1705 2596 1859 2665; x_wconf 77' lang='grc' dir='ltr'>ἔσχον</span> 
     </span>
    </p>
   </div>
   <div class='ocr_carea' id='block_1_44' title="bbox 284 2687 1859 2775">
    <p class='ocr_par' dir='ltr' id='par_1_44' title="bbox 284 2687 1859 2775">
     <span class='ocr_line' id='line_1_47' title="bbox 284 2687 1859 2775; baseline -0.013 -17"><span class='ocrx_word' id='word_1_317' title='bbox 284 2707 354 2775; x_wconf 79' lang='grc' dir='ltr'>τῇ</span> <span class='ocrx_word' id='word_1_318' title='bbox 404 2701 718 2774; x_wconf 76' lang='grc' dir='ltr'>προαιρέσει</span> <span class='ocrx_word' id='word_1_319' title='bbox 761 2698 855 2752; x_wconf 81' lang='grc' dir='ltr'>τοῦ</span> <span class='ocrx_word' id='word_1_320' title='bbox 910 2697 1274 2766; x_wconf 81' lang='grc' dir='ltr'>συστήσαντος</span> <span class='ocrx_word' id='word_1_321' title='bbox 1307 2711 1321 2725; x_wconf 68' lang='grc' dir='ltr'><strong>ι</strong></span> <span class='ocrx_word' id='word_1_322' title='bbox 1353 2690 1614 2745; x_wconf 76' lang='grc' dir='ltr'>ἐπελάθου</span> <span class='ocrx_word' id='word_1_323' title='bbox 1667 2688 1723 2741; x_wconf 82' lang='grc' dir='ltr'><strong>δὲ</strong></span> <span class='ocrx_word' id='word_1_324' title='bbox 1779 2687 1859 2739; x_wconf 81' lang='grc' dir='ltr'>ὅτι</span> 
     </span>
    </p>
   </div>
   <div class='ocr_carea' id='block_1_45' title="bbox 288 2778 1860 2865">
    <p class='ocr_par' dir='ltr' id='par_1_45' title="bbox 288 2778 1860 2865">
     <span class='ocr_line' id='line_1_48' title="bbox 288 2778 1860 2865; baseline -0.013 -16"><span class='ocrx_word' id='word_1_325' title='bbox 288 2797 593 2865; x_wconf 71' lang='grc' dir='ltr'>φιλοσοφεῖν</span> <span class='ocrx_word' id='word_1_326' title='bbox 648 2792 946 2863; x_wconf 86' lang='grc' dir='ltr'>πειρῶμαι,</span> <span class='ocrx_word' id='word_1_327' title='bbox 1003 2789 1098 2842; x_wconf 78' lang='grc' dir='ltr'><strong>καὶ</strong></span> <span class='ocrx_word' id='word_1_328' title='bbox 1149 2786 1341 2857; x_wconf 77' lang='grc' dir='ltr'>μικρὸν</span> <span class='ocrx_word' id='word_1_329' title='bbox 1395 2784 1637 2852; x_wconf 78' lang='grc' dir='ltr'>ἡγοῦμαι</span> <span class='ocrx_word' id='word_1_330' title='bbox 1693 2778 1860 2849; x_wconf 82' lang='grc' dir='ltr'>τιμὴν</span> 
     </span>
    </p>
   </div>
   <div class='ocr_carea' id='block_1_46' title="bbox 294 2866 1862 2955">
    <p class='ocr_par' dir='ltr' id='par_1_46' title="bbox 294 2866 1862 2955">
     <span class='ocr_line' id='line_1_49' title="bbox 294 2866 1862 2955; baseline -0.011 -16"><span class='ocrx_word' id='word_1_331' title='bbox 294 2887 530 2946; x_wconf 79' lang='grc' dir='ltr'>ἃπασαν,</span> <span class='ocrx_word' id='word_1_332' title='bbox 558 2885 604 2936; x_wconf 85' lang='grc' dir='ltr'>εἰ</span> <span class='ocrx_word' id='word_1_333' title='bbox 638 2882 711 2955; x_wconf 74' lang='grc' dir='ltr'>μὴ</span> <span class='ocrx_word' id='word_1_334' title='bbox 751 2882 841 2935; x_wconf 74' lang='grc' dir='ltr'><strong>ἐπὶ</strong></span> <span class='ocrx_word' id='word_1_335' title='bbox 863 2878 1146 2950; x_wconf 77' lang='grc' dir='ltr'>φιλοσοφίᾳ</span> <span class='ocrx_word' id='word_1_336' title='bbox 1180 2878 1407 2946; x_wconf 85' lang='grc' dir='ltr'>γένοιτο.</span> <span class='ocrx_word' id='word_1_337' title='bbox 1432 2874 1630 2941; x_wconf 76' lang='grc' dir='ltr'>Δέομαί</span> <span class='ocrx_word' id='word_1_338' title='bbox 1656 2866 1747 2923; x_wconf 78' lang='grc' dir='ltr'>οὖν</span> <span class='ocrx_word' id='word_1_339' title='bbox 1775 2870 1862 2922; x_wconf 82' lang='grc' dir='ltr'><strong>διὰ</strong></span> 
     </span>
    </p>
   </div>
   <div class='ocr_carea' id='block_1_47' title="bbox 288 2960 1858 3042">
    <p class='ocr_par' dir='ltr' id='par_1_47' title="bbox 288 2960 1858 3042">
     <span class='ocr_line' id='line_1_50' title="bbox 288 2960 1858 3042; baseline -0.011 -12"><span class='ocrx_word' id='word_1_340' title='bbox 288 2978 382 3030; x_wconf 85' lang='grc' dir='ltr'><strong>τὸν</strong></span> <span class='ocrx_word' id='word_1_341' title='bbox 433 2977 561 3031; x_wconf 88' lang='grc' dir='ltr'>Θεὸν</span> <span class='ocrx_word' id='word_1_342' title='bbox 603 2976 772 3030; x_wconf 79' lang='grc' dir='ltr'>οὐδέν.</span> <span class='ocrx_word' id='word_1_343' title='bbox 810 2973 947 3027; x_wconf 72' lang='grc' dir='ltr'>Οὒτε</span> <span class='ocrx_word' id='word_1_344' title='bbox 990 2972 1098 3042; x_wconf 75' lang='grc' dir='ltr'>γὰρ</span> <span class='ocrx_word' id='word_1_345' title='bbox 1127 2968 1450 3038; x_wconf 82' lang='grc' dir='ltr'>ἀδικοῦμεν,</span> <span class='ocrx_word' id='word_1_346' title='bbox 1493 2965 1614 3017; x_wconf 74' lang='grc' dir='ltr'>οὔτε</span> <span class='ocrx_word' id='word_1_347' title='bbox 1644 2960 1858 3016; x_wconf 79' lang='grc' dir='ltr'>ἀδικού·</span> 
     </span>
    </p>
   </div>
   <div class='ocr_carea' id='block_1_48' title="bbox 295 3053 1929 3148">
    <p class='ocr_par' dir='ltr' id='par_1_48' title="bbox 295 3053 1929 3148">
     <span class='ocr_line' id='line_1_51' title="bbox 295 3053 1929 3148; baseline -0.013 -25"><span class='ocrx_word' id='word_1_348' title='bbox 295 3069 455 3139; x_wconf 88' lang='grc' dir='ltr'>μεθα.</span> <span class='ocrx_word' id='word_1_349' title='bbox 485 3069 558 3121; x_wconf 88' lang='grc' dir='ltr'>Τὸ</span> <span class='ocrx_word' id='word_1_350' title='bbox 580 3068 644 3138; x_wconf 82' lang='grc' dir='ltr'><strong>δὴ</strong></span> <span class='ocrx_word' id='word_1_351' title='bbox 672 3065 929 3128; x_wconf 70' lang='grc' dir='ltr'>τοιοῦτον,</span> <span class='ocrx_word' id='word_1_352' title='bbox 963 3064 1154 3131; x_wconf 85' lang='grc' dir='ltr'>ἐκείνῳ</span> <span class='ocrx_word' id='word_1_353' title='bbox 1181 3059 1278 3125; x_wconf 85' lang='grc' dir='ltr'><strong>μὲν</strong></span> <span class='ocrx_word' id='word_1_354' title='bbox 1310 3057 1449 3127; x_wconf 78' lang='grc' dir='ltr'>ὑπὲρ</span> <span class='ocrx_word' id='word_1_355' title='bbox 1472 3055 1626 3126; x_wconf 77' lang='grc' dir='ltr'>ἡμῶν</span> <span class='ocrx_word' id='word_1_356' title='bbox 1655 3053 1859 3123; x_wconf 71' lang='grc' dir='ltr'>ἔπρεπε</span> <span class='ocrx_word' id='word_1_357' title='bbox 1889 3091 1929 3148; x_wconf 74' lang='lat' dir='ltr'><strong><em>C</em></strong></span> 
     </span>
    </p>
   </div>
   <div class='ocr_carea' id='block_1_49' title="bbox 294 3143 1861 3229">
    <p class='ocr_par' dir='ltr' id='par_1_49' title="bbox 294 3143 1861 3229">
     <span class='ocr_line' id='line_1_52' title="bbox 294 3143 1861 3229; baseline -0.012 -15"><span class='ocrx_word' id='word_1_358' title='bbox 294 3163 467 3214; x_wconf 84' lang='grc' dir='ltr'>ποιεῖν</span> <span class='ocrx_word' id='word_1_359' title='bbox 491 3177 505 3191; x_wconf 93' lang='grc'><strong>·</strong></span> <span class='ocrx_word' id='word_1_360' title='bbox 540 3162 668 3229; x_wconf 80' lang='grc' dir='ltr'>ἡμῖν</span> <span class='ocrx_word' id='word_1_361' title='bbox 715 3158 769 3211; x_wconf 81' lang='grc' dir='ltr'>δὲ</span> <span class='ocrx_word' id='word_1_362' title='bbox 807 3158 994 3219; x_wconf 83' lang='grc' dir='ltr'>αἰτεῖν,</span> <span class='ocrx_word' id='word_1_363' title='bbox 1024 3155 1082 3207; x_wconf 77' lang='grc' dir='ltr'><strong>οὐ</strong></span> <span class='ocrx_word' id='word_1_364' title='bbox 1130 3151 1357 3222; x_wconf 87' lang='grc' dir='ltr'>πρέπον.</span> <span class='ocrx_word' id='word_1_365' title='bbox 1388 3150 1450 3201; x_wconf 76' lang='lat' dir='ltr'><strong>Ei</strong></span> <span class='ocrx_word' id='word_1_366' title='bbox 1488 3147 1594 3217; x_wconf 81' lang='grc' dir='ltr'>γὰρ</span> <span class='ocrx_word' id='word_1_367' title='bbox 1626 3146 1731 3198; x_wconf 75' lang='grc' dir='ltr'>ἔδει</span> <span class='ocrx_word' id='word_1_368' title='bbox 1765 3143 1861 3214; x_wconf 78' lang='grc' dir='ltr'><strong>ζη-</strong></span> 
     </span>
    </p>
   </div>
   <div class='ocr_carea' id='block_1_50' title="bbox 290 3238 1861 3316">
    <p class='ocr_par' dir='ltr' id='par_1_50' title="bbox 290 3238 1861 3316">
     <span class='ocr_line' id='line_1_53' title="bbox 290 3238 1861 3316; baseline -0.011 -10"><span class='ocrx_word' id='word_1_369' title='bbox 290 3255 405 3306; x_wconf 87' lang='grc' dir='ltr'>τεῖν</span> <span class='ocrx_word' id='word_1_370' title='bbox 450 3250 753 3313; x_wconf 79' lang='grc' dir='ltr'>ἐπιστολὰς,</span> <span class='ocrx_word' id='word_1_371' title='bbox 779 3250 948 3303; x_wconf 83' lang='grc' dir='ltr'>αἰτεῖν</span> <span class='ocrx_word' id='word_1_372' title='bbox 979 3246 1083 3298; x_wconf 72' lang='grc' dir='ltr'>ἔδει</span> <span class='ocrx_word' id='word_1_373' title='bbox 1117 3244 1251 3316; x_wconf 86' lang='grc' dir='ltr'>πρὸς</span> <span class='ocrx_word' id='word_1_374' title='bbox 1284 3243 1383 3313; x_wconf 74' lang='grc' dir='ltr'>ἐμὲ</span> <span class='ocrx_word' id='word_1_375' title='bbox 1411 3239 1693 3309; x_wconf 81' lang='grc' dir='ltr'>γενέσθαι·</span> <span class='ocrx_word' id='word_1_376' title='bbox 1720 3238 1861 3290; x_wconf 73' lang='grc' dir='ltr'>οὕτω</span> 
     </span>
    </p>
   </div>
   <div class='ocr_carea' id='block_1_51' title="bbox 292 3331 1861 3414">
    <p class='ocr_par' dir='ltr' id='par_1_51' title="bbox 292 3331 1861 3414">
     <span class='ocr_line' id='line_1_54' title="bbox 292 3331 1861 3414; baseline -0.011 -16"><span class='ocrx_word' id='word_1_377' title='bbox 292 3344 402 3414; x_wconf 83' lang='grc' dir='ltr'>γὰρ</span> <span class='ocrx_word' id='word_1_378' title='bbox 433 3342 499 3396; x_wconf 85' lang='grc' dir='ltr'><strong>ἂν</strong></span> <span class='ocrx_word' id='word_1_379' title='bbox 533 3341 793 3411; x_wconf 73' lang='grc' dir='ltr'>ἐτιμήθην</span> <span class='ocrx_word' id='word_1_380' title='bbox 818 3356 831 3369; x_wconf 84' lang='grc'><em>’</em></span> <span class='ocrx_word' id='word_1_381' title='bbox 854 3340 949 3408; x_wconf 77' lang='grc' dir='ltr'><strong>οὐχ</strong></span> <span class='ocrx_word' id='word_1_382' title='bbox 971 3337 1111 3407; x_wconf 78' lang='grc' dir='ltr'>ὑπὲρ</span> <span class='ocrx_word' id='word_1_383' title='bbox 1140 3335 1296 3405; x_wconf 83' lang='grc' dir='ltr'>ἡμῶν</span> <span class='ocrx_word' id='word_1_384' title='bbox 1330 3333 1463 3404; x_wconf 85' lang='grc' dir='ltr'>πρὸς</span> <span class='ocrx_word' id='word_1_385' title='bbox 1486 3333 1692 3414; x_wconf 38' lang='grc' dir='ltr'>ἕτερον..</span> <span class='ocrx_word' id='word_1_386' title='bbox 1740 3331 1861 3398; x_wconf 71' lang='grc' dir='ltr'><strong>Ἐρ-</strong></span> 
     </span>
    </p>
   </div>
   <div class='ocr_carea' id='block_1_52' title="bbox 298 3408 1859 3505">
    <p class='ocr_par' dir='ltr' id='par_1_52' title="bbox 298 3408 1859 3505">
     <span class='ocr_line' id='line_1_55' title="bbox 298 3408 1859 3505; baseline -0.01 -18"><span class='ocrx_word' id='word_1_387' title='bbox 298 3408 538 3505; x_wconf 61' lang='grc' dir='ltr'>ρωμένος</span> <span class='ocrx_word' id='word_1_388' title='bbox 590 3408 838 3502; x_wconf 69' lang='grc' dir='ltr'>εθθυμῶν</span> <span class='ocrx_word' id='word_1_389' title='bbox 871 3429 1127 3499; x_wconf 79' lang='grc' dir='ltr'>διαὸιῴης</span> <span class='ocrx_word' id='word_1_390' title='bbox 1152 3470 1166 3492; x_wconf 89' lang='grc'><strong>,</strong></span> <span class='ocrx_word' id='word_1_391' title='bbox 1198 3424 1513 3492; x_wconf 84' lang='grc' dir='ltr'>φιλοσοφίαν</span> <span class='ocrx_word' id='word_1_392' title='bbox 1547 3408 1859 3475; x_wconf 66' lang='grc' dir='ltr'>ἀδολωτατα</span> 
     </span>
    </p>
   </div>
   <div class='ocr_carea' id='block_1_53' title="bbox 300 3510 1863 3595">
    <p class='ocr_par' dir='ltr' id='par_1_53' title="bbox 300 3510 1863 3595">
     <span class='ocr_line' id='line_1_56' title="bbox 300 3510 1863 3595; baseline -0.01 -17"><span class='ocrx_word' id='word_1_393' title='bbox 300 3524 517 3595; x_wconf 85' lang='grc' dir='ltr'>μετιών.</span> <span class='ocrx_word' id='word_1_394' title='bbox 555 3524 710 3576; x_wconf 80' lang='grc' dir='ltr'>Πᾶσα</span> <span class='ocrx_word' id='word_1_395' title='bbox 754 3521 886 3591; x_wconf 78' lang='grc' dir='ltr'>ὁμοῦ</span> <span class='ocrx_word' id='word_1_396' title='bbox 945 3537 1003 3572; x_wconf 86' lang='grc' dir='ltr'><strong>σε</strong></span> <span class='ocrx_word' id='word_1_397' title='bbox 1059 3521 1092 3589; x_wconf 79' lang='grc' dir='ltr'>ἡ</span> <span class='ocrx_word' id='word_1_398' title='bbox 1125 3518 1269 3570; x_wconf 81' lang='grc' dir='ltr'>οἰκία</span> <span class='ocrx_word' id='word_1_399' title='bbox 1293 3555 1306 3578; x_wconf 90' lang='grc'><strong>,</strong></span> <span class='ocrx_word' id='word_1_400' title='bbox 1340 3516 1543 3585; x_wconf 80' lang='grc' dir='ltr'>μάρτυς</span> <span class='ocrx_word' id='word_1_401' title='bbox 1587 3512 1737 3574; x_wconf 81' lang='grc' dir='ltr'>Θεὸς,</span> <span class='ocrx_word' id='word_1_402' title='bbox 1770 3510 1863 3563; x_wconf 79' lang='grc' dir='ltr'><strong>καὶ</strong></span> 
     </span>
    </p>
   </div>
   <div class='ocr_carea' id='block_1_54' title="bbox 297 3602 1861 3685">
    <p class='ocr_par' dir='ltr' id='par_1_54' title="bbox 297 3602 1861 3685">
     <span class='ocr_line' id='line_1_57' title="bbox 297 3602 1861 3685; baseline -0.01 -17"><span class='ocrx_word' id='word_1_403' title='bbox 297 3616 504 3678; x_wconf 84' lang='grc' dir='ltr'>παῖδες,</span> <span class='ocrx_word' id='word_1_404' title='bbox 533 3613 625 3668; x_wconf 74' lang='grc' dir='ltr'><strong>καὶ</strong></span> <span class='ocrx_word' id='word_1_405' title='bbox 676 3614 946 3685; x_wconf 89' lang='grc' dir='ltr'>γέροντες,</span> <span class='ocrx_word' id='word_1_406' title='bbox 975 3612 1069 3664; x_wconf 78' lang='grc' dir='ltr'><strong>καὶ</strong></span> <span class='ocrx_word' id='word_1_407' title='bbox 1114 3612 1388 3677; x_wconf 85' lang='grc' dir='ltr'>γυναῖκες,</span> <span class='ocrx_word' id='word_1_408' title='bbox 1430 3602 1861 3675; x_wconf 85' lang='grc' dir='ltr'>προσαγορεύου-</span> 
     </span>
    </p>
   </div>
   <div class='ocr_carea' id='block_1_55' title="bbox 300 3693 1862 3770">
    <p class='ocr_par' dir='ltr' id='par_1_55' title="bbox 300 3693 1862 3770">
     <span class='ocr_line' id='line_1_58' title="bbox 300 3693 1862 3770; baseline -0.01 -9"><span class='ocrx_word' id='word_1_409' title='bbox 300 3727 403 3761; x_wconf 89' lang='grc' dir='ltr'>σιν.</span> <span class='ocrx_word' id='word_1_410' title='bbox 456 3709 614 3769; x_wconf 83' lang='grc' dir='ltr'>Ἴσως</span> <span class='ocrx_word' id='word_1_411' title='bbox 658 3706 701 3759; x_wconf 86' lang='grc' dir='ltr'><strong>δ’</strong></span> <span class='ocrx_word' id='word_1_412' title='bbox 748 3706 813 3760; x_wconf 90' lang='grc' dir='ltr'>ἂν</span> <span class='ocrx_word' id='word_1_413' title='bbox 863 3703 1022 3766; x_wconf 77' lang='grc' dir='ltr'>αὐτὸς</span> <span class='ocrx_word' id='word_1_414' title='bbox 1080 3703 1174 3755; x_wconf 71' lang='grc' dir='ltr'><strong>καὶ</strong></span> <span class='ocrx_word' id='word_1_415' title='bbox 1228 3697 1720 3770; x_wconf 83' lang='grc' dir='ltr'>φιλοφρονουμένας</span> <span class='ocrx_word' id='word_1_416' title='bbox 1764 3693 1862 3754; x_wconf 76' lang='grc' dir='ltr'>τὰς</span> 
     </span>
    </p>
   </div>
   <div class='ocr_carea' id='block_1_56' title="bbox 298 3787 1860 3869">
    <p class='ocr_par' dir='ltr' id='par_1_56' title="bbox 298 3787 1860 3869">
     <span class='ocr_line' id='line_1_59' title="bbox 298 3787 1860 3869; baseline -0.01 -15"><span class='ocrx_word' id='word_1_417' title='bbox 298 3802 559 3868; x_wconf 86' lang='grc' dir='ltr'>γυναῖκας</span> <span class='ocrx_word' id='word_1_418' title='bbox 609 3798 842 3869; x_wconf 84' lang='grc' dir='ltr'>μισοίης.</span> <span class='ocrx_word' id='word_1_419' title='bbox 891 3795 1022 3848; x_wconf 79' lang='grc' dir='ltr'>Ἰδοὺ</span> <span class='ocrx_word' id='word_1_420' title='bbox 1066 3794 1118 3847; x_wconf 86' lang='grc' dir='ltr'><strong>τί</strong></span> <span class='ocrx_word' id='word_1_421' title='bbox 1161 3792 1502 3861; x_wconf 80' lang='grc' dir='ltr'>πεποίηκας’</span> <span class='ocrx_word' id='word_1_422' title='bbox 1535 3791 1592 3840; x_wconf 83' lang='grc' dir='ltr'>ὲν</span> <span class='ocrx_word' id='word_1_423' title='bbox 1640 3787 1742 3857; x_wconf 79' lang='grc' dir='ltr'><strong>ὁδῷ</strong></span> <span class='ocrx_word' id='word_1_424' title='bbox 1795 3803 1860 3855; x_wconf 87' lang='grc' dir='ltr'><strong>με</strong></span> 
     </span>
    </p>
   </div>
   <div class='ocr_carea' id='block_1_57' title="bbox 299 3879 1863 3961">
    <p class='ocr_par' dir='ltr' id='par_1_57' title="bbox 299 3879 1863 3961">
     <span class='ocr_line' id='line_1_60' title="bbox 299 3879 1863 3961; baseline -0.008 -17"><span class='ocrx_word' id='word_1_425' title='bbox 299 3893 429 3946; x_wconf 76' lang='grc' dir='ltr'>ὄντα</span> <span class='ocrx_word' id='word_1_426' title='bbox 482 3890 646 3961; x_wconf 69' lang='grc' dir='ltr'>ἀπρὶξ</span> <span class='ocrx_word' id='word_1_427' title='bbox 701 3889 994 3957; x_wconf 79' lang='grc' dir='ltr'>λαϐόμενος</span> <span class='ocrx_word' id='word_1_428' title='bbox 1044 3884 1312 3955; x_wconf 81' lang='grc' dir='ltr'>κατέχεις.</span> <span class='ocrx_word' id='word_1_429' title='bbox 1346 3879 1524 3935; x_wconf 83' lang='grc' dir='ltr'>Ἶῐσαν</span> <span class='ocrx_word' id='word_1_430' title='bbox 1555 3880 1661 3951; x_wconf 83' lang='grc' dir='ltr'>ἄρα</span> <span class='ocrx_word' id='word_1_431' title='bbox 1699 3879 1863 3948; x_wconf 79' lang='grc' dir='ltr'>Αίγύ-</span> 
     </span>
    </p>
   </div>
   <div class='ocr_carea' id='block_1_58' title="bbox 300 3971 1861 4054">
    <p class='ocr_par' dir='ltr' id='par_1_58' title="bbox 300 3971 1861 4054">
     <span class='ocr_line' id='line_1_61' title="bbox 300 3971 1861 4054; baseline -0.008 -18"><span class='ocrx_word' id='word_1_432' title='bbox 300 4000 446 4036; x_wconf 84' lang='grc' dir='ltr'>πτιοι</span> <span class='ocrx_word' id='word_1_433' title='bbox 488 3983 816 4054; x_wconf 86' lang='grc' dir='ltr'>φαρμακεῖς,</span> <span class='ocrx_word' id='word_1_434' title='bbox 846 3980 939 4033; x_wconf 76' lang='grc' dir='ltr'><strong>καὶ</strong></span> <span class='ocrx_word' id='word_1_435' title='bbox 970 3980 1029 4032; x_wconf 75' lang='grc' dir='ltr'><strong>οὐ</strong></span> <span class='ocrx_word' id='word_1_436' title='bbox 1075 3978 1251 4031; x_wconf 87' lang='grc' dir='ltr'>πάντα</span> <span class='ocrx_word' id='word_1_437' title='bbox 1298 3977 1541 4045; x_wconf 85' lang='grc' dir='ltr'>Ὄμηρος</span> <span class='ocrx_word' id='word_1_438' title='bbox 1586 3971 1861 4041; x_wconf 77' lang='grc' dir='ltr'>ψεύδεται,</span> 
     </span>
    </p>
   </div>
   <div class='ocr_carea' id='block_1_59' title="bbox 298 4064 1864 4142">
    <p class='ocr_par' dir='ltr' id='par_1_59' title="bbox 298 4064 1864 4142">
     <span class='ocr_line' id='line_1_62' title="bbox 298 4064 1864 4142; baseline -0.009 -14"><span class='ocrx_word' id='word_1_439' title='bbox 298 4078 389 4129; x_wconf 80' lang='grc' dir='ltr'>ὅτε</span> <span class='ocrx_word' id='word_1_440' title='bbox 428 4076 520 4127; x_wconf 72' lang='grc' dir='ltr'><strong>καὶ</strong></span> <span class='ocrx_word' id='word_1_441' title='bbox 573 4074 737 4136; x_wconf 73' lang='grc' dir='ltr'>αὐτὸς</span> <span class='ocrx_word' id='word_1_442' title='bbox 792 4073 993 4140; x_wconf 78' lang='grc' dir='ltr'>ίΰγγων</span> <span class='ocrx_word' id='word_1_443' title='bbox 1038 4070 1265 4142; x_wconf 79' lang='grc' dir='ltr'>πλήρεις</span> <span class='ocrx_word' id='word_1_444' title='bbox 1318 4064 1601 4127; x_wconf 78' lang='grc' dir='ltr'>ἐπιστολὰς</span> <span class='ocrx_word' id='word_1_445' title='bbox 1656 4064 1864 4134; x_wconf 76' lang='grc' dir='ltr'>ἐκπέμ-</span> 
     </span>
    </p>
   </div>
   <div class='ocr_carea' id='block_1_60' title="bbox 300 4154 1867 4232">
    <p class='ocr_par' dir='ltr' id='par_1_60' title="bbox 300 4154 1867 4232">
     <span class='ocr_line' id='line_1_63' title="bbox 300 4154 1867 4232; baseline -0.006 -15"><span class='ocrx_word' id='word_1_446' title='bbox 300 4181 425 4226; x_wconf 75' lang='grc' dir='ltr'>πεις</span> <span class='ocrx_word' id='word_1_447' title='bbox 481 4166 573 4217; x_wconf 79' lang='grc' dir='ltr'>ἀπ’</span> <span class='ocrx_word' id='word_1_448' title='bbox 620 4162 915 4232; x_wconf 74' lang='grc' dir='ltr'>Αἰγύπτου.</span> <span class='ocrx_word' id='word_1_449' title='bbox 959 4161 1146 4232; x_wconf 82' lang='grc' dir='ltr'>Ἑλένῃ</span> <span class='ocrx_word' id='word_1_450' title='bbox 1187 4161 1283 4231; x_wconf 81' lang='grc' dir='ltr'><strong>μὲν</strong></span> <span class='ocrx_word' id='word_1_451' title='bbox 1335 4154 1427 4211; x_wconf 75' lang='grc' dir='ltr'><strong>οὖν</strong></span> <span class='ocrx_word' id='word_1_452' title='bbox 1475 4156 1537 4209; x_wconf 85' lang='grc' dir='ltr'><strong>τὸ</strong></span> <span class='ocrx_word' id='word_1_453' title='bbox 1581 4155 1867 4227; x_wconf 82' lang='grc' dir='ltr'>λαθικηδὲς</span> 
     </span>
    </p>
   </div>
   <div class='ocr_carea' id='block_1_61' title="bbox 288 4256 592 4328">
    <p class='ocr_par' dir='ltr' id='par_1_61' title="bbox 288 4256 592 4328">
     <span class='ocr_line' id='line_1_64' title="bbox 288 4256 592 4328; baseline -0.003 -18"><span class='ocrx_word' id='word_1_454' title='bbox 288 4256 592 4328; x_wconf 76' lang='grc' dir='ltr'><strong>Δφάρμακον</strong></span> 
     </span>
    </p>
   </div>
   <div class='ocr_carea' id='block_1_62' title="bbox 1958 1856 3525 1927">
    <p class='ocr_par' dir='ltr' id='par_1_62' title="bbox 1958 1856 3525 1927">
     <span class='ocr_line' id='line_1_65' title="bbox 1958 1856 3525 1927; baseline 0.004 -18"><span class='ocrx_word' id='word_1_455' title='bbox 1958 1858 2107 1909; x_wconf 84' lang='lat' dir='ltr'><strong>latim</strong></span> <span class='ocrx_word' id='word_1_456' title='bbox 2143 1856 2460 1927; x_wconf 79' lang='lat' dir='ltr'><strong>perderent.</strong></span> <span class='ocrx_word' id='word_1_457' title='bbox 2492 1857 2761 1921; x_wconf 82' lang='lat' dir='ltr'><strong>Quidnam</strong></span> <span class='ocrx_word' id='word_1_458' title='bbox 2800 1859 2965 1927; x_wconf 70' lang='lat' dir='ltr'><strong>igitur</strong></span> <span class='ocrx_word' id='word_1_459' title='bbox 2995 1859 3183 1921; x_wconf 82' lang='lat' dir='ltr'><strong>abest,</strong></span> <span class='ocrx_word' id='word_1_460' title='bbox 3232 1860 3525 1927; x_wconf 87' lang='lat' dir='ltr'><strong>quominus</strong></span> 
     </span>
    </p>
   </div>
   <div class='ocr_carea' id='block_1_63' title="bbox 1959 1949 3523 2018">
    <p class='ocr_par' dir='ltr' id='par_1_63' title="bbox 1959 1949 3523 2018">
     <span class='ocr_line' id='line_1_66' title="bbox 1959 1949 3523 2018; baseline 0.001 -15"><span class='ocrx_word' id='word_1_461' title='bbox 1959 1950 2178 2005; x_wconf 85' lang='lat' dir='ltr'><strong>Sirenes</strong></span> <span class='ocrx_word' id='word_1_462' title='bbox 2208 1950 2320 2004; x_wconf 92' lang='lat' dir='ltr'><strong>sint</strong></span> <span class='ocrx_word' id='word_1_463' title='bbox 2350 1949 2595 2018; x_wconf 65' lang='lat' dir='ltr'><strong>quaedam</strong></span> <span class='ocrx_word' id='word_1_464' title='bbox 2630 1949 2938 2002; x_wconf 89' lang='lat' dir='ltr'><strong>litterarum</strong></span> <span class='ocrx_word' id='word_1_465' title='bbox 2973 1960 3188 2003; x_wconf 89' lang='lat' dir='ltr'><strong>tuarum</strong></span> <span class='ocrx_word' id='word_1_466' title='bbox 3221 1951 3523 2017; x_wconf 62' lang='lat' dir='ltr'><strong>illecebras,</strong></span> 
     </span>
    </p>
   </div>
   <div class='ocr_carea' id='block_1_64' title="bbox 1957 2043 3519 2115">
    <p class='ocr_par' dir='ltr' id='par_1_64' title="bbox 1957 2043 3519 2115">
     <span class='ocr_line' id='line_1_67' title="bbox 1957 2043 3519 2115; baseline 0.003 -20"><span class='ocrx_word' id='word_1_467' title='bbox 1957 2044 2158 2114; x_wconf 87' lang='lat' dir='ltr'><strong>quibus</strong></span> <span class='ocrx_word' id='word_1_468' title='bbox 2186 2058 2285 2112; x_wconf 81' lang='lat' dir='ltr'><strong>ego</strong></span> <span class='ocrx_word' id='word_1_469' title='bbox 2316 2043 2581 2111; x_wconf 81' lang='lat' dir='ltr'><strong>gravitate</strong></span> <span class='ocrx_word' id='word_1_470' title='bbox 2620 2045 3044 2113; x_wconf 90' lang='lat' dir='ltr'><strong>constantiaque</strong></span> <span class='ocrx_word' id='word_1_471' title='bbox 3089 2046 3179 2099; x_wconf 87' lang='lat' dir='ltr'><strong>illa</strong></span> <span class='ocrx_word' id='word_1_472' title='bbox 3217 2047 3394 2115; x_wconf 90' lang='lat' dir='ltr'><strong>posita</strong></span> <span class='ocrx_word' id='word_1_473' title='bbox 3436 2057 3519 2099; x_wconf 86' lang='lat' dir='ltr'><strong>to-</strong></span> 
     </span>
    </p>
   </div>
   <div class='ocr_carea' id='block_1_65' title="bbox 1959 2119 3525 2191">
    <p class='ocr_par' dir='ltr' id='par_1_65' title="bbox 1959 2119 3525 2191">
     <span class='ocr_line' id='line_1_68' title="bbox 1959 2119 3525 2191; baseline 0.003 -5"><span class='ocrx_word' id='word_1_474' title='bbox 1959 2144 2049 2188; x_wconf 91' lang='lat' dir='ltr'><strong>tus</strong></span> <span class='ocrx_word' id='word_1_475' title='bbox 2078 2132 2390 2188; x_wconf 90' lang='lat' dir='ltr'><strong>[lerculiani</strong></span> <span class='ocrx_word' id='word_1_476' title='bbox 2424 2148 2543 2187; x_wconf 91' lang='lat' dir='ltr'><strong>sum</strong></span> <span class='ocrx_word' id='word_1_477' title='bbox 2574 2132 2791 2189; x_wconf 82' lang='lat' dir='ltr'><strong>factus?</strong></span> <span class='ocrx_word' id='word_1_478' title='bbox 2816 2119 2995 2190; x_wconf 78' lang='lat' dir='ltr'><strong>Testis</strong></span> <span class='ocrx_word' id='word_1_479' title='bbox 3025 2146 3105 2190; x_wconf 89' lang='lat' dir='ltr'><strong>est</strong></span> <span class='ocrx_word' id='word_1_480' title='bbox 3132 2135 3275 2190; x_wconf 84' lang='lat' dir='ltr'><strong>Deus</strong></span> <span class='ocrx_word' id='word_1_481' title='bbox 3303 2152 3387 2191; x_wconf 88' lang='lat' dir='ltr'><strong>me</strong></span> <span class='ocrx_word' id='word_1_482' title='bbox 3414 2153 3525 2190; x_wconf 90' lang='lat' dir='ltr'><strong>non</strong></span> 
     </span>
    </p>
   </div>
   <div class='ocr_carea' id='block_1_66' title="bbox 1960 2224 3530 2296">
    <p class='ocr_par' dir='ltr' id='par_1_66' title="bbox 1960 2224 3530 2296">
     <span class='ocr_line' id='line_1_69' title="bbox 1960 2224 3530 2296; baseline 0.003 -18"><span class='ocrx_word' id='word_1_483' title='bbox 1960 2224 2235 2279; x_wconf 88' lang='lat' dir='ltr'><strong>scribendi</strong></span> <span class='ocrx_word' id='word_1_484' title='bbox 2267 2240 2416 2278; x_wconf 88' lang='lat' dir='ltr'><strong>more</strong></span> <span class='ocrx_word' id='word_1_485' title='bbox 2438 2264 2452 2285; x_wconf 88' lang='lat'><strong>,</strong></span> <span class='ocrx_word' id='word_1_486' title='bbox 2490 2225 2716 2279; x_wconf 88' lang='lat' dir='ltr'><strong>alterius</strong></span> <span class='ocrx_word' id='word_1_487' title='bbox 2751 2226 3057 2296; x_wconf 86' lang='lat' dir='ltr'><strong>cujuspiam</strong></span> <span class='ocrx_word' id='word_1_488' title='bbox 3093 2229 3244 2287; x_wconf 82' lang='lat' dir='ltr'><strong>loco.</strong></span> <span class='ocrx_word' id='word_1_489' title='bbox 3279 2228 3346 2282; x_wconf 88' lang='lat' dir='ltr'><strong>de</strong></span> <span class='ocrx_word' id='word_1_490' title='bbox 3376 2243 3439 2281; x_wconf 84' lang='lat' dir='ltr'><strong>ea</strong></span> <span class='ocrx_word' id='word_1_491' title='bbox 3469 2244 3530 2283; x_wconf 84' lang='lat' dir='ltr'><strong>re</strong></span> 
     </span>
    </p>
   </div>
   <div class='ocr_carea' id='block_1_67' title="bbox 1962 2314 3525 2389">
    <p class='ocr_par' dir='ltr' id='par_1_67' title="bbox 1962 2314 3525 2389">
     <span class='ocr_line' id='line_1_70' title="bbox 1962 2314 3525 2389; baseline 0.004 -21"><span class='ocrx_word' id='word_1_492' title='bbox 1962 2317 2123 2370; x_wconf 89' lang='lat' dir='ltr'><strong>verba</strong></span> <span class='ocrx_word' id='word_1_493' title='bbox 2153 2314 2333 2370; x_wconf 80' lang='lat' dir='ltr'><strong>facere</strong></span> <span class='ocrx_word' id='word_1_494' title='bbox 2357 2355 2372 2379; x_wconf 89' lang='lat'><strong>,</strong></span> <span class='ocrx_word' id='word_1_495' title='bbox 2404 2332 2513 2384; x_wconf 89' lang='lat' dir='ltr'><strong>quo</strong></span> <span class='ocrx_word' id='word_1_496' title='bbox 2540 2317 2847 2370; x_wconf 85' lang='lat' dir='ltr'><strong>litterarum</strong></span> <span class='ocrx_word' id='word_1_497' title='bbox 2877 2326 3259 2387; x_wconf 80' lang='lat' dir='ltr'><strong>argumentum</strong></span> <span class='ocrx_word' id='word_1_498' title='bbox 3305 2320 3525 2389; x_wconf 85' lang='lat' dir='ltr'><strong>aliquod</strong></span> 
     </span>
    </p>
   </div>
   <div class='ocr_carea' id='block_1_68' title="bbox 1962 2405 3534 2476">
    <p class='ocr_par' dir='ltr' id='par_1_68' title="bbox 1962 2405 3534 2476">
     <span class='ocr_line' id='line_1_71' title="bbox 1962 2405 3534 2476; baseline 0.004 -17"><span class='ocrx_word' id='word_1_499' title='bbox 1962 2407 2242 2461; x_wconf 91' lang='lat' dir='ltr'><strong>haberem.</strong></span> <span class='ocrx_word' id='word_1_500' title='bbox 2275 2405 2467 2461; x_wconf 80' lang='lat' dir='ltr'><strong>Verum</strong></span> <span class='ocrx_word' id='word_1_501' title='bbox 2502 2421 2564 2461; x_wconf 78' lang='lat' dir='ltr'><strong>ex</strong></span> <span class='ocrx_word' id='word_1_502' title='bbox 2598 2407 2667 2461; x_wconf 93' lang='lat' dir='ltr'><strong>iis</strong></span> <span class='ocrx_word' id='word_1_503' title='bbox 2708 2408 2907 2462; x_wconf 88' lang='lat' dir='ltr'><strong>litteris</strong></span> <span class='ocrx_word' id='word_1_504' title='bbox 2929 2447 2945 2471; x_wconf 89' lang='lat'><strong>,</strong></span> <span class='ocrx_word' id='word_1_505' title='bbox 2986 2424 3124 2476; x_wconf 88' lang='lat' dir='ltr'><strong>quas</strong></span> <span class='ocrx_word' id='word_1_506' title='bbox 3159 2410 3225 2463; x_wconf 88' lang='lat' dir='ltr'><strong>ab</strong></span> <span class='ocrx_word' id='word_1_507' title='bbox 3273 2410 3534 2466; x_wconf 87' lang='lat' dir='ltr'><strong>Ursicino</strong></span> 
     </span>
    </p>
   </div>
   <div class='ocr_carea' id='block_1_69' title="bbox 1966 2498 3525 2572">
    <p class='ocr_par' dir='ltr' id='par_1_69' title="bbox 1966 2498 3525 2572">
     <span class='ocr_line' id='line_1_72' title="bbox 1966 2498 3525 2572; baseline 0.004 -21"><span class='ocrx_word' id='word_1_508' title='bbox 1966 2507 2079 2551; x_wconf 88' lang='lat' dir='ltr'><strong>tres</strong></span> <span class='ocrx_word' id='word_1_509' title='bbox 2109 2498 2330 2567; x_wconf 87' lang='lat' dir='ltr'><strong>accepi,</strong></span> <span class='ocrx_word' id='word_1_510' title='bbox 2360 2514 2479 2566; x_wconf 67' lang='lat' dir='ltr'><strong>qua:</strong></span> <span class='ocrx_word' id='word_1_511' title='bbox 2523 2499 2883 2572; x_wconf 86' lang='lat' dir='ltr'><strong>amplitudine</strong></span> <span class='ocrx_word' id='word_1_512' title='bbox 2927 2500 3101 2553; x_wconf 90' lang='lat' dir='ltr'><strong>media</strong></span> <span class='ocrx_word' id='word_1_513' title='bbox 3149 2513 3295 2567; x_wconf 88' lang='lat' dir='ltr'><strong>erat,</strong></span> <span class='ocrx_word' id='word_1_514' title='bbox 3341 2504 3525 2558; x_wconf 85' lang='lat' dir='ltr'><strong>vivum</strong></span> 
     </span>
    </p>
   </div>
   <div class='ocr_carea' id='block_1_70' title="bbox 1963 2589 3533 2664">
    <p class='ocr_par' dir='ltr' id='par_1_70' title="bbox 1963 2589 3533 2664">
     <span class='ocr_line' id='line_1_73' title="bbox 1963 2589 3533 2664; baseline 0.005 -23"><span class='ocrx_word' id='word_1_515' title='bbox 1963 2589 2093 2641; x_wconf 90' lang='lat' dir='ltr'><strong>mihi</strong></span> <span class='ocrx_word' id='word_1_516' title='bbox 2122 2590 2411 2658; x_wconf 80' lang='lat' dir='ltr'><strong>quemdam</strong></span> <span class='ocrx_word' id='word_1_517' title='bbox 2442 2589 2722 2642; x_wconf 86' lang='lat' dir='ltr'><strong>instillavit</strong></span> <span class='ocrx_word' id='word_1_518' title='bbox 2757 2589 3007 2643; x_wconf 86' lang='lat' dir='ltr'><strong>aﬁ’ectum</strong></span> <span class='ocrx_word' id='word_1_519' title='bbox 3047 2591 3214 2645; x_wconf 89' lang='lat' dir='ltr'><strong>animi</strong></span> <span class='ocrx_word' id='word_1_520' title='bbox 3241 2608 3255 2646; x_wconf 88' lang='lat'><strong>:</strong></span> <span class='ocrx_word' id='word_1_521' title='bbox 3284 2594 3533 2664; x_wconf 76' lang='lat' dir='ltr'><strong>adeoque</strong></span> 
     </span>
    </p>
   </div>
   <div class='ocr_carea' id='block_1_71' title="bbox 1962 2680 3529 2755">
    <p class='ocr_par' dir='ltr' id='par_1_71' title="bbox 1962 2680 3529 2755">
     <span class='ocr_line' id='line_1_74' title="bbox 1962 2680 3529 2755; baseline 0.003 -20"><span class='ocrx_word' id='word_1_522' title='bbox 1962 2697 2082 2735; x_wconf 91' lang='lat' dir='ltr'><strong>sum</strong></span> <span class='ocrx_word' id='word_1_523' title='bbox 2113 2680 2417 2734; x_wconf 88' lang='lat' dir='ltr'><strong>litterarum</strong></span> <span class='ocrx_word' id='word_1_524' title='bbox 2450 2681 2766 2736; x_wconf 84' lang='lat' dir='ltr'><strong>adulatione</strong></span> <span class='ocrx_word' id='word_1_525' title='bbox 2794 2690 3115 2751; x_wconf 86' lang='lat' dir='ltr'><strong>superatus,</strong></span> <span class='ocrx_word' id='word_1_526' title='bbox 3158 2692 3218 2737; x_wconf 93' lang='lat' dir='ltr'><strong>ut</strong></span> <span class='ocrx_word' id='word_1_527' title='bbox 3262 2686 3529 2755; x_wconf 50' lang='lat' dir='ltr'><strong>meipsuut</strong></span> 
     </span>
    </p>
   </div>
   <div class='ocr_carea' id='block_1_72' title="bbox 1963 2772 3527 2846">
    <p class='ocr_par' dir='ltr' id='par_1_72' title="bbox 1963 2772 3527 2846">
     <span class='ocr_line' id='line_1_75' title="bbox 1963 2772 3527 2846; baseline 0.003 -20"><span class='ocrx_word' id='word_1_528' title='bbox 1963 2773 2210 2843; x_wconf 87' lang='lat' dir='ltr'><strong>puderet.</strong></span> <span class='ocrx_word' id='word_1_529' title='bbox 2260 2772 2552 2841; x_wconf 89' lang='lat' dir='ltr'><strong>Oportebat</strong></span> <span class='ocrx_word' id='word_1_530' title='bbox 2600 2781 2652 2827; x_wconf 92' lang='lat' dir='ltr'><strong>te</strong></span> <span class='ocrx_word' id='word_1_531' title='bbox 2703 2774 2769 2827; x_wconf 89' lang='lat' dir='ltr'><strong>ad</strong></span> <span class='ocrx_word' id='word_1_532' title='bbox 2812 2772 3033 2829; x_wconf 83' lang='lat' dir='ltr'><strong>fratrem</strong></span> <span class='ocrx_word' id='word_1_533' title='bbox 3070 2776 3266 2846; x_wconf 84' lang='lat' dir='ltr'><strong>Cyrum</strong></span> <span class='ocrx_word' id='word_1_534' title='bbox 3311 2779 3379 2831; x_wconf 90' lang='lat' dir='ltr'><strong>de</strong></span> <span class='ocrx_word' id='word_1_535' title='bbox 3427 2795 3527 2842; x_wconf 89' lang='lat' dir='ltr'><strong>eo,</strong></span> 
     </span>
    </p>
   </div>
   <div class='ocr_carea' id='block_1_73' title="bbox 1963 2852 3531 2940">
    <p class='ocr_par' dir='ltr' id='par_1_73' title="bbox 1963 2852 3531 2940">
     <span class='ocr_line' id='line_1_76' title="bbox 1963 2852 3531 2940; baseline 0.002 -22"><span class='ocrx_word' id='word_1_536' title='bbox 1963 2865 2107 2935; x_wconf 90' lang='lat' dir='ltr'><strong>quod</strong></span> <span class='ocrx_word' id='word_1_537' title='bbox 2130 2864 2448 2935; x_wconf 81' lang='lat' dir='ltr'><strong>signiﬁcasti</strong></span> <span class='ocrx_word' id='word_1_538' title='bbox 2469 2903 2483 2925; x_wconf 93' lang='lat'><strong>,</strong></span> <span class='ocrx_word' id='word_1_539' title='bbox 2509 2864 2721 2919; x_wconf 85' lang='lat' dir='ltr'><strong>litteras</strong></span> <span class='ocrx_word' id='word_1_540' title='bbox 2745 2866 2990 2930; x_wconf 82' lang='lat' dir='ltr'><strong>dedisse,</strong></span> <span class='ocrx_word' id='word_1_541' title='bbox 3018 2876 3237 2937; x_wconf 88' lang='lat' dir='ltr'><strong>propter</strong></span> <span class='ocrx_word' id='word_1_542' title='bbox 3260 2852 3531 2940; x_wconf 80' lang='lat' dir='ltr'><strong>Pentapo-</strong></span> 
     </span>
    </p>
   </div>
   <div class='ocr_carea' id='block_1_74' title="bbox 1966 2955 3531 3024">
    <p class='ocr_par' dir='ltr' id='par_1_74' title="bbox 1966 2955 3531 3024">
     <span class='ocr_line' id='line_1_77' title="bbox 1966 2955 3531 3024; baseline 0.002 -16"><span class='ocrx_word' id='word_1_543' title='bbox 1966 2957 2191 3009; x_wconf 92' lang='lat' dir='ltr'><strong>litanum</strong></span> <span class='ocrx_word' id='word_1_544' title='bbox 2231 2956 2509 3008; x_wconf 90' lang='lat' dir='ltr'><strong>comitem.</strong></span> <span class='ocrx_word' id='word_1_545' title='bbox 2560 2955 2638 3009; x_wconf 87' lang='lat' dir='ltr'><strong>Ac</strong></span> <span class='ocrx_word' id='word_1_546' title='bbox 2688 2955 2952 3008; x_wconf 87' lang='lat' dir='ltr'><strong>voluntati</strong></span> <span class='ocrx_word' id='word_1_547' title='bbox 2998 2956 3213 3024; x_wconf 78' lang='lat' dir='ltr'><strong>quidem</strong></span> <span class='ocrx_word' id='word_1_548' title='bbox 3251 2973 3531 3013; x_wconf 80' lang='lat' dir='ltr'><strong>commen-</strong></span> 
     </span>
    </p>
   </div>
   <div class='ocr_carea' id='block_1_75' title="bbox 1964 3045 3538 3117">
    <p class='ocr_par' dir='ltr' id='par_1_75' title="bbox 1964 3045 3538 3117">
     <span class='ocr_line' id='line_1_78' title="bbox 1964 3045 3538 3117; baseline 0.002 -16"><span class='ocrx_word' id='word_1_549' title='bbox 1964 3048 2144 3103; x_wconf 83' lang='lat' dir='ltr'><strong>dantis</strong></span> <span class='ocrx_word' id='word_1_550' title='bbox 2158 3047 2319 3117; x_wconf 76' lang='lat'><strong>283</strong></span> <span class='ocrx_word' id='word_1_551' title='bbox 2336 3047 2541 3115; x_wconf 72' lang='lat' dir='ltr'><strong>gratias</strong></span> <span class='ocrx_word' id='word_1_552' title='bbox 2558 3045 2882 3115; x_wconf 75' lang='lat' dir='ltr'><strong>egi.\&#39;ideris</strong></span> <span class='ocrx_word' id='word_1_553' title='bbox 2898 3048 3025 3100; x_wconf 91' lang='lat' dir='ltr'><strong>mihi</strong></span> <span class='ocrx_word' id='word_1_554' title='bbox 3043 3060 3219 3102; x_wconf 71' lang='lat' dir='ltr'><strong>taliten</strong></span> <span class='ocrx_word' id='word_1_555' title='bbox 3236 3050 3376 3103; x_wconf 87' lang='lat' dir='ltr'><strong>istud</strong></span> <span class='ocrx_word' id='word_1_556' title='bbox 3395 3052 3538 3103; x_wconf 85' lang='lat' dir='ltr'><strong>obli-</strong></span> 
     </span>
    </p>
   </div>
   <div class='ocr_carea' id='block_1_76' title="bbox 1966 3140 3535 3211">
    <p class='ocr_par' dir='ltr' id='par_1_76' title="bbox 1966 3140 3535 3211">
     <span class='ocr_line' id='line_1_79' title="bbox 1966 3140 3535 3211; baseline 0.001 -17"><span class='ocrx_word' id='word_1_557' title='bbox 1966 3152 2075 3203; x_wconf 90' lang='lat' dir='ltr'><strong>tus,</strong></span> <span class='ocrx_word' id='word_1_558' title='bbox 2102 3140 2557 3209; x_wconf 87' lang='lat' dir='ltr'><strong>quemadmodum</strong></span> <span class='ocrx_word' id='word_1_559' title='bbox 2580 3141 2948 3210; x_wconf 86' lang='lat' dir='ltr'><strong>philosophari</strong></span> <span class='ocrx_word' id='word_1_560' title='bbox 2975 3142 3300 3196; x_wconf 87' lang='lat' dir='ltr'><strong>iustituerim</strong></span> <span class='ocrx_word' id='word_1_561' title='bbox 3324 3160 3338 3209; x_wconf 89' lang='lat'>;</span> <span class='ocrx_word' id='word_1_562' title='bbox 3373 3151 3535 3211; x_wconf 85' lang='lat' dir='ltr'><strong>atque</strong></span> 
     </span>
    </p>
   </div>
   <div class='ocr_carea' id='block_1_77' title="bbox 1964 3234 3535 3303">
    <p class='ocr_par' dir='ltr' id='par_1_77' title="bbox 1964 3234 3535 3303">
     <span class='ocr_line' id='line_1_80' title="bbox 1964 3234 3535 3303; baseline 0.001 -16"><span class='ocrx_word' id='word_1_563' title='bbox 1964 3250 2177 3287; x_wconf 89' lang='lat' dir='ltr'><strong>omnem</strong></span> <span class='ocrx_word' id='word_1_564' title='bbox 2212 3234 2470 3287; x_wconf 90' lang='lat' dir='ltr'><strong>honorem</strong></span> <span class='ocrx_word' id='word_1_565' title='bbox 2500 3235 2650 3302; x_wconf 87' lang='lat' dir='ltr'><strong>parvi</strong></span> <span class='ocrx_word' id='word_1_566' title='bbox 2685 3235 2938 3303; x_wconf 87' lang='lat' dir='ltr'><strong>pendam,</strong></span> <span class='ocrx_word' id='word_1_567' title='bbox 2962 3235 3052 3303; x_wconf 89' lang='lat' dir='ltr'><strong>qui</strong></span> <span class='ocrx_word' id='word_1_568' title='bbox 3082 3250 3185 3287; x_wconf 88' lang='lat' dir='ltr'><strong>non</strong></span> <span class='ocrx_word' id='word_1_569' title='bbox 3220 3250 3248 3286; x_wconf 90' lang='lat' dir='ltr'><strong>a</strong></span> <span class='ocrx_word' id='word_1_570' title='bbox 3290 3235 3535 3302; x_wconf 49' lang='lat' dir='ltr'><strong>philoso-</strong></span> 
     </span>
    </p>
   </div>
   <div class='ocr_carea' id='block_1_78' title="bbox 1965 3324 3534 3396">
    <p class='ocr_par' dir='ltr' id='par_1_78' title="bbox 1965 3324 3534 3396">
     <span class='ocr_line' id='line_1_81' title="bbox 1965 3324 3534 3396; baseline 0 -17"><span class='ocrx_word' id='word_1_571' title='bbox 1965 3327 2089 3396; x_wconf 89' lang='lat' dir='ltr'><strong>phia</strong></span> <span class='ocrx_word' id='word_1_572' title='bbox 2142 3326 2546 3395; x_wconf 88' lang='lat' dir='ltr'><strong>proﬁciscatur.</strong></span> <span class='ocrx_word' id='word_1_573' title='bbox 2594 3325 2782 3394; x_wconf 82' lang='lat' dir='ltr'><strong>Itaque</strong></span> <span class='ocrx_word' id='word_1_574' title='bbox 2820 3326 2952 3377; x_wconf 86' lang='lat' dir='ltr'><strong>nihil</strong></span> <span class='ocrx_word' id='word_1_575' title='bbox 2992 3333 3209 3393; x_wconf 89' lang='lat' dir='ltr'><strong>propter</strong></span> <span class='ocrx_word' id='word_1_576' title='bbox 3260 3324 3423 3378; x_wconf 81' lang='lat' dir='ltr'><strong>Donni</strong></span> <span class='ocrx_word' id='word_1_577' title='bbox 3470 3343 3534 3380; x_wconf 82' lang='lat' dir='ltr'><strong>ea</strong></span> 
     </span>
    </p>
   </div>
   <div class='ocr_carea' id='block_1_79' title="bbox 1965 3413 3535 3483">
    <p class='ocr_par' dir='ltr' id='par_1_79' title="bbox 1965 3413 3535 3483">
     <span class='ocr_line' id='line_1_82' title="bbox 1965 3413 3535 3483; baseline 0.001 -14"><span class='ocrx_word' id='word_1_578' title='bbox 1965 3416 2435 3469; x_wconf 83' lang='lat' dir='ltr'><strong>commendatione</strong></span> <span class='ocrx_word' id='word_1_579' title='bbox 2457 3429 2595 3483; x_wconf 84' lang='lat' dir='ltr'><strong>Opus</strong></span> <span class='ocrx_word' id='word_1_580' title='bbox 2630 3415 2824 3468; x_wconf 89' lang='lat' dir='ltr'><strong>habeo.</strong></span> <span class='ocrx_word' id='word_1_581' title='bbox 2863 3413 3047 3482; x_wconf 82' lang='lat' dir='ltr'><strong>Neque</strong></span> <span class='ocrx_word' id='word_1_582' title='bbox 3088 3416 3231 3469; x_wconf 89' lang='lat' dir='ltr'><strong>enim</strong></span> <span class='ocrx_word' id='word_1_583' title='bbox 3264 3426 3356 3468; x_wconf 88' lang='lat' dir='ltr'><strong>aut</strong></span> <span class='ocrx_word' id='word_1_584' title='bbox 3395 3418 3535 3471; x_wconf 84' lang='lat' dir='ltr'><strong>I&#39;acio</strong></span> 
     </span>
    </p>
   </div>
   <div class='ocr_carea' id='block_1_80' title="bbox 1966 3509 3531 3581">
    <p class='ocr_par' dir='ltr' id='par_1_80' title="bbox 1966 3509 3531 3581">
     <span class='ocr_line' id='line_1_83' title="bbox 1966 3509 3531 3581; baseline 0.003 -19"><span class='ocrx_word' id='word_1_585' title='bbox 1966 3511 2220 3578; x_wconf 89' lang='lat' dir='ltr'><strong>cuiquam</strong></span> <span class='ocrx_word' id='word_1_586' title='bbox 2256 3509 2532 3579; x_wconf 86' lang='lat' dir='ltr'><strong>injuriam,</strong></span> <span class='ocrx_word' id='word_1_587' title='bbox 2574 3518 2667 3563; x_wconf 88' lang='lat' dir='ltr'><strong>aut</strong></span> <span class='ocrx_word' id='word_1_588' title='bbox 2694 3510 2920 3579; x_wconf 90' lang='lat' dir='ltr'><strong>accipio.</strong></span> <span class='ocrx_word' id='word_1_589' title='bbox 2961 3510 3142 3575; x_wconf 81' lang='lat' dir='ltr'><strong>Quare</strong></span> <span class='ocrx_word' id='word_1_590' title='bbox 3171 3511 3316 3564; x_wconf 85' lang='lat' dir='ltr'><strong>istud</strong></span> <span class='ocrx_word' id='word_1_591' title='bbox 3356 3512 3531 3581; x_wconf 86' lang='lat' dir='ltr'><strong>ipsqu</strong></span> 
     </span>
    </p>
   </div>
   <div class='ocr_carea' id='block_1_81' title="bbox 1970 3599 3534 3670">
    <p class='ocr_par' dir='ltr' id='par_1_81' title="bbox 1970 3599 3534 3670">
     <span class='ocr_line' id='line_1_84' title="bbox 1970 3599 3534 3670; baseline 0.001 -13"><span class='ocrx_word' id='word_1_592' title='bbox 1970 3605 2023 3657; x_wconf 94' lang='lat' dir='ltr'><strong>in</strong></span> <span class='ocrx_word' id='word_1_593' title='bbox 2058 3603 2207 3655; x_wconf 89' lang='lat' dir='ltr'><strong>illmn</strong></span> <span class='ocrx_word' id='word_1_594' title='bbox 2242 3602 2413 3656; x_wconf 90' lang='lat' dir='ltr'><strong>nostri</strong></span> <span class='ocrx_word' id='word_1_595' title='bbox 2443 3616 2611 3655; x_wconf 88' lang='lat' dir='ltr'><strong>causa</strong></span> <span class='ocrx_word' id='word_1_596' title='bbox 2642 3599 2892 3655; x_wconf 80' lang='lat' dir='ltr'><strong>conferre</strong></span> <span class='ocrx_word' id='word_1_597' title='bbox 2921 3602 3225 3670; x_wconf 86' lang='lat' dir='ltr'><strong>oportebat,</strong></span> <span class='ocrx_word' id='word_1_598' title='bbox 3258 3603 3416 3668; x_wconf 59' lang='lat' dir='ltr'><strong>nobis</strong></span> <span class='ocrx_word' id='word_1_599' title='bbox 3437 3622 3534 3658; x_wconf 88' lang='lat' dir='ltr'><strong>au-</strong></span> 
     </span>
    </p>
   </div>
   <div class='ocr_carea' id='block_1_82' title="bbox 1970 3693 3535 3765">
    <p class='ocr_par' dir='ltr' id='par_1_82' title="bbox 1970 3693 3535 3765">
     <span class='ocr_line' id='line_1_85' title="bbox 1970 3693 3535 3765; baseline 0.001 -17"><span class='ocrx_word' id='word_1_600' title='bbox 1970 3704 2076 3748; x_wconf 85' lang='lat' dir='ltr'><strong>tem</strong></span> <span class='ocrx_word' id='word_1_601' title='bbox 2099 3696 2373 3765; x_wconf 86' lang='lat' dir='ltr'><strong>postulare</strong></span> <span class='ocrx_word' id='word_1_602' title='bbox 2397 3707 2738 3763; x_wconf 86' lang='lat' dir='ltr'><strong>nequaquam</strong></span> <span class='ocrx_word' id='word_1_603' title='bbox 2762 3693 3179 3763; x_wconf 81' lang='lat' dir='ltr'><strong>congruit.Nam</strong></span> <span class='ocrx_word' id='word_1_604' title='bbox 3211 3705 3268 3747; x_wconf 91' lang='lat' dir='ltr'><strong>ut</strong></span> <span class='ocrx_word' id='word_1_605' title='bbox 3302 3696 3535 3760; x_wconf 73' lang='lat' dir='ltr'><strong>maxiqre</strong></span> 
     </span>
    </p>
   </div>
   <div class='ocr_carea' id='block_1_83' title="bbox 1970 3786 3532 3857">
    <p class='ocr_par' dir='ltr' id='par_1_83' title="bbox 1970 3786 3532 3857">
     <span class='ocr_line' id='line_1_86' title="bbox 1970 3786 3532 3857; baseline -0.001 -16"><span class='ocrx_word' id='word_1_606' title='bbox 1970 3789 2161 3842; x_wconf 67' lang='lat' dir='ltr'><strong>litterae</strong></span> <span class='ocrx_word' id='word_1_607' title='bbox 2181 3787 2424 3857; x_wconf 71' lang='lat' dir='ltr'><strong>petenda:</strong></span> <span class='ocrx_word' id='word_1_608' title='bbox 2452 3796 2657 3848; x_wconf 89' lang='lat' dir='ltr'><strong>essent,</strong></span> <span class='ocrx_word' id='word_1_609' title='bbox 2677 3786 2739 3840; x_wconf 89' lang='lat' dir='ltr'><strong>ad</strong></span> <span class='ocrx_word' id='word_1_610' title='bbox 2760 3801 2844 3839; x_wconf 89' lang='lat' dir='ltr'><strong>me</strong></span> <span class='ocrx_word' id='word_1_611' title='bbox 2872 3787 3049 3855; x_wconf 89' lang='lat' dir='ltr'><strong>potius</strong></span> <span class='ocrx_word' id='word_1_612' title='bbox 3068 3795 3124 3839; x_wconf 89' lang='lat' dir='ltr'><strong>ut</strong></span> <span class='ocrx_word' id='word_1_613' title='bbox 3142 3787 3532 3851; x_wconf 84' lang='lat' dir='ltr'><strong>scriberentur,</strong></span> 
     </span>
    </p>
   </div>
   <div class='ocr_carea' id='block_1_84' title="bbox 1966 3877 3534 3953">
    <p class='ocr_par' dir='ltr' id='par_1_84' title="bbox 1966 3877 3534 3953">
     <span class='ocr_line' id='line_1_87' title="bbox 1966 3877 3534 3953; baseline -0.002 -17"><span class='ocrx_word' id='word_1_614' title='bbox 1966 3882 2079 3953; x_wconf 89' lang='lat' dir='ltr'><strong>peti</strong></span> <span class='ocrx_word' id='word_1_615' title='bbox 2099 3882 2352 3947; x_wconf 85' lang='lat' dir='ltr'><strong>deberet;</strong></span> <span class='ocrx_word' id='word_1_616' title='bbox 2408 3879 2484 3934; x_wconf 87' lang='lat' dir='ltr'><strong>ita</strong></span> <span class='ocrx_word' id='word_1_617' title='bbox 2519 3879 2664 3933; x_wconf 91' lang='lat' dir='ltr'><strong>enim</strong></span> <span class='ocrx_word' id='word_1_618' title='bbox 2690 3878 2817 3931; x_wconf 92' lang='lat' dir='ltr'><strong>mihi</strong></span> <span class='ocrx_word' id='word_1_619' title='bbox 2862 3877 3034 3932; x_wconf 90' lang='lat' dir='ltr'><strong>honos</strong></span> <span class='ocrx_word' id='word_1_620' title='bbox 3066 3879 3376 3941; x_wconf 87' lang='lat' dir='ltr'><strong>haberetur,</strong></span> <span class='ocrx_word' id='word_1_621' title='bbox 3424 3895 3534 3934; x_wconf 87' lang='lat' dir='ltr'><strong>non</strong></span> 
     </span>
    </p>
   </div>
   <div class='ocr_carea' id='block_1_85' title="bbox 1970 3969 3535 4046">
    <p class='ocr_par' dir='ltr' id='par_1_85' title="bbox 1970 3969 3535 4046">
     <span class='ocr_line' id='line_1_88' title="bbox 1970 3969 3535 4046; baseline -0.001 -19"><span class='ocrx_word' id='word_1_622' title='bbox 1970 3991 2070 4046; x_wconf 89' lang='lat' dir='ltr'><strong>pro</strong></span> <span class='ocrx_word' id='word_1_623' title='bbox 2099 3973 2257 4028; x_wconf 90' lang='lat' dir='ltr'><strong>nobis</strong></span> <span class='ocrx_word' id='word_1_624' title='bbox 2281 3971 2346 4026; x_wconf 89' lang='lat' dir='ltr'><strong>ad</strong></span> <span class='ocrx_word' id='word_1_625' title='bbox 2362 3971 2609 4025; x_wconf 87' lang='lat' dir='ltr'><strong>alterum.</strong></span> <span class='ocrx_word' id='word_1_626' title='bbox 2645 3969 2934 4025; x_wconf 91' lang='lat' dir='ltr'><strong>Incolumis</strong></span> <span class='ocrx_word' id='word_1_627' title='bbox 2952 3978 3209 4040; x_wconf 88' lang='lat' dir='ltr'><strong>perpetuo</strong></span> <span class='ocrx_word' id='word_1_628' title='bbox 3237 3971 3535 4040; x_wconf 87' lang='lat' dir='ltr'><strong>hilarisque</strong></span> 
     </span>
    </p>
   </div>
   <div class='ocr_carea' id='block_1_86' title="bbox 1970 4060 3537 4135">
    <p class='ocr_par' dir='ltr' id='par_1_86' title="bbox 1970 4060 3537 4135">
     <span class='ocr_line' id='line_1_89' title="bbox 1970 4060 3537 4135; baseline -0.004 -15"><span class='ocrx_word' id='word_1_629' title='bbox 1970 4069 2155 4135; x_wconf 78' lang='lat' dir='ltr'><strong>degas,</strong></span> <span class='ocrx_word' id='word_1_630' title='bbox 2220 4062 2616 4134; x_wconf 90' lang='lat' dir='ltr'><strong>philosophiam</strong></span> <span class='ocrx_word' id='word_1_631' title='bbox 2658 4061 3033 4115; x_wconf 89' lang='lat' dir='ltr'><strong>sincerissime</strong></span> <span class='ocrx_word' id='word_1_632' title='bbox 3086 4061 3351 4116; x_wconf 85' lang='lat' dir='ltr'><strong>ambiens.</strong></span> <span class='ocrx_word' id='word_1_633' title='bbox 3401 4060 3537 4115; x_wconf 86' lang='lat' dir='ltr'><strong>Uni-</strong></span> 
     </span>
    </p>
   </div>
   <div class='ocr_carea' id='block_1_87' title="bbox 1968 4150 3535 4221">
    <p class='ocr_par' dir='ltr' id='par_1_87' title="bbox 1968 4150 3535 4221">
     <span class='ocr_line' id='line_1_90' title="bbox 1968 4150 3535 4221; baseline -0.005 -10"><span class='ocrx_word' id='word_1_634' title='bbox 1968 4172 2126 4212; x_wconf 89' lang='lat' dir='ltr'><strong>versa</strong></span> <span class='ocrx_word' id='word_1_635' title='bbox 2167 4165 2216 4211; x_wconf 93' lang='lat' dir='ltr'><strong>te</strong></span> <span class='ocrx_word' id='word_1_636' title='bbox 2250 4155 2415 4210; x_wconf 89' lang='lat' dir='ltr'><strong>simul</strong></span> <span class='ocrx_word' id='word_1_637' title='bbox 2462 4154 2686 4218; x_wconf 78' lang='lat' dir='ltr'><strong>iatnilia,</strong></span> <span class='ocrx_word' id='word_1_638' title='bbox 2728 4154 2882 4207; x_wconf 91' lang='lat' dir='ltr'><strong>testis</strong></span> <span class='ocrx_word' id='word_1_639' title='bbox 2910 4161 2993 4206; x_wconf 91' lang='lat' dir='ltr'><strong>est</strong></span> <span class='ocrx_word' id='word_1_640' title='bbox 3035 4150 3197 4217; x_wconf 88' lang='lat' dir='ltr'><strong>Deus,</strong></span> <span class='ocrx_word' id='word_1_641' title='bbox 3221 4162 3325 4206; x_wconf 89' lang='lat' dir='ltr'><strong>tam</strong></span> <span class='ocrx_word' id='word_1_642' title='bbox 3360 4154 3535 4221; x_wconf 69' lang='lat' dir='ltr'><strong>pueri,</strong></span> 
     </span>
    </p>
   </div>
   <div class='ocr_carea' id='block_1_88' title="bbox 1971 4238 3536 4317">
    <p class='ocr_par' dir='ltr' id='par_1_88' title="bbox 1971 4238 3536 4317">
     <span class='ocr_line' id='line_1_91' title="bbox 1971 4238 3536 4317; baseline -0.008 -17"><span class='ocrx_word' id='word_1_643' title='bbox 1971 4261 2131 4317; x_wconf 90' lang='lat' dir='ltr'><strong>quam</strong></span> <span class='ocrx_word' id='word_1_644' title='bbox 2173 4260 2352 4307; x_wconf 87' lang='lat' dir='ltr'><strong>senes,</strong></span> <span class='ocrx_word' id='word_1_645' title='bbox 2393 4252 2448 4299; x_wconf 91' lang='lat' dir='ltr'><strong>et</strong></span> <span class='ocrx_word' id='word_1_646' title='bbox 2482 4242 2736 4296; x_wconf 89' lang='lat' dir='ltr'><strong>mulieres</strong></span> <span class='ocrx_word' id='word_1_647' title='bbox 2773 4241 3031 4295; x_wconf 87' lang='lat' dir='ltr'><strong>salutant.</strong></span> <span class='ocrx_word' id='word_1_648' title='bbox 3074 4239 3394 4308; x_wconf 87' lang='lat' dir='ltr'><strong>Quanquam</strong></span> <span class='ocrx_word' id='word_1_649' title='bbox 3425 4238 3536 4290; x_wconf 88' lang='lat' dir='ltr'><strong>t&#39;or-</strong></span> 
     </span>
    </p>
   </div>
   <div class='ocr_carea' id='block_1_89' title="bbox 302 4333 3531 4419">
    <p class='ocr_par' dir='ltr' id='par_1_89' title="bbox 302 4333 3531 4419">
     <span class='ocr_line' id='line_1_92' title="bbox 302 4333 3531 4419; baseline -0.007 -14"><span class='ocrx_word' id='word_1_650' title='bbox 302 4352 468 4405; x_wconf 83' lang='lat' dir='ltr'><strong>tassis</strong></span> <span class='ocrx_word' id='word_1_651' title='bbox 496 4353 657 4406; x_wconf 90' lang='lat' dir='ltr'><strong>etiam</strong></span> <span class='ocrx_word' id='word_1_652' title='bbox 694 4350 1059 4414; x_wconf 86' lang='lat' dir='ltr'><strong>blandientes,</strong></span> <span class='ocrx_word' id='word_1_653' title='bbox 1103 4357 1264 4419; x_wconf 88' lang='lat' dir='ltr'><strong>atque</strong></span> <span class='ocrx_word' id='word_1_654' title='bbox 1301 4348 1637 4402; x_wconf 87' lang='lat' dir='ltr'><strong>humanitate</strong></span> <span class='ocrx_word' id='word_1_655' title='bbox 1676 4352 2063 4415; x_wconf 84' lang='lat' dir='ltr'><strong>prosequentes</strong></span> <span class='ocrx_word' id='word_1_656' title='bbox 2102 4342 2358 4396; x_wconf 87' lang='lat' dir='ltr'><strong>mulieres</strong></span> <span class='ocrx_word' id='word_1_657' title='bbox 2389 4338 2590 4395; x_wconf 88' lang='lat' dir='ltr'><strong>oderis.</strong></span> <span class='ocrx_word' id='word_1_658' title='bbox 2622 4336 2756 4390; x_wconf 79' lang='lat' dir='ltr'><strong>Vide</strong></span> <span class='ocrx_word' id='word_1_659' title='bbox 2782 4335 2911 4405; x_wconf 91' lang='lat' dir='ltr'><strong>quid</strong></span> <span class='ocrx_word' id='word_1_660' title='bbox 2978 4333 3213 4388; x_wconf 81' lang='lat' dir='ltr'><strong>feceris:</strong></span> <span class='ocrx_word' id='word_1_661' title='bbox 3259 4348 3362 4397; x_wconf 87' lang='lat' dir='ltr'><strong>me,</strong></span> <span class='ocrx_word' id='word_1_662' title='bbox 3407 4346 3531 4386; x_wconf 85' lang='lat' dir='ltr'><strong>cum</strong></span> 
     </span>
    </p>
   </div>
   <div class='ocr_carea' id='block_1_90' title="bbox 287 4426 3541 4512">
    <p class='ocr_par' dir='ltr' id='par_1_90' title="bbox 287 4426 3541 4512">
     <span class='ocr_line' id='line_1_93' title="bbox 287 4426 3541 4512; baseline -0.005 -15"><span class='ocrx_word' id='word_1_663' title='bbox 287 4430 360 4497; x_wconf 73' lang='lat' dir='ltr'><strong>in</strong></span> <span class='ocrx_word' id='word_1_664' title='bbox 389 4444 475 4498; x_wconf 84' lang='lat' dir='ltr'><strong>via</strong></span> <span class='ocrx_word' id='word_1_665' title='bbox 506 4457 703 4507; x_wconf 89' lang='lat' dir='ltr'><strong>essem,</strong></span> <span class='ocrx_word' id='word_1_666' title='bbox 745 4443 1019 4498; x_wconf 86' lang='lat' dir='ltr'><strong>mordicus</strong></span> <span class='ocrx_word' id='word_1_667' title='bbox 1044 4444 1441 4512; x_wconf 90' lang='lat' dir='ltr'><strong>apprehensum</strong></span> <span class='ocrx_word' id='word_1_668' title='bbox 1469 4442 1698 4494; x_wconf 87' lang='lat' dir='ltr'><strong>detines.</strong></span> <span class='ocrx_word' id='word_1_669' title='bbox 1758 4436 2011 4492; x_wconf 82' lang='lat' dir='ltr'><strong>Profecto</strong></span> <span class='ocrx_word' id='word_1_670' title='bbox 2085 4434 2325 4505; x_wconf 63' lang='lat' dir='ltr'><strong>Egyptii</strong></span> <span class='ocrx_word' id='word_1_671' title='bbox 2399 4434 2765 4487; x_wconf 86' lang='lat' dir='ltr'><strong>incantatores</strong></span> <span class='ocrx_word' id='word_1_672' title='bbox 2845 4435 3000 4493; x_wconf 90' lang='lat' dir='ltr'><strong>sunt;</strong></span> <span class='ocrx_word' id='word_1_673' title='bbox 3033 4441 3132 4480; x_wconf 89' lang='lat' dir='ltr'><strong>nec</strong></span> <span class='ocrx_word' id='word_1_674' title='bbox 3167 4427 3347 4480; x_wconf 80' lang='lat' dir='ltr'><strong>omnia</strong></span> <span class='ocrx_word' id='word_1_675' title='bbox 3396 4426 3541 4481; x_wconf 65' lang='lat' dir='ltr'><strong>falso</strong></span> 
     </span>
    </p>
   </div>
   <div class='ocr_carea' id='block_1_91' title="bbox 303 4519 3536 4606">
    <p class='ocr_par' dir='ltr' id='par_1_91' title="bbox 303 4519 3536 4606">
     <span class='ocr_line' id='line_1_94' title="bbox 303 4519 3536 4606; baseline -0.005 -18"><span class='ocrx_word' id='word_1_676' title='bbox 303 4538 375 4591; x_wconf 85' lang='lat' dir='ltr'><strong>ab</strong></span> <span class='ocrx_word' id='word_1_677' title='bbox 393 4534 627 4589; x_wconf 90' lang='lat' dir='ltr'><strong>llomero</strong></span> <span class='ocrx_word' id='word_1_678' title='bbox 650 4543 779 4590; x_wconf 89' lang='lat' dir='ltr'><strong>sunt</strong></span> <span class='ocrx_word' id='word_1_679' title='bbox 800 4535 1200 4606; x_wconf 89' lang='lat' dir='ltr'><strong>prodita:cum</strong></span> <span class='ocrx_word' id='word_1_680' title='bbox 1225 4544 1278 4587; x_wconf 91' lang='lat' dir='ltr'><strong>tu</strong></span> <span class='ocrx_word' id='word_1_681' title='bbox 1307 4536 1421 4604; x_wconf 90' lang='lat' dir='ltr'><strong>ipse</strong></span> <span class='ocrx_word' id='word_1_682' title='bbox 1444 4535 1875 4588; x_wconf 89' lang='lat' dir='ltr'><strong>ineantationum</strong></span> <span class='ocrx_word' id='word_1_683' title='bbox 1915 4533 2103 4601; x_wconf 90' lang='lat' dir='ltr'><strong>plenas</strong></span> <span class='ocrx_word' id='word_1_684' title='bbox 2179 4530 2384 4584; x_wconf 88' lang='lat' dir='ltr'><strong>litteras</strong></span> <span class='ocrx_word' id='word_1_685' title='bbox 2430 4527 2503 4581; x_wconf 88' lang='lat' dir='ltr'><strong>ab</strong></span> <span class='ocrx_word' id='word_1_686' title='bbox 2561 4523 2798 4594; x_wconf 56' lang='lat' dir='ltr'><strong>{Egypto</strong></span> <span class='ocrx_word' id='word_1_687' title='bbox 2837 4523 3044 4585; x_wconf 85' lang='lat' dir='ltr'><strong>mittas.</strong></span> <span class='ocrx_word' id='word_1_688' title='bbox 3078 4520 3255 4591; x_wconf 83' lang='lat' dir='ltr'><strong>Atque</strong></span> <span class='ocrx_word' id='word_1_689' title='bbox 3321 4519 3536 4575; x_wconf 64' lang='lat' dir='ltr'><strong>Helene</strong></span> 
     </span>
    </p>
   </div>
   <div class='ocr_carea' id='block_1_92' title="bbox 304 4627 1436 4698">
    <p class='ocr_par' dir='ltr' id='par_1_92' title="bbox 304 4627 1436 4698">
     <span class='ocr_line' id='line_1_95' title="bbox 304 4627 1436 4698; baseline -0.003 -16"><span class='ocrx_word' id='word_1_690' title='bbox 304 4628 527 4698; x_wconf 91' lang='lat' dir='ltr'><strong>quidem</strong></span> <span class='ocrx_word' id='word_1_691' title='bbox 555 4627 879 4682; x_wconf 89' lang='lat' dir='ltr'><strong>obliviosum</strong></span> <span class='ocrx_word' id='word_1_692' title='bbox 912 4630 1165 4683; x_wconf 67' lang='lat' dir='ltr'><strong>maeroris</strong></span> <span class='ocrx_word' id='word_1_693' title='bbox 1184 4628 1436 4697; x_wconf 88' lang='lat' dir='ltr'><strong>poeulmn</strong></span> 
     </span>
    </p>
   </div>
   <div class='ocr_carea' id='block_1_93' title="bbox 486 4704 1860 4793">
    <p class='ocr_par' dir='ltr' id='par_1_93' title="bbox 486 4721 1677 4793">
     <span class='ocr_line' id='line_1_96' title="bbox 486 4721 1677 4793; baseline -0.001 -18"><span class='ocrx_word' id='word_1_694' title='bbox 486 4722 845 4793; x_wconf 77' lang='grc' dir='ltr'>Πολύδαμνα</span> <span class='ocrx_word' id='word_1_695' title='bbox 894 4725 1041 4791; x_wconf 80' lang='grc' dir='ltr'>πόρε</span> <span class='ocrx_word' id='word_1_696' title='bbox 1080 4722 1277 4786; x_wconf 78' lang='grc' dir='ltr'>Θῶνος</span> <span class='ocrx_word' id='word_1_697' title='bbox 1313 4721 1677 4789; x_wconf 78' lang='grc' dir='ltr'>παράκοιτις.</span> 
     </span>
    </p>
   </div>
   <div class='ocr_carea' id='block_1_94' title="bbox 1960 4704 3185 4793">
    <p class='ocr_par' dir='ltr' id='par_1_94' title="bbox 2216 4704 3185 4776">
     <span class='ocr_line' id='line_1_97' title="bbox 2216 4704 3185 4776; baseline -0.007 -13"><span class='ocrx_word' id='word_1_698' title='bbox 2216 4711 2359 4766; x_wconf 82' lang='lat' dir='ltr'><strong>dedit</strong></span> <span class='ocrx_word' id='word_1_699' title='bbox 2395 4709 2587 4763; x_wconf 71' lang='lat' dir='ltr'><strong>Tironis</strong></span> <span class='ocrx_word' id='word_1_700' title='bbox 2613 4708 2805 4776; x_wconf 75' lang='lat' dir='ltr'><strong>conjux</strong></span> <span class='ocrx_word' id='word_1_701' title='bbox 2829 4704 3185 4774; x_wconf 83' lang='lat' dir='ltr'><strong>Polydamna.</strong></span> 
     </span>
    </p>
   </div>
   <div class='ocr_carea' id='block_1_95' title="bbox 308 4797 1860 4887">
    <p class='ocr_par' dir='ltr' id='par_1_95' title="bbox 308 4809 1860 4887">
     <span class='ocr_line' id='line_1_98' title="bbox 308 4809 1860 4887; baseline -0.002 -20"><span class='ocrx_word' id='word_1_702' title='bbox 308 4815 401 4867; x_wconf 79' lang='grc' dir='ltr'><strong>Σοὶ</strong></span> <span class='ocrx_word' id='word_1_703' title='bbox 442 4815 500 4867; x_wconf 79' lang='grc' dir='ltr'><strong>δὲ</strong></span> <span class='ocrx_word' id='word_1_704' title='bbox 534 4815 618 4878; x_wconf 88' lang='grc' dir='ltr'><strong>τίς</strong></span> <span class='ocrx_word' id='word_1_705' title='bbox 667 4816 727 4868; x_wconf 91' lang='grc' dir='ltr'><strong>τὸ</strong></span> <span class='ocrx_word' id='word_1_706' title='bbox 769 4816 993 4887; x_wconf 86' lang='grc' dir='ltr'>ἀνιαρὸν</span> <span class='ocrx_word' id='word_1_707' title='bbox 1028 4815 1281 4878; x_wconf 84' lang='grc' dir='ltr'>δέδωκεν,</span> <span class='ocrx_word' id='word_1_708' title='bbox 1308 4809 1353 4883; x_wconf 82' lang='grc' dir='ltr'><strong>ᾧ</strong></span> <span class='ocrx_word' id='word_1_709' title='bbox 1392 4815 1582 4885; x_wconf 88' lang='grc' dir='ltr'>χρίσας</span> <span class='ocrx_word' id='word_1_710' title='bbox 1627 4812 1860 4883; x_wconf 69' lang='grc' dir='ltr'>ἔπεμψας</span> 
     </span>
    </p>
   </div>
   <div class='ocr_carea' id='block_1_96' title="bbox 1960 4797 3540 4887">
    <p class='ocr_par' dir='ltr' id='par_1_96' title="bbox 1972 4797 3540 4873">
     <span class='ocr_line' id='line_1_99' title="bbox 1972 4797 3540 4873; baseline -0.005 -14"><span class='ocrx_word' id='word_1_711' title='bbox 1972 4804 2092 4859; x_wconf 88' lang='lat' dir='ltr'><strong>Tibi</strong></span> <span class='ocrx_word' id='word_1_712' title='bbox 2125 4819 2254 4859; x_wconf 87' lang='lat' dir='ltr'><strong>vero</strong></span> <span class='ocrx_word' id='word_1_713' title='bbox 2291 4805 2416 4873; x_wconf 89' lang='lat' dir='ltr'><strong>quis</strong></span> <span class='ocrx_word' id='word_1_714' title='bbox 2470 4802 2720 4857; x_wconf 73' lang='lat' dir='ltr'><strong>maeroris</strong></span> <span class='ocrx_word' id='word_1_715' title='bbox 2782 4798 3018 4855; x_wconf 82' lang='lat' dir='ltr'><strong>eﬁiciens</strong></span> <span class='ocrx_word' id='word_1_716' title='bbox 3066 4798 3200 4853; x_wconf 91' lang='lat' dir='ltr'><strong>illud</strong></span> <span class='ocrx_word' id='word_1_717' title='bbox 3229 4797 3401 4864; x_wconf 89' lang='lat' dir='ltr'><strong>dedit,</strong></span> <span class='ocrx_word' id='word_1_718' title='bbox 3426 4814 3540 4868; x_wconf 87' lang='lat' dir='ltr'><strong>quo</strong></span> 
     </span>
    </p>
   </div>
   <div class='ocr_carea' id='block_1_97' title="bbox 292 4891 1860 4977">
    <p class='ocr_par' dir='ltr' id='par_1_97' title="bbox 292 4906 751 4977">
     <span class='ocr_line' id='line_1_100' title="bbox 292 4906 751 4977; baseline 0 -18"><span class='ocrx_word' id='word_1_719' title='bbox 292 4907 411 4977; x_wconf 78' lang='grc' dir='ltr'>τὴν</span> <span class='ocrx_word' id='word_1_720' title='bbox 430 4906 715 4977; x_wconf 80' lang='grc' dir='ltr'>ἐπιστολήν</span> <span class='ocrx_word' id='word_1_721' title='bbox 736 4924 751 4973; x_wconf 86' lang='grc'><strong>;</strong></span> 
     </span>
    </p>
   </div>
   <div class='ocr_carea' id='block_1_98' title="bbox 1960 4891 3092 4977">
    <p class='ocr_par' dir='ltr' id='par_1_98' title="bbox 1970 4891 3092 4962">
     <span class='ocr_line' id='line_1_101' title="bbox 1970 4891 3092 4962; baseline -0.009 -8"><span class='ocrx_word' id='word_1_722' title='bbox 1970 4900 2263 4954; x_wconf 89' lang='lat' dir='ltr'><strong>delibutam</strong></span> <span class='ocrx_word' id='word_1_723' title='bbox 2304 4896 2371 4950; x_wconf 88' lang='lat' dir='ltr'><strong>ad</strong></span> <span class='ocrx_word' id='word_1_724' title='bbox 2415 4912 2498 4949; x_wconf 90' lang='lat' dir='ltr'><strong>me</strong></span> <span class='ocrx_word' id='word_1_725' title='bbox 2526 4893 2813 4962; x_wconf 87' lang='lat' dir='ltr'><strong>epistolam</strong></span> <span class='ocrx_word' id='word_1_726' title='bbox 2850 4891 3092 4946; x_wconf 81' lang='lat' dir='ltr'><strong>misisti?</strong></span> 
     </span>
    </p>
   </div>
   <div class='ocr_carea' id='block_1_99' title="bbox 2446 4982 3051 5039">
    <p class='ocr_par' dir='ltr' id='par_1_99' title="bbox 2446 4982 3051 5039">
     <span class='ocr_line' id='line_1_102' title="bbox 2446 4982 3051 5039; baseline -0.005 0"><span class='ocrx_word' id='word_1_727' title='bbox 2446 4984 2780 5039; x_wconf 82' lang='lat' dir='ltr'><strong>EPISTOLA</strong></span> <span class='ocrx_word' id='word_1_728' title='bbox 2819 4982 3051 5039; x_wconf 77' lang='lat' dir='ltr'><strong>CXLV].</strong></span> 
     </span>
    </p>
   </div>
   <div class='ocr_carea' id='block_1_100' title="bbox 800 4998 1381 5066">
    <p class='ocr_par' dir='ltr' id='par_1_100' title="bbox 800 4998 1381 5066">
     <span class='ocr_line' id='line_1_103' title="bbox 800 4998 1381 5066; baseline -0.007 -13"><span class='ocrx_word' id='word_1_729' title='bbox 800 4998 1141 5053; x_wconf 73' lang='grc' dir='ltr'><strong>ΕΠΙΣΤΟΑΗ</strong></span> <span class='ocrx_word' id='word_1_730' title='bbox 1188 4998 1381 5066; x_wconf 71' lang='grc' dir='ltr'>ΡΜσ-ι.</span> 
     </span>
    </p>
   </div>
   <div class='ocr_carea' id='block_1_101' title="bbox 982 5088 1245 5158">
    <p class='ocr_par' dir='ltr' id='par_1_101' title="bbox 982 5088 1245 5158">
     <span class='ocr_line' id='line_1_104' title="bbox 982 5088 1245 5158; baseline -0.008 -15"><span class='ocrx_word' id='word_1_731' title='bbox 982 5088 1245 5158; x_wconf 75' lang='grc' dir='ltr'><strong>Ἰωάννῃ,</strong></span> 
     </span>
    </p>
   </div>
   <div class='ocr_carea' id='block_1_102' title="bbox 384 5175 1867 5262">
    <p class='ocr_par' dir='ltr' id='par_1_102' title="bbox 384 5175 1867 5262">
     <span class='ocr_line' id='line_1_105' title="bbox 384 5175 1867 5262; baseline -0.013 -17"><span class='ocrx_word' id='word_1_732' title='bbox 384 5184 551 5262; x_wconf 79' lang='grc' dir='ltr'>Οἶμαί</span> <span class='ocrx_word' id='word_1_733' title='bbox 585 5205 644 5241; x_wconf 89' lang='grc' dir='ltr'><strong>σε</strong></span> <span class='ocrx_word' id='word_1_734' title='bbox 669 5184 763 5238; x_wconf 77' lang='grc' dir='ltr'><strong>καὶ</strong></span> <span class='ocrx_word' id='word_1_735' title='bbox 792 5181 898 5253; x_wconf 85' lang='grc' dir='ltr'><strong>πρὸ</strong></span> <span class='ocrx_word' id='word_1_736' title='bbox 922 5179 1085 5250; x_wconf 80' lang='grc' dir='ltr'>εὐχῆς</span> <span class='ocrx_word' id='word_1_737' title='bbox 1124 5175 1183 5231; x_wconf 78' lang='grc' dir='ltr'><strong>εὖ</strong></span> <span class='ocrx_word' id='word_1_738' title='bbox 1219 5178 1474 5249; x_wconf 84' lang='grc' dir='ltr'>πράττειν</span> <span class='ocrx_word' id='word_1_739' title='bbox 1494 5217 1508 5241; x_wconf 92' lang='grc'><strong>,</strong></span> <span class='ocrx_word' id='word_1_740' title='bbox 1539 5176 1596 5237; x_wconf 86' lang='grc' dir='ltr'>ὃς</span> <span class='ocrx_word' id='word_1_741' title='bbox 1623 5192 1685 5244; x_wconf 86' lang='grc' dir='ltr'><strong>γε</strong></span> <span class='ocrx_word' id='word_1_742' title='bbox 1716 5175 1867 5243; x_wconf 79' lang='grc' dir='ltr'>ἀφεὶς</span> 
     </span>
    </p>
   </div>
   <div class='ocr_carea' id='block_1_103' title="bbox 313 5272 974 5351">
    <p class='ocr_par' dir='ltr' id='par_1_103' title="bbox 313 5272 974 5351">
     <span class='ocr_line' id='line_1_106' title="bbox 313 5272 974 5351; baseline -0.017 -16"><span class='ocrx_word' id='word_1_743' title='bbox 313 5279 440 5345; x_wconf 80' lang='grc' dir='ltr'>τοὺς</span> <span class='ocrx_word' id='word_1_744' title='bbox 461 5276 773 5351; x_wconf 78' lang='grc' dir='ltr'>ἀνθρώπους</span> <span class='ocrx_word' id='word_1_745' title='bbox 805 5272 974 5345; x_wconf 76' lang='grc' dir='ltr'>ἡμᾶς,</span> 
     </span>
    </p>
   </div>
   <div class='ocr_carea' id='block_1_104' title="bbox 2304 5074 3323 5143">
    <p class='ocr_par' dir='ltr' id='par_1_104' title="bbox 2304 5074 3323 5143">
     <span class='ocr_line' id='line_1_107' title="bbox 2304 5074 3323 5143; baseline -0.005 -11"><span class='ocrx_word' id='word_1_746' title='bbox 2304 5140 2307 5141; x_wconf 21' lang='grc' dir='ltr'><strong>ν</strong></span> <span class='ocrx_word' id='word_1_747' title='bbox 2634 5074 2852 5131; x_wconf 67' lang='lat' dir='ltr'><strong>JoanuL</strong></span> <span class='ocrx_word' id='word_1_748' title='bbox 3320 5140 3323 5143; x_wconf 18' lang='grc' dir='ltr'><em>Α</em></span> 
     </span>
    </p>
   </div>
   <div class='ocr_carea' id='block_1_105' title="bbox 2050 5152 3536 5242">
    <p class='ocr_par' dir='ltr' id='par_1_105' title="bbox 2050 5152 3536 5242">
     <span class='ocr_line' id='line_1_108' title="bbox 2050 5152 3536 5242; baseline -0.004 -18"><span class='ocrx_word' id='word_1_749' title='bbox 2050 5171 2159 5242; x_wconf 78' lang='lat' dir='ltr'><strong>Ego</strong></span> <span class='ocrx_word' id='word_1_750' title='bbox 2197 5180 2247 5225; x_wconf 90' lang='lat' dir='ltr'><strong>te</strong></span> <span class='ocrx_word' id='word_1_751' title='bbox 2275 5183 2437 5239; x_wconf 87' lang='lat' dir='ltr'><strong>supra</strong></span> <span class='ocrx_word' id='word_1_752' title='bbox 2488 5152 2679 5222; x_wconf 75' lang='lat' dir='ltr'><strong>votum</strong></span> <span class='ocrx_word' id='word_1_753' title='bbox 2730 5166 2937 5221; x_wconf 81' lang='lat' dir='ltr'><strong>felicem</strong></span> <span class='ocrx_word' id='word_1_754' title='bbox 2966 5180 3090 5220; x_wconf 91' lang='lat' dir='ltr'><strong>esse</strong></span> <span class='ocrx_word' id='word_1_755' title='bbox 3142 5164 3399 5229; x_wconf 86' lang='lat' dir='ltr'><strong>arbitror,</strong></span> <span class='ocrx_word' id='word_1_756' title='bbox 3440 5166 3536 5234; x_wconf 83' lang='lat' dir='ltr'><strong>qui</strong></span> 
     </span>
    </p>
   </div>
   <div class='ocr_carea' id='block_1_106' title="bbox 1981 5261 3182 5350">
    <p class='ocr_par' dir='ltr' id='par_1_106' title="bbox 1981 5261 3182 5350">
     <span class='ocr_line' id='line_1_109' title="bbox 1981 5261 3182 5350; baseline -0.008 -32"><span class='ocrx_word' id='word_1_757' title='bbox 1981 5279 2081 5319; x_wconf 88' lang='lat' dir='ltr'><strong>nos</strong></span> <span class='ocrx_word' id='word_1_758' title='bbox 2104 5263 2353 5317; x_wconf 83' lang='lat' dir='ltr'><strong>homines</strong></span> <span class='ocrx_word' id='word_1_759' title='bbox 2380 5261 2786 5330; x_wconf 86' lang='lat' dir='ltr'><strong>derelinquens,</strong></span> <span class='ocrx_word' id='word_1_760' title='bbox 3164 5325 3182 5350; x_wconf 35' lang='grc'>⁸</span> 
     </span>
    </p>
   </div>
   <div class='ocr_carea' id='block_1_107' title="bbox 1504 5396 2286 5454">
    <p class='ocr_par' dir='ltr' id='par_1_107' title="bbox 1504 5396 2286 5454">
     <span class='ocr_line' id='line_1_110' title="bbox 1504 5396 2286 5454; baseline 0.001 -1"><span class='ocrx_word' id='word_1_761' title='bbox 1504 5397 1682 5453; x_wconf 88' lang='lat' dir='ltr'><strong>DION.</strong></span> <span class='ocrx_word' id='word_1_762' title='bbox 1732 5396 2003 5452; x_wconf 76' lang='lat' dir='ltr'><strong>PETAVll</strong></span> <span class='ocrx_word' id='word_1_763' title='bbox 2056 5396 2286 5454; x_wconf 65' lang='lat' dir='ltr'><strong>NOTAE.</strong></span> 
     </span>
    </p>
   </div>
   <div class='ocr_carea' id='block_1_108' title="bbox 393 5525 1860 5616">
    <p class='ocr_par' dir='ltr' id='par_1_108' title="bbox 393 5531 1860 5616">
     <span class='ocr_line' id='line_1_111' title="bbox 393 5531 1860 5616; baseline -0.012 -14"><span class='ocrx_word' id='word_1_764' title='bbox 393 5545 502 5616; x_wconf 86' lang='lat'><strong>(85)</strong></span> <span class='ocrx_word' id='word_1_765' title='bbox 552 5541 926 5616; x_wconf 60' lang='grc' dir='ltr'>Συστάοεωε.</span> <span class='ocrx_word' id='word_1_766' title='bbox 965 5533 1534 5616; x_wconf 48' lang='grc' dir='ltr'>πολλῷ-πρᾷ-τερον.</span> <span class='ocrx_word' id='word_1_767' title='bbox 1568 5531 1860 5616; x_wconf 58' lang='lat' dir='ltr'><strong>_Assentioi</strong></span> 
     </span>
    </p>
   </div>
   <div class='ocr_carea' id='block_1_109' title="bbox 1960 5525 3536 5616">
    <p class='ocr_par' dir='ltr' id='par_1_109' title="bbox 1980 5525 3536 5616">
     <span class='ocr_line' id='line_1_112' title="bbox 1980 5525 3536 5616; baseline -0.003 -31"><span class='ocrx_word' id='word_1_768' title='bbox 1980 5534 2151 5616; x_wconf 79' lang='lat' dir='ltr'><strong>mule</strong></span> <span class='ocrx_word' id='word_1_769' title='bbox 2185 5541 2310 5613; x_wconf 78' lang='lat' dir='ltr'><strong>ante</strong></span> <span class='ocrx_word' id='word_1_770' title='bbox 2348 5532 2555 5613; x_wconf 79' lang='lat' dir='ltr'><strong>litteras</strong></span> <span class='ocrx_word' id='word_1_771' title='bbox 2580 5528 2814 5616; x_wconf 79' lang='lat' dir='ltr'><strong>dedisse,</strong></span> <span class='ocrx_word' id='word_1_772' title='bbox 2853 5526 3055 5598; x_wconf 88' lang='lat' dir='ltr'><strong>quibus</strong></span> <span class='ocrx_word' id='word_1_773' title='bbox 3086 5526 3376 5581; x_wconf 86' lang='lat' dir='ltr'><strong>vehemens</strong></span> <span class='ocrx_word' id='word_1_774' title='bbox 3404 5525 3536 5580; x_wconf 84' lang='lat' dir='ltr'><strong>illud</strong></span> 
     </span>
    </p>
   </div>
   <div class='ocr_carea' id='block_1_110' title="bbox 320 5601 1877 5672">
    <p class='ocr_par' dir='ltr' id='par_1_110' title="bbox 320 5601 1877 5672">
     <span class='ocr_line' id='line_1_113' title="bbox 320 5601 1877 5672; baseline -0.012 0"><span class='ocrx_word' id='word_1_775' title='bbox 320 5601 698 5672; x_wconf 52' lang='lat' dir='ltr'><strong>ert‘tditissimo</strong></span> <span class='ocrx_word' id='word_1_776' title='bbox 724 5613 843 5665; x_wconf 88' lang='lat' dir='ltr'><strong>viro</strong></span> <span class='ocrx_word' id='word_1_777' title='bbox 872 5601 1135 5664; x_wconf 79' lang='lat' dir='ltr'><strong>Federico</strong></span> <span class='ocrx_word' id='word_1_778' title='bbox 1172 5601 1413 5663; x_wconf 83' lang='lat' dir='ltr'><strong>Morello,</strong></span> <span class='ocrx_word' id='word_1_779' title='bbox 1442 5602 1533 5671; x_wconf 87' lang='lat' dir='ltr'><strong>qui</strong></span> <span class='ocrx_word' id='word_1_780' title='bbox 1568 5604 1653 5655; x_wconf 89' lang='lat' dir='ltr'><strong>hic</strong></span> <span class='ocrx_word' id='word_1_781' title='bbox 1692 5601 1877 5654; x_wconf 81' lang='grc' dir='ltr'>ἐνστά-</span> 
     </span>
    </p>
   </div>
   <div class='ocr_carea' id='block_1_111' title="bbox 307 5673 1875 5756">
    <p class='ocr_par' dir='ltr' id='par_1_111' title="bbox 307 5673 1875 5756">
     <span class='ocr_line' id='line_1_114' title="bbox 307 5673 1875 5756; baseline -0.01 -16"><span class='ocrx_word' id='word_1_782' title='bbox 307 5704 464 5748; x_wconf 61' lang='grc' dir='ltr'>πεως</span> <span class='ocrx_word' id='word_1_783' title='bbox 499 5684 779 5756; x_wconf 81' lang='lat' dir='ltr'><strong>legendum</strong></span> <span class='ocrx_word' id='word_1_784' title='bbox 804 5679 1217 5756; x_wconf 59' lang='lat' dir='ltr'><strong>animadvertit.</strong></span> <span class='ocrx_word' id='word_1_785' title='bbox 1258 5676 1357 5756; x_wconf 52' lang='lat' dir='ltr'><strong>(Eni</strong></span> <span class='ocrx_word' id='word_1_786' title='bbox 1402 5673 1875 5754; x_wconf 42' lang='lat' dir='ltr'><strong>atldﬂ‘lcgmldum</strong></span> 
     </span>
    </p>
   </div>
   <div class='ocr_carea' id='block_1_112' title="bbox 326 5744 1878 5828">
    <p class='ocr_par' dir='ltr' id='par_1_112' title="bbox 326 5744 1878 5828">
     <span class='ocr_line' id='line_1_115' title="bbox 326 5744 1878 5828; baseline -0.012 -15"><span class='ocrx_word' id='word_1_787' title='bbox 326 5744 578 5828; x_wconf 49' lang='lat' dir='ltr'><strong>insuper&quot;</strong></span> <span class='ocrx_word' id='word_1_788' title='bbox 611 5754 670 5806; x_wconf 83' lang='grc' dir='ltr'><strong>οὐ</strong></span> <span class='ocrx_word' id='word_1_789' title='bbox 735 5750 911 5822; x_wconf 83' lang='grc' dir='ltr'>πολλῷ</span> <span class='ocrx_word' id='word_1_790' title='bbox 961 5749 1238 5819; x_wconf 76' lang='grc' dir='ltr'>πρότερον.</span> <span class='ocrx_word' id='word_1_791' title='bbox 1274 5744 1456 5799; x_wconf 90' lang='lat' dir='ltr'><strong>lnnuit</strong></span> <span class='ocrx_word' id='word_1_792' title='bbox 1488 5744 1633 5798; x_wconf 87' lang='lat' dir='ltr'><strong>enim</strong></span> <span class='ocrx_word' id='word_1_793' title='bbox 1671 5754 1731 5797; x_wconf 91' lang='lat' dir='ltr'><strong>se</strong></span> <span class='ocrx_word' id='word_1_794' title='bbox 1770 5756 1878 5796; x_wconf 87' lang='lat' dir='ltr'><strong>non</strong></span> 
     </span>
    </p>
   </div>
   <div class='ocr_carea' id='block_1_113' title="bbox 1979 5604 2660 5669">
    <p class='ocr_par' dir='ltr' id='par_1_113' title="bbox 1979 5604 2660 5669">
     <span class='ocr_line' id='line_1_116' title="bbox 1979 5604 2660 5669; baseline -0.012 -10"><span class='ocrx_word' id='word_1_795' title='bbox 1979 5604 2311 5659; x_wconf 88' lang='lat' dir='ltr'><strong>desiderium</strong></span> <span class='ocrx_word' id='word_1_796' title='bbox 2352 5604 2660 5669; x_wconf 75' lang='lat' dir='ltr'><strong>castigaret.</strong></span> 
     </span>
    </p>
   </div>
   <div class='ocr_carea' id='block_1_114' title="bbox 2052 5666 3375 5746">
    <p class='ocr_par' dir='ltr' id='par_1_114' title="bbox 2052 5666 3375 5746">
     <span class='ocr_line' id='line_1_117' title="bbox 2052 5666 3375 5746; baseline -0.007 -18"><span class='ocrx_word' id='word_1_797' title='bbox 2052 5673 2159 5746; x_wconf 85' lang='lat'><strong>(86)</strong></span> <span class='ocrx_word' id='word_1_798' title='bbox 2195 5673 2236 5727; x_wconf 85' lang='grc' dir='ltr'><em>Τ</em></span> <span class='ocrx_word' id='word_1_799' title='bbox 2240 5674 2310 5726; x_wconf 73' lang='grc' dir='ltr'>ὸν</span> <span class='ocrx_word' id='word_1_800' title='bbox 2335 5666 2601 5741; x_wconf 55' lang='grc' dir='ltr'>ἀδελφὸν</span> <span class='ocrx_word' id='word_1_801' title='bbox 2641 5668 2857 5737; x_wconf 77' lang='grc' dir='ltr'>Κύρον.</span> <span class='ocrx_word' id='word_1_802' title='bbox 2894 5666 3032 5725; x_wconf 80' lang='lat' dir='ltr'><strong>Vide</strong></span> <span class='ocrx_word' id='word_1_803' title='bbox 3058 5677 3218 5737; x_wconf 81' lang='lat' dir='ltr'><strong>epist.</strong></span> <span class='ocrx_word' id='word_1_804' title='bbox 3256 5666 3375 5721; x_wconf 74' lang='lat' dir='ltr'><strong>us.</strong></span> 
     </span>
    </p>
   </div>
  </div>
