4002 6244
439 220 579 277 1345

508 334 634 388 Atos
673 331 728 386 in
747 329 939 400 pratis.
973 327 1246 384 tenebrosa
1279 327 1335 380 in
1365 334 1517 381 nocte
1534 334 1825 396 vagantes;

436 433 491 478 et
518 424 572 478 in
598 422 834 478 terrenis
864 422 1017 475 euris
1042 421 1406 480 volutatos,te
1435 433 1602 488 supra
1635 417 1758 472 illas
1779 415 2021 487 erigens,

436 531 561 572 cum
589 515 678 570 hic
733 515 914 569 adhuc
967 528 1142 576 esses,
1179 510 1481 574 recessisti,
1519 524 1584 563 ac
1613 509 1830 563 beatum
1865 508 2027 563 instio

438 610 592 665 tuisti
631 608 753 663 vita:
778 621 983 678 genus;
1015 604 1120 658 nisi
1153 603 1367 658 amicus
1395 609 1524 657 tuus
1557 598 1745 656 Ganus
1772 601 1828 655 in
1861 599 2026 656 rebus

441 702 555 756 tuis
591 701 660 756 ad
701 714 801 754 nos
841 696 1182 768 perferendis
1211 711 1276 751 ac
1328 695 1621 750 narrandis
1652 694 2026 750 mentiendum

1553 207 1820 266 SYNESII
1857 207 2319 264 PTOLEMAIDIS
2357 203 2664 262 EPISCOPI

2040 329 2088 388 Α

3563 204 3710 259 ιειι

2189 325 2375 391 Ἀτης
2416 324 2489 377 ἐν
2534 321 2780 392 λειμῶνι
2831 320 2982 376 κατὰ
3019 319 3247 375 σκότον
3293 318 3710 388 ἠλάσκοντας,

2124 416 2220 470 καὶ
2248 419 2362 481 ταῖς
2386 415 2625 486 χθονίαις
2665 414 3170 486 ὲγκαλινδουμένοις
3213 412 3515 487 φροντίσιν,
3548 410 3713 474 αὐτὸς

2125 510 2266 579 ὑπὲρ
2316 510 2517 574 ταύτας
2563 510 2770 580 στήσας
2810 506 3026 574 σαυτὸν,
3055 505 3409 578 ἀνεχώρησας
3445 504 3526 557 ἔτι
3551 503 3714 575 δεῦρο

2127 603 2226 668 ὢν,
2248 604 2338 657 καὶ
2367 602 2644 674 μακαρίας
2670 602 2796 674 ἥψω
2827 600 3002 671 ζωῆς·
3040 601 3090 653 εί
3117 599 3192 673 μὴ
3217 597 3369 668 φίλος
3405 597 3484 652 ὣν
3520 597 3713 660 Γάνος,

2129 699 2186 749 ὲν
2214 696 2289 766 τῷ
2315 696 2514 764 λέγειν,
2547 695 2641 748 καὶ
2671 693 3011 763 διαγγέλλειν
3043 692 3112 746 τὰ
3140 693 3209 745 σά
3243 692 3382 763 πρὸς
3422 693 3572 763 ἡμᾶς
3608 692 3716 744 οἴε-

440 791 691 847 nonnihil
717 789 1034 844 arbitretur.
1068 787 1220 841 Solet
1249 787 1394 841 enim
1424 786 1712 840 veritatem
1755 784 2027 854 imprimis

2141 808 2215 845 sat
2245 790 2354 843 δεῖν
2374 807 2426 842 τι
2475 789 2568 842 καὶ
2609 787 2922 859 ψεύδεσθαι.
2944 785 3129 839 Δεινδν
3174 787 3282 858 γάρ
3307 787 3340 857 ὴ
3369 785 3554 838 εὔνοια
3596 784 3717 837 κλέ-

440 885 721 939 occultare
755 881 1156 936 benevolentia.
1189 880 1378 936 Ganus
1409 879 1578 950 igitur
1605 879 1710 934 iste
1738 876 2026 931 monachi-

441 993 566 1031 cum
624 977 721 1030 tibi
783 976 906 1028 vitae
962 962 1276 1028 institutum
1325 973 1538 1036 tribuit,
1576 986 1643 1025 ac
1690 971 1790 1024 tibi
1829 969 2028 1036 libros,

440 1083 744 1138 eorumque
783 1081 1032 1130 sensum,
1066 1066 1160 1136 qui
1190 1065 1412 1135 quidem
1450 1064 1518 1117 ad
1549 1063 1879 1134 theologiam
1907 1078 2032 1133 per-

441 1162 608 1226 tinet,
631 1159 897 1214 adeundze
927 1159 1079 1212 urbis
1096 1157 1442 1213 occasionem
1469 1156 1688 1212 dedisse
1708 1157 2025 1212 confirmat.

442 1255 599 1308 Pullo
658 1263 709 1307 te
756 1253 984 1321 insuper
1017 1251 1275 1305 amictum
1306 1266 1430 1305 esse
1477 1250 1643 1320 pallio
1676 1249 1831 1304 dicit.
1865 1248 2030 1319 Atqui

442 1348 619 1403 nihilo
665 1345 908 1401 deterius
961 1353 1100 1410 erat,
1148 1343 1446 1398 candidum
1474 1343 1519 1398 si
1561 1349 1730 1398 esset.
1765 1340 2030 1412 Splendi-

440 1443 684 1498 dissimae
713 1439 914 1510 quippe
945 1449 1152 1492 naturae
1177 1435 1422 1491 dicatum
1449 1436 1626 1507 magis
1654 1443 1711 1490 et
1739 1450 2034 1492 consecra-

442 1543 558 1590 tum
590 1533 644 1588 id
683 1531 868 1595 fuerit,
898 1531 1043 1602 quod
1075 1531 1130 1586 in
1155 1529 1262 1597 his,
1285 1544 1407 1600 qua:
1442 1529 1824 1599 percipiuntur
1849 1529 2030 1585 sensi-

441 1628 567 1691 bus,
596 1641 795 1697 purum
819 1634 922 1688 est,
962 1623 1248 1694 magisque
1300 1622 1569 1676 lucidum.
1607 1615 1716 1677 Sed
1752 1622 1796 1678 si
1823 1623 2029 1692 pullum

442 1719 566 1774 ideo
594 1717 832 1772 colorem
863 1715 1130 1786 probasti,
1171 1714 1316 1785 quod
1358 1714 1411 1769 id
1447 1715 1703 1779 aliorum,
1762 1715 1856 1785 qui
1903 1723 2033 1771 ante

443 1822 498 1866 te
531 1817 894 1880 usurparunt,
929 1807 1236 1862 imitatione
1287 1807 1484 1862 feceris
1519 1825 1533 1862 :
1562 1806 1724 1860 laudo
1759 1806 2028 1878 quidquid

446 1905 542 1961 Dei
564 1919 733 1960 causa
773 1902 1131 1972 suscipiatur.
1164 1899 1330 1972 284
1356 1899 1494 1955 Nam
1534 1900 1668 1954 illud
1708 1899 1914 1970 ipsum,
1943 1916 2033 1954 cu-

442 2001 532 2070 jus
567 1999 742 2070 gratia
780 1997 858 2062 fit,
894 1994 1119 2050 facienti
1171 1995 1384 2059 tribuit,
1423 2003 1482 2048 ut
1524 1995 1790 2064 praaclare
1831 1994 2030 2049 sithoc

446 2094 516 2147 ab
545 2108 613 2146 eo
666 2089 872 2144 factum
904 2106 920 2156 ;
975 2089 1228 2158 inestque
1266 2086 1323 2142 in
1368 2086 1652 2142 voluntate
1685 2086 1803 2156 ipsa
1829 2087 2028 2142 virtus.

445 2183 814 2250 Quamobrem
851 2196 954 2236 nos
982 2179 1080 2235 tibi
1113 2178 1474 2250 gratulamur,
1505 2179 1598 2250 qui
1624 2179 1692 2233 ad
1714 2193 1840 2233 eum
1873 2177 2034 2234 finem

445 2275 631 2330 subito
653 2272 990 2344 perveneris,
1026 2271 1186 2342 cujus
1215 2285 1316 2327 nos
1347 2269 1556 2341 pridem
1589 2271 1738 2328 fores
1790 2287 1935 2343 aegre
1979 2281 2035 2327 et

445 2382 574 2423 cum
606 2366 792 2420 labore
819 2364 1122 2434 pulsamus.
1158 2360 1242 2416 Tu
1290 2376 1421 2418 vero
1462 2361 1750 2417 nobiscum
1782 2376 2033 2432 precare,

2125 881 2226 952 ψαι
2256 881 2355 953 τὴν
2387 881 2664 952 ἀλήθειαν.
2716 874 2885 943 Οὗτος
2917 875 3061 932 οῦνὸ
3088 879 3256 941 Γάνος
3287 877 3604 948 ὲπεφήμισέ
3637 893 3718 928 σοι

2128 975 2220 1027 τὸν
2249 975 2457 1045 μονήρη
2495 973 2643 1044 βίον
2677 973 2771 1027 καὶ⁷
2816 972 3092 1044 πρόφασιν
3144 971 3244 1042 τῆς
3298 973 3377 1034 εἰς
3410 972 3512 1041 τὴν
3561 971 3719 1022 πόλιν

2130 1069 2333 1122 εἰσόδου
2361 1067 2563 1138 βιϐλία,
2594 1067 2690 1120 καὶ
2728 1067 2819 1121 τὸν
2845 1066 2969 1120 νοῦν
3014 1067 3217 1130 αὐτῶν,
3265 1065 3388 1128 ὅσος
3420 1067 3502 1127 είς
3538 1062 3722 1117 θεολο-

2130 1160 2256 1230 γίαν
2300 1160 2564 1214 συντείνει
2585 1177 2599 1190 ⁸
2641 1159 2736 1214 καὶ
2766 1158 2926 1230 φαιὸν
2955 1158 3242 1232 τριϐώνιον
3280 1158 3632 1228 ἀμπέχεσθαί

2131 1271 2316 1324 φησιν.
2351 1253 2517 1307 Οὐδὲν
2563 1253 2663 1325 μὲν
2695 1249 2766 1324 ἦν
2811 1255 2964 1325 μεῖον
2989 1295 3004 1321 ,
3037 1253 3085 1305 εί
3130 1253 3226 1305 καὶ
3263 1251 3450 1304 λευκὸν
3497 1246 3588 1321 ἦν.
3643 1248 3722 1319 τῇ

2132 1347 2240 1416 γάρ
2288 1345 2564 1420 φανοτάτῃ
2590 1346 2749 1416 φύσει
2803 1345 3003 1417 μᾶλλον
3037 1344 3396 1415 ἀνακείμενον
3447 1341 3542 1413 εἴη
3574 1342 3638 1394 τὸ
3670 1345 3727 1393 ἐν

2132 1441 2244 1504 τοῖς
2265 1438 2540 1509 αἰσθητοῖς
2569 1437 2830 1510 καθαρὸν,
2852 1437 2947 1492 καὶ
2968 1437 3440 1508 φωτοειδέστερον.
3457 1434 3525 1488 Εἰ
3550 1435 3609 1487 δὲ
3633 1434 3729 1487 καὶ

2132 1529 2195 1583 τὸ
2225 1529 2393 1601 μέλαν
2425 1531 2717 1603 ἐπῄνεσας,
2756 1531 2943 1604 ἐπειδὴ
2975 1529 3121 1604 ζήλῳ
3153 1531 3312 1585 τινῶν
3334 1530 3728 1602 προλαϐόντων

2136 1621 2416 1692 ἐποίησας,
2439 1622 2644 1676 ἐπαινῶ
2677 1623 2786 1676 πᾶν
2813 1622 2874 1676 τὸ
2911 1623 3007 1677 ἐπὶ
3043 1623 3122 1695 τῷ
3161 1624 3290 1694 θείῳ
3319 1622 3629 1692 γινόμενον.
3657 1620 3730 1673 Τὸ

2133 1715 2242 1787 γὰρ
2270 1710 2332 1770 οῦ
2365 1716 2524 1787 χάριν
2549 1716 2983 1784 γίνεται,δίδωσι
3013 1717 3314 1788 κατορθοῦν
3336 1717 3415 1788 τῷ
3452 1716 3728 1779 ποιοῦντι,

2133 1812 2228 1863 καὶ
2254 1810 2623 1881 ήπροαίρεσις
2655 1811 2767 1881 ἔχει
2788 1810 2888 1882 τὴν
2917 1813 3140 1883 ἀρετήν.
3173 1812 3362 1883 Ἡμεῖς
3391 1810 3493 1881 μὲν
3519 1805 3616 1863 οὖν
3647 1827 3730 1862 σοι

2134 1901 2494 1973 συνηδόμεθα,
2532 1902 2874 1973 σχεδιάσαντι
2906 1905 2968 1958 τὸ
2989 1904 3162 1968 τέλος,
3184 1905 3319 1974 ὅπερ
3348 1905 3514 1975 ἡμεῖς
3559 1903 3730 1957 πάλαι

2134 1995 2231 2047 σῦν
2258 1993 2403 2065 πόνῳ
2430 1995 2584 2066 μόλις
2607 1995 3038 2068 θυροκοποῦμεν.
3074 1997 3146 2050 Σὺ
3180 1998 3237 2050 δὲ
3266 1999 3400 2068 ἡμῖν
3440 1996 3728 2061 σύνευξαι,

2134 2086 2335 2155 φθάσαι
2364 2087 2496 2140 ποτὲ
2525 2090 2619 2142 καὶ
2663 2090 2870 2157 αὐτοῖς,
2900 2090 2994 2144 καὶ
3021 2089 3280 2161 εὑρέσθαι
3303 2107 3355 2143 τι
3389 2090 3590 2160 κέρδος
3618 2089 3727 2141 ἀπὸ

2135 2178 2234 2249 τῆς
2276 2180 2336 2233 ὲν
2385 2179 2675 2253 φιλοσοφίᾳ
2709 2182 3002 2255 μερίμνης,
3046 2183 3134 2238 ἵνα
3172 2184 3246 2257 μὴ
3293 2182 3548 2254 τηνάλως
3577 2175 3730 2253 ὦμεν

2136 2274 2592 2346 κατατετριφότες
2619 2275 2758 2347 πρὸς
2787 2277 2900 2340 τοῖς
2941 2275 3169 2346 βιϐλίοις
3204 2275 3296 2329 τὸν
3337 2275 3475 2347 βίον.
3519 2275 3728 2346 ἐρρω-

2145 2364 2322 2436 μένως
2346 2365 2681 2439 εὐδαιμονῶν
2704 2369 2986 2442 διαϐιῴης,
3023 2369 3317 2441 θαυμάσιε.

448 2466 510 2514 ιιι
531 2467 587 2514 et
617 2458 720 2527 ipsi
747 2457 878 2511 olim
919 2469 1320 2527 assequamur;
1370 2455 1623 2522 lucrique
1648 2454 1901 2510 nonnihil
1950 2471 2016 2511 es
2052 2455 2413 2530 philosophiae
2437 2461 2608 2528 curis,
2636 2462 2921 2534 acvigiliis
2948 2463 3328 2533 obtineamus;
3387 2478 3461 2520 ne
3508 2462 3726 2519 frustra

449 2553 506 2608 in
534 2551 689 2608 libris
727 2557 945 2605 aetatem
970 2547 1362 2605 attriverimus.
1393 2546 1752 2614 Incolumem,
1791 2545 2116 2618 felicemque
2147 2550 2312 2608 vitam
2338 2553 2619 2620 traducas,
2649 2556 2734 2611 vir
2767 2557 3006 2629 egregie.

941 2639 1275 2696 EPISTOLA
1304 2637 1560 2694 CXLVII.

1116 2731 1386 2803 Olympio.

523 2826 740 2884 Tributi
772 2813 1044 2897 pendendi
1069 2833 1256 2895 partes
1290 2838 1462 2888 meas,
1489 2839 1555 2879 ac
1586 2839 1789 2880 munus
1817 2833 2040 2896 praeter-

449 2923 601 2980 misi.
630 2919 772 2988 Quid
803 2919 950 2974 enim
977 2917 1235 2982 facerem,
1258 2931 1384 2972 cum
1420 2916 1606 2972 nullus
1635 2931 1666 2971 e
1685 2914 1912 2981 Graecis,
1941 2917 2036 2988 qui

452 3016 680 3086 Libyam
731 3012 1004 3075 incolunt,
1031 3009 1321 3065 onerarias
1364 3009 1432 3064 ad
1459 3023 1610 3064 mare
1635 3018 1886 3064 nostrum
1921 3010 2044 3064 mit-

453 3117 571 3164 tere
596 3106 756 3162 velit?
787 3104 866 3160 Ac
910 3111 963 3158 te
1005 3103 1175 3159 etiam
1227 3102 1376 3158 omni
1415 3102 1789 3174 pensitatione
1843 3101 2034 3158 libero.

453 3200 574 3257 Non
603 3200 750 3256 enim
779 3197 936 3270 Syris
959 3211 1107 3254 cura:
1136 3203 1224 3252 est
1259 3195 1476 3250 navalia
1522 3195 1921 3267 Cyrenensium
1954 3213 2044 3268 ap-

455 3293 682 3365 pellere.
728 3289 886 3358 Quod
935 3289 982 3345 si
1033 3288 1257 3360 quando
1317 3288 1682 3360 contingeret,
1731 3304 1818 3345 me
1855 3298 2042 3344 tamen

457 3388 729 3442 insciente
755 3384 926 3440 ﬁeret.
963 3382 1177 3454 Quippe
1212 3397 1392 3452 neque
1423 3381 1559 3436 mari
1594 3381 1907 3452 proximus,
1941 3397 2042 3437 nec

458 3483 514 3537 in
546 3487 705 3553 portu
741 3477 1030 3550 frequens;
1062 3475 1154 3530 sed
1187 3474 1254 3530 ad
1279 3481 1524 3529 austrum
1546 3475 1602 3528 in
1626 3474 1887 3530 extremis
1918 3489 2041 3530 sum

453 3571 852 3646 llyreuensium
895 3571 1037 3626 situs
1085 3567 1308 3622 ﬁnibus.
1361 3569 1540 3638 Atque
1587 3582 1618 3622 e
1648 3567 1830 3624 vicino
1882 3568 2045 3623 nobis

453 3666 730 3730 habitant,
759 3663 952 3734 quales
996 3661 1223 3732 Ulysses
1267 3659 1534 3713 inlthaca
1588 3659 1805 3714 clavum
1850 3668 2045 3714 tenens

452 3755 808 3822 quaaritabat,
866 3753 1005 3808 iram
1049 3749 1284 3823 Neptuni
1344 3765 1410 3805 ex
1461 3748 1785 3820 praescripto
1835 3749 2044 3804 oraculi

460 3862 790 3922 procurans,

1231 3932 1320 4002 qui
1348 3947 1440 3985 nec
1468 3931 1606 3999 {rem
1638 3941 1834 3986 norunt

603 4005 886 4074 Mortales,
921 4003 1034 4060 sale
1067 4019 1158 4058 nec
1182 4002 1395 4057 condita
1428 4003 1632 4056 cibaria
1662 4003 1880 4058 rodunt.

466 4191 575 4246 Sed
615 4205 684 4246 ne
706 4197 911 4244 temere
954 4185 1100 4243 istud
1131 4200 1160 4239 a
1191 4200 1279 4239 me
1302 4184 1510 4239 dictum
1548 4184 1854 4250 arbitreris,
1889 4200 1959 4242 ne
1982 4184 2049 4240 ad

467 4287 637 4339 salem
664 4282 1097 4354 quidem‘usque
1128 4287 1350 4334 nostros
1380 4278 1549 4333 maris
1571 4277 1652 4333 uti
1675 4277 2046 4334 commercio:

2646 2649 2995 2705 ΕΠΙΣΤΟΛΗ
3029 2651 3207 2709 ΡΜΖ’.

2783 2743 3108 2813 Ὀλυμπίῳ.

2229 2831 2515 2888 Ἀπέλιπον
2536 2834 2636 2906 τὴν
2657 2833 2810 2902 τάξιν
2839 2837 2947 2891 τῶν
2971 2837 3171 2910 φόρων.
3203 2837 3270 2892 Τί
3295 2837 3403 2911 γάρ
3431 2834 3500 2912 ἦν
3532 2845 3731 2901 ποιεῖν,

2142 2923 2355 3020 οὐδενὸς
2389 2926 2671 3020 ,Ἑλλήνων
2713 2928 2824 2983 τῶν
2851 2929 2950 3002 τὴν
2995 2929 3202 3001 Λιϐύην
3221 2933 3612 3020 ξπῳκηκότων
3650 2935 3736 2986 θέ-

2145 3017 2324 3082 λοντος
2352 3019 2433 3082 είς
2451 3019 2550 3092 τὴν
2579 3022 2708 3092 παρ’
2734 3023 2883 3093 ἡμᾶς
2923 3021 3192 3078 θάλατταν
3226 3017 3536 3095 ἐκπέμπειν
3575 3027 3739 3080 ὁλκά-

2142 3110 2278 3178 δας;
2317 3113 2429 3166 Καὶ
2483 3112 2544 3166 σὲ
2577 3113 2635 3167 δὲ
2682 3115 2886 3186 ἀφίημι
2933 3116 3034 3187 τῆς
3079 3115 3403 3182 συντάξεως.
3439 3119 3584 3172 Οὐδὲ
3632 3121 3738 3190 γὰρ

2143 3202 2334 3275 Σύροις
2357 3205 2617 3277 ἐπιμελὲς
2644 3208 2926 3278 καταίρειν
2945 3211 3025 3274 είς
3044 3209 3113 3264 τά
3144 3212 3473 3282 Κυρηναίων
3494 3212 3735 3268 ἐπίνεια.

2142 3295 2310 3351 Δάθοι
2336 3295 2383 3350 δ’
2407 3296 2473 3352 ἄν
2504 3313 2574 3368 με
2610 3297 2769 3353 τοῦτό
2790 3316 2919 3354 ποτε
2945 3301 3039 3356 καί⁵
3054 3302 3362 3371 γενόμενον.
3389 3303 3464 3356 Οὐ
3489 3305 3601 3373 γάρ
3624 3307 3740 3373 εἰμι

2143 3385 2340 3453 γείτων
2383 3386 2672 3462 θαλάττης,
2727 3390 2839 3443 οὐδ’
2883 3391 3203 3462 ὲλλιμενίζω
3238 3393 3443 3464 συχνά·
3499 3394 3624 3448 ἀλλ’
3650 3397 3740 3447 ἁν-

2143 3477 2385 3551 ῴκισμαι
2408 3483 2543 3553 πρὸς
2567 3484 2717 3537 νότον
2741 3484 2962 3555 ἄνεμον,
2995 3487 3321 3559 Κυρηναίων
3348 3486 3583 3558 ἔσχατος
3603 3505 3618 3517 ·
3647 3489 3740 3540 καὶ

2144 3573 2384 3644 γείτονες
2411 3577 2543 3647 ἡμῖν
2572 3578 2730 3645 εἰσιν,
2765 3579 2912 3643 οἵους
2959 3580 3246 3644 Ὀδυσσεὺς
3281 3582 3418 3635 κατὰ
3467 3582 3570 3652 τὴν
3609 3583 3741 3636 Ἰθά-

2146 3685 2250 3738 κην
2280 3667 2343 3722 τδ
2379 3668 2638 3739 πηδάλιον
2682 3669 2819 3740 έχων
2855 3669 3060 3742 ἐζήτει,
3101 3673 3262 3744 μῆνιν
3299 3674 3642 3738 Ποσειδῶνος
3675 3677 3742 3727 ὲκ

2145 3757 2241 3812 τοῦ
2275 3758 2526 3831 χρησμοῦ
2559 3760 3011 3832 παραιτούμενος,

2805 3941 2864 3996 οἳ
2896 3943 3009 3997 οὐκ
3057 3942 3228 3996 ἴσασι
3270 3943 3598 3999 θάλασσαν

2156 4008 2407 4078 Ἀνέρες,
2438 4012 2582 4066 οὐδέ
2623 4014 2674 4068 θ’
2705 4013 2927 4070 ἅλεσσι
2961 4015 3326 4084 μεμιγμένον
3362 4012 3530 4158 εἷδαιί
3561 4017 3740 4071 ἐδου-

3533 4105 3663 4141 σιν.

2163 4173 2326 4229 Ἀλλὰ
2363 4172 2438 4246 μὴ
2465 4172 2625 4242 λόγον
2662 4173 2837 4238 ἄλλως
2868 4175 3078 4247 οἰηθῇς,
3108 4177 3168 4230 τὸ
3203 4178 3338 4248 μηδὲ
3372 4176 3565 4250 μέχρις
3588 4179 3739 4234 ἁλῶν

2151 4267 2277 4330 τοὺς
2299 4267 2458 4338 δεῦρο
2477 4267 2775 4338 κεχρῆσθαι
2805 4267 3043 4344 θαλάττῃ
3061 4287 3074 4300 ·
3098 4273 3236 4343 μήτε
3267 4269 3374 4343 μὴν
3403 4271 3613 4326 άναλτα
3649 4274 3740 4327 διὰ

469 4392 646 4446 neque
670 4384 853 4428 tamen
885 4371 1112 4428 insulsis
1142 4371 1214 4426 ob
1242 4370 1294 4425 id
1327 4369 1610 4434 carnibus,
1632 4377 1728 4424 aut
1755 4370 1882 4427 libis
1904 4383 2030 4426 vesc

2153 4361 2311 4414 τοῦτο
2344 4360 2652 4414 κατεσθίειν
2689 4361 2825 4433 ἡγοῦ
2857 4362 2926 4417 τά
2958 4363 3096 4435 κρέα
3121 4382 3200 4430 τε,
3223 4366 3316 4419 καὶ
3345 4364 3415 4419 τὰ
3445 4366 3734 4436 πέμματα.

473 4438 622 4537 puta.
659 4463 755 4519 Est
779 4464 949 4528 enim,
982 4478 1080 4534 per
1111 4476 1325 4517 sacram
1355 4458 1576 4517 Vestam
1617 4460 1766 4532 juro,
1794 4469 1875 4516 est
1907 4475 2034 4531 aput

2157 4455 2277 4508 Είσὶ
2325 4455 2391 4527 νὴ
2443 4455 2541 4527 τὴν
2593 4456 2744 4526 ἱερὰν
2787 4456 3034 4523 Ἑστίαν,
3083 4459 3219 4512 είσὶν
3267 4458 3570 4530 ἡπειρῶται
3604 4461 3741 4531 παρ’

469 4575 574 4618 nos
603 4565 869 4612 terrestre
895 4555 999 4619 sal,
1033 4553 1176 4624 quod
1208 4553 1423 4609 minore
1452 4553 1744 4609 intervallo
1772 4554 1844 4609 ab
1873 4563 2034 4608 austri

2155 4550 2288 4619 ἡμῖν
2316 4548 2473 4612 ἅλες.
2522 4550 2820 4621 ἀπέχοντες
2870 4551 3006 4621 πρὸς
3055 4553 3208 4606 νότον
3245 4551 3465 4607 ἔλαττον
3506 4553 3539 4624 ἦ
3597 4547 3740 4626 πρὸς

470 4651 664 4713 distat,
695 4663 860 4718 quam
896 4646 964 4700 ab
1001 4646 1261 4716 aquilone
1293 4661 1468 4702 mare.
1495 4644 1608 4700 Hoc
1644 4645 1934 4701 Ammonis
1983 4660 2034 4700 sa

2158 4639 2467 4711 ἁπαρκτίαν
2493 4643 2526 4714 ὴ
2553 4641 2817 4699 θάλαττα.
2868 4643 3101 4709 Τούτους
3131 4646 3426 4717 ’Ἄμμωνος
3459 4645 3742 4716 καλοῦμεν

472 4758 501 4796 a
541 4742 698 4796 nobis
726 4739 1053 4810 appellatur.
1077 4737 1288 4810 Lapide
1315 4739 1420 4794 hoc
1453 4737 1658 4794 friabili
1689 4738 1877 4807 alitur,
1901 4746 2032 4808 atqu

2159 4738 2284 4800 τοὺς
2316 4736 2452 4801 ἃλας
2485 4737 2620 4808 (87).
2668 4737 2852 4809 Πέτρα
2891 4737 2948 4791 δὲ
3001 4738 3197 4803 αὐτοὺς
3223 4738 3451 4812 ψαφαρὰ
3483 4739 3577 4794 καὶ
3613 4739 3742 4812 τρὶ-

472 4835 905 4906 tegitur;quem
939 4841 1143 4886 crustae
1192 4831 1250 4886 in
1302 4830 1523 4886 modum
1559 4830 1888 4887 insidentem
1940 4847 2034 4886 cur

2163 4848 2273 4900 φει,
2305 4832 2400 4885 καὶ
2456 4831 2720 4904 κρύπτει·
2769 4833 2837 4903 ἢν
2880 4832 3008 4886 ὅταν
3047 4833 3254 4905 ἀφέλῃς
3297 4832 3744 4902 ἐπιϐεϐλημένην

472 4925 820 4990 detraxeris,
883 4922 1034 4977 facili
1091 4923 1308 4994 negotio
1376 4922 1634 4978 manibus
1695 4936 1760 4977 ac
1824 4923 2034 4978 sarculi:

2162 4924 2352 4997 ὥσπερ
2385 4925 2660 4995 ὲφελκίδα,
2693 4925 2942 4998 ῥᾳστώνη
2977 4924 3150 4998 πολλὴ
3172 4926 3266 4980 καὶ
3303 4927 3456 4997 χερσὶ
3487 4925 3582 4980 καὶ
3606 4942 3742 4980 σκα-

475 5019 641 5074 altius
700 5015 975 5088 proscindi
1022 5014 1270 5085 subjecta
1322 5014 1484 5070 tellus
1532 5020 1732 5084 potest.
1788 5011 1845 5069 Id
1888 5028 2034 5084 porri

2162 5015 2302 5070 λίσιν
2338 5017 2505 5090 ἀροῦν
2541 5018 2603 5072 τὸ
2640 5018 2822 5090 βάθος.
2876 5020 2952 5074 Τὸ
2995 5020 3052 5074 δὲ
3105 5021 3554 5092 ἀναχωννύμενον
3609 5019 3739 5084 ἅλες

1677 5147 1862 5208 DION.
1883 5149 2161 5208 PETAVII
2194 5153 2424 5214 ΝΟΤᾹΞ.

551 5272 677 5345 (8³1)-
713 5269 970 5334 Τούτους
1007 5261 1660 5345 ξΑμέιωνοςβςαλοῦμεν
1689 5259 2032 5345 miranda

2156 5269 2450 5345 levissimus
2479 5269 2999 5345 introspecussuos,
3020 5272 3071 5325 in
3099 5272 3265 5326 lucem
3287 5273 3589 5345 uniuersam
3617 5290 3742 5342 pro-

479 5332 622 5399 Ριιιι.
649 5332 713 5415 Ἰ..
735 5355 884 5404 aut,
1007 5337 1036 5390 7
1071 5332 1387 5415 {Cyrenaigi
1445 5343 1646 5414 tractus
1705 5332 2058 5415 nobilitantur
2153 5339 2308 5415 latus
2328 5341 2414 5415 vix
2434 5332 2686 5415 credibili
2703 5342 2938 5415 pondere
2952 5332 3312 5415 ingravescat.
3334 5343 3582 5415 Dioscpr.
3615 5332 3654 5398 ί.
3688 5361 3743 5411 v,

480 5413 813 5486 ammoniago
839 5409 1055 5486 etuipso,
1100 5409 1225 5486 quia
1267 5406 1363 5486 sub
1397 5420 1559 5486 arena
1601 5406 1920 5486 inueniatur,
1963 5419 2034 5472 apt

2152 5426 2220 5486 c_._
2244 5410 2436 5486 26.__De
2465 5413 2579 5486 sale
2613 5406 2827 5486 fossitio
2850 5413 2978 5468 vide
3006 5406 3229 5486 'Arrian.
3259 5412 3362 5486 lib.
3393 5429 3454 5468 Ill
3476 5412 3558 5486 De
3583 5406 3744 5470 rebus

481 5486 703 5550 peltata.
739 5473 1049 5554 Similis!“
1078 5480 1252 5530 colore
1280 5474 1527 5554 alumini,
1551 5473 1687 5553 quod
1707 5473 1941 5527 schiston
1967 5489 2058 5527 vo—
2086 5531 2094 5540 ,
2153 5482 2306 5554 dplex.
2328 5480 2969 5554 llerodotus‘in'tifelpom.
2991 5484 3189 5539 scribit
3211 5485 3264 5538 in
3286 5482 3454 5554 Libya
3471 5485 3742 5540 interiore

482 5546 638 5616 eaut,
659 5552 829 5629 longis
856 5549 1042 5629 glebis,
1070 5563 1232 5629 neque
1252 5546 1558 5629 perlucidis,
1585 5547 1826 5625 ingratus
1843 5559 2031 5626 sapore

2153 5551 2281 5629 άλὸς
2301 5552 2572 5618 κολωνοὺς
2605 5552 2728 5612 cisse
2759 5546 2847 5609 διά
2877 5553 3013 5609 δέκα
3042 5555 3298 5627 ἡμερέων
3317 5546 3438 5611 ὁδὸῦ
3463 5555 3743 5629 usque?“

487 5634 536 5678 at
585 5616 876 5675 medicina!
904 5619 1072 5671 utiiis.
1107 5617 1374 5670 Probatur
1401 5631 1558 5685 quam
1587 5617 1820 5668 maxime
1846 5616 2051 5685 perspif
2156 5624 2376 5679 fretum.
2553 5616 2564 5618 “
3064 5616 3094 5626 -·
3159 5616 3171 5627 -
3551 5616 3568 5629 .
3650 5622 3656 5626 _

489 5711 638 5756 cuus,
666 5693 820 5746 rectis
870 5688 1137 5744 scissuris.
1177 5686 1388 5756 Insigne
1414 5683 1489 5742 οε
1527 5701 1587 5738 ιο
1611 5685 1879 5754 proditur,
1909 5683 2048 5750 quod
