4002 6244
319 343 460 401 £545
505 355 508 358 “

1409 327 1787 385 erasmus.
1817 287 1915 369 ’-
1956 291 2170 385 srts'r.
2215 290 2461 384 CXLVII.

3383 303 3390 308 ’
3422 343 3556 401 ιδιθ

313 462 472 524 εἰσὶν,
510 460 638 512 ἰδεῖν
679 477 738 514 τε
773 451 939 530 ἡδεῖς,
982 457 1076 511 καὶ
1104 451 1400 525 γεύσασθαι
1431 451 1529 522 τὴν
1561 449 1728 520 ἄλλην
1763 447 1874 518 ἡδο

1990 448 2134 518 quod
2184 447 2462 512 elloditur,
2513 447 2592 502 sal
2625 456 2730 509 est.
2771 453 3048 506 cmn’visu
3107 453 3244 523 ipso,
3291 461 3404 514 tum
3448 463 3554 520 alia

316 555 431 625 νήν.
460 553 595 605 Ἀλλ’
627 552 773 616 ὃπως
799 550 876 623 μὴ
908 547 1223 620 σοφιστικὴν
1250 543 1637 618 ἀπειροκαλίαν
1674 543 1884 614 οἰηθῇς,

267 634 271 638 ’
313 644 374 697 τὸ
422 642 728 710 ἐπεξελθεῖν
765 643 872 696 τῶν
917 639 1221 713 ἐπιχωρίων
1271 636 1414 691 ἀλῶν
1442 634 1518 707 τῷ
1567 633 1884 706 διηγήματι.

316 737 552 790 Ἥκιστα
583 734 692 806 γάρ
731 737 843 798 τοῖς
895 724 1253 806 ἀγροδιαίτοις
1299 731 1430 802 ἡμῖν
1487 727 1798 800 προσιζάνει
1827 726 1888 780 τὸ

263 823 268 826 ’
313 828 594 899 φιλότιμον
623 827 812 890 πάθος.
845 825 1007 879 Ἀλλά
1039 825 1103 878 σύ
1132 824 1238 897 γὰρ
1258 823 1507 886 ἀπαιτεῖς
1534 821 1736 874 ἕκαστα
1756 821 1886 892 παρ’

311 919 469 990 ἡμῶν
511 918 580 971 τὰ
626 916 924 990 περιημῶν
959 916 1177 969 είδέναι.
1225 913 1440 983 Ἀνέχου
1476 911 1656 964 τοίνυν
1701 910 1889 964 ἀδολε-

313 1009 546 1081 σχούσης
569 1008 880 1078 ἐπιστολῆς,
914 1008 999 1061 ἵνα
1045 1007 1139 1060 καλ⁸
1176 1005 1276 1076 τῆς
1325 1003 1557 1074 ἀκαίρου
1607 1002 1886 1073 πολυπρα-

265 1097 268 1102 ’
309 1101 591 1172 γμοσύνης
635 1101 741 1172 δῷς
782 1101 954 1171 δίκην.
988 1100 1137 1170 Ἀμα
1177 1098 1233 1151 δὲ
1271 1097 1364 1151 καὶ
1413 1095 1647 1168 χαλεπὸν
1685 1097 1763 1158 εἰς
1793 1095 1884 1148 πί-

311 1212 428 1249 στιν
470 1195 530 1248 τὸ
566 1195 815 1257 ἑκάστοις
871 1192 1197 1264 ἀπότροφον.
1244 1191 1318 1243 Οὐ
1373 1189 1573 1258 φαῦλον
1605 1183 1697 1242 οὖν
1724 1187 1884 1258 ἔργον

309 1287 480 1358 Σύρον
503 1289 792 1341 ἀναπεῖσαι
813 1286 939 1356 περὶ
959 1284 1225 1358 χερσαίων
1255 1283 1416 1336 ἀλῶν.
1447 1281 1598 1335 Ἐπεὶ
1616 1281 1706 1333 καὶ
1726 1280 1883 1352 δεῦρο

309 1381 608 1452 πράγματα
637 1377 763 1451 ἔχω,
784 1379 909 1450 περὶ
938 1377 1092 1442 νεῶν,
1120 1379 1214 1431 καὶ
1253 1376 1457 1439 ἱστίων,
1490 1375 1584 1428 καὶ
1613 1373 1880 1443 Θαλάττης

308 1472 748 1544 ἀνακρινόμενος.
801 1467 970 1536 Οἶσθα
1011 1470 1118 1540 γὰρ
1163 1469 1239 1532 ώς
1275 1467 1385 1537 ἐγὼ
1431 1468 1524 1521 καὶ
1577 1467 1879 1536 φιλοσοφῶν

309 1582 439 1617 ποτε
469 1564 583 1636 ἅμα
623 1565 749 1634 ὑμῖν
781 1562 1089 1634 ἐθεασάμην
1116 1560 1206 1615 τὸν
1241 1561 1430 1634 χρῆμα
1473 1559 1628 1614 τοῦτο
1656 1560 1754 1631 τὴν
1779 1560 1880 1614 θά-

306 1655 538 1718 λασσαν,
572 1655 665 1709 καὶ
695 1655 831 1728 πρὸς
856 1656 1036 1726 Φάρῳ,
1075 1654 1169 1707 καὶ
1197 1654 1332 1724 πρὸς
1363 1651 1627 1723 Κανώϐῳ,
1660 1654 1755 1724 τὴν
1781 1672 1878 1723 με-

307 1746 478 1816 γάλην
507 1745 700 1817 λίμνην
735 1746 834 1817 τὴν
870 1745 1115 1818 ἀλμυράν
1162 1745 1294 1816 (88).
1335 1745 1446 1798 Καὶ
1483 1745 1690 1798 εἵλκετο
1718 1745 1870 1812 ναῦς,

1989 537 2247 610 gustandi
2274 539 2552 610 voluptate
2607 540 3092 609 jucundissimum.
3147 545 3351 604 Verum
3390 569 3458 607 ne
3498 566 3554 612 tu

1989 633 2304 702 sephistica:
2334 635 2437 688 hoc
2471 633 2776 689 insolentia;
2810 644 2967 706 putes
2995 655 3142 706 esse,
3167 641 3233 696 de
3266 647 3557 702 vernaculo

1989 725 2102 780 sale
2129 726 2499 780 narrationem
2531 725 2820 784 instituere
2845 747 2860 795 ;
2908 730 3129 785 minimc
3151 734 3293 788 enim
3323 739 3558 792 rustiea-

1941 813 1946 818 ’
1989 816 2074 870 nis
2113 816 2271 871 nobis
2315 816 2485 872 ιιι-ενοι
2509 819 2803 876 ambitiosa
2848 823 3033 892 gloria:
3087 829 3393 884 contentio.
3449 829 3556 888 Sed

1987 907 2134 960 enim
2173 907 2454 978 sigillatim
2481 924 2600 979 qum
2646 919 2776 967 sunt
2800 914 2942 983 apud
2977 929 3079 969 nos
3119 917 3264 973 scire
3313 935 3342 972 a
3399 923 3556 978 nobis

1987 1001 2253 1069 pestulas.
2297 999 2480 1066 Quare
2526 1003 2810 1072 loquacem
2868 1007 3154 1076 epistolam
3207 1013 3438 1082 sustine,
3496 1028 3558 1070 ut

1986 1091 2310 1159 importuna:
2326 1092 2661 1148 curiositatis
2681 1095 2843 1165 285
2875 1113 3067 1166 poenas
3093 1102 3388 1168 persolvas.
3413 1104 3556 1170 Quin

1984 1187 2038 1235 et
2073 1180 2174 1236 hoc
2205 1196 2472 1250 persuasu
2507 1183 2726 1240 dillicile
2759 1195 2862 1251 est,
2901 1191 3045 1258 quod
3087 1191 3156 1247 ab
3201 1193 3557 1265 uniuscujus-

1984 1287 2088 1340 que
2146 1273 2470 1328 educatione
2519 1290 2733 1345 usuque
2783 1279 3021 1356 alienum
3060 1291 3162 1336 est.
3192 1282 3556 1348 Quamobrem

1983 1378 2090 1417 non
2117 1380 2306 1435 parum
2363 1367 2570 1438 negotii
2604 1377 2686 1424 est
2728 1369 2869 1440 Syro
2917 1389 3074 1441 posse
3102 1377 3166 1430 de
3201 1385 3418 1434 terreno
3442 1381 3557 1438 sale

1981 1459 2311 1526 persuadere
2347 1476 2361 1512 :
2387 1476 2508 1514 eum
2535 1477 2638 1531 ego
2660 1463 2968 1535 molestiam
2995 1467 3082 1520 hic
3113 1467 3336 1524 habeam
3361 1473 3429 1529 de
3458 1490 3554 1528 na-

1981 1551 2239 1614 vibus,ae
2262 1541 2416 1619 velis,
2444 1562 2607 1623 atque
2639 1556 2773 1609 mari
2805 1557 3004 1627 Stl‘pllls
3031 1559 3418 1630 interrogatus.
3449 1567 3555 1622 Me-

1979 1641 2184 1698 ministi
2220 1643 2368 1698 enim
2400 1661 2506 1710 me,
2537 1663 2662 1702 cum
2699 1649 2992 1718 aliquando
3043 1653 3323 1709 vobiscum
3371 1659 3554 1727 philo—

1977 1735 2258 1803 SOpharer,
2296 1752 2409 1790 rem
2438 1737 2608 1800 illam,
2663 1756 2810 1795 mare
2866 1743 3098 1808 scilicet,
3135 1747 3456 1817 aspexisse;
3502 1763 3556 1806 et

307 1839 399 1890 καὶ
421 1839 652 1908 ἀνήγετο
693 1839 827 1909 πρὸς
859 1834 1017 1910 οὖρον
1043 1836 1204 1906 αὐτη,
1238 1834 1451 1899 κώπαις
1479 1836 1685 1904 ἐκείνη.
1720 1837 1873 1904 Ἐγε-

1977 1825 2044 1876 ad
2071 1822 2425 1887 Pharum,’atl
2455 1827 2762 1896 Canobum,
2804 1841 3014 1887 vastum
3067 1834 3217 1889 illum
3277 1837 3453 1894 lacum
3488 1856 3555 1895 ac

303 1931 432 1983 λᾶτε
460 1929 588 1998 γοῦν
617 1931 932 1994 εἰκάσαντος
961 1927 1129 2000 αὐτὴν
1170 1927 1305 1998 ἐμοῦ
1332 1927 1454 2000 ζώῳ
1490 1927 1769 1983 πολύποδι.
1812 1933 1874 1983 Οἱ

300 2021 378 2085 δὲ,
403 2021 698 2076 διάκεινται
729 2022 825 2086 τὰς
857 2019 1108 2091 γνώμας,
1140 2019 1330 2090 ὥσπερ
1365 2021 1542 2089 ἡμεῖς,
1579 2021 1703 2073 ὅταν
1733 2020 1874 2092 ὑπὲρ

299 2113 408 2166 τῶν
440 2113 694 2167 ἐπέκεινα
725 2113 929 2184 Θούλης
976 2112 1279 2182 ἀκούωμεν,
1312 2113 1432 2183 ἥτις
1475 2111 1604 2165 ποτέ
1652 2113 1798 2164 ἐστιν
1837 2114 1873 2184 ἡ

299 2205 498 2278 Θούλη,
537 2205 752 2258 διδοῦσα
799 2208 910 2268 τοῖς
959 2204 1209 2258 διαϐᾶσιν
1259 2203 1426 2274 αὐτὴν
1459 2203 1726 2257 ἀνεύθυνα
1780 2206 1874 2258 καὶ

301 2297 602 2367 ἀνέλεγκτα
651 2296 960 2368 ψεύδεσθαι.
998 2295 1133 2349 Ἀλλ’
1172 2291 1316 2350 οὗτοί
1355 2313 1418 2362 γε
1471 2293 1572 2348 κᾶν
1612 2296 1875 2366 προσίων-

298 2393 390 2446 ταί
433 2409 565 2446 ποτε
604 2393 672 2447 τὰ
703 2391 958 2462 περὶτῶν
987 2391 1144 2455 νεῶν,
1180 2391 1212 2461 ἣ
1244 2389 1465 2455 δόξωσιν
1492 2392 1668 2443 ἐκεῖνο
1686 2389 1870 2461 γελᾷν,

298 2483 603 2556 ἁνακράτος
645 2481 984 2546 ἀπιστοῦσιν,
1017 2484 1098 2536 ὅτι
1142 2483 1364 2537 δύναται
1405 2485 1623 2554 τρέφειν
1661 2481 1870 2554 ἀνθρώ-

299 2591 434 2638 πους
485 2575 578 2628 καὶ
609 2573 864 2628 θάλαττα.
898 2571 1069 2626 Τοῦτο
1096 2572 1204 2644 γὰρ
1259 2573 1426 2643 μόνην
1479 2571 1625 2644 ἔχειν
1665 2573 1874 2638 ἀξιοῦσι

296 2665 395 2736 τὴν
451 2665 661 2736 μητέρα
693 2665 796 2734 γῆν
830 2664 890 2717 τὸ
917 2663 1224 2736 πρεσϐεῖον.
1271 2663 1411 2733 Ἐγὼ
1446 2663 1503 2716 δέ
1530 2682 1660 2718 ποτε
1691 2665 1873 2728 αὐτοῖς

297 2757 614 2811 ἀνανεύουσι
639 2757 774 2827 πρὸς
799 2757 867 2810 τὰ
916 2757 1044 2826 περὶ
1070 2756 1176 2809 τῶν
1203 2753 1417 2827 ἰχθύων,
1459 2757 1746 2810 ἀναλαϐὼν
1782 2759 1874 2811 καὶ

299 2849 686 2921 πῳσαρῤάξας
719 2849 895 2918 πέτρᾳ
936 2849 1056 2900 τινὰ
1103 2845 1229 2920 [γρ.
1281 2845 1465 2918 πέτρῳ
1518 2847 1662 2921 τινὶ]
1705 2850 1870 2920 κέρα-

301 2960 444 3014 μον,
475 2943 651 3008 ἔδειξα
699 2944 808 2996 τῶν
866 2943 959 2996 ἀπ’
1011 2941 1286 3010 Αἰγύπτου
1331 2941 1530 3013 ταρίχη
1575 2943 1744 3012 συχνά
1775 2959 1787 2972 ο
1824 2944 1873 2996 οἱ

296 3037 374 3100 δὲ,
433 3035 606 3105 ὄφεων
633 3035 883 3106 πονηρῶν
920 3034 1124 3104 ἔφασαν
1156 3029 1293 3087 εἶναι
1329 3034 1558 3104 σώματα
1579 3050 1592 3064 ·
1623 3036 1717 3089 καὶ
1743 3036 1873 3090 ἀνα-

296 3129 548 3200 θορόντες
586 3128 849 3198 ἔφευγον,
891 3128 990 3191 τάς
1044 3125 1286 3190 ἀκάνθας
1332 3128 1756 3195 ὑποπτεύοντες,
1800 3128 1874 3192 ὡς
1901 3157 1943 3214 C

295 3222 445 3275 οὐδὲν
497 3220 806 3290 ἡπιωτέρας
855 3219 950 3273 τοῦ
988 3219 1074 3272 διὰ
1121 3219 1229 3272 τῶν
1274 3219 1502 3272 ὀδόντων
1552 3221 1865 3292 φαρμάκου.

296 3313 406 3368 Καὶ
452 3312 554 3383 ἔφη
589 3330 671 3375 τις
707 3312 736 3364 ὁ
770 3312 1091 3384 γεραίτατος
1115 3350 1130 3374 ,
1166 3311 1262 3364 καὶ
1290 3313 1347 3363 ἐν
1383 3314 1449 3382 τῇ
1484 3310 1609 3382 δόξῃ
1657 3312 1868 3382 φρενῶν

297 3404 726 3475 ἐπηϐολώτατος,
763 3405 923 3475 σχολῇ
975 3403 1104 3472 γοῦν
1155 3403 1284 3472 περὶ
1329 3401 1521 3466 ὓδατος
1549 3403 1747 3456 ἀλυκοῦ
1779 3422 1869 3456 πι-

299 3497 538 3558 στεῦσαι,
581 3498 742 3550 καλόν
794 3515 846 3550 τι
892 3496 1077 3550 αὐτόθι
1112 3494 1225 3566 [γρ.
1276 3493 1527 3566 ἐνταῦθα]
1573 3495 1866 3566 τρέφεσθαι

295 3585 390 3640 καὶ
419 3571 692 3657 ἐδώδιμον,
721 3585 828 3639 τῶν
865 3587 1112 3656 πηγαίων
1133 3627 1148 3651 ,
1174 3586 1284 3639 τῶν
1311 3584 1531 3653 ἀγαθῶν
1579 3586 1674 3638 καὶ
1721 3588 1869 3640 ποτί-

301 3695 416 3748 μων
463 3679 740 3747 ναμάτων,
773 3675 1075 3748 βατράχους
1123 3677 1220 3731 καὶ
1263 3676 1483 3746 βδέλλας
1532 3679 1865 3746 γεννώντων,

296 3761 371 3824 ὧν
416 3769 524 3822 οὐδ’
573 3769 638 3823 ἂν
679 3771 708 3823 ὁ
758 3769 1078 3840 μαινόμενος
1109 3770 1382 3838 γεύσαιτο.
1421 3769 1530 3821 Καὶ
1585 3769 1768 3823 εἰκότα
1804 3787 1868 3839 γε

295 3859 601 3927 ἀγνοοῦσιν.

1985 1919 2191 1972 salsum
2244 1919 2465 1975 vidisse.
2521 1923 2598 1976 Ac
2647 1931 2758 1978 tum
2818 1925 2960 1980 forte
3002 1929 3157 1984 navis
3213 1931 3552 1999 trahebatur,

1975 2011 2190 2081 aliaque
2219 2015 2352 2069 velis
2377 2015 2430 2068 in
2455 2017 2645 2084 altum,
2672 2019 2841 2073 altera
2869 2021 3038 2076 remis
3073 2023 3354 2092 agebatur.
3387 2025 3554 2082 Ride-

1974 2100 2118 2158 batis
2149 2105 2314 2174 igitur
2343 2123 2448 2171 me,
2475 2110 2620 2180 quod
2657 2126 2776 2165 eaut
2803 2112 3026 2167 animali
3071 2116 3359 2186 tnultipedi
3390 2119 3554 2174 simi—

1976 2193 2079 2250 lem
2111 2212 2235 2253 esse
2286 2199 2548 2256 dicerem.
2593 2205 2660 2256 At
2693 2205 2770 2258 illi
2812 2207 3003 2260 eodem
3055 2209 3216 2261 modo
3245 2209 3552 2265 :tlIieiuntur

1975 2290 2184 2357 animo,
2215 2295 2491 2362 quomodo
2532 2312 2650 2360 nos.
2677 2314 2802 2352 cum
2832 2300 2899 2353 de
2929 2300 2995 2354 iis
3022 2316 3144 2370 quae
3177 2303 3317 2355 ultra
3337 2301 3551 2359 Thulen
3584 2333 3593 2340 -

1975 2391 2105 2436 sunt
2155 2385 2410 2442 audimus
2444 2407 2457 2442 :
2490 2405 2828 2459 quaecunque
2846 2392 3061 2446 demum
3093 2390 3268 2448 Thule
3299 2405 3406 2458 est,
3431 2413 3554 2466 qua;

1976 2471 2046 2526 iis
2077 2473 2170 2542 qui
2225 2490 2291 2528 eo
2335 2480 2764 2546 penetraverint,
2812 2479 3034 2550 impune
3070 2497 3134 2536 ac
3184 2485 3323 2538 citra
3359 2502 3550 2556 repre-

1975 2563 2298 2620 hensionem
2365 2571 2660 2625 mentiendi
2715 2581 3040 2642 potestatem
3095 2575 3248 2632 facit.
3277 2575 3476 2631 Verum
3513 2579 3552 2634 ii

1976 2663 2254 2728 utcunque
2305 2660 2524 2714 tandem
2582 2676 2645 2714 ea
2709 2678 2832 2732 quae
2881 2664 2951 2719 de
3008 2666 3242 2722 navibus
3289 2667 3554 2724 dicuntur

1975 2750 2286 2814 admittant,
2316 2763 2409 2807 aut
2445 2753 2626 2810 ridere
2671 2756 2909 2827 idipsum
2955 2758 3267 2826 videantur,
3304 2763 3550 2832 pertina-

1973 2844 2196 2900 cissime
2220 2853 2400 2901 tamen
2436 2849 2661 2904 credere
2696 2850 2842 2905 istud
2875 2851 3088 2917 nolunt,
3122 2869 3282 2923 posse
3307 2870 3374 2909 ex
3411 2857 3550 2912 mari

1975 2933 2290 2989 hominibus
2348 2937 2608 2992 alimenta
2657 2941 3022 3010 suppeditari.
3051 2941 3166 2997 Hoc
3203 2944 3349 2998 enim
3404 2946 3554 3001 velut

1975 3024 2334 3082 honorarium
2365 3032 2575 3098 parenti
2605 3038 2763 3086 terra:
2795 3034 3129 3104 praecipuum
3165 3050 3232 3090 ac
3275 3037 3554 3104 peculiare

1976 3105 2100 3174 esse
2131 3131 2357 3175 censent
2386 3131 2661 3192 oportere.
2690 3123 2800 3196 Ego
2824 3142 2952 3180 vero
2971 3141 3096 3181 cum
3127 3127 3229 3197 ipsi
3258 3129 3552 3198 aliquando

1975 3226 2096 3279 quae
2127 3211 2194 3266 de
2228 3213 2474 3281 piscibus
2509 3225 2807 3270 narrantur
2830 3217 3152 3281 abnuerent,
3182 3218 3346 3274 ﬁctile
3368 3220 3550 3288 quod-

1975 3301 2098 3354 dam
2133 3305 2568 3372 apprehendens,
2601 3315 2656 3361 ct
2699 3306 2767 3361 ad
2811 3325 3002 3364 saxum
3040 3310 3292 3375 allitlens,
3329 3311 3550 3366 allatam

1972 3407 2040 3448 ex
2057 3391 2291 3464 x’Egyplo
2332 3397 2792 3452 salsamentorum
2823 3401 3038 3470 copiam
3061 3401 3130 3456 iis
3154 3401 3406 3471 ostendi;
3429 3418 3550 3470 quae

1976 3484 2052 3539 illi
2072 3487 2337 3540 malorum
2371 3497 2688 3558 serpentum
2721 3506 2953 3562 corpora
2979 3509 3100 3548 esse
3125 3491 3413 3561 dicebant;
3435 3505 3549 3550 sta-

1975 3579 2181 3650 timque
2200 3582 2252 3634 in
2285 3579 2466 3649 fugam
2496 3583 3081 3655 prosiliebant,spinas
3103 3585 3545 3652 reformidantes,

1977 3679 2234 3742 tanquam
2264 3674 2436 3728 nihilo
2449 3674 2691 3729 dentium
2717 3693 2926 3732 veneno
2952 3679 3212 3734 mitiores.
3244 3677 3392 3756 Inter
3410 3695 3547 3749 quos

1976 3782 2119 3820 unus
2152 3774 2311 3822 aetate
2334 3768 2579 3822 onminm
2629 3771 3098 3840 provectissimus,
3143 3779 3308 3843 atque
3345 3774 3397 3826 in
3437 3774 3547 3843 upi-

1973 3857 2156 3913 nando
2177 3860 2592 3929 sagacissimus,
2645 3878 2788 3932 aegre
2835 3864 2942 3919 sibi
2977 3867 3046 3921 de
3079 3880 3220 3936 aqua
3238 3867 3383 3921 salsa
3423 3882 3548 3936 per-

297 3969 514 4006 suasum
551 3970 669 4010 esse
697 3955 856 4014 dixit.
895 3961 952 4008 ut
995 3957 1050 4009 in
1080 3969 1144 4008 ea
1202 3953 1328 4008 honi
1368 3953 1568 4023 aliquid
1609 3956 1864 4026 vescique
1902 3958 2221 4019 nutriretur,
2258 3973 2381 4011 cum
2427 3957 2478 4011 in
2508 3958 2748 4012 fontanis
2777 3958 2936 4028 aquis
2983 3961 3222 4032 optimis,
3267 3975 3321 4020 et
3359 3968 3425 4021 ad
3459 3979 3546 4033 po-

297 4061 414 4115 tum
463 4045 694 4110 idoneis,
739 4047 876 4100 nihil
943 4057 1138 4117 praeter
1189 4061 1355 4102 ranas
1390 4055 1444 4101 et
1476 4048 1762 4103 hirutliues
1801 4049 2092 4119 gignatur;
2122 4066 2262 4120 quas
2282 4050 2600 4105 netnoadeo
2645 4052 2874 4107 insanus
2908 4062 2991 4110 est
3026 4064 3086 4110 ut
3137 4067 3362 4128 gustare
3393 4063 3542 4118 velit.

295 4139 407 4192 Nec
432 4139 700 4192 immerito
738 4138 882 4192 istud
915 4139 1184 4208 ignorant.

299 4235 382 4288 Οὐ
416 4232 521 4302 γὰρ
541 4230 703 4300 σφᾶς
727 4231 795 4284 ἐκ
820 4231 1041 4297 νυκτὸς
1063 4230 1270 4302 ἐγείρει
1309 4229 1444 4298 κῦμ’
1490 4230 1863 4300 ἐπιθρῶσκογ

298 4324 595 4392 πελάγους·
639 4322 754 4376 ἀλλ’
805 4321 985 4376 ἵππων
1036 4321 1392 4392 χρεμετισμοὶ
1419 4357 1434 4382 ,
1474 4321 1569 4372 καὶ
1623 4321 1866 4391 μηκάζον

2047 4227 2172 4283 Non
2193 4229 2384 4282 etenim
2406 4228 2471 4282 de
2500 4238 2648 4284 nocte
2677 4240 2878 4286 tumens
2905 4232 3000 4288 has
3025 4238 3222 4291 excitat
3260 4239 3402 4294 unde

1972 4321 2178 4391 pelagi:
2213 4320 2309 4376 sed
2334 4336 2598 4392 equorum
2629 4323 2898 4388 hinnitus,
2926 4335 2984 4380 et
3011 4341 3300 4398 caprarum
3338 4334 3540 4390 vocife-

294 4407 559 4476 αἰπόλιον,
579 4414 669 4466 καὶ
705 4412 1013 4484 προϐατίων
1043 4411 1235 4482 βληχὴ,
1257 4411 1350 4465 καὶ
1367 4410 1566 4481 ταύρου
1601 4409 1862 4508 μύκημα·

1975 4419 2156 4468 rantes
2195 4426 2406 4482 greges,
2447 4420 2503 4468 et
2525 4412 2708 4467 ovium
2735 4414 2972 4481 balatus,
3004 4426 3060 4472 et
3093 4426 3377 4478 taurorum
3420 4442 3541 4481 utu-

297 4504 519 4576 πρώτης
569 4504 625 4556 δέ
667 4504 881 4566 ἀκτῖνος
941 4502 1340 4572 ὲπιϐαλούσης,
1374 4500 1480 4555 τῶν
1537 4499 1800 4573 μελιττῶν
1834 4503 1864 4554 ὁ

297 4597 617 4668 βόμϐος,εἰς
654 4596 841 4666 ἡδονῆς
895 4595 1050 4663 λόγον
1093 4594 1313 4665 οὐδεμιᾷ
1350 4593 1700 4665 παραχωρῶν
1735 4611 1866 4664 μου-

295 4691 446 4760 σικῇ.
497 4689 674 4759 Μήτοι
721 4704 800 4739 σοι
845 4684 1110 4754 δοκοῦμεν
1143 4685 1511 4754 ἐκδιηγεῖσθαι
1542 4685 1640 4748 τὰς
1681 4685 1865 4755 ’Δγχε-

300 4779 474 4848 μάχου
505 4777 620 4848 [γρ.
659 4774 1010 4846 Ἀγεμάχου],
1053 4772 1291 4828 τοιοῦτον
1345 4775 1618 4838 οἰκοῦντες
1673 4775 1861 4848 ἀγρὸν,

296 4871 486 4942 πόρρω
512 4871 736 4934 πόλεως,
768 4870 862 4922 καὶ
888 4867 1045 4929 ὁδῶν,
1076 4867 1168 4921 καὶ
1199 4867 1486 4938 ἐμπορίας,
1528 4868 1621 4920 καὶ
1651 4869 1867 4940 τρόπων

297 4962 588 5028 ποικίλων;
635 4960 794 5031 Ἡμῖν
845 4959 952 5030 γάρ
1010 4961 1124 5011 ἐστι
1175 4959 1337 5030 σχολὴ
1382 4960 1480 5030 μὲν
1535 4961 1864 5029 φιλοσοφεῖν,

299 5054 521 5126 ἀσχολία
541 5054 597 5108 δέ
624 5053 970 5124 κακουργεῖν.
1006 5049 1218 5102 Σύνοδοι
1239 5050 1293 5103 δὲ
1321 5052 1492 5103 πᾶσαι
1524 5053 1692 5103 πᾶσιν
1717 5052 1866 5104 ἐται-

303 5147 473 5217 ρικαὶ,
489 5146 802 5217 -χρωμένων
855 5139 1104 5210 ἀλλήλοις
1137 5141 1230 5193 ἐπὶ
1269 5142 1576 5212 γεωργίαν,
1617 5143 1708 5195 ἐπὶ
1744 5143 1862 5195 ποία

305 5253 464 5306 μνας,
491 5237 582 5290 ἐπὶ
621 5237 884 5306 ποιμένας
904 5274 919 5298 ,
965 5234 1058 5286 ἐπὶ
1086 5234 1257 5306 θήραν
1279 5227 1354 5287 ὧν
1383 5236 1416 5305 ὴ
1445 5236 1514 5306 γῆ
1547 5235 1702 5306 φέρει
1732 5252 1864 5288 παν-

300 5327 556 5396 τοδαπὴν,
595 5328 725 5380 Οὐδὲ
755 5328 863 5398 γὰρ
916 5325 1078 5397 νόμος
1108 5327 1260 5395 ἡμῖν.
1289 5325 1398 5378 οὐτ’
1420 5328 1600 5390 αὐτοῖς
1634 5326 1744 5379 οὐθ’
1773 5329 1865 5380 ἴπ-

304 5437 446 5484 ποις,
476 5420 725 5491 ἀνιδρωτὶ
777 5424 920 5475 σῖτον
965 5419 1257 5492 αἱρεῖσθαι.
1308 5421 1638 5490 Ἀριστῶμεν
1673 5421 1731 5472 δὲ
1779 5423 1864 5472 ἐπ’

1965 4503 2282 4573 gitus.lnde
2319 4503 2387 4557 ad
2412 4504 2619 4574 primos
2655 4504 2797 4559 solis
2826 4506 3011 4562 radios
3063 4510 3245 4580 apium
3302 4518 3538 4581 sonitus.

1965 4595 2101 4649 nihil
2129 4595 2272 4666 quod
2301 4596 2369 4650 ad
2392 4597 2718 4666 voluptatem
2769 4599 2961 4654 attinet
3001 4603 3214 4659 musico
3248 4613 3538 4666 concentui

1964 4687 2222 4742 deterior.
2273 4690 2356 4742 An
2406 4699 2514 4744 non
2569 4688 2666 4743 tibi
2698 4704 2792 4746 eas
2832 4708 2954 4760 qua:
2998 4693 3368 4753 Anehemachi
3427 4704 3540 4754 luc-

1966 4788 2096 4834 ruut
2130 4795 2356 4836 narrare
2391 4781 2674 4845 videmur,
2715 4784 2804 4852 qui
2829 4776 2990 4841 talem
3015 4801 3204 4857 agrum
3235 4791 3538 4848 incolamus

1967 4874 2037 4928 ab
2062 4875 2195 4928 urbe
2212 4873 2489 4935 dissitum,
2517 4883 2572 4928 et
2588 4875 2710 4939 viis,
2733 4885 2784 4929 et
2805 4887 3067 4943 mercatu,
3098 4889 3153 4935 et
3175 4883 3410 4937 versutis
3433 4901 3540 4937 mo-

1965 4965 2158 5020 ribus?
2183 4963 2353 5019 Nobis
2407 4965 2572 5037 283
2601 4966 2742 5019 enim
2772 4968 3191 5039 phil050pbandi
3229 4972 3402 5026 otium
3432 4983 3537 5038 est,

1968 5058 2344 5114 inalelaciendi
2362 5075 2394 5114 ιι
2404 5059 2592 5113 ullum.
2614 5058 2733 5116 .lam
2750 5073 3052 5118 conventus
3073 5079 3264 5121 omnes
3282 5069 3539 5124 omnibus

1962 5151 2200 5210 sociales
2233 5159 2390 5212 sunt,
2419 5151 2522 5206 sibi
2559 5152 2788 5208 invicem
2829 5155 2897 5209 ad
2928 5157 3320 5226 agriculturam
3367 5160 3540 5230 opitu-

1968 5244 2234 5308 lantibus,
2266 5244 2332 5298 ad
2356 5260 2567 5315 greges,
2606 5245 2672 5300 ad
2697 5257 2964 5316 pastores.
2983 5247 3052 5302 ad
3075 5258 3328 5306 venatum
3345 5267 3536 5310 eorum

1969 5351 2092 5406 quae
2119 5344 2259 5407 terra
2292 5335 2414 5397 fert,
2447 5337 2823 5407 multiplicem.
2873 5337 3038 5394 Nefas
3067 5341 3209 5396 enim
3250 5343 3366 5398 sive
3405 5344 3540 5414 ipsis

1973 5422 2150 5489 nobis,
2205 5423 2319 5478 sive
2361 5424 2516 5493 equis
2562 5424 2768 5480 nostris
2814 5434 2920 5491 est,
2953 5427 3074 5482 sine
3115 5429 3315 5485 sudore
3356 5432 3539 5486 cibum

1537 5549 1720 5605 DION.
1756 5549 2028 5607 PETAVll
2062 5551 2294 5608 NOTJE.

371 5653 483 5720 (88)
511 5647 824 5720 [LXXXIX]
853 5623 1716 5720 Λίμνηνιτὴν-ἀλμυράν.ἓῌιιιιιι
1748 5662 1876 5699 eun-

300 5717 782 5793 ιῖιαυιοίὰλμυράν
811 5717 1170 5793 scripsimus.
1192 5717 1333 5793 Navii
1355 5733 1502 5793 mare
1526 5717 1875 5793 __)._ip.qu__ap-

302 5796 484 5866 pellat,
513 5801 570 5844 ιιι
597 5800 650 5844 et
681 5788 833 5841 llom.
857 5788 932 5842 Ἡ.
952 5791 1012 5851 Ω,
1043 5800 1096 5844 et
1127 5789 1267 5858 apud
1294 5787 1488 5843 llerod.
1524 5789 1616 5844 lib.
1651 5804 1720 5844 vn
1748 5787 1878 5843 Xer-

641 5884 908 5944 ΡΑτιιοι..
949 5883 1066 5945 (in.
1117 5883 1331 5944 LXVI.

1974 5666 2066 5729 ses
2091 5650 2497 5729 Hellespontum
2527 5659 2687 5729 vocat
2709 5652 2948 5726 ἁλμυρὸν
2973 5656 3232 5728 ποταμόν.
3268 5659 3430 5729 Atqui
3485 5659 3539 5716 in

1977 5722 2013 5776 γ
2027 5720 2088 5774 ν.
2127 5737 2233 5776 om.
2267 5721 2515 5792 λαμυρὰν
2539 5721 2642 5790 leg.

3214 5879 3292 5944 ω
