  <div class='ocr_page' id='page_1' title='image "/cluster/home/n/w/nwhite01/storage/ocr_20150623/66/hvd.32044020884102/783.png"; bbox 0 0 4002 6244; ppageno 0'>
   <div class='ocr_carea' id='block_1_1' title="bbox 517 313 656 371">
    <p class='ocr_par' dir='ltr' id='par_1_1' title="bbox 517 313 656 371">
     <span class='ocr_line' id='line_1_1' title="bbox 517 313 656 371; baseline -0.022 0"><span class='ocrx_word' id='word_1_1' title='bbox 517 313 656 371; x_wconf 72' lang='grc'><strong>1547</strong></span> 
     </span>
    </p>
   </div>
   <div class='ocr_carea' id='block_1_2' title="bbox 1644 288 2761 357">
    <p class='ocr_par' dir='ltr' id='par_1_2' title="bbox 1644 288 2761 357">
     <span class='ocr_line' id='line_1_2' title="bbox 1644 288 2761 357; baseline -0.011 0"><span class='ocrx_word' id='word_1_2' title='bbox 1644 296 1912 357; x_wconf 71' lang='grc' dir='ltr'>εγΝεειι</span> <span class='ocrx_word' id='word_1_3' title='bbox 1954 290 2414 351; x_wconf 73' lang='grc' dir='ltr'>ρτοιΕιιΑιυιε</span> <span class='ocrx_word' id='word_1_4' title='bbox 2450 288 2761 348; x_wconf 78' lang='lat' dir='ltr'><strong>EPISCOPI</strong></span> 
     </span>
    </p>
   </div>
   <div class='ocr_carea' id='block_1_3' title="bbox 3638 288 3781 346">
    <p class='ocr_par' dir='ltr' id='par_1_3' title="bbox 3638 288 3781 346">
     <span class='ocr_line' id='line_1_3' title="bbox 3638 288 3781 346; baseline 0.028 -4"><span class='ocrx_word' id='word_1_5' title='bbox 3638 288 3781 346; x_wconf 70' lang='grc'><strong>1548</strong></span> 
     </span>
    </p>
   </div>
   <div class='ocr_carea' id='block_1_4' title="bbox 513 410 2090 503">
    <p class='ocr_par' dir='ltr' id='par_1_4' title="bbox 513 420 2082 503">
     <span class='ocr_line' id='line_1_4' title="bbox 513 420 2082 503; baseline -0.006 -15"><span class='ocrx_word' id='word_1_6' title='bbox 513 446 731 503; x_wconf 86' lang='lat' dir='ltr'><strong>capere.</strong></span> <span class='ocrx_word' id='word_1_7' title='bbox 800 428 1024 485; x_wconf 85' lang='lat' dir='ltr'><strong>Polenta</strong></span> <span class='ocrx_word' id='word_1_8' title='bbox 1083 434 1265 482; x_wconf 89' lang='lat' dir='ltr'><strong>autem</strong></span> <span class='ocrx_word' id='word_1_9' title='bbox 1334 424 1606 480; x_wconf 75' lang='lat' dir='ltr'><strong>vescimur</strong></span> <span class='ocrx_word' id='word_1_10' title='bbox 1664 438 1787 477; x_wconf 90' lang='lat' dir='ltr'><strong>cum</strong></span> <span class='ocrx_word' id='word_1_11' title='bbox 1836 421 1890 475; x_wconf 93' lang='lat' dir='ltr'><strong>in</strong></span> <span class='ocrx_word' id='word_1_12' title='bbox 1937 420 2082 479; x_wconf 84' lang='lat' dir='ltr'><strong>cibo.</strong></span> 
     </span>
    </p>
   </div>
   <div class='ocr_carea' id='block_1_5' title="bbox 2192 410 3777 503">
    <p class='ocr_par' dir='ltr' id='par_1_5' title="bbox 2192 410 3777 486">
     <span class='ocr_line' id='line_1_5' title="bbox 2192 410 3777 486; baseline -0.004 -16"><span class='ocrx_word' id='word_1_13' title='bbox 2192 416 2452 486; x_wconf 76' lang='grc' dir='ltr'><strong>ἀλφίτοις,</strong></span> <span class='ocrx_word' id='word_1_14' title='bbox 2487 414 2722 486; x_wconf 75' lang='grc' dir='ltr'><strong>ἡδίστοις</strong></span> <span class='ocrx_word' id='word_1_15' title='bbox 2752 412 2851 485; x_wconf 82' lang='grc' dir='ltr'>μὲν</span> <span class='ocrx_word' id='word_1_16' title='bbox 2878 412 3163 483; x_wconf 77' lang='grc' dir='ltr'><strong>ἐμφαγεῖν,</strong></span> <span class='ocrx_word' id='word_1_17' title='bbox 3194 411 3426 482; x_wconf 77' lang='grc' dir='ltr'><strong>ἡδίστοις</strong></span> <span class='ocrx_word' id='word_1_18' title='bbox 3450 410 3506 464; x_wconf 83' lang='grc' dir='ltr'>δὲ</span> <span class='ocrx_word' id='word_1_19' title='bbox 3533 413 3777 481; x_wconf 77' lang='grc' dir='ltr'>ἐμπιεῖν,</span> 
     </span>
    </p>
   </div>
   <div class='ocr_carea' id='block_1_6' title="bbox 516 511 2098 594">
    <p class='ocr_par' dir='ltr' id='par_1_6' title="bbox 516 511 2098 594">
     <span class='ocr_line' id='line_1_6' title="bbox 516 511 2098 594; baseline -0.008 -15"><span class='ocrx_word' id='word_1_20' title='bbox 516 523 710 579; x_wconf 90' lang='lat' dir='ltr'><strong>tumin</strong></span> <span class='ocrx_word' id='word_1_21' title='bbox 743 529 875 594; x_wconf 89' lang='lat' dir='ltr'><strong>potu</strong></span> <span class='ocrx_word' id='word_1_22' title='bbox 925 519 1290 585; x_wconf 87' lang='lat' dir='ltr'><strong>suavissima;</strong></span> <span class='ocrx_word' id='word_1_23' title='bbox 1336 516 1647 587; x_wconf 89' lang='lat' dir='ltr'><strong>cujusmodi</strong></span> <span class='ocrx_word' id='word_1_24' title='bbox 1692 513 1907 571; x_wconf 83' lang='lat' dir='ltr'><strong>Nestori</strong></span> <span class='ocrx_word' id='word_1_25' title='bbox 1954 511 2098 583; x_wconf 90' lang='lat' dir='ltr'><strong>apud</strong></span> 
     </span>
    </p>
   </div>
   <div class='ocr_carea' id='block_1_7' title="bbox 517 608 2098 672">
    <p class='ocr_par' dir='ltr' id='par_1_7' title="bbox 517 608 2098 672">
     <span class='ocr_line' id='line_1_7' title="bbox 517 608 2098 672; baseline -0.006 -1"><span class='ocrx_word' id='word_1_26' title='bbox 517 616 809 672; x_wconf 85' lang='lat' dir='ltr'><strong>Homerum</strong></span> <span class='ocrx_word' id='word_1_27' title='bbox 855 616 1049 669; x_wconf 89' lang='lat' dir='ltr'><strong>miscet</strong></span> <span class='ocrx_word' id='word_1_28' title='bbox 1097 610 1421 667; x_wconf 77' lang='lat' dir='ltr'><strong>liccamede.</strong></span> <span class='ocrx_word' id='word_1_29' title='bbox 1459 608 1769 665; x_wconf 89' lang='lat' dir='ltr'><strong>Secundum</strong></span> <span class='ocrx_word' id='word_1_30' title='bbox 1810 608 2098 663; x_wconf 89' lang='lat' dir='ltr'><strong>vehemen-</strong></span> 
     </span>
    </p>
   </div>
   <div class='ocr_carea' id='block_1_8' title="bbox 514 700 2097 779">
    <p class='ocr_par' dir='ltr' id='par_1_8' title="bbox 514 700 2097 779">
     <span class='ocr_line' id='line_1_8' title="bbox 514 700 2097 779; baseline -0.005 -16"><span class='ocrx_word' id='word_1_31' title='bbox 514 718 623 766; x_wconf 88' lang='lat' dir='ltr'><strong>tem</strong></span> <span class='ocrx_word' id='word_1_32' title='bbox 654 707 1025 779; x_wconf 78' lang='lat' dir='ltr'><strong>fatigationem</strong></span> <span class='ocrx_word' id='word_1_33' title='bbox 1050 706 1154 761; x_wconf 86' lang='lat' dir='ltr'><strong>ista</strong></span> <span class='ocrx_word' id='word_1_34' title='bbox 1187 702 1423 759; x_wconf 85' lang='lat' dir='ltr'><strong>sorbitio</strong></span> <span class='ocrx_word' id='word_1_35' title='bbox 1462 701 1636 757; x_wconf 67' lang='lat' dir='ltr'><strong>aestivi</strong></span> <span class='ocrx_word' id='word_1_36' title='bbox 1679 700 1882 755; x_wconf 87' lang='lat' dir='ltr'><strong>caloris</strong></span> <span class='ocrx_word' id='word_1_37' title='bbox 1922 714 2097 755; x_wconf 89' lang='lat' dir='ltr'><strong>reme-</strong></span> 
     </span>
    </p>
   </div>
   <div class='ocr_carea' id='block_1_9' title="bbox 514 790 2099 866">
    <p class='ocr_par' dir='ltr' id='par_1_9' title="bbox 514 790 2099 866">
     <span class='ocr_line' id='line_1_9' title="bbox 514 790 2099 866; baseline -0.008 -9"><span class='ocrx_word' id='word_1_38' title='bbox 514 802 665 857; x_wconf 89' lang='lat' dir='ltr'><strong>dium</strong></span> <span class='ocrx_word' id='word_1_39' title='bbox 686 809 793 855; x_wconf 90' lang='lat' dir='ltr'><strong>est.</strong></span> <span class='ocrx_word' id='word_1_40' title='bbox 822 798 964 853; x_wconf 87' lang='lat' dir='ltr'><strong>Sunt</strong></span> <span class='ocrx_word' id='word_1_41' title='bbox 985 804 1039 852; x_wconf 92' lang='lat' dir='ltr'><strong>et</strong></span> <span class='ocrx_word' id='word_1_42' title='bbox 1069 796 1227 851; x_wconf 83' lang='lat' dir='ltr'><strong>nobis</strong></span> <span class='ocrx_word' id='word_1_43' title='bbox 1253 797 1481 866; x_wconf 86' lang='lat' dir='ltr'><strong>insuper</strong></span> <span class='ocrx_word' id='word_1_44' title='bbox 1504 794 1611 848; x_wconf 89' lang='lat' dir='ltr'><strong>liba</strong></span> <span class='ocrx_word' id='word_1_45' title='bbox 1635 792 1871 855; x_wconf 90' lang='lat' dir='ltr'><strong>triticea,</strong></span> <span class='ocrx_word' id='word_1_46' title='bbox 1895 799 1949 847; x_wconf 92' lang='lat' dir='ltr'><strong>et</strong></span> <span class='ocrx_word' id='word_1_47' title='bbox 1972 790 2099 847; x_wconf 85' lang='lat' dir='ltr'><strong>edu-</strong></span> 
     </span>
    </p>
   </div>
   <div class='ocr_carea' id='block_1_10' title="bbox 515 883 2095 957">
    <p class='ocr_par' dir='ltr' id='par_1_10' title="bbox 515 883 2095 957">
     <span class='ocr_line' id='line_1_10' title="bbox 515 883 2095 957; baseline -0.007 -11"><span class='ocrx_word' id='word_1_48' title='bbox 515 893 594 948; x_wconf 92' lang='lat' dir='ltr'><strong>Ies</strong></span> <span class='ocrx_word' id='word_1_49' title='bbox 636 892 894 947; x_wconf 85' lang='lat' dir='ltr'><strong>arborum</strong></span> <span class='ocrx_word' id='word_1_50' title='bbox 961 888 1198 952; x_wconf 86' lang='lat' dir='ltr'><strong>fructus,</strong></span> <span class='ocrx_word' id='word_1_51' title='bbox 1258 888 1459 957; x_wconf 84' lang='lat' dir='ltr'><strong>partim</strong></span> <span class='ocrx_word' id='word_1_52' title='bbox 1517 883 1848 949; x_wconf 90' lang='lat' dir='ltr'><strong>domestici,</strong></span> <span class='ocrx_word' id='word_1_53' title='bbox 1897 883 2095 953; x_wconf 85' lang='lat' dir='ltr'><strong>partim</strong></span> 
     </span>
    </p>
   </div>
   <div class='ocr_carea' id='block_1_11' title="bbox 512 974 2091 1056">
    <p class='ocr_par' dir='ltr' id='par_1_11' title="bbox 512 974 2091 1056">
     <span class='ocr_line' id='line_1_11' title="bbox 512 974 2091 1056; baseline -0.008 -15"><span class='ocrx_word' id='word_1_54' title='bbox 512 992 786 1056; x_wconf 84' lang='lat' dir='ltr'><strong>agrestes,</strong></span> <span class='ocrx_word' id='word_1_55' title='bbox 815 982 1095 1036; x_wconf 78' lang='lat' dir='ltr'><strong>vernaculi</strong></span> <span class='ocrx_word' id='word_1_56' title='bbox 1138 995 1352 1046; x_wconf 91' lang='lat' dir='ltr'><strong>omnes,</strong></span> <span class='ocrx_word' id='word_1_57' title='bbox 1401 977 1613 1034; x_wconf 90' lang='lat' dir='ltr'><strong>telluris</strong></span> <span class='ocrx_word' id='word_1_58' title='bbox 1649 976 1866 1048; x_wconf 70' lang='lat' dir='ltr'><strong>Optimae</strong></span> <span class='ocrx_word' id='word_1_59' title='bbox 1895 974 2046 1032; x_wconf 88' lang='lat' dir='ltr'><strong>succi</strong></span> <span class='ocrx_word' id='word_1_60' title='bbox 2078 992 2091 1029; x_wconf 92' lang='lat'>:</span> 
     </span>
    </p>
   </div>
   <div class='ocr_carea' id='block_1_12' title="bbox 513 1066 2094 1145">
    <p class='ocr_par' dir='ltr' id='par_1_12' title="bbox 513 1066 2094 1145">
     <span class='ocr_line' id='line_1_12' title="bbox 513 1066 2094 1145; baseline -0.006 -13"><span class='ocrx_word' id='word_1_61' title='bbox 513 1092 614 1132; x_wconf 89' lang='lat' dir='ltr'><strong>nec</strong></span> <span class='ocrx_word' id='word_1_62' title='bbox 638 1090 799 1145; x_wconf 85' lang='lat' dir='ltr'><strong>apum</strong></span> <span class='ocrx_word' id='word_1_63' title='bbox 836 1073 941 1127; x_wconf 89' lang='lat' dir='ltr'><strong>favi</strong></span> <span class='ocrx_word' id='word_1_64' title='bbox 977 1073 1195 1136; x_wconf 84' lang='lat' dir='ltr'><strong>desunt,</strong></span> <span class='ocrx_word' id='word_1_65' title='bbox 1226 1082 1319 1127; x_wconf 90' lang='lat' dir='ltr'><strong>aut</strong></span> <span class='ocrx_word' id='word_1_66' title='bbox 1352 1071 1634 1139; x_wconf 87' lang='lat' dir='ltr'><strong>caprinum</strong></span> <span class='ocrx_word' id='word_1_67' title='bbox 1657 1070 1760 1123; x_wconf 90' lang='lat' dir='ltr'><strong>lac.</strong></span> <span class='ocrx_word' id='word_1_68' title='bbox 1787 1066 1904 1123; x_wconf 86' lang='lat' dir='ltr'><strong>Non</strong></span> <span class='ocrx_word' id='word_1_69' title='bbox 1950 1068 2094 1123; x_wconf 90' lang='lat' dir='ltr'><strong>enim</strong></span> 
     </span>
    </p>
   </div>
   <div class='ocr_carea' id='block_1_13' title="bbox 513 1158 2097 1236">
    <p class='ocr_par' dir='ltr' id='par_1_13' title="bbox 513 1158 2097 1236">
     <span class='ocr_line' id='line_1_13' title="bbox 513 1158 2097 1236; baseline -0.004 -17"><span class='ocrx_word' id='word_1_70' title='bbox 513 1166 759 1236; x_wconf 82' lang='lat' dir='ltr'><strong>mulgere</strong></span> <span class='ocrx_word' id='word_1_71' title='bbox 805 1164 970 1218; x_wconf 87' lang='lat' dir='ltr'><strong>boves</strong></span> <span class='ocrx_word' id='word_1_72' title='bbox 1014 1162 1156 1232; x_wconf 89' lang='lat' dir='ltr'><strong>apud</strong></span> <span class='ocrx_word' id='word_1_73' title='bbox 1202 1178 1303 1217; x_wconf 93' lang='lat' dir='ltr'><strong>nos</strong></span> <span class='ocrx_word' id='word_1_74' title='bbox 1332 1168 1608 1230; x_wconf 85' lang='lat' dir='ltr'><strong>receptum</strong></span> <span class='ocrx_word' id='word_1_75' title='bbox 1649 1158 1884 1215; x_wconf 87' lang='lat' dir='ltr'><strong>est.Nec</strong></span> <span class='ocrx_word' id='word_1_76' title='bbox 1918 1159 2097 1213; x_wconf 81' lang='lat' dir='ltr'><strong>mino-</strong></span> 
     </span>
    </p>
   </div>
   <div class='ocr_carea' id='block_1_14' title="bbox 511 1250 2095 1323">
    <p class='ocr_par' dir='ltr' id='par_1_14' title="bbox 511 1250 2095 1323">
     <span class='ocr_line' id='line_1_14' title="bbox 511 1250 2095 1323; baseline -0.004 -12"><span class='ocrx_word' id='word_1_77' title='bbox 511 1271 628 1313; x_wconf 87' lang='lat' dir='ltr'><strong>rem</strong></span> <span class='ocrx_word' id='word_1_78' title='bbox 681 1255 888 1310; x_wconf 88' lang='lat' dir='ltr'><strong>mensis</strong></span> <span class='ocrx_word' id='word_1_79' title='bbox 941 1255 1146 1310; x_wconf 89' lang='lat' dir='ltr'><strong>nostris</strong></span> <span class='ocrx_word' id='word_1_80' title='bbox 1195 1256 1406 1323; x_wconf 89' lang='lat' dir='ltr'><strong>copiam</strong></span> <span class='ocrx_word' id='word_1_81' title='bbox 1453 1251 1707 1322; x_wconf 78' lang='lat' dir='ltr'><strong>frequens</strong></span> <span class='ocrx_word' id='word_1_82' title='bbox 1767 1250 1996 1305; x_wconf 89' lang='lat' dir='ltr'><strong>canibus</strong></span> <span class='ocrx_word' id='word_1_83' title='bbox 2041 1257 2095 1305; x_wconf 92' lang='lat' dir='ltr'><strong>et</strong></span> 
     </span>
    </p>
   </div>
   <div class='ocr_carea' id='block_1_15' title="bbox 506 1341 2095 1419">
    <p class='ocr_par' dir='ltr' id='par_1_15' title="bbox 506 1341 2095 1419">
     <span class='ocr_line' id='line_1_15' title="bbox 506 1341 2095 1419; baseline -0.004 -14"><span class='ocrx_word' id='word_1_84' title='bbox 506 1348 668 1419; x_wconf 86' lang='lat' dir='ltr'><strong>equis</strong></span> <span class='ocrx_word' id='word_1_85' title='bbox 697 1354 930 1402; x_wconf 83' lang='lat' dir='ltr'><strong>venatus</strong></span> <span class='ocrx_word' id='word_1_86' title='bbox 956 1345 1269 1417; x_wconf 84' lang='lat' dir='ltr'><strong>suppeditat</strong></span> <span class='ocrx_word' id='word_1_87' title='bbox 1296 1363 1310 1400; x_wconf 89' lang='lat'><strong>:</strong></span> <span class='ocrx_word' id='word_1_88' title='bbox 1345 1360 1505 1415; x_wconf 88' lang='lat' dir='ltr'><strong>quem</strong></span> <span class='ocrx_word' id='word_1_89' title='bbox 1547 1345 1734 1399; x_wconf 88' lang='lat' dir='ltr'><strong>nescio</strong></span> <span class='ocrx_word' id='word_1_90' title='bbox 1765 1359 1864 1397; x_wconf 90' lang='lat' dir='ltr'><strong>cur</strong></span> <span class='ocrx_word' id='word_1_91' title='bbox 1896 1341 2095 1398; x_wconf 84' lang='lat' dir='ltr'><strong>Home-</strong></span> 
     </span>
    </p>
   </div>
   <div class='ocr_carea' id='block_1_16' title="bbox 509 1433 2092 1509">
    <p class='ocr_par' dir='ltr' id='par_1_16' title="bbox 509 1433 2092 1509">
     <span class='ocr_line' id='line_1_16' title="bbox 509 1433 2092 1509; baseline -0.006 -13"><span class='ocrx_word' id='word_1_92' title='bbox 509 1455 609 1495; x_wconf 83' lang='lat' dir='ltr'><strong>rus</strong></span> <span class='ocrx_word' id='word_1_93' title='bbox 648 1439 774 1494; x_wconf 78' lang='lat' dir='ltr'><strong>viris</strong></span> <span class='ocrx_word' id='word_1_94' title='bbox 808 1438 1100 1509; x_wconf 80' lang='lat' dir='ltr'><strong>gloriosum</strong></span> <span class='ocrx_word' id='word_1_95' title='bbox 1134 1453 1240 1491; x_wconf 90' lang='lat' dir='ltr'><strong>non</strong></span> <span class='ocrx_word' id='word_1_96' title='bbox 1284 1437 1556 1507; x_wconf 85' lang='lat' dir='ltr'><strong>appellet,</strong></span> <span class='ocrx_word' id='word_1_97' title='bbox 1600 1451 1701 1490; x_wconf 90' lang='lat' dir='ltr'><strong>nec</strong></span> <span class='ocrx_word' id='word_1_98' title='bbox 1749 1436 1990 1490; x_wconf 88' lang='lat' dir='ltr'><strong>illustres</strong></span> <span class='ocrx_word' id='word_1_99' title='bbox 2036 1433 2092 1487; x_wconf 89' lang='lat' dir='ltr'><strong>in</strong></span> 
     </span>
    </p>
   </div>
   <div class='ocr_carea' id='block_1_17' title="bbox 510 1521 2091 1594">
    <p class='ocr_par' dir='ltr' id='par_1_17' title="bbox 510 1521 2091 1594">
     <span class='ocr_line' id='line_1_17' title="bbox 510 1521 2091 1594; baseline -0.008 -7"><span class='ocrx_word' id='word_1_100' title='bbox 510 1546 575 1587; x_wconf 86' lang='lat' dir='ltr'><strong>ea</strong></span> <span class='ocrx_word' id='word_1_101' title='bbox 613 1530 867 1585; x_wconf 85' lang='lat' dir='ltr'><strong>homines</strong></span> <span class='ocrx_word' id='word_1_102' title='bbox 892 1528 1008 1582; x_wconf 83' lang='lat' dir='ltr'><strong>fieri</strong></span> <span class='ocrx_word' id='word_1_103' title='bbox 1033 1527 1233 1582; x_wconf 76' lang='lat' dir='ltr'><strong>dixerit</strong></span> <span class='ocrx_word' id='word_1_104' title='bbox 1263 1569 1279 1589; x_wconf 91' lang='lat'><strong>,</strong></span> <span class='ocrx_word' id='word_1_105' title='bbox 1313 1541 1437 1581; x_wconf 87' lang='lat' dir='ltr'><strong>cum</strong></span> <span class='ocrx_word' id='word_1_106' title='bbox 1475 1540 1540 1579; x_wconf 90' lang='lat' dir='ltr'><strong>eo</strong></span> <span class='ocrx_word' id='word_1_107' title='bbox 1596 1523 1868 1594; x_wconf 66' lang='lat' dir='ltr'><strong>praaconio</strong></span> <span class='ocrx_word' id='word_1_108' title='bbox 1914 1521 2091 1577; x_wconf 90' lang='lat' dir='ltr'><strong>forum</strong></span> 
     </span>
    </p>
   </div>
   <div class='ocr_carea' id='block_1_18' title="bbox 511 1614 2092 1689">
    <p class='ocr_par' dir='ltr' id='par_1_18' title="bbox 511 1614 2092 1689">
     <span class='ocr_line' id='line_1_18' title="bbox 511 1614 2092 1689; baseline -0.006 -14"><span class='ocrx_word' id='word_1_109' title='bbox 511 1621 800 1682; x_wconf 85' lang='lat' dir='ltr'><strong>all‘ecerit,</strong></span> <span class='ocrx_word' id='word_1_110' title='bbox 861 1636 927 1675; x_wconf 81' lang='lat' dir='ltr'><strong>ex</strong></span> <span class='ocrx_word' id='word_1_111' title='bbox 980 1635 1089 1689; x_wconf 88' lang='lat' dir='ltr'><strong>quo</strong></span> <span class='ocrx_word' id='word_1_112' title='bbox 1140 1617 1414 1689; x_wconf 65' lang='lat' dir='ltr'><strong>perfricta:</strong></span> <span class='ocrx_word' id='word_1_113' title='bbox 1466 1616 1664 1671; x_wconf 83' lang='lat' dir='ltr'><strong>frontis</strong></span> <span class='ocrx_word' id='word_1_114' title='bbox 1693 1614 2092 1669; x_wconf 86' lang='lat' dir='ltr'><strong>homunciones</strong></span> 
     </span>
    </p>
   </div>
   <div class='ocr_carea' id='block_1_19' title="bbox 512 1704 2090 1784">
    <p class='ocr_par' dir='ltr' id='par_1_19' title="bbox 512 1704 2090 1784">
     <span class='ocr_line' id='line_1_19' title="bbox 512 1704 2090 1784; baseline -0.006 -16"><span class='ocrx_word' id='word_1_115' title='bbox 512 1728 577 1768; x_wconf 87' lang='lat' dir='ltr'><strong>ac</strong></span> <span class='ocrx_word' id='word_1_116' title='bbox 608 1713 935 1784; x_wconf 84' lang='lat' dir='ltr'><strong>nequissimi</strong></span> <span class='ocrx_word' id='word_1_117' title='bbox 966 1712 1278 1783; x_wconf 88' lang='lat' dir='ltr'><strong>prodeunt,</strong></span> <span class='ocrx_word' id='word_1_118' title='bbox 1323 1725 1423 1765; x_wconf 91' lang='lat' dir='ltr'><strong>nec</strong></span> <span class='ocrx_word' id='word_1_119' title='bbox 1465 1709 1585 1764; x_wconf 89' lang='lat' dir='ltr'><strong>sani</strong></span> <span class='ocrx_word' id='word_1_120' title='bbox 1628 1707 1946 1778; x_wconf 83' lang='lat' dir='ltr'><strong>quidquam,</strong></span> <span class='ocrx_word' id='word_1_121' title='bbox 1994 1704 2090 1761; x_wconf 91' lang='lat' dir='ltr'><strong>sed</strong></span> 
     </span>
    </p>
   </div>
   <div class='ocr_carea' id='block_1_20' title="bbox 2197 504 3781 578">
    <p class='ocr_par' dir='ltr' id='par_1_20' title="bbox 2197 504 3781 578">
     <span class='ocr_line' id='line_1_20' title="bbox 2197 504 3781 578; baseline -0.003 -16"><span class='ocrx_word' id='word_1_122' title='bbox 2197 507 2234 562; x_wconf 74' lang='grc' dir='ltr'>ἃ.</span> <span class='ocrx_word' id='word_1_123' title='bbox 2261 509 2355 560; x_wconf 67' lang='grc' dir='ltr'><strong>καὶ</strong></span> <span class='ocrx_word' id='word_1_124' title='bbox 2384 507 2462 577; x_wconf 80' lang='grc' dir='ltr'>τῷ</span> <span class='ocrx_word' id='word_1_125' title='bbox 2487 506 2720 578; x_wconf 89' lang='grc' dir='ltr'>Νέστορι</span> <span class='ocrx_word' id='word_1_126' title='bbox 2750 506 2999 578; x_wconf 82' lang='grc' dir='ltr'><strong>κίρνησιν</strong></span> <span class='ocrx_word' id='word_1_127' title='bbox 3030 504 3364 575; x_wconf 86' lang='grc' dir='ltr'>Ἑκαμήδην.</span> <span class='ocrx_word' id='word_1_128' title='bbox 3389 504 3544 557; x_wconf 79' lang='grc' dir='ltr'>Μετὰ</span> <span class='ocrx_word' id='word_1_129' title='bbox 3564 504 3657 556; x_wconf 78' lang='grc' dir='ltr'>τὸν</span> <span class='ocrx_word' id='word_1_130' title='bbox 3688 505 3781 557; x_wconf 76' lang='grc' dir='ltr'>κύ·-</span> 
     </span>
    </p>
   </div>
   <div class='ocr_carea' id='block_1_21' title="bbox 2199 595 3775 672">
    <p class='ocr_par' dir='ltr' id='par_1_21' title="bbox 2199 595 3775 672">
     <span class='ocr_line' id='line_1_21' title="bbox 2199 595 3775 672; baseline -0.004 -18"><span class='ocrx_word' id='word_1_131' title='bbox 2199 619 2301 654; x_wconf 91' lang='grc' dir='ltr'><strong>πον</strong></span> <span class='ocrx_word' id='word_1_132' title='bbox 2360 599 2580 672; x_wconf 77' lang='grc' dir='ltr'>ἰσχυρὸν</span> <span class='ocrx_word' id='word_1_133' title='bbox 2621 601 2650 652; x_wconf 83' lang='grc' dir='ltr'><strong>ὁ</strong></span> <span class='ocrx_word' id='word_1_134' title='bbox 2696 598 2913 652; x_wconf 87' lang='grc' dir='ltr'>κυκεὼν</span> <span class='ocrx_word' id='word_1_135' title='bbox 2954 597 3055 668; x_wconf 80' lang='grc' dir='ltr'>τῆς</span> <span class='ocrx_word' id='word_1_136' title='bbox 3083 596 3301 667; x_wconf 80' lang='grc' dir='ltr'><strong>θερινῆς</strong></span> <span class='ocrx_word' id='word_1_137' title='bbox 3333 595 3482 667; x_wconf 85' lang='grc' dir='ltr'>ὥρας</span> <span class='ocrx_word' id='word_1_138' title='bbox 3504 595 3775 665; x_wconf 76' lang='grc' dir='ltr'>ἀλέξημα.</span> 
     </span>
    </p>
   </div>
   <div class='ocr_carea' id='block_1_22' title="bbox 2197 688 3779 765">
    <p class='ocr_par' dir='ltr' id='par_1_22' title="bbox 2197 688 3779 765">
     <span class='ocr_line' id='line_1_22' title="bbox 2197 688 3779 765; baseline -0.005 -18"><span class='ocrx_word' id='word_1_139' title='bbox 2197 694 2310 747; x_wconf 75' lang='grc' dir='ltr'><strong>Καὶ</strong></span> <span class='ocrx_word' id='word_1_140' title='bbox 2367 694 2476 765; x_wconf 85' lang='grc' dir='ltr'><strong>μήν</strong></span> <span class='ocrx_word' id='word_1_141' title='bbox 2528 694 2677 747; x_wconf 78' lang='grc' dir='ltr'>ἐστιν</span> <span class='ocrx_word' id='word_1_142' title='bbox 2726 693 2859 762; x_wconf 83' lang='grc' dir='ltr'>ἡμῖν</span> <span class='ocrx_word' id='word_1_143' title='bbox 2912 691 3009 745; x_wconf 78' lang='grc' dir='ltr'>καὶ</span> <span class='ocrx_word' id='word_1_144' title='bbox 3059 688 3263 761; x_wconf 81' lang='grc' dir='ltr'>πύρινα</span> <span class='ocrx_word' id='word_1_145' title='bbox 3325 689 3595 759; x_wconf 78' lang='grc' dir='ltr'><strong>πέμματα</strong></span> <span class='ocrx_word' id='word_1_146' title='bbox 3624 705 3639 717; x_wconf 82' lang='grc'><em>’</em></span> <span class='ocrx_word' id='word_1_147' title='bbox 3684 688 3779 740; x_wconf 78' lang='grc' dir='ltr'><strong>καὶ</strong></span> 
     </span>
    </p>
   </div>
   <div class='ocr_carea' id='block_1_23' title="bbox 2195 779 3775 857">
    <p class='ocr_par' dir='ltr' id='par_1_23' title="bbox 2195 779 3775 857">
     <span class='ocr_line' id='line_1_23' title="bbox 2195 779 3775 857; baseline -0.005 -18"><span class='ocrx_word' id='word_1_148' title='bbox 2195 785 2417 857; x_wconf 84' lang='grc' dir='ltr'>τρωκτά</span> <span class='ocrx_word' id='word_1_149' title='bbox 2440 782 2757 855; x_wconf 81' lang='grc' dir='ltr'><strong>ἀκροδρύων</strong></span> <span class='ocrx_word' id='word_1_150' title='bbox 2776 780 2910 854; x_wconf 89' lang='lat'><strong>(89),</strong></span> <span class='ocrx_word' id='word_1_151' title='bbox 2935 781 3003 835; x_wconf 82' lang='grc' dir='ltr'>τὰ</span> <span class='ocrx_word' id='word_1_152' title='bbox 3032 782 3151 853; x_wconf 79' lang='grc' dir='ltr'>μὲν,</span> <span class='ocrx_word' id='word_1_153' title='bbox 3172 781 3377 851; x_wconf 80' lang='grc' dir='ltr'>ἣμερα,</span> <span class='ocrx_word' id='word_1_154' title='bbox 3409 780 3479 832; x_wconf 77' lang='grc' dir='ltr'>τὰ</span> <span class='ocrx_word' id='word_1_155' title='bbox 3508 779 3556 832; x_wconf 73' lang='grc' dir='ltr'>δ’</span> <span class='ocrx_word' id='word_1_156' title='bbox 3586 779 3775 851; x_wconf 76' lang='grc' dir='ltr'>ἄγρια,</span> 
     </span>
    </p>
   </div>
   <div class='ocr_carea' id='block_1_24' title="bbox 2197 869 3777 945">
    <p class='ocr_par' dir='ltr' id='par_1_24' title="bbox 2197 869 3777 945">
     <span class='ocr_line' id='line_1_24' title="bbox 2197 869 3777 945; baseline -0.004 -16"><span class='ocrx_word' id='word_1_157' title='bbox 2197 876 2374 930; x_wconf 86' lang='grc' dir='ltr'>πάντα</span> <span class='ocrx_word' id='word_1_158' title='bbox 2405 873 2665 945; x_wconf 76' lang='grc' dir='ltr'><strong>ἐγχώρια,</strong></span> <span class='ocrx_word' id='word_1_159' title='bbox 2684 873 2787 943; x_wconf 83' lang='grc' dir='ltr'>γῆς</span> <span class='ocrx_word' id='word_1_160' title='bbox 2818 872 3048 942; x_wconf 82' lang='grc' dir='ltr'>ἀρίστης</span> <span class='ocrx_word' id='word_1_161' title='bbox 3076 872 3261 943; x_wconf 77' lang='grc' dir='ltr'>χυμοὶ,</span> <span class='ocrx_word' id='word_1_162' title='bbox 3281 870 3375 924; x_wconf 80' lang='grc' dir='ltr'>καὶ</span> <span class='ocrx_word' id='word_1_163' title='bbox 3401 870 3574 942; x_wconf 80' lang='grc' dir='ltr'>κηρία</span> <span class='ocrx_word' id='word_1_164' title='bbox 3600 869 3777 941; x_wconf 75' lang='grc' dir='ltr'>μελιτ-</span> 
     </span>
    </p>
   </div>
   <div class='ocr_carea' id='block_1_25' title="bbox 2195 963 3776 1034">
    <p class='ocr_par' dir='ltr' id='par_1_25' title="bbox 2195 963 3776 1034">
     <span class='ocr_line' id='line_1_25' title="bbox 2195 963 3776 1034; baseline -0.004 -13"><span class='ocrx_word' id='word_1_165' title='bbox 2195 967 2325 1031; x_wconf 83' lang='grc' dir='ltr'>τῶν,</span> <span class='ocrx_word' id='word_1_166' title='bbox 2376 967 2472 1020; x_wconf 74' lang='grc' dir='ltr'>καὶ</span> <span class='ocrx_word' id='word_1_167' title='bbox 2519 965 2661 1034; x_wconf 83' lang='grc' dir='ltr'>γάλα</span> <span class='ocrx_word' id='word_1_168' title='bbox 2705 964 2765 1030; x_wconf 82' lang='grc' dir='ltr'><strong>ὲξ</strong></span> <span class='ocrx_word' id='word_1_169' title='bbox 2796 963 2987 1033; x_wconf 77' lang='grc' dir='ltr'>αἰγῶν.</span> <span class='ocrx_word' id='word_1_170' title='bbox 3022 964 3097 1018; x_wconf 65' lang='lat' dir='ltr'><strong>Uti</strong></span> <span class='ocrx_word' id='word_1_171' title='bbox 3145 965 3254 1034; x_wconf 87' lang='grc' dir='ltr'>γὰρ</span> <span class='ocrx_word' id='word_1_172' title='bbox 3301 964 3601 1033; x_wconf 76' lang='grc' dir='ltr'>νομίζομεν</span> <span class='ocrx_word' id='word_1_173' title='bbox 3652 963 3776 1033; x_wconf 71' lang='grc' dir='ltr'>βοῦς</span> 
     </span>
    </p>
   </div>
   <div class='ocr_carea' id='block_1_26' title="bbox 2194 1053 3777 1129">
    <p class='ocr_par' dir='ltr' id='par_1_26' title="bbox 2194 1053 3777 1129">
     <span class='ocr_line' id='line_1_26' title="bbox 2194 1053 3777 1129; baseline -0.004 -17"><span class='ocrx_word' id='word_1_174' title='bbox 2194 1058 2477 1129; x_wconf 84' lang='grc' dir='ltr'>ἀμέλγειν.</span> <span class='ocrx_word' id='word_1_175' title='bbox 2505 1058 2659 1110; x_wconf 84' lang='grc' dir='ltr'>Ποιεῖ</span> <span class='ocrx_word' id='word_1_176' title='bbox 2684 1055 2742 1109; x_wconf 82' lang='grc' dir='ltr'>δὲ</span> <span class='ocrx_word' id='word_1_177' title='bbox 2775 1055 2877 1108; x_wconf 81' lang='grc' dir='ltr'>οὐκ</span> <span class='ocrx_word' id='word_1_178' title='bbox 2916 1054 3123 1108; x_wconf 78' lang='grc' dir='ltr'><strong>ἐλάττω</strong></span> <span class='ocrx_word' id='word_1_179' title='bbox 3160 1054 3260 1125; x_wconf 84' lang='grc' dir='ltr'><strong>τὴν</strong></span> <span class='ocrx_word' id='word_1_180' title='bbox 3284 1053 3546 1123; x_wconf 80' lang='grc' dir='ltr'>ἀφθονίαν</span> <span class='ocrx_word' id='word_1_181' title='bbox 3580 1055 3640 1106; x_wconf 85' lang='grc' dir='ltr'>ὲν</span> <span class='ocrx_word' id='word_1_182' title='bbox 3661 1056 3777 1115; x_wconf 68' lang='lat' dir='ltr'><strong>mi;</strong></span> 
     </span>
    </p>
   </div>
   <div class='ocr_carea' id='block_1_27' title="bbox 2193 1146 3779 1220">
    <p class='ocr_par' dir='ltr' id='par_1_27' title="bbox 2193 1146 3779 1220">
     <span class='ocr_line' id='line_1_27' title="bbox 2193 1146 3779 1220; baseline -0.003 -18"><span class='ocrx_word' id='word_1_183' title='bbox 2193 1150 2514 1220; x_wconf 83' lang='grc' dir='ltr'>τραπέζαις,</span> <span class='ocrx_word' id='word_1_184' title='bbox 2556 1149 2653 1203; x_wconf 77' lang='grc' dir='ltr'>καὶ</span> <span class='ocrx_word' id='word_1_185' title='bbox 2684 1149 2718 1220; x_wconf 86' lang='grc' dir='ltr'><strong>ἡ</strong></span> <span class='ocrx_word' id='word_1_186' title='bbox 2750 1148 2840 1202; x_wconf 86' lang='grc' dir='ltr'><strong>διὰ</strong></span> <span class='ocrx_word' id='word_1_187' title='bbox 2872 1147 2981 1202; x_wconf 84' lang='grc' dir='ltr'>τῶν</span> <span class='ocrx_word' id='word_1_188' title='bbox 3007 1148 3184 1202; x_wconf 82' lang='grc' dir='ltr'>κυνῶν</span> <span class='ocrx_word' id='word_1_189' title='bbox 3211 1148 3306 1201; x_wconf 80' lang='grc' dir='ltr'>καὶ</span> <span class='ocrx_word' id='word_1_190' title='bbox 3332 1147 3440 1201; x_wconf 81' lang='grc' dir='ltr'>τῶν</span> <span class='ocrx_word' id='word_1_191' title='bbox 3463 1148 3650 1199; x_wconf 79' lang='grc' dir='ltr'>ἵππων</span> <span class='ocrx_word' id='word_1_192' title='bbox 3685 1146 3779 1218; x_wconf 79' lang='grc' dir='ltr'><strong>θή-</strong></span> 
     </span>
    </p>
   </div>
   <div class='ocr_carea' id='block_1_28' title="bbox 2195 1235 3779 1312">
    <p class='ocr_par' dir='ltr' id='par_1_28' title="bbox 2195 1235 3779 1312">
     <span class='ocr_line' id='line_1_28' title="bbox 2195 1235 3779 1312; baseline -0.001 -18"><span class='ocrx_word' id='word_1_193' title='bbox 2195 1255 2291 1312; x_wconf 80' lang='grc' dir='ltr'>ρα’</span> <span class='ocrx_word' id='word_1_194' title='bbox 2316 1241 2383 1312; x_wconf 79' lang='grc' dir='ltr'><strong>ἡν</strong></span> <span class='ocrx_word' id='word_1_195' title='bbox 2424 1242 2525 1294; x_wconf 75' lang='grc' dir='ltr'>οὐκ</span> <span class='ocrx_word' id='word_1_196' title='bbox 2574 1235 2691 1294; x_wconf 72' lang='grc' dir='ltr'>οἴδα</span> <span class='ocrx_word' id='word_1_197' title='bbox 2717 1240 2835 1302; x_wconf 85' lang='grc' dir='ltr'><strong>πῶς</strong></span> <span class='ocrx_word' id='word_1_198' title='bbox 2885 1240 2947 1292; x_wconf 85' lang='grc' dir='ltr'>οὐ</span> <span class='ocrx_word' id='word_1_199' title='bbox 2998 1242 3292 1310; x_wconf 80' lang='grc' dir='ltr'>προσεῖπεν</span> <span class='ocrx_word' id='word_1_200' title='bbox 3326 1239 3577 1309; x_wconf 78' lang='grc' dir='ltr'>Ὅμηρος</span> <span class='ocrx_word' id='word_1_201' title='bbox 3596 1238 3779 1292; x_wconf 73' lang='grc' dir='ltr'>κυδιάο</span> 
     </span>
    </p>
   </div>
   <div class='ocr_carea' id='block_1_29' title="bbox 2193 1330 3775 1405">
    <p class='ocr_par' dir='ltr' id='par_1_29' title="bbox 2193 1330 3775 1405">
     <span class='ocr_line' id='line_1_29' title="bbox 2193 1330 3775 1405; baseline -0.003 -19"><span class='ocrx_word' id='word_1_202' title='bbox 2193 1351 2399 1405; x_wconf 89' lang='grc' dir='ltr'>νειραν,</span> <span class='ocrx_word' id='word_1_203' title='bbox 2450 1332 2571 1385; x_wconf 83' lang='grc' dir='ltr'>οὐδὲ</span> <span class='ocrx_word' id='word_1_204' title='bbox 2602 1331 2949 1403; x_wconf 82' lang='grc' dir='ltr'>ἀριπρεπέας</span> <span class='ocrx_word' id='word_1_205' title='bbox 2997 1331 3100 1403; x_wconf 75' lang='grc' dir='ltr'>ἔφη</span> <span class='ocrx_word' id='word_1_206' title='bbox 3145 1332 3275 1395; x_wconf 77' lang='grc' dir='ltr'>τοὺς</span> <span class='ocrx_word' id='word_1_207' title='bbox 3304 1330 3499 1402; x_wconf 84' lang='grc' dir='ltr'>ἄνδρας</span> <span class='ocrx_word' id='word_1_208' title='bbox 3532 1332 3595 1383; x_wconf 83' lang='grc' dir='ltr'><strong>ὲν</strong></span> <span class='ocrx_word' id='word_1_209' title='bbox 3642 1331 3775 1401; x_wconf 72' lang='grc' dir='ltr'>αὑτῇ</span> 
     </span>
    </p>
   </div>
   <div class='ocr_carea' id='block_1_30' title="bbox 2191 1418 3776 1494">
    <p class='ocr_par' dir='ltr' id='par_1_30' title="bbox 2191 1418 3776 1494">
     <span class='ocr_line' id='line_1_30' title="bbox 2191 1418 3776 1494; baseline -0.004 -19"><span class='ocrx_word' id='word_1_210' title='bbox 2191 1422 2475 1492; x_wconf 89' lang='grc' dir='ltr'>γίγνεσθαι</span> <span class='ocrx_word' id='word_1_211' title='bbox 2496 1439 2511 1455; x_wconf 79' lang='grc' dir='ltr'><strong>ο</strong></span> <span class='ocrx_word' id='word_1_212' title='bbox 2543 1421 2639 1494; x_wconf 85' lang='grc' dir='ltr'>τὴν</span> <span class='ocrx_word' id='word_1_213' title='bbox 2678 1421 2735 1475; x_wconf 87' lang='grc' dir='ltr'>δὲ</span> <span class='ocrx_word' id='word_1_214' title='bbox 2764 1420 2972 1492; x_wconf 82' lang='grc' dir='ltr'>ἀγορὰν</span> <span class='ocrx_word' id='word_1_215' title='bbox 3004 1420 3264 1490; x_wconf 72' lang='grc' dir='ltr'>ἐγκωμίῳ</span> <span class='ocrx_word' id='word_1_216' title='bbox 3302 1418 3528 1489; x_wconf 77' lang='grc' dir='ltr'>τοιούτῳ</span> <span class='ocrx_word' id='word_1_217' title='bbox 3553 1418 3776 1488; x_wconf 75' lang='grc' dir='ltr'>τετίμη-</span> 
     </span>
    </p>
   </div>
   <div class='ocr_carea' id='block_1_31' title="bbox 2193 1512 3775 1583">
    <p class='ocr_par' dir='ltr' id='par_1_31' title="bbox 2193 1512 3775 1583">
     <span class='ocr_line' id='line_1_31' title="bbox 2193 1512 3775 1583; baseline -0.001 -18"><span class='ocrx_word' id='word_1_218' title='bbox 2193 1514 2309 1577; x_wconf 74' lang='grc' dir='ltr'>κεν,</span> <span class='ocrx_word' id='word_1_219' title='bbox 2337 1512 2624 1583; x_wconf 87' lang='grc' dir='ltr'>ἀνθρώπια</span> <span class='ocrx_word' id='word_1_220' title='bbox 2658 1513 3042 1583; x_wconf 81' lang='grc' dir='ltr'>παρεχομένην</span> <span class='ocrx_word' id='word_1_221' title='bbox 3065 1512 3275 1582; x_wconf 86' lang='grc' dir='ltr'>ἀναιδῆ,</span> <span class='ocrx_word' id='word_1_222' title='bbox 3298 1512 3392 1565; x_wconf 77' lang='grc' dir='ltr'>καὶ</span> <span class='ocrx_word' id='word_1_223' title='bbox 3411 1516 3775 1582; x_wconf 80' lang='grc' dir='ltr'>παμπόνηρα,</span> 
     </span>
    </p>
   </div>
   <div class='ocr_carea' id='block_1_32' title="bbox 2192 1604 3776 1676">
    <p class='ocr_par' dir='ltr' id='par_1_32' title="bbox 2192 1604 3776 1676">
     <span class='ocr_line' id='line_1_32' title="bbox 2192 1604 3776 1676; baseline -0.002 -18"><span class='ocrx_word' id='word_1_224' title='bbox 2192 1606 2286 1658; x_wconf 74' lang='grc' dir='ltr'>καὶ</span> <span class='ocrx_word' id='word_1_225' title='bbox 2324 1605 2476 1659; x_wconf 80' lang='grc' dir='ltr'>οὐδὲν</span> <span class='ocrx_word' id='word_1_226' title='bbox 2524 1604 2679 1674; x_wconf 84' lang='grc' dir='ltr'>ὑγιές</span> <span class='ocrx_word' id='word_1_227' title='bbox 2705 1619 2719 1634; x_wconf 82' lang='grc'><strong><em>⁸</em></strong></span> <span class='ocrx_word' id='word_1_228' title='bbox 2742 1604 2878 1658; x_wconf 80' lang='grc' dir='ltr'>ἀλλὰ</span> <span class='ocrx_word' id='word_1_229' title='bbox 2911 1604 3146 1676; x_wconf 87' lang='grc' dir='ltr'>λοίδορα,</span> <span class='ocrx_word' id='word_1_230' title='bbox 3168 1605 3261 1658; x_wconf 75' lang='grc' dir='ltr'>καὶ</span> <span class='ocrx_word' id='word_1_231' title='bbox 3291 1606 3673 1675; x_wconf 75' lang='grc' dir='ltr'>κακορραφεῖν</span> <span class='ocrx_word' id='word_1_232' title='bbox 3703 1605 3776 1657; x_wconf 69' lang='grc' dir='ltr'>εἰσ</span> 
     </span>
    </p>
   </div>
   <div class='ocr_carea' id='block_1_33' title="bbox 2190 1693 3778 1769">
    <p class='ocr_par' dir='ltr' id='par_1_33' title="bbox 2190 1693 3778 1769">
     <span class='ocr_line' id='line_1_33' title="bbox 2190 1693 3778 1769; baseline -0.001 -18"><span class='ocrx_word' id='word_1_233' title='bbox 2190 1697 2353 1765; x_wconf 88' lang='grc' dir='ltr'>δότα;</span> <span class='ocrx_word' id='word_1_234' title='bbox 2390 1698 2507 1767; x_wconf 84' lang='grc' dir='ltr'><strong>Ἐφ’</strong></span> <span class='ocrx_word' id='word_1_235' title='bbox 2540 1693 2621 1762; x_wconf 79' lang='grc' dir='ltr'>οἷς</span> <span class='ocrx_word' id='word_1_236' title='bbox 2666 1698 2762 1752; x_wconf 76' lang='grc' dir='ltr'>καὶ</span> <span class='ocrx_word' id='word_1_237' title='bbox 2792 1698 3043 1769; x_wconf 83' lang='grc' dir='ltr'><strong>γελῶμεν</strong></span> <span class='ocrx_word' id='word_1_238' title='bbox 3076 1701 3272 1769; x_wconf 85' lang='grc' dir='ltr'>ἡμεῖς,</span> <span class='ocrx_word' id='word_1_239' title='bbox 3294 1697 3425 1750; x_wconf 84' lang='grc' dir='ltr'>ὅταν</span> <span class='ocrx_word' id='word_1_240' title='bbox 3476 1698 3616 1750; x_wconf 81' lang='grc' dir='ltr'>ποτὲ</span> <span class='ocrx_word' id='word_1_241' title='bbox 3646 1698 3778 1767; x_wconf 74' lang='grc' dir='ltr'>ἡμῖν</span> 
     </span>
    </p>
   </div>
   <div class='ocr_carea' id='block_1_34' title="bbox 511 1788 2090 1864">
    <p class='ocr_par' dir='ltr' id='par_1_34' title="bbox 511 1796 2089 1863">
     <span class='ocr_line' id='line_1_34' title="bbox 511 1796 2089 1863; baseline -0.008 -1"><span class='ocrx_word' id='word_1_242' title='bbox 511 1806 894 1862; x_wconf 85' lang='lat' dir='ltr'><strong>contumeliosi</strong></span> <span class='ocrx_word' id='word_1_243' title='bbox 962 1812 1019 1860; x_wconf 91' lang='lat' dir='ltr'><strong>et</strong></span> <span class='ocrx_word' id='word_1_244' title='bbox 1076 1804 1327 1858; x_wconf 87' lang='lat' dir='ltr'><strong>dolorum</strong></span> <span class='ocrx_word' id='word_1_245' title='bbox 1420 1800 1824 1857; x_wconf 82' lang='lat' dir='ltr'><strong>machinatores</strong></span> <span class='ocrx_word' id='word_1_246' title='bbox 1878 1796 2089 1863; x_wconf 88' lang='lat' dir='ltr'><strong>callidi;</strong></span> 
     </span>
    </p>
   </div>
   <div class='ocr_carea' id='block_1_35' title="bbox 2192 1788 3779 1864">
    <p class='ocr_par' dir='ltr' id='par_1_35' title="bbox 2192 1788 3779 1864">
     <span class='ocr_line' id='line_1_35' title="bbox 2192 1788 3779 1864; baseline -0.002 -19"><span class='ocrx_word' id='word_1_247' title='bbox 2192 1791 2473 1864; x_wconf 76' lang='grc' dir='ltr'>ὁμόρροφα</span> <span class='ocrx_word' id='word_1_248' title='bbox 2520 1792 2768 1862; x_wconf 86' lang='grc' dir='ltr'>γένηται.</span> <span class='ocrx_word' id='word_1_249' title='bbox 2806 1791 3089 1861; x_wconf 81' lang='grc' dir='ltr'>Φρίττουσι</span> <span class='ocrx_word' id='word_1_250' title='bbox 3136 1790 3248 1860; x_wconf 83' lang='grc' dir='ltr'>γάρ</span> <span class='ocrx_word' id='word_1_251' title='bbox 3285 1807 3365 1843; x_wconf 89' lang='grc' dir='ltr'><strong>τοι</strong></span> <span class='ocrx_word' id='word_1_252' title='bbox 3420 1788 3565 1862; x_wconf 78' lang='grc' dir='ltr'>πρὸς</span> <span class='ocrx_word' id='word_1_253' title='bbox 3603 1789 3671 1843; x_wconf 71' lang='grc' dir='ltr'><strong>τὰ</strong></span> <span class='ocrx_word' id='word_1_254' title='bbox 3716 1791 3779 1842; x_wconf 81' lang='grc' dir='ltr'>ἑκ</span> 
     </span>
    </p>
   </div>
   <div class='ocr_carea' id='block_1_36' title="bbox 510 1891 2087 1969">
    <p class='ocr_par' dir='ltr' id='par_1_36' title="bbox 510 1891 2087 1969">
     <span class='ocr_line' id='line_1_36' title="bbox 510 1891 2087 1969; baseline -0.004 -17"><span class='ocrx_word' id='word_1_255' title='bbox 510 1913 651 1969; x_wconf 78' lang='lat' dir='ltr'><strong>quos</strong></span> <span class='ocrx_word' id='word_1_256' title='bbox 698 1897 928 1951; x_wconf 88' lang='lat' dir='ltr'><strong>irridere</strong></span> <span class='ocrx_word' id='word_1_257' title='bbox 987 1895 1195 1966; x_wconf 88' lang='lat' dir='ltr'><strong>passim</strong></span> <span class='ocrx_word' id='word_1_258' title='bbox 1238 1894 1500 1959; x_wconf 81' lang='lat' dir='ltr'><strong>solemus,</strong></span> <span class='ocrx_word' id='word_1_259' title='bbox 1551 1893 1768 1963; x_wconf 76' lang='lat' dir='ltr'><strong>‘luoties</strong></span> <span class='ocrx_word' id='word_1_260' title='bbox 1801 1891 2087 1947; x_wconf 89' lang='lat' dir='ltr'><strong>nobiscum</strong></span> 
     </span>
    </p>
   </div>
   <div class='ocr_carea' id='block_1_37' title="bbox 510 1982 2091 2047">
    <p class='ocr_par' dir='ltr' id='par_1_37' title="bbox 510 1982 2091 2047">
     <span class='ocr_line' id='line_1_37' title="bbox 510 1982 2091 2047; baseline -0.005 -4"><span class='ocrx_word' id='word_1_261' title='bbox 510 1989 705 2046; x_wconf 87' lang='lat' dir='ltr'><strong>iisdem</strong></span> <span class='ocrx_word' id='word_1_262' title='bbox 738 1988 792 2041; x_wconf 91' lang='lat' dir='ltr'><strong>in</strong></span> <span class='ocrx_word' id='word_1_263' title='bbox 823 1985 1035 2042; x_wconf 61' lang='lat' dir='ltr'><strong>adibus</strong></span> <span class='ocrx_word' id='word_1_264' title='bbox 1057 1992 1369 2042; x_wconf 83' lang='lat' dir='ltr'><strong>versantur.</strong></span> <span class='ocrx_word' id='word_1_265' title='bbox 1404 1982 1640 2038; x_wconf 86' lang='lat' dir='ltr'><strong>Horrent</strong></span> <span class='ocrx_word' id='word_1_266' title='bbox 1678 1983 1845 2047; x_wconf 87' lang='lat' dir='ltr'><strong>enim,</strong></span> <span class='ocrx_word' id='word_1_267' title='bbox 1874 1997 1998 2038; x_wconf 90' lang='lat' dir='ltr'><strong>cum</strong></span> <span class='ocrx_word' id='word_1_268' title='bbox 2024 1996 2091 2037; x_wconf 78' lang='lat' dir='ltr'><strong>ex</strong></span> 
     </span>
    </p>
   </div>
   <div class='ocr_carea' id='block_1_38' title="bbox 510 2072 2090 2148">
    <p class='ocr_par' dir='ltr' id='par_1_38' title="bbox 510 2072 2090 2148">
     <span class='ocr_line' id='line_1_38' title="bbox 510 2072 2090 2148; baseline -0.003 -15"><span class='ocrx_word' id='word_1_269' title='bbox 510 2080 728 2134; x_wconf 82' lang='lat' dir='ltr'><strong>camino</strong></span> <span class='ocrx_word' id='word_1_270' title='bbox 745 2084 1024 2148; x_wconf 90' lang='lat' dir='ltr'><strong>promptas</strong></span> <span class='ocrx_word' id='word_1_271' title='bbox 1059 2074 1261 2130; x_wconf 87' lang='lat' dir='ltr'><strong>ferinas</strong></span> <span class='ocrx_word' id='word_1_272' title='bbox 1294 2088 1492 2128; x_wconf 88' lang='lat' dir='ltr'><strong>carnes</strong></span> <span class='ocrx_word' id='word_1_273' title='bbox 1524 2073 1729 2128; x_wconf 86' lang='lat' dir='ltr'><strong>vident.</strong></span> <span class='ocrx_word' id='word_1_274' title='bbox 1769 2072 1911 2139; x_wconf 84' lang='lat' dir='ltr'><strong>Quid</strong></span> <span class='ocrx_word' id='word_1_275' title='bbox 1957 2072 2090 2128; x_wconf 89' lang='lat' dir='ltr'><strong>feri-</strong></span> 
     </span>
    </p>
   </div>
   <div class='ocr_carea' id='block_1_39' title="bbox 510 2165 2092 2236">
    <p class='ocr_par' dir='ltr' id='par_1_39' title="bbox 510 2165 2092 2236">
     <span class='ocr_line' id='line_1_39' title="bbox 510 2165 2092 2236; baseline -0.002 -11"><span class='ocrx_word' id='word_1_276' title='bbox 510 2182 612 2225; x_wconf 84' lang='lat' dir='ltr'><strong>n‘as</strong></span> <span class='ocrx_word' id='word_1_277' title='bbox 627 2170 751 2224; x_wconf 89' lang='lat' dir='ltr'><strong>dico</strong></span> <span class='ocrx_word' id='word_1_278' title='bbox 771 2170 794 2223; x_wconf 87' lang='lat'><strong>?</strong></span> <span class='ocrx_word' id='word_1_279' title='bbox 818 2167 1039 2223; x_wconf 86' lang='lat' dir='ltr'><strong>Venenn</strong></span> <span class='ocrx_word' id='word_1_280' title='bbox 1051 2184 1099 2220; x_wconf 84' lang='grc' dir='ltr'><strong>ιιι</strong></span> <span class='ocrx_word' id='word_1_281' title='bbox 1116 2182 1249 2222; x_wconf 87' lang='lat' dir='ltr'><strong>sane</strong></span> <span class='ocrx_word' id='word_1_282' title='bbox 1281 2167 1466 2229; x_wconf 89' lang='lat' dir='ltr'><strong>citius,</strong></span> <span class='ocrx_word' id='word_1_283' title='bbox 1501 2181 1666 2236; x_wconf 86' lang='lat' dir='ltr'><strong>quam</strong></span> <span class='ocrx_word' id='word_1_284' title='bbox 1689 2182 1783 2223; x_wconf 89' lang='lat' dir='ltr'><strong>eas</strong></span> <span class='ocrx_word' id='word_1_285' title='bbox 1823 2165 1966 2236; x_wconf 89' lang='lat' dir='ltr'><strong>apud</strong></span> <span class='ocrx_word' id='word_1_286' title='bbox 1989 2180 2092 2222; x_wconf 91' lang='lat' dir='ltr'><strong>nos</strong></span> 
     </span>
    </p>
   </div>
   <div class='ocr_carea' id='block_1_40' title="bbox 510 2258 2090 2336">
    <p class='ocr_par' dir='ltr' id='par_1_40' title="bbox 510 2258 2090 2336">
     <span class='ocr_line' id='line_1_40' title="bbox 510 2258 2090 2336; baseline -0.005 -17"><span class='ocrx_word' id='word_1_287' title='bbox 510 2264 940 2336; x_wconf 85' lang='lat' dir='ltr'><strong>degustaverint.</strong></span> <span class='ocrx_word' id='word_1_288' title='bbox 969 2261 1171 2318; x_wconf 81' lang='lat' dir='ltr'><strong>V-inum</strong></span> <span class='ocrx_word' id='word_1_289' title='bbox 1203 2276 1368 2334; x_wconf 89' lang='lat' dir='ltr'><strong>porro</strong></span> <span class='ocrx_word' id='word_1_290' title='bbox 1406 2266 1659 2331; x_wconf 67' lang='lat' dir='ltr'><strong>quaerunt</strong></span> <span class='ocrx_word' id='word_1_291' title='bbox 1685 2258 2090 2328; x_wconf 88' lang='lat' dir='ltr'><strong>tenuissimum,</strong></span> 
     </span>
    </p>
   </div>
   <div class='ocr_carea' id='block_1_41' title="bbox 502 2348 2090 2421">
    <p class='ocr_par' dir='ltr' id='par_1_41' title="bbox 502 2348 2090 2421">
     <span class='ocr_line' id='line_1_41' title="bbox 502 2348 2090 2421; baseline -0.004 -11"><span class='ocrx_word' id='word_1_292' title='bbox 502 2356 620 2412; x_wconf 81' lang='lat' dir='ltr'><strong>mel</strong></span> <span class='ocrx_word' id='word_1_293' title='bbox 653 2355 1085 2421; x_wconf 86' lang='lat' dir='ltr'><strong>crassissimum,</strong></span> <span class='ocrx_word' id='word_1_294' title='bbox 1137 2362 1193 2410; x_wconf 90' lang='lat' dir='ltr'><strong>et</strong></span> <span class='ocrx_word' id='word_1_295' title='bbox 1221 2353 1403 2410; x_wconf 86' lang='lat' dir='ltr'><strong>oleum</strong></span> <span class='ocrx_word' id='word_1_296' title='bbox 1432 2351 1787 2414; x_wconf 88' lang='lat' dir='ltr'><strong>levissimum,</strong></span> <span class='ocrx_word' id='word_1_297' title='bbox 1847 2348 2090 2404; x_wconf 89' lang='lat' dir='ltr'><strong>frumen-</strong></span> 
     </span>
    </p>
   </div>
   <div class='ocr_carea' id='block_1_42' title="bbox 508 2439 2090 2516">
    <p class='ocr_par' dir='ltr' id='par_1_42' title="bbox 508 2439 2090 2516">
     <span class='ocr_line' id='line_1_42' title="bbox 508 2439 2090 2516; baseline -0.004 -17"><span class='ocrx_word' id='word_1_298' title='bbox 508 2453 629 2501; x_wconf 82' lang='lat' dir='ltr'><strong>tum</strong></span> <span class='ocrx_word' id='word_1_299' title='bbox 654 2460 786 2500; x_wconf 87' lang='lat' dir='ltr'><strong>vero</strong></span> <span class='ocrx_word' id='word_1_300' title='bbox 834 2443 1381 2516; x_wconf 87' lang='lat' dir='ltr'><strong>ponderosissimum.</strong></span> <span class='ocrx_word' id='word_1_301' title='bbox 1435 2439 1578 2508; x_wconf 84' lang='lat' dir='ltr'><strong>Quin</strong></span> <span class='ocrx_word' id='word_1_302' title='bbox 1620 2439 1828 2511; x_wconf 85' lang='lat' dir='ltr'><strong>patrias</strong></span> <span class='ocrx_word' id='word_1_303' title='bbox 1876 2439 2090 2494; x_wconf 89' lang='lat' dir='ltr'><strong>illorum</strong></span> 
     </span>
    </p>
   </div>
   <div class='ocr_carea' id='block_1_43' title="bbox 510 2532 2094 2609">
    <p class='ocr_par' dir='ltr' id='par_1_43' title="bbox 510 2532 2094 2609">
     <span class='ocr_line' id='line_1_43' title="bbox 510 2532 2094 2609; baseline -0.004 -17"><span class='ocrx_word' id='word_1_304' title='bbox 510 2538 815 2603; x_wconf 85' lang='lat' dir='ltr'><strong>celebrant,</strong></span> <span class='ocrx_word' id='word_1_305' title='bbox 850 2536 1112 2609; x_wconf 81' lang='lat' dir='ltr'><strong>Cyprum,</strong></span> <span class='ocrx_word' id='word_1_306' title='bbox 1158 2543 1215 2592; x_wconf 89' lang='lat' dir='ltr'><strong>et</strong></span> <span class='ocrx_word' id='word_1_307' title='bbox 1248 2533 1564 2607; x_wconf 82' lang='lat' dir='ltr'><strong>Hymettum</strong></span> <span class='ocrx_word' id='word_1_308' title='bbox 1597 2532 1786 2589; x_wconf 89' lang='lat' dir='ltr'><strong>nescio</strong></span> <span class='ocrx_word' id='word_1_309' title='bbox 1818 2546 2001 2603; x_wconf 90' lang='lat' dir='ltr'><strong>quem,</strong></span> <span class='ocrx_word' id='word_1_310' title='bbox 2029 2545 2094 2586; x_wconf 89' lang='lat' dir='ltr'><strong>ac</strong></span> 
     </span>
    </p>
   </div>
   <div class='ocr_carea' id='block_1_44' title="bbox 502 2623 2093 2696">
    <p class='ocr_par' dir='ltr' id='par_1_44' title="bbox 502 2623 2093 2696">
     <span class='ocr_line' id='line_1_44' title="bbox 502 2623 2093 2696; baseline -0.004 -13"><span class='ocrx_word' id='word_1_311' title='bbox 502 2628 854 2693; x_wconf 70' lang='lat' dir='ltr'><strong>‘Phwnicem,</strong></span> <span class='ocrx_word' id='word_1_312' title='bbox 883 2635 939 2684; x_wconf 81' lang='lat' dir='ltr'><strong>et</strong></span> <span class='ocrx_word' id='word_1_313' title='bbox 987 2627 1324 2683; x_wconf 83' lang='lat' dir='ltr'><strong>barbariam.</strong></span> <span class='ocrx_word' id='word_1_314' title='bbox 1378 2624 1701 2696; x_wconf 82' lang='lat' dir='ltr'><strong>Ager.vero</strong></span> <span class='ocrx_word' id='word_1_315' title='bbox 1753 2630 1963 2686; x_wconf 89' lang='lat' dir='ltr'><strong>noster,</strong></span> <span class='ocrx_word' id='word_1_316' title='bbox 1989 2623 2093 2679; x_wconf 87' lang='lat' dir='ltr'><strong>etsi</strong></span> 
     </span>
    </p>
   </div>
   <div class='ocr_carea' id='block_1_45' title="bbox 508 2716 2092 2792">
    <p class='ocr_par' dir='ltr' id='par_1_45' title="bbox 508 2716 2092 2792">
     <span class='ocr_line' id='line_1_45' title="bbox 508 2716 2092 2792; baseline -0.004 -16"><span class='ocrx_word' id='word_1_317' title='bbox 508 2722 744 2792; x_wconf 79' lang='lat' dir='ltr'><strong>singulis</strong></span> <span class='ocrx_word' id='word_1_318' title='bbox 801 2718 963 2775; x_wconf 83' lang='lat' dir='ltr'><strong>rebus</strong></span> <span class='ocrx_word' id='word_1_319' title='bbox 1022 2720 1090 2775; x_wconf 89' lang='lat' dir='ltr'><strong>ab</strong></span> <span class='ocrx_word' id='word_1_320' title='bbox 1154 2733 1346 2775; x_wconf 87' lang='lat' dir='ltr'><strong>eorum</strong></span> <span class='ocrx_word' id='word_1_321' title='bbox 1410 2732 1742 2790; x_wconf 90' lang='lat' dir='ltr'><strong>unoquoque</strong></span> <span class='ocrx_word' id='word_1_322' title='bbox 1809 2716 2092 2783; x_wconf 88' lang='lat' dir='ltr'><strong>vincitur,</strong></span> 
     </span>
    </p>
   </div>
   <div class='ocr_carea' id='block_1_46' title="bbox 511 2806 2092 2882">
    <p class='ocr_par' dir='ltr' id='par_1_46' title="bbox 511 2806 2092 2882">
     <span class='ocr_line' id='line_1_46' title="bbox 511 2806 2092 2882; baseline -0.003 -17"><span class='ocrx_word' id='word_1_323' title='bbox 511 2811 607 2882; x_wconf 89' lang='lat' dir='ltr'><strong>qui</strong></span> <span class='ocrx_word' id='word_1_324' title='bbox 656 2825 929 2865; x_wconf 91' lang='lat' dir='ltr'><strong>summum</strong></span> <span class='ocrx_word' id='word_1_325' title='bbox 977 2818 1166 2864; x_wconf 85' lang='lat' dir='ltr'><strong>earum</strong></span> <span class='ocrx_word' id='word_1_326' title='bbox 1216 2808 1435 2878; x_wconf 84' lang='lat' dir='ltr'><strong>frugum</strong></span> <span class='ocrx_word' id='word_1_327' title='bbox 1497 2806 1775 2878; x_wconf 78' lang='lat' dir='ltr'><strong>fastigium</strong></span> <span class='ocrx_word' id='word_1_328' title='bbox 1803 2806 2092 2871; x_wconf 89' lang='lat' dir='ltr'><strong>obtinent;</strong></span> 
     </span>
    </p>
   </div>
   <div class='ocr_carea' id='block_1_47' title="bbox 516 2893 2095 2967">
    <p class='ocr_par' dir='ltr' id='par_1_47' title="bbox 516 2893 2095 2967">
     <span class='ocr_line' id='line_1_47' title="bbox 516 2893 2095 2967; baseline -0.005 -11"><span class='ocrx_word' id='word_1_329' title='bbox 516 2902 734 2956; x_wconf 65' lang='lat' dir='ltr'><strong>ceteris</strong></span> <span class='ocrx_word' id='word_1_330' title='bbox 762 2907 944 2953; x_wconf 87' lang='lat' dir='ltr'><strong>tamen</strong></span> <span class='ocrx_word' id='word_1_331' title='bbox 995 2910 1442 2967; x_wconf 86' lang='lat' dir='ltr'><strong>unumquemque</strong></span> <span class='ocrx_word' id='word_1_332' title='bbox 1478 2904 1722 2966; x_wconf 79' lang='lat' dir='ltr'><strong>superat.</strong></span> <span class='ocrx_word' id='word_1_333' title='bbox 1788 2895 1964 2965; x_wconf 83' lang='lat' dir='ltr'><strong>Atque</strong></span> <span class='ocrx_word' id='word_1_334' title='bbox 2004 2893 2095 2948; x_wconf 88' lang='lat' dir='ltr'><strong>hic</strong></span> 
     </span>
    </p>
   </div>
   <div class='ocr_carea' id='block_1_48' title="bbox 511 2984 2095 3059">
    <p class='ocr_par' dir='ltr' id='par_1_48' title="bbox 511 2984 2095 3059">
     <span class='ocr_line' id='line_1_48' title="bbox 511 2984 2095 3059; baseline -0.008 -9"><span class='ocrx_word' id='word_1_335' title='bbox 511 3006 581 3050; x_wconf 81' lang='lat' dir='ltr'><strong>ex</strong></span> <span class='ocrx_word' id='word_1_336' title='bbox 616 2990 875 3045; x_wconf 88' lang='lat' dir='ltr'><strong>secundis</strong></span> <span class='ocrx_word' id='word_1_337' title='bbox 909 2989 1252 3059; x_wconf 86' lang='lat' dir='ltr'><strong>principatus</strong></span> <span class='ocrx_word' id='word_1_338' title='bbox 1285 2998 1390 3055; x_wconf 90' lang='lat' dir='ltr'><strong>est,</strong></span> <span class='ocrx_word' id='word_1_339' title='bbox 1425 3004 1587 3058; x_wconf 89' lang='lat' dir='ltr'><strong>quem</strong></span> <span class='ocrx_word' id='word_1_340' title='bbox 1614 2986 1810 3042; x_wconf 86' lang='lat' dir='ltr'><strong>Peleus</strong></span> <span class='ocrx_word' id='word_1_341' title='bbox 1850 2994 1904 3041; x_wconf 92' lang='lat' dir='ltr'><strong>et</strong></span> <span class='ocrx_word' id='word_1_342' title='bbox 1947 2984 2095 3039; x_wconf 87' lang='lat' dir='ltr'><strong>The-</strong></span> 
     </span>
    </p>
   </div>
   <div class='ocr_carea' id='block_1_49' title="bbox 511 3076 2096 3149">
    <p class='ocr_par' dir='ltr' id='par_1_49' title="bbox 511 3076 2096 3149">
     <span class='ocr_line' id='line_1_49' title="bbox 511 3076 2096 3149; baseline -0.006 -11"><span class='ocrx_word' id='word_1_343' title='bbox 511 3082 795 3138; x_wconf 88' lang='lat' dir='ltr'><strong>mistocles</strong></span> <span class='ocrx_word' id='word_1_344' title='bbox 816 3081 985 3143; x_wconf 90' lang='lat' dir='ltr'><strong>nacti,</strong></span> <span class='ocrx_word' id='word_1_345' title='bbox 1025 3080 1082 3134; x_wconf 91' lang='lat' dir='ltr'><strong>in</strong></span> <span class='ocrx_word' id='word_1_346' title='bbox 1126 3080 1385 3133; x_wconf 88' lang='lat' dir='ltr'><strong>omnibus</strong></span> <span class='ocrx_word' id='word_1_347' title='bbox 1418 3078 1609 3149; x_wconf 85' lang='lat' dir='ltr'><strong>optimi</strong></span> <span class='ocrx_word' id='word_1_348' title='bbox 1654 3077 1899 3132; x_wconf 87' lang='lat' dir='ltr'><strong>omnium</strong></span> <span class='ocrx_word' id='word_1_349' title='bbox 1953 3076 2096 3131; x_wconf 89' lang='lat' dir='ltr'><strong>inter</strong></span> 
     </span>
    </p>
   </div>
   <div class='ocr_carea' id='block_1_50' title="bbox 510 3166 2089 3241">
    <p class='ocr_par' dir='ltr' id='par_1_50' title="bbox 510 3166 2089 3241">
     <span class='ocr_line' id='line_1_50' title="bbox 510 3166 2089 3241; baseline -0.003 -14"><span class='ocrx_word' id='word_1_350' title='bbox 510 3171 1037 3241; x_wconf 60' lang='lat' dir='ltr'><strong>Gnaeospelebrati</strong></span> <span class='ocrx_word' id='word_1_351' title='bbox 1088 3178 1237 3224; x_wconf 86' lang='lat' dir='ltr'><strong>sunt.</strong></span> <span class='ocrx_word' id='word_1_352' title='bbox 1271 3169 1531 3235; x_wconf 83' lang='lat' dir='ltr'><strong>Quamvis</strong></span> <span class='ocrx_word' id='word_1_353' title='bbox 1581 3177 1759 3223; x_wconf 87' lang='lat' dir='ltr'><strong>autem</strong></span> <span class='ocrx_word' id='word_1_354' title='bbox 1816 3166 1963 3222; x_wconf 89' lang='lat' dir='ltr'><strong>istud</strong></span> <span class='ocrx_word' id='word_1_355' title='bbox 1994 3167 2089 3222; x_wconf 84' lang='lat' dir='ltr'><strong>de-</strong></span> 
     </span>
    </p>
   </div>
   <div class='ocr_carea' id='block_1_51' title="bbox 512 3259 2093 3333">
    <p class='ocr_par' dir='ltr' id='par_1_51' title="bbox 512 3259 2093 3333">
     <span class='ocr_line' id='line_1_51' title="bbox 512 3259 2093 3333; baseline -0.003 -15"><span class='ocrx_word' id='word_1_356' title='bbox 512 3281 662 3331; x_wconf 85' lang='lat' dir='ltr'><strong>mus,</strong></span> <span class='ocrx_word' id='word_1_357' title='bbox 717 3264 827 3319; x_wconf 89' lang='lat' dir='ltr'><strong>mel</strong></span> <span class='ocrx_word' id='word_1_358' title='bbox 885 3268 1133 3318; x_wconf 83' lang='lat' dir='ltr'><strong>nostrum</strong></span> <span class='ocrx_word' id='word_1_359' title='bbox 1191 3260 1468 3333; x_wconf 83' lang='lat' dir='ltr'><strong>Hymettio</strong></span> <span class='ocrx_word' id='word_1_360' title='bbox 1528 3259 1769 3317; x_wconf 91' lang='lat' dir='ltr'><strong>deterius</strong></span> <span class='ocrx_word' id='word_1_361' title='bbox 1820 3275 1979 3323; x_wconf 87' lang='lat' dir='ltr'><strong>esse,</strong></span> <span class='ocrx_word' id='word_1_362' title='bbox 2038 3268 2093 3314; x_wconf 89' lang='lat' dir='ltr'><strong>at</strong></span> 
     </span>
    </p>
   </div>
   <div class='ocr_carea' id='block_1_52' title="bbox 512 3353 2095 3426">
    <p class='ocr_par' dir='ltr' id='par_1_52' title="bbox 512 3353 2095 3426">
     <span class='ocr_line' id='line_1_52' title="bbox 512 3353 2095 3426; baseline -0.001 -17"><span class='ocrx_word' id='word_1_363' title='bbox 512 3355 792 3426; x_wconf 76' lang='lat' dir='ltr'><strong>ejusmodi</strong></span> <span class='ocrx_word' id='word_1_364' title='bbox 821 3364 929 3420; x_wconf 80' lang='lat' dir='ltr'><strong>est,</strong></span> <span class='ocrx_word' id='word_1_365' title='bbox 970 3362 1030 3409; x_wconf 90' lang='lat' dir='ltr'><strong>ut</strong></span> <span class='ocrx_word' id='word_1_366' title='bbox 1059 3368 1127 3410; x_wconf 85' lang='lat' dir='ltr'><strong>eo</strong></span> <span class='ocrx_word' id='word_1_367' title='bbox 1157 3362 1428 3424; x_wconf 65' lang='lat' dir='ltr'><strong>praesente</strong></span> <span class='ocrx_word' id='word_1_368' title='bbox 1460 3353 1598 3408; x_wconf 90' lang='lat' dir='ltr'><strong>nihil</strong></span> <span class='ocrx_word' id='word_1_369' title='bbox 1636 3354 1710 3409; x_wconf 89' lang='lat' dir='ltr'><strong>sit</strong></span> <span class='ocrx_word' id='word_1_370' title='bbox 1758 3354 1903 3424; x_wconf 90' lang='lat' dir='ltr'><strong>quod</strong></span> <span class='ocrx_word' id='word_1_371' title='bbox 1936 3369 2095 3425; x_wconf 85' lang='lat' dir='ltr'><strong>pere-</strong></span> 
     </span>
    </p>
   </div>
   <div class='ocr_carea' id='block_1_53' title="bbox 513 3444 2094 3519">
    <p class='ocr_par' dir='ltr' id='par_1_53' title="bbox 513 3444 2094 3519">
     <span class='ocr_line' id='line_1_53' title="bbox 513 3444 2094 3519; baseline -0.001 -18"><span class='ocrx_word' id='word_1_372' title='bbox 513 3450 733 3519; x_wconf 77' lang='lat' dir='ltr'><strong>grinum</strong></span> <span class='ocrx_word' id='word_1_373' title='bbox 762 3447 1027 3517; x_wconf 89' lang='lat' dir='ltr'><strong>liquorem</strong></span> <span class='ocrx_word' id='word_1_374' title='bbox 1055 3444 1459 3501; x_wconf 84' lang='lat' dir='ltr'><strong>desideremus.</strong></span> <span class='ocrx_word' id='word_1_375' title='bbox 1509 3445 1660 3500; x_wconf 90' lang='lat' dir='ltr'><strong>Inter</strong></span> <span class='ocrx_word' id='word_1_376' title='bbox 1690 3444 1796 3500; x_wconf 90' lang='lat' dir='ltr'><strong>olei</strong></span> <span class='ocrx_word' id='word_1_377' title='bbox 1840 3459 1973 3500; x_wconf 90' lang='lat' dir='ltr'><strong>vero</strong></span> <span class='ocrx_word' id='word_1_378' title='bbox 2001 3460 2094 3514; x_wconf 86' lang='lat' dir='ltr'><strong>ge-</strong></span> 
     </span>
    </p>
   </div>
   <div class='ocr_carea' id='block_1_54' title="bbox 515 3534 2094 3598">
    <p class='ocr_par' dir='ltr' id='par_1_54' title="bbox 515 3534 2094 3598">
     <span class='ocr_line' id='line_1_54' title="bbox 515 3534 2094 3598; baseline -0.004 -5"><span class='ocrx_word' id='word_1_379' title='bbox 515 3554 650 3594; x_wconf 88' lang='lat' dir='ltr'><strong>nera</strong></span> <span class='ocrx_word' id='word_1_380' title='bbox 678 3537 822 3592; x_wconf 87' lang='lat' dir='ltr'><strong>haud</strong></span> <span class='ocrx_word' id='word_1_381' title='bbox 853 3537 1019 3592; x_wconf 87' lang='lat' dir='ltr'><strong>dubie</strong></span> <span class='ocrx_word' id='word_1_382' title='bbox 1045 3542 1295 3592; x_wconf 88' lang='lat' dir='ltr'><strong>nostrum</strong></span> <span class='ocrx_word' id='word_1_383' title='bbox 1328 3534 1633 3598; x_wconf 86' lang='lat' dir='ltr'><strong>antecellit,</strong></span> <span class='ocrx_word' id='word_1_384' title='bbox 1679 3535 1724 3591; x_wconf 89' lang='lat' dir='ltr'><strong>si</strong></span> <span class='ocrx_word' id='word_1_385' title='bbox 1760 3550 1867 3590; x_wconf 90' lang='lat' dir='ltr'><strong>non</strong></span> <span class='ocrx_word' id='word_1_386' title='bbox 1905 3535 1973 3590; x_wconf 89' lang='lat' dir='ltr'><strong>iis</strong></span> <span class='ocrx_word' id='word_1_387' title='bbox 2004 3549 2094 3587; x_wconf 83' lang='lat' dir='ltr'><strong>ar-</strong></span> 
     </span>
    </p>
   </div>
   <div class='ocr_carea' id='block_1_55' title="bbox 517 3628 2093 3702">
    <p class='ocr_par' dir='ltr' id='par_1_55' title="bbox 517 3628 2093 3702">
     <span class='ocr_line' id='line_1_55' title="bbox 517 3628 2093 3702; baseline -0.002 -16"><span class='ocrx_word' id='word_1_388' title='bbox 517 3630 748 3687; x_wconf 85' lang='lat' dir='ltr'><strong>bitrium</strong></span> <span class='ocrx_word' id='word_1_389' title='bbox 776 3630 1142 3702; x_wconf 89' lang='lat' dir='ltr'><strong>permittatur,</strong></span> <span class='ocrx_word' id='word_1_390' title='bbox 1174 3644 1406 3700; x_wconf 86' lang='lat' dir='ltr'><strong>quorum</strong></span> <span class='ocrx_word' id='word_1_391' title='bbox 1439 3628 1661 3684; x_wconf 90' lang='lat' dir='ltr'><strong>vivendi</strong></span> <span class='ocrx_word' id='word_1_392' title='bbox 1691 3628 1985 3699; x_wconf 84' lang='lat' dir='ltr'><strong>depravata</strong></span> <span class='ocrx_word' id='word_1_393' title='bbox 2008 3637 2093 3683; x_wconf 91' lang='lat' dir='ltr'><strong>est</strong></span> 
     </span>
    </p>
   </div>
   <div class='ocr_carea' id='block_1_56' title="bbox 513 3720 2089 3791">
    <p class='ocr_par' dir='ltr' id='par_1_56' title="bbox 513 3720 2089 3791">
     <span class='ocr_line' id='line_1_56' title="bbox 513 3720 2089 3791; baseline -0.003 -13"><span class='ocrx_word' id='word_1_394' title='bbox 513 3724 676 3778; x_wconf 86' lang='lat' dir='ltr'><strong>ratio.</strong></span> <span class='ocrx_word' id='word_1_395' title='bbox 708 3720 842 3776; x_wconf 86' lang='lat' dir='ltr'><strong>Nam</strong></span> <span class='ocrx_word' id='word_1_396' title='bbox 868 3721 921 3776; x_wconf 92' lang='lat' dir='ltr'><strong>hi</strong></span> <span class='ocrx_word' id='word_1_397' title='bbox 954 3721 1263 3791; x_wconf 89' lang='lat' dir='ltr'><strong>appendere</strong></span> <span class='ocrx_word' id='word_1_398' title='bbox 1290 3720 1422 3776; x_wconf 89' lang='lat' dir='ltr'><strong>illud</strong></span> <span class='ocrx_word' id='word_1_399' title='bbox 1448 3721 1655 3784; x_wconf 85' lang='lat' dir='ltr'><strong>solent,</strong></span> <span class='ocrx_word' id='word_1_400' title='bbox 1678 3720 1912 3791; x_wconf 90' lang='lat' dir='ltr'><strong>pondere</strong></span> <span class='ocrx_word' id='word_1_401' title='bbox 1932 3720 2089 3774; x_wconf 48' lang='lat' dir='ltr'><strong>boni-</strong></span> 
     </span>
    </p>
   </div>
   <div class='ocr_carea' id='block_1_57' title="bbox 512 3813 2091 3884">
    <p class='ocr_par' dir='ltr' id='par_1_57' title="bbox 512 3813 2091 3884">
     <span class='ocr_line' id='line_1_57' title="bbox 512 3813 2091 3884; baseline -0.001 -16"><span class='ocrx_word' id='word_1_402' title='bbox 512 3822 681 3870; x_wconf 88' lang='lat' dir='ltr'><strong>tatem</strong></span> <span class='ocrx_word' id='word_1_403' title='bbox 715 3813 1036 3879; x_wconf 88' lang='lat' dir='ltr'><strong>metientes;</strong></span> <span class='ocrx_word' id='word_1_404' title='bbox 1073 3822 1129 3868; x_wconf 90' lang='lat' dir='ltr'><strong>et</strong></span> <span class='ocrx_word' id='word_1_405' title='bbox 1156 3813 1487 3884; x_wconf 63' lang='lat' dir='ltr'><strong>praecipuam</strong></span> <span class='ocrx_word' id='word_1_406' title='bbox 1513 3813 1634 3883; x_wconf 90' lang='lat' dir='ltr'><strong>ejus</strong></span> <span class='ocrx_word' id='word_1_407' title='bbox 1661 3822 1842 3868; x_wconf 88' lang='lat' dir='ltr'><strong>notam</strong></span> <span class='ocrx_word' id='word_1_408' title='bbox 1869 3813 1924 3867; x_wconf 89' lang='lat' dir='ltr'><strong>in</strong></span> <span class='ocrx_word' id='word_1_409' title='bbox 1958 3813 2091 3867; x_wconf 88' lang='lat' dir='ltr'><strong>levi-</strong></span> 
     </span>
    </p>
   </div>
   <div class='ocr_carea' id='block_1_58' title="bbox 512 3903 2092 3976">
    <p class='ocr_par' dir='ltr' id='par_1_58' title="bbox 512 3903 2092 3976">
     <span class='ocr_line' id='line_1_58' title="bbox 512 3903 2092 3976; baseline -0.001 -17"><span class='ocrx_word' id='word_1_410' title='bbox 512 3914 627 3960; x_wconf 85' lang='lat' dir='ltr'><strong>tate</strong></span> <span class='ocrx_word' id='word_1_411' title='bbox 660 3905 950 3961; x_wconf 89' lang='lat' dir='ltr'><strong>collocant.</strong></span> <span class='ocrx_word' id='word_1_412' title='bbox 978 3903 1150 3961; x_wconf 87' lang='lat' dir='ltr'><strong>Nobis</strong></span> <span class='ocrx_word' id='word_1_413' title='bbox 1172 3906 1275 3960; x_wconf 92' lang='lat' dir='ltr'><strong>etsi</strong></span> <span class='ocrx_word' id='word_1_414' title='bbox 1293 3905 1456 3976; x_wconf 73' lang='lat'><strong>287</strong></span> <span class='ocrx_word' id='word_1_415' title='bbox 1476 3906 1638 3960; x_wconf 66' lang='lat' dir='ltr'><strong>nullae</strong></span> <span class='ocrx_word' id='word_1_416' title='bbox 1668 3904 1737 3959; x_wconf 89' lang='lat' dir='ltr'><strong>ad</strong></span> <span class='ocrx_word' id='word_1_417' title='bbox 1768 3905 1948 3961; x_wconf 88' lang='lat' dir='ltr'><strong>oleum</strong></span> <span class='ocrx_word' id='word_1_418' title='bbox 1978 3912 2092 3959; x_wconf 90' lang='lat' dir='ltr'><strong>tru-</strong></span> 
     </span>
    </p>
   </div>
   <div class='ocr_carea' id='block_1_59' title="bbox 513 3994 2091 4060">
    <p class='ocr_par' dir='ltr' id='par_1_59' title="bbox 513 3994 2091 4060">
     <span class='ocr_line' id='line_1_59' title="bbox 513 3994 2091 4060; baseline 0.001 -12"><span class='ocrx_word' id='word_1_419' title='bbox 513 3996 648 4050; x_wconf 71' lang='lat' dir='ltr'><strong>tinae</strong></span> <span class='ocrx_word' id='word_1_420' title='bbox 672 3994 972 4050; x_wconf 82' lang='lat' dir='ltr'><strong>cuduntur.</strong></span> <span class='ocrx_word' id='word_1_421' title='bbox 1004 3994 1159 4060; x_wconf 84' lang='lat' dir='ltr'><strong>Quod</strong></span> <span class='ocrx_word' id='word_1_422' title='bbox 1187 3996 1233 4050; x_wconf 89' lang='lat' dir='ltr'><strong>si</strong></span> <span class='ocrx_word' id='word_1_423' title='bbox 1266 3996 1374 4050; x_wconf 90' lang='lat' dir='ltr'><strong>hoc</strong></span> <span class='ocrx_word' id='word_1_424' title='bbox 1403 4005 1583 4051; x_wconf 89' lang='lat' dir='ltr'><strong>tamen</strong></span> <span class='ocrx_word' id='word_1_425' title='bbox 1628 3997 1852 4050; x_wconf 89' lang='lat' dir='ltr'><strong>omnino</strong></span> <span class='ocrx_word' id='word_1_426' title='bbox 1885 3996 2091 4052; x_wconf 84' lang='lat' dir='ltr'><strong>facien-</strong></span> 
     </span>
    </p>
   </div>
   <div class='ocr_carea' id='block_1_60' title="bbox 511 4085 2091 4151">
    <p class='ocr_par' dir='ltr' id='par_1_60' title="bbox 511 4085 2091 4151">
     <span class='ocr_line' id='line_1_60' title="bbox 511 4085 2091 4151; baseline 0.001 -11"><span class='ocrx_word' id='word_1_427' title='bbox 511 4085 644 4140; x_wconf 87' lang='lat' dir='ltr'><strong>dum</strong></span> <span class='ocrx_word' id='word_1_428' title='bbox 677 4093 783 4149; x_wconf 90' lang='lat' dir='ltr'><strong>est,</strong></span> <span class='ocrx_word' id='word_1_429' title='bbox 820 4095 1033 4139; x_wconf 67' lang='lat' dir='ltr'><strong>natura:</strong></span> <span class='ocrx_word' id='word_1_430' title='bbox 1079 4094 1513 4140; x_wconf 89' lang='lat' dir='ltr'><strong>consentaneum</strong></span> <span class='ocrx_word' id='word_1_431' title='bbox 1570 4102 1695 4143; x_wconf 89' lang='lat' dir='ltr'><strong>esse</strong></span> <span class='ocrx_word' id='word_1_432' title='bbox 1723 4087 1982 4151; x_wconf 86' lang='lat' dir='ltr'><strong>dicimus,</strong></span> <span class='ocrx_word' id='word_1_433' title='bbox 2030 4097 2091 4142; x_wconf 87' lang='lat' dir='ltr'><strong>ut</strong></span> 
     </span>
    </p>
   </div>
   <div class='ocr_carea' id='block_1_61' title="bbox 511 4177 2091 4249">
    <p class='ocr_par' dir='ltr' id='par_1_61' title="bbox 511 4177 2091 4249">
     <span class='ocr_line' id='line_1_61' title="bbox 511 4177 2091 4249; baseline 0.001 -17"><span class='ocrx_word' id='word_1_434' title='bbox 511 4179 570 4232; x_wconf 91' lang='lat' dir='ltr'><strong>in</strong></span> <span class='ocrx_word' id='word_1_435' title='bbox 600 4193 666 4232; x_wconf 84' lang='lat' dir='ltr'><strong>eo</strong></span> <span class='ocrx_word' id='word_1_436' title='bbox 694 4192 898 4247; x_wconf 86' lang='lat' dir='ltr'><strong>genere</strong></span> <span class='ocrx_word' id='word_1_437' title='bbox 921 4178 1066 4246; x_wconf 88' lang='lat' dir='ltr'><strong>quod</strong></span> <span class='ocrx_word' id='word_1_438' title='bbox 1107 4177 1475 4248; x_wconf 85' lang='lat' dir='ltr'><strong>ponderosius</strong></span> <span class='ocrx_word' id='word_1_439' title='bbox 1511 4185 1596 4234; x_wconf 91' lang='lat' dir='ltr'><strong>est</strong></span> <span class='ocrx_word' id='word_1_440' title='bbox 1636 4178 1977 4249; x_wconf 70' lang='lat' dir='ltr'><strong>praeferatur.</strong></span> <span class='ocrx_word' id='word_1_441' title='bbox 2024 4180 2091 4234; x_wconf 87' lang='lat' dir='ltr'><strong>Et</strong></span> 
     </span>
    </p>
   </div>
   <div class='ocr_carea' id='block_1_62' title="bbox 511 4269 2090 4340">
    <p class='ocr_par' dir='ltr' id='par_1_62' title="bbox 511 4269 2090 4340">
     <span class='ocr_line' id='line_1_62' title="bbox 511 4269 2090 4340; baseline 0.001 -17"><span class='ocrx_word' id='word_1_442' title='bbox 511 4278 666 4324; x_wconf 88' lang='lat' dir='ltr'><strong>certe</strong></span> <span class='ocrx_word' id='word_1_443' title='bbox 701 4270 979 4340; x_wconf 80' lang='lat' dir='ltr'><strong>egregium</strong></span> <span class='ocrx_word' id='word_1_444' title='bbox 1012 4270 1143 4323; x_wconf 90' lang='lat' dir='ltr'><strong>illud</strong></span> <span class='ocrx_word' id='word_1_445' title='bbox 1164 4269 1367 4331; x_wconf 88' lang='lat' dir='ltr'><strong>oleum,</strong></span> <span class='ocrx_word' id='word_1_446' title='bbox 1399 4285 1462 4323; x_wconf 86' lang='lat' dir='ltr'><strong>ac</strong></span> <span class='ocrx_word' id='word_1_447' title='bbox 1484 4270 1675 4325; x_wconf 84' lang='lat' dir='ltr'><strong>venale</strong></span> <span class='ocrx_word' id='word_1_448' title='bbox 1705 4271 1758 4324; x_wconf 94' lang='lat' dir='ltr'><strong>in</strong></span> <span class='ocrx_word' id='word_1_449' title='bbox 1796 4269 2090 4340; x_wconf 85' lang='lat' dir='ltr'><strong>ellychniis</strong></span> 
     </span>
    </p>
   </div>
   <div class='ocr_carea' id='block_1_63' title="bbox 511 4361 2089 4434">
    <p class='ocr_par' dir='ltr' id='par_1_63' title="bbox 511 4361 2089 4434">
     <span class='ocr_line' id='line_1_63' title="bbox 511 4361 2089 4434; baseline 0 -18"><span class='ocrx_word' id='word_1_450' title='bbox 511 4378 627 4433; x_wconf 67' lang='lat' dir='ltr'><strong>pra:</strong></span> <span class='ocrx_word' id='word_1_451' title='bbox 650 4362 969 4417; x_wconf 85' lang='lat' dir='ltr'><strong>infirmitate</strong></span> <span class='ocrx_word' id='word_1_452' title='bbox 994 4363 1142 4417; x_wconf 89' lang='lat' dir='ltr'><strong>alere</strong></span> <span class='ocrx_word' id='word_1_453' title='bbox 1193 4361 1463 4415; x_wconf 79' lang='lat' dir='ltr'><strong>ﬂammant</strong></span> <span class='ocrx_word' id='word_1_454' title='bbox 1515 4364 1725 4434; x_wconf 89' lang='lat' dir='ltr'><strong>nequit.</strong></span> <span class='ocrx_word' id='word_1_455' title='bbox 1763 4363 1917 4429; x_wconf 88' lang='lat' dir='ltr'><strong>Quod</strong></span> <span class='ocrx_word' id='word_1_456' title='bbox 1946 4362 2089 4433; x_wconf 87' lang='lat' dir='ltr'><strong>apud</strong></span> 
     </span>
    </p>
   </div>
   <div class='ocr_carea' id='block_1_64' title="bbox 2188 1881 3778 1955">
    <p class='ocr_par' dir='ltr' id='par_1_64' title="bbox 2188 1881 3778 1955">
     <span class='ocr_line' id='line_1_64' title="bbox 2188 1881 3778 1955; baseline -0.003 -18"><span class='ocrx_word' id='word_1_457' title='bbox 2188 1883 2297 1937; x_wconf 85' lang='grc' dir='ltr'><strong>τῶν</strong></span> <span class='ocrx_word' id='word_1_458' title='bbox 2344 1883 2595 1954; x_wconf 87' lang='grc' dir='ltr'>καμίνων</span> <span class='ocrx_word' id='word_1_459' title='bbox 2632 1884 2770 1955; x_wconf 89' lang='grc' dir='ltr'>κρέα</span> <span class='ocrx_word' id='word_1_460' title='bbox 2803 1884 2869 1937; x_wconf 79' lang='grc' dir='ltr'>τὰ</span> <span class='ocrx_word' id='word_1_461' title='bbox 2904 1884 3118 1953; x_wconf 80' lang='grc' dir='ltr'>θήρεια.</span> <span class='ocrx_word' id='word_1_462' title='bbox 3163 1882 3271 1936; x_wconf 78' lang='grc' dir='ltr'><strong>Καὶ</strong></span> <span class='ocrx_word' id='word_1_463' title='bbox 3301 1882 3357 1934; x_wconf 84' lang='grc' dir='ltr'><strong>τί</strong></span> <span class='ocrx_word' id='word_1_464' title='bbox 3402 1881 3552 1950; x_wconf 87' lang='grc' dir='ltr'>λέγω</span> <span class='ocrx_word' id='word_1_465' title='bbox 3580 1882 3652 1935; x_wconf 77' lang='grc' dir='ltr'><strong>τὰ</strong></span> <span class='ocrx_word' id='word_1_466' title='bbox 3685 1883 3778 1953; x_wconf 74' lang='grc' dir='ltr'><strong>θή-</strong></span> 
     </span>
    </p>
   </div>
   <div class='ocr_carea' id='block_1_65' title="bbox 2194 1973 3779 2047">
    <p class='ocr_par' dir='ltr' id='par_1_65' title="bbox 2194 1973 3779 2047">
     <span class='ocr_line' id='line_1_65' title="bbox 2194 1973 3779 2047; baseline -0.003 -17"><span class='ocrx_word' id='word_1_467' title='bbox 2194 1993 2349 2047; x_wconf 86' lang='grc' dir='ltr'>ρεια;</span> <span class='ocrx_word' id='word_1_468' title='bbox 2398 1977 2694 2047; x_wconf 82' lang='grc' dir='ltr'>Φαρμάκου</span> <span class='ocrx_word' id='word_1_469' title='bbox 2741 1977 2793 2045; x_wconf 87' lang='grc' dir='ltr'>γ’</span> <span class='ocrx_word' id='word_1_470' title='bbox 2834 1976 2901 2029; x_wconf 82' lang='grc' dir='ltr'><strong>ἂν</strong></span> <span class='ocrx_word' id='word_1_471' title='bbox 2934 1975 3158 2040; x_wconf 80' lang='grc' dir='ltr'>θᾶττον,</span> <span class='ocrx_word' id='word_1_472' title='bbox 3194 1973 3455 2046; x_wconf 80' lang='grc' dir='ltr'>ἢτούτων</span> <span class='ocrx_word' id='word_1_473' title='bbox 3486 1977 3629 2045; x_wconf 79' lang='grc' dir='ltr'>παρ’</span> <span class='ocrx_word' id='word_1_474' title='bbox 3647 1976 3779 2043; x_wconf 77' lang='grc' dir='ltr'>ἡμῖν</span> 
     </span>
    </p>
   </div>
   <div class='ocr_carea' id='block_1_66' title="bbox 2189 2064 3777 2140">
    <p class='ocr_par' dir='ltr' id='par_1_66' title="bbox 2189 2064 3777 2140">
     <span class='ocr_line' id='line_1_66' title="bbox 2189 2064 3777 2140; baseline -0.002 -19"><span class='ocrx_word' id='word_1_475' title='bbox 2189 2068 2496 2137; x_wconf 87' lang='grc' dir='ltr'>γεύσαιντο.</span> <span class='ocrx_word' id='word_1_476' title='bbox 2523 2068 2756 2140; x_wconf 82' lang='grc' dir='ltr'>Ζητοῦσι</span> <span class='ocrx_word' id='word_1_477' title='bbox 2779 2068 2835 2120; x_wconf 80' lang='grc' dir='ltr'>δὲ</span> <span class='ocrx_word' id='word_1_478' title='bbox 2865 2064 3006 2120; x_wconf 80' lang='grc' dir='ltr'>οἶνον</span> <span class='ocrx_word' id='word_1_479' title='bbox 3034 2066 3134 2137; x_wconf 81' lang='grc' dir='ltr'>μὲν</span> <span class='ocrx_word' id='word_1_480' title='bbox 3156 2066 3248 2119; x_wconf 83' lang='grc' dir='ltr'><strong>τὸν</strong></span> <span class='ocrx_word' id='word_1_481' title='bbox 3277 2066 3638 2129; x_wconf 80' lang='grc' dir='ltr'>λεπτότατον,</span> <span class='ocrx_word' id='word_1_482' title='bbox 3658 2067 3777 2137; x_wconf 78' lang='grc' dir='ltr'>με’λι</span> 
     </span>
    </p>
   </div>
   <div class='ocr_carea' id='block_1_67' title="bbox 2189 2160 3778 2234">
    <p class='ocr_par' dir='ltr' id='par_1_67' title="bbox 2189 2160 3778 2234">
     <span class='ocr_line' id='line_1_67' title="bbox 2189 2160 3778 2234; baseline -0.003 -18"><span class='ocrx_word' id='word_1_483' title='bbox 2189 2162 2248 2216; x_wconf 77' lang='grc' dir='ltr'>δὲ</span> <span class='ocrx_word' id='word_1_484' title='bbox 2284 2163 2344 2216; x_wconf 83' lang='grc' dir='ltr'><strong>τὸ</strong></span> <span class='ocrx_word' id='word_1_485' title='bbox 2389 2162 2720 2234; x_wconf 85' lang='grc' dir='ltr'>παχύτατον,</span> <span class='ocrx_word' id='word_1_486' title='bbox 2776 2162 2872 2215; x_wconf 79' lang='grc' dir='ltr'><strong>καὶ</strong></span> <span class='ocrx_word' id='word_1_487' title='bbox 2924 2161 3105 2215; x_wconf 75' lang='grc' dir='ltr'>ἔλαιον</span> <span class='ocrx_word' id='word_1_488' title='bbox 3162 2162 3261 2231; x_wconf 83' lang='grc' dir='ltr'>μὲν</span> <span class='ocrx_word' id='word_1_489' title='bbox 3292 2160 3355 2214; x_wconf 81' lang='grc' dir='ltr'>τὸ</span> <span class='ocrx_word' id='word_1_490' title='bbox 3415 2162 3778 2229; x_wconf 76' lang='grc' dir='ltr'>κουφότατον,</span> 
     </span>
    </p>
   </div>
   <div class='ocr_carea' id='block_1_68' title="bbox 2192 2253 3779 2327">
    <p class='ocr_par' dir='ltr' id='par_1_68' title="bbox 2192 2253 3779 2327">
     <span class='ocr_line' id='line_1_68' title="bbox 2192 2253 3779 2327; baseline -0.003 -17"><span class='ocrx_word' id='word_1_491' title='bbox 2192 2255 2363 2325; x_wconf 77' lang='grc' dir='ltr'>πυρὸν</span> <span class='ocrx_word' id='word_1_492' title='bbox 2388 2254 2444 2307; x_wconf 77' lang='grc' dir='ltr'>δὲ</span> <span class='ocrx_word' id='word_1_493' title='bbox 2470 2253 2563 2308; x_wconf 83' lang='grc' dir='ltr'>τὸν</span> <span class='ocrx_word' id='word_1_494' title='bbox 2596 2253 2896 2327; x_wconf 83' lang='grc' dir='ltr'>βαρύτατον</span> <span class='ocrx_word' id='word_1_495' title='bbox 2915 2270 2929 2285; x_wconf 81' lang='grc'><em>’</em></span> <span class='ocrx_word' id='word_1_496' title='bbox 2958 2256 3053 2308; x_wconf 77' lang='grc' dir='ltr'>καὶ</span> <span class='ocrx_word' id='word_1_497' title='bbox 3074 2254 3337 2325; x_wconf 78' lang='grc' dir='ltr'>πατρίδας</span> <span class='ocrx_word' id='word_1_498' title='bbox 3365 2253 3549 2306; x_wconf 79' lang='grc' dir='ltr'>αὐτῶν</span> <span class='ocrx_word' id='word_1_499' title='bbox 3584 2253 3779 2322; x_wconf 71' lang='grc' dir='ltr'>ὑμνοῦ-</span> 
     </span>
    </p>
   </div>
   <div class='ocr_carea' id='block_1_69' title="bbox 2194 2345 3777 2418">
    <p class='ocr_par' dir='ltr' id='par_1_69' title="bbox 2194 2345 3777 2418">
     <span class='ocr_line' id='line_1_69' title="bbox 2194 2345 3777 2418; baseline -0.002 -18"><span class='ocrx_word' id='word_1_500' title='bbox 2194 2364 2269 2409; x_wconf 92' lang='grc' dir='ltr'><strong>σι,</strong></span> <span class='ocrx_word' id='word_1_501' title='bbox 2308 2346 2536 2418; x_wconf 84' lang='grc' dir='ltr'>Κύπρον</span> <span class='ocrx_word' id='word_1_502' title='bbox 2569 2347 2665 2402; x_wconf 75' lang='grc' dir='ltr'><strong>καὶ</strong></span> <span class='ocrx_word' id='word_1_503' title='bbox 2722 2346 2991 2417; x_wconf 79' lang='grc' dir='ltr'>Ὑμηττὸν</span> <span class='ocrx_word' id='word_1_504' title='bbox 3039 2363 3197 2410; x_wconf 89' lang='grc' dir='ltr'>τινα,</span> <span class='ocrx_word' id='word_1_505' title='bbox 3227 2346 3323 2399; x_wconf 79' lang='grc' dir='ltr'>καὶ</span> <span class='ocrx_word' id='word_1_506' title='bbox 3358 2345 3623 2417; x_wconf 77' lang='grc' dir='ltr'>Φοινίκην</span> <span class='ocrx_word' id='word_1_507' title='bbox 3643 2386 3658 2409; x_wconf 91' lang='grc'><strong>,</strong></span> <span class='ocrx_word' id='word_1_508' title='bbox 3686 2345 3777 2398; x_wconf 75' lang='grc' dir='ltr'>καὶ</span> 
     </span>
    </p>
   </div>
   <div class='ocr_carea' id='block_1_70' title="bbox 2195 2436 3777 2510">
    <p class='ocr_par' dir='ltr' id='par_1_70' title="bbox 2195 2436 3777 2510">
     <span class='ocr_line' id='line_1_70' title="bbox 2195 2436 3777 2510; baseline 0 -18"><span class='ocrx_word' id='word_1_509' title='bbox 2195 2438 2487 2510; x_wconf 81' lang='grc' dir='ltr'>βάρϐαρον.</span> <span class='ocrx_word' id='word_1_510' title='bbox 2525 2438 2689 2508; x_wconf 83' lang='grc' dir='ltr'>Ἥμῖν</span> <span class='ocrx_word' id='word_1_511' title='bbox 2716 2437 2772 2491; x_wconf 83' lang='grc' dir='ltr'>δὲ</span> <span class='ocrx_word' id='word_1_512' title='bbox 2798 2440 2831 2508; x_wconf 87' lang='grc' dir='ltr'><strong>ἡ</strong></span> <span class='ocrx_word' id='word_1_513' title='bbox 2858 2437 3029 2510; x_wconf 84' lang='grc' dir='ltr'>χώρα,</span> <span class='ocrx_word' id='word_1_514' title='bbox 3058 2438 3152 2491; x_wconf 72' lang='grc' dir='ltr'>καὶ</span> <span class='ocrx_word' id='word_1_515' title='bbox 3196 2439 3244 2491; x_wconf 91' lang='grc' dir='ltr'><strong>εί</strong></span> <span class='ocrx_word' id='word_1_516' title='bbox 3286 2436 3405 2490; x_wconf 80' lang='grc' dir='ltr'>καθ’</span> <span class='ocrx_word' id='word_1_517' title='bbox 3435 2436 3496 2489; x_wconf 86' lang='grc' dir='ltr'>ἒν</span> <span class='ocrx_word' id='word_1_518' title='bbox 3535 2438 3777 2509; x_wconf 69' lang='grc' dir='ltr'>ἑκάστης</span> 
     </span>
    </p>
   </div>
   <div class='ocr_carea' id='block_1_71' title="bbox 2192 2529 3777 2603">
    <p class='ocr_par' dir='ltr' id='par_1_71' title="bbox 2192 2529 3777 2603">
     <span class='ocr_line' id='line_1_71' title="bbox 2192 2529 3777 2603; baseline -0.001 -19"><span class='ocrx_word' id='word_1_519' title='bbox 2192 2533 2418 2603; x_wconf 79' lang='grc' dir='ltr'>ἡττᾶται</span> <span class='ocrx_word' id='word_1_520' title='bbox 2446 2531 2549 2601; x_wconf 85' lang='grc' dir='ltr'>τῆς</span> <span class='ocrx_word' id='word_1_521' title='bbox 2578 2530 2638 2584; x_wconf 83' lang='grc' dir='ltr'>τὸ</span> <span class='ocrx_word' id='word_1_522' title='bbox 2666 2529 2834 2602; x_wconf 74' lang='grc' dir='ltr'>ἄκρον</span> <span class='ocrx_word' id='word_1_523' title='bbox 2855 2529 3146 2603; x_wconf 82' lang='grc' dir='ltr'>φερούσης,</span> <span class='ocrx_word' id='word_1_524' title='bbox 3170 2532 3283 2593; x_wconf 87' lang='grc' dir='ltr'>τοῖς</span> <span class='ocrx_word' id='word_1_525' title='bbox 3299 2530 3506 2593; x_wconf 84' lang='grc' dir='ltr'>λοιποῖς</span> <span class='ocrx_word' id='word_1_526' title='bbox 3535 2530 3777 2601; x_wconf 72' lang='grc' dir='ltr'>ἑκάστην</span> 
     </span>
    </p>
   </div>
   <div class='ocr_carea' id='block_1_72' title="bbox 2192 2621 3778 2694">
    <p class='ocr_par' dir='ltr' id='par_1_72' title="bbox 2192 2621 3778 2694">
     <span class='ocr_line' id='line_1_72' title="bbox 2192 2621 3778 2694; baseline -0.002 -17"><span class='ocrx_word' id='word_1_527' title='bbox 2192 2624 2338 2693; x_wconf 81' lang='grc' dir='ltr'>νικᾷ.</span> <span class='ocrx_word' id='word_1_528' title='bbox 2364 2623 2477 2676; x_wconf 77' lang='grc' dir='ltr'>Καὶ</span> <span class='ocrx_word' id='word_1_529' title='bbox 2504 2622 2649 2676; x_wconf 83' lang='grc' dir='ltr'>τοῦτ’</span> <span class='ocrx_word' id='word_1_530' title='bbox 2672 2621 2786 2675; x_wconf 78' lang='grc' dir='ltr'>ἐστι</span> <span class='ocrx_word' id='word_1_531' title='bbox 2828 2621 2888 2676; x_wconf 86' lang='grc' dir='ltr'>τὸ</span> <span class='ocrx_word' id='word_1_532' title='bbox 2923 2622 2987 2674; x_wconf 82' lang='grc' dir='ltr'>ὲκ</span> <span class='ocrx_word' id='word_1_533' title='bbox 3010 2621 3277 2694; x_wconf 81' lang='grc' dir='ltr'>δευτέρων</span> <span class='ocrx_word' id='word_1_534' title='bbox 3303 2623 3599 2692; x_wconf 87' lang='grc' dir='ltr'>πρωτεῖον,</span> <span class='ocrx_word' id='word_1_535' title='bbox 3633 2622 3662 2673; x_wconf 82' lang='grc' dir='ltr'><strong>ὃ</strong></span> <span class='ocrx_word' id='word_1_536' title='bbox 3685 2622 3778 2676; x_wconf 82' lang='grc' dir='ltr'>καὶ</span> 
     </span>
    </p>
   </div>
   <div class='ocr_carea' id='block_1_73' title="bbox 2195 2713 3777 2786">
    <p class='ocr_par' dir='ltr' id='par_1_73' title="bbox 2195 2713 3777 2786">
     <span class='ocr_line' id='line_1_73' title="bbox 2195 2713 3777 2786; baseline -0.001 -18"><span class='ocrx_word' id='word_1_537' title='bbox 2195 2714 2409 2785; x_wconf 80' lang='grc' dir='ltr'>Πηλεὺς</span> <span class='ocrx_word' id='word_1_538' title='bbox 2451 2713 2545 2768; x_wconf 81' lang='grc' dir='ltr'>καὶ</span> <span class='ocrx_word' id='word_1_539' title='bbox 2578 2713 2950 2785; x_wconf 81' lang='grc' dir='ltr'>Θεμιστοκλῆς</span> <span class='ocrx_word' id='word_1_540' title='bbox 2998 2715 3312 2786; x_wconf 78' lang='grc' dir='ltr'>εὑράμενοι,</span> <span class='ocrx_word' id='word_1_541' title='bbox 3347 2714 3527 2767; x_wconf 82' lang='grc' dir='ltr'>πάντα</span> <span class='ocrx_word' id='word_1_542' title='bbox 3559 2715 3777 2768; x_wconf 73' lang='grc' dir='ltr'>πάντων</span> 
     </span>
    </p>
   </div>
   <div class='ocr_carea' id='block_1_74' title="bbox 2195 2804 3778 2878">
    <p class='ocr_par' dir='ltr' id='par_1_74' title="bbox 2195 2804 3778 2878">
     <span class='ocr_line' id='line_1_74' title="bbox 2195 2804 3778 2878; baseline -0.003 -17"><span class='ocrx_word' id='word_1_543' title='bbox 2195 2807 2405 2878; x_wconf 80' lang='grc' dir='ltr'>ἄριστοι</span> <span class='ocrx_word' id='word_1_544' title='bbox 2448 2808 2565 2870; x_wconf 88' lang='grc' dir='ltr'>τοῖς</span> <span class='ocrx_word' id='word_1_545' title='bbox 2595 2806 2853 2877; x_wconf 85' lang='grc' dir='ltr'>Ἕλλησιν</span> <span class='ocrx_word' id='word_1_546' title='bbox 2894 2807 3300 2877; x_wconf 78' lang='grc' dir='ltr'>ἐκηρύχθησαν.</span> <span class='ocrx_word' id='word_1_547' title='bbox 3352 2807 3415 2859; x_wconf 84' lang='grc' dir='ltr'><strong>Εἰ</strong></span> <span class='ocrx_word' id='word_1_548' title='bbox 3465 2806 3523 2859; x_wconf 83' lang='grc' dir='ltr'>δὲ</span> <span class='ocrx_word' id='word_1_549' title='bbox 3569 2806 3640 2877; x_wconf 84' lang='grc' dir='ltr'>δὴ</span> <span class='ocrx_word' id='word_1_550' title='bbox 3686 2804 3778 2858; x_wconf 76' lang='grc' dir='ltr'>καὶ</span> 
     </span>
    </p>
   </div>
   <div class='ocr_carea' id='block_1_75' title="bbox 2194 2896 3775 2971">
    <p class='ocr_par' dir='ltr' id='par_1_75' title="bbox 2194 2896 3775 2971">
     <span class='ocr_line' id='line_1_75' title="bbox 2194 2896 3775 2971; baseline -0.001 -20"><span class='ocrx_word' id='word_1_551' title='bbox 2194 2897 2417 2969; x_wconf 80' lang='grc' dir='ltr'>δοίημεν</span> <span class='ocrx_word' id='word_1_552' title='bbox 2451 2898 2515 2952; x_wconf 78' lang='grc' dir='ltr'>τὸ</span> <span class='ocrx_word' id='word_1_553' title='bbox 2550 2898 2711 2967; x_wconf 82' lang='grc' dir='ltr'>δεῦρο</span> <span class='ocrx_word' id='word_1_554' title='bbox 2762 2898 2886 2969; x_wconf 85' lang='grc' dir='ltr'>μέλι</span> <span class='ocrx_word' id='word_1_555' title='bbox 2911 2901 3093 2971; x_wconf 89' lang='grc' dir='ltr'>χεῖρον</span> <span class='ocrx_word' id='word_1_556' title='bbox 3130 2896 3268 2953; x_wconf 73' lang='grc' dir='ltr'>εἶναι</span> <span class='ocrx_word' id='word_1_557' title='bbox 3300 2898 3439 2969; x_wconf 79' lang='grc' dir='ltr'>πρὸς</span> <span class='ocrx_word' id='word_1_558' title='bbox 3468 2898 3529 2951; x_wconf 85' lang='grc' dir='ltr'>τὸ</span> <span class='ocrx_word' id='word_1_559' title='bbox 3572 2899 3775 2968; x_wconf 79' lang='grc' dir='ltr'>Ὑμήτ-</span> 
     </span>
    </p>
   </div>
   <div class='ocr_carea' id='block_1_76' title="bbox 2194 2990 3775 3062">
    <p class='ocr_par' dir='ltr' id='par_1_76' title="bbox 2194 2990 3775 3062">
     <span class='ocr_line' id='line_1_76' title="bbox 2194 2990 3775 3062; baseline 0 -19"><span class='ocrx_word' id='word_1_560' title='bbox 2194 3008 2357 3045; x_wconf 86' lang='grc' dir='ltr'>τειον.</span> <span class='ocrx_word' id='word_1_561' title='bbox 2405 2991 2567 3045; x_wconf 82' lang='grc' dir='ltr'>Ἀλλὰ</span> <span class='ocrx_word' id='word_1_562' title='bbox 2618 2992 2859 3047; x_wconf 81' lang='grc' dir='ltr'>τοιοῦτόν</span> <span class='ocrx_word' id='word_1_563' title='bbox 2893 2994 3041 3046; x_wconf 76' lang='grc' dir='ltr'>ἐστιν</span> <span class='ocrx_word' id='word_1_564' title='bbox 3063 3034 3079 3059; x_wconf 93' lang='grc'><strong>,</strong></span> <span class='ocrx_word' id='word_1_565' title='bbox 3114 2992 3227 3045; x_wconf 82' lang='grc' dir='ltr'>οἴου</span> <span class='ocrx_word' id='word_1_566' title='bbox 3276 2992 3545 3062; x_wconf 83' lang='grc' dir='ltr'>παρόντος</span> <span class='ocrx_word' id='word_1_567' title='bbox 3571 3032 3588 3057; x_wconf 95' lang='grc'><strong>,</strong></span> <span class='ocrx_word' id='word_1_568' title='bbox 3627 2990 3775 3044; x_wconf 74' lang='grc' dir='ltr'>οὐδὲν</span> 
     </span>
    </p>
   </div>
   <div class='ocr_carea' id='block_1_77' title="bbox 2196 3080 3774 3155">
    <p class='ocr_par' dir='ltr' id='par_1_77' title="bbox 2196 3080 3774 3155">
     <span class='ocr_line' id='line_1_77' title="bbox 2196 3080 3774 3155; baseline 0 -21"><span class='ocrx_word' id='word_1_569' title='bbox 2196 3080 2307 3135; x_wconf 87' lang='grc' dir='ltr'>δεῖν</span> <span class='ocrx_word' id='word_1_570' title='bbox 2357 3081 2453 3135; x_wconf 80' lang='grc' dir='ltr'>τοῦ</span> <span class='ocrx_word' id='word_1_571' title='bbox 2508 3082 2658 3147; x_wconf 83' lang='grc' dir='ltr'>ξένου</span> <span class='ocrx_word' id='word_1_572' title='bbox 2714 3083 2915 3155; x_wconf 83' lang='grc' dir='ltr'>χυμοῦ.</span> <span class='ocrx_word' id='word_1_573' title='bbox 2963 3084 3182 3139; x_wconf 88' lang='grc' dir='ltr'>Ἔλαιον</span> <span class='ocrx_word' id='word_1_574' title='bbox 3228 3085 3413 3155; x_wconf 88' lang='grc' dir='ltr'>μέντοι</span> <span class='ocrx_word' id='word_1_575' title='bbox 3468 3083 3664 3152; x_wconf 74' lang='grc' dir='ltr'>σαφῶς</span> <span class='ocrx_word' id='word_1_576' title='bbox 3716 3082 3774 3134; x_wconf 76' lang='grc' dir='ltr'>τὸ</span> 
     </span>
    </p>
   </div>
   <div class='ocr_carea' id='block_1_78' title="bbox 2193 3174 3775 3248">
    <p class='ocr_par' dir='ltr' id='par_1_78' title="bbox 2193 3174 3775 3248">
     <span class='ocr_line' id='line_1_78' title="bbox 2193 3174 3775 3248; baseline 0.001 -22"><span class='ocrx_word' id='word_1_577' title='bbox 2193 3174 2468 3245; x_wconf 84' lang='grc' dir='ltr'>ἡμεδαπὸν</span> <span class='ocrx_word' id='word_1_578' title='bbox 2522 3176 2743 3247; x_wconf 83' lang='grc' dir='ltr'>ἄριστον</span> <span class='ocrx_word' id='word_1_579' title='bbox 2771 3217 2787 3243; x_wconf 90' lang='grc'><strong>,</strong></span> <span class='ocrx_word' id='word_1_580' title='bbox 2822 3176 2889 3248; x_wconf 83' lang='grc' dir='ltr'><strong>ἢν</strong></span> <span class='ocrx_word' id='word_1_581' title='bbox 2942 3175 3017 3247; x_wconf 82' lang='grc' dir='ltr'>μὴ</span> <span class='ocrx_word' id='word_1_582' title='bbox 3073 3177 3331 3247; x_wconf 85' lang='grc' dir='ltr'>κρίνωσιν</span> <span class='ocrx_word' id='word_1_583' title='bbox 3388 3176 3434 3228; x_wconf 86' lang='grc' dir='ltr'>οἱ</span> <span class='ocrx_word' id='word_1_584' title='bbox 3495 3174 3775 3245; x_wconf 70' lang='grc' dir='ltr'>διεφθορῶ</span> 
     </span>
    </p>
   </div>
   <div class='ocr_carea' id='block_1_79' title="bbox 2191 3264 3772 3339">
    <p class='ocr_par' dir='ltr' id='par_1_79' title="bbox 2191 3264 3772 3339">
     <span class='ocr_line' id='line_1_79' title="bbox 2191 3264 3772 3339; baseline 0.001 -20"><span class='ocrx_word' id='word_1_585' title='bbox 2191 3282 2282 3329; x_wconf 86' lang='grc' dir='ltr'><strong>τες</strong></span> <span class='ocrx_word' id='word_1_586' title='bbox 2314 3264 2412 3337; x_wconf 80' lang='grc' dir='ltr'><strong>τὴν</strong></span> <span class='ocrx_word' id='word_1_587' title='bbox 2447 3266 2679 3322; x_wconf 89' lang='grc' dir='ltr'>δίαιταν.</span> <span class='ocrx_word' id='word_1_588' title='bbox 2733 3268 2961 3322; x_wconf 83' lang='grc' dir='ltr'>Ἐκεῖνοι</span> <span class='ocrx_word' id='word_1_589' title='bbox 3017 3269 3114 3339; x_wconf 83' lang='grc' dir='ltr'>μὲν</span> <span class='ocrx_word' id='word_1_590' title='bbox 3168 3268 3276 3338; x_wconf 85' lang='grc' dir='ltr'><strong>γὰρ</strong></span> <span class='ocrx_word' id='word_1_591' title='bbox 3330 3267 3462 3322; x_wconf 77' lang='grc' dir='ltr'>αὐτὸ</span> <span class='ocrx_word' id='word_1_592' title='bbox 3504 3267 3772 3337; x_wconf 79' lang='grc' dir='ltr'>ζυγοστα-</span> 
     </span>
    </p>
   </div>
   <div class='ocr_carea' id='block_1_80' title="bbox 2190 3356 3773 3432">
    <p class='ocr_par' dir='ltr' id='par_1_80' title="bbox 2190 3356 3773 3432">
     <span class='ocr_line' id='line_1_80' title="bbox 2190 3356 3773 3432; baseline 0.003 -23"><span class='ocrx_word' id='word_1_593' title='bbox 2190 3356 2363 3422; x_wconf 84' lang='grc' dir='ltr'>τοῦσι,</span> <span class='ocrx_word' id='word_1_594' title='bbox 2391 3360 2528 3430; x_wconf 76' lang='grc' dir='ltr'>ῥοπῇ</span> <span class='ocrx_word' id='word_1_595' title='bbox 2559 3359 2659 3432; x_wconf 79' lang='grc' dir='ltr'>τὴν</span> <span class='ocrx_word' id='word_1_596' title='bbox 2686 3359 2887 3431; x_wconf 82' lang='grc' dir='ltr'>ἀρετὴν</span> <span class='ocrx_word' id='word_1_597' title='bbox 2917 3358 3280 3425; x_wconf 74' lang='grc' dir='ltr'>ἐξετάζοντες,</span> <span class='ocrx_word' id='word_1_598' title='bbox 3306 3359 3400 3413; x_wconf 62' lang='grc' dir='ltr'><strong>καλ⁵</strong></span> <span class='ocrx_word' id='word_1_599' title='bbox 3439 3359 3501 3413; x_wconf 80' lang='grc' dir='ltr'><strong>τὸ</strong></span> <span class='ocrx_word' id='word_1_600' title='bbox 3532 3378 3773 3430; x_wconf 82' lang='grc' dir='ltr'>μειαγω-</span> 
     </span>
    </p>
   </div>
   <div class='ocr_carea' id='block_1_81' title="bbox 2191 3450 3774 3525">
    <p class='ocr_par' dir='ltr' id='par_1_81' title="bbox 2191 3450 3774 3525">
     <span class='ocr_line' id='line_1_81' title="bbox 2191 3450 3774 3525; baseline 0 -21"><span class='ocrx_word' id='word_1_601' title='bbox 2191 3450 2322 3519; x_wconf 82' lang='grc' dir='ltr'>γοῦν</span> <span class='ocrx_word' id='word_1_602' title='bbox 2372 3453 2429 3504; x_wconf 86' lang='grc' dir='ltr'><strong>ὲν</strong></span> <span class='ocrx_word' id='word_1_603' title='bbox 2478 3452 2948 3524; x_wconf 83' lang='grc' dir='ltr'>πλεονεκτήματος</span> <span class='ocrx_word' id='word_1_604' title='bbox 3012 3452 3177 3525; x_wconf 67' lang='grc' dir='ltr'>μοίρᾳ</span> <span class='ocrx_word' id='word_1_605' title='bbox 3223 3452 3548 3521; x_wconf 75' lang='grc' dir='ltr'>λογίζονται.</span> <span class='ocrx_word' id='word_1_606' title='bbox 3609 3453 3774 3522; x_wconf 80' lang='grc' dir='ltr'>Ἡμῖν</span> 
     </span>
    </p>
   </div>
   <div class='ocr_carea' id='block_1_82' title="bbox 2190 3541 3774 3614">
    <p class='ocr_par' dir='ltr' id='par_1_82' title="bbox 2190 3541 3774 3614">
     <span class='ocr_line' id='line_1_82' title="bbox 2190 3541 3774 3614; baseline 0.001 -19"><span class='ocrx_word' id='word_1_607' title='bbox 2190 3541 2248 3596; x_wconf 81' lang='grc' dir='ltr'>δὲ</span> <span class='ocrx_word' id='word_1_608' title='bbox 2291 3544 2352 3596; x_wconf 86' lang='grc' dir='ltr'><strong>ού</strong></span> <span class='ocrx_word' id='word_1_609' title='bbox 2404 3542 2754 3613; x_wconf 85' lang='grc' dir='ltr'>χαλκεύονται</span> <span class='ocrx_word' id='word_1_610' title='bbox 2799 3548 2898 3614; x_wconf 83' lang='grc' dir='ltr'>μὲν</span> <span class='ocrx_word' id='word_1_611' title='bbox 2935 3545 3029 3598; x_wconf 77' lang='grc' dir='ltr'><strong>ἐπὶ</strong></span> <span class='ocrx_word' id='word_1_612' title='bbox 3071 3543 3315 3598; x_wconf 81' lang='grc' dir='ltr'>τοῦλαιον</span> <span class='ocrx_word' id='word_1_613' title='bbox 3364 3542 3632 3597; x_wconf 80' lang='grc' dir='ltr'>τάλαντα·</span> <span class='ocrx_word' id='word_1_614' title='bbox 3660 3561 3774 3613; x_wconf 72' lang='grc' dir='ltr'>φα-</span> 
     </span>
    </p>
   </div>
   <div class='ocr_carea' id='block_1_83' title="bbox 2194 3633 3775 3709">
    <p class='ocr_par' dir='ltr' id='par_1_83' title="bbox 2194 3633 3775 3709">
     <span class='ocr_line' id='line_1_83' title="bbox 2194 3633 3775 3709; baseline 0.001 -22"><span class='ocrx_word' id='word_1_615' title='bbox 2194 3633 2295 3705; x_wconf 80' lang='grc' dir='ltr'>μὲν</span> <span class='ocrx_word' id='word_1_616' title='bbox 2338 3636 2428 3701; x_wconf 83' lang='grc' dir='ltr'>δὲ,</span> <span class='ocrx_word' id='word_1_617' title='bbox 2478 3637 2635 3709; x_wconf 75' lang='grc' dir='ltr'>εἴπερ</span> <span class='ocrx_word' id='word_1_618' title='bbox 2697 3637 2828 3691; x_wconf 82' lang='grc' dir='ltr'>αὐτὸ</span> <span class='ocrx_word' id='word_1_619' title='bbox 2888 3637 3005 3691; x_wconf 85' lang='grc' dir='ltr'>δέοι</span> <span class='ocrx_word' id='word_1_620' title='bbox 3062 3639 3266 3703; x_wconf 85' lang='grc' dir='ltr'>ποιεῖν,</span> <span class='ocrx_word' id='word_1_621' title='bbox 3311 3635 3472 3705; x_wconf 85' lang='grc' dir='ltr'>φύσιν</span> <span class='ocrx_word' id='word_1_622' title='bbox 3512 3633 3660 3691; x_wconf 77' lang='grc' dir='ltr'>εἶναι</span> <span class='ocrx_word' id='word_1_623' title='bbox 3716 3637 3775 3689; x_wconf 79' lang='grc' dir='ltr'><strong>τὺ</strong></span> 
     </span>
    </p>
   </div>
   <div class='ocr_carea' id='block_1_84' title="bbox 2191 3727 3773 3800">
    <p class='ocr_par' dir='ltr' id='par_1_84' title="bbox 2191 3727 3773 3800">
     <span class='ocr_line' id='line_1_84' title="bbox 2191 3727 3773 3800; baseline -0.001 -19"><span class='ocrx_word' id='word_1_624' title='bbox 2191 3727 2353 3781; x_wconf 86' lang='grc' dir='ltr'>πλέον</span> <span class='ocrx_word' id='word_1_625' title='bbox 2379 3728 2536 3783; x_wconf 73' lang='grc' dir='ltr'>ἕλκον</span> <span class='ocrx_word' id='word_1_626' title='bbox 2556 3730 2742 3800; x_wconf 86' lang='grc' dir='ltr'>τιμᾷν.</span> <span class='ocrx_word' id='word_1_627' title='bbox 2785 3728 3001 3797; x_wconf 80' lang='grc' dir='ltr'>Ἀμέλει</span> <span class='ocrx_word' id='word_1_628' title='bbox 3021 3730 3082 3782; x_wconf 83' lang='grc' dir='ltr'>τὸ</span> <span class='ocrx_word' id='word_1_629' title='bbox 3110 3729 3421 3796; x_wconf 80' lang='grc' dir='ltr'>θαυμαστὸν</span> <span class='ocrx_word' id='word_1_630' title='bbox 3448 3729 3644 3792; x_wconf 76' lang='grc' dir='ltr'>αὐτοῖς</span> <span class='ocrx_word' id='word_1_631' title='bbox 3677 3730 3773 3782; x_wconf 68' lang='grc' dir='ltr'><strong>καὶ</strong></span> 
     </span>
    </p>
   </div>
   <div class='ocr_carea' id='block_1_85' title="bbox 2191 3815 3771 3892">
    <p class='ocr_par' dir='ltr' id='par_1_85' title="bbox 2191 3815 3771 3892">
     <span class='ocr_line' id='line_1_85' title="bbox 2191 3815 3771 3892; baseline 0.001 -21"><span class='ocrx_word' id='word_1_632' title='bbox 2191 3815 2348 3872; x_wconf 79' lang='grc' dir='ltr'>ὢνιον</span> <span class='ocrx_word' id='word_1_633' title='bbox 2379 3818 2558 3873; x_wconf 79' lang='grc' dir='ltr'>ἔλαιον</span> <span class='ocrx_word' id='word_1_634' title='bbox 2588 3822 2645 3873; x_wconf 86' lang='grc' dir='ltr'><strong>ὲν</strong></span> <span class='ocrx_word' id='word_1_635' title='bbox 2671 3823 2789 3885; x_wconf 88' lang='grc' dir='ltr'>ταῖς</span> <span class='ocrx_word' id='word_1_636' title='bbox 2818 3820 3150 3892; x_wconf 87' lang='grc' dir='ltr'>θρυαλλίσιν,</span> <span class='ocrx_word' id='word_1_637' title='bbox 3178 3820 3267 3873; x_wconf 81' lang='grc' dir='ltr'>ὑπ’</span> <span class='ocrx_word' id='word_1_638' title='bbox 3299 3820 3575 3883; x_wconf 88' lang='grc' dir='ltr'>ούδενείας</span> <span class='ocrx_word' id='word_1_639' title='bbox 3606 3820 3771 3873; x_wconf 76' lang='grc' dir='ltr'>ασθεο</span> 
     </span>
    </p>
   </div>
   <div class='ocr_carea' id='block_1_86' title="bbox 2190 3909 3775 3984">
    <p class='ocr_par' dir='ltr' id='par_1_86' title="bbox 2190 3909 3775 3984">
     <span class='ocr_line' id='line_1_86' title="bbox 2190 3909 3775 3984; baseline 0.002 -22"><span class='ocrx_word' id='word_1_640' title='bbox 2190 3912 2271 3963; x_wconf 89' lang='grc' dir='ltr'><strong>νεῖ</strong></span> <span class='ocrx_word' id='word_1_641' title='bbox 2296 3909 2491 3981; x_wconf 78' lang='grc' dir='ltr'>θρέψαι</span> <span class='ocrx_word' id='word_1_642' title='bbox 2527 3912 2720 3981; x_wconf 88' lang='grc' dir='ltr'>φλόγα.</span> <span class='ocrx_word' id='word_1_643' title='bbox 2770 3913 2843 3966; x_wconf 87' lang='grc' dir='ltr'><strong>Τὸ</strong></span> <span class='ocrx_word' id='word_1_644' title='bbox 2865 3912 2922 3966; x_wconf 85' lang='grc' dir='ltr'>δὲ</span> <span class='ocrx_word' id='word_1_645' title='bbox 2948 3913 3231 3984; x_wconf 83' lang='grc' dir='ltr'>αὐτόχθον,</span> <span class='ocrx_word' id='word_1_646' title='bbox 3264 3912 3368 3966; x_wconf 73' lang='grc' dir='ltr'><strong>ὑπὸ</strong></span> <span class='ocrx_word' id='word_1_647' title='bbox 3393 3913 3775 3981; x_wconf 74' lang='grc' dir='ltr'>γενναιότητος</span> 
     </span>
    </p>
   </div>
   <div class='ocr_carea' id='block_1_87' title="bbox 2190 4000 3771 4076">
    <p class='ocr_par' dir='ltr' id='par_1_87' title="bbox 2190 4000 3771 4076">
     <span class='ocr_line' id='line_1_87' title="bbox 2190 4000 3771 4076; baseline 0.003 -24"><span class='ocrx_word' id='word_1_648' title='bbox 2190 4000 2465 4071; x_wconf 80' lang='grc' dir='ltr'>πυρκαϊὰν</span> <span class='ocrx_word' id='word_1_649' title='bbox 2502 4003 2630 4073; x_wconf 85' lang='grc' dir='ltr'>ὃλην</span> <span class='ocrx_word' id='word_1_650' title='bbox 2674 4003 2943 4074; x_wconf 87' lang='grc' dir='ltr'>ἀνίστησι,</span> <span class='ocrx_word' id='word_1_651' title='bbox 2998 4000 3115 4076; x_wconf 71' lang='grc' dir='ltr'>κᾷτ’</span> <span class='ocrx_word' id='word_1_652' title='bbox 3168 4003 3386 4057; x_wconf 72' lang='grc' dir='ltr'>ἐπειδὰν</span> <span class='ocrx_word' id='word_1_653' title='bbox 3416 4003 3615 4074; x_wconf 82' lang='grc' dir='ltr'>λύχνου</span> <span class='ocrx_word' id='word_1_654' title='bbox 3642 4004 3771 4064; x_wconf 76' lang='grc' dir='ltr'>δέοι,</span> 
     </span>
    </p>
   </div>
   <div class='ocr_carea' id='block_1_88' title="bbox 2189 4092 3769 4164">
    <p class='ocr_par' dir='ltr' id='par_1_88' title="bbox 2189 4092 3769 4164">
     <span class='ocr_line' id='line_1_88' title="bbox 2189 4092 3769 4164; baseline 0.001 -20"><span class='ocrx_word' id='word_1_655' title='bbox 2189 4094 2562 4163; x_wconf 86' lang='grc' dir='ltr'>χειροποίητον</span> <span class='ocrx_word' id='word_1_656' title='bbox 2582 4092 2791 4164; x_wconf 82' lang='grc' dir='ltr'>ἡμέραν</span> <span class='ocrx_word' id='word_1_657' title='bbox 2811 4098 2973 4149; x_wconf 80' lang='grc' dir='ltr'>ποιεῖ.</span> <span class='ocrx_word' id='word_1_658' title='bbox 2992 4094 3216 4164; x_wconf 78' lang='grc' dir='ltr'>Ἀγαθὸν</span> <span class='ocrx_word' id='word_1_659' title='bbox 3239 4094 3295 4147; x_wconf 80' lang='grc' dir='ltr'>δὲ</span> <span class='ocrx_word' id='word_1_660' title='bbox 3308 4094 3534 4163; x_wconf 82' lang='grc' dir='ltr'>λιπῆναι</span> <span class='ocrx_word' id='word_1_661' title='bbox 3554 4093 3740 4162; x_wconf 74' lang='grc' dir='ltr'>μᾶζαν</span> <span class='ocrx_word' id='word_1_662' title='bbox 3753 4108 3769 4122; x_wconf 84' lang='lat'><strong><em>°</em></strong></span> 
     </span>
    </p>
   </div>
   <div class='ocr_carea' id='block_1_89' title="bbox 2193 4182 3774 4257">
    <p class='ocr_par' dir='ltr' id='par_1_89' title="bbox 2193 4182 3774 4257">
     <span class='ocr_line' id='line_1_89' title="bbox 2193 4182 3774 4257; baseline 0.001 -23"><span class='ocrx_word' id='word_1_663' title='bbox 2193 4182 2397 4251; x_wconf 85' lang='grc' dir='ltr'>ἀγαθὸν</span> <span class='ocrx_word' id='word_1_664' title='bbox 2426 4184 2482 4236; x_wconf 85' lang='grc' dir='ltr'>δὲ</span> <span class='ocrx_word' id='word_1_665' title='bbox 2532 4184 2883 4255; x_wconf 82' lang='grc' dir='ltr'>σωμασκοῦσι</span> <span class='ocrx_word' id='word_1_666' title='bbox 2925 4185 3116 4257; x_wconf 77' lang='grc' dir='ltr'>τρέψαι</span> <span class='ocrx_word' id='word_1_667' title='bbox 3144 4185 3331 4256; x_wconf 84' lang='grc' dir='ltr'>νεῦρα.</span> <span class='ocrx_word' id='word_1_668' title='bbox 3398 4185 3561 4255; x_wconf 78' lang='grc' dir='ltr'>Ἡμῖν</span> <span class='ocrx_word' id='word_1_669' title='bbox 3588 4185 3647 4237; x_wconf 83' lang='grc' dir='ltr'>δὲ</span> <span class='ocrx_word' id='word_1_670' title='bbox 3680 4186 3774 4237; x_wconf 79' lang='grc' dir='ltr'>καὶ</span> 
     </span>
    </p>
   </div>
   <div class='ocr_carea' id='block_1_90' title="bbox 2188 4272 3774 4347">
    <p class='ocr_par' dir='ltr' id='par_1_90' title="bbox 2188 4272 3774 4347">
     <span class='ocr_line' id='line_1_90' title="bbox 2188 4272 3774 4347; baseline 0.001 -22"><span class='ocrx_word' id='word_1_671' title='bbox 2188 4272 2249 4326; x_wconf 83' lang='grc' dir='ltr'>τὸ</span> <span class='ocrx_word' id='word_1_672' title='bbox 2299 4272 2561 4344; x_wconf 82' lang='grc' dir='ltr'>μουσικῆς</span> <span class='ocrx_word' id='word_1_673' title='bbox 2606 4278 2792 4346; x_wconf 82' lang='grc' dir='ltr'>χρῆμα</span> <span class='ocrx_word' id='word_1_674' title='bbox 2829 4274 3119 4347; x_wconf 78' lang='grc' dir='ltr'>ἐπιχώριον</span> <span class='ocrx_word' id='word_1_675' title='bbox 3154 4274 3230 4339; x_wconf 81' lang='grc' dir='ltr'>ὡς</span> <span class='ocrx_word' id='word_1_676' title='bbox 3266 4274 3416 4327; x_wconf 79' lang='grc' dir='ltr'>οὐδὲν</span> <span class='ocrx_word' id='word_1_677' title='bbox 3464 4274 3632 4339; x_wconf 74' lang='grc' dir='ltr'>ἄλλο,</span> <span class='ocrx_word' id='word_1_678' title='bbox 3676 4274 3774 4327; x_wconf 79' lang='grc' dir='ltr'>καὶ</span> 
     </span>
    </p>
   </div>
   <div class='ocr_carea' id='block_1_91' title="bbox 2189 4363 3774 4438">
    <p class='ocr_par' dir='ltr' id='par_1_91' title="bbox 2189 4363 3774 4438">
     <span class='ocr_line' id='line_1_91' title="bbox 2189 4363 3774 4438; baseline 0.001 -21"><span class='ocrx_word' id='word_1_679' title='bbox 2189 4363 2337 4418; x_wconf 76' lang='grc' dir='ltr'>ἐστιν</span> <span class='ocrx_word' id='word_1_680' title='bbox 2395 4364 2831 4436; x_wconf 82' lang='grc' dir='ltr'>Ἀγχεμαχηταῖς</span> <span class='ocrx_word' id='word_1_681' title='bbox 2890 4364 3019 4438; x_wconf 79' lang='grc' dir='ltr'>[γρ.</span> <span class='ocrx_word' id='word_1_682' title='bbox 3066 4364 3432 4438; x_wconf 83' lang='grc' dir='ltr'>Ἀγεμαχητ.]</span> <span class='ocrx_word' id='word_1_683' title='bbox 3481 4366 3670 4437; x_wconf 69' lang='grc' dir='ltr'>λύριον</span> <span class='ocrx_word' id='word_1_684' title='bbox 3718 4383 3774 4418; x_wconf 86' lang='grc' dir='ltr'><strong>τι</strong></span> 
     </span>
    </p>
   </div>
   <div class='ocr_carea' id='block_1_92' title="bbox 511 4454 2090 4528">
    <p class='ocr_par' dir='ltr' id='par_1_92' title="bbox 511 4454 2088 4526">
     <span class='ocr_line' id='line_1_92' title="bbox 511 4454 2088 4526; baseline -0.001 -17"><span class='ocrx_word' id='word_1_685' title='bbox 511 4469 617 4510; x_wconf 86' lang='lat' dir='ltr'><strong>nos</strong></span> <span class='ocrx_word' id='word_1_686' title='bbox 653 4456 923 4515; x_wconf 89' lang='lat' dir='ltr'><strong>nascitur,</strong></span> <span class='ocrx_word' id='word_1_687' title='bbox 963 4469 1070 4525; x_wconf 90' lang='lat' dir='ltr'><strong>qua</strong></span> <span class='ocrx_word' id='word_1_688' title='bbox 1099 4462 1184 4510; x_wconf 81' lang='lat' dir='ltr'><strong>est</strong></span> <span class='ocrx_word' id='word_1_689' title='bbox 1216 4454 1608 4525; x_wconf 74' lang='lat' dir='ltr'><strong>generositate,</strong></span> <span class='ocrx_word' id='word_1_690' title='bbox 1650 4470 1844 4526; x_wconf 86' lang='lat' dir='ltr'><strong>rogum</strong></span> <span class='ocrx_word' id='word_1_691' title='bbox 1878 4456 2088 4511; x_wconf 84' lang='lat' dir='ltr'><strong>excita-</strong></span> 
     </span>
    </p>
   </div>
   <div class='ocr_carea' id='block_1_93' title="bbox 2192 4454 3772 4528">
    <p class='ocr_par' dir='ltr' id='par_1_93' title="bbox 2192 4456 3772 4527">
     <span class='ocr_line' id='line_1_93' title="bbox 2192 4456 3772 4527; baseline -0.001 -17"><span class='ocrx_word' id='word_1_692' title='bbox 2192 4457 2505 4527; x_wconf 80' lang='grc' dir='ltr'>ποιμενικὸν</span> <span class='ocrx_word' id='word_1_693' title='bbox 2539 4457 2682 4510; x_wconf 80' lang='grc' dir='ltr'>λιτὸν</span> <span class='ocrx_word' id='word_1_694' title='bbox 2730 4458 2825 4511; x_wconf 80' lang='grc' dir='ltr'>καὶ</span> <span class='ocrx_word' id='word_1_695' title='bbox 2872 4458 3231 4522; x_wconf 77' lang='grc' dir='ltr'>αὐτόσκευον,</span> <span class='ocrx_word' id='word_1_696' title='bbox 3278 4456 3523 4527; x_wconf 76' lang='grc' dir='ltr'>εὔφημον</span> <span class='ocrx_word' id='word_1_697' title='bbox 3571 4474 3635 4509; x_wconf 89' lang='grc' dir='ltr'><strong>τε</strong></span> <span class='ocrx_word' id='word_1_698' title='bbox 3674 4458 3772 4510; x_wconf 74' lang='grc' dir='ltr'>καὶ</span> 
     </span>
    </p>
   </div>
   <div class='ocr_carea' id='block_1_94' title="bbox 509 4539 2087 4617">
    <p class='ocr_par' dir='ltr' id='par_1_94' title="bbox 509 4539 2087 4617">
     <span class='ocr_line' id='line_1_94' title="bbox 509 4539 2087 4617; baseline -0.001 -16"><span class='ocrx_word' id='word_1_699' title='bbox 509 4546 685 4608; x_wconf 87' lang='lat' dir='ltr'><strong>verit,</strong></span> <span class='ocrx_word' id='word_1_700' title='bbox 715 4560 779 4599; x_wconf 86' lang='lat' dir='ltr'><strong>ac</strong></span> <span class='ocrx_word' id='word_1_701' title='bbox 809 4539 940 4600; x_wconf 83' lang='lat' dir='ltr'><strong>dum</strong></span> <span class='ocrx_word' id='word_1_702' title='bbox 977 4547 1201 4600; x_wconf 90' lang='lat' dir='ltr'><strong>lucerna</strong></span> <span class='ocrx_word' id='word_1_703' title='bbox 1241 4561 1381 4616; x_wconf 89' lang='lat' dir='ltr'><strong>opus</strong></span> <span class='ocrx_word' id='word_1_704' title='bbox 1416 4552 1523 4609; x_wconf 84' lang='lat' dir='ltr'><strong>est,</strong></span> <span class='ocrx_word' id='word_1_705' title='bbox 1558 4546 1919 4601; x_wconf 88' lang='lat' dir='ltr'><strong>manufactam</strong></span> <span class='ocrx_word' id='word_1_706' title='bbox 1950 4561 2087 4617; x_wconf 85' lang='lat' dir='ltr'><strong>quo-</strong></span> 
     </span>
    </p>
   </div>
   <div class='ocr_carea' id='block_1_95' title="bbox 509 4636 2087 4708">
    <p class='ocr_par' dir='ltr' id='par_1_95' title="bbox 509 4636 2087 4708">
     <span class='ocr_line' id='line_1_95' title="bbox 509 4636 2087 4708; baseline 0 -15"><span class='ocrx_word' id='word_1_707' title='bbox 509 4638 804 4693; x_wconf 87' lang='lat' dir='ltr'><strong>dammodo</strong></span> <span class='ocrx_word' id='word_1_708' title='bbox 865 4637 1011 4693; x_wconf 86' lang='lat' dir='ltr'><strong>diem</strong></span> <span class='ocrx_word' id='word_1_709' title='bbox 1059 4636 1242 4693; x_wconf 87' lang='lat' dir='ltr'><strong>infert.</strong></span> <span class='ocrx_word' id='word_1_710' title='bbox 1312 4637 1393 4691; x_wconf 85' lang='lat' dir='ltr'><strong>Ad</strong></span> <span class='ocrx_word' id='word_1_711' title='bbox 1452 4637 1567 4692; x_wconf 62' lang='lat' dir='ltr'><strong>haec</strong></span> <span class='ocrx_word' id='word_1_712' title='bbox 1620 4636 2087 4708; x_wconf 57' lang='lat' dir='ltr'><strong>pinguefaciendw</strong></span> 
     </span>
    </p>
   </div>
   <div class='ocr_carea' id='block_1_96' title="bbox 511 4726 2086 4796">
    <p class='ocr_par' dir='ltr' id='par_1_96' title="bbox 511 4726 2086 4796">
     <span class='ocr_line' id='line_1_96' title="bbox 511 4726 2086 4796; baseline -0.001 -15"><span class='ocrx_word' id='word_1_713' title='bbox 511 4741 682 4781; x_wconf 63' lang='lat' dir='ltr'><strong>mazaa</strong></span> <span class='ocrx_word' id='word_1_714' title='bbox 712 4735 898 4795; x_wconf 90' lang='lat' dir='ltr'><strong>aptum</strong></span> <span class='ocrx_word' id='word_1_715' title='bbox 926 4736 1061 4782; x_wconf 78' lang='lat' dir='ltr'><strong>’est:</strong></span> <span class='ocrx_word' id='word_1_716' title='bbox 1098 4733 1284 4796; x_wconf 88' lang='lat' dir='ltr'><strong>aptum</strong></span> <span class='ocrx_word' id='word_1_717' title='bbox 1316 4726 1444 4781; x_wconf 90' lang='lat' dir='ltr'><strong>item</strong></span> <span class='ocrx_word' id='word_1_718' title='bbox 1471 4727 1541 4782; x_wconf 86' lang='lat' dir='ltr'><strong>iis</strong></span> <span class='ocrx_word' id='word_1_719' title='bbox 1578 4728 1670 4796; x_wconf 93' lang='lat' dir='ltr'><strong>qui</strong></span> <span class='ocrx_word' id='word_1_720' title='bbox 1701 4742 1902 4796; x_wconf 89' lang='lat' dir='ltr'><strong>corpus</strong></span> <span class='ocrx_word' id='word_1_721' title='bbox 1930 4742 2086 4782; x_wconf 86' lang='lat' dir='ltr'><strong>exer-</strong></span> 
     </span>
    </p>
   </div>
   <div class='ocr_carea' id='block_1_97' title="bbox 510 4816 2080 4889">
    <p class='ocr_par' dir='ltr' id='par_1_97' title="bbox 510 4816 2080 4889">
     <span class='ocr_line' id='line_1_97' title="bbox 510 4816 2080 4889; baseline 0.001 -17"><span class='ocrx_word' id='word_1_722' title='bbox 510 4828 660 4881; x_wconf 89' lang='lat' dir='ltr'><strong>cent,</strong></span> <span class='ocrx_word' id='word_1_723' title='bbox 692 4819 758 4872; x_wconf 88' lang='lat' dir='ltr'><strong>ad</strong></span> <span class='ocrx_word' id='word_1_724' title='bbox 799 4833 1003 4872; x_wconf 88' lang='lat' dir='ltr'><strong>nervos</strong></span> <span class='ocrx_word' id='word_1_725' title='bbox 1035 4817 1313 4873; x_wconf 88' lang='lat' dir='ltr'><strong>fovendos.</strong></span> <span class='ocrx_word' id='word_1_726' title='bbox 1340 4817 1449 4872; x_wconf 90' lang='lat' dir='ltr'><strong>Sed</strong></span> <span class='ocrx_word' id='word_1_727' title='bbox 1477 4827 1531 4872; x_wconf 93' lang='lat' dir='ltr'><strong>ct</strong></span> <span class='ocrx_word' id='word_1_728' title='bbox 1558 4819 1767 4871; x_wconf 85' lang='lat' dir='ltr'><strong>musica</strong></span> <span class='ocrx_word' id='word_1_729' title='bbox 1794 4816 1909 4888; x_wconf 91' lang='lat' dir='ltr'><strong>ipsa</strong></span> <span class='ocrx_word' id='word_1_730' title='bbox 1939 4817 2080 4889; x_wconf 89' lang='lat' dir='ltr'><strong>apud</strong></span> 
     </span>
    </p>
   </div>
   <div class='ocr_carea' id='block_1_98' title="bbox 510 4907 2084 4979">
    <p class='ocr_par' dir='ltr' id='par_1_98' title="bbox 510 4907 2084 4979">
     <span class='ocr_line' id='line_1_98' title="bbox 510 4907 2084 4979; baseline -0.002 -15"><span class='ocrx_word' id='word_1_731' title='bbox 510 4926 637 4971; x_wconf 89' lang='lat' dir='ltr'><strong>nos,</strong></span> <span class='ocrx_word' id='word_1_732' title='bbox 682 4920 743 4965; x_wconf 90' lang='lat' dir='ltr'><strong>ut</strong></span> <span class='ocrx_word' id='word_1_733' title='bbox 786 4910 832 4964; x_wconf 90' lang='lat' dir='ltr'><strong>si</strong></span> <span class='ocrx_word' id='word_1_734' title='bbox 878 4907 1011 4979; x_wconf 83' lang='lat' dir='ltr'><strong>quid</strong></span> <span class='ocrx_word' id='word_1_735' title='bbox 1058 4909 1227 4971; x_wconf 88' lang='lat' dir='ltr'><strong>aliud,</strong></span> <span class='ocrx_word' id='word_1_736' title='bbox 1270 4908 1533 4963; x_wconf 85' lang='lat' dir='ltr'><strong>tralatitia</strong></span> <span class='ocrx_word' id='word_1_737' title='bbox 1569 4917 1695 4962; x_wconf 90' lang='lat' dir='ltr'><strong>est:</strong></span> <span class='ocrx_word' id='word_1_738' title='bbox 1732 4914 1926 4978; x_wconf 89' lang='lat' dir='ltr'><strong>estque</strong></span> <span class='ocrx_word' id='word_1_739' title='bbox 1973 4910 2084 4961; x_wconf 88' lang='lat' dir='ltr'><strong>An-</strong></span> 
     </span>
    </p>
   </div>
   <div class='ocr_carea' id='block_1_99' title="bbox 511 5000 2083 5072">
    <p class='ocr_par' dir='ltr' id='par_1_99' title="bbox 511 5000 2083 5072">
     <span class='ocr_line' id='line_1_99' title="bbox 511 5000 2083 5072; baseline 0.001 -17"><span class='ocrx_word' id='word_1_740' title='bbox 511 5002 889 5057; x_wconf 76' lang='lat' dir='ltr'><strong>cltemaclietis</strong></span> <span class='ocrx_word' id='word_1_741' title='bbox 920 5001 1214 5072; x_wconf 86' lang='lat' dir='ltr'><strong>pastoralis</strong></span> <span class='ocrx_word' id='word_1_742' title='bbox 1252 5000 1498 5071; x_wconf 60' lang='lat' dir='ltr'><strong>quaedam</strong></span> <span class='ocrx_word' id='word_1_743' title='bbox 1526 5000 1723 5071; x_wconf 77' lang='lat' dir='ltr'><strong>exigua</strong></span> <span class='ocrx_word' id='word_1_744' title='bbox 1746 5001 1893 5071; x_wconf 81' lang='lat' dir='ltr'><strong>lyra,</strong></span> <span class='ocrx_word' id='word_1_745' title='bbox 1928 5002 2083 5056; x_wconf 89' lang='lat' dir='ltr'><strong>rudis</strong></span> 
     </span>
    </p>
   </div>
   <div class='ocr_carea' id='block_1_100' title="bbox 509 5092 2081 5161">
    <p class='ocr_par' dir='ltr' id='par_1_100' title="bbox 509 5092 2081 5161">
     <span class='ocr_line' id='line_1_100' title="bbox 509 5092 2081 5161; baseline -0.002 -13"><span class='ocrx_word' id='word_1_746' title='bbox 509 5101 566 5148; x_wconf 90' lang='lat' dir='ltr'><strong>et</strong></span> <span class='ocrx_word' id='word_1_747' title='bbox 596 5093 918 5155; x_wconf 87' lang='lat' dir='ltr'><strong>incondita,</strong></span> <span class='ocrx_word' id='word_1_748' title='bbox 957 5094 1053 5147; x_wconf 87' lang='lat' dir='ltr'><strong>sed</strong></span> <span class='ocrx_word' id='word_1_749' title='bbox 1085 5092 1262 5148; x_wconf 82' lang='lat' dir='ltr'><strong>felicis</strong></span> <span class='ocrx_word' id='word_1_750' title='bbox 1296 5099 1624 5157; x_wconf 88' lang='lat' dir='ltr'><strong>conventus,</strong></span> <span class='ocrx_word' id='word_1_751' title='bbox 1669 5098 1726 5147; x_wconf 92' lang='lat' dir='ltr'><strong>et</strong></span> <span class='ocrx_word' id='word_1_752' title='bbox 1759 5092 2081 5161; x_wconf 87' lang='lat' dir='ltr'><strong>cumprimis</strong></span> 
     </span>
    </p>
   </div>
   <div class='ocr_carea' id='block_1_101' title="bbox 510 5181 2082 5254">
    <p class='ocr_par' dir='ltr' id='par_1_101' title="bbox 510 5181 2082 5254">
     <span class='ocr_line' id='line_1_101' title="bbox 510 5181 2082 5254; baseline 0.001 -18"><span class='ocrx_word' id='word_1_753' title='bbox 510 5184 727 5247; x_wconf 85' lang='lat' dir='ltr'><strong>virilis;</strong></span> <span class='ocrx_word' id='word_1_754' title='bbox 759 5200 882 5254; x_wconf 64' lang='lat' dir='ltr'><strong>quae</strong></span> <span class='ocrx_word' id='word_1_755' title='bbox 905 5198 1013 5238; x_wconf 90' lang='lat' dir='ltr'><strong>non</strong></span> <span class='ocrx_word' id='word_1_756' title='bbox 1049 5183 1323 5237; x_wconf 89' lang='lat' dir='ltr'><strong>immerito</strong></span> <span class='ocrx_word' id='word_1_757' title='bbox 1358 5182 1711 5238; x_wconf 85' lang='lat' dir='ltr'><strong>instituendis</strong></span> <span class='ocrx_word' id='word_1_758' title='bbox 1751 5182 1805 5236; x_wconf 91' lang='lat' dir='ltr'><strong>in</strong></span> <span class='ocrx_word' id='word_1_759' title='bbox 1835 5181 2082 5237; x_wconf 86' lang='lat' dir='ltr'><strong>Platonis</strong></span> 
     </span>
    </p>
   </div>
   <div class='ocr_carea' id='block_1_102' title="bbox 514 5274 2086 5347">
    <p class='ocr_par' dir='ltr' id='par_1_102' title="bbox 514 5274 2086 5347">
     <span class='ocr_line' id='line_1_102' title="bbox 514 5274 2086 5347; baseline -0.001 -17"><span class='ocrx_word' id='word_1_760' title='bbox 514 5291 633 5347; x_wconf 89' lang='lat' dir='ltr'><strong>rep.</strong></span> <span class='ocrx_word' id='word_1_761' title='bbox 669 5277 865 5333; x_wconf 89' lang='lat' dir='ltr'><strong>liberis</strong></span> <span class='ocrx_word' id='word_1_762' title='bbox 914 5274 1388 5338; x_wconf 89' lang='lat' dir='ltr'><strong>accommodetur,</strong></span> <span class='ocrx_word' id='word_1_763' title='bbox 1446 5282 1734 5344; x_wconf 88' lang='lat' dir='ltr'><strong>propterea</strong></span> <span class='ocrx_word' id='word_1_764' title='bbox 1775 5274 1925 5344; x_wconf 90' lang='lat' dir='ltr'><strong>quod</strong></span> <span class='ocrx_word' id='word_1_765' title='bbox 1969 5288 2086 5329; x_wconf 88' lang='lat' dir='ltr'><strong>mo-</strong></span> 
     </span>
    </p>
   </div>
   <div class='ocr_carea' id='block_1_103' title="bbox 2186 4548 3772 4621">
    <p class='ocr_par' dir='ltr' id='par_1_103' title="bbox 2186 4548 3772 4621">
     <span class='ocr_line' id='line_1_103' title="bbox 2186 4548 3772 4621; baseline 0 -18"><span class='ocrx_word' id='word_1_766' title='bbox 2186 4550 2353 4621; x_wconf 76' lang='grc' dir='ltr'>ἄρρεν</span> <span class='ocrx_word' id='word_1_767' title='bbox 2403 4549 2690 4617; x_wconf 76' lang='grc' dir='ltr'>ἐπιεικῶς,</span> <span class='ocrx_word' id='word_1_768' title='bbox 2737 4552 2837 4603; x_wconf 80' lang='grc' dir='ltr'>οὐκ</span> <span class='ocrx_word' id='word_1_769' title='bbox 2880 4548 3096 4614; x_wconf 82' lang='grc' dir='ltr'>ἀνάξιον</span> <span class='ocrx_word' id='word_1_770' title='bbox 3125 4550 3252 4612; x_wconf 82' lang='grc' dir='ltr'>τοὺς</span> <span class='ocrx_word' id='word_1_771' title='bbox 3284 4550 3340 4602; x_wconf 83' lang='grc' dir='ltr'><strong>ὲν</strong></span> <span class='ocrx_word' id='word_1_772' title='bbox 3379 4550 3445 4620; x_wconf 80' lang='grc' dir='ltr'><strong>τῇ</strong></span> <span class='ocrx_word' id='word_1_773' title='bbox 3476 4548 3772 4611; x_wconf 78' lang='grc' dir='ltr'>Πλάτωνος</span> 
     </span>
    </p>
   </div>
   <div class='ocr_carea' id='block_1_104' title="bbox 2186 4636 3770 4709">
    <p class='ocr_par' dir='ltr' id='par_1_104' title="bbox 2186 4636 3770 4709">
     <span class='ocr_line' id='line_1_104' title="bbox 2186 4636 3770 4709; baseline 0.003 -20"><span class='ocrx_word' id='word_1_774' title='bbox 2186 4636 2341 4690; x_wconf 89' lang='grc' dir='ltr'>πόλει</span> <span class='ocrx_word' id='word_1_775' title='bbox 2367 4637 2564 4701; x_wconf 86' lang='grc' dir='ltr'>παῖδας</span> <span class='ocrx_word' id='word_1_776' title='bbox 2591 4637 2897 4709; x_wconf 70' lang='grc' dir='ltr'>ἐκτρέφειν.</span> <span class='ocrx_word' id='word_1_777' title='bbox 2930 4638 3018 4700; x_wconf 84' lang='grc' dir='ltr'>Ὠς</span> <span class='ocrx_word' id='word_1_778' title='bbox 3046 4639 3106 4691; x_wconf 87' lang='grc' dir='ltr'><strong>ού</strong></span> <span class='ocrx_word' id='word_1_779' title='bbox 3136 4638 3408 4705; x_wconf 77' lang='grc' dir='ltr'>λογίζεται</span> <span class='ocrx_word' id='word_1_780' title='bbox 3439 4636 3601 4691; x_wconf 78' lang='grc' dir='ltr'>τοῦτο</span> <span class='ocrx_word' id='word_1_781' title='bbox 3626 4638 3770 4707; x_wconf 79' lang='lat'><strong>(90),</strong></span> 
     </span>
    </p>
   </div>
   <div class='ocr_carea' id='block_1_105' title="bbox 2184 4726 3773 4800">
    <p class='ocr_par' dir='ltr' id='par_1_105' title="bbox 2184 4726 3773 4800">
     <span class='ocr_line' id='line_1_105' title="bbox 2184 4726 3773 4800; baseline 0.001 -21"><span class='ocrx_word' id='word_1_782' title='bbox 2184 4726 2305 4780; x_wconf 80' lang='grc' dir='ltr'>οὐδὲ</span> <span class='ocrx_word' id='word_1_783' title='bbox 2331 4728 2529 4800; x_wconf 84' lang='grc' dir='ltr'>ἀρετὴν</span> <span class='ocrx_word' id='word_1_784' title='bbox 2556 4728 2668 4799; x_wconf 75' lang='grc' dir='ltr'>ἔχει</span> <span class='ocrx_word' id='word_1_785' title='bbox 2702 4728 3010 4800; x_wconf 86' lang='grc' dir='ltr'>παμφανῶς</span> <span class='ocrx_word' id='word_1_786' title='bbox 3040 4728 3311 4800; x_wconf 80' lang='grc' dir='ltr'>ἡρμόσθαι</span> <span class='ocrx_word' id='word_1_787' title='bbox 3340 4745 3350 4754; x_wconf 77' lang='lat'>&#39;</span> <span class='ocrx_word' id='word_1_788' title='bbox 3394 4727 3473 4799; x_wconf 82' lang='grc' dir='ltr'>τῷ</span> <span class='ocrx_word' id='word_1_789' title='bbox 3501 4728 3557 4781; x_wconf 78' lang='grc' dir='ltr'>δὲ</span> <span class='ocrx_word' id='word_1_790' title='bbox 3608 4730 3773 4799; x_wconf 79' lang='grc' dir='ltr'>ἁπλῷ</span> 
     </span>
    </p>
   </div>
   <div class='ocr_carea' id='block_1_106' title="bbox 2187 4820 3771 4895">
    <p class='ocr_par' dir='ltr' id='par_1_106' title="bbox 2187 4820 3771 4895">
     <span class='ocr_line' id='line_1_106' title="bbox 2187 4820 3771 4895; baseline -0.001 -22"><span class='ocrx_word' id='word_1_791' title='bbox 2187 4820 2298 4873; x_wconf 83' lang='grc' dir='ltr'><strong>τῶν</strong></span> <span class='ocrx_word' id='word_1_792' title='bbox 2326 4820 2551 4892; x_wconf 82' lang='grc' dir='ltr'>χορδῶν,</span> <span class='ocrx_word' id='word_1_793' title='bbox 2584 4820 2970 4891; x_wconf 78' lang='grc' dir='ltr'>συμϐαίνουσιν</span> <span class='ocrx_word' id='word_1_794' title='bbox 3002 4821 3052 4874; x_wconf 79' lang='lat' dir='ltr'><strong>oi</strong></span> <span class='ocrx_word' id='word_1_795' title='bbox 3084 4820 3467 4895; x_wconf 80' lang='grc' dir='ltr'>προσᾴδοντες.</span> <span class='ocrx_word' id='word_1_796' title='bbox 3536 4821 3617 4873; x_wconf 83' lang='grc' dir='ltr'><strong>Οὐ</strong></span> <span class='ocrx_word' id='word_1_797' title='bbox 3653 4821 3771 4891; x_wconf 71' lang='grc' dir='ltr'><strong>γὰρ</strong></span> 
     </span>
    </p>
   </div>
   <div class='ocr_carea' id='block_1_107' title="bbox 2188 4911 3771 4986">
    <p class='ocr_par' dir='ltr' id='par_1_107' title="bbox 2188 4911 3771 4986">
     <span class='ocr_line' id='line_1_107' title="bbox 2188 4911 3771 4986; baseline -0.001 -21"><span class='ocrx_word' id='word_1_798' title='bbox 2188 4912 2517 4967; x_wconf 75' lang='grc' dir='ltr'>ἐπιτίθενται</span> <span class='ocrx_word' id='word_1_799' title='bbox 2543 4913 2859 4986; x_wconf 84' lang='grc' dir='ltr'>τρυφώσαις</span> <span class='ocrx_word' id='word_1_800' title='bbox 2899 4912 3253 4966; x_wconf 81' lang='grc' dir='ltr'>ὑποθέσεσιν·</span> <span class='ocrx_word' id='word_1_801' title='bbox 3287 4912 3402 4965; x_wconf 81' lang='grc' dir='ltr'>ἀλλ’</span> <span class='ocrx_word' id='word_1_802' title='bbox 3443 4911 3594 4964; x_wconf 80' lang='grc' dir='ltr'>ἐστιν</span> <span class='ocrx_word' id='word_1_803' title='bbox 3629 4915 3771 4983; x_wconf 79' lang='grc' dir='ltr'>ἡμῖν</span> 
     </span>
    </p>
   </div>
   <div class='ocr_carea' id='block_1_108' title="bbox 2188 5002 3772 5075">
    <p class='ocr_par' dir='ltr' id='par_1_108' title="bbox 2188 5002 3772 5075">
     <span class='ocr_line' id='line_1_108' title="bbox 2188 5002 3772 5075; baseline -0.001 -17"><span class='ocrx_word' id='word_1_804' title='bbox 2188 5003 2351 5058; x_wconf 83' lang='grc' dir='ltr'>καλόν</span> <span class='ocrx_word' id='word_1_805' title='bbox 2387 5022 2441 5057; x_wconf 88' lang='grc' dir='ltr'><strong>τι</strong></span> <span class='ocrx_word' id='word_1_806' title='bbox 2483 5005 2668 5075; x_wconf 84' lang='grc' dir='ltr'>χρῆμα</span> <span class='ocrx_word' id='word_1_807' title='bbox 2692 5003 2857 5075; x_wconf 79' lang='grc' dir='ltr'>ᾠδῆς,</span> <span class='ocrx_word' id='word_1_808' title='bbox 2908 5004 3126 5068; x_wconf 78' lang='grc' dir='ltr'>ἔπαινος</span> <span class='ocrx_word' id='word_1_809' title='bbox 3156 5004 3376 5075; x_wconf 80' lang='grc' dir='ltr'>ὲνὸρχου</span> <span class='ocrx_word' id='word_1_810' title='bbox 3415 5002 3573 5075; x_wconf 82' lang='grc' dir='ltr'>κριοῦ</span> <span class='ocrx_word' id='word_1_811' title='bbox 3597 5045 3615 5069; x_wconf 90' lang='grc'><strong>,</strong></span> <span class='ocrx_word' id='word_1_812' title='bbox 3671 5006 3772 5057; x_wconf 80' lang='grc' dir='ltr'>καὶ</span> 
     </span>
    </p>
   </div>
   <div class='ocr_carea' id='block_1_109' title="bbox 2187 5088 3773 5165">
    <p class='ocr_par' dir='ltr' id='par_1_109' title="bbox 2187 5088 3773 5165">
     <span class='ocr_line' id='line_1_109' title="bbox 2187 5088 3773 5165; baseline -0.003 -18"><span class='ocrx_word' id='word_1_813' title='bbox 2187 5095 2216 5147; x_wconf 86' lang='grc' dir='ltr'>ὁ</span> <span class='ocrx_word' id='word_1_814' title='bbox 2246 5094 2494 5165; x_wconf 85' lang='grc' dir='ltr'>μείουρος</span> <span class='ocrx_word' id='word_1_815' title='bbox 2532 5092 2677 5147; x_wconf 87' lang='grc' dir='ltr'>κύων</span> <span class='ocrx_word' id='word_1_816' title='bbox 2702 5093 2979 5164; x_wconf 82' lang='grc' dir='ltr'>ὲγκωμίου</span> <span class='ocrx_word' id='word_1_817' title='bbox 3015 5093 3293 5164; x_wconf 81' lang='grc' dir='ltr'>τυγχάνει,</span> <span class='ocrx_word' id='word_1_818' title='bbox 3344 5093 3448 5157; x_wconf 86' lang='grc' dir='ltr'>ὅτι,</span> <span class='ocrx_word' id='word_1_819' title='bbox 3478 5088 3660 5163; x_wconf 73' lang='grc' dir='ltr'>οἶμαι,</span> <span class='ocrx_word' id='word_1_820' title='bbox 3686 5092 3773 5145; x_wconf 76' lang='grc' dir='ltr'>δίο</span> 
     </span>
    </p>
   </div>
   <div class='ocr_carea' id='block_1_110' title="bbox 2189 5180 3770 5254">
    <p class='ocr_par' dir='ltr' id='par_1_110' title="bbox 2189 5180 3770 5254">
     <span class='ocr_line' id='line_1_110' title="bbox 2189 5180 3770 5254; baseline -0.002 -19"><span class='ocrx_word' id='word_1_821' title='bbox 2189 5183 2344 5246; x_wconf 84' lang='grc' dir='ltr'>καιός</span> <span class='ocrx_word' id='word_1_822' title='bbox 2373 5184 2510 5247; x_wconf 79' lang='grc' dir='ltr'>ἐστι,</span> <span class='ocrx_word' id='word_1_823' title='bbox 2529 5183 2628 5246; x_wconf 80' lang='grc' dir='ltr'>τὰς</span> <span class='ocrx_word' id='word_1_824' title='bbox 2655 5182 2841 5246; x_wconf 84' lang='grc' dir='ltr'>ὑαίνας</span> <span class='ocrx_word' id='word_1_825' title='bbox 2867 5183 2968 5235; x_wconf 81' lang='grc' dir='ltr'>οὐκ</span> <span class='ocrx_word' id='word_1_826' title='bbox 2989 5183 3264 5254; x_wconf 72' lang='grc' dir='ltr'>ὀρρωδῶν,</span> <span class='ocrx_word' id='word_1_827' title='bbox 3290 5181 3382 5235; x_wconf 79' lang='grc' dir='ltr'>καὶ</span> <span class='ocrx_word' id='word_1_828' title='bbox 3408 5180 3770 5252; x_wconf 75' lang='grc' dir='ltr'>λαρυγγίζων</span> 
     </span>
    </p>
   </div>
   <div class='ocr_carea' id='block_1_111' title="bbox 2188 5270 3770 5346">
    <p class='ocr_par' dir='ltr' id='par_1_111' title="bbox 2188 5270 3770 5346">
     <span class='ocr_line' id='line_1_111' title="bbox 2188 5270 3770 5346; baseline -0.001 -21"><span class='ocrx_word' id='word_1_829' title='bbox 2188 5274 2314 5338; x_wconf 81' lang='grc' dir='ltr'>τοὺς</span> <span class='ocrx_word' id='word_1_830' title='bbox 2341 5272 2554 5338; x_wconf 86' lang='grc' dir='ltr'>λύκους.</span> <span class='ocrx_word' id='word_1_831' title='bbox 2598 5275 2707 5328; x_wconf 76' lang='grc' dir='ltr'><strong>Καὶ</strong></span> <span class='ocrx_word' id='word_1_832' title='bbox 2736 5275 2767 5327; x_wconf 79' lang='grc' dir='ltr'><em>ὁ</em></span> <span class='ocrx_word' id='word_1_833' title='bbox 2792 5274 3096 5346; x_wconf 86' lang='grc' dir='ltr'>κυνηγέτης</span> <span class='ocrx_word' id='word_1_834' title='bbox 3114 5274 3213 5344; x_wconf 84' lang='grc' dir='ltr'>οὐχ</span> <span class='ocrx_word' id='word_1_835' title='bbox 3229 5273 3429 5344; x_wconf 79' lang='grc' dir='ltr'>ἥκιστα</span> <span class='ocrx_word' id='word_1_836' title='bbox 3458 5270 3569 5343; x_wconf 85' lang='grc' dir='ltr'>ᾠδὴ</span> <span class='ocrx_word' id='word_1_837' title='bbox 3611 5271 3770 5339; x_wconf 85' lang='grc' dir='ltr'>γίνε-</span> 
     </span>
    </p>
   </div>
   <div class='ocr_carea' id='block_1_112' title="bbox 1735 5409 2493 5471">
    <p class='ocr_par' dir='ltr' id='par_1_112' title="bbox 1735 5409 2493 5471">
     <span class='ocr_line' id='line_1_112' title="bbox 1735 5409 2493 5471; baseline 0.009 -8"><span class='ocrx_word' id='word_1_838' title='bbox 1735 5409 1912 5466; x_wconf 87' lang='lat' dir='ltr'><strong>DlON.</strong></span> <span class='ocrx_word' id='word_1_839' title='bbox 1954 5409 2223 5467; x_wconf 79' lang='lat' dir='ltr'><strong>PETAVII</strong></span> <span class='ocrx_word' id='word_1_840' title='bbox 2264 5412 2493 5471; x_wconf 65' lang='lat' dir='ltr'><strong>NOTIE.</strong></span> 
     </span>
    </p>
   </div>
   <div class='ocr_carea' id='block_1_113' title="bbox 583 5524 2090 5603">
    <p class='ocr_par' dir='ltr' id='par_1_113' title="bbox 583 5524 2076 5603">
     <span class='ocr_line' id='line_1_113' title="bbox 583 5524 2076 5603; baseline 0.001 -20"><span class='ocrx_word' id='word_1_841' title='bbox 583 5531 602 5603; x_wconf 67' lang='grc' dir='ltr'><em>ς</em></span> <span class='ocrx_word' id='word_1_842' title='bbox 613 5527 702 5595; x_wconf 83' lang='grc'><strong>89)</strong></span> <span class='ocrx_word' id='word_1_843' title='bbox 728 5526 839 5603; x_wconf 75' lang='grc' dir='ltr'><strong>Κᾳὶ</strong></span> <span class='ocrx_word' id='word_1_844' title='bbox 865 5524 1093 5595; x_wconf 81' lang='grc' dir='ltr'>τρωκτὰ</span> <span class='ocrx_word' id='word_1_845' title='bbox 1135 5525 1573 5603; x_wconf 53' lang='grc' dir='ltr'>ἀκροδρύῳκβ</span> <span class='ocrx_word' id='word_1_846' title='bbox 1597 5526 1920 5603; x_wconf 73' lang='lat' dir='ltr'><strong>glossemate</strong></span> <span class='ocrx_word' id='word_1_847' title='bbox 1952 5544 2076 5603; x_wconf 81' lang='lat' dir='ltr'><strong>esse</strong></span> 
     </span>
    </p>
   </div>
   <div class='ocr_carea' id='block_1_114' title="bbox 2192 5524 3327 5603">
    <p class='ocr_par' dir='ltr' id='par_1_114' title="bbox 2192 5529 3327 5603">
     <span class='ocr_line' id='line_1_114' title="bbox 2192 5529 3327 5603; baseline 0.004 -19"><span class='ocrx_word' id='word_1_848' title='bbox 2192 5530 2297 5603; x_wconf 79' lang='lat' dir='ltr'><strong>sive</strong></span> <span class='ocrx_word' id='word_1_849' title='bbox 2336 5529 2549 5603; x_wconf 72' lang='lat' dir='ltr'><strong>fructus</strong></span> <span class='ocrx_word' id='word_1_850' title='bbox 2572 5545 2761 5586; x_wconf 92' lang='lat' dir='ltr'><strong>omnes</strong></span> <span class='ocrx_word' id='word_1_851' title='bbox 2780 5531 2992 5603; x_wconf 80' lang='lat' dir='ltr'><strong>lignoso</strong></span> <span class='ocrx_word' id='word_1_852' title='bbox 3024 5534 3327 5603; x_wconf 88' lang='lat' dir='ltr'><strong>putamine.</strong></span> 
     </span>
    </p>
   </div>
   <div class='ocr_carea' id='block_1_115' title="bbox 511 5597 2074 5669">
    <p class='ocr_par' dir='ltr' id='par_1_115' title="bbox 511 5597 2074 5669">
     <span class='ocr_line' id='line_1_115' title="bbox 511 5597 2074 5669; baseline 0.001 -17"><span class='ocrx_word' id='word_1_853' title='bbox 511 5598 729 5669; x_wconf 82' lang='lat' dir='ltr'><strong>videtur</strong></span> <span class='ocrx_word' id='word_1_854' title='bbox 758 5598 1019 5669; x_wconf 74' lang='lat' dir='ltr'><strong>alterutra</strong></span> <span class='ocrx_word' id='word_1_855' title='bbox 1038 5612 1159 5651; x_wconf 82' lang='lat' dir='ltr'><strong>vox.</strong></span> <span class='ocrx_word' id='word_1_856' title='bbox 1185 5597 1417 5669; x_wconf 81' lang='grc' dir='ltr'>Τρωκτὰ</span> <span class='ocrx_word' id='word_1_857' title='bbox 1438 5597 1583 5651; x_wconf 90' lang='lat' dir='ltr'><strong>enim</strong></span> <span class='ocrx_word' id='word_1_858' title='bbox 1613 5597 1905 5669; x_wconf 84' lang='lat' dir='ltr'><strong>idemsunt</strong></span> <span class='ocrx_word' id='word_1_859' title='bbox 1930 5599 2074 5669; x_wconf 91' lang='lat' dir='ltr'><strong>quod</strong></span> 
     </span>
    </p>
   </div>
   <div class='ocr_carea' id='block_1_116' title="bbox 2255 5599 3771 5672">
    <p class='ocr_par' dir='ltr' id='par_1_116' title="bbox 2255 5599 3771 5672">
     <span class='ocr_line' id='line_1_116' title="bbox 2255 5599 3771 5672; baseline -0.001 -17"><span class='ocrx_word' id='word_1_860' title='bbox 2255 5601 2366 5668; x_wconf 80' lang='lat'><strong>(90)</strong></span> <span class='ocrx_word' id='word_1_861' title='bbox 2420 5600 2514 5667; x_wconf 85' lang='grc' dir='ltr'>Ὡς</span> <span class='ocrx_word' id='word_1_862' title='bbox 2582 5604 2654 5655; x_wconf 84' lang='grc' dir='ltr'>οὐ</span> <span class='ocrx_word' id='word_1_863' title='bbox 2696 5599 2986 5672; x_wconf 72' lang='grc' dir='ltr'>λογῐζεται</span> <span class='ocrx_word' id='word_1_864' title='bbox 3026 5599 3252 5657; x_wconf 82' lang='grc' dir='ltr'>“τοῦτο.</span> <span class='ocrx_word' id='word_1_865' title='bbox 3318 5602 3551 5672; x_wconf 83' lang='lat' dir='ltr'><strong>Corrigo</strong></span> <span class='ocrx_word' id='word_1_866' title='bbox 3604 5600 3771 5669; x_wconf 77' lang='grc' dir='ltr'>λυγί-</span> 
     </span>
    </p>
   </div>
   <div class='ocr_carea' id='block_1_117' title="bbox 513 5667 2090 5739">
    <p class='ocr_par' dir='ltr' id='par_1_117' title="bbox 513 5667 2073 5739">
     <span class='ocr_line' id='line_1_117' title="bbox 513 5667 2073 5739; baseline 0.001 -20"><span class='ocrx_word' id='word_1_867' title='bbox 513 5667 807 5739; x_wconf 72' lang='grc' dir='ltr'>ᾴκρόδρυα.</span> <span class='ocrx_word' id='word_1_868' title='bbox 849 5667 1055 5739; x_wconf 67' lang='lat' dir='ltr'><strong>_Suida}</strong></span> <span class='ocrx_word' id='word_1_869' title='bbox 1103 5668 1305 5739; x_wconf 82' lang='lat' dir='ltr'><strong>quippe</strong></span> <span class='ocrx_word' id='word_1_870' title='bbox 1332 5668 1674 5739; x_wconf 12' lang='grc' dir='ltr'>τᾲίλκατακτὰ</span> <span class='ocrx_word' id='word_1_871' title='bbox 1710 5667 1818 5721; x_wconf 81' lang='grc' dir='ltr'>τῶν</span> <span class='ocrx_word' id='word_1_872' title='bbox 1844 5667 2073 5739; x_wconf 75' lang='grc' dir='ltr'>ὀπώρῶν</span> 
     </span>
    </p>
   </div>
   <div class='ocr_carea' id='block_1_118' title="bbox 2192 5667 3769 5739">
    <p class='ocr_par' dir='ltr' id='par_1_118' title="bbox 2192 5667 3769 5738">
     <span class='ocr_line' id='line_1_118' title="bbox 2192 5667 3769 5738; baseline 0.004 -16"><span class='ocrx_word' id='word_1_873' title='bbox 2192 5667 2351 5735; x_wconf 77' lang='grc' dir='ltr'>ζεται.</span> <span class='ocrx_word' id='word_1_874' title='bbox 2394 5672 2548 5738; x_wconf 88' lang='lat' dir='ltr'><strong>Quod</strong></span> <span class='ocrx_word' id='word_1_875' title='bbox 2579 5673 2643 5727; x_wconf 88' lang='lat' dir='ltr'><strong>ad</strong></span> <span class='ocrx_word' id='word_1_876' title='bbox 2669 5667 3010 5731; x_wconf 80' lang='lat' dir='ltr'><strong>inﬂexionem</strong></span> <span class='ocrx_word' id='word_1_877' title='bbox 3036 5674 3188 5731; x_wconf 90' lang='lat' dir='ltr'><strong>vocis</strong></span> <span class='ocrx_word' id='word_1_878' title='bbox 3233 5682 3287 5730; x_wconf 89' lang='lat' dir='ltr'><strong>et</strong></span> <span class='ocrx_word' id='word_1_879' title='bbox 3322 5667 3769 5729; x_wconf 75' lang='lat' dir='ltr'><strong>modulationem</strong></span> 
     </span>
    </p>
   </div>
   <div class='ocr_carea' id='block_1_119' title="bbox 513 5731 2079 5808">
    <p class='ocr_par' dir='ltr' id='par_1_119' title="bbox 513 5731 2079 5808">
     <span class='ocr_line' id='line_1_119' title="bbox 513 5731 2079 5808; baseline 0.001 -16"><span class='ocrx_word' id='word_1_880' title='bbox 513 5731 793 5802; x_wconf 76' lang='lat' dir='ltr'><strong>dicuntur,</strong></span> <span class='ocrx_word' id='word_1_881' title='bbox 822 5731 931 5808; x_wconf 74' lang='grc' dir='ltr'>οἷον</span> <span class='ocrx_word' id='word_1_882' title='bbox 981 5731 1179 5807; x_wconf 72' lang='grc' dir='ltr'>κάρυα,</span> <span class='ocrx_word' id='word_1_883' title='bbox 1200 5731 1307 5790; x_wconf 76' lang='grc' dir='ltr'>’καὶ</span> <span class='ocrx_word' id='word_1_884' title='bbox 1352 5736 1570 5806; x_wconf 74' lang='grc' dir='ltr'>βάλανοι</span> <span class='ocrx_word' id='word_1_885' title='bbox 1592 5754 1606 5768; x_wconf 71' lang='grc' dir='ltr'><strong>ο</strong></span> <span class='ocrx_word' id='word_1_886' title='bbox 1642 5754 1810 5795; x_wconf 88' lang='lat' dir='ltr'><strong>nuces</strong></span> <span class='ocrx_word' id='word_1_887' title='bbox 1843 5731 2079 5807; x_wconf 70' lang='lat' dir='ltr'><strong>scilicet,</strong></span> 
     </span>
    </p>
   </div>
   <div class='ocr_carea' id='block_1_120' title="bbox 2189 5742 2404 5798">
    <p class='ocr_par' dir='ltr' id='par_1_120' title="bbox 2189 5742 2404 5798">
     <span class='ocr_line' id='line_1_120' title="bbox 2189 5742 2404 5798; baseline 0.005 -3"><span class='ocrx_word' id='word_1_888' title='bbox 2189 5742 2404 5798; x_wconf 84' lang='lat' dir='ltr'><strong>attinet.</strong></span> 
     </span>
    </p>
   </div>
  </div>
