4014 6244
276 303 417 360 1549

1380 299 1764 357 EPISTOL/E.
1794 333 1863 345 —
1904 301 2127 359 EPIST.
2168 260 2424 361 cxux.‘

3388 310 3529 373 £550

274 436 388 481 ται,
440 421 558 482 ταῖς
611 421 942 489 κατανομαῖς
986 420 1207 491 εἰρήνην
1255 418 1452 477 ποιῶν,
1514 424 1608 471 καὶ
1641 418 1857 489 εὐωχῶν

1963 421 2633 478 dulationislnllexionem
2669 438 2778 479 non
2832 424 3048 495 recipit,
3098 440 3199 481 nec
3242 428 3311 481 ad
3366 444 3531 485 omne

272 511 423 583 ἡμᾶς
451 502 709 583 πανδεσίᾳ
734 511 909 583 κρεῶν
932 528 947 542 '
972 513 1006 583 ἧ
1034 529 1093 565 τε
1128 511 1469 581 διδυμοτόκος
1498 512 1600 575 δῖς,
1622 509 1720 565 ούκ
1749 514 1849 565 ἀπ-

275 599 522 667 αξιοῦται
553 600 652 670 τῆς
685 600 875 672 λύρας.
910 601 992 654 ὅτι
1017 598 1186 653 πλείω
1209 599 1317 653 τῶν
1345 600 1481 653 ἐτῶν
1503 600 1760 672 ἐκτρέφει
1786 601 1854 653 τὰ

274 692 477 761 ἔγγονα
503 707 518 723 ’
551 692 652 763 τὴν
683 691 741 745 δὲ
768 688 983 764 ’κράδην
1015 692 1193 763 θαμὰ.
1238 692 1333 746 καὶ
1363 693 1462 763 τὴν
1495 693 1739 764 ἄμπελον
1766 694 1853 747 ὲν-

271 784 549 849 τείναντες
571 784 866 856 ψάλλομεν.
926 785 1092 839 Οὐδὲν
1137 785 1193 838 δὲ
1238 782 1361 839 ὅσον
1391 782 1548 857 εὐχαί
1575 802 1740 853 τινες,
1775 780 1855 839 ἔτι

272 894 335 930 τε
354 875 526 949 ᾇσμα.
552 879 643 931 καὶ
669 879 911 948 αἰτήσεις
936 877 1159 946 ἀγαθῶν
1180 875 1506 948 ἀνθρώποις,
1526 878 1620 931 καὶ
1645 879 1853 947 φυτοῖς,

274 972 372 1026 καὶ
413 970 607 1040 βοτοῖς.
657 970 843 1025 Ταῦτά
883 988 967 1024 σοι
1021 972 1118 1025 καὶ
1157 970 1226 1025 τὰ
1269 970 1493 1024 τοιαῦτα
1540 967 1673 1041 παρ’
1725 969 1857 1042 ήμῖν

274 1064 438 1132 ὥρια.
466 1064 560 1118 καὶ
587 1065 808 1137 ἀρχαῖα,
841 1065 931 1119 καὶ
970 1066 1220 1137 πενήτων
1251 1062 1451 1133 ἀγαθά.
1490 1064 1753 1128 Βασιλεὺς
1779 1064 1856 1129 δὲ,

272 1157 373 1211 καὶ
413 1155 677 1226 βασιλέως
709 1158 893 1226 φίλοι,
937 1158 1033 1211 καὶ
1084 1156 1335 1228 δαίμονος
1362 1158 1622 1229 όρχησις,
1676 1151 1763 1210 οἷα
1794 1156 1859 1227 δὴ

275 1249 550 1313 συνιόντες
573 1248 865 1320 ἀκούομεν,
885 1250 1126 1321 ὀνόματά
1155 1268 1276 1306 τινα
1307 1251 1558 1325 καθάπερ
1583 1251 1640 1305 αἱ
1662 1249 1860 1319 φλόγες

272 1342 371 1394 ἐπὶ
420 1342 561 1412 μέγα
607 1343 707 1413 τῆς
757 1342 915 1413 δόξης
963 1343 1307 1415 έξαπτόμενα
1346 1344 1441 1397 καὶ
1489 1342 1857 1412 σϐεννύμενα*

269 1433 448 1487 ταῦτα
472 1433 631 1503 δεῦρο
657 1434 916 1498 ἐπιεικῶς
941 1436 1193 1504 σιγᾶται,
1212 1436 1308 1489 καὶ
1330 1433 1492 1506 σχολὴ
1519 1436 1638 1498 ταῖς
1668 1434 1859 1495 ἀκοαῖς

269 1522 530 1576 τοιούτων
568 1524 954 1595 ἀκροαμάτων.
1026 1524 1179 1578 Ἐπεὶ
1208 1522 1302 1578 καὶ
1345 1524 1618 1595 βασιλεὺς.
1647 1522 1728 1577 ὅτι
1760 1521 1859 1596 μὲν

271 1615 341 1687 ζῇ
371 1634 454 1679 τις
482 1617 587 1680 ἀεὶ,
618 1616 760 1669 τοῦτ’
792 1618 922 1682 (om;
947 1617 1267 1672 ἐπίστανται
1288 1617 1475 1687 σαφῶς
1500 1632 1513 1646 ·
1545 1613 1858 1688 ὑπομιμνη-

271 1709 519 1778 σκόμεθα
538 1709 646 1781 γὰρ
668 1708 813 1763 ἅπαν
835 1710 955 1764 κατ’
978 1710 1097 1775 ἔτος
1122 1709 1227 1764 ὑπὸ
1248 1711 1356 1764 τῶν
1380 1709 1708 1779 ἐκλεγόντων
1732 1711 1859 1775 τοὺς

271 1800 691 1871 φ’όρουςέΌστις
711 1801 768 1855 δὲ
787 1793 942 1866 οὗτός
959 1803 1127 1866 ἐστιν,
1140 1804 1200 1856 οὐ
1222 1803 1365 1875 μάλα
1382 1801 1461 1856 ἔτι
1479 1799 1637 1856 τοῦτο
1658 1803 1862 1872 σαφῶς.

285 1890 427 1944 Ἀλλ’
444 1890 549 1945 εξσί
576 1909 718 1956 τινες
737 1894 794 1945 ἐν
822 1894 975 1965 ἡμῖν,
996 1892 1046 1947 οἳ
1069 1892 1229 1965 μέχρι
1251 1893 1347 1948 καὶ
1367 1893 1460 1946 νῦν
1474 1893 1853 1964 Ἀγαμέμνονα

270 1986 498 2053 κρατεῖν
520 1984 751 2055 ἥγηνται
796 1983 886 2038 τὸν
928 1984 1207 2054 Ἀτρείδην
1229 2024 1243 2047 ,
1272 1984 1361 2039 τὸν
1387 1983 1480 2038 ἐπὶ
1506 1983 1731 2055 Τροίαν,
1761 1983 1853 2037 τὸν

277 2074 426 2145 μάλα
452 2074 615 2129 καλόν
639 2089 700 2128 τε
728 2075 825 2130 καὶ
848 2075 1072 2144 ἀγαθόν.
1108 2075 1278 2130 Τοῦτο
1309 2076 1417 2148 γὰρ
1448 2075 1702 2130 παιδὸθεν
1721 2077 1853 2147 ἡμῖν

270 2165 352 2229 ὡς
392 2165 668 2235 βασιλικὸν
714 2166 1072 2237 παραδέδοται
1119 2165 1375 2238 τοῦνομα.
1437 2165 1547 2221 Καὶ
1597 2165 1854 2220 Ὀδυσσέα

264 2259 400 2314 τινὰ
448 2259 601 2330 φίλον
642 2259 809 2315 αὑτοῦ
838 2259 1197 2331 ὀνομάζουσιν
1234 2259 1284 2312 οἱ
1325 2258 1552 2330 χρηστοὶ
1585 2257 1851 2329 βουκόλοι,

274 2352 554 2425 φαλακρὸν
587 2352 686 2425 μὲν
706 2353 1010 2425 ἄνθρωπον,
1031 2352 1167 2407 ἀλλὰ
1192 2352 1363 2407 δεινὸν
1392 2348 1650 2423 ὁμιλῆσαι
1677 2352 1856 2424 πράγ-

277 2461 437 2514 μασι,
490 2445 583 2498 κα)⁵
629 2444 796 2517 πόρον
837 2447 893 2498 ὲν
927 2444 1231 2515 ἀμηχάνοις
1261 2446 1458 2517 εὑρεῖν.
1513 2443 1727 2515 Ἀμέλει
1760 2460 1853 2512 γε-

271 2535 465 2600 λῶσιν,
500 2537 628 2590 ὅταν
656 2537 786 2609 περὶ
804 2534 970 2590 αὐτοῦ
1013 2537 1243 2605 λέγωσιν
1262 2575 1277 2600 ,
1308 2535 1600 2607 ήγούμενοι
1626 2534 1855 2607 πέρυσιν

273 2627 718 2698 ὲκτετυφλῶσθαι
755 2625 846 2683 τὸν
876 2626 1157 2683 Κύκλωπα
1178 2644 1192 2659 ·
1247 2628 1343 2681 καὶ
1383 2627 1458 2693 ὡς
1506 2624 1717 2681 εἵλκετο
1758 2626 1856 2698 μὲν

274 2719 387 2774 ὑπὸ
407 2719 484 2790 τῷ
511 2719 650 2793 κριῷ
672 2718 732 2774 τὸ
756 2720 1034 2792 γερόντιον
1059 2735 1073 2752 ⁸
1106 2721 1168 2775 τὸ
1190 2720 1247 2775 δὲ
1274 2719 1535 2793 κάθαρμα
1563 2720 1661 2791 τὴν
1686 2718 1857 2791 θύραν

273 2812 487 2883 δτήρει,
518 2812 610 2866 καὶ
639 2813 894 2883 οὐραγεϊν
913 2812 1049 2884 ᾤετο
1080 2812 1173 2867 τὸν
1197 2810 1444 2884 ἡγεμόνα
1466 2814 1566 2883 τῆς
1599 2811 1853 2882 ποίμνης,

275 2901 382 2955 οὐκ
402 2902 696 2974 ἀχθόμενον
714 2903 793 2976 τῷ
820 2904 1046 2976 φορτίῳ,
1072 2906 1139 2977 τῇ
1164 2901 1224 2959 δὲ
1250 2903 1412 2961 αὑτοῦ
1449 2904 1705 2976 συμφορᾷ
1732 2920 1858 2957 συν-

275 2993 596 3064 αχθόμενον.
648 2992 864 3063 Ἐγὲνου
897 2993 1069 3066 βραχύ
1102 3011 1155 3048 τι
1180 2995 1267 3049 διὰ
1297 2997 1395 3066 τῆς
1419 2993 1710 3065 ἐπιπολῆς
1738 2993 1857 3066 μεθ’

1956 528 2129 583 genus
2159 521 2244 568 est
2276 514 2427 568 vocls
2463 520 2790 584 temperata.
2818 514 2917 569 Cui
2944 515 3164 581 quidem
3193 516 3379 571 fidium
3402 518 3532 574 sime

1958 601 2186 674 plicitati
2225 605 2262 659 ii
2294 604 2385 674 qni
2449 605 2705 660 accinnnt
2762 608 3181 662 accommodant
3219 618 3371 665 “sese.
3410 609 3532 671 Non

1956 698 2101 751 enim
2155 696 2322 752 fracta
2381 711 2445 752 ac
2501 699 2687 753 mollia
2736 707 3061 769 argumenta
3114 686 3387 770 tractant;
3435 703 3533 759 sed

1958 786 2218 857 praeclara
2250 787 2412 844 nobis
2442 791 2715 845 cantionis
2746 791 2957 861 species
2976 800 3059 848 est
3088 792 3319 847 masculi
3345 796 3535 853 arietis

1961 880 2324 947 praeconium,
2358 890 2450 935 aut
2493 882 2667 937 cauda
2719 883 3006 940 mutilatus
3046 885 3202 940 canis
3245 886 3403 942 laude
3436 903 3535 943 sua

1959 969 2216 1038 afﬁcitur,
2249 972 2397 1043 quod
2430 974 2649 1043 Opinor,
2679 974 2879 1030 merito
2907 973 2963 1029 id
3000 975 3053 1030 ei
3108 974 3407 1043 tribuatur,
3440 982 3531 1049 qui

1959 1078 2061 1117 nec
2100 1063 2318 1134 hyaenas
2349 1062 2623 1132 formidet,
2651 1076 2704 1121 et
2733 1066 2890 1136 lupos
2925 1067 3275 1138 strangulet:
3303 1083 3369 1123 ac
3394 1085 3535 1139 pra:-

1962 1156 2150 1210 sertim
2182 1166 2409 1211 venator
2441 1172 2506 1211 eo
2541 1158 2787 1213 carmine
2812 1158 3141 1226 celebratur,
3191 1160 3416 1229 pascuis
3451 1176 3536 1218 se-

1960 1246 2249 1301 curitatem
2285 1262 2583 1320 pacemque
2618 1250 2958 1317 concilians;
2990 1251 3259 1322 nobisque
3287 1250 3535 1307 carnium

1962 1342 2184 1410 generis
2224 1342 2406 1396 omnis
2434 1343 2729 1411 opiparum
2770 1341 3085 1405 convivium
3120 1344 3391 1412 pra°bens.
3430 1344 3541 1399 Nec

1961 1430 2313 1501 gemellipara
2343 1432 2462 1487 ovis
2493 1446 2522 1487 a
2555 1431 2670 1502 lyra
2698 1431 2968 1500 rejicitur,
3001 1432 3149 1503 quod
3192 1435 3541 1489 numerosio-

1962 1533 2077 1574 rem
2130 1520 2291 1575 annis
2326 1519 2497 1575 fetum
2546 1522 2808 1575 enutriat.
2843 1521 2998 1592 Saepe
3036 1523 3203 1578 etiam
3251 1524 3413 1578 ficum
3444 1532 3542 1580 aut

1963 1608 2128 1665 vitem
2158 1608 2212 1665 in
2244 1623 2505 1667 numeros
2552 1627 2857 1683 versusque
2897 1614 3201 1683 conjectam
3248 1617 3541 1682 canimus;

1965 1702 2059 1758 sed
2091 1702 2231 1756 nihil
2255 1713 2363 1757 tam
2394 1703 2657 1774 frequens
2700 1719 2864 1775 quam
2908 1714 3032 1760 vota
3076 1706 3366 1776 quaedam,
3420 1723 3544 1764 nec-

1897 1813 1939 1867 Β
1968 1810 2078 1849 non
2095 1803 2149 1851 et
2165 1794 2461 1863 canticum,
2483 1803 2537 1851 et
2554 1793 2821 1853 bonorum
2844 1797 3262 1866 postulationes,
3277 1815 3400 1871 quae
3414 1816 3540 1856 cum

1959 1886 2243 1941 hominum
2282 1888 2415 1951 sint,
2457 1897 2571 1942 tum
2597 1887 2850 1959 stirpium
2883 1890 3266 1962 pecudumque
3291 1895 3538 1964 propria.

1934 1970 1935 1973 “
1969 1975 2096 2033 Hac
2116 1987 2173 2033 et
2193 1978 2321 2032 talia
2345 1987 2477 2034 sunt
2495 1981 2640 2050 apud
2661 1995 2764 2036 nos
2790 1983 3109 2053 tempestiva
3128 1983 3366 2040 simulet
3393 1986 3539 2040 anti-

1954 2084 2088 2141 qua,
2116 2078 2169 2126 et
2184 2085 2484 2142 pauperum
2507 2072 2677 2128 bona.
2698 2073 2970 2130 Caeterum
2986 2076 3544 2148 imperator,etimpe.

1958 2163 2156 2219 ratoris
2172 2163 2356 2231 amici,
2375 2173 2542 2235 atque
2562 2166 2744 2223 omnis
2775 2167 2868 2222 illa
2896 2169 3064 2223 sortis
3082 2184 3354 2241 casusque
3370 2171 3540 2227 veluti

1957 2254 2174 2310 saltatio
2186 2247 2521 2327 (cujusmodi
2544 2257 2598 2312 in
2615 2258 2937 2329 quotidiana
2957 2262 3355 2318 consuetudine
3372 2263 3542 2319 nomi-

1953 2362 2026 2402 na
2051 2347 2300 2418 quaedam
2327 2350 2604 2416 audimus,
2622 2350 2964 2406 flammarum
2987 2353 3165 2409 instar
3182 2355 3249 2409 ad
3267 2367 3541 2412 summum

1956 2440 2145 2511 gloria:
2180 2441 2417 2497 excitata
2464 2441 2769 2514 fastigium,
2797 2440 3158 2515 vicissimque
3208 2446 3542 2518 restincta),

1956 2530 2024 2589 de
2038 2532 2405 2604 his,inquam,
2434 2536 2693 2592 omnibus
2725 2536 2896 2591 altum
2922 2535 3066 2607 apud
3104 2553 3207 2594 nos
3238 2540 3542 2609 silentium,

1957 2626 2097 2682 etab
2116 2640 2183 2682 eo
2208 2642 2407 2698 genere
2435 2637 2809 2684 acroamatum
2835 2644 2997 2686 aures
3024 2640 3225 2687 nostra:
3250 2630 3540 2689 feriantur.

1960 2715 2171 2773 Etenim
2203 2718 2589 2789 imperatorem
2620 2735 2837 2790 semper
2866 2721 3103 2793 aliquem
3138 2723 3343 2791 vivere,
3370 2724 3545 2795 probe

1960 2810 2065 2865 hoc
2091 2810 2347 2867 fortassis
2368 2821 2571 2868 norunt
2604 2831 2618 2868 :
2652 2820 2946 2869 revocatur
2966 2814 3115 2869 enim
3140 2814 3301 2872 nobis
3329 2814 3387 2871 in
3423 2831 3540 2872 me-

1959 2898 2192 2953 moriam
2223 2900 2386 2955 annis
2420 2899 2654 2972 singulis
2689 2901 2759 2955 ab
2782 2901 3116 2957 tributorum
3161 2904 3541 2961 exactoribus.

1960 2989 2224 3056 Quisnam
2265 2997 2447 3046 autem
2477 2990 2569 3046 ille
2598 2992 2692 3055 sit,
2740 3006 2851 3047 non
2886 3006 3040 3062 aeque
3094 2993 3242 3051 istud
3290 3004 3549 3052 accurate

276 3084 442 3158 ἡμῶν
464 3087 531 3156 τῇ
560 3084 751 3157 γνώμῃ
778 3103 792 3118 ν
838 3086 1090 3141 τεθέασαι
1115 3086 1208 3141 τὸν
1244 3086 1446 3159 ἀγρόν·
1482 3082 1621 3151 εἶδες
1651 3086 1857 3159 ἀπλόην

1962 3081 2171 3138 sciunt.
2231 3080 2342 3138 Nec
2388 3082 2590 3139 desunt
2620 3083 2764 3141 inter
2793 3099 2895 3141 nos
2921 3084 3016 3157 qui
3072 3085 3346 3158 hodieque
3398 3088 3548 3161 Aga-

280 3176 695 3248 πολιτευμάτων
713 3193 726 3207 ·
743 3177 833 3231 τὸν
858 3178 951 3232 ἐπὶ
967 3177 1091 3233 Νῶε
1116 3177 1228 3249 βίον
1253 3180 1418 3250 ἐρεῖς,
1451 3180 1583 3251 πρὶν
1610 3178 1857 3248 γενέσθαι

1968 3190 2311 3232 memnonem
2367 3178 2640 3248 imperare
2692 3186 2886 3249 putent
2938 3179 3086 3235 Atrei
3140 3180 3333 3247 filium,
3379 3181 3549 3253 288

280 3268 383 3340 τὴν
406 3268 561 3341 δίκην
591 3271 649 3323 ὲν
671 3268 904 3342 δουλείᾳ.

1978 3284 2101 3323 eum
2141 3270 2236 3339 qui
2267 3270 2335 3325 ad
2368 3267 2590 3341 Trojam
2620 3270 2904 3340 profectus
2927 3267 3049 3337 est,
3077 3273 3357 3343 egregium
3391 3273 3547 3328 illum

295 3368 465 3430 atque
493 3361 758 3432 optimum
788 3362 1115 3433 principem.
1141 3359 1256 3417 Hoc
1283 3363 1425 3418 enim
1448 3370 1708 3433 tanquam
1734 3361 1943 3433 regium
1971 3375 2173 3415 nomen
2206 3375 2238 3415 a
2266 3362 2501 3432 pueritia
2524 3362 2687 3418 nobis
2709 3363 2969 3418 traditum
2995 3374 3098 3419 est.
3120 3361 3295 3434 IIujus
3308 3364 3547 3420 amicum

286 3451 543 3525 Ulyssem
573 3455 864 3526 quemdam
901 3455 1189 3510 nominant
1220 3455 1412 3527 optimi
1445 3454 1687 3521 bubulci,
1729 3456 1946 3511 calvum
1978 3454 2275 3524 hominem,
2299 3455 2394 3511 sed
2431 3470 2615 3511 rerum
2647 3456 2980 3526 agendarum
3019 3470 3083 3511 ac
3102 3453 3546 3512 diﬁicillimorum

284 3561 633 3618 quorumque
654 3546 1117 3619 expediendorum
1138 3547 1570 3618 peritum.Certe
1588 3548 1734 3604 enim
1760 3549 1962 3616 rident,
1976 3563 2102 3605 cum
2126 3548 2194 3603 de
2219 3547 2340 3619 ipso
2361 3556 2611 3612 narrant,
2632 3562 2778 3601 anno
2798 3548 3079 3617 superiore
3096 3555 3426 3603 excaecatum
3440 3547 3547 3621 Cy-

293 3643 506 3713 clopem
530 3651 786 3715 putantes
804 3686 820 3710 ,
846 3654 900 3699 et
923 3642 1384 3714 quemadmodum
1415 3643 1522 3701 sub
1549 3644 1724 3700 ariete
1751 3660 1922 3702 senex
1945 3644 2303 3719 trahebatur;
2336 3644 2402 3699 ad
2419 3642 2644 3715 januam
2672 3644 2939 3699 scelestus
2962 3643 3314 3711 observabat,
3336 3647 3430 3716 qui
3452 3644 3546 3700 du-

288 3749 408 3789 cem
434 3736 615 3807 gregis
634 3735 1008 3790 arbitrabatur
1034 3750 1142 3792 non
1176 3750 1344 3792 onere
1371 3746 1793 3807 pra-gravatum,
1821 3736 1919 3793 sed
1945 3736 2122 3808 ipsius
2143 3735 2421 3791 dolentem
2450 3733 2776 3798 infortunio,
2810 3748 3004 3805 agmen
3042 3733 3318 3791 claudere.
3347 3734 3547 3790 Paulu-

302 3830 415 3885 lum
454 3831 639 3885 animo
671 3829 957 3885 nobiscum
991 3830 1236 3901 epistolae
1263 3829 1532 3886 beneficio
1559 3830 1740 3899 fuisti;
1771 3846 1963 3903 agrum
1993 3830 2396 3901 contemplatus
2425 3843 2522 3896 es;
2554 3828 2774 3884 vivendi
2802 3829 3109 3901 agendique
3137 3829 3544 3901 simplicitatem

300 3925 511 3982 vidisti.
551 3924 682 3982 Tale
713 3925 840 3981 vita:
856 3940 1029 3996 genus
1052 3916 1175 3983 esse
1208 3926 1441 3995 dixeris,
1468 3927 1630 3998 quale
1660 3927 1765 3982 sub
1803 3925 1917 3983 Noe
1944 3926 2176 3993 exstitit,
2210 3934 2504 3997 antequam
2529 3925 2768 3982 servitus
2803 3924 2857 3979 in
2888 3934 3104 3995 poenam
3139 3923 3379 3981 cederet.

784 4058 1129 4113 ΕΠΙΣἸῸΔΗ
1183 4058 1364 4112 PMH’.

942 4154 1025 4237 Τῷ
1049 4169 1228 4236 αὐτῷ.

363 4264 526 4337 Ἦμίν
548 4266 633 4320 ἀεὶ
662 4265 754 4320 καὶ
778 4263 935 4318 ἀπὼν
966 4263 1252 4334 ὲπιδημεῖς
1272 4266 1339 4335 τῇ
1372 4264 1583 4337 μνήμῃ.
1616 4265 1725 4318 Καὶ
1752 4264 1861 4336 γὰρ

291 4358 405 4415 οὐδ’
430 4359 497 4414 ἂν
527 4361 576 4413 εί
599 4358 740 4413 πάνυ
765 4356 1179 4429 βουληθείημεν,
1212 4355 1562 4410 ἐπιλαθέσθαι
1588 4356 1864 4429 δυνάμεθα

286 4449 391 4522 τῆς
424 4450 765 4519 γλυκυτάτης
812 4465 906 4502 σου
944 4447 1123 4518 ψυχῆς
1143 4485 1159 4510 ,
1220 4446 1314 4501 καὶ
1357 4446 1466 4500 τῶν
1514 4446 1866 4501 ἁδολωτάτων

2426 4059 2762 4115 EPIS'I‘OLA
2791 4056 3070 4114 CXLVIII.

2658 4172 2868 4229 Eidem.

2021 4258 2194 4317 Nobis
2209 4261 2371 4317 etiam
2385 4262 2587 4318 absens
2601 4277 2819 4332 semper
2830 4262 2886 4316 in
2904 4261 3166 4317 memoria
3183 4258 3546 4315 versaris.Ne-

1968 4365 2076 4421 que
2088 4352 2259 4416 enim,
2278 4359 2338 4406 ut
2359 4353 2593 4409 maxime
2612 4351 2866 4415 velimus,
2886 4352 3271 4407 suavissimum
3295 4350 3541 4405 animum

1973 4451 2128 4499 tuum
2176 4460 2465 4516 moresque
2490 4444 2901 4501 sincerissimos
2924 4443 3175 4499 oblivisci
3222 4458 3541 4515 possumus.

288 4538 460 4611 ἠθῶν,
490 4540 683 4609 ἀδελφέ
718 4540 804 4593 διὰ
854 4539 1031 4594 πάντα
1064 4537 1356 4608 θαυμάσιε.
1422 4538 1512 4601 Ὠς
1537 4538 1689 4592 οὐδὲν
1713 4537 1778 4591 ἂν
1809 4539 1857 4590 ἐν

1970 4533 2143 4591 frater
2180 4536 2235 4591 in
2266 4538 2524 4594 omnibus
2550 4537 2896 4603 admirande;
2930 4534 3376 4607 quandoquidem
3406 4536 3541 4590 nihil

289 4635 423 4705 ἡμῖν
464 4633 671 4701 γένοιτο
700 4632 798 4701 τῆς
835 4632 964 4702 περὶ
999 4630 1060 4683 σὲ
1106 4632 1327 4701 μνήμης
1364 4630 1681 4702 ἱερώτερον,
1741 4630 1864 4703 ήτὸ

288 4724 455 4779 πάλιν
498 4721 930 4794 περιπτύξασθαι
969 4722 1067 4793 τὴν
1114 4720 1417 4793 σεδασμίαν
1451 4739 1543 4775 σου
1579 4722 1821 4793 κεφαλήν
1844 4737 1860 4751 ⁸

288 4816 321 4871 ὃ
349 4815 467 4886 δοίη
489 4816 618 4868 ποτὲ
646 4813 807 4877 Θεὸς,
859 4815 954 4868 καὶ
998 4814 1218 4884 ἥδοιμέν
1260 4831 1346 4879 σε,
1395 4815 1491 4867 καὶ
1530 4813 1863 4885 ἀκούσαιμέν

291 4924 389 4962 σου
418 4907 515 4979 τῆς
564 4907 788 4978 ἡδίστης
829 4906 937 4959 τῶν
968 4906 1143 4976 λόγων
1171 4904 1358 4976 ἠχοῦς.
1416 4898 1595 4967 Ἦσας
1626 4905 1683 4958 δὲ
1717 4903 1864 4975 ἡμᾶς

290 5000 387 5054 καὶ
412 4994 493 5063 οἷς
521 4997 870 5059 ἀπέστειλας,
900 4997 1113 5051 ἅπαντα
1139 4996 1247 5068 γὰρ
1270 4994 1665 5066 ὲκομισάμεθα.
1696 4996 1863 5049 Πλέον

288 5091 349 5147 δὲ
374 5092 600 5161 ἡνίασας
622 5092 766 5161 ήμᾶς
794 5089 873 5161 τῷ
897 5088 1163 5160 λογισμῷ,
1180 5088 1278 5159 τῷ,
1297 5087 1449 5142 ποίου
1473 5087 1615 5151 τίνος
1645 5087 1863 5159 ἑταίρου

290 5182 495 5246 ζῶντος
528 5180 729 5246 ζῶντες
760 5180 1105 5253 στεροίμεθα.
1154 5177 1335 5233 Ἔλθοι
1360 5178 1423 5249 δή
1458 5192 1585 5231 ποτε
1613 5178 1708 5232 καὶ
1741 5196 1864 5233 συν-

290 5276 483 5346 τυχίας
512 5274 723 5346 καιρὸς,
754 5274 848 5328 καὶ
870 5273 1231 5343 εὐτυχήσαιμι
1257 5269 1415 5324 τοῦτο
1440 5268 1590 5342 παρὰ
1617 5270 1773 5324 Θεοῦ.

1970 4628 2024 4681 in
2056 4627 2221 4683 nobis
2252 4644 2374 4686 esse
2397 4637 2576 4700 potest
2605 4631 2682 4684 tui
2718 4629 3106 4685 recordatione
3134 4629 3403 4693 sanctius,
3435 4629 3543 4685 nisi

1969 4716 2110 4773 forte
2127 4726 2185 4772 ut
2202 4718 2400 4774 iterum
2422 4719 2733 4775 venerabile
2757 4729 2910 4775 tuum
2927 4720 3326 4791 amplectamur
3340 4729 3503 4790 caput
3522 4737 3538 4775 :

1969 4810 2114 4879 quod
2145 4811 2351 4887 utinam
2401 4812 2697 4883 aliquando
2728 4813 2947 4869 tandem
2989 4811 3133 4868 Deus
3161 4812 3451 4878 concedat,
3483 4820 3543 4866 ut

1968 4910 2025 4956 et
2058 4909 2112 4957 te
2138 4902 2443 4970 videamus,
2492 4912 2547 4958 et
2577 4905 2963 4960 suavissimam
3005 4906 3279 4961 sermonis
3318 4905 3400 4959 tui
3443 4918 3542 4959 vo-

1973 5006 2092 5048 cem
2121 4993 2447 5050 audiamus!
2480 4995 2751 5051 Caeterum
2779 4997 2851 5053 iis
2886 4998 3259 5069 quae'misisti,
3284 5009 3540 5066 magnam

1969 5086 2130 5141 nobis
2156 5086 2491 5158 voluptatem
2514 5086 2767 5144 attulisti.
2787 5089 3116 5160 Accepimus
3147 5090 3294 5143 enim
3312 5087 3497 5142 omnia
3521 5100 3537 5140 :

1970 5179 2063 5236 sed
2097 5180 2219 5250 plus
2269 5189 2453 5235 tamen
2508 5181 2765 5236 mteroris
2816 5196 2880 5235 ea
2918 5179 3253 5252 cogitatione
3314 5177 3537 5243 dedisti,

1971 5271 2281 5342 cujusmodi
2314 5286 2415 5328 nos
2464 5272 2642 5328 amico
2670 5273 2791 5327 vivo
2814 5286 2880 5326 ac
2905 5272 3149 5340 spirante
3171 5271 3539 5341 privaremur.

292 5370 517 5426 Utinam
554 5369 770 5425 tandem
802 5365 937 5423 illud
965 5373 1180 5435 tempus
1229 5362 1504 5427 adveniat,
1536 5378 1645 5433 quo
1674 5368 1863 5418 mutua
1900 5364 2305 5424 consuetudine
2364 5366 2643 5422 fruamur!
2708 5366 2914 5418 utinam
2966 5371 3119 5418 tanta
3168 5364 3299 5418 mihi
3351 5365 3540 5419 divino

290 5462 562 5524 beneficio
591 5460 825 5518 felicitas
850 5456 1162 5528 contingat!

795 5574 1136 5630 ΕΠΙΣΤΟΔΗ
1180 5568 1360 5627 ΡΜΘ⁸.

890 5664 1268 5736 Πυλαιμένει.

368 5765 502 5823 Οὐδὲ
531 5765 628 5837 τὴν
667 5781 761 5835 σην
796 5761 1116 5833 Ἡράκλειαν
1144 5759 1370 5831 ἀνήκοον
1407 5750 1557 5827 οἶμαι
1586 5753 1865 5847 γεγονέναι

2438 5563 2769 5637 EPISTULA
2810 5562 2896 5621 cx
2909 5563 3039 5619 ux.

2597 5658 2908 5729 Pyla'mem'.

2040 5752 2225 5826 Neque
2259 5760 2409 5809 tuam
2442 5752 2756 5812 Heracleam
2795 5762 2927 5824 puto
2964 5754 3028 5811 de
3057 5751 3371 5808 Alexandro
3394 5749 3542 5808 cela-
