4002 6244
547 335 679 397 1551

1563 333 1831 393 SYNESII
1869 332 2334 390 PTOLEMAIDIS
2370 331 2682 389 EPISCOPI

3643 321 3777 380 1559

546 467 655 512 tam
687 469 831 518 esse,
892 457 984 525 qui
1034 453 1177 525 apud
1234 470 1333 510 nos
1384 454 1809 526 philosorihatus
1853 463 1956 515 est,
2000 453 2107 507 viro

2223 452 2316 507 τοῦ
2359 453 2491 524 παρ’
2537 453 2670 523 ἡμῖν
2701 449 3158 522 φιλοσοφήσαντας
3202 443 3575 516 Ἀλεξάνδρου,
3608 439 3786 514 ἀνδρὸς

539 549 818 620 ejusmodi
871 549 966 618 qui
1020 548 1223 618 ubique
1274 561 1472 619 magna
1522 557 1606 602 est
1649 562 1774 600 eum
1832 544 2003 616 gloria
2063 553 2116 598 et

540 642 948 699 existimatione
981 649 1233 696 versatus
1270 659 1283 694 :

611 734 796 789 Mutus
826 733 977 789 homo
1005 742 1105 797 est,
1136 733 1223 804 qui
1250 749 1352 786 nou
1382 731 1584 786 Alcidae
1609 731 1895 786 admoverit
1922 747 2039 785 ora.

611 825 790 894 Hujus
852 823 996 880 filius
1034 822 1397 879 consobrinus
1429 838 1585 878 meus
1628 823 1730 877 has
1759 819 1862 875 tibi
1905 820 2116 874 litteras

549 917 738 980 dabit,
793 915 887 987 qui
938 915 1005 971 ad
1067 916 1238 986 patris
1297 914 1699 970 aemulationem
1756 928 1867 968 non
1927 911 2114 968 habitu

541 1010 667 1082 ipso
690 1049 705 1074 ,
742 1008 837 1064 sed
873 1010 1058 1064 animo
1086 1023 1208 1064 sese
1251 1008 1504 1062 contulit.
1546 1006 1718 1078 Igitur
1744 1005 1813 1061 ad
1847 1001 2117 1076 nequissi-

541 1117 661 1157 mos
693 1100 941 1156 homines
970 1099 1142 1163 vadit,
1179 1109 1238 1154 ut
1283 1097 1538 1154 Herculis
1583 1113 1736 1167 more
1789 1097 2021 1169 patriam
2043 1096 2115 1152 ab

541 1192 610 1247 iis
646 1199 924 1262 repurget,
958 1190 1123 1262 289
1154 1205 1283 1245 vero
1315 1190 1547 1257 scilicet,
1590 1197 1645 1245 et
1698 1189 1931 1245 Hercule
1975 1204 2115 1258 opus

542 1281 676 1347 fuit;
721 1282 816 1337 sed
869 1291 922 1337 et
969 1281 1114 1336 lolao
1163 1283 1315 1338 socio
1375 1291 1538 1352 atque
1601 1281 1878 1353 adiutore.
1928 1279 2116 1352 Itaque

545 1373 716 1430 Deum
743 1374 961 1445 quidem
998 1375 1088 1430 ille
1119 1374 1222 1430 sibi
1253 1375 1404 1430 omni
1435 1391 1539 1445 ope
1575 1391 1700 1429 cum
1729 1374 1857 1430 vita:
1886 1373 2113 1445 integri-

540 1471 673 1530 tate,
705 1471 821 1519 tum
853 1464 1024 1519 animi
1059 1466 1266 1536 pietate
1292 1465 1610 1536 propitiabit
1629 1481 1692 1521 ac
1717 1465 1918 1521 ﬂectet.
1939 1463 2114 1519 Tuam

543 1563 676 1615 Vero
707 1557 784 1612 illi
805 1573 903 1628 per
928 1557 1138 1613 litteras
1169 1573 1267 1628 pro
1298 1557 1427 1612 lolai
1461 1556 1704 1612 amicitia
1731 1557 2112 1612 conciliamus.

540 1649 774 1706 Tantum
801 1663 966 1720 porro
996 1649 1143 1705 illius
1176 1649 1584 1714 consuetudini,
1613 1656 1879 1718 quantum
1911 1656 2116 1704 nostrae

417 1777 425 1790 κ
541 1739 769 1794 tribues.
794 1738 951 1806 Quod
983 1739 1028 1793 si
1054 1739 1420 1794 adolescentis
1444 1738 1816 1794 familiaritate
1838 1755 1973 1794 usus
1998 1737 2116 1794 fue-

2220 543 2532 616 ἁπανταχοῦ
2562 542 2848 608 διαϐάντος
2881 541 3020 614 μετὰ
3050 539 3227 613 δόξης.

2221 726 2430 798 κωφὸς
2457 725 2634 794 ἀνὴρ,
2666 718 2734 792 ὃς
2769 724 3049 794 Ἡρακλεῖ
3069 724 3262 793 στόμα
3293 721 3379 792 μὴ
3407 719 3778 790 παραϐάλλῃ.

2291 820 2496 874 Τούτου
2530 819 2658 882 παῖς
2679 857 2695 882 ,
2729 816 2860 887 ἐμὸς
2883 815 3120 886 ἀνεψιὸς,
3149 814 3397 867 ἐπιδώσει
3440 829 3522 866 σοι
3551 813 3650 884 τὴν
3673 812 3782 866 ἐπι-

2222 911 2433 982 στολὴν,
2467 911 2559 964 τὸν
2611 909 2861 981 πατρῷον
2892 907 3055 979 ζῆλον
3082 905 3436 969 ὐπεισελθὼν,
3483 905 3546 957 οὐ
3583 904 3669 958 διὰ
3693 904 3782 974 τῆς

2222 1001 2436 1072 στολῆς,
2465 1001 2602 1055 ἀλλὰ
2626 999 2712 1053 διὰ
2740 1000 2836 1070 τῆς
2865 999 3108 1069 γνώμης.
3145 996 3426 1049 Στέλλεται
3455 991 3548 1048 οὖν
3577 994 3670 1046 ἐπὶ
3699 1009 3782 1045 πο-

2219 1096 2416 1167 νηροὺς
2455 1093 2685 1167 ἄνδρας,
2714 1093 2805 1146 τὸν
2860 1091 3177 1163 Ἡράκλειον
3208 1089 3407 1161 τρόπον
3452 1085 3788 1156 ἐκκαθαίρων

2220 1183 2399 1238 αὐτῶν
2425 1183 2526 1256 τὴν
2560 1183 2811 1255 πατρίδα.
2871 1181 3004 1237 Θεοῦ
3043 1181 3100 1234 δὲ
3138 1180 3245 1233 ἔδει
3271 1180 3441 1247 δήπου
3485 1178 3582 1230 καὶ
3629 1178 3786 1248 Ἦρα-

2219 1277 2411 1342 κλέους
2431 1291 2444 1310 ⁴
2477 1277 2538 1331 οὐ
2578 1277 2683 1348 μὴν
2705 1275 2840 1330 ἀλλὰ
2867 1275 2964 1329 καὶ
2986 1274 3160 1328 Ἰόλεω
3199 1275 3487 1344 συμμάχου
3505 1273 3603 1325 καὶ
3627 1289 3788 1341 παρα·

2220 1371 2442 1426 στάτου.
2489 1370 2695 1426 Οὐκοῦν
2729 1370 2820 1424 τὸν
2877 1370 2975 1440 μὲν
3015 1368 3145 1421 Θεὸν
3175 1365 3352 1436 ἐαυτῷ
3395 1368 3665 1437 ποριεῖται
3706 1366 3785 1417 τὸν

2220 1461 2407 1516 ἐνόντα
2442 1462 2674 1534 τρόπον,
2718 1459 2813 1515 καὶ
2861 1459 3176 1530 προσκλινεῖ
3221 1456 3336 1527 βίου
3379 1453 3444 1508 τε
3489 1457 3660 1528 ἀρετῇ
3703 1456 3784 1509 καὶ

2220 1553 2445 1625 γνώμης
2471 1551 2722 1624 εὐσεϐείᾳ
2743 1569 2758 1584 ο
2793 1551 2890 1624 τὴν
2919 1551 2977 1606 δὲ
3007 1551 3106 1622 σὴν
3139 1550 3340 1620 φιλίαν,
3361 1549 3482 1603 ἀντὶ¹
3507 1550 3610 1620 τῆς
3623 1549 3786 1604 Ἰόλεω

2223 1644 2596 1718 μνηστεύομεν
2626 1645 2787 1716 ἡμεῖς
2819 1643 2966 1715 αὐτῷ
2998 1644 3083 1698 διὰ
3110 1643 3210 1714 τῆς
3244 1643 3554 1706 ἐπιστολῆς.
3589 1642 3784 1715 Συνέσῃ

2217 1737 2274 1792 δὲ
2297 1738 2536 1794 τοσαῦτα
2561 1738 2729 1810 αὐτῷ,
2760 1739 2860 1793 ὅσα
2900 1738 3048 1810 ἡμῖν.
3078 1736 3198 1792 Κᾶν
3229 1737 3409 1808 χρήσῃ
3432 1739 3498 1806 τῇ
3527 1735 3681 1807 φιλία
3700 1735 3782 1790 τοῦ

539 1829 640 1893 ris,
669 1830 893 1884 omnino
915 1845 1000 1884 me
1021 1845 1127 1883 non
1159 1829 1363 1884 malum
1395 1829 1732 1887 laudatorem
1752 1826 1926 1886 fuisse
1945 1828 2107 1884 dices.

2223 1829 2527 1898 νεανίσκου,
2558 1831 2776 1896 πάντως
2804 1831 2950 1902 ἐρεῖς
2975 1830 3035 1883 οὐ
3063 1828 3265 1900 φαῦλον
3290 1827 3582 1899 ἐπαινέτην
3604 1828 3722 1898 ἐμὲ.

1079 1937 1419 1996 EPISTOLA
1457 1939 1564 1996 CL.

1221 2031 1429 2085 Eidem.

606 2125 747 2182 Ntln
779 2133 836 2181 tu
885 2124 1020 2180 mihi
1067 2125 1432 2196 philosophus
1488 2123 1914 2196 persevcrabis?
1967 2123 2110 2179 Num

540 2217 631 2273 ille
654 2255 670 2282 ,
710 2230 873 2287 quem
912 2215 1147 2286 reliqui,
1198 2215 1534 2287 Pylaemenes
1558 2253 1574 2280 ,
1608 2230 1800 2271 recens
1826 2213 2112 2273 absolutus

537 2307 776 2372 animus,
807 2305 1166 2376 divinumque
1195 2303 1422 2360 semen?
1450 2304 1692 2378 Tempus
1721 2305 1859 2361 illud
1891 2320 2109 2375 vereor,

536 2398 683 2470 quod
718 2397 786 2453 ab
809 2404 933 2452 ortu
969 2398 1282 2453 intercessit
1313 2415 1328 2462 ;
1360 2398 1644 2469 multoque
1674 2397 1850 2470 magis
1878 2412 2112 2456 consue-

535 2491 781 2545 tudinem
826 2487 931 2543 fori
975 2503 1203 2551 vereor,
1233 2504 1302 2542 ne
1327 2487 1718 2559 multiplicium
1751 2503 2018 2556 casuum,
2046 2502 2112 2544 ac

536 2579 884 2651 negotiorum
945 2579 1200 2634 tractatio
1252 2580 1664 2636 sanctissimum
1709 2581 1970 2652 templum
2027 2582 2113 2638 iu-

535 2673 768 2745 quinet;
800 2685 1015 2728 sacram
1047 2679 1286 2726 mentem
1327 2679 1478 2726 tuam
1520 2671 1788 2744 intelligo,
1814 2687 1979 2743 quam
2011 2687 2111 2744 ego

537 2757 591 2814 in
643 2759 834 2830 paucis
885 2759 1268 2830 dignissimum
1320 2759 1413 2818 Dei
1485 2763 1940 2833 conceptaculum
1988 2779 2112 2820 esse

537 2857 794 2912 arbitror.
825 2855 1044 2910 Memini
1067 2872 1154 2912 me
1180 2857 1400 2926 quidem
1427 2857 1558 2912 olim
1582 2859 1639 2912 in
1659 2861 1801 2916 votis
1826 2859 2107 2922 habuisse,

535 2961 646 3002 una
677 2955 856 3001 tecum
885 2946 1244 3016 philosophiae.
1285 2962 1443 3002 sacra
1473 2947 1772 3004 celebrare.
1824 2947 1930 3004 Sed
1973 2965 2110 3020 quo-

536 3037 685 3092 niam
718 3036 840 3106 plus
862 3035 1005 3105 apud
1036 3044 1088 3090 te
1117 3037 1305 3106 patriae
1323 3037 1565 3092 charitas
1601 3040 1810 3107 potuit,
1851 3039 1955 3094 hoc
1985 3055 2109 3110 pre-

546 3134 710 3182 catus
739 3141 884 3191 sum,
922 3135 982 3180 ut
1029 3141 1356 3197 quacunque
1387 3136 1546 3182 teme
1590 3129 1644 3181 in
1679 3127 1831 3198 parte
1861 3129 2105 3200 degeres,

2739 1944 3082 1998 ΕΠΙΣΤΟΛΠ
3118 1939 3246 1998 PN'.

2847 2035 2937 2102 Τῷ
2963 2035 3144 2108 αὺζῷ.

2281 2123 2431 2200 Ἀρά
2477 2146 2568 2200 μοι
2617 2131 2800 2200 μενεῖς
3003 2129 3218 2202 μένεις]
3271 2130 3606 2201 φιλόσοφος;
3650 2125 3782 2200 *Δμ

2213 2223 2420 2287 ἐκεῖνος
2467 2222 2527 2276 ὃν
2579 2222 2912 2277 ἀπολέλοιπα
2934 2263 2950 2288 ,
3003 2223 3354 2296 Πυλαιμένης
3380 2263 3398 2289 ,
3453 2225 3488 2294 ἡ
3541 2223 3781 2294 vso-£193;

2211 2313 2376 2386 ψυχὴ,
2407 2313 2470 2368 τὸ
2497 2315 2717 2386 σπέρμα
2733 2314 2796 2368 τὸ
2821 2315 2964 2368 θεῖον
2987 2331 3004 2380 ;
3049 2315 3320 2387 Φοϐοῦμαι
3357 2315 3447 2368 τὸν
3477 2315 3675 2392 χρόνον
3699 2315 3780 2369 τὴν

2211 2405 2321 2460 ἀπὸ
2342 2406 2628 2476 γενέσεως.
2657 2407 2845 2460 Πλεῖον
2871 2405 3140 2478 φοϐοῦμαι
3164 2406 3260 2477 τὴν
3281 2406 3502 2478 ὁμιλίαν
3529 2407 3635 2477 τῆς
3661 2407 3780 2476 ἀγο-

2215 2499 2346 2567 ρᾶς,
2388 2499 2449 2553 τὸ
2493 2498 2894 2553 ἐνειλινδεῖσθαι
2939 2498 3067 2571 [γρ.
3105 2497 3384 2571 ὲγκα).ιν.]
3426 2503 3656 2569 συχναῖς
3691 2499 3779 2568 ἢδη

2209 2589 2401 2661 τύχαις
2427 2591 2522 2645 καὶ
2553 2591 2806 2662 πράξεσι,
2833 2591 2907 2663 μὴ
2939 2590 3142 2664 μολύνῃ
3172 2591 3265 2645 τὸν
3305 2590 3615 2660 ἁγιώτατον
3635 2590 3780 2659 νεὼν,

2209 2680 2302 2735 τὸν
2334 2681 2460 2736 νοῦν
2487 2700 2580 2736 σου
2607 2683 2699 2737 τὸν
2743 2683 2918 2754 ἱερὸν,
2964 2681 3023 2737 ὃν
3049 2681 3159 2751 ἐγὼ
3183 2683 3299 2753 μετ’
3327 2682 3528 2750 ὀλίγων
3559 2681 3782 2747 ἀξιώτα-

2208 2795 2300 2832 τον
2329 2778 2570 2850 ἡγοῦμαι
2592 2778 2716 2851 [τῃ.
2747 2778 2996 2851 ἥγημαι]
3021 2779 3180 2849 δοχέα
3203 2777 3358 2831 Θεοῦ.
3395 2777 3510 2832 Καὶ
3536 2775 3660 2832 οἶδα
3693 2778 3782 2849 μέν

2208 2887 2292 2924 τοι
2328 2873 2678 2943 συνεργιάσαι
2709 2889 2792 2925 σοι
2819 2871 2888 2925 τὰ
2927 2872 3244 2941 φιλοσοφίας
3265 2871 3429 2941 εὐχήν
3472 2887 3614 2924 ποτε
3635 2887 3782 2941 ποιη-

2211 2961 2464 3034 σάμενος.
2513 2964 2664 3016 Ἐπεὶ
2689 2963 2733 3018 δ’
2757 2959 2850 3016 οῦν
2877 2963 3140 3033 κρείττων
3164 2964 3192 3015 ὁ
3224 2962 3324 3033 τῆς
3351 2960 3624 3033 πατρίδος
3653 2961 3784 3031 ἔρως

2209 3057 2454 3124 ἐγένετο,
2500 3055 2755 3127 ηὐξάμην
2797 3055 2930 3109 ὅπου
2977 3055 3109 3109 ποτέ
3150 3054 3255 3123 γῆς
3293 3055 3430 3123 εἴης,
3467 3051 3783 3122 φιλοσοφίαν

2209 3146 2537 3218 ἐργάζεσθαί
2580 3164 2639 3200 σε
2666 3145 2809 3200 κατὰ
2833 3147 3083 3216 δύναμιν.
3143 3145 3445 3216 Τοιγαροῦν
3465 3143 3784 3213 ἀσπάζομαι

537 3235 639 3292 pro
661 3219 808 3276 virili
839 3221 892 3275 in
922 3221 1321 3292 philosophiam
1348 3223 1717 3292 incumberes.
1741 3225 2106 3292 Quamobrem

2215 3240 2306 3311 τὴν
2337 3239 2494 3310 φίλην
2535 3239 2779 3310 κεφαλὴν
2802 3281 2818 3306 ,
2852 3240 2948 3293 καὶ
2995 3239 3136 3292 πάνυ
3171 3237 3426 3300 πολλάκις
3469 3238 3784 3306 ἀσπάζομαι

535 3329 752 3370 sacrum
790 3324 943 3370 tuum
995 3323 1164 3386 caput
1213 3317 1424 3380 saluto,
1469 3317 1778 3388 iterumque
1815 3335 1878 3373 ac
1908 3320 2110 3390 saepius

539 3403 774 3459 amicum
823 3413 984 3475 caput
1019 3407 1200 3461 saluto
1223 3446 1239 3471 ,
1291 3407 1406 3462 sive
1439 3417 1628 3465 tacens
1652 3449 1668 3476 ,
1703 3409 1821 3464 sive
1852 3411 2106 3481 loquens,

539 3494 656 3552 sive
682 3495 952 3562 scribens,
984 3496 1106 3551 sive
1135 3498 1272 3552 nihil
1309 3498 1578 3553 scribens.

1069 3604 1407 3664 EPlSTOLA
1449 3608 1581 3664 CLI.

1225 3717 1426 3776 Eidem.

607 3808 963 3883 Pykcmenem
989 3823 1077 3864 me
1103 3818 1256 3881 puta,
1283 3810 1466 3881 ipsum
1496 3813 1738 3870 animum
1777 3815 1961 3871 animo
1985 3818 2108 3887 ipso

541 3902 848 3972 complecti.
894 3899 1104 3957 Desunt
1148 3901 1286 3956 mihi
1314 3903 1482 3959 verba
1527 3905 1729 3974 quibus
1769 3914 1980 3977 quanta
2020 3916 2107 3964 est

537 3987 836 4044 voluntatis
869 3987 1039 4042 animi
1071 3989 1178 4043 mei
1208 3988 1292 4044 vis
1320 3989 1658 4058 effundatur,
1692 3995 1775 4051 vel
1817 3997 2002 4066 potius
2038 4013 2107 4054 ne

539 4079 662 4150 ipse
687 4079 904 4150 quidem
945 4077 1175 4134 allectus
1219 4080 1526 4149 cuiusmodi
1569 4097 1696 4155 erga
1736 4093 1790 4140 te
1833 4087 1887 4140 in
1921 4087 2105 4145 animo

541 4186 664 4228 meo
690 4170 844 4236 insit,
877 4169 1121 4225 invenio.
1155 4164 1262 4225 Sed
1285 4170 1449 4226 homo
1469 4173 1690 4242 quidam
1721 4177 1929 4233 exstitit
1956 4193 2106 4234 ama-

541 4261 808 4316 toriarum
863 4275 1049 4316 rerum
1101 4262 1350 4331 peritus,
1416 4263 1571 4320 Plato
1634 4267 1908 4325 Aristonis
1959 4271 2103 4329 filius

539 4359 890 4416 Atheniensis
923 4359 976 4414 in
1013 4359 1274 4414 amatoris
1319 4368 1538 4424 natura,
1573 4375 1750 4431 eoque
1778 4363 1923 4433 quod
1954 4363 2102 4419 circa

537 4448 765 4508 delicias
787 4466 914 4508 suas
935 4452 1039 4507 sibi
1065 4451 1314 4506 accidere
1343 4451 1526 4515 vellet,
1555 4445 2100 4521 inveniendolsolers.

2206 3331 2307 3400 τὴν
2332 3331 2490 3401 φίλην
2541 3330 2800 3403 κεφαλὴν,
2831 3329 2924 3384 καὶ
2948 3329 3142 3402 σιγῶν,
3172 3329 3266 3384 καὶ
3291 3328 3488 3398 λέγων,
3528 3328 3631 3381 καὶ
3655 3326 3786 3397 γρά-

2209 3438 2342 3490 φων,
2372 3423 2468 3476 καὶ
2492 3421 2567 3493 μὴ
2592 3423 2836 3492 γράφων.

2711 3621 3060 3677 ΕΠΙΣΤΟΔΗ
3087 3621 3266 3676 PNK-

2837 3729 2921 3797 Τῷ
2944 3729 3125 3797 αὐτῷ.

2279 3825 2404 3881 Οῐου
2438 3841 2504 3896 με
2556 3821 3019 3896 περιπτύσσεσθαι
3049 3821 3428 3893 Πυλαιμένην,
3479 3820 3662 3893 αὐτὴν
3687 3821 3791 3892 τὴν

2203 3914 2411 3990 ψυχὴν,
2461 3916 2600 3988 αὐτῇ
2643 3918 2710 3987 τῇ
2755 3914 2922 3986 ψυχῇ.
2965 3913 3184 3982 Ἀπορῶ
3215 3912 3390 3981 λόγων
3419 3905 3504 3976 οἷς
3531 3912 3791 3982 ἐκκέοιτο

2208 4008 2331 4062 ὅσον
2367 4006 2485 4060 ἐστὶ
2516 4007 2615 4078 τῆς
2649 4004 2875 4077 γνώμης
2921 4023 3024 4077 μου
3065 4004 3128 4058 τὸ
3167 4002 3514 4075 βουλόμενον·
3581 4003 3792 4074 μᾶλλον

2199 4095 2262 4150 δὲ
2308 4097 2427 4150 οὐδὲ
2480 4095 2612 4149 αὐτό
2665 4095 2765 4166 μου
2841 4094 2902 4147 τὸ
2947 4093 3155 4158 πάθος,
3213 4092 3321 4147 ὃτί
3363 4093 3497 4146 ποτέ
3551 4096 3677 4147 ἐστι
3727 4093 3793 4146 τὸ

2203 4185 2332 4254 περὶ
2380 4185 2440 4238 σὲ
2494 4201 2596 4256 μου
2640 4185 2741 4254 τῆς
2800 4184 2980 4254 ψυχῆς
3037 4183 3354 4256 ἐξευρίσκω.
3425 4183 3682 4251 Ἐγένετο
3729 4184 3792 4236 δέ

2202 4295 2287 4341 τις
2316 4277 2453 4349 ἀνὴρ
2490 4273 2660 4340 δεινὸς
2697 4275 2764 4330 τά
2802 4275 3074 4348 ἐρωτικὰ,
3123 4275 3348 4329 Πλάτων
3374 4277 3403 4328 ὁ
3450 4276 3792 4346 Ἀρίστωνος

2215 4368 2516 4440 Ἀθηναῖος,
2569 4368 2798 4440 εὔπορος
2829 4369 3040 4440 εὑρεῖν,
3085 4366 3304 4431 εὔκολος
3328 4369 3506 4420 είπεῖν
3539 4367 3793 4438 ἐραστοῦ

2203 4462 2385 4531 φύσιν,
2413 4461 2508 4515 καὶ
2527 4461 2589 4532 δὴ
2612 4463 2705 4515 καὶ
2733 4461 2762 4514 ὃ
2788 4478 2842 4514 τι
2867 4461 3013 4531 αὐτῷ
3042 4459 3293 4528 γενέσθαι
3319 4459 3530 4531 περὶτὰ
3553 4461 3798 4513 παιδικὰ

536 4543 594 4598 in
619 4543 942 4613 explicando
973 4543 1214 4599 disertus
1262 4540 1325 4596 ac
1359 4540 1558 4599 facilis.
1587 4543 1766 4611 Quare
1810 4546 1857 4602 is
1887 4562 1985 4616 pro
2015 4563 2102 4603 me

2215 4527 2454 4624 βούλεται
2471 4566 2484 4580 ·
2523 4527 2618 4606 καὶ
2645 4551 2784 4623 ὑπὲρ
2820 4549 2955 4621 ἐμοῦ
2979 4527 3157 4605 τοίνυν
3190 4527 3502 4620 ἐξευρηκὼς
3523 4567 3589 4603 τε
3615 4551 3794 4612 ἐστ-ω,

535 4641 686 4698 istud
735 4653 790 4698 et
837 4644 1081 4700 inveniat
1126 4653 1181 4697 et
1232 4643 1398 4698 dicat.
1441 4642 1604 4697 Vellet
1646 4643 1838 4711 igitur,
1886 4642 1962 4695 ait
1989 4639 2100 4705 ille,

544 4732 772 4788 Vulcani
793 4735 1022 4804 quadam
1047 4745 1160 4789 arte
1181 4734 1462 4791 colfiauari
1483 4747 1531 4788 et
1558 4733 1870 4800 coalescere,
1915 4745 2104 4786 unum-

535 4843 634 4898 que
670 4842 736 4882 ea:
769 4826 1024 4882 autbobus
1047 4828 1195 4898 eﬂici.

912 4939 1074 5012 290
1110 4937 1444 4995 EPlSTOLA
1483 4935 1637 4994 CLII.

1207 5031 1414 5086 Eidem.

601 5122 732 5181 Tum
763 5123 830 5180 ad
857 5139 961 5182 nos
995 5125 1192 5179 litterae
1223 5121 1519 5194 quotannis
1549 5119 1852 5176 afferuntur
1878 5157 1893 5182 ,
1937 5119 2096 5188 quasi

531 5215 580 5274 ls
608 5219 679 5273 sit
710 5216 874 5274 etiam
909 5224 1292 5288 tempestatum
1324 5223 1641 5284 proventus.
1677 5213 1855 5282 Atque
1898 5219 1982 5265 est
2004 5209 2094 5264 ille

529 5306 751 5379 quidem
786 5307 919 5362 mihi
951 5307 1161 5364 fructus
1192 5304 1425 5363 fortasse
1456 5305 1772 5375 jucundior,
1807 5319 1969 5374 quam
1997 5303 2092 5373 qui

531 5399 800 5455 mensium
827 5398 1224 5463 vicissitudine,
1259 5406 1312 5454 et
1346 5398 1712 5468 agricolarum
1748 5396 1935 5452 labore
1964 5409 2091 5465 pro-

529 5584 857 5653 voluptatem
904 5582 1214 5638 subtrahas.
1249 5579 1452 5636 Verum
1491 5581 1574 5635 fac
1617 5581 1941 5636 sententiam
1975 5593 2095 5631 mu-

533 5682 646 5736 tes,
705 5673 969 5740 nobisque
1021 5673 1125 5729 hoc
1181 5674 1373 5728 saltem
1405 5688 1549 5728 anno
1585 5672 1892 5729 litterarum
1937 5668 2094 5725 uber-

533 5770 698 5817 tatem
729 5763 988 5834 praebeas.

2200 4645 2295 4698 καὶ
2339 4642 2598 4715 εἰρηκώς.
2658 4644 2926 4698 Βούλοιτ⁹
2953 4642 3031 4697 ἂν
3073 4639 3220 4708 οὖν,
3253 4643 3415 4714 φησὶ,
3447 4642 3796 4710 Ἡφαίστου

2198 4735 2380 4805 τέχνῃ
2403 4735 2780 4806 συντακῆναι
2798 4751 2863 4789 τε
2882 4735 2980 4790 καὶ
3005 4733 3380 4805 συμφυῆναι,
3400 4734 3500 4788 καί
3513 4733 3589 4787 ἐν
3609 4735 3802 4804 ἄμφω

2199 4827 2498 4897 γινέσθαι.

2695 4941 3040 4995 ΕΠΙΣΤΟΛΗ
3073 4939 3244 4996 PNB’.

2827 5031 2916 5097 Τῷ
2947 5031 3130 5098 αὐτῷ.

2267 5125 2350 5177 Δι’
2396 5123 2546 5187 ἐτους
2592 5125 2720 5194 ἡμῖν
2761 5123 3068 5191 ἀφικνεῖται
3119 5127 3269 5197 παρὰ
3316 5124 3408 5178 σοῦ
3442 5126 3808 5197 γράμματα,

2199 5214 2390 5286 ὥσπερ
2419 5215 2526 5268 τῶν
2553 5215 2710 5286 ὡρῶν
2735 5215 2829 5269 καὶ
2854 5215 3008 5269 τοῦτο
3030 5215 3328 5287 φερουσῶν.
3373 5215 3528 5287 Ἐμοὶ
3563 5220 3676 5289 μὲν
3696 5216 3810 5272 οὖν

2200 5307 2331 5372 ἴσως
2365 5306 2574 5378 καρπὸς
2614 5306 2778 5378 ἡδίων
2809 5301 2990 5375 οὗτος,
3022 5307 3056 5379 ἢ
3105 5306 3164 5362 ὂν
3211 5307 3534 5380 ἐκτρέφουσι
3591 5313 3814 5380 μηνῶν

2194 5397 2412 5463 κύκλοι,
2443 5398 2535 5451 καὶ¹
2566 5399 2822 5470 γεωργοί.
2879 5400 2951 5453 Σὺ
2983 5398 3040 5452 δὲ
3084 5400 3184 5452 οὐκ
3212 5399 3277 5454 ἂν
3319 5399 3504 5454 εἰκότα
3533 5403 3814 5473 ποιοίης,

426 5495 428 5499 ’
530 5489 723 5546 fertur.
768 5489 849 5544 Tu
900 5506 1029 5546 vero
1089 5491 1276 5562 inique
1324 5489 1498 5552 facis,
1549 5491 1642 5560 qui
1697 5503 1885 5545 earum
1935 5486 2095 5544 nobis

2215 5491 2295 5560 τῆς
2321 5491 2413 5544 ἐπὶ
2439 5489 2648 5556 τούτοις
2675 5493 2821 5563 ἡμᾶς
2863 5490 3200 5564 εὐφροσύνης
3227 5491 3566 5562 ἀποστερῶν.
3621 5495 3818 5547 Ἀλλὰ

2199 5579 2429 5651 μετάθου
2453 5581 2552 5653 τὴν
2566 5581 2812 5652 γνώμην,
2847 5581 2938 5637 καὶ
2962 5582 3186 5655 ποίησον
3214 5583 3345 5653 ἡμῖν
3365 5580 3426 5634 τὸ
3448 5581 3590 5650 γοῦν
3615 5582 3818 5656 τῆτες

2195 5671 2480 5744 εὐετηρίαν
2516 5672 2831 5727 ἐπιστολῶν.
