4014 6244
264 391 409 452 1555

775 506 1122 571 ΕΠΙΣΤΟΔΗ
1151 506 1321 562 PNl'".

852 602 929 671 Τῇ
956 601 1284 671 φιλοσόφῳ.

330 699 507 770 Τῆτες
527 696 792 767 ὲξὴνεγκα
819 695 913 748 δύο
947 695 1125 765 βιϐλία
1161 695 1241 761 (9i
1256 706 1273 761 )
1293 732 1308 757 ,
1341 692 1402 745 τὸ
1438 690 1565 761 μὲν,
1594 690 1700 743 ὐπὸ
1731 688 1825 742 τοῦ

254 790 393 847 Θεοῦ
425 788 693 858 κινηθείςι
731 787 791 839 τὸ
817 786 895 851 δὲ,
925 786 1030 839 ὐπὸ
1062 784 1327 855 λοιδορίας
1354 782 1676 854 ἀνθρώπιον.
1717 783 1826 834 Καὶ

253 884 366 955 γὰρ
393 883 502 935 τῶν
531 883 588 934 ἐν
607 881 821 944 λευκοῖς
847 880 977 933 ἔνιοι
1006 878 1254 950 τρίϐωσι,
1288 878 1382 931 καὶ
1410 877 1518 930 τῶν
1541 878 1598 929 ὲν
1625 878 1824 944 φαιοῖς,

254 975 464 1044 ἔφασάν
496 990 561 1043 με
580 974 913 1043 παρανομεῖν
929 974 1009 1035 είς
1036 970 1374 1040 φιλοσοφίαν,
1409 968 1669 1021 ἐπαΐοντα
1690 965 1825 1018 κάλ-

252 1068 381 1131 λους
422 1069 479 1121 ἐν
504 1066 711 1132 λέξεσι,
766 1063 863 1118 καὶ¹
907 1061 1143 1135 ῥυθμοῦ,
1195 1061 1288 1115 καὶ
1315 1060 1445 1130 περὶ
1494 1059 1735 1129 Ὁμήρου
1772 1074 1825 1110 τι

252 1160 434 1229 λέγειν
462 1158 744 1225 ἀξιοῦντα,
774 1156 870 1210 καὶ
895 1155 1003 1209 τῶν
1040 1155 1097 1207 ἐν
1126 1157 1246 1217 ταῖς
1275 1150 1583 1224 ῥητορείαις
1614 1148 1827 1220 σχημά-

250 1271 363 1306 των
380 1272 393 1285 ο
420 1252 495 1315 ὡς
521 1251 585 1320 δὴ
615 1251 703 1305 τὸν
729 1248 1017 1319 φιλόσοφον
1046 1246 1328 1317 μισολόγον
1360 1239 1498 1297 εἶναι
1526 1244 1825 1314 προσήκειν

253 1344 369 1417 [γρ.
405 1341 715 1414 προσήκει],
734 1342 826 1394 καὶ
846 1341 980 1410 μόνα
1009 1338 1464 1410 περιεργάζεσθαι
1488 1336 1556 1389 τὰ
1574 1335 1823 1403 δαιμόνια

253 1438 573 1508 πράγματα.
606 1434 715 1487 Καὶ
746 1432 899 1487 αὐτοὶ
924 1431 1021 1501 μὲν
1052 1429 1247 1501 θεωροὶ
1267 1428 1361 1482 τοῦ
1391 1426 1580 1498 νοητοῦ
1605 1427 1824 1495 γεγονό-

247 1543 344 1589 τες
363 1543 376 1556 ·
407 1526 508 1596 ἐμὲ
540 1524 597 1577 δὲ
622 1524 682 1577 οὐ
718 1522 893 1592 θέμις,
922 1521 1056 1575 διότι
1084 1520 1234 1591 νέμω
1264 1518 1389 1574 τινὰ
1422 1518 1615 1589 σχολὴν
1639 1520 1703 1571 ὲκ
1728 1516 1822 1570 τοῦ

250 1620 370 1689 βίου
397 1618 475 1687 τῷ
512 1616 606 1670 καὶ
629 1614 728 1686 τὴν
761 1612 1005 1681 γλώτταν
1028 1610 1397 1683 καθήρασθαι,
1437 1612 1530 1683 καὶ
1562 1609 1662 1680 τὴν
1684 1608 1824 1678 γνώ-

250 1728 363 1781 μην
390 1711 523 1781 ήδίω
548 1707 816 1778 γενέσθαι.
879 1706 1071 1777 Ἐνῆγε
1094 1706 1202 1777 γὰρ
1231 1704 1428 1767 αὐτοὺς
1458 1706 1538 1767 είς
1565 1702 1626 1756 τὸ
1656 1719 1824 1756 κατα-

243 1804 467 1857 δικάσαι
496 1818 595 1871 μου
624 1799 759 1871 πρὸς
786 1797 953 1869 μόνην
984 1796 1204 1851 παιδιὰν
1233 1794 1535 1865 ἐπιτήδειον
1565 1789 1724 1858 εἶναι,
1759 1793 1822 1846 τὸ

242 1898 350 1960 τὰς
373 1892 750 1965 Κυνηγετικὰς
797 1893 863 1945 ὲκ
896 1891 998 1961 τῆς
1024 1892 1201 1951 οἰκίας
1242 1890 1342 1943 οὐκ
1369 1884 1464 1942 οἷδ’
1488 1888 1635 1950 ὅπως
1665 1886 1818 1958 διαρ-

246 1989 476 2059 ρυείσας
500 2029 514 2051 ,
560 1984 959 2054 σπουδασθῆναι
1000 1982 1362 2053 διαφερόντως
1389 1979 1493 2033 ὑπὸ
1525 1979 1821 2032 νεανίσκων

244 2081 432 2143 ἐνίων,
478 2072 560 2142 οἷς
609 2075 962 2148 Ἑλληνισμοῦ
988 2092 1049 2129 τε
1086 2074 1180 2127 καὶ
1215 2073 1433 2144 χάριτος
1478 2071 1637 2141 ἔμελε
1660 2085 1674 2102 ·
1725 2070 1819 2125 καί

241 2188 369 2225 τινα
392 2169 500 2223 τῶν
521 2170 587 2222 ὲκ
612 2167 897 2238 ποιητικῆς
931 2164 1207 2235 ἐπιμελῶς
1253 2164 1443 2233 ἔχοντα
1460 2200 1476 2225 ,
1521 2164 1615 2216 καὶ
1638 2178 1819 2232 παρα-

240 2262 527 2318 δεικνύντα
553 2278 605 2316 τι
632 2261 730 2331 τῆς
760 2258 992 2331 ἀρχαίας
1036 2258 1220 2329 χειρός
1244 2275 1258 2288 ·
1313 2258 1451 2327 ὅπερ
1484 2256 1703 2310 ἐπὶτῶν
1724 2258 1819 2311 ἀν-

240 2356 508 2427 δριάντων
554 2354 732 2421 λέγειν
778 2351 1069 2423 εἰώθαμεν.
1148 2350 1288 2405 Ἀλλ’
1331 2351 1554 2405 ἐκείνων
1593 2351 1643 2404 οἱ
1693 2350 1814 2420 μὲν,

240 2448 482 2519 ἀμαθίας
508 2446 818 2517 ἡγουμένης
843 2446 935 2500 τοῦ
966 2446 1221 2514 θράσους,
1254 2443 1663 2516 προχειρότατοι
1682 2442 1817 2497 πάν-

237 2555 351 2591 των
373 2537 478 2591 εἰσὶ
511 2538 638 2605 περὶ
661 2536 757 2589 τοῦ
785 2536 920 2589 Θεοῦ
949 2534 1292 2605 διαλέγεσθαι
1317 2551 1330 2565 ·
1358 2529 1441 2599 οἷς
1470 2534 1536 2588 ἂν
1563 2534 1811 2607 ἐντύχῃς,

236 2630 406 2694 εὐθὺς
454 2629 661 2701 ἀκούσῃ
701 2629 824 2683 τινὰ
852 2628 980 2699 περὶ
1010 2628 1118 2682 τῶν
1153 2628 1551 2696 ἀσυλλογίστων
1575 2626 1817 2694 συλλογι-

240 2725 426 2796 σμῶν·
456 2725 548 2777 καὶ
588 2722 662 2794 μὴ
691 2722 959 2792 δεομένων
986 2720 1308 2775 ὲπαντλοῦσι
1338 2720 1447 2775 τῶν
1478 2719 1671 2789 λόγων,
1707 2719 1815 2791 ίδίᾳ

233 2834 294 2870 τι
333 2815 472 2869 δοκῶ
517 2832 605 2885 μοι
652 2815 907 2885 διαφέρον
940 2814 1143 2879 αὐτοῖς.
1201 2813 1333 2867 Ἀπὸ
1376 2812 1486 2884 γὰρ
1518 2810 1721 2865 τούτων
1754 2811 1815 2863 ὲν

232 2913 361 2974 ταῖς
411 2908 628 2962 πόλεσιν
673 2911 721 2961 οἱ
768 2906 1215 2977 δημοδιδάσκαλοι
1259 2906 1525 2975 γίνονται,
1560 2906 1590 2958 ὁ
1616 2903 1813 2957 ταύτόν

236 3002 364 3074 [γρ.
495 3003 608 3052 ἐστι
636 3000 730 3053 καὶ
762 2999 822 3051 τὸ
854 2997 1022 3068 κέρας
1047 2997 1148 3066 τῆς
1184 2996 1539 3065 Ἀμαλθείας,
1578 2988 1623 3063 ᾧ
1664 2990 1813 3049 οὗτοι

232 3113 303 3165 γε
332 3096 442 3148 δεῖν
472 3092 675 3146 οἴονται
707 3090 963 3162 χρῆσθαι.
1029 3086 1439 3155 Ἑπιγινώσκεις
1459 3128 1473 3151 ,
1503 3085 1653 3158 οἶμαι
1674 3126 1689 3150 ,
1749 3085 1810 3140 τὸ

1420 390 1527 448 ΕΗ
1537 390 1803 449 STOLIE.
1818 425 1885 435 —
1916 394 2132 454 EPIST.
2167 398 2343 455 CLIII.

1853 507 1905 567 Δ

3357 412 3497 472 1554

2444 510 2777 569 EPISTOLA
2804 514 2981 571 CLIII.

2382 603 2713 676 Philosophw
2752 610 3040 677 magistrar.

2000 692 2144 746 Duos
2197 694 2301 748 hoc
2344 712 2485 750 anno
2542 698 2715 753 libros
2762 699 2950 765 edidi,
3005 700 3235 757 alterum
3292 719 3321 757 a
3362 703 3493 775 Deo,

1927 786 2153 839 alterum
2208 788 2473 843 conviciis
2555 789 2841 844 hominum
2936 793 3224 861 impulsus.
3283 794 3494 852 Etenim

1926 878 2173 933 nonnulli
2240 880 2577 950 candidum,
2627 883 2834 953 pullum
2894 885 2984 939 alii
3038 887 3294 941 amictum
3358 905 3495 960 pra:-

1926 968 2248 1035 ferentium,
2315 988 2545 1043 peccare
2603 991 2689 1031 me
2742 975 2797 1030 in
2858 977 3261 1050 philosophiam
3313 980 3492 1050 jacta-

1926 1061 2091 1126 bant,
2149 1063 2295 1133 quod
2352 1065 2409 1119 in
2464 1066 2645 1123 verbis
2702 1077 3043 1123 venustatem
3098 1086 3496 1143 numerumque

1924 1164 2310 1224 consectarer;
2341 1161 2486 1228 quod
2512 1158 2578 1214 de
2603 1157 2858 1224 Homero,
2885 1162 3232 1234 propriisque
3267 1166 3494 1219 oratorii

1925 1248 2140 1302 artificii
2191 1249 2379 1319 ﬁguris
2427 1250 2759 1307 mentionem
2808 1252 2977 1306 ullam
3018 1251 3299 1309 facerem:
3336 1256 3497 1326 quasi

1924 1339 2307 1410 phil050phnm
2362 1342 2667 1397 litterarum
2728 1358 2945 1400 osorem
3008 1360 3135 1402 esse
3200 1358 3494 1418 oporteat,

1923 1432 2153 1501 solaque
2177 1432 2484 1487 divinarum
2510 1449 2692 1489 rerum
2722 1435 3145 1507 investigatione
3168 1437 3494 1494 distentum.

1923 1522 1987 1577 Et
2011 1524 2091 1578 illi
2120 1525 2338 1595 quidem
2390 1526 2510 1594 ejus
2553 1526 2699 1598 quod
2733 1529 3092 1600 intelligentia
3127 1533 3495 1601 comprehen-

1922 1614 2072 1671 ditur
2121 1620 2492 1686 speculatores
2544 1629 2673 1675 sunt
2717 1636 2731 1672 :
2776 1621 2907 1676 mihi
2956 1629 3138 1677 autem
3186 1623 3340 1680 nefas
3386 1633 3493 1689 est,

1922 1716 2209 1777 propterea
2250 1710 2393 1779 quod
2424 1712 2521 1765 otii
2563 1712 2802 1782 aliquam
2848 1728 2877 1768 e
2906 1714 3018 1766 vita
3057 1722 3267 1783 partem
3316 1716 3497 1769 exime

1921 1801 1989 1853 ad
2020 1800 2259 1871 linguam
2287 1801 2716 1871 procudendam,
2762 1814 3111 1875 mentemque
3145 1806 3330 1876 aliqua
3358 1807 3497 1860 hila-

1923 1892 2084 1947 ritate
2110 1893 2487 1949 recreandam.
2528 1893 2655 1950 Ideo
2684 1904 2866 1951 autem
2910 1897 3131 1952 adducti
3163 1908 3296 1953 sunt
3325 1908 3385 1954 ut
3409 1917 3494 1955 me

1919 1984 1987 2040 ad
2005 1985 2245 2040 ludricra
2285 1988 2553 2041 duntaxat
2582 1987 2836 2044 idoneum
2874 2004 2996 2045 esse
3026 1990 3298 2055 dicerent,
3332 1992 3493 2061 quod.

1919 2093 2045 2133 cum
2079 2079 2404 2151 Cynegetica
2430 2095 2551 2136 mea
2583 2082 2771 2137 nescio
2802 2081 3078 2152 quomodo
3106 2083 3242 2138 meis
3267 2098 3335 2138 ex
3361 2082 3493 2137 aedi-

1919 2169 2024 2225 bus
2065 2172 2409 2241 ernpissent,
2454 2187 2709 2242 magnum
2742 2172 3008 2243 imprimis
3064 2173 3121 2228 in
3160 2174 3507 2244 quibusdam.

1918 2263 2361 2320 adolescentibus
2385 2265 2697 2320 excitarunt
2728 2265 2969 2320 studium
2993 2266 3099 2332 sui,
3131 2269 3223 2337 qui
3249 2265 3493 2323 Graecam

1919 2354 2229 2411 facundiam
2272 2364 2327 2412 et
2367 2357 2607 2427 leporem
2644 2357 3004 2422 adamarent;
3051 2361 3433 2432 nonnullaque
3459 2376 3494 2416 a

1917 2448 2134 2519 poetica
2187 2463 2311 2503 cum
2356 2448 2542 2505 studio
2588 2447 2867 2519 profecta,
2907 2460 2961 2505 et
3011 2451 3251 2523 antiqua:
3296 2467 3511 2511 manus.

1916 2541 2122 2612 aliquid
2160 2555 2273 2611 prae
2301 2556 2362 2596 se
2393 2541 2621 2595 ferentia
2652 2540 2987 2610 probarent,
3015 2542 3164 2612 quod
3200 2543 3269 2599 de
3292 2544 3510 2601 statuis.

1915 2634 2100 2690 dicere
2126 2634 2390 2689 solemus.
2427 2631 2535 2687 Sed
2582 2632 2729 2687 inter
2760 2632 2885 2688 illos
2920 2633 3036 2699 alii,
3068 2635 3286 2691 inscitia
3312 2635 3492 2691 auda-

1915 2725 2015 2781 ciae
2047 2732 2351 2794 praeeunte,
2391 2723 2637 2778 omnium
2687 2730 2816 2779 sunt
2848 2723 2915 2777 ad
2963 2740 3250 2783 sermones
3279 2726 3347 2782 de
3379 2725 3503 2783 Deo.

1914 2814 2283 2871 instituendos
2311 2816 2745 2885 promptissimi;
2770 2816 2824 2870 in
2851 2832 2990 2886 quos
3016 2818 3060 2873 si
3085 2817 3319 2882 incidas,
3351 2834 3495 2889 quae-
3530 2854 3533 2857 -

1914 2906 2039 2961 dam
2073 2907 2257 2962 statim
2280 2908 2347 2962 de
2373 2922 2657 2977 perperam
2691 2909 2943 2965 collectis
2972 2900 3506 2967 ratiocinationibus.

1913 3001 2101 3056 audies
2137 3019 2151 3056 :
2183 3016 2246 3055 ac
2277 3002 2364 3055 vel
2401 3001 2548 3055 aliud
2592 3003 2883 3071 agentibus
2936 3002 3244 3058 istiusmodi
3277 3018 3493 3059 sermo-

1914 3109 2014 3149 nes
2039 3093 2361 3158 infundunt,
2389 3095 2533 3161 quod
2559 3093 2813 3163 privatim
2848 3109 2969 3155 sua,
2994 3103 3053 3147 ut
3081 3094 3298 3164 opinor,
3328 3094 3492 3149 inter-

233 3193 402 3265 φῦλον
433 3188 587 3243 τοῦτο
610 3186 668 3239 τὸ
696 3184 891 3256 ῥᾴδιον,
917 3184 944 3236 ὃ
961 3182 1234 3237 διαϐάλλει
1256 3182 1507 3251 γενναίαν
1528 3181 1801 3237 ὑπόθεσιν.

1914 3193 2013 3242 est.
2047 3184 2124 3239 Ex
2148 3185 2218 3241 iis
2244 3186 2389 3241 enim
2421 3186 2845 3242 concionatores
2870 3186 2925 3239 in
2952 3186 3268 3241 civitatibus
3301 3187 3437 3241 fiunt
3469 3213 3485 3250 ε

232 3291 384 3363 quod
418 3290 560 3343 idem
608 3294 691 3338 est
738 3296 801 3335 ac
834 3282 879 3335 si
910 3280 1208 3332 Amaltheae
1253 3292 1427 3332 cornu
1461 3277 1693 3343 dixeris,
1747 3292 1857 3350 quo
1895 3279 2115 3350 quidem
2159 3277 2422 3334 utendum
2466 3294 2588 3333 esse
2640 3279 2716 3332 illi
2769 3284 2981 3347 putant.
3024 3276 3327 3347 Agnoscis,
3368 3278 3493 3349 opi-

232 3400 366 3446 nor,
421 3380 635 3434 facilem
690 3390 752 3430 ac
816 3371 1112 3444 proclivem
1161 3368 1445 3423 hominum
1501 3369 1797 3435 nationem,
1838 3384 1958 3438 quae
2016 3384 2341 3439 generosum
2403 3369 2570 3422 animi
2643 3370 2984 3440 propositum
3062 3366 3411 3423 criminatur.

314 3468 476 3529 Οὗτοί
529 3487 595 3540 με
650 3465 914 3537 μαθητιᾷν
963 3462 1174 3522 ἑαυτοῖς
1214 3456 1459 3524 ἀξιοῦσι,
1508 3458 1600 3512 καί
1641 3475 1802 3527 φασιν

230 3564 530 3632 ἀποφανεῖν
564 3557 712 3619 ἐντὸς
740 3554 923 3622 ὀλίγου
947 3552 1014 3603 τὰ
1033 3550 1160 3621 περὶ
1185 3549 1319 3601 Θεοῦ
1347 3548 1799 3618 παντολμότατον,

231 3657 447 3730 ἡμέρας
474 3652 598 3722 ἑξῆς
629 3648 722 3704 καὶ
759 3647 958 3708 νύκτας
987 3641 1268 3713 ἀγορεύειν
1300 3641 1613 3709 δυνάμενον.
1650 3640 1804 3691 Ἕτε-

232 3766 319 3821 ροι
343 3748 398 3799 δὲ
425 3746 473 3799 οί
510 3743 725 3797 κάλλιον
766 3737 1092 3811 ᾐσθημένοι,
1126 3733 1413 3806 παραπολὺ
1459 3732 1660 3784 τούτων
1696 3730 1804 3783 εἰσὶ

229 3838 776 3908 κακοδαιμονέστεροι
814 3829 1094 3900 σοφισταί’
1135 3828 1228 3881 καὶ
1280 3825 1552 3897 βούλοιντο
1597 3823 1695 3893 μὲν
1736 3822 1803 3875 ἂν

228 3933 327 3987 ἐπὶ
365 3934 476 3993 τοῖς
508 3930 690 3991 αὐτοῖς
723 3926 1046 3993 εὐδοκιμεῖν·
1095 3920 1209 3975 ἀλλ’
1247 3916 1531 3988 εὐτυχοῦσι
1567 3916 1629 3968 τὸ
1665 3913 1802 3985 μηδὲ

227 4023 389 4078 τοῦτο
413 4018 686 4074 δύνασθαι.
719 4015 826 4069 Καὶ
848 4010 1177 4080 οἷσθὰκτινας
1203 4010 1261 4061 ὲν
1282 4004 1643 4075 λογιστηρίοις
1669 4004 1802 4056 ἁπο-

226 4114 444 4177 δύντας,
472 4113 504 4183 ἢ
534 4110 748 4173 πάντως
776 4106 881 4159 ἀπὸ
906 4105 1032 4165 μιᾶς
1059 4101 1123 4167 γέ
1154 4117 1246 4153 του
1276 4116 1336 4151 συ
1347 4099 1557 4168 μφορᾶς
1581 4098 1803 4150 ἀναπει-

230 4207 459 4268 σθέντας
496 4205 553 4255 ἐν
585 4197 900 4272 μεσημϐρίᾳ
928 4192 1021 4247 τοῦ
1056 4194 1170 4264 βίου
1212 4191 1541 4260 φιλοσοφεῖν,
1570 4187 1675 4240 ἀπὸ
1704 4186 1802 4255 μό-

227 4317 325 4354 νου
350 4296 442 4349 τοῦ
464 4296 586 4356 τοὺς
617 4292 772 4352 θεοὺς
798 4286 1073 4357 ἀπομόσαι
1094 4324 1109 4347 ,
1142 4284 1235 4336 καὶ
1264 4280 1561 4351 κατομόσαι
1589 4280 1802 4332 Πλατω-

227 4390 430 4450 νικῶς’
456 4385 548 4447 οὓς
581 4384 836 4453 φθάσειεν
865 4378 930 4433 ἂν
968 4380 1001 4448 ἡ
1034 4377 1161 4430 σκιὰ
1208 4373 1552 4445 φθεγξαμένη
1598 4391 1650 4425 τι
1693 4373 1800 4425 τῶν

226 4477 477 4532 δεόντων.
521 4471 676 4541 Δεινὴ
720 4470 777 4522 δὲ
808 4470 955 4538 ὅμως
987 4469 1019 4536 ἡ
1047 4465 1425 4537 προσποίησις.
1465 4465 1537 4516 ’Ἠ
1584 4481 1642 4516 τε
1692 4463 1798 4537 γὰρ

225 4566 420 4635 ὀφρύς,
453 4561 614 4631 βαϐαὶ
658 4560 755 4629 τῆς
798 4557 1109 4619 ἀνατάσεως
1153 4558 1232 4627 είς
1272 4556 1394 4608 ὅσον
1418 4552 1603 4628 ἦρται·
1645 4557 1795 4626 καὶὴ

223 4656 351 4728 χεὶρ
381 4653 648 4725 ὐπερείδει
685 4652 745 4704 τὸ
785 4650 1010 4719 γένειον.
1042 4650 1124 4702 Τά
1157 4666 1218 4701 τε
1247 4649 1381 4703 ἄλλα
1423 4668 1800 4721 σεμνοπροσω-

1979 3459 2137 3529 291
2178 3456 2241 3512 Hi
2286 3473 2372 3513 me
2410 3458 2466 3513 in
2503 3475 2658 3513 suam
2698 3459 2881 3514 venire
2907 3460 3253 3530 disciplinam
3295 3466 3490 3529 postu-

1908 3551 2052 3611 lant,
2101 3551 2363 3621 brevique
2396 3551 2819 3620 repromittunt,
2862 3566 2948 3606 me
2981 3550 3036 3604 in
3082 3549 3287 3605 divinis
3323 3550 3507 3607 rebus.

1909 3642 2334 3696 audacissimum
2365 3657 2465 3697 sua
2499 3656 2664 3711 opera
2701 3641 2946 3696 futurum
2970 3682 2985 3704 ,
3030 3649 3089 3696 ut
3117 3650 3307 3698 noctes
3338 3642 3490 3697 dein-

1908 3746 2038 3801 ceps
2080 3748 2203 3787 cum
2248 3732 2444 3787 diebus
2496 3732 2834 3801 disputando
2874 3732 3083 3803 possim
3129 3733 3483 3805 conjungere.

1907 3823 2033 3884 Alii,
2065 3823 2157 3892 qui
2186 3824 2380 3879 melius
2402 3824 2664 3884 sentiunt,
2692 3823 2849 3894 longe
2876 3832 3006 3879 sunt
3034 3826 3118 3879 his
3150 3825 3486 3882 infeliciores

1909 3916 2187 3985 sephistaa.
2225 3914 2362 3970 Nam
2399 3916 2597 3971 vellent
2639 3916 2676 3971 ii
2722 3916 2940 3987 quidem
2984 3917 3173 3972 eadem
3225 3916 3484 3972 facultate

1906 4005 2132 4071 florere;
2166 4006 2262 4062 sed
2300 4010 2355 4061 in
2390 4022 2456 4061 eo
2487 4007 2675 4062 felices
2698 4016 2860 4071 sunt,
2897 4007 3041 4077 quod
3078 4024 3146 4062 ne
3179 4007 3231 4061 id
3259 4006 3482 4078 quidem

1908 4108 2291 4168 assequentur.
2328 4097 2483 4154 Nosti
2511 4099 2725 4170 aliquos
2749 4140 2763 4163 ,
2794 4099 2887 4169 qui
2916 4099 2971 4153 in
3000 4100 3140 4155 aulis
3165 4099 3482 4155 rationariis

1907 4189 2160 4259 spoliati,
2206 4200 2301 4244 aut
2341 4205 2410 4245 ex
2448 4190 2553 4244 alia
2593 4191 2820 4245 omnino
2858 4191 3167 4246 calamitate
3211 4190 3481 4261 compulsi

1907 4291 2069 4341 sunt.
2109 4290 2169 4337 ut
2212 4281 2267 4336 in
2300 4283 2424 4336 vita:
2462 4283 2619 4352 quasi
2660 4282 2889 4337 meridie
2922 4282 3479 4352 pliilOSOpharentur,

1907 4374 2012 4427 hoc
2057 4373 2177 4444 ipso
2220 4381 2432 4427 tantum
2459 4414 2475 4440 ,
2521 4373 2663 4443 quod
2709 4373 2991 4427 Platonico
3045 4387 3198 4427 more
3240 4371 3483 4442 jurando

1905 4466 2068 4531 deos,
2115 4474 2375 4536 negarent
2407 4465 2610 4535 aliquid
2648 4475 2742 4519 aut
2784 4473 3136 4530 assererem,
3182 4472 3241 4517 ut
3285 4463 3480 4518 umbra

1906 4560 2058 4630 prius
2104 4559 2238 4614 utile
2278 4567 2444 4628 atque
2487 4567 2856 4627 opportunum
2904 4556 3108 4626 aliquid
3140 4555 3355 4610 dictura
3394 4555 3477 4610 vi-

1905 4650 2117 4704 deatur.
2154 4649 2287 4703 Mira
2310 4649 2666 4703 nihilominus
2690 4649 2967 4703 simulatio
2994 4657 3096 4703 est.
3120 4648 3254 4702 Nam
3285 4662 3477 4718 super-

225 4748 423 4804 ποῦσιν
457 4745 598 4815 ὑπὲρ
629 4743 726 4806 τὰς
753 4742 1117 4811 Ξενοκράτους
1142 4742 1373 4805 εἰκόνας.
1404 4741 1473 4794 Οἵ
1502 4758 1565 4809 γε
1592 4742 1683 4795 καὶ
1712 4760 1799 4794 νο·-

1914 4742 2128 4804 cilium,
2179 4742 2361 4811 papae!
2405 4752 2743 4812 quantopere
2785 4741 3081 4796 sublatmn.
3121 4740 3311 4795 Manus
3355 4741 3474 4811 ipsa

226 4840 476 4913 μοθετείν
515 4838 645 4907 ἡμῖν
681 4835 922 4899 ἀξιοῦσιν
977 4835 1111 4887 ἆττα
1161 4833 1311 4901 σφίσι
1357 4833 1797 4898 λυσιτελέστατα,

227 4931 432 5003 μηδένα
466 4928 626 4998 μηδὲν
660 4926 863 4994 ἀγαθὸν
903 4925 1079 4978 εἰδότα
1109 4925 1339 4995 φανερὸν
1371 4921 1527 4977 εἶναι’
1563 4925 1801 4996 ήγούμε-

223 5041 309 5077 νοι
338 5022 484 5091 σφῶν
506 5021 682 5074 αὐτῶν
704 5020 943 5089 ἔλεγχον,
967 5019 1021 5072 εί
1033 5036 1117 5081 τις
1141 5018 1424 5088 φιλόσοφος
1450 5016 1586 5072 εἶναι
1606 5019 1797 5087 δοκῶν,

224 5111 937 5185 ὲπιστήσεταιφθέγγεσθαι.
969 5110 1131 5162 Αὐτοὶ
1163 5109 1268 5180 γὰρ
1299 5110 1364 5162 ἂν
1393 5110 1498 5162 ὐπὸ
1530 5112 1595 5181 τῇ
1625 5128 1795 5180 προσ-

223 5209 443 5279 ποιήσει
489 5206 691 5268 λαθεῖν,
715 5206 808 5259 καὶ
842 5204 989 5270 δόξαι
1014 5202 1263 5256 τᾶνδοθεν
1288 5198 1423 5256 εἶναι
1459 5202 1649 5271 σοφίας
1679 5206 1801 5258 ἀνά-

222 5300 397 5354 πλεω.
440 5301 639 5371 ’Ἄμφω
672 5315 740 5368 με
767 5297 938 5351 τούτω
968 5294 1046 5349 τὼ
1084 5295 1215 5364 γένη
1249 5294 1688 5367 διαϐεϐλήκατον,
1724 5298 1799 5363 ὡς

223 5394 323 5448 ἐπὶ
349 5396 458 5455 τοῖς
484 5392 693 5455 οὐδενὸς
726 5390 892 5455 ἀξίοις
921 5388 1288 5443 ἐσπουδακότα
1308 5403 1321 5417 ·
1369 5388 1429 5440 τὸ
1464 5389 1582 5458 μὲν,
1611 5389 1692 5442 ὅτι
1722 5390 1796 5461 μὴ

1904 4832 2131 4887 barbam
2178 4831 2438 4886 sull‘ulcit.
2474 4830 2534 4885 In
2590 4831 2804 4885 caeteris
2838 4829 3162 4886 Xenocratis
3209 4831 3479 4903 imagines

1903 4928 2089 4983 vultus
2129 4928 2397 4995 gravitate
2443 4935 2724 4995 superant.
2776 4925 2879 4992 Qui
2928 4924 3150 4995 quidem
3202 4925 3364 4979 etiam
3409 4938 3477 4979 ea

1905 5020 2064 5074 nobis
2094 5019 2213 5087 jura
2250 5017 2601 5086 praascribere
2632 5017 3004 5079 contendunt,
3034 5033 3157 5087 quae
3190 5016 3324 5086 ipsis
3359 5015 3474 5071 uti-

1905 5113 2112 5169 lissima
2137 5114 2276 5177 sint;
2311 5127 2379 5164 ne
2406 5110 2561 5180 quis.
2588 5109 2682 5180 qui
2710 5110 2839 5164 boni
2864 5109 3067 5178 aliquid
3098 5108 3266 5171 sciat,
3292 5107 3469 5178 palam

1907 5205 2039 5261 illud
2090 5204 2330 5269 habeat;
2388 5200 2471 5256 sui
2521 5202 2763 5271 ipsorum
2814 5197 3295 5269 reprehensionem
3345 5211 3470 5252 esse

1906 5295 2042 5356 rati,
2089 5292 2134 5346 si
2164 5293 2485 5361 quisquam,
2520 5289 2613 5360 qui
2645 5288 3000 5358 philosophus
3034 5300 3158 5341 esse
3188 5284 3465 5348 videatur,

1905 5384 2192 5457 eloquendi
2226 5384 2297 5439 sit
2327 5399 2434 5437 non
2456 5382 2700 5452 ignarus.
2737 5377 2983 5433 Ita'cnim
3021 5378 3125 5433 sub
3156 5393 3216 5432 ea
3245 5376 3469 5432 simula-
3500 5372 3503 5375 λ

1459 5522 1647 5605 οιοΝ,
1682 5526 1957 5585 PETAVII
2009 5525 2241 5583 norm.

301 5663 412 5734 (9i)
446 5666 755 5734 Accusatus
785 5664 854 5717 ab
884 5664 1155 5733 imperitis
1172 5671 1226 5719 et
1253 5662 1452 5732 ineptis
1476 5664 1793 5723 hominibus

224 5731 409 5807 fuerat
459 5731 745 5804 Synesius,
798 5731 976 5797 quod
1005 5735 1059 5789 in
1120 5731 1405 5790 tractanda
1452 5736 1796 5807 philosophia

222 5804 532 5877 orationem
568 5820 722 5877 suam
752 5813 1039 5877 venustate
1077 5808 1560 5877 sermonistatque
1577 5804 1796 5877 elegan-

225 5878 313 5928 tia.-
344 5874 527 5943 lepore
562 5875 808 5943 condiret
848 5892 859 5927 ε
897 5873 1157 5931 adversus
1186 5894 1323 5946 quos
1357 5875 1433 5930 De
1473 5873 1795 5943 Dioncfscu

1898 5669 1975 5723 De
1996 5669 2099 5722 vita
2132 5683 2229 5719 sua
2276 5663 2595 5730 inscriptum
2645 5658 2855 5730 librum
2892 5656 3061 5730 edidit
3099 5675 3112 5711 :
3165 5670 3340 5730 quem
3354 5671 3466 5730 una

1898 5755 2021 5793 cum
2049 5739 2238 5799 altero,
2270 5733 2345 5786 De
2393 5724 2692 5794 iniomniis,
2734 5735 2789 5784 et
2818 5725 2892 5781 De
2914 5729 3052 5783 dono
3087 5724 3365 5781 astrolabii
3399 5726 3465 5779 ad

1900 5809 2187 5881 llypatiam
2222 5804 2406 5860 mittit.
