4002 6244
507 359 649 420 1555

1544 354 1813 413 SYNESII
1854 352 2322 414 PTOLEMAIDIS
2360 349 2666 414 EPISCOPI

3624 343 3761 400 i556

497 476 645 530 tione
685 470 1010 528 delitescere
1051 486 1112 527 se
1163 479 1353 540 putant
1390 486 1590 542 posse,
1633 481 1692 529 ut
1742 474 1890 528 intus
1929 472 2069 542 pleni

2186 469 2345 524 ταύτὰ
2368 470 2612 541 φλυαρῶ-
2637 469 2697 523 τὸ
2728 469 2787 523 δὲ
2808 509 2823 533 ,
2849 468 2931 522 ὅτι
2958 467 3035 539 μὴ
3063 468 3239 538 στόμα
3267 465 3592 534 συγκλείσας
3616 464 3755 533 ἔχω,

496 577 621 621 esse
641 560 921 631 sapientiae
935 559 1244 615 credantur.
1266 559 1441 615 Ambo
1462 575 1548 616 me
1571 561 1852 617 hominum
1877 576 2075 633 genera

498 652 935 714 calumniantur,
971 651 1130 721 quasi
1164 651 1438 709 inutilium
1466 668 1651 712 rerum
1680 654 1880 711 studiis
1909 669 2077 710 occu-

500 748 685 811 patum
718 755 732 793 :
774 735 906 792 illud
941 737 1194 809 quidem,
1240 740 1386 809 quod
1426 754 1533 795 non
1567 742 1757 798 eadem
1796 742 2076 809 elfutiam;

498 829 603 885 hoc
625 837 829 893 autem,
849 829 998 898 quod
1027 844 1124 885 ore
1158 830 1347 887 clauso
1375 846 1487 888 non
1515 833 1652 899 sim,
1680 849 1859 904 neque
1884 836 2076 891 bovem

499 921 652 976 illum
674 920 871 991 linguae
893 920 1269 991 imposuerim.
1298 922 1579 980 Adversus
1601 924 1741 982 istos
1771 940 1911 998 opus
1943 926 2077 982 illud

497 1011 882 1069 elucubratum
926 1019 1044 1080 est,
1077 1022 1132 1069 et
1159 1013 1376 1070 illorum
1421 1015 1642 1086 quidem
1685 1018 1842 1083 voci,
1884 1019 2079 1073 horum

498 1119 630 1160 vero
685 1103 907 1164 silentio
952 1106 1209 1180 opposuit
1265 1122 1411 1164 sese.
1460 1107 1598 1163 Nam
1655 1110 1763 1167 etsi
1808 1111 2082 1183 praecipue

499 1204 693 1254 contra
732 1206 912 1256 mutos
951 1199 1077 1256 illos
1116 1206 1171 1256 et
1211 1199 1427 1258 invidos
1457 1203 1840 1275 progrediatur
1880 1205 2081 1275 (atque

497 1288 605 1352 hoc
626 1289 803 1361 ipsum
832 1306 994 1361 quam
1017 1299 1143 1361 apta
1169 1301 1332 1364 putas
1361 1308 1427 1349 ac
1451 1306 1681 1353 venusta
1712 1295 2077 1367 figuratione).

498 1381 863 1442 nihilominus
903 1391 958 1439 et
991 1384 1126 1441 illud
1156 1385 1404 1453 invenlt,
1443 1387 1905 1458 quemadmodum
1942 1390 2080 1445 alios

499 1488 610 1530 una
645 1489 863 1545 quoque
894 1476 1174 1543 traheret,
1206 1493 1309 1534 nec
1333 1479 1664 1537 eruditionis
1705 1481 1890 1536 minus
1912 1483 2083 1551 speci-

501 1581 626 1622 men
664 1581 830 1641 quam
860 1570 1192 1640 praeconium
1237 1586 1363 1631 esse
1386 1574 1687 1632 contendit.
1719 1572 1907 1645 Neque
1933 1575 2080 1630 enim

494 1658 776 1729 obiectum
798 1661 1008 1719 crimen
1032 1661 1241 1731 ejuravi
1260 1703 1275 1728 ,
1305 1664 1400 1719 sed
1421 1703 1438 1730 ,
1470 1679 1579 1735 quo
1606 1665 1845 1735 amplius
1872 1666 2082 1722 morde-

502 1761 715 1818 rentur,
740 1753 998 1825 pleraque
1019 1754 1390 1821 ambitiosius,
1423 1772 1731 1828 magnoque
1752 1773 1876 1815 cum
1897 1760 2081 1815 studio

502 1845 758 1901 tractavi.
809 1834 1110 1916 Progressu
1166 1848 1385 1904 tandem
1433 1849 1554 1920 ipso
1610 1849 1665 1903 in
1724 1851 1850 1905 vitae
1900 1857 2080 1907 status

505 1938 836 2009 inquirens,
887 1941 1289 2012 philosophiam
1343 1944 1691 2000 commendat
1731 1984 1747 2007 ,
1818 1954 2081 2017 tanquam

503 2040 747 2097 statuum
784 2036 1059 2101 omnium,
1098 2037 1587 2109 conditionumque
1623 2040 1746 2094 vitae
1799 2040 2083 2111 sapientis-

504 2125 735 2191 simam.
773 2143 938 2203 quam
976 2129 1290 2199 cujusmodi
1324 2145 1448 2187 esse
1485 2139 1739 2204 oportere
1776 2133 2081 2203 putandum
2125 2198 2131 2208 I

503 2219 577 2274 sit
594 2260 610 2280 .
633 2234 699 2274 ex
719 2233 886 2290 opere
910 2220 1031 2291 ipso
1055 2220 1233 2279 disce.
1258 2221 1484 2277 Domum
1510 2223 1842 2279 scriniorum
1874 2234 2083 2281 nostro-

502 2325 626 2368 rum
662 2312 1040 2381 purgationem
1070 2313 1311 2371 continet
1342 2353 1358 2376 ,
1389 2313 1591 2383 quibus
1624 2325 1678 2369 et
1711 2314 1847 2383 ipsis
1883 2315 2084 2370 nonni-

502 2404 583 2467 hil
611 2413 729 2460 erat
756 2404 1158 2464 criminatiouis
1180 2421 1488 2475 aspersum,
1524 2407 1672 2476 quod
1703 2406 2083 2462 inemendatos

502 2495 675 2552 libros
698 2495 985 2561 haberent.
1013 2495 1149 2569 Nam
1180 2513 1248 2553 ne
1275 2497 1437 2569 292
1459 2497 1529 2553 ab
1552 2498 1620 2554 iis
1640 2497 1861 2567 quidem
1886 2497 2082 2553 furiosi

506 2600 571 2643 ac
623 2586 774 2644 lividi
834 2587 1086 2645 homines
1146 2588 1554 2644 abstinuerunt.
1592 2586 1713 2643 Jam
1770 2589 1818 2645 si
1870 2589 2083 2660 singula

504 2693 750 2751 congruo
789 2679 985 2736 ordine
1020 2680 1263 2752 digesta,
1314 2690 1369 2737 et
1402 2682 1587 2737 omnia
1636 2698 1760 2737 cum
1801 2683 1982 2753 specie
2019 2696 2084 2738 ac

502 2770 709 2855 decore
734 2772 970 2843 quodam
994 2773 1261 2843 explicata
1287 2813 1303 2838 ,
1332 2781 1496 2844 atque
1542 2781 1852 2845 opportune
1892 2774 1961 2830 ad
1988 2788 2084 2832 eas

503 2878 628 2934 quae
670 2864 868 2934 ubique
911 2874 1277 2930 promuntur,
1321 2865 1726 2937 disputationes
1777 2868 2082 2931 transitus;

504 2955 555 3010 si
586 2970 712 3010 cum
757 2954 1013 3023 pluribus
1046 2957 1320 3026 capitibus
1366 2956 1772 3028 distinguatur,
1816 2957 1882 3012 ad
1913 2958 2083 3013 divini

506 3047 1083 3116 operisimitationcm
1108 3090 1122 3111 ,
1163 3047 1379 3104 Phaedri
1412 3048 1645 3112 scilicet,
1673 3064 1834 3119 quem
1864 3049 1932 3106 de
1966 3064 2084 3104 om-

2181 562 2273 616 καὶ
2302 562 2393 615 τὸν
2435 561 2560 632 βοῦν
2597 560 2687 614 τὸν
2729 561 2936 617 ἐκεῖνον
2966 560 3058 613 ἐπὶ
3096 560 3195 631 τῆς
3231 557 3473 628 γλώττης
3516 555 3757 626 τεθεμαι.

2191 652 2314 705 Ἐπὶ
2337 650 2546 715 τούτοις
2574 651 2829 721 συνετέθη
2856 649 2919 703 τὸ
2951 648 3290 720 σύγγραμμα
3308 689 3324 714 ,
3353 651 3449 703 καὶ
3474 648 3759 717 ἀπήντησε

2176 742 2287 799 τῶν
2320 743 2419 814 μὲν
2445 744 2513 814 τῇ
2542 745 2712 815 φωνῇ,
2741 743 2848 797 τῶν
2873 743 2929 797 δὲ
2956 745 3026 814 τῇ
3051 744 3196 813 σιγῇ.
3226 741 3505 813 Προῆκται
3532 739 3636 810 μὲν
3656 739 3761 809 γὰρ

2178 835 2256 898 ὡς
2298 835 2391 888 ἐπὶ
2418 834 2642 899 τούτους
2684 835 2882 898 αὐτοὺς
2907 834 3034 897 τοὺς
3061 833 3308 904 ἀφώνους
3332 850 3391 886 τε
3432 833 3531 886 καὶ
3564 831 3764 901 βασκά-

2179 942 2324 992 νους,
2352 926 2492 995 (πῶς
2516 926 2618 980 olet
2665 926 2782 997 μετ’
2828 924 3139 998 εὐπρεποῦς
3168 925 3263 978 τοῦ
3308 926 3657 996 σχήματος,)
3702 923 3760 976 ού

2182 1019 2290 1092 μὴν
2311 1019 2427 1074 ἀλλ’
2457 1018 2700 1092 ἐξεῦρεν,
2747 1019 2823 1084 ὡς
2855 1019 2922 1074 ἂν
2948 1019 3236 1083 κάκείνους
3281 1016 3761 1087 συνεφελκύσαιτο.

2179 1110 2292 1166 Καὶ
2318 1110 2566 1181 βούλεται
2594 1112 2693 1182 μὲν
2740 1110 3110 1182 πολυμαθείας
3138 1110 3238 1181 οὐχ
3281 1104 3447 1181 ἦττον
3467 1108 3763 1175 ἐπίδειξις,

2180 1204 2214 1276 ἢ
2244 1203 2520 1276 ἐγκώμιον
2555 1199 2694 1258 εἷναι
2714 1245 2729 1270 ,
2775 1203 2838 1256 οὐ
2870 1203 2979 1275 γὰρ
3011 1203 3376 1273 ἐξωμοσάμην
3406 1201 3509 1264 τὰς
3548 1200 3763 1263 αἰτίας

2180 1295 2294 1350 ἀλλ’
2329 1295 2395 1350 ἶν’
2421 1294 2502 1349 ἐτι
2537 1294 2738 1366 μᾶλλον
2772 1294 3002 1366 ἀνιῷντο
3026 1336 3041 1360 ,
3078 1292 3251 1365 συχνὰ
3278 1294 3371 1348 καὶ
3398 1294 3763 1363 πεφιλοτίμη-

2184 1404 2303 1459 μαι.
2344 1387 2540 1459 Προῖὸν
2567 1387 2626 1441 δὲ
2654 1387 2786 1458 βίων
2822 1386 3061 1457 αἱρέσεις
3089 1386 3385 1453 ἐξετάζειν,
3427 1386 3651 1439 ἐπαινεί
3674 1383 3763 1455 τὴν

2182 1478 2519 1548 φιλοσοφίαν,
2558 1478 2634 1541 ὡς
2673 1478 3115 1548 φιλοσοφωτάτην
3154 1477 3445 1549 αἱρέσεων,
3490 1477 3566 1547 ἣν
3609 1476 3765 1530 ποίαν

2180 1570 2306 1624 τινὰ
2328 1570 2571 1642 νομίζειν
2598 1564 2737 1624 εἶναι
2763 1569 2891 1642 χρὴ,
2916 1567 3014 1623 τοῦ
3044 1568 3248 1640 βιϐλίου
3268 1568 3567 1622 πυνθάνου.
3587 1568 3767 1621 Τελεσ-

2181 1661 2290 1716 τῶν
2317 1661 2398 1725 δὲ,
2428 1662 2524 1715 καὶ
2556 1660 2698 1733 ὑπὲρ
2724 1661 2833 1717 τῶν
2861 1660 3132 1715 κιϐωτίων
3164 1660 3594 1732 ἀπολελόγηται,
3623 1661 3768 1731 σχόν-

2182 1772 2290 1809 των
2318 1753 2441 1809 τινὰ
2462 1755 2555 1808 καὶ
2578 1754 2782 1808 τούτων
2810 1753 3012 1819 αἰτίαν,
3057 1752 3360 1825 ἀδιόρθωτα
3384 1752 3662 1825 κρύπτειν
3690 1753 3765 1823 $5-

2182 1845 2324 1901 ϐλία.
2351 1844 2426 1899 Οὐ
2445 1844 2554 1916 γὰρ
2568 1844 2691 1898 οὐδὲ
2712 1844 2820 1899 τῶν
2836 1843 3092 1897 τοιούτων
3110 1843 3162 1896 οἱ
3186 1842 3422 1914 τελχίνες
3438 1843 3763 1912 ἀπέσχοντο.

2182 1939 2246 1992 El.
2270 1938 2328 1992 δὲ
2352 1938 2582 1993 ἕκαστον
2601 1939 2659 1991 ἐν
2682 1936 2834 2002 τάξει
2852 1938 2921 2007 τῇ
2946 1934 3320 2008 προσηκούσῃ,
3342 1934 3439 1989 καὶ
3464 1935 3652 1991 πάντα
3675 1936 3763 1987 σὺν

2182 2029 2321 2102 ὥρᾳ,
2355 2030 2447 2084 καὶ
2479 2027 2727 2099 ἀφορμαὶ
2757 2027 2965 2081 δίκαιαι
2998 2025 3109 2080 τῶν
3138 2024 3447 2096 ἑκασταχοῦ
3484 2043 3768 2096 προκεχει-

2187 2120 2477 2191 ρισμένωνο
2518 2119 2615 2171 καὶ
2643 2120 2693 2172 εἰ
2733 2117 3017 2189 μερίζεται
3065 2117 3163 2188 μὲν
3196 2116 3405 2170 πλείοσι
3452 2117 3766 2185 κεφαλαίοις

2184 2210 2324 2267 κατά
2364 2211 2426 2265 τὸ
2474 2210 2759 2264 θεσπέσιον
2796 2209 3070 2281 γράμμα,
3106 2209 3196 2263 τὸν
3246 2210 3498 2281 Φαῖδρον,
3537 2212 3605 2263 ὃν
3652 2213 3769 2282 περὶ

2185 2305 2402 2360 πάντων
2431 2302 2568 2374 ὁμοῦ
2592 2302 2700 2356 τῶν
2722 2302 2879 2357 εἱδῶν
2904 2299 2999 2354 τοῦ
3034 2300 3198 2355 καλοῦ
3225 2301 3452 2356 Πλάτων
3479 2302 3764 2373 ἐξήνεγκε·

2187 2394 2571 2465 μεμηχάνηται
2594 2393 2651 2447 δὲ
2676 2393 2888 2447 ἅπαντα
2913 2393 3157 2447 συνεύειν
3186 2394 3265 2456 είς
3286 2392 3344 2446 ἒν
3380 2393 3444 2445 τὸ
3473 2394 3771 2463 προκείμεο

2185 2502 2295 2540 νον⁶
2318 2486 2412 2539 καὶ
2436 2487 2489 2539 ετ
2514 2502 2616 2539 που
2637 2484 2832 2554 γέγονε
2855 2484 3040 2549 πίστις
3062 2484 3378 2557 ὑφέρπουσα
3405 2484 3473 2538 τὸ
3500 2484 3771 2537 ὑπτιάσαν

2184 2577 2448 2649 διήγημα·
2470 2576 2564 2632 καὶ
2591 2577 2640 2629 εί
2671 2574 2959 2647 προῆλθεν,
2986 2574 3062 2639 ὼς
3091 2577 3149 2629 ἐν
3176 2574 3462 2639 τοιούτοις,
3498 2576 3771 2640 ἀπόδειξις

2186 2672 2252 2725 ἐκ
2284 2671 2383 2741 τῆς
2421 2670 2677 2734 πίστεωςο
2712 2668 2808 2724 καὶ
2830 2670 2881 2725 εί
2910 2668 2970 2723 τὸ
3002 2669 3068 2723 δι’
3098 2669 3227 2724 ἄλλο
3251 2670 3570 2740 γενόμενον·
3604 2670 3773 2723 ταῦτα

2189 2762 2289 2834 μὲν
2316 2760 2511 2832 τέχνης
2540 2761 2605 2815 ἂν
2635 2762 2720 2832 εἴη
2753 2760 2901 2832 δῶρα
2927 2760 3023 2815 καὶ
3063 2758 3297 2830 φύσεως.
3341 2761 3535 2824 Ὅστις
3582 2760 3643 2813 δὲ
3680 2762 3775 2814 οὐκ

2186 2850 2535 2922 ἀγύμναστος
2565 2851 2914 2922 ἐπιφωράσαι
2955 2868 3009 2905 τι
3037 2851 3132 2905 καὶ
3164 2851 3457 2922 πρόσωπον
3496 2850 3649 2904 θεῖον
3678 2851 3776 2904 ὑπὸ

2188 2940 2506 3012 φαυλοτὲρῳ
2551 2941 2927 3011 κρυπτόμενον
2988 2940 3267 3010 σχήματιο
3312 2940 3505 3012 ὥσπερ
3562 2940 3776 2993 ἐποίουν

2200 3030 2490 3103 Ἀθήνῃσιν
2527 3032 2577 3084 οἱ
2620 3030 2962 3103 δημιουργοὶ,
3020 3030 3339 3102 Ἀφροδίτην
3388 3031 3486 3084 καὶ
3526 3032 3776 3100 Χάριτας

505 3137 669 3194 nibus
716 3137 885 3198 simul
934 3138 1227 3208 generibus
1271 3137 1485 3209 pulchri
1530 3138 1703 3195 edidit
1758 3137 1960 3207 Plato;
2014 3139 2080 3195 ad

2189 3123 2285 3177 καὶ
2304 3121 2529 3176 τοιαῦτα
2558 3121 2725 3193 κάλλη
2765 3122 2902 3175 θεῶν
2935 3122 3216 3192 ἀγάλμασι
3250 3122 3521 3193 Σειληνῶν
3564 3124 3664 3178 καὶ
3686 3124 3779 3179 Σα-

506 3245 679 3298 unum
721 3236 902 3293 tamen
948 3229 1134 3289 omnia
1186 3230 1526 3299 propositum
1562 3242 1901 3299 scopumque
1937 3229 2083 3285 colli~

506 3327 708 3386 neant;
760 3320 938 3383 sicubi
973 3310 1169 3389 supina
1227 3334 1292 3375 ac
1337 3320 1530 3389 iacens
1581 3320 1830 3375 narratio
1887 3319 2085 3377 idonea

499 3415 825 3486 probatione
859 3411 1082 3477 sullulta
1114 3422 1227 3480 est;
1253 3422 1309 3471 et
1338 3429 1406 3469 ex
1433 3412 1778 3484 probatione,
1811 3421 2085 3483 quatenus

506 3508 564 3565 in
612 3506 882 3577 ejusmodi
920 3521 1043 3563 esse
1080 3513 1260 3576 potest
1290 3545 1305 3570 ,
1344 3512 1467 3562 orta
1517 3504 1917 3563 demonstratio
1963 3515 2086 3572 est,

505 3608 564 3661 et
604 3598 659 3654 id
695 3598 841 3670 quod
882 3613 1051 3655 causa
1097 3598 1329 3654 alterius
1372 3596 1708 3655 assumitur:
1756 3596 1873 3652 haec
1900 3598 2085 3652 omnia

507 3703 709 3753 munus
746 3689 882 3745 artis
928 3697 983 3755 et
1031 3698 1242 3753 natura}
1291 3689 1515 3745 fuerint.
1572 3686 1679 3744 Sed
1721 3688 1976 3758 quisquis
2016 3688 2085 3744 ad

507 3780 751 3843 divinam
792 3780 1030 3850 aliquam
1081 3779 1276 3837 faciem
1303 3821 1319 3843 ,
1360 3794 1483 3850 quae
1524 3779 1630 3834 sub
1676 3779 1854 3835 viliori
1912 3778 2085 3834 forma

508 3872 710 3936 lateat,
744 3870 1170 3942 dignoscendam
1204 3872 1426 3941 minime
1466 3871 1619 3925 rudis
1664 3879 1749 3927 est
1786 3878 1842 3926 et
1872 3871 2087 3925 inexer-

435 3967 450 3993 τ
509 3962 734 4028 citatus,
752 3960 1208 4031 quemadmodum
1225 3959 1454 4015 Athenis
1471 3954 1709 4014 artifices
1733 3957 2084 4022 factitabant,

404 4056 439 4115 ξ,
509 4056 606 4127 qui
652 4054 916 4117 Venerem
942 4092 957 4115 ,
995 4060 1089 4116 aut
1126 4050 1383 4115 Gratias,
1429 4061 1764 4121 caeterasque
1819 4051 1871 4107 id
1913 4067 2086 4122 genus

510 4148 798 4215 numinum
820 4143 1276 4216 pulchritudines.
1315 4142 1624 4201 Silenorum
1655 4159 1720 4198 ac
1762 4143 2082 4216 Satyrorum

511 4237 823 4299 simulacris
860 4236 1212 4292 vestiebant:
1268 4234 1426 4289 facile
1469 4235 1518 4290 is
1563 4234 1938 4305 deprehendet
1992 4236 2086 4291 illo

512 4328 568 4391 in
607 4342 769 4397 Opere
820 4327 1107 4383 innumera
1144 4323 1399 4395 dogmata
1431 4339 1499 4381 ex
1539 4325 1715 4381 sacris
1761 4326 2087 4398 arcanisque

511 4418 803 4483 declarari,
840 4431 983 4487 quae,
1029 4414 1175 4486 quod
1207 4430 1672 4486 supervacuorum
1707 4424 1873 4487 atque
1907 4416 2079 4471 inuti-

2185 3214 2366 3287 τύρων
2392 3214 2781 3286 ἀμπίσχοντεςο
2818 3211 3008 3267 τοῦτον
3036 3213 3096 3267 ού
3136 3214 3360 3286 λήσεται
3397 3214 3461 3268 τὸ
3492 3216 3737 3285 γράμμα
3758 3255 3774 3275 ,

2188 3306 2359 3379 συχνὰ
2409 3306 2505 3361 καὶ
2549 3306 2659 3360 τῶν
2720 3305 3003 3378 ἀϐεϐήλων
3049 3306 3407 3377 ἀποκαλύψαν
3462 3306 3777 3377 δογμάτων.

2197 3398 2333 3456 ’Υπὸ
2364 3400 2431 3470 τῇ
2461 3398 2821 3471 προσποιήσει
2848 3398 2942 3452 τοῦ
2974 3397 3265 3469 παρέλκειν
3308 3399 3535 3471 ἐτέρους
3579 3399 3778 3455 λανθά-

2186 3510 2367 3557 νοντα,
2396 3493 2489 3549 καὶ
2516 3491 2595 3566 τῷ
2640 3491 2761 3548 λίαν
2789 3493 2944 3564 είκῆ,
2986 3493 3080 3546 καὶ
3108 3493 3182 3556 ὡς
3214 3492 3282 3546 ἂν
3325 3493 3529 3558 δόξειεν
3560 3495 3780 3565 ἀφελῶς

2185 3581 2634 3654 ἐγκατεσπάρθαι
2679 3582 2756 3653 τῷ
2787 3582 2950 3654 λόγῳ.
2980 3583 3101 3639 Τῶν
3134 3583 3234 3656 μὲν
3259 3582 3368 3653 γὰρ
3397 3585 3463 3637 ἐκ
3489 3584 3600 3654 τῆς
3635 3586 3785 3658 σελη-

2186 3675 2378 3746 νιακῆς
2407 3677 2587 3738 αἰτίας
2626 3673 2947 3744 ἀποψύξεων
2971 3675 3023 3732 οἱ
3060 3675 3340 3741 νοσοῦντες
3369 3675 3677 3747 ἐπιληψίαν
3698 3680 3783 3734 ai-

2188 3766 2473 3820 σθάνονται
2517 3765 2696 3836 μόνον·
2743 3765 2852 3817 τῶν
2879 3765 2936 3818 δὲ
2978 3764 3121 3818 κατὰ
3148 3764 3272 3819 νοῦν
3299 3764 3571 3818 ἐπιϐολῶν
3618 3767 3784 3836 μόνον

2185 3857 2427 3927 δέχονται
2443 3858 2540 3920 τὰς
2567 3855 2885 3927 ἐκλάμψεις,
2907 3851 2987 3919 οἷς
3006 3855 3305 3924 ὑγιαίνουσι
3327 3858 3387 3910 τὸ
3408 3858 3601 3929 νοερὸν
3626 3860 3784 3930 ὄμμα

2187 3951 2303 4020 φῶς
2331 3950 2560 4004 ἀνάπτει
2591 3949 2848 4019 συγγενὲς
2880 3949 2909 4001 ὁ
2941 3947 3092 4015 Θεὸς,
3136 3948 3164 4001 ὃ
3205 3952 3316 4013 τοῖς
3345 3967 3404 4002 τε
3437 3955 3660 4020 νοεροῖς
3684 3953 3781 4007 τοῦ

2186 4042 2346 4107 νοεῖν,
2379 4041 2473 4093 καὶ
2512 4041 2625 4102 τοῖς
2654 4041 2867 4108 νοητοῖς
2901 4038 3073 4092 αἴτιον
3098 4038 3194 4092 τοῦ
3229 4040 3487 4094 νοεῖσθαι·
3522 4043 3786 4114 καθάπερ

2184 4132 2247 4185 τὸ
2275 4131 2402 4203 τῇδε
2430 4129 2544 4201 φῶς
2568 4129 2691 4199 ὄψιν
2723 4128 2982 4185 συνάπτει
3003 4128 3079 4199 τῷ
3106 4128 3381 4201 χρώματι,
3415 4132 3519 4187 κᾶν
3545 4134 3784 4207 ἀφέλῃς,

2187 4220 2473 4293 παρόντος,
2512 4222 2547 4289 ἡ
2587 4219 2721 4291 πρὸς
2748 4218 2881 4271 αὐτὸ
2912 4218 3143 4290 δύναμις
3175 4220 3556 4293 ἀνενέργητος.
3606 4226 3785 4297 Ὑπὲρ

2184 4314 2250 4385 δὴ
2272 4312 2476 4366 τούτων
2500 4311 2755 4367 ἁπάντων
2782 4328 2842 4364 σε
2874 4310 3164 4382 κρίνουσαν
3202 4313 3636 4384 περιμενοῦμεν.
3664 4316 3787 4369 Κάν

2192 4405 2289 4476 μὲν
2320 4403 2529 4475 ψηφίσῃ
2561 4401 2908 4474 προσοιστέον
2931 4398 3093 4463 εἶναι.
3130 4404 3384 4475 ῥήτορσιν
3412 4405 3529 4477 ἅμα
3557 4409 3660 4461 καὶ
3690 4426 3787 4477 φι-

512 4510 647 4564 lium
695 4511 936 4581 speciem
984 4507 1257 4571 habeant,
1318 4506 1576 4577 quodque
1617 4516 1850 4573 temere,
1902 4517 1991 4574 et,
2037 4516 2085 4562 ul

2203 4496 2449 4565 λοσόφοις
2481 4494 2819 4550 ὲκκείσεται”
2854 4495 2979 4558 τοὺς
3033 4494 3133 4566 μὲν
3180 4494 3287 4567 γὰρ
3328 4496 3490 4566 ἥσει,
3540 4499 3677 4563 τοὺς
3726 4499 3790 4554 δὲ

513 4600 749 4665 videtur,
786 4598 1110 4668 simpliciter
1144 4598 1376 4653 orationi
1406 4598 1656 4670 inspersa
1680 4599 1823 4663 sint,
1859 4607 2089 4655 caeteros

514 4691 773 4754 facillime
802 4691 1027 4745 lateant.
1071 4690 1538 4756 Quemadmodum
1572 4691 1719 4745 enim
1753 4704 1875 4759 quae
1903 4704 1934 4743 a
1960 4690 2090 4745 luna

514 4783 768 4843 oriuntur
809 4780 1249 4851 refrigerationes
1292 4781 1360 4836 ab
1387 4782 1454 4836 iis
1488 4780 1755 4841 duntaxat
1793 4781 1886 4852 qui
1927 4782 2093 4837 comi-

515 4864 632 4940 tiali
679 4874 875 4932 morbo
925 4873 1215 4939 laborant,
1258 4873 1620 4929 sentiuntur:
1676 4874 1758 4929 sic
1804 4874 2089 4929 notionutn

516 4967 716 5029 mentis
756 4965 1149 5027 illustrationes
1177 4964 1280 5020 soli
1310 4964 1386 5018 illi
1416 4964 1639 5035 capiunt
1664 4964 1865 5033 quibus
1895 4979 2088 5018 sanum

517 5058 719 5117 mentis
746 5058 962 5113 oculum
993 5071 1056 5109 ac
1084 5052 1406 5110 deformatum
1435 5055 1764 5110 habentibus
1793 5063 2089 5124 cognatum

518 5149 663 5215 Deus
689 5150 868 5210 lumen
898 5147 1148 5205 accendit
1174 5162 1188 5198 :
1217 5162 1337 5218 quae
1355 5155 1410 5202 et
1435 5147 1796 5217 intelligentia
1823 5146 2089 5217 praeditis,

520 5241 888 5312 intelligendi,
932 5249 985 5295 et
1024 5240 1091 5293 iis
1120 5256 1242 5310 qua),
1269 5238 1685 5308 intelliguntur,
1718 5254 1883 5297 causa
1918 5248 2003 5294 est
2032 5245 2091 5293 ut

522 5329 916 5401 intelligantur.
939 5326 1101 5383 Velut
1125 5337 1371 5392 nostrum
1392 5327 1524 5389 illud
1550 5329 1884 5398 aspectabile
1906 5330 2091 5385 lumen

521 5421 742 5477 oculum
785 5434 909 5473 cum
946 5420 1129 5473 colore
1169 5419 1488 5490 conjungit;
1535 5435 1644 5490 quo
1686 5432 1986 5490 praesente,
2043 5422 2090 5477 si

524 5514 707 5574 lumen
738 5512 1028 5569 sustuleris
1053 5552 1069 5577 ,
1108 5516 1286 5570 otiosa
1332 5515 1483 5569 illius
1515 5515 1731 5570 videndi
1774 5515 2004 5571 facultas
2039 5524 2094 5571 et

527 5607 643 5663 sine
671 5606 884 5669 actione
908 5614 1109 5661 manet.
1136 5606 1210 5662 De
1242 5609 1309 5663 iis
1338 5608 1591 5664 omnibus
1621 5619 1771 5665 tuum
1801 5610 2089 5665 arbitrium

526 5698 986 5768 exspectabimus.
1007 5697 1089 5752 Ac
1139 5699 1186 5753 si
1243 5700 1461 5769 quidem
1521 5701 1905 5770 proferendum
1954 5717 2092 5772 opus

531 5788 674 5852 istud
708 5804 831 5848 esse
857 5789 1169 5851 decreveris
1190 5833 1204 5858 ,
1238 5792 1553 5850 oratoribus
1578 5793 1731 5867 juxta
1766 5802 1819 5849 et
1851 5793 2092 5871 philoso-

2191 4586 2391 4659 ὀνήσει·
2418 4587 2632 4651 πάντως
2664 4604 2727 4656 γε
2754 4626 2769 4651 ,
2805 4588 2853 4641 εί
2898 4587 2973 4658 μὴ
3007 4586 3157 4658 παρά
3187 4587 3280 4643 σοῦ
3327 4588 3424 4657 τῆς
3464 4590 3790 4664 δυναμένης

2192 4681 2396 4754 κρίνειν
2445 4677 2894 4752 διαγεγράψεται.
2931 4680 2995 4733 El
3040 4679 3096 4733 δὲ
3132 4680 3209 4751 μὴ
3254 4681 3505 4749 φανεῖταί
3548 4700 3641 4737 σοι
3682 4686 3793 4754 τῆς

2190 4774 2298 4827 τῶν
2334 4774 2605 4844 Ἐλλήνων
2648 4774 2820 4846 ἀκοῆς
2868 4772 3040 4838 ἄξιον,
3090 4773 3186 4826 καὶ
3222 4774 3286 4827 σὺ
3328 4774 3386 4827 δὲ
3430 4775 3609 4845 δήπου
3661 4779 3792 4847 μετ’

2204 4864 2605 4938 Ἀριστοτέλους
2648 4864 2755 4933 πρὸ
2804 4862 2898 4918 τοῦ
2942 4862 3096 4934 φίλου
3149 4864 3248 4933 τὴν
3288 4864 3547 4936 ἀλήθειαν
3594 4865 3793 4940 θήσῃ’

2191 4956 2393 5009 πυκνὸν
2421 4955 2515 5009 καὶ
2559 4954 2695 5025 βαθὺ
2732 4954 2920 5018 σκότος
2965 4953 3365 5026 ἐηλυγάσεται
3385 4997 3402 5024 ,
3427 4957 3520 5009 καὶ
3550 4957 3797 5029 λήσεται

2191 5049 2316 5112 τοὺς
2352 5046 2673 5118 ἀνθρώπους
2700 5047 3010 5117 λεγόμενον.
3040 5047 3227 5103 Ταῦτα
3258 5049 3358 5118 μὲν
3395 5050 3528 5119 περὶ
3554 5050 3793 5104 τούτου.

2191 5140 2427 5211 Θὰτερον
2472 5139 2528 5193 δὲ
2558 5141 2587 5193 ὁ
2623 5138 2756 5202 Θεὸς
2782 5140 2877 5199 καὶ
2924 5138 3155 5206 ἐπέταξε
3189 5140 3283 5194 καὶ
3322 5140 3611 5211 ἀνέκρινεν
3666 5142 3797 5216 [πρ.

2192 5231 2421 5306 ἐνέκρ.],
2455 5232 2485 5293 ὃ
2515 5234 2581 5303 τῇ
2617 5233 2959 5302 φανταστικῇ
3007 5230 3166 5300 φύσει
3200 5234 3556 5305 χαριστήριον
3582 5235 3801 5290 ἀνατέ-

2192 5325 2385 5379 θειται.
2438 5326 2737 5385 Ἔσκεπται
2779 5325 2835 5387 δὲ
2872 5326 2930 5378 ἐν
2981 5324 3130 5397 αὐτῷ
3166 5326 3296 5396 περὶ
3340 5328 3438 5396 τῆς
3485 5325 3799 5397 είδωλικῆς

2194 5416 2411 5486 ἁπάσης
2443 5415 2655 5486 ψυχῆς,
2700 5415 2793 5468 καὶ
2834 5415 2996 5488 ἔτερα
3040 5416 3176 5469 ἄττα
3214 5415 3675 5487 προκεχείρισται
3703 5419 3803 5471 ὁὸ·-

2193 5528 2377 5581 γματα
2425 5510 2533 5563 τῶν
2565 5508 2718 5564 οῦπω
2756 5509 3246 5594 φιλοσοφηθέντων.
3270 5509 3518 5579 Ἕλλησι.
3560 5510 3686 5562 Καὶ
3738 5510 3803 5563 τί

2193 5606 2259 5657 ἄν
2285 5620 2365 5667 τις
2397 5604 2739 5674 ἀπομηκύνοι
2763 5603 2891 5675 περὶ
2921 5601 3087 5655 αὑτοῦ
3109 5621 3124 5669 ;
3148 5601 3263 5656 ἀλλ’
3290 5601 3652 5673 ἐξείργασται
3688 5603 3805 5674 μὲν

2194 5699 2286 5751 ἐπὶ
2328 5698 2455 5767 μιᾶς
2487 5696 2634 5751 ἅπαν
2671 5695 2859 5758 νυκτὸς
2885 5735 2900 5757 ,
2935 5694 3137 5765 μᾶλλον
3170 5694 3229 5749 δὲ
3269 5694 3527 5764 λειψάνου
3556 5696 3804 5759 νυκτὸς,

2199 5791 2228 5860 ἢ
2260 5789 2351 5842 καὶ
2379 5788 2475 5860 τὴν
2503 5789 2623 5858 ὄψιν
2649 5789 2842 5860 ἤνεγκε
2872 5788 2967 5860 τὴν
3002 5789 3125 5859 περὶ
3152 5786 3245 5841 τοῦ
3273 5787 3382 5841 δεῖν
3416 5787 3548 5845 αὐτὸ
3580 5804 3807 5858 συγγε-
