4014 6244
307 377 332 433 1
342 376 444 433 557

1430 381 1810 440 ΕΡΙδΤΟιΛΕ.
1872 412 1942 423 -
1991 382 2213 440 EPIST.
2274 383 2428 439 CLV.

3416 381 3552 439 1558

304 489 574 561 γράφθαι.
607 490 760 542 Ἐστι
791 490 848 543 δὲ
876 484 938 544 οὗ
967 492 1077 546 τῶν
1113 492 1308 563 λόγων,
1338 494 1420 560 δίς
1462 514 1565 550 που
1608 497 1701 551 καὶ
1731 495 1851 569 τρὶς
1871 536 1887 561 ,

2003 498 2114 568 phis
2154 506 2507 568 proponetur.
2549 493 2649 551 His
2688 494 2834 551 enim
2862 494 3196 565 voluptatem
3221 532 3236 559 ,
3266 493 3560 550 utilitatem

308 579 497 650 ὥσπερ
512 596 593 642 τις
606 580 790 650 ἕτερος
809 581 905 648 ὢν,
927 583 1164 654 ὲμαυτοῦ
1191 584 1390 655 γέγονα
1422 587 1559 657 μετὰ
1586 588 1697 641 τῶν
1724 605 1869 661 παρ-

307 672 477 725 όντων
521 672 817 743 ἀκροατής·
867 677 963 728 καὶ
1008 675 1104 730 νῦν
1153 677 1343 743 ὁσάκις
1375 678 1443 733 ἂν
1480 680 1621 735 ὲπίω
1652 681 1713 734 τὸ
1746 680 1876 752 σύγ-

310 779 548 833 γραμμα
567 803 583 826 ,
628 762 913 836 θαυμαστή
961 784 1044 831 τις
1075 768 1203 841 περὶ
1239 769 1339 840 ἐμὲ
1370 769 1611 835 διάθεσις
1642 771 1879 841 γίνεται,

313 852 405 906 καί
433 870 515 915 τις
541 853 690 923 ὀμφή
732 870 799 924 με
832 853 951 909 θεία
982 860 1285 928 περιχεῖται
1327 861 1471 913 κατὰ
1512 862 1610 932 τὴν
1644 862 1878 933 ποίησιν.

311 945 379 999 Et
408 944 465 997 δὲ
497 945 571 1015 μὴ
607 944 765 1016 μόνον
803 946 864 999 τὸ
895 946 1063 1011 πάθος
1093 948 1228 1015 ἐμοῦ
1254 989 1268 1014 ,
1321 951 1416 1003 καὶ
1449 952 1577 1022 περὶ
1617 951 1802 1023 ἕτερον
1836 952 1883 1006 δ’

309 1034 381 1088 ἂν
406 1034 579 1088 ταῦτα
606 1035 833 1104 γένοιτο,
870 1036 934 1090 σὺ
963 1039 1056 1091 καὶ
1080 1038 1234 1092 τοῦτο
1270 1040 1548 1111 μηνύσεις.
1587 1042 1658 1094 Σὺ
1687 1042 1792 1115 γὰρ
1820 1042 1885 1116 δὴ

316 1129 437 1197 μετ’
468 1127 569 1195 ἐμὲ
610 1126 799 1199 πρώτη
831 1128 938 1181 τῶν
984 1129 1251 1201 Ἑλλήνων
1281 1131 1522 1204 ἐντεύξῃ.
1563 1130 1747 1187 Ταῦτα
1776 1134 1886 1189 τῶν

312 1215 452 1279 τέως
485 1216 783 1271 ἀνεκδότων
817 1216 1128 1274 ἀπέστειλα.
1165 1220 1275 1274 Καὶ
1308 1220 1394 1274 ἵνα
1425 1220 1628 1285 τέλειος
1657 1220 1890 1293 ἀριθμὸς

311 1305 376 1380 ᾖ.
405 1307 718 1381 προσέθηκα
742 1309 833 1362 τὸν
861 1312 989 1381 περὶ
1026 1310 1121 1364 τοῦ
1154 1311 1328 1384 δώρου
1360 1313 1472 1382 (92)
1493 1351 1510 1374 ,
1542 1312 1711 1366 πάλαι
1740 1314 1893 1383 τένο-

1980 589 2090 644 illis
2123 587 2344 651 afferet;
2385 587 2632 651 omnino,
2663 586 2767 641 nisi
2794 601 2823 639 a
2857 595 2929 647 te,
2963 602 3083 654 quae
3104 585 3358 655 judicare
3383 594 3569 657 potes,

1981 678 2247 745 reiectum
2269 685 2434 749 atque
2475 677 2759 731 inductum
2787 676 2972 732 fuerit.
2998 677 3095 732 Sin
3126 678 3221 733 tibi
3244 676 3561 733 Graecorum

1981 771 2207 826 auribus
2254 770 2538 839 indignum
2582 770 2833 825 videatur
2861 812 2877 835 ,
2928 778 2985 825 et
3038 784 3163 826 cum
3222 769 3561 833 Aristotele,

1982 863 2161 918 amico
2189 862 2470 918 veritatem
2493 860 2860 931 antiquiorem
2894 860 3117 922 habeas,
3143 858 3253 912 alta
3272 859 3558 929 densaque

1981 953 2215 1025 caligine
2260 953 2581 1008 obvolvetur
2601 994 2616 1018 ,
2656 966 2762 1007 nec
2797 951 2905 1006 ulla
2944 950 3088 1005 inter
3118 950 3369 1004 homines
3397 950 3466 1004 de
3497 965 3565 1004 eo

1984 1046 2074 1100 fiet
2098 1044 2325 1100 mentio.
2364 1041 2471 1099 Sed
2505 1041 2573 1098 de
2601 1057 2667 1098 eo
2698 1045 2985 1097 hactenus.
3019 1040 3267 1095 Alterum
3300 1054 3441 1109 opus
3471 1039 3565 1093 Dei

1984 1134 2243 1192 mandato
2259 1135 2545 1205 scriptum,
2578 1142 2635 1189 et
2667 1133 2736 1188 ab
2766 1132 2958 1188 eodem
2986 1131 3380 1192 examinatum,
3402 1128 3565 1199 293

1984 1241 2051 1282 ac
2093 1242 2423 1298 perpensum
2459 1235 2583 1290 est,
2628 1225 2773 1295 quod
2823 1224 3159 1295 imaginandi
3208 1224 3261 1277 vi
3303 1229 3567 1291 tanquam

1986 1319 2126 1390 grati
2154 1318 2322 1372 animi
2354 1333 2554 1373 munus
2586 1328 2672 1374 est
2711 1325 3124 1372 consecratum.
3153 1316 3408 1371 lnstituta
3439 1327 3571 1368 vero

316 1416 478 1470 μενον
504 1401 563 1452 ἐν
594 1400 671 1472 τῷ
709 1401 886 1473 καιρῷ
912 1403 1010 1474 τῆς
1044 1404 1340 1475 πρεσϐείας
1367 1405 1503 1477 πρὸς
1535 1405 1703 1477 ἄνδρα
1742 1407 1893 1476 παρὰ

2003 1429 2043 1467 ,n
2095 1427 2162 1468 eo
2199 1411 2500 1483 disputatio
2538 1419 2622 1466 est
2666 1410 2734 1466 de
2776 1412 2958 1466 anima
3002 1410 3315 1466 simulacris
3370 1408 3566 1471 aflixa;

316 1488 525 1562 βασιλεῖ
548 1495 1100 1566 παραδυναστεύοντα·
1124 1498 1218 1553 καί
1239 1515 1292 1551 τι
1314 1498 1407 1552 τοῦ
1427 1496 1588 1567 λόγου
1608 1514 1667 1551 τε
1687 1496 1892 1552 καὶτοῦ

2003 1502 2206 1572 aliaque
2233 1503 2492 1556 nonnulla
2525 1502 2780 1572 dogmata
2814 1510 3169 1572 promuntur,
3201 1500 3270 1556 de
3306 1499 3508 1570 quibus
3540 1511 3573 1549 a

313 1585 491 1657 δώρου
517 1587 762 1642 Πεντάπε
788 1586 981 1644 ῶνατο.

2003 1594 2145 1648 nullo
2175 1592 2441 1648 hactenus
2482 1592 2795 1648 Graecorum
2830 1601 2915 1648 est
2945 1593 3304 1663 disputatum.
3351 1590 3426 1646 De
3462 1603 3576 1659 quo

315 1682 448 1750 quid
500 1683 690 1738 attinet
730 1685 885 1755 plura
935 1686 1161 1743 dicere?
1206 1684 1541 1744 Universum
1589 1706 1720 1746 vero
1766 1690 1900 1746 illud
1957 1704 2097 1760 Opus
2138 1706 2246 1745 una
2302 1697 2464 1745 nocte
2500 1689 2840 1744 elaboratum
2883 1697 3001 1753 est,
3040 1706 3137 1745 seu
3177 1689 3357 1744 noctis
3395 1686 3578 1757 potius

321 1773 539 1842 reliqua
604 1782 802 1844 parte,
846 1792 944 1846 per
992 1793 1157 1848 quam
1205 1787 1261 1835 et
1296 1780 1366 1835 de
1414 1796 1482 1836 eo
1531 1782 1935 1839 conscribendo
2011 1782 2190 1837 oblata
2245 1782 2380 1837 mihi
2441 1782 2583 1837 visio
2631 1790 2736 1838 est.
2790 1781 3101 1849 Quinetiam
3152 1783 3207 1837 in
3247 1779 3586 1851 quibusdam-

318 1864 591 1920 oratiouis
621 1867 870 1934 partibus
900 1868 986 1925 bis
1014 1869 1183 1927 ferme
1214 1872 1297 1927 vel
1325 1881 1429 1938 ter,
1454 1881 1717 1945 tanquam
1747 1874 1891 1930 alius
1930 1872 2126 1938 forem,
2158 1873 2266 1929 mei
2294 1872 2470 1943 ipsius
2509 1889 2634 1930 cum
2667 1875 2737 1930 iis
2779 1874 2873 1945 qui
2926 1873 3179 1937 aderant,
3223 1872 3401 1927 factus
3456 1884 3577 1926 sum

320 1953 563 2009 auditor.
593 1955 659 2009 Et
692 1973 839 2013 nunc
859 1959 1075 2029 quoties
1104 1975 1244 2031 opus
1280 1976 1570 2031 percurro,
1599 1966 1741 2020 miro
1768 1963 2009 2035 quodam
2050 1964 2213 2020 modo
2234 1964 2464 2029 afﬁcior,
2505 1973 2561 2020 et
2595 1981 2702 2020 vox
2742 1981 2831 2021 me
2868 1965 3139 2034 quedam,
3172 1965 3331 2035 juxta
3368 1967 3577 2040 poetas,

321 2048 510 2103 divina
544 2049 936 2106 circumsonat.
972 2052 1170 2110 Utrum
1199 2070 1327 2111 vero
1357 2072 1465 2112 non
1511 2058 1583 2112 ita
1651 2074 1754 2129 ego
1817 2059 1970 2115 solus
2008 2058 2249 2125 alliciar,
2306 2058 2404 2116 sed
2446 2058 2589 2116 idem
2628 2062 2789 2117 etiam
2834 2061 2957 2116 aliis
3003 2060 3320 2129 contingat,
3344 2056 3488 2111 mihi
3524 2061 3595 2111 et:

326 2143 461 2200 illud
495 2145 847 2218 signiﬁcabis.
881 2148 964 2204 Tu
998 2151 1145 2206 enim
1194 2158 1319 2221 post
1351 2169 1439 2209 me
1483 2154 1661 2225 prima
1715 2156 1963 2212 omnium
1998 2170 2067 2211 ex
2104 2154 2311 2212 οι·κοὶε
2350 2156 2520 2227 leges.
2561 2156 2687 2212 Haec
2730 2156 2977 2213 nondum
3012 2155 3162 2212 edita
3203 2154 3473 2209 hactenus
3512 2146 3601 2203 ad-

324 2248 381 2295 te
423 2241 586 2307 misi;
634 2251 798 2312 atque
840 2254 898 2300 ut
938 2245 1213 2315 perfectus
1258 2248 1330 2303 sit
1369 2264 1665 2316 numerus,
1708 2251 1886 2320 adjeci
1944 2251 2145 2307 librum
2201 2250 2351 2307 illum
2391 2252 2460 2309 de
2508 2252 2686 2316 dono,
2734 2268 2896 2322 quem
2936 2252 3067 2307 olim
3107 2248 3401 2321 legationis
3441 2252 3581 2300 tem-

328 2348 461 2401 pore
516 2336 584 2391 ad
626 2337 807 2392 virum
854 2339 1181 2410 scripseram
1235 2343 1327 2412 qui
1382 2350 1497 2398 tum
1546 2344 1842 2415 plurimum
1895 2348 2041 2418 apud
2098 2347 2482 2420 imperatorem
2527 2355 2763 2419 poterat.
2807 2347 3011 2425 Estque
3073 2343 3389 2420 Pentapolls
3439 2354 3577 2401 non-

328 2427 467 2487 nihil
493 2443 559 2485 ει
584 2444 651 2485 eo
684 2430 824 2491 libro
845 2470 861 2495 ,
897 2431 1155 2503 donoque
1179 2434 1433 2491 utilitatis
1455 2446 1773 2494 consecuta.

843 2524 1184 2579 EHIXTOAH
1220 2524 1388 2583 PNA’.
1678 2549 1681 2552 ι
1931 2541 1976 2596 Β

725 2613 1057 2681 Δομετιανῷ
1089 2617 1498 2685 Σχολαστικῷ.

398 2705 547 2760 Πάνυ
581 2704 767 2776 σαφῶς
794 2707 859 2760 δι’
893 2707 1071 2761 αὐτῶν
1097 2712 1578 2783 καταμεμαθηκὼς
1598 2714 1706 2768 τῶν
1728 2714 1905 2787 ἔργων

326 2794 429 2868 τὴν
456 2797 555 2868 σὴν
587 2796 895 2868 Θαυμασίαν
927 2799 1169 2873 κεφαλὴν
1192 2801 1487 2874 χαίρουσαν
1514 2820 1574 2858 τε
1604 2805 1907 2878 φιλανθρωο

329 2887 453 2959 πίᾳ,
481 2888 573 2942 καὶ
596 2890 706 2953 τοῖς
728 2888 1003 2960 δεομένοις
1021 2893 1181 2962 χεῖρα
1207 2890 1535 2964 βουλομένην
1555 2892 1792 2965 ὀρέγειν⁸
1818 2895 1906 2947 ἐπ’

2513 2522 2851 2581 EPISTOLA
2886 2519 3067 2577 CLIV.

2439 2616 2751 2673 Domitiano
2787 2615 3140 2672 Scholastico.

2074 2709 2212 2766 Cum
2242 2709 2377 2766 illud
2409 2711 2705 2781 perspicue
2732 2726 2799 2765 ex
2827 2710 2996 2765 rebus
3036 2708 3175 2779 ipsis
3200 2706 3474 2778 factisque
3498 2706 3583 2763 di-

2005 2802 2255 2868 dicerim,
2279 2811 2333 2858 te
2357 2802 2639 2873 egregium
2663 2816 2729 2857 ac
2763 2802 3088 2872 praeclarum
3118 2805 3283 2870 caput
3313 2798 3380 2852 ad
3414 2812 3580 2853 omne

2012 2894 2373 2951 humanitatis
2405 2894 2641 2949 ofﬁcium
2680 2909 2806 2950 esse
2836 2905 3169 2963 propensum
3190 2930 3207 2958 ,
3240 2889 3586 2959 libenterque

332 2978 466 3037 αὐτὸ
494 2978 738 3050 δήτοῦτο
766 2981 1086 3053 παρακαλῶ,
1118 2982 1298 3036 ἵππων
1326 2984 1408 3047 είς
1432 2983 1636 3048 πεδίον,
1660 2983 1819 3038 τοῦτο
1840 2984 1908 3056 δὴ

331 3070 395 3123 τὸ
419 3070 514 3127 τοῦ
546 3072 726 3141 λόγου,
749 3073 1075 3144 προτρέπειν
1098 3074 1417 3147 ἡγούμενος.
1446 3075 1554 3130 Καί
1581 3093 1665 3129 σοι
1684 3076 1845 3130 πλέον
1871 3076 1907 3148 ἢ

334 3163 618 3236 πρότερον,
650 3158 696 3220 ὦ
723 3165 849 3237 φίλη
874 3166 1102 3235 κεφαλὴ,
1125 3166 1220 3222 νῦν
1244 3168 1343 3239 τὴν
1366 3168 1773 3240 φιλανθρωπίαν
1795 3172 1911 3224 ἐπι-

333 3252 594 3321 δεικτὲον,
624 3255 735 3325 ὅσῳ
760 3254 855 3308 καὶ
890 3255 950 3308 τὸ
978 3255 1265 3327 πρόσωπον
1288 3256 1646 3330 ὲλεεινὸτερόν
1674 3259 1791 3312 ἐστι
1812 3258 1910 3314 νῦν

335 3346 400 3401 τὸ
423 3341 481 3400 εὗ
514 3346 856 3417 πεισόμενον.
886 3347 1026 3417 Γυνή
1057 3364 1117 3400 τε
1147 3347 1257 3419 γάρ
1287 3348 1434 3401 ἐστιν
1458 3347 1619 3419 αὕτη,
1648 3350 1746 3404 καὶ
1773 3350 1912 3421 γυνὴ

335 3437 716 3508 δυστυχήσασα
749 3438 991 3509 χηρείανο
1028 3434 1147 3493 εἶτα
1189 3439 1287 3493 σὺν
1321 3439 1542 3511 ὀρφανῷ
1569 3440 1768 3512 παιδίῳ
1807 3458 1912 3497 πα-

339 3528 529 3594 θοῦσα,
568 3528 605 3583 ἃ
637 3529 922 3585 πέπονθεν.
955 3529 1145 3594 Ὅστις
1171 3530 1228 3584 δέ
1253 3532 1399 3583 ἐστιν
1434 3533 1463 3585 ό
1493 3531 1698 3604 ταύτην
1725 3532 1913 3605 ἀδική-

340 3636 461 3686 σας,
492 3622 586 3675 καὶ
626 3621 655 3674 ὅ
678 3638 752 3684 τι,
795 3620 888 3674 καὶ
914 3621 1081 3685 ὅπως,
1111 3620 1248 3692 αὐτὴ
1270 3620 1468 3686 διδάξει
1496 3621 1596 3692 τὴν
1627 3621 1729 3694 σὴν
1756 3623 1914 3683 καλο-

340 3711 630 3782 καγαθίαν.
658 3712 801 3787 Ὅρα
822 3710 1022 3777 τοίνυν,
1051 3706 1097 3766 ὧ
1121 3712 1411 3784 θαυμάσιε,
1440 3714 1587 3779 ὅπως
1615 3714 1912 3785 ὲπαμυνεῖς

339 3807 407 3877 τῇ
439 3806 690 3874 γυναικὶ,
722 3805 815 3858 καὶ
859 3804 949 3857 διὰ
990 3804 1052 3857 τὸ
1081 3804 1260 3868 καλῶς
1304 3803 1446 3874 ἔχον,
1490 3805 1587 3860 και)⁵
1622 3804 1711 3865 διὰ
1737 3804 1798 3859 τὸ
1829 3804 1914 3860 σοὶ

2011 2986 2356 3059 supplicibus
2388 3001 2610 3040 manum
2649 2986 2787 3040 velle
2813 2984 3114 3056 porrigere,
3144 2983 3210 3036 ad
3238 2981 3293 3037 id
3320 2980 3499 3051 ipsum
3530 2990 3585 3036 te

2009 3091 2275 3150 provoco,
2306 3089 2534 3146 equum,
2569 3082 2630 3128 ut
2658 3074 2836 3141 aiunt,
2872 3072 2938 3128 ad
2971 3086 3224 3142 campum
3255 3069 3465 3125 hortari
3496 3083 3591 3125 me

2018 3169 2369 3227 existimans.
2396 3166 2522 3221 Tibi
2545 3180 2680 3221 vero
2716 3165 2891 3235 magis
2919 3178 3084 3236 quam
3117 3169 3297 3229 antea,
3336 3162 3424 3216 vir
3443 3160 3585 3215 ami-

2008 3258 2252 3324 cissime,
2279 3256 2634 3329 praebendum
2659 3255 3016 3311 humanitatis
3040 3260 3148 3307 tuae
3163 3252 3445 3322 specimen
3474 3258 3583 3316 est,

2008 3355 2220 3419 quanto
2267 3354 2325 3403 et
2355 3346 2725 3401 miserabilior
2752 3356 2988 3415 persona
3016 3348 3104 3396 est
3135 3341 3190 3395 in
3221 3353 3382 3409 quam
3412 3338 3581 3393 bene-

2010 3440 2196 3496 ficium
2227 3438 2558 3495 contuleris.
2594 3436 2792 3493 Mulier
2822 3438 3025 3508 quippe
3045 3440 3150 3500 est,
3183 3441 3238 3488 et
3258 3433 3327 3488 ad
3348 3431 3588 3490 viduitas

2009 3540 2122 3587 tem
2149 3529 2375 3588 redacta
2415 3530 2615 3586 mulier
2641 3548 2655 3584 :
2683 3537 2800 3585 tum
2834 3544 2899 3585 ea
2928 3542 3095 3599 passa
3120 3541 3253 3582 eum
3282 3525 3495 3597 pupillo
3522 3522 3587 3577 ll-

2011 3622 2109 3688 lio,
2139 3636 2485 3695 quacunque
2515 3636 2680 3693 passa
2728 3633 2835 3676 est.
2875 3621 2921 3675 Α
2948 3635 3192 3691 quonam
3220 3630 3352 3674 vero
3386 3616 3586 3686 injuria

2013 3714 2085 3770 sit
2104 3714 2320 3780 affecta,
2343 3718 2401 3770 et
2420 3729 2530 3786 qua
2556 3716 2613 3769 in
2650 3730 2729 3779 re,
2759 3722 2814 3770 et
2840 3711 3138 3784 quomodo,
3169 3711 3290 3783 ipsa
3319 3716 3427 3765 tua!
3457 3722 3586 3778 pro-

2014 3804 2170 3860 bitati
2205 3805 2526 3862 declarabit.
2555 3805 2943 3873 Quamobrem,
2988 3802 3073 3857 vir
3114 3801 3331 3866 eximie,
3366 3799 3493 3855 vide
3526 3805 3589 3852 ut

341 3888 575 3961 πρέπον,
612 3888 705 3943 καὶ
737 3889 802 3942 δι’
842 3888 964 3959 ἐμέ.
996 3888 1222 3955 Μεθέξω
1251 3888 1359 3961 γὰρ
1395 3888 1475 3943 ἔτι
1504 3907 1586 3943 σοι
1620 3888 1775 3959 κάγὼ
1803 3890 1899 3945 τῶι

2014 3898 2297 3953 mulierem
2323 3897 2605 3963 defendas,
2625 3912 2747 3953 cum
2774 3910 2874 3968 pro
2898 3909 2963 3950 eo
2991 3894 3136 3964 quod
3163 3893 3456 3949 honestum
3479 3897 3595 3958 est,

342 3981 426 4043 είς
467 3981 635 4052 αὐτὴν
660 3981 979 4050 γινομένων,
1016 3980 1301 4050 συγγενίδα
1333 3997 1392 4033 τε
1421 3974 1584 4035 οὖσαν
1617 3981 1779 4052 ἐμὴν,
1818 3982 1913 4036 καὶ

342 4071 729 4143 τεθραμμένην
750 4071 854 4125 ὑπὸ
876 4071 1043 4143 μητρὶ,
1065 4070 1269 4143 κοσμία
1289 4072 1581 4143 σωφρόνως
1602 4074 1730 4144 παρ’
1752 4074 1908 4144 ἡμῖν.

2017 3993 2132 4043 tum
2151 3989 2298 4059 quod
2324 3990 2435 4046 tuis
2452 3988 2699 4044 moribus
2733 3996 3184 4051 consentaneum,
3210 3994 3324 4039 tum
3358 3982 3467 4039 mei
3492 3981 3589 4038 de-

2016 4080 2184 4151 nique
2233 4083 2429 4152 gratia.
2490 4081 2600 4136 Ero
2646 4082 2791 4139 enim
2839 4082 3126 4144 omnium,
3168 4093 3292 4150 quae
3334 4079 3391 4133 in
3435 4076 3594 4131 illam

343 4164 666 4229 contuleris,
696 4162 1083 4218 beneﬁciorum
1107 4163 1419 4235 particeps;
1459 4173 1743 4234 propterea
1771 4164 1922 4235 quod
1952 4178 2009 4224 et
2033 4173 2365 4243 cognatione
2393 4173 2685 4243 conjuncta
2710 4187 2921 4229 mecum
2947 4178 3053 4236 est,
3080 4180 3134 4227 et
3163 4169 3305 4241 apud
3343 4181 3447 4223 nos
3483 4163 3599 4221 sub

346 4256 574 4314 honesta
616 4266 790 4313 matre
819 4264 970 4311 caste
998 4271 1062 4311 ac
1087 4256 1287 4325 pudice
1310 4263 1394 4336 est
1421 4256 1673 4312 educata.

849 4349 1191 4407 ΕΠΙΣΤΟΛΗ
1237 4346 1410 4403 ΡΝΕ’.

2460 4352 2622 4425 294
2648 4350 2983 4409 EPISTOLA
3007 4350 3165 4406 cev.

982 4442 1065 4508 Τῷ
1092 4442 1276 4508 αὐτῷ.

424 4531 507 4587 Τὰ
549 4532 733 4591 δίκαια
770 4533 960 4610 χρῄζει
1004 4535 1324 4605 συμμάχων,
1373 4535 1469 4589 καὶ⁵
1511 4535 1730 4605 γίνοιντ’
1768 4536 1835 4590 ἂν
1866 4536 1916 4589 οἱ

347 4627 668 4699 βοηθοῦντες
716 4626 896 4689 αὐτοῖς
943 4624 1292 4695 εὐδαίμονες,
1338 4628 1453 4690 τοῖς
1514 4624 1692 4696 ὀρθῶς
1738 4625 1895 4697 έχουσ

2016 4627 2189 4699 quehi
2204 4628 2425 4683 demum
2440 4628 2534 4699 qui
2555 4628 2901 4683 iisauxilium
2920 4624 3475 4697 praebuerintJ‘elices
3489 4624 3589 4678 ha-

347 4718 768 4821 cupquoﬁweg.
788 4717 1023 4789 Εἱλόμην
1039 4717 1101 4788 δή
1125 4735 1183 4771 σε
1199 4716 1404 4771 τούτων
1425 4718 1705 4789 πρόϐολον,
1724 4718 1899 4789 γνώμῃ

2019 4718 2185 4774 bendi
2212 4700 2499 4785 sunt,eum
2524 4733 2624 4789 pro
2651 4719 2905 4789 aequitate
2918 4717 3202 4773 laborent.
3222 4714 3590 4781 Quamobrem

346 4828 406 4864 τε
431 4800 707 4881 ἀμῦνοντα
735 4810 829 4864 καὶ
858 4808 1043 4881 τέχνῃ.
1072 4808 1145 4862 Τὸ
1186 4808 1285 4880 μὲν
1315 4803 1408 4863 οὖν
1436 4810 1590 4880 ἐμὸν.
1624 4809 1826 4864 ἆπασιν
1857 4807 1899 4865 εἰ

2025 4819 2080 4865 te
2119 4812 2317 4867 horum
2350 4818 2637 4881 patronum
2683 4823 2749 4864 ac
2787 4809 3136 4865 defensorem
3174 4806 3339 4877 elegi,
3377 4806 3476 4875 qui
3533 4812 3590 4858 et

347 4903 551 4965 ποιεῖν,
592 4894 672 4964 οἷς
714 4901 781 4955 ἂν
829 4900 1094 4973 δύνωμαι.
1142 4900 1295 4954 Δίδου
1339 4899 1398 4955 δὲ
1437 4901 1599 4965 αὐτὸς
1640 4902 1894 4973 ἀφορμάς

2025 4905 2213 4959 animo
2239 4912 2295 4959 et
2330 4912 2449 4960 arte
2483 4903 2787 4958 subsidium
2823 4902 3042 4958 afferas.
3076 4901 3155 4955 Ac
3204 4898 3350 4970 quod
3389 4899 3457 4951 ad
3503 4910 3590 4949 me

347 4994 594 5066 Αἰσθήσῃ
620 4992 728 5066 γὰρ
768 4992 971 5064 φιλίας,
1006 4992 1073 5064 ἢν
1095 4990 1218 5046 οὔτε
1260 4992 1421 5058 αὐτὸς
1451 4992 1666 5065 μέμψῃ,
1700 4994 1894 5063 γελάσε

2023 4996 2253 5060 attinet,
2308 4996 2379 5052 de
2421 4997 2841 5066 quibuscuuque
2888 5009 3111 5066 possum
3160 4994 3299 5048 bene
3354 4989 3588 5053 mereri,

347 5103 409 5142 τε
444 5088 575 5151 ἴσως
600 5087 794 5150 οὐδείς.

2022 5099 2142 5142 sum
2195 5087 2597 5156 paratissimus.
2650 5084 2730 5139 Tu
2776 5100 2907 5139 vero
2953 5084 3303 5139 occasionem
3346 5078 3592 5148 aliquam

350 5184 551 5256 praebe.
591 5183 901 5238 Amicitiam
931 5181 1078 5237 enim
1115 5182 1343 5242 senties.
1371 5197 1535 5252 quam
1578 5197 1755 5253 neque
1795 5183 1912 5255 ipse
1950 5190 2268 5237 contemnas
2294 5196 2455 5236 nemo
2481 5196 2611 5236 vero
2640 5181 2891 5236 fortassis
2916 5179 3164 5235 irrideat.

421 5276 697 5330 Numerus
739 5273 839 5328 156
874 5271 1253 5343 Epistolarum
1290 5272 1615 5342 completur,
1648 5287 1781 5343 ﬁcum
1832 5289 1887 5343 μ.
1918 5271 2025 5330 266
2065 5281 2191 5326 nota
2239 5272 2539 5343 numeralis
2573 5273 2675 5327 129
2704 5276 2723 5293 '
2747 5274 2981 5343 legatur.
3028 5268 3230 5339 Pagina
3266 5266 3452 5343 etiam,
3478 5264 3593 5343 _223

347 5361 612 5408 numerus
673 5344 738 5399 79
767 5349 783 5365 '
829 5335 1104 5397 invenitur
1153 5335 1432 5410 scriptusf
1468 5351 1531 5397 at
1564 5335 1857 5398 deficiente
1887 5352 2076 5412 postea
2116 5357 2269 5396 num.
2324 5342 2449 5402 illi.
2482 5358 2576 5407 res
2608 5346 2746 5398 bene
2777 5335 2955 5412 q'uoad
2997 5335 3267 5412 sum'mam
3308 5353 3369 5392 se
3403 5335 3590 5412 habet.

349 5406 635 5469 Mirabitur
668 5414 807 5469 forte
840 5414 1009 5469 lector
1056 5406 1281 5465 novam'
1303 5421 1361 5471 et
1396 5423 1599 5474 rectam
1630 5406 1988 5475 numerorum
2018 5412 2212 5468 seriem
2252 5412 2306 5467 in
2336 5406 2581 5468 editiOne
2611 5429 2748 5467 nova
2788 5406 2896 5466 non
2930 5410 3102 5466 fuisse
3133 5410 3467 5468 institutam,
3497 5406 3595 5458 sed

350 5501 475 5539 cum
509 5486 578 5539 ab
614 5485 871 5554 omnibus
900 5481 1218 5554 jamdudum
1273 5482 1514 5537 citentur
1542 5482 1756 5554 Synesii
1810 5483 2059 5552 epistola:
2084 5483 2238 5552 juxta
2263 5483 2559 5538 editionem
2582 5483 2823 5554 Dionysii
2848 5480 3078 5544 Petavii,
3110 5478 3241 5534 nihil
3273 5475 3593 5554 mutandum

350 5556 692 5635 censuimus.
718 5553 800 5609 0b
814 5544 1065 5677 1ejm'ndem
1098 5553 1388 5619 rationem,
1415 5544 1736 5625 sequentem
1764 5544 2213 5624 epi'stolaquuae
2237 5554 2378 5609 inter
2404 5554 2580 5610 editas
2607 5569 2637 5608 a
2656 5544 2967 5608 Pfl’etavio
3001 5567 3109 5606 non
3131 5556 3434 5618 comparet,
3470 5544 3597 5601 aliis

352 5636 783 5677 ηοειυοειιιηιυε.
862 5640 974 5677 [ΠΤ.

350 5636 783 5696 postposutmus.
814 5636 974 5679 Ευιτ.

2697 4444 2904 4499 Eidem.

2087 4530 2220 4603 Quae
2232 4536 2380 4605 justa
2400 4544 2530 4592 sunt
2544 4536 2725 4592 socios
2757 4547 2811 4591 et
2840 4534 3123 4605 adjutores
3152 4531 3493 4596 desiderant,
3514 4542 3588 4588 at-

424 5744 536 5814 (οε)
571 5745 921 5817 Προσέθηκα
954 5745 1063 5817 τὸν
1088 5743 1221 5817 περὶ
1260 5743 1366 5817 τοῦ
1383 5741 1593 5817 δώρου.
1616 5742 1762 5817 “Qua:
1790 5750 1899 5797 oral

2003 5760 2277 5817 perperam
2337 5744 2387 5799 in
2455 5741 2694 5800 editione
2757 5739 3005 5798 Coruarii
3073 5740 3127 5794 iu
3178 5750 3344 5791 censu
3385 5733 3593 5805 episto-

354 5812 530 5870 larqu
559 5816 756 5885 posita,
790 5812 911 5871 cum
949 5814 1080 5870 falsa
1120 5814 1478 5888 inscriptione
1501 5812 1569 5867 ad
1602 5812 1787 5868 Orum.
