4002 6244
465 292 607 353 ςθῦἓίθ
1548 301 1816 358 5ΥΧΕ511
1858 303 2043 359 PTOL]

2150 304 2315 360 uois
2356 305 2678 379 EPISCOPI}
3572 306 3717 362 raso

1175 527 1220 588 S
1232 528 1499 590 UPPLE
1504 529 1634 589 ME
1640 530 1698 591 Ν
1710 533 1889 593 TUM
1934 534 2043 593 ΑΙ)

2150 534 2243 593 ῬΙ
2251 534 2293 593 S
2307 533 2561 594 TOLAS
2620 535 2665 593 S
2680 534 2851 595 YNE
2852 535 2936 595 SI
2937 535 2998 604 1.

981 794 1316 853 EPISTOLA
1349 799 1523 854 CLVI.
2063 810 2109 866 Α

469 879 675 955 Syuesii
714 886 939 964 epistola
984 889 1052 940 ad
1086 890 1363 964 quemdam
1402 892 1750 959 familiarium
1798 896 1890 963 qui
1921 898 2033 964 epi-

534 966 809 1033 scopatum
838 958 1123 1033 nbsensex
1155 958 1435 1030 longinquo
1466 965 1684 1031 petierat
1707 1005 1722 1028 ,
1766 958 1883 1033 post
1911 958 2037 1022 cono

534 1027 751 1081 alitutos
778 1028 833 1081 in
864 1030 1097 1084 ccclesiis
1131 1027 1435 1086 vacantibus
1457 1027 1750 1103 episcopos.

538 1116 1020 1188 Sapientissimum
1041 1124 1331 1193 scriptum,
1357 1141 1481 1179 cum
1507 1128 1660 1181 valde
1679 1128 2033 1197 concinnum,

466 1216 582 1264 tum
613 1211 770 1266 valde
797 1212 981 1276 breve,
1023 1218 1116 1268 sed
1147 1226 1201 1269 et
1237 1217 1394 1272 valde
1429 1226 1705 1288 argutum,
1754 1222 1900 1289 quod
1937 1222 2035 1278 tibi

468 1303 696 1357 miriﬁca
727 1320 883 1360 meus
908 1309 1139 1375 peperit,
1184 1308 1252 1362 ad
1290 1324 1391 1365 nos
1440 1309 1686 1365 delatum
1743 1310 2037 1367 delectavit

469 1396 726 1460 maxime,
757 1398 1074 1468 placuitque
1096 1401 1298 1470 duplici
1329 1403 1493 1457 simul
1521 1404 1771 1473 nomine;
1801 1406 1948 1475 quod
1982 1414 2039 1463 et

468 1487 537 1539 ab
575 1489 786 1557 optimo
808 1491 1115 1561 eodemque
1139 1493 1522 1549 laudatissima
1557 1497 1768 1561 sodale,
1806 1506 1859 1552 et
1890 1499 2035 1568 quod

467 1592 591 1631 cum
618 1578 850 1646 piurima
872 1582 1154 1636 conditum
1190 1592 1430 1639 exstaret
1460 1588 1655 1652 gratia.
1688 1589 1830 1654 Quin
1860 1597 1913 1643 et
1945 1605 2038 1659 pe-

468 1684 536 1724 ne
560 1677 878 1740 provocavit
899 1675 964 1729 ad
986 1678 1130 1731 aliud
1160 1677 1290 1746 quid
1321 1679 1502 1749 majus
1522 1681 1891 1751 audaciusque
1920 1690 2037 1737 ten-

469 1762 718 1827 tandum,
753 1768 901 1834 quod
942 1769 1149 1838 utique,
1194 1770 1296 1824 nisi
1324 1785 1479 1825 amor
1498 1782 1674 1835 vetus.
1704 1782 1894 1843 utpote
1925 1775 2035 1829 vim

468 1850 678 1907 habens
718 1854 878 1925 longe
916 1856 1111 1912 dissita
1152 1859 1520 1929 conjungendi
1565 1862 1906 1933 adversaque
1950 1865 2037 1918 in-

467 1942 642 1998 visent
672 1946 993 2018 plerumque
1028 1950 1386 2013 conciliandi,
1425 1952 1640 2007 veniam
1676 1952 1823 2008 facto
1845 1955 2040 2024 depre-

469 2044 712 2105 caretur,
744 2053 938 2111 parum
968 2041 1144 2096 abluit
1178 2044 1312 2112 quin
1336 2060 1438 2101 nos
1467 2047 1734 2101 ineorum
1788 2050 2037 2107 ordinem

2150 2068 2249 2122 μην
2279 2049 2356 2121 τῷ
2393 2049 2677 2120 πράγματι
2718 2047 3107 2119 παραιτήσοιτο
3151 2047 3284 2118 μετὰ
3328 2046 3437 2098 τῶν
3475 2045 3712 2114 νεμεσᾶ-

468 2127 746 2199 redigeret
768 2131 972 2201 quibus
998 2133 1123 2203 jure
1155 2135 1460 2205 meritoque
1481 2147 1895 2196 succenseatur.
1957 2142 2039 2198 Ad

2150 2143 2267 2195 σθαι
2294 2141 2516 2195 δικαίων
2532 2141 2595 2193 οὐ
2624 2139 2801 2209 πολλῷ
2824 2140 3003 2210 δεήσει
3028 2137 3123 2191 τοῦ
3152 2140 3297 2210 ἡμᾶς
3324 2139 3542 2207 στῆσαι.
3572 2137 3713 2207 Πρὲς

468 2219 752 2288 quidnam,
799 2223 1036 2281 fortasse
1073 2242 1321 2296 qureres:
1355 2244 1550 2298 nempe
1598 2228 1689 2294 ad,
1730 2246 1855 2287 cum
1890 2240 2043 2288 tanto

2150 2239 2316 2298 ποῖον,
2339 2234 2469 2297 ἴσως
2486 2235 2650 2304 ἐρεῖςο
2667 2233 2727 2285 τὸ
2754 2232 2892 2303 πρὸς
2909 2229 3222 2303 τηλικοῦτον
3242 2230 3431 2301 ἄνδρα,
3461 2228 3714 2299 μούσαις,

468 2310 612 2374 viro,
638 2310 781 2369 haud
815 2316 933 2371 scio
958 2332 1026 2372 an
1071 2335 1179 2374 non
1214 2320 1446 2375 interius
1477 2335 1638 2391 quam
1698 2323 1876 2392 quivis
1909 2325 2043 2380 alter

2150 2327 2246 2379 οὐκ
2263 2322 2358 2378 οἷδ’
2381 2325 2436 2377 εἷ
2454 2341 2557 2386 τις,
2579 2321 2959 2390 τετελεσμένον
2988 2320 3081 2388 (ὃν
3102 2320 3167 2373 ἂν
3198 2319 3317 2372 ίδὼν
3342 2322 3415 2389 Δη
3425 2317 3713 2389 μοσθένης.

471 2408 647 2462 musis
664 2405 879 2463 initiato
894 2410 1076 2480 (quem
1095 2412 1138 2465 si
1158 2411 1338 2466 videat
1354 2413 1742 2470 Demosthenes
1764 2416 1904 2471 inter
1921 2430 2042 2481 nos,

2650 806 2992 860 summa
3027 802 3214 872 PNq'.
3319 772 3325 778 ’

2136 900 2432 952 Συνεσίου
2476 897 2767 964 ἐπιστολὴ
2800 897 2931 966 (92')
2960 898 3108 964 πρός
3153 911 3283 949 τινα
3309 896 3427 949 τῶν
3461 894 3716 960 ἑταίρων

2204 968 2547 1036 ἐπισκοπὴν
2581 968 2647 1021 ἐκ
2679 969 2979 1036 μακρόθεν
3016 968 3377 1032 αἰτήσαντα,
3415 966 3567 1035 μετὰ
3597 966 3713 1030 τὴν

2156 1066 2169 1081 π
2206 1038 2328 1092 τῶν
2352 1039 2700 1092 ἐπισκόπων
2722 1036 3234 1091 ἀποκατάστασιν.

2205 1128 2279 1182 Τὸ
2307 1129 2613 1198 σοφώτατον
2633 1127 2883 1199 γράμμα,
2905 1128 2967 1182 τὸ
2990 1128 3132 1197 μάλα
3160 1126 3259 1198 μὲν
3277 1125 3535 1197 ὲμμελὲς,
3569 1124 3707 1194 μάλα

2135 1222 2191 1276 δὲ
2226 1222 2421 1293 βραχὺ,
2456 1221 2591 1275 ἀλλὰ
2616 1222 2711 1275 καὶ
2741 1221 2883 1292 μάλα
2913 1221 3059 1289 λιγὺ,
3088 1220 3117 1273 ὅ
3140 1220 3203 1291 δή
3232 1236 3314 1271 τοι
3338 1221 3366 1273 ὁ
3393 1216 3711 1287 θαυμαστός

2137 1331 2219 1369 σοι
2250 1313 2376 1378 νοῦς
2414 1314 2697 1381 ἀπέτεκεν,
2725 1314 2857 1385 ἡμῖν
2889 1312 3146 1384 κομισθὲν
3191 1309 3366 1381 ὤνησέ
3404 1326 3463 1361 τε
3492 1310 3566 1361 τὰ
3616 1309 3713 1377 μέ-

2135 1424 2317 1476 γιστα,
2347 1406 2441 1459 καὶ
2470 1401 2603 1477 ἧσεν
2633 1406 2749 1476 ἅμα
2775 1405 2935 1476 διπλῇ
2956 1419 2971 1433 ·
3008 1404 3086 1476 τῷ
3112 1421 3173 1457 τε
3201 1401 3333 1474 πρὸς
3360 1401 3591 1472 ἀρίστου
3621 1401 3715 1452 καὶ

2136 1499 2332 1571 κομιδῇ
2372 1499 2479 1553 τῶν
2508 1498 2811 1552 ἐπαινετῶν
2844 1497 3081 1569 ἑταίρου,
3112 1496 3204 1549 καὶ
3231 1493 3307 1563 τῷ
3339 1491 3474 1564 μετὰ
3511 1491 3715 1561 συχνῆς

2137 1593 2218 1645 ὃτι
2248 1590 2711 1662 δημιουργηθῆναι
2736 1589 2834 1659 τῆς
2866 1588 3103 1659 χάριτος.
3133 1587 3207 1640 Οὐ
3245 1586 3351 1656 μὴν
3377 1584 3424 1637 δ’
3453 1583 3595 1637 ἀλλὰ
3620 1585 3714 1637 καὶ

2138 1684 2273 1756 πρὸς
2296 1683 2422 1737 ἄλλο
2449 1701 2502 1735 τι
2536 1681 2717 1751 μεῖζον
2741 1681 2961 1753 ἠρέθισέ
2988 1698 3089 1736 που
3121 1680 3213 1733 καὶ
3233 1677 3661 1748 τολμηρότερον,
3686 1673 3715 1726 ὖ

2135 1777 2255 1845 τάχ’
2281 1775 2367 1837 ἂν,
2390 1776 2437 1826 εί
2465 1774 2538 1844 μὴ
2566 1773 2726 1835 πόθος
2747 1771 3014 1843 δήπουθεν
3038 1769 3340 1841 παρελθὼν,
3368 1768 3454 1821 ἆτ’
3479 1764 3545 1821 εὖ
3577 1767 3713 1836 ἔχων

2138 1869 2232 1921 καὶ
2257 1866 2325 1919 τὰ
2366 1866 2553 1936 πόρρω
2580 1863 2844 1917 διεστῶτα
2881 1862 3190 1925 συνάπτειν,
3229 1861 3322 1913 καὶ
3350 1861 3416 1913 τὰ
3448 1859 3593 1928 πρὸς
3620 1859 3713 1912 ἄλ·

2137 1958 2273 2030 ληλα
2315 1958 2570 2019 ἐναντίως
2606 1956 2795 2026 ἔχοντα
2829 1955 3089 2018 πολλάκις
3119 1955 3439 2025 συμφέρειν,
3468 1951 3714 2020 συγγνώ-

472 2495 622 2551 dicat
651 2496 907 2555 Mercurii
936 2502 1155 2557 facundi
1185 2505 1543 2560 simulacrum
1572 2508 1641 2560 ad
1680 2523 1784 2569 nos
1810 2508 2044 2578 venisse)

471 2594 939 2661 comparationem
1003 2606 1059 2651 et
1114 2600 1595 2654 commutationem
1670 2601 2044 2655 attentandam

473 2698 677 2740 nostra:
709 2687 877 2757 hujus
906 2704 1068 2759 quam
1098 2692 1248 2746 vides
1282 2692 1503 2763 linguae,
1531 2708 1635 2748 nec
1675 2694 1803 2748 olim
1848 2696 2044 2765 exqui-

473 2775 683 2832 sitioris
733 2778 1019 2848 elegantia:
1073 2782 1155 2836 vel
1218 2798 1312 2849 per
1364 2784 1565 2837 summi
1611 2785 2044 2853 explorationem

472 2870 629 2938 digiti
659 2881 824 2939 gustu
854 2872 1095 2935 imhutm.
1131 2884 1185 2928 et
1208 2889 1353 2929 uuuc
1384 2874 1537 2943 longa
1566 2876 1923 2930 rusticatione
1964 2876 2047 2931 sic

473 2965 707 3028 agrestis
756 2964 1011 3027 redditae,
1051 2975 1112 3019 ut
1156 2966 1245 3019 vix
1299 2966 1438 3020 sciat
1471 2966 1734 3035 scapham
1786 2966 2045 3035 scapham

474 3054 678 3109 dicere.
709 3055 991 3111 Conﬁteor
1009 3058 1153 3113 enim
1193 3058 1291 3111 tibi
1323 3058 1511 3110 vitium
1552 3058 1773 3111 tacitum
1812 3065 1866 3112 et
1905 3058 2044 3110 clam

477 3147 531 3203 in
572 3147 696 3202 sinu
719 3148 988 3212 habitum,
1012 3165 1159 3205 mtnc
1185 3150 1258 3204 ita
1291 3150 1634 3204 invalesceus
1671 3148 1781 3202 fato
1808 3149 2043 3218 quodam

478 3254 621 3305 meo,
659 3247 718 3295 ut
752 3241 1057 3309 periculum
1086 3244 1159 3297 sit
1190 3258 1259 3297 ne
1290 3245 1344 3296 iu
1377 3242 1614 3296 solidum
1646 3243 1753 3296 mei
1783 3244 2045 3312 deinceps

475 3329 807 3386 dctninetur.
847 3333 1026 3389 llabes
1055 3334 1201 3389 unde
1233 3336 1616 3404 persuadearis
1649 3336 1897 3390 misera‘ri
1946 3351 2046 3390 nos

476 3424 664 3490 potius
688 3439 854 3492 quam
878 3425 1069 3481 felices
1106 3428 1427 3497 praedicare,
1454 3430 1653 3498 quibus
1702 3445 1769 3484 ne
1800 3431 2046 3500 contige-

2149 2418 2267 2489 μεθ’
2297 2417 2456 2489 ἡμῶν
2487 2412 2659 2480 εἶπεν,
2720 2413 2920 2485 Ἐρμοῦ
2962 2412 3144 2481 λογίου
3180 2411 3347 2464 τύπον
3381 2413 3465 2474 είς
3500 2410 3714 2481 ἀνθρὼ-

2146 2530 2282 2576 πους
2309 2512 2499 2583 ἥκειν)
2525 2508 2769 2578 γλῶτταν
2797 2507 2872 2571 ὡς
2901 2508 3029 2578 ὁρᾷς
3058 2505 3359 2560 ἀντιδοῦναι
3386 2502 3488 2574 τὴν
3514 2504 3715 2573 ἡμετέ-

2150 2623 2270 2675 ραν,
2296 2604 2395 2674 τὴν
2420 2602 2586 2657 πάλαι
2624 2602 2723 2670 μὲν
2748 2599 2855 2653 οὐδ’
2884 2599 3037 2671 ἄκρῳ
3061 2596 3263 2667 λιχανῷ
3284 2594 3380 2649 τοῦ
3406 2595 3718 2667 κρείττονος

2151 2692 2544 2765 μετασχοῦσαν,
2566 2691 2661 2745 νῦν
2682 2690 2739 2743 δὲ
2764 2690 2853 2744 καὶ
2871 2690 2992 2742 λίαν
3015 2687 3465 2759 ὴγροικισμένην,
3494 2686 3529 2755 ἢ
3561 2687 3721 2753 μόγις

2146 2787 2213 2839 ἂν
2248 2781 2357 2840 οἶδε
2397 2785 2492 2839 καὶ
2518 2786 2617 2853 τὴν
2655 2784 2869 2853 σκάφην
2923 2782 3139 2851 σκάφην
3183 2780 3379 2847 λέγειν.
3414 2777 3723 2846 Κοινοῦμαι

2146 2883 2253 2951 γάρ
2281 2897 2361 2933 σοι
2388 2881 2481 2934 καὶ
2507 2879 2674 2942 πάθος
2709 2876 3139 2948 ἐχεμυθούμενον
3170 2874 3314 2936 ἰδίως
3352 2869 3473 2940 ἐμοὶ
3499 2868 3601 2921 καὶ
3626 2865 3721 2919 νῦν

2152 2973 2349 3042 μᾶλλον
2367 2970 2509 3024 οὕτω
2536 2971 2840 3024 κινδυνεῦον
2861 2970 3048 3039 κύριον
3062 2968 3135 3031 ὡς
3160 2966 3388 3037 εἵμαρτο
3410 2958 3718 3031 γίγνεσθαι.

2147 3065 2315 3119 Τοῦτό
2355 3081 2437 3117 σοι
2474 3065 2568 3117 καὶ
2591 3063 2894 3127 ταλανίζειν
2920 3064 3066 3133 ἡμᾶς
3093 3061 3306 3123 αὐτοὺς,
3340 3057 3454 3111 ἀλλ’
3492 3057 3598 3109 οὐκ
3631 3055 3723 3107 εὐ-

2145 3157 2472 3228 δαιμονίζειν
2493 3156 2698 3221 πεῖθον,
2724 3152 2804 3219 οἷς
2828 3155 2948 3208 οὐδὲ
2974 3153 3238 3225 συμμίξαι
3266 3169 3345 3221 τῳ
3376 3150 3570 3218 γέγονε
3602 3147 3725 3213 $51-

2146 3249 2333 3321 τίστης
2371 3248 2483 3301 ὄντι
2519 3249 2714 3320 μοίρας
2746 3248 2914 3318 ὁποίῳ
2945 3247 3027 3300 σοὶ
3054 3247 3177 3317 (ἵνα
3210 3243 3367 3315 ἡμῶν
3388 3259 3442 3294 τι
3473 3240 3570 3293 τοῦ
3601 3240 3727 3308 βαρ-

2148 3341 2317 3412 ϐάρου
2374 3341 2574 3411 μέρους
2629 3339 2877 3393 ἐντεῦθεν
2916 3338 3077 3408 τυχὸν
3124 3332 3584 3405 ἀποσμιλευθείη,
3632 3328 3726 3382 καὶ

2147 3430 2289 3485 οὕτω
2340 3430 2435 3484 τοῦ
2489 3430 2698 3501 μακροῦ
2744 3430 2948 3500 γράσου
2991 3427 3059 3480 τὰ
3107 3427 3261 3497 ἡμῶν
3304 3422 3529 3492 ἐκσταίη
3585 3422 3729 3475 κατὰ

478 3512 549 3565 rit
578 3513 798 3581 quidem
822 3530 947 3570 cum
976 3531 1250 3586 quoquam
1281 3533 1347 3573 ex
1373 3521 1580 3587 Optimo
1606 3520 1701 3573 illo
1740 3529 1929 3574 vestro
1956 3498 2043 3589 ge-

2150 3523 2358 3596 βραχὺ)
2389 3498 2613 3576 νῦν-ὅτι-
2643 3522 2717 3592 μὴ
2759 3498 2900 3573 κατὰ
2942 3520 3131 3591 καιρόν
3173 3535 3253 3571 σοι
3294 3517 3354 3569 τὸ
3389 3515 3728 3586 ζητούμενον

478 3620 609 3660 nere
630 3619 697 3660 ac
722 3605 918 3662 ordine
957 3608 1420 3677 politissimorum
1452 3613 1733 3681 congredi,
1756 3612 1916 3681 cujus
1942 3627 2043 3666 usu

479 3698 783 3766 attrituque
844 3715 945 3753 nos
991 3716 1023 3755 e
1063 3700 1193 3757 fame
1232 3702 1597 3756 barbarorum
1655 3703 1921 3757 abradere
1951 3704 2050 3756 ali-

479 3791 807 3856 quantulqu
837 3806 1127 3861 possemus
1159 3793 1226 3847 de
1258 3793 1442 3862 pingui
1487 3792 1589 3847 hoc
1613 3795 1841 3848 suceido
1868 3805 2050 3863 pastu-

482 3880 590 3933 ritii
619 3881 890 3945 horroris,
924 3899 1037 3951 quo
1062 3890 1308 3937 vestrum
1339 3881 1572 3938 delicate
1609 3884 1937 3937 mundorum
1967 3884 2049 3936 ni-

482 3979 656 4025 torem
688 3972 1040 4026 offendimus.
1080 3972 1184 4027 Sed
1216 3973 1476 4041 majorem
1527 3974 1631 4027 ista
1666 3974 1830 4042 priori
1880 3973 2048 4027 mise-

482 4062 639 4117 randi
679 4072 735 4117 et
772 4062 992 4118 dolendi
1021 4079 1248 4118 causam
1283 4063 1495 4127 oﬂ‘cret,
1519 4063 1664 4132 quod
1699 4064 1862 4117 modo
1896 4064 2046 4118 acci-

481 4154 603 4218 dit;
642 4144 962 4224 petitionem
995 4155 1242 4209 videlicet
1281 4162 1429 4209 tuam
1465 4156 1530 4209 ad
1566 4164 1778 4224 tempus
1806 4172 1912 4211 non
1949 4172 2046 4211 oc-

481 4246 746 4300 rurrisse.
785 4244 920 4299 Nam
954 4246 1136 4300 oleum
1172 4246 1315 4314 quod
1347 4254 1404 4298 tu
1439 4246 1579 4314 petis
1625 4253 1681 4299 ct
1721 4262 1822 4315 ego
1864 4249 2045 4311 velim,

483 4347 596 4403 aut,
636 4345 697 4392 ut
745 4354 873 4393 vere
912 4339 1113 4401 dicam,
1159 4338 1211 4391 in
1268 4337 1410 4393 votis
1459 4338 1648 4402 habui,
1692 4337 1759 4390 ad
1814 4339 2052 4407 aliquem

484 4431 669 4485 isthuc
723 4431 888 4486 talem
929 4432 1111 4502 qualis
1155 4441 1211 4484 tu
1261 4446 1323 4485 es
1352 4431 1612 4493 transire,
1655 4432 1937 4486 detentum
1996 4433 2052 4486 in

485 4524 627 4588 loco,
658 4531 823 4593 prout
867 4539 1047 4578 rerum
1084 4532 1281 4576 natura
1318 4523 1467 4585 tulit,
1501 4524 1760 4577 collatum
1798 4525 1853 4577 in
1893 4540 2050 4578 usum

481 4622 607 4679 est;
643 4615 888 4684 adeoque
920 4630 1022 4668 nec
1047 4616 1190 4667 oliva
1212 4616 1325 4683 jam
1361 4631 1527 4684 super
1582 4614 1691 4669 ulla
1740 4623 1847 4675 cst.
1880 4630 2045 4684 supra

484 4718 649 4772 «mam
702 4704 1060 4763 inoculatioui
1111 4705 1264 4761 locus
1320 4715 1474 4760 vacet
1526 4705 1687 4773 (sine
1752 4707 1899 4759 cnim
1962 4722 2047 4761 me

2143 3617 2407 3686 ἀνεφάνη,
2442 3616 2639 3686 μᾶλλον
2660 3613 2753 3665 τοῦ
2785 3612 2945 3683 προτέ
2956 3630 3047 3682 ρου
3068 3609 3375 3672 ταλανίζειν
3399 3607 3727 3677 παρέχεται.

2156 3710 2214 3762 '0
2243 3708 2353 3778 γάρ
2376 3708 2548 3759 ἔλαιον
2569 3748 2583 3767 ,
2625 3705 2688 3757 σύ
2715 3721 2774 3756 τε
2810 3704 2998 3767 ἀξιοῖς,
3028 3700 3182 3769 κάγὼ
3213 3699 3492 3770 βούλομαι,
3516 3698 3548 3766 ἢ
3580 3697 3729 3748 τοῦτ’

2144 3796 2337 3860 είπεῖν,
2364 3794 2430 3846 δι’
2470 3794 2633 3863 εὐχῆς
2661 3787 2824 3861 εἶχον,
2859 3792 2996 3861 πρὸς
3022 3789 3260 3842 τοιοῦτον
3287 3804 3405 3840 τινα
3443 3786 3727 3855 διαϐῆναι,

2144 3887 2285 3940 κατὰ
2310 3887 2492 3957 χώραν
2532 3884 2859 3955 μεμενηκὸς,
2886 3881 2960 3946 ὡς
2983 3882 3015 3951 ὴ
3047 3881 3156 3934 τῶν
3184 3878 3527 3951 πραγμάτων
3552 3877 3727 3929 ἔδωκε

2155 3978 2333 4048 φύσις,
2364 3979 2456 4032 ἐπὶ
2481 3978 2549 4031 τὰ
2571 3978 2707 4047 πρὸς
2725 3975 2915 4045 χρείαν
2934 3974 3190 4044 κατέστη.
3220 3971 3413 4025 Τοίνυν
3436 3969 3543 4022 οὐδ’
3571 3967 3731 4021 ἐλαία

2152 4087 2236 4133 τις
2262 4069 2407 4121 ἐστιν
2427 4067 2944 4137 ὲνοφθαλμισμάτων
2966 4063 3302 4134 ἐστερημένη
3334 4060 3596 4129 (ἀνάσχου
3620 4058 3728 4127 γάρ

2155 4176 2255 4231 μου
2293 4161 2387 4213 καὶ
2424 4158 2618 4230 μικρὸν
2646 4162 2711 4229 τῇ
2754 4159 2902 4227 κοινῇ
2942 4155 3151 4226 γλώττῃ
3197 4150 3601 4224 χαρισαμένου)
3641 4146 3728 4214 ἐφ’

2151 4247 2294 4327 ᾗπερ
2328 4251 2394 4305 ἂν
2439 4252 2468 4303 ὁ
2506 4251 2635 4321 ἡδὺς
2676 4249 2826 4319 φίλος
2868 4246 3328 4318 ὲγκεντριασθείη.
3364 4241 3729 4309 Πεπλήρωται

2150 4344 2258 4411 γάρ
2287 4342 2513 4411 ἑκάστη,
2555 4344 2647 4394 καὶ
2681 4340 3030 4412 καρποδοτεῖν
3057 4340 3133 4402 ὼς
3159 4332 3269 4389 οἷόν
3308 4351 3366 4386 τε
3398 4333 3500 4401 ἤδη
3545 4328 3733 4397 dirip-

2148 4454 2320 4507 χεται.
2358 4436 2465 4489 Καὶ
2497 4435 2666 4488 ταῦτα
2690 4435 2791 4504 μὲν
2817 4434 2880 4504 δὴ
2916 4431 3110 4485 ταῦτα’
3140 4427 3326 4483 τ’ἆλλα
3353 4425 3409 4477 δὲ
3434 4423 3530 4476 καὶ
3563 4424 3594 4473 ὁ
3626 4437 3731 4473 πιο

2152 4528 2260 4599 ρὼν
2287 4528 2421 4598 δῆλα
2444 4527 2617 4597 θήσει·
2647 4526 2740 4578 καὶ
2763 4526 2909 4587 ὅπως
2936 4523 3079 4592 ἅπερ
3101 4521 3308 4593 ᾔτησας
3334 4519 3434 4571 οὐκ
3456 4516 3581 4583 ἔσχε
3607 4530 3733 4564 και-

2152 4619 2264 4690 ρὸν,
2300 4620 2417 4688 τάχ’
2445 4618 2511 4671 ἄν
2549 4634 2630 4669 σοι
2667 4614 3101 4684 διατρανάσαιτο.
3130 4614 3407 4682 "Eppium,
3444 4607 3539 4659 καὶ
3563 4603 3733 4657 εὐθύ-

2157 4727 2246 4779 μει
2274 4709 2591 4778 φιλοσοφίας
2616 4709 2833 4777 ἁπάσης
2869 4704 3329 4774 ἀντιποιούμενος.

483 4798 740 4866 exiguum
773 4798 904 4867 quid
964 4800 1161 4868 lingua:
1206 4798 1484 4851 communi
1528 4798 1852 4867 indulgere)
1891 4798 1980 4851 cui
2030 4800 2207 4855 dulcis
2246 4802 2456 4855 amicus
2498 4801 2791 4855 inseratur.
2847 4796 3012 4851 Plena
3046 4796 3190 4849 enim
3236 4802 3577 4861 unaquaeque
3623 4795 3735 4847 est,

479 4888 705 4959 jamque
731 4888 970 4944 fructum
993 4891 1153 4944 edere
1179 4906 1277 4959 pro
1297 4905 1354 4944 se
1378 4890 1605 4957 singulae
1631 4890 1910 4959 inceptant
1930 4893 2068 4961 (θὸ).
2104 4891 2230 4947 [hec
2256 4893 2477 4962 quidem
2512 4893 2777 4946 hactenus
2805 4908 2818 4957 ;
2848 4898 3041 4944 caztera
3108 4884 3429 4941 tabellarius
3483 4893 3739 4951 pnesens

487 4994 753 5053 exponet;
776 4990 830 5037 et
854 4982 1130 5052 quomodo
1154 4998 1275 5053 qua:
1299 4980 1586 5050 postulasti
1608 4984 2072 5051 Opportunitatem
2097 5000 2204 5038 non
2233 4984 2559 5050 invenerint,
2584 4983 2773 5053 utique
2794 4979 2861 5035 ad
2887 4978 3155 5050 liquidum
3172 4977 3455 5032 edisseret.
3499 4970 3661 5037 Vale,
3681 4978 3741 5025 et

488 5084 635 5137 bono
700 5082 885 5136 animo
922 5080 1178 5135 incumbe
1202 5081 1255 5134 in
1279 5078 1485 5134 dudum
1512 5089 1733 5149 captum
1755 5077 1823 5133 ad
1844 5094 2059 5135 omnem
2080 5080 2483 5151 philosophiam
2520 5078 2803 5149 impetum.

562 5262 702 5333 (92‘)
736 5261 811 5316 Ex
839 5263 1029 5321 codice
1059 5262 1326 5333 Vaticano
1344 5260 1515 5333 edidit
1552 5258 1615 5313 P.
1644 5258 1905 5333 Pessinus
1927 5259 2052 5314 SJ.

492 5333 547 5387 in
573 5329 726 5406 notis
751 5334 819 5406 ad
860 5334 1208 5406 Pachymeris
1234 5332 1558 5406 illistoriam.
1592 5347 1645 5400 p.
1677 5330 1807 5406 1M7,
1839 5329 2047 5406 βοτηε),

493 5405 638 5475 typis
675 5401 1202 5472 Barberinis,'4666,
1230 5403 1361 5459 in-i°
1385 5404 1645 5457 maximo.
1677 5401 1731 5455 lu
1761 5401 1950 5457 codice
1968 5411 2053 5457 est

2164 5258 2797 5336 epi319|a93:.Em--.-
3054 5327 3066 5336 .
3192 5323 3204 5336 .
3425 5319 3461 5336 εκ

2231 5331 2340 5400 (93)
2363 5329 2633 5385 Omnibus
2663 5330 2885 5386 sedibus
2910 5327 3099 5400 vacuis
3121 5327 3532 5400 epis_c_0posjam
3556 5327 3749 5391 impo-

2162 5393 2299 5459 sitos
2323 5393 2500 5458 luisse
2536 5401 2881 5475 amigmaticc
2911 5393 3208 5471 signiﬁcat.
3238 5393 3397 5449 Emr.
