4014 6244
363 473 2659 523 W

1772 339 2105 399 HOMILIE.

3432 326 3570 385 1562

2611 464 3537 509 W

1202 638 1826 768 SYNESII
1909 636 2676 809 HOMILUE.

890 989 1127 1042 OMIMA
1164 989 1220 1040 A'
1258 988 1344 1057 (ο).

411 1082 545 1152 (95')
566 1081 640 1134 Οὐ
672 1080 906 1150 θήσομαι
931 1080 1027 1147 τὴν
1058 1081 1365 1152 πανήγυριν
1386 1082 1617 1150 ἄφωνον,
1640 1078 1772 1133 ἀλλὰ
1794 1077 1913 1131 οὐδὲ

340 1174 521 1246 μέντοι
556 1171 867 1242 πολύφωνον
888 1210 902 1233 ,
940 1175 1005 1242 τῇ
1042 1173 1138 1241 μὲν
1159 1174 1306 1243 φωνῇ
1338 1172 1511 1242 τιμῶν
1536 1168 1627 1224 τδν
1654 1170 1807 1223 θεόν·
1835 1170 1914 1239 τῷ

335 1266 392 1318 δὲ
424 1266 558 1334 ταχὺ
595 1264 924 1327 πεπαῦσθαι,
944 1266 1008 1333 τῇ
1030 1263 1330 1334 πανηγύρει
1364 1262 1732 1335 χαριζόμενος.
1775 1260 1912 1314 Ἀλλ’

335 1358 484 1419 ὅπως
528 1356 626 1427 ἔσῃ
660 1354 1067 1425 πανηγυριστὴς
1107 1356 1253 1419 ἄξιος
1301 1355 1393 1408 τοῦ
1439 1355 1593 1418 Θεοῦ,
1634 1355 1707 1425 μὴ
1762 1353 1913 1408 πόθει

336 1449 636 1520 τράπεζαν,
666 1448 772 1500 ἀπὸ
796 1448 891 1519 τῆς
920 1448 1182 1518 νηστίμου
1203 1446 1300 1517 τὴν
1323 1447 1575 1518 μέθυσον.
1611 1445 1811 1517 Στέψον
1835 1445 1914 1516 τῷ

342 1539 464 1610 Θεῷ
493 1541 743 1611 κρατῆρα
774 1540 1035 1610 νήφοντος
1061 1540 1357 1609 κράματος.
1400 1539 1458 1593 Ὀ
1486 1540 1616 1603 Θεὸς
1645 1538 1800 1611 ἡμῶν
1829 1555 1915 1592 σο-

340 1630 440 1698 φία
466 1632 560 1682 καὶ
586 1630 738 1698 λόγος
764 1630 898 1683 ἐστί.
929 1630 1157 1701 Κρατὴρ
1182 1633 1210 1683 ὀ
1235 1630 1550 1701 παρακινῶν
1578 1630 1636 1683 τὸ
1660 1629 1909 1701 φρονοῦν,

337 1723 369 1773 ὁ
393 1722 672 1792 ταράττων
695 1721 753 1773 τὸ
782 1721 1146 1791 λογιζόμενον,
1172 1721 1323 1774 οὐδὲν
1353 1722 1619 1793 προσήκει
1643 1721 1720 1792 τῷ
1750 1720 1911 1793 λόγῳ.

343 1816 530 1894 ’ςΕστιν
554 1814 735 1875 ἄνεσις
764 1815 1044 1885 πρέπουσα
1070 1815 1187 1885 Θεῷ
1210 1831 1223 1843 ’
1268 1816 1361 1867 καὶ
1394 1813 1538 1868 ἔστιν
1570 1814 1751 1877 ἄνεσις
1781 1814 1916 1882 πρέο

341 1924 521 1960 πουσα
553 1906 820 1977 δαίμοσιν.
865 1905 1253 1975 Ἀγαλλιᾶσθε
1288 1905 1368 1971 τῷ
1399 1907 1590 1974 Κυρίῳ
1625 1906 1694 1958 ἐν
1732 1907 1909 1974 φόϐῳ.

340 2000 509 2053 Ὅταν
556 1999 755 2069 esum,
796 1999 948 2068 φησι,
980 1999 1224 2067 μέμνησο
1254 1998 1347 2051 τοῦ
1384 1998 1539 2051 Θεοῦ.
1572 1998 1703 2050 Τότε
1751 1998 1859 2067 γὰρ
1885 1999 1915 2050 ὁ

341 2091 508 2154 πολὺς
545 2092 624 2154 εἰς
664 2091 937 2160 ἁμαρτίαν
963 2089 1175 2153 ὄλισοος
1219 2091 1444 2159 γίνεται.
1480 2092 1646 2143 Ὅταν
1677 2089 1911 2160 εὐτροφῇ

342 2182 503 2251 σῶμα
549 2181 673 2252 περὶ
706 2181 1000 2251 σάρκωσιν,
1038 2181 1367 2251 ἀποστρέφει
1408 2180 1581 2251 ψυχὴν
1626 2180 1753 2250 περὶ
1781 2181 1910 2251 φρό-

340 2287 513 2340 νησιν.
552 2269 845 2336 Ποτήριον
877 2270 946 2323 ἐν
979 2269 1127 2338 χειρὶ
1168 2270 1410 2336 Κυρίου,
1445 2270 1614 2322 οινου
1651 2266 1911 2335 ἀκράτου

342 2360 569 2429 πλῆρες
607 2360 998 2430 κεράσματος.
1044 2361 1151 2415 Καὶ
1194 2361 1434 2413 ἔκλινεν
1462 2360 1530 2412 ἐκ
1575 2360 1788 2413 τούτου
1828 2360 1915 2423 εἰς
1949 2350 1987 2406 Β

342 2452 540 2513 τοῦτο,
595 2450 764 2517 πλὴν
812 2454 845 2504 d
892 2451 1138 2519 τρυγίας
1174 2449 1362 2502 αὐτοῦ
1406 2450 1517 2502 οὐκ
1562 2444 1913 2511 ἐξεκενώθη.

357 2542 594 2595 Ἐκείνου
639 2540 728 2594 πίε
759 2541 854 2593 τοῦ
902 2540 1183 2611 ποτηρίου,
1237 2540 1330 2591 καὶ
1375 2538 1604 2606 γέγονας
1647 2537 1795 2600 ἄξιος
1822 2535 1915 2588 τοῦ

345 2634 646 2704 συμποσίου
687 2633 782 2686 τοῦ
832 2632 1086 2703 νυμφίου.
1139 2630 1508 2702 Ἀριστοποιόν
1548 2632 1696 2681 ἐστιν
1744 2629 1917 2680 ἐκεῖνο

342 2727 407 2780 τὸ
435 2728 712 2797 ποτήριον,
743 2725 886 2778 οἴνου
929 2724 1155 2794 πλῆρες,
1185 2724 1278 2791 ὅγε
1309 2724 1402 2776 καὶ
1450 2720 1802 2791 μνησθευθὲν,
1836 2719 1919 2781 εἰς

344 2818 470 2871 νοῦν
496 2819 646 2887 ἡμᾶς
672 2817 811 2881 ἀξιοῖ
841 2816 1220 2885 διεγείρεσθαι.
1258 2816 1365 2867 Καὶ
1395 2814 1460 2885 δὴ
1487 2813 1660 2883 σαφὴς
1694 2810 1919 2865 αὐτόθεν

344 2911 377 2961 ὁ
408 2910 582 2977 λόγος,
612 2909 725 2960 ἀλλ’
752 2909 813 2960 οὐ
845 2908 1039 2960 πολλοῦ
1073 2907 1242 2960 πολλὰ
1266 2908 1440 2959 δεῖται
1473 2905 1566 2958 τοῦ
1598 2903 1710 2957 νοῦ.
1744 2904 1921 2977 ῌοτή-

349 3018 466 3073 ριον
489 3004 546 3054 ἐν
570 3002 695 3072 οἴνῳ
722 3002 943 3071 ἀκράτῳ
972 3001 1175 3071 πλῆρες
1216 3000 1578 3069 κεράσματος,
1622 2998 1728 3053 Kal
1741 2968 1919 3051 ’35th-

344 3110 454 3146 rer
474 3094 542 3145 ἐκ
572 3095 786 3147 τούτου
809 3096 886 3158 εἰς
923 3093 1117 3145 τοῦτο.
1146 3093 1207 3143 Εἰ
1235 3093 1332 3162 μὲν
1358 3091 1617 3161 ἀκράτου,
1644 3090 1762 3153 πῶς
1788 3090 1923 3160 πλῆ-

349 3202 442 3253 ρες
487 3186 827 3255 κεράσματος
851 3203 866 3251 ;
888 3185 1021 3237 Είδὲ
1038 3183 1116 3248 ἓν,
1156 3184 1272 3245 πῶς
1303 3182 1510 3235 ἔκλινεν
1534 3185 1598 3234 ἐκ
1626 3182 1816 3234 τούτου
1843 3182 1922 3243 είς

347 3277 539 3341 τοῦτο;
575 3279 924 3331 Παντάπασιν
938 3277 1158 3337 ἀτόποις
1179 3276 1319 3328 ἔοικε
1334 3277 1401 3327 τὰ
1420 3275 1685 3344 λεγόμενα
1705 3289 1718 3301 ·
1737 3275 1795 3326 οὐ
1818 3274 1923 3343 μὴν

347 3369 491 3438 τάγε
508 3370 625 3423 νοού
635 3387 700 3440 με
708 3387 790 3423 να.
806 3369 969 3422 Οὐδὲν
984 3368 1133 3439 μέλει
1148 3368 1224 3437 τῷ
1236 3368 1354 3436 Θεῷ
1367 3368 1691 3436 θεοφορήτου
1705 3366 1920 3428 λέξεως.

353 3459 576 3529 Πνεῦμα
604 3458 745 3512 θεῖον
770 3458 1015 3528 ὑπερορᾷ
1045 3456 1393 3527 μικρολογίαν
1423 3456 1823 3525 συγγραφικήν.
1851 3455 1923 3506 Σὺ

348 3554 406 3606 δὲ
446 3551 625 3621 βούλει
652 3549 749 3621 τὴν
779 3552 837 3603 ἐν
868 3552 933 3619 τῇ
962 3549 1226 3619 διαφωνία
1252 3547 1565 3617 συμφωνίαν
1595 3546 1922 3610 θεάσασθαι;

351 3647 481 3717 περὶ
501 3645 651 3698 ποίου
683 3643 962 3713 ποτηρίου,
987 3641 1181 3711 φησίν;
1212 3642 1308 3693 Ὃν
1336 3642 1448 3701 τοῖς
1471 3637 1777 3707 ἀνθρώποις
1806 3636 1926 3688 θεό-

351 3702 444 3790 θεν
475 3702 1011 3806 προποθέντοίΙλόγον
1037 3702 1231 3801 έχομεν
1264 3732 1413 3800 παρὰ
1437 3729 1528 3781 τοῦ
1552 3702 1706 3793 ὀεοῦ,
1730 3730 1786 3780 ἐν
1811 3729 1925 3780 Πα-
1954 3702 1995 3756 C

350 3830 480 3899 λαιᾷ
521 3827 765 3898 Διαθήκῃ
798 3826 891 3879 καὶ
918 3824 1053 3894 Νέᾳ.
1087 3822 1272 3892 Τούτῳ
1317 3821 1426 3891 γὰρ
1471 3819 1752 3890 ἀρδεύεται
1777 3817 1925 3889 ψυχὴ

351 3923 432 3991 τῷ
461 3920 628 3990 ποτῷ.
663 3922 786 3972 Ὅτι
822 3919 919 3989 μὲν
960 3916 1114 3983 λόγος
1139 3914 1306 3976 ἐστὶν,
1340 3910 1577 3982 ἄκρατός
1622 3913 1768 3963 ἐστιν
1797 3911 1919 3962 ἑκά·

351 4032 530 4085 τερος.
571 4014 837 4084 Κιρνᾶται
875 4012 981 4081 γὰρ
1027 4010 1122 4061 καὶ
1161 4006 1335 4065 διττὸς
1364 4004 1457 4058 ὢν.
1498 4003 1593 4057 Ἓν
1626 4002 1735 4071 γὰρ
1764 4002 1825 4055 τὸ
1866 4002 1922 4068 ἐξ

353 4108 557 4177 ἀμφοῖν
610 4105 1014 4173 συνιστάμενον,
1066 4099 1342 4160 τελείωσις
1385 4095 1667 4165 γνώσεως,
1711 4095 1774 4147 Ἡ
1825 4095 1923 4164 μὲν

356 4199 567 4252 Παλαιὰ
589 4199 685 4269 τὴν
711 4198 1003 4266 ὑπόσχεσιν
1031 4194 1206 4263 ἔσχεν·
1237 4194 1269 4262 ἡ
1294 4191 1351 4244 δὲ
1373 4191 1489 4243 Νέα
1516 4189 1604 4242 τὸν
1630 4188 1925 4241 ἀπόστολον

356 4291 615 4362 ἐξήνεγκε
640 4308 654 4321 ο
674 4290 735 4343 τὸ
756 4291 834 4353 δὲ,
864 4290 1139 4342 Ἕκλινεν
1159 4287 1227 4338 ἐκ
1254 4285 1469 4338 τούτου
1495 4283 1583 4347 εὶς
1607 4282 1801 4336 τοῦτο.
1828 4281 1928 4352 τὴν

355 4384 605 4455 διαδοχὴν
632 4382 740 4435 τῶν
783 4381 1117 4435 διδασκάλων
1155 4378 1468 4439 αἰνίττεται,
1498 4374 1591 4427 τοῦ
1628 4374 1792 4443 νόμου
1832 4373 1925 4425 τοῦ

358 4477 657 4532 Μωσαϊκοῦ
695 4476 791 4529 καὶ
821 4473 916 4527 τοῦ
949 4470 1261 4543 Κυριακοῦ·
1310 4470 1405 4523 καὶ⁵
1437 4467 1498 4520 τὸ
1542 4471 1800 4537 ποτήριον
1846 4466 1927 4519 ἒν.

365 4574 461 4625 ’Ἑν
488 4570 596 4639 γὰρ
621 4570 848 4622 ἔπνευσε
877 4566 1119 4636 Πνεῦμα,
1162 4566 1256 4618 καὶ
1293 4564 1373 4626 εἰς
1398 4562 1701 4634 προφήτην,
1730 4559 1820 4612 καὶ
1848 4559 1929 4621 είς

362 4661 677 4715 ἀπόστολον.
702 4660 819 4713 ¹Καὶ
852 4657 993 4711 κατὰ
1020 4658 1146 4720 τοὺς
1171 4655 1410 4723 ἀγαθοὺς
1447 4653 1787 4721 ζωγράφους,
1820 4649 1928 4701 πά-

363 4756 451 4807 λαι
497 4754 594 4824 μὲν
635 4752 1075 4821 ὲσκιαγρὰφησεν
1099 4789 1113 4809 ,
1150 4749 1340 4801 ἔπειτα
1385 4746 1565 4814 μέντοι
1603 4742 1929 4815 διηκρίϐωσε

363 4844 434 4896 τὰ
461 4844 594 4915 μέλη
619 4844 717 4912 τῆς
748 4841 1021 4911 γνώσεως
1054 4840 1229 4907 Πλὴν
1261 4841 1293 4892 ό
1324 4836 1563 4906 τρυγίας
1599 4834 1785 4889 αὐτοῦ
1819 4835 1930 4886 οὐκ

363 4934 713 5001 ἐξεκενώθη.

2598 976 2882 1034 ﬂOMlLlA
2925 973 2966 1027 1.

2083 1077 2270 1151 295.
2302 1075 2356 1130 In
2386 1076 2487 1129 hac
2512 1090 2614 1144 ego
2638 1072 2858 1143 publica
2890 1064 3210 1121 celebritate
3247 1061 3290 1116 si
3322 1074 3427 1113 non
3452 1057 3577 1112 nul-

2013 1169 2117 1233 los,
2150 1180 2203 1222 at
2236 1183 2439 1238 paucos
2471 1181 2602 1221 sane
2632 1175 2915 1218 sermones
2934 1157 3141 1211 ’faciam
3166 1195 3181 1218 ,
3214 1161 3268 1209 et
3304 1166 3435 1206 voce
3458 1150 3579 1220 qui-

2012 1264 2135 1317 dem
2164 1262 2279 1332 ipsa
2307 1246 2553 1314 divinum
2589 1272 2789 1310 numen
2813 1251 3151 1308 venerabor:
3176 1245 3579 1317 quamprimum

2014 1364 2193 1408 autem
2221 1365 2529 1408 sermonem
2559 1346 2888 1407 desinendo,
2928 1339 3234 1396 celebritati
3273 1335 3582 1390 consulam.

2015 1446 2119 1500 Sed
2150 1446 2225 1498 uti
2256 1443 2365 1499 Deo
2397 1443 2619 1512 dignum
2649 1449 2700 1493 te
2729 1436 3123 1492 celebratorem
3150 1428 3415 1500 praebeas,
3448 1439 3520 1479 ne
3550 1439 3583 1478 a

2013 1538 2193 1593 sobria
2219 1535 2412 1606 jejunil
2448 1548 2635 1588 mensa
2686 1529 2753 1583 ad
2782 1528 2989 1584 ebriam
3027 1532 3081 1578 et
3102 1521 3438 1577 vinolentum
3475 1524 3583 1570 tete

2012 1627 2287 1682 conferas:
2318 1626 2448 1695 quin
2486 1623 2668 1694 potius
2694 1628 2961 1675 craterem
2998 1614 3180 1671 sobria
3210 1612 3439 1667 mistura
3472 1607 3583 1677 ple-

2012 1736 2143 1774 num
2177 1718 2285 1773 Deo
2320 1714 2616 1771 immortali
2649 1711 2874 1767 oﬂ'eras.
2918 1708 3062 1762 Deus
3093 1715 3279 1760 noster
3314 1698 3584 1771 sapientia

2011 1820 2065 1866 et
2097 1812 2324 1865 verbum
2351 1816 2470 1873 est;
2505 1805 2759 1877 poculum
2784 1816 2935 1864 vero,
2963 1798 3107 1869 quod
3131 1802 3364 1851 mentem
3383 1808 3412 1846 e
3440 1799 3584 1847 statu

2013 1918 2114 1956 suo
2136 1900 2396 1957 dimovet.
2417 1897 2561 1966 quod
2583 1892 2748 1947 animi
2778 1891 3045 1945 rationem
3079 1885 3344 1958 percellit,
3370 1896 3398 1935 a
3421 1881 3586 1936 verbo

2011 1992 2245 2048 alienum
2268 2001 2373 2047 est.
2394 1989 2489 2043 Est
2507 1988 2649 2042 enim
2671 1993 2729 2039 ut
2748 1983 2855 2039 Deo
2868 1982 3201 2037 conveniens
3217 1976 3487 2048 quzedam,
3506 1972 3587 2027 sic

2009 2086 2350 2142 daemonibus
2418 2083 2585 2135 altera
2636 2086 3005 2131 consentanea
3046 2071 3251 2125 animi
3293 2066 3585 2123 relaxatio.

2011 2178 2293 2234 Exsultale
2311 2174 2533 2227 Domino
2562 2171 2615 2222 in
2648 2164 2890 2221 timore'.
2922 2162 3060 2217 Dum
3083 2159 3349 2230 epularis,
3384 2155 3580 2225 inquit.

2015 2271 2106 2326 Dei
2153 2266 2497 2323 memineris.
2550 2260 2832 2331 Siquidem
2863 2268 2993 2311 tunc
3019 2254 3113 2325 qui
3145 2269 3176 2308 e
3207 2251 3362 2323 plebe
3395 2260 3499 2315 est,
3533 2248 3588 2301 in

2017 2369 2301 2434 peccatum
2338 2356 2597 2430 proclivis
2624 2361 2731 2417 est,
2768 2365 2831 2405 ac
2866 2348 3135 2412 lubricus,
3164 2357 3476 2412 corpusque
3506 2341 3589 2408 ip-

2016 2470 2137 2509 sum
2172 2452 2300 2506 dum
2340 2466 2404 2505 ex
2434 2446 2737 2502 fecundiori
2780 2439 3039 2495 alimonia
3069 2437 3271 2506 gliscit,
3318 2443 3375 2487 et
3422 2447 3591 2486 carne

2016 2548 2284 2627 repletur,
2306 2543 2523 2597 animus
2547 2556 2576 2593 a
2616 2536 2899 2607 sapientia:
2922 2532 3111 2588 studio
3138 2534 3447 2583 revocatur.
3483 2523 3591 2577 Ca-

2020 2640 2097 2693 lix
2117 2640 2170 2692 in
2196 2652 2355 2691 manu
2385 2632 2599 2686 Domini
2636 2630 2741 2683 vini
2768 2628 2919 2688 meri,
2941 2626 3124 2693 plenus
3142 2621 3297 2674 misto
3318 2627 3398 2681 ;et
3428 2615 3590 2668 incli-

2018 2730 2159 2785 navit
2194 2744 2258 2781 ex
2288 2726 2383 2779 hoc
2407 2725 2461 2776 in
2502 2726 2634 2785 hoc;
2663 2727 3019 2774 verumtamen
3061 2715 3166 2783 faex
3213 2710 3325 2779 ejus
3357 2723 3459 2760 non
3513 2713 3591 2758 est

2018 2818 2291 2874 exinanita
2322 2817 2367 2868 ’.
2418 2813 2490 2866 Ex
2533 2814 2637 2866 hoc.
2671 2810 2843 2864 calice
2877 2807 2924 2861 si
2964 2803 3206 2865 biberis,
3260 2799 3487 2869 dignum
3540 2803 3595 2849 te
3632 2778 3643 2787 ’

2021 2912 2212 2981 sponsi
2262 2906 2517 2961 convivio
2556 2900 2900 2972 praestiteris.
2949 2895 3112 2950 Utilis
3156 2893 3212 2946 in
3264 2889 3458 2960 primis
3508 2893 3596 2941 est

2020 3004 2163 3058 calix
2195 3004 2297 3055 iste
2328 3001 2454 3052 vino
2497 2998 2713 3067 plenus,
2736 2992 2829 3063 qui
2861 2991 2993 3044 dum
3018 2986 3314 3058 appetitur,
3349 2982 3595 3036 animum

2022 3095 2089 3150 ad
2119 3110 2181 3149 se
2227 3092 2404 3145 redire
2442 3099 2602 3158 atque
2647 3084 2879 3139 excitari
2928 3080 3209 3153 postulat;
3258 3084 3423 3145 atque
3467 3074 3597 3126 hinc

2024 3185 2309 3241 manifesta
2354 3180 2573 3252 quidem
2613 3179 2790 3232 oratio
2819 3184 2925 3232 est.
2979 3172 3087 3227 Sed
3137 3168 3494 3238 multiplicem
3534 3179 3596 3219 ea

2023 3294 2248 3334 sensum
2289 3290 2397 3329 non
2438 3273 2741 3342 postulant,
2771 3284 2894 3338 qua:
2936 3261 3263 3333 multiplicia
3290 3274 3355 3312 ac
3382 3260 3598 3312 diversa

2022 3387 2147 3426 esse
2179 3369 2455 3421 videntur.
2478 3364 2627 3419 Calix
2661 3363 2714 3414 in
2746 3363 2873 3414 vino
2902 3372 3057 3411 mero
3086 3355 3251 3409 misto
3281 3354 3498 3421 plenus,
3528 3350 3597 3400 Et

2024 3461 2300 3516 inclinari:
2333 3473 2397 3511 ea:
2427 3457 2524 3510 hoc
2551 3457 2602 3507 in
2644 3455 2759 3506 hoc.
2795 3450 2851 3505 Si
2894 3463 3046 3502 mero
3071 3446 3283 3516 plenus,
3320 3438 3598 3510 quomodo

2027 3556 2193 3607 misto
2230 3566 2351 3605 esse
2386 3548 2601 3618 potes”
2653 3554 2743 3598 aut
2788 3542 2836 3597 si
2890 3555 3030 3594 unus
3062 3545 3148 3591 est
3171 3576 3185 3600 ,
3220 3531 3496 3604 quomodo
3529 3544 3600 3585 ex

2030 3649 2132 3700 hoc
2173 3650 2227 3698 in
2281 3645 2383 3697 hoc
2427 3637 2763 3693 inclinatur?
2812 3633 3051 3688 Omnino
3075 3628 3311 3683 absurda
3345 3625 3600 3678 videntur

2030 3754 2154 3794 esse
2183 3752 2306 3806 quae
2336 3734 2617 3795 dicuntur,
2645 3738 2698 3782 at
2730 3743 2838 3781 non
2873 3740 2935 3780 ea
2967 3740 3089 3793 qua:
3133 3722 3236 3777 sub
3286 3720 3353 3774 iis
3394 3716 3599 3770 intelli—

2029 3840 2250 3901 guntur.
2297 3825 2457 3879 Nulla
2505 3824 2613 3877 Deo
2655 3835 2786 3875 cura
2835 3818 3005 3872 divini
3049 3830 3112 3868 ac
3162 3812 3388 3867 numine
3433 3807 3599 3861 amati

2031 3919 2301 3977 sermonis
2350 3923 2474 3977 est,
2520 3914 2849 3979 anxiamque
2880 3909 2932 3960 in
2984 3904 3215 3961 minutis
3250 3901 3422 3955 rebus
3462 3897 3601 3952 scri-

2030 4023 2249 4083 ptorum
2290 4007 2627 4078 diligentiam
2661 4007 3009 4071 aspernatur.
3061 3995 3145 4049 Tu
3177 4006 3341 4064 porro
3379 3990 3461 4043 vis
3488 3989 3602 4042 dis-

2030 4104 2235 4160 cordia:
2260 4101 2422 4170 hujus
2454 4096 2810 4153 concordiam
2842 4086 3241 4160 contemplari?
3273 4086 3339 4139 de
3361 4094 3600 4153 quonam

2023 4197 2194 4251 calice
2221 4192 2502 4264 loquitur?
2525 4193 2591 4245 de
2606 4203 2671 4244 eo
2694 4187 2909 4244 scilicet
2936 4184 3124 4252 verbo,
3151 4179 3297 4250 quod
3331 4178 3387 4231 in
3416 4171 3600 4227 Veteri

2025 4308 2088 4345 ac
2111 4289 2262 4344 Novo
2279 4287 2637 4342 Testamento
2653 4283 2874 4337 coalitus
2900 4294 2929 4331 a
2957 4278 3066 4332 Deo
3087 4272 3398 4329 hominibus
3423 4265 3603 4337 propi-

2025 4392 2210 4437 natum
2235 4381 2529 4445 habemus;
2563 4378 2666 4431 hoc
2683 4375 2829 4429 enim
2854 4380 2981 4441 potu
3006 4369 3221 4421 animus
3256 4369 3444 4416 noster
3472 4355 3601 4411 irri-

2027 4483 2203 4543 gatur.
2227 4474 2294 4525 At
2316 4486 2438 4525 cum
2463 4481 2759 4535 utrumque
2793 4464 3020 4518 verbum
3048 4461 3140 4521 sit,
3173 4455 3337 4526 296
3364 4464 3597 4511 merum.

2035 4537 2156 4614 ideo
2176 4568 2260 4614 est
2288 4568 2603 4627 utrumque.
2644 4554 2906 4608 Miscetur
2941 4563 3074 4602 vero
3110 4561 3236 4600 cum
3259 4541 3459 4610 duplex
3490 4537 3599 4592 sit:

2038 4664 2204 4701 unum
2239 4648 2387 4701 enim
2408 4654 2514 4707 est,
2547 4643 2779 4713 quodex
2810 4637 3079 4693 ambobus
3108 4630 3391 4693 coalescit,
3424 4628 3602 4682 scien-

2037 4742 2125 4795 tia;
2175 4740 2385 4793 scilicet
2432 4733 2877 4806 cognitimnisque
2934 4727 3218 4799 perfectio.
3263 4720 3432 4775 Vetus
3477 4714 3605 4801 qui—

2037 4833 2159 4886 dem
2192 4828 2615 4900 promissionem
2657 4824 2849 4877 habuit
2878 4837 2891 4872 :
2926 4835 3101 4875 novus
3138 4829 3270 4869 vero
3303 4827 3423 4867 eum
3451 4807 3603 4875 quia

1966 4916 2008 4969 Ι)
2038 4924 2149 4980 Deo
2194 4897 2398 4977 missus
2438 4927 2542 4979 est,
2578 4917 2750 4971 dedit.
2797 4913 2914 4969 Hoc
2962 4920 3166 4974 autem,
3206 4905 3272 4959 Et
3328 4897 3602 4957 inclinarit

364 5048 428 5087 ca:
463 5030 558 5085 hac
608 5032 663 5084 in
702 5030 819 5092 hoc,
851 5028 1238 5098 magistrorum
1289 5023 1697 5077 successionem
1771 5020 2067 5091 signiﬁcat,
2137 5018 2389 5073 Mosaica:
2469 5013 2754 5074 nimirum,
2797 5025 2863 5064 ac
2902 4997 3199 5061 Dominica:
3247 4997 3405 5067 legis.
3448 4991 3603 5046 Calix

367 5129 529 5181 Porro
567 5139 709 5177 unus
738 5130 824 5177 est
857 5137 871 5172 :
932 5137 1072 5175 unus
1104 5120 1246 5174 enim
1290 5118 1543 5185 idemque
1589 5114 1820 5183 spiritus
1871 5113 2193 5183 prophetam
2220 5151 2235 5172 ,
2286 5119 2448 5179 atque
2478 5124 2625 5167 eum,
2676 5104 2771 5176 qui
2807 5118 2837 5157 a
2877 5102 2988 5155 Deo
3027 5096 3232 5151 missus
3273 5099 3378 5156 est,
3428 5086 3604 5155 inspi-

364 5220 529 5273 ravit.
574 5217 638 5272 Et
681 5215 824 5286 quod
852 5215 981 5269 boni
1015 5214 1249 5282 pictores
1280 5208 1507 5273 faciunt,
1536 5206 1666 5261 olim
1707 5204 1931 5274 quidem
1970 5203 2294 5257 adumbratc
2325 5174 2653 5267 delineavit;
2695 5174 2893 5269 postea
2941 5204 3070 5247 vero
3108 5183 3353 5256 singulas
3413 5174 3605 5249 cogni-

368 5312 533 5367 tionis
561 5318 745 5381 partcs
770 5306 1101 5363 elaboravit:
1136 5303 1499 5357 Verumtamen
1532 5299 1639 5367 {was
1673 5298 1788 5367 ejus
1811 5314 1913 5351 non
1950 5305 2028 5351 est
2061 5295 2358 5349 exinanita.
2838 5276 2847 5285 ’

475 5430 490 5460 ⁸
524 5427 668 5483 Psal.
708 5442 767 5495 ιι,
800 5426 885 5481 ll.
987 5426 1006 5455 ’
1037 5422 1184 5477 Psal.
1236 5438 1418 5489 Lxxw,
1456 5420 1512 5475 9.

378 5604 387 5627 ,
1591 5529 1769 5587 mou.
1821 5526 1922 5583 PE'

2020 5525 2099 5579 νη
2143 5523 2374 5580 ΝΟΤΛΕ.

397 5673 401 5676 ~
441 5639 576 5707 (95⁸)
600 5637 657 5692 ln
691 5630 1604 5707 hacihomilia‘ostendithynesius
1627 5628 1760 5707 dies
1805 5627 1973 5685 festos
2006 5622 2091 5693 pie
2129 5634 2183 5678 et
2223 5620 2408 5676 sobrie
2439 5612 2815 5680 celebrandas,
2860 5619 3024 5682 atque
3056 5625 3219 5665 unum
3254 5609 3609 5680 cmudcn'que

372 5726 493 5767 esse
512 5701 765 5780 spiritum
797 5706 930 5759 Novi
956 5721 1018 5759 ae
1054 5704 1265 5758 Veteris
1304 5701 1663 5758 Testamenti.

448 5850 507 5913 (ξ)
555 5849 782 5909 Dionysio
806 5844 1022 5910 Petavio
1039 5843 1333 5905 interprete.
