4002 6244
446 300 587 358 1565

968 415 1114 474 HOM
1126 415 1259 472 ILIA
1297 413 1339 470 ll
1372 414 1506 488 (94).

518 512 679 583 297
712 508 829 566 Nox
858 525 1037 575 sacra,
1085 525 1205 580 quae
1250 509 1423 564 lucem
1466 515 1675 563 tantam
1724 508 1906 563 attulit
1943 507 2018 565 iis

1480 291 1748 353 SVNESII
1786 293 2253 358 PTOLEMAIDIS
2292 292 2601 352 EPISCOPI

2044 420 2099 489 Α

3542 282 3707 340 -ιδει

2516 464 2522 475 ,
2730 411 2971 467 OMIMA
3007 412 3079 466 B’.

2193 508 2308 574 Νὺξ
2340 506 2459 579 ίερὰ
2477 506 2631 576 (94⁸),
2662 504 2780 575 φῶς
2817 502 3115 571 ἐνεγκοῦσα
3141 502 3256 565 τοῖς
3281 517 3420 570 κατη
3436 498 3707 570 ραμένοις

449 608 544 679 qui
585 602 853 661 exsecrati
898 610 1078 666 erant,
1124 611 1389 672 quantum
1425 602 1609 656 nullus
1645 617 1886 671 unquam
1930 601 2017 657 sol

2150 618 2247 654 ,σον
2297 599 2469 662 οὐδεὶς
2517 596 2728 667 ἡμέραν
2764 591 3004 663 ἔλαμψεν
3049 592 3228 661 ἥλιοςυ
3261 590 3384 679 οὐδὲ
3433 590 3546 679 τῇ
3594 587 3708 640 οὐδ’

451 696 592 753 diem
629 694 941 751 illustravit.
986 692 1097 748 Nec
1126 695 1272 748 enim
1328 693 1408 749 las
1443 702 1529 749 est
1571 692 1822 763 profecto
1852 693 2019 763 quid-

452 805 637 861 quam,
663 788 791 842 licet
818 787 1059 842 omnium
1112 803 1232 856 qum:
1263 786 1318 839 in
1349 793 1497 840 terra
1540 794 1669 840 sunt
1707 785 2019 858 pulcherri-

454 896 601 936 mum
629 880 722 944 sit,
756 894 878 933 cum
917 878 1235 948 praepotenti
1262 892 1441 931 rerum
1464 877 1662 947 opiﬁce
1697 890 2024 947 comparan-

452 971 583 1026 dum
619 984 866 1024 censere.
900 968 1099 1023 Verum
1136 983 1205 1023 ne
1231 966 1511 1037 Opiﬁcium
1541 967 1761 1037 quidem
1800 977 1887 1024 est
1925 967 2024 1023 illa

454 1063 548 1118 lux
586 1077 709 1132 qua:
750 1060 1023 1115 illuminat
1065 1059 1300 1125 animos,
1348 1067 1402 1115 et
1442 1059 1832 1131 aspectabilem
1877 1059 2030 1117 hunc

455 1153 625 1210 solem
656 1152 977 1208 illustravit.
1006 1150 1307 1222 Agnoscite
1346 1150 1664 1207 beatitatem
1696 1166 1817 1221 qua:
1846 1150 2027 1217 adest,

455 1260 689 1317 quaeque
736 1260 979 1315 praasens
1034 1250 1139 1299 est.
1179 1242 1238 1297 Si
1278 1242 1382 1296 hoc
1434 1242 1490 1296 in
1540 1252 1684 1298 statu
1717 1241 1855 1298 lirmi
1900 1257 2031 1312 per-

457 1335 797 1399 manseritis,
852 1334 1235 1405 optabiliorem
1285 1332 1439 1388 vobis
1478 1347 1543 1387 ac
1585 1331 1881 1388 feliciorem
1934 1347 2032 1388 so-

459 1426 695 1483 lemnem
732 1428 877 1482 hunc
912 1427 1077 1491 diem,
1106 1424 1352 1497 quandiu
1391 1425 1559 1480 vitam
1597 1423 1902 1495 producere
1931 1424 2031 1480 da-

460 1517 633 1581 bitur,
670 1517 1053 1575 observabitis.
1088 1514 1244 1570 Nunc
1276 1514 1496 1587 quidem
1539 1524 1691 1571 certe
1727 1517 2030 1585 unusquis-

461 1624 572 1679 que
606 1616 848 1674 vestrum
879 1607 1104 1678 angelus
1134 1606 1297 1663 Deive
1335 1606 1564 1661 nuntius
1594 1606 1649 1661 in
1680 1605 1818 1660 urbe
1844 1620 2033 1660 versa-

2123 690 2268 744 ὂσιον
2308 685 2659 755 ἐξετασθῆναι
2691 683 2767 754 τῷ
2791 680 3141 753 Δημιουργῷ.
3170 679 3275 734 κᾶν
3312 677 3374 731 τὸ
3417 671 3708 731 κάλλιπον

2122 784 2217 836 ἐπὶ
2240 782 2365 852 γῆς.
2423 780 2562 834 Ἀλλ’
2601 778 2724 831 οὐδὲ
2760 774 3152 847 δημιούργημα
3192 773 3367 825 ἐκεῖνο
3400 769 3462 823 τὸ
3504 768 3649 837 φῶς,
3682 765 3711 819 δ

2127 871 2353 944 φωτίζει
2397 871 2596 943 ψυχὰς,
2630 870 2725 922 καὶ
2768 868 2859 921 τὸν
2908 865 3163 937 αἰσθητὸν
3218 862 3482 933 ἐφώτισεν
3525 860 3707 929 ἣλιον.

2141 963 2430 1036 Ὀμολογίᾳ
2453 962 2550 1033 τῆς
2573 957 2852 1030 παρούσης
2879 956 3253 1027 μακαριούσης
3281 953 3708 1024 μακαριότητος.

2131 1058 2229 1111 Ἂν
2245 1056 2385 1110 οὕτω
2410 1051 2741 1124 διαμείνητε,
2761 1048 3196 1120 εὑζηλωτοτέραν
3218 1049 3236 1068 '
3271 1047 3399 1116 ὑμῖν
3420 1044 3523 1114 τὴν
3562 1059 3712 1113 παρ-

2128 1148 2294 1203 οῦσαν
2340 1146 2432 1199 ἐπὶ
2478 1145 2573 1199 τοῦ
2620 1144 2908 1215 παρόντος,
2946 1140 3051 1195 κάν
3099 1138 3174 1210 μὴ
3221 1137 3307 1190 διὰ
3356 1136 3496 1206 βίου,
3532 1136 3709 1204 τηρής-

2137 1257 2279 1294 σετε.
2313 1238 2427 1293 Νῦν
2481 1237 2577 1308 μὲν
2609 1236 2837 1299 ἕκαστος
2880 1233 3034 1304 ὑμῶν
3065 1231 3292 1300 ἄγγελος
3338 1231 3395 1283 ὲν
3431 1231 3502 1299 τῇ
3553 1228 3712 1279 πόλει

2137 1333 2459 1403 περινοστεῖ.
2490 1328 2605 1382 Νῦν
2635 1327 2852 1399 ἡγεῖσθε
2879 1324 3007 1396 περὶ
3037 1323 3190 1395 ὑμῶν
3217 1319 3352 1377 εἶναι
3383 1321 3442 1374 τὸ
3483 1319 3713 1388 λεγόμε-

2135 1441 2246 1487 νον,
2276 1424 2368 1476 ἐπὶ
2388 1422 2490 1492 γῆς
2518 1421 2688 1487 ὄντες,
2712 1419 2809 1474 καὶ
2829 1420 2887 1472 ὲν
2911 1414 3123 1489 οὐρανῷ
3147 1415 3205 1469 τὸ
3227 1414 3535 1483 πολίτευμα
3564 1412 3712 1482 ἕχον-

2135 1532 2247 1579 τες.
2271 1513 2547 1584 Φοϐήθητε
2574 1512 2674 1581 τῆς
2706 1510 2863 1578 ἀξίας
2893 1509 3190 1563 ἀποπεσεῖν
3211 1524 3223 1537 ·
3259 1506 3619 1560 δυσέκνιπτον
3655 1503 3715 1557 τὸ

2140 1603 2279 1676 μετὰ
2302 1602 2564 1675 κάθαρσιν
2591 1602 2860 1674 μόλυσμα.

464 1715 555 1761 tur
604 1722 618 1757 :
670 1712 834 1772 atque
878 1702 1042 1756 ctiam
1100 1716 1248 1756 nunc
1308 1701 1625 1756 existimate
1676 1701 1839 1771 plane
1877 1700 2038 1757 vobis
2073 1715 2380 1772 congruere
2424 1698 2572 1769 quod
2604 1697 2812 1752 dictum
2859 1703 2986 1751 est:
3028 1694 3083 1749 in
3127 1693 3292 1748 terris
3328 1689 3618 1760 degentes,
3664 1702 3716 1743 ct

464 1799 523 1855 in
580 1798 739 1856 ccelis
787 1796 1268 1852 conversationem
1317 1795 1605 1852 habentes.
1658 1796 1930 1851 Caeterum
1988 1798 2178 1851 timete
2235 1811 2303 1850 ne
2350 1793 2619 1851 excidatis
2658 1793 2729 1848 ab
2768 1792 2872 1847 hac
2925 1790 3213 1861 dignitate.
3277 1786 3491 1842 Etenim
3535 1786 3714 1855 inqui-

465 1891 619 1948 natio
655 1905 777 1961 qua!
799 1898 924 1961 post
972 1889 1365 1945 februationem
1404 1896 1459 1945 et
1488 1890 1857 1961 expiationem
1901 1891 2127 1958 accidit,
2168 1889 2443 1960 piaculum
2473 1896 2559 1945 est
2582 1888 2725 1959 quod
2782 1888 2872 1942 vix
2928 1885 3151 1943 eluitur.

468 2098 833 2154 Decreverunt
888 2095 1094 2166 aliquid
1144 2094 1586 2166 Leontopolitani
1629 2095 1818 2151 mitius
1866 2110 2033 2165 quam

468 2191 711 2259 ipsorum
747 2195 942 2243 natura
981 2186 1141 2250 ferat,
1171 2201 1295 2243 cum
1320 2202 1351 2241 a
1384 2201 1445 2242 se
1487 2187 1721 2243 invicem
1750 2188 2038 2243 abstinen-

468 2288 573 2345 tes,
607 2280 816 2336 vicinos
835 2279 1162 2335 violatarum
1190 2280 1370 2350 legum
1397 2287 1751 2336 accusarunt.
1776 2279 2038 2344 Quando-

469 2369 689 2441 quidem
704 2370 820 2425 heri
833 2377 888 2426 et
898 2369 1100 2424 nudius
1118 2368 1313 2424 tertius
1327 2367 1526 2424 fratres
1538 2368 1802 2424 adversus
1816 2367 2037 2434 fratres,

469 2472 526 2519 et
536 2462 678 2520 ﬁlius
692 2473 885 2519 contra
901 2469 1132 2531 patrem,
1151 2469 1206 2517 et
1221 2471 1374 2531 pater
1385 2470 1576 2517 contra
1594 2477 1726 2518 suos
1739 2462 2041 2519 advocabat

471 2554 813 2611 carniﬁcem.
860 2553 1050 2624 Neque
1100 2569 1268 2624 porro
1310 2553 1367 2609 id
1401 2554 1550 2625 quod
1608 2571 1757 2610 nunc
1798 2537 2039 2627 aggressi

471 2656 625 2710 sunt,
666 2646 947 2702 hominum
990 2654 1075 2701 est
1108 2654 1356 2701 mutuam
1395 2646 1546 2702 illam
1572 2648 1775 2703 caedem
1805 2651 2040 2718 patriam

474 2739 847 2795 amolientium
877 2755 891 2792 :
919 2753 1111 2792 verum
1152 2738 1410 2807 privatim
1458 2738 1680 2809 quidem
1729 2740 1934 2809 singuli
1985 2740 2043 2795 in

474 2829 726 2900 singulos
763 2829 1025 2897 impetum
1057 2828 1267 2883 faciunt
1300 2848 1314 2884 :
1348 2830 1716 2885 communiter
1744 2846 1873 2886 vero
1905 2832 2043 2887 civi-

476 2929 565 2976 tas
609 2920 948 2991 astygitones
986 2921 1311 2982 insectatur.
1364 2935 1461 2975 eos
1508 2921 1601 2989 qui
1652 2937 1761 2975 non
1810 2922 2045 2989 feliciter

475 3029 581 3068 nec
610 3013 752 3067 bono
774 3028 878 3068 suo
917 3019 1050 3066 sunt
1084 3012 1237 3067 urbis
1261 3011 1449 3067 vicini.
1480 3012 1613 3066 Nam
1646 3029 1754 3068 non
1787 3015 2046 3083 praeclare

477 3118 668 3160 secum
697 3113 877 3157 actum
904 3104 972 3157 iri
1004 3102 1317 3167 crederent,
1348 3104 1456 3159 nisi
1480 3104 1641 3159 etiam
1666 3105 1883 3174 publice
1908 3120 2046 3161 cou-

478 3195 735 3251 Iormatio
768 3194 1011 3252 civitatis
1057 3196 1405 3252 accusatoria
1447 3196 1610 3259 foret,
1659 3204 1713 3252 et
1742 3198 2049 3252 calumnia-

479 3287 617 3345 toris
642 3289 818 3345 vicem
865 3290 1151 3346 subiisset.
1191 3287 1310 3344 Jam
1346 3304 1475 3344 vero
1507 3288 1665 3344 nobis
1695 3303 1758 3343 ea
1793 3305 1914 3359 qua:
1956 3304 2050 3345 ac-

477 3381 758 3436 cusatorie
788 3380 1150 3450 objiciuntur,
1175 3381 1353 3436 claras
1383 3381 1737 3452 probationes
1765 3382 2046 3448 exhibent,

482 3482 545 3529 ut
586 3474 791 3530 nemini
840 3474 1146 3531 inferamus
1181 3474 1442 3545 injuriam
1474 3493 1489 3530 :
1520 3476 1722 3545 quibus
1750 3474 1916 3545 judex
1954 3491 2051 3546 pa-

482 3563 709 3621 tientem
746 3566 1129 3622 accommodat
1175 3582 1385 3623 aurem.
1425 3568 1591 3638 Atqui
1638 3583 1741 3624 nos
1787 3583 1920 3623 arva
1950 3582 2049 3623 co-

481 3655 618 3723 lere,
662 3671 773 3712 non
815 3671 1013 3714 causas
1061 3658 1293 3735 actitare
1331 3655 1645 3713 didicimus.
1679 3657 1792 3712 Cur
1826 3658 2048 3713 tandem

484 3748 674 3820 igitur,
704 3764 830 3805 cum
860 3749 1190 3819 jamdudum
1220 3738 1349 3807 haec
1376 3751 1454 3806 ita
1491 3767 1550 3807 se
1577 3751 1889 3814 habuerint,
1920 3766 2055 3806 con-

483 3841 762 3897 venientia
807 3842 913 3897 sibi
945 3858 1173 3898 munera
1204 3853 1258 3898 et
1289 3842 1455 3915 29s
1477 3851 1721 3913 tempora
1766 3852 2055 3897 transcen-

483 3931 615 3988 dere
659 3947 878 4003 aaquum
925 3941 1175 3998 censent,
1220 3941 1276 3990 et
1307 3936 1575 3990 adversus
1615 3949 1716 3989 nos
1756 3934 2051 4003 prodeunt,

484 4023 582 4093 qui
619 4024 742 4094 plus
786 4040 951 4095 quam
1006 4026 1109 4095 ipsi
1165 4026 1557 4081 accendimur?
1596 4035 1651 4082 et
1699 4026 1908 4097 majore
1960 4028 2055 4083 siti

485 4117 781 4189 correptis,
850 4127 1015 4188 atque
1071 4117 1279 4187 injuria
1341 4117 1554 4174 ali'ectis
1614 4117 1829 4175 ratione
1876 4117 2053 4183 situs,

485 4211 650 4266 venui
698 4225 915 4280 semper
943 4219 1225 4281 exponunt
1263 4210 1421 4265 avide
1469 4209 1523 4263 id
1576 4210 1724 4279 quod
1767 4214 2056 4280 superest?

485 4304 757 4369 Quoniam
803 4313 987 4360 autem
1042 4305 1142 4360 hoc
1195 4319 1339 4359 anno
1404 4303 1612 4374 argenti
1664 4304 1800 4358 nihil
1858 4302 2056 4372 reliqui

488 4396 612 4462 fuit,
657 4398 848 4451 volunt
899 4406 1117 4454 nostras
1152 4385 1425 4451 aerumnas
1464 4397 1516 4450 in
1568 4395 1722 4450 lucro
1767 4395 2052 4465 deputare.

488 4485 570 4542 Eo
628 4489 888 4543 nimirum
943 4489 1175 4544 tendunt
1224 4496 1476 4544 recentes
1544 4487 1652 4541 illa:
1702 4486 2052 4544 delationes:

2224 2094 2637 2149 Ἐϐουλεύσαντό
2674 2113 2728 2149 τι
2759 2092 2875 2165 (95)
2906 2090 3318 2147 Λεοντοπολῖται
3365 2089 3468 2160 τῆς
3516 2090 3719 2145 ἑαυτῶν

2143 2188 2357 2259 φύσεως
2405 2189 2785 2259 ἡμερώτερον·
2819 2186 3063 2256 ἀλλήλων
3109 2184 3394 2255 ἀφέμενοι,
3431 2183 3565 2246 τοὺς
3611 2184 3721 2252 γείο

2143 2300 2302 2347 τονας
2328 2282 2663 2353 παρανόμων
2707 2278 3037 2350 ἐγράψαντο.
3080 2276 3231 2329 Ἐπεὶ
3264 2275 3427 2345 μέχρι
3460 2275 3593 2345 χθὲς
3628 2274 3721 2328 καὶ

2143 2373 2335 2446 πρώην
2369 2373 2583 2441 ἀδελφοί
2605 2389 2668 2425 τε
2700 2371 2786 2426 ἐπ’
2814 2370 3080 2438 ἀδελφοῖς,
3111 2368 3208 2421 καὶ
3234 2370 3360 2430 παῖς
3402 2368 3499 2419 ἐπὶ
3530 2368 3719 2438 πατρὶ,

2144 2467 2240 2521 καὶ
2268 2466 2450 2538 πατὴρ
2473 2464 2568 2517 ἐπὶ
2591 2462 2668 2535 τῷ
2700 2462 2846 2532 γένει
2871 2460 3172 2532 παρεκάλει
3197 2460 3289 2513 τὸν
3315 2459 3536 2530 δήμιον.
3572 2459 3725 2527 Τάχα

2143 2557 2203 2611 δὲ
2226 2556 2346 2611 οὐδὲ
2378 2557 2439 2611 τὸ
2474 2556 2568 2609 νῦν
2597 2553 3035 2628 ὲγχειρούμενον,
3063 2550 3439 2605 καταλυόντων
3483 2550 3584 2602 ἐπὶ
3625 2549 3723 2618 τὴν

2145 2647 2533 2719 ἀλληλοφονίαν
2558 2647 2658 2716 τὴν
2677 2647 2902 2718 πάτριον
2923 2661 2935 2673 ·
2971 2643 3084 2698 ἀλλ’
3114 2644 3221 2715 ἰδίᾳ
3245 2642 3344 2713 μὲν
3374 2643 3614 2703 ἕκαστος
3632 2642 3702 2693 ὲτέ

2146 2740 2237 2793 τδν
2268 2740 2397 2795 ῐδιον
2419 2739 2643 2811 φέρεται
2668 2756 2682 2770 ο
2729 2740 2879 2808 κοινῇ
2908 2737 3021 2806 δὲή
3047 2735 3201 2799 πόλις
3239 2735 3330 2789 ἐπὶ
3354 2735 3481 2797 τοὺς
3512 2735 3615 2787 οὐκ
3635 2733 3723 2785 εὐ-

2147 2833 2325 2903 τυχῶς
2363 2831 2766 2900 ἀστυγείτονας.
2794 2832 2869 2884 Οὐ
2913 2829 3021 2899 γὰρ
3053 2827 3276 2882 ἀνεκτὸν
3313 2827 3521 2890 αὐτοῖς,
3573 2828 3622 2879 εξ
3653 2824 3726 2895 μὴ

2150 2926 2243 2978 καὶ
2261 2924 2323 2993 δη
2333 2924 2496 2995 μοσία
2521 2924 2584 2977 τὸ
2617 2926 2804 2994 σχῆμα
2831 2922 2932 2992 τῆς
2973 2922 3177 2984 πόλεως
3223 2918 3594 2990 κατηγορικὸν
3616 2918 3721 2989 εἴη,

2150 3017 2247 3070 καὶ
2279 3016 2613 3084 συκοφάντου
2636 3014 2817 3087 χώραν
2847 3014 3288 3069 ὁπεισελεύσεται
3306 3029 3321 3044 ο
3358 3012 3474 3067 ἀλλ’
3507 3013 3647 3081 ἡμῖν
3664 3028 3725 3077 γε

2151 3111 2232 3171 εἰς
2263 3107 2324 3161 τὸ
2359 3108 2524 3178 μηδὲν
2562 3108 2789 3173 ἀδικεῖν,
2819 3108 2959 3162 αὐτὰ
2981 3106 3050 3160 τὰ
3077 3104 3502 3177 κατηγορημένα
3536 3106 3725 3171 σαφεῖς

2152 3200 2453 3267 ἀποδείξεις
2480 3200 2799 3270 παρέχεται.
2829 3200 3182 3271 είιτυχηκόσιν
3212 3198 3414 3269 ἀκουὴν
3443 3196 3726 3261 δικαστοῦ,

2154 3294 2423 3364 Γεωργεῖν
2460 3292 2517 3345 δὲ
2546 3294 2725 3361 ἡμεῖς,
2755 3292 2856 3346 οὐκ
2897 3292 3180 3363 ἀγορεύειν
3228 3290 3382 3353 δίκας
3426 3289 3725 3360 ἐμάθομεν.

2155 3384 2221 3438 Τί
2253 3385 2370 3437 ποτ’
2398 3380 2490 3437 οὖν
2523 3382 2984 3453 ἀποδεδειγμένων
3026 3384 3210 3447 αὐτοῖς
3247 3382 3417 3437 πάλαι
3456 3382 3557 3435 καὶ
3600 3381 3729 3451 πρόε

2154 3478 2323 3531 παλαι
2358 3476 2468 3531 τῶν
2501 3479 2888 3549 προσηκόντων
2921 3479 3098 3549 μέσων
3120 3478 3471 3550 ὑπερϐαίνειν
3492 3476 3733 3542 ἀξιοῦσι,

2155 3569 2250 3623 καὶ
2274 3569 2360 3638 ἐφ’
2382 3570 2529 3641 ἡμᾶς
2559 3569 2806 3640 ἔρχονται
2826 3572 2953 3635 τοὺς
2980 3571 3118 3641 ὑπὲρ
3139 3570 3334 3634 αὐτοὺς
3364 3567 3695 3632 καιομένους
3716 3582 3735 3632 ;

2155 3661 2531 3734 διψηροτέροις
2556 3680 2615 3716 τε
2641 3658 2780 3726 οὖσι,
2817 3665 2910 3717 καὶ
2936 3663 3286 3733 ἠδικημένοις
3322 3660 3472 3731 παρὰ
3509 3660 3617 3727 τῆς
3646 3659 3734 3710 θέ-

2158 3770 2318 3818 σεως,
2350 3754 2727 3825 ἀπεμπολοῢσι
2760 3755 2850 3809 ἀε)⁸
2877 3754 2940 3808 τὸ
2981 3754 3467 3825 περιγιγνόμενον;
3510 3748 3735 3815 Ἐπειδὴ

2152 3846 2316 3915 τῆτες
2342 3847 2403 3900 οὐ
2432 3846 2782 3918 περιγέγονεν
2812 3846 3092 3918 ἀργύριον,
3124 3845 3367 3913 ἀξιοῦσιν
3405 3842 3543 3897 αὐτὸ
3583 3841 3736 3910 γενέ-

2155 3938 2279 3993 σθαι
2306 3938 2407 4003 τὰς
2431 3939 2705 4012 ἡμετέρας
2736 3940 3021 4010 συμφοράς
3083 3940 3177 4001 Είς
3209 3936 3370 3992 τοῦτο
3407 3934 3646 3988 τείνουσι
3679 3933 3736 3985 αι

2155 4030 2346 4103 πρώην
2382 4033 2615 4103 γραφαὶ,
2646 4033 2739 4086 καὶ
2771 4032 2971 4095 σκοπὸς
3015 4032 3197 4093 αὐτοῖς
3233 4031 3342 4083 τῶν
3364 4028 3738 4099 ψηφισμάτων

2153 4123 2251 4192 οὐχ
2281 4123 2487 4194 ἔτερος.
2529 4123 2879 4195 Ὀμολογοῦσι
2903 4124 2966 4195 δή
2998 4141 3053 4176 τι
3088 4125 3181 4177 καὶ
3212 4121 3483 4192 δεύτερον,
3521 4119 3554 4172 ὃ
3584 4116 3739 4185 παρὰ

2155 4213 2385 4285 πρώτων
2396 4218 2429 4285 ἡ
2438 4216 2551 4285 μῶν
2568 4217 2661 4269 καὶ
2681 4216 2857 4286 μόνων
2869 4215 3019 4283 ἀξιον
3032 4215 3308 4286 εἰρῆσθαι,
3327 4210 3737 4283 παραστατικὸν

2154 4305 2213 4360 ὃν
2228 4308 2325 4378 τῆς
2345 4307 2684 4381 ἀδικωτάτης
2701 4308 2882 4379 αὐτῶν
2905 4307 3288 4379 ἐγχειρήσεως.
3313 4304 3606 4375 Πόρρωθεν
3627 4300 3738 4371 γὰρ

2155 4400 2308 4453 αὐτοὶ
2336 4401 2577 4470 κρηπῖδα
2598 4403 2664 4474 τῇ
2690 4402 3024 4473 συκοφαντίᾳ
3047 4400 3363 4472 βαλλόμενοι
3385 4397 3525 4465 ὑπὲρ
3548 4394 3739 4455 ἀδείας

2155 4490 2248 4545 τοῦ
2277 4494 2388 4555 τοῖς
2416 4491 2489 4563 μὴ
2516 4495 2883 4565 προσήκουσιν
2913 4494 3068 4547 ὕδασι
3089 4490 3413 4564 χρήσασθαι,
3442 4487 3519 4557 τῷ
3550 4484 3741 4556 σεμνῷ

488 4592 593 4633 nec
635 4579 781 4635 alius
809 4580 945 4650 ipsis
989 4581 1114 4636 linis
1148 4589 1235 4635 est
1265 4580 1553 4636 scitorum.
1600 4578 1864 4634 Fatentur
1889 4581 2044 4635 etiam

2157 4582 2330 4653 τούτῳ
2351 4581 2688 4656 δικαστηρίῳ
2722 4587 2990 4657 πρόσοδον
3008 4586 3349 4657 ἐποιήσαντο.

489 4668 697 4737 aliquid
748 4671 1014 4734 secundo,
1074 4671 1223 4742 quod
1286 4671 1512 4742 dignum
1560 4680 1646 4726 est
1688 4678 1749 4724 ut
1797 4684 1829 4723 a
1885 4671 2045 4727 nobis
2092 4673 2288 4744 primis
2337 4679 2392 4726 et
2438 4673 2577 4730 solis
2624 4678 2944 4732 enuntietur
2987 4694 3002 4732 :
3059 4689 3186 4729 cum
3233 4667 3503 4742 ejusmodi
3551 4666 3628 4720 sit
3677 4671 3741 4717 ιιι

491 4760 731 4816 maxime
784 4762 855 4817 ob
903 4763 1093 4819 oculos
1147 4770 1317 4835 ponat
1376 4762 1803 4833 injustissimum
1853 4762 2100 4833 ipsorum
2154 4766 2492 4826 institutum.
2540 4769 2675 4825 Nam
2721 4784 2846 4825 cum
2896 4768 3008 4837 jam
3049 4767 3180 4822 olim
3210 4763 3497 4821 calumnia:
3535 4756 3739 4813 funda-

497 4864 681 4911 menta
707 4857 817 4912 alte
856 4856 1090 4927 jecerint
1141 4873 1239 4929 pro
1275 4859 1598 4925 securitate,
1633 4856 1781 4928 quod
1805 4872 1915 4911 non
1949 4860 2018 4913 ad
2040 4875 2101 4917 se
2133 4862 2498 4923 attinentibus
2523 4866 2683 4937 aquis
2721 4870 2967 4931 utantur,
3009 4861 3078 4917 ad
3118 4861 3223 4916 hoc
3253 4853 3563 4915 venerabile
3597 4866 3740 4923 pra:-

502 4948 702 5004 torium
726 4946 932 5006 aditum
963 4949 1069 5005 sibi
1101 4949 1373 5006 fecerunt.

1704 5086 1889 5145 DIO‘N.
1936 5086 2213 5143 PETAVII

2275 5085 2506 5143 NOTAE.

567 5182 679 5253 (ω)
718 5183 779 5237 In
821 5183 1104 5256 pervigilio
1135 5182 1348 5241 Natalis
1377 5182 1619 5239 Domini.
1666 5183 1797 5242 Fed.
1835 5183 2065 5241 Morello
2154 5185 2259 5243 bus
2290 5181 2620 5256 ostenditur,
2652 5187 2902 5256 recentes
2935 5179 3119 5256 illosAa
3146 5178 3417 5256 baptismo
3436 5186 3741 5239 esse;tum

495 5254 815 5322 interprete.

565 5323 700 5394 (94')
735 5323 862 5389 Νὺξ
882 5326 1025 5392 ἱερά.
1053 5322 1213 5395 Falsa
1251 5331 1337 5395 est
1360 5323 1652 5395 inscriptio
1692 5323 1907 5395 l_.atina.
1945 5322 2064 5378 Non

495 5396 642 5450 enim
671 5395 725 5448 in
759 5396 1038 5464 pervigilio
1056 5394 1264 5449 Natalis
1294 5393 1655 5460 Domini,’sed
1693 5393 2070 5451 Resurrectio-

498 5467 586 5537 nis
621 5464 802 5537 habita
833 5465 1057 5537 videtur
1088 5466 1153 5537 ad
1182 5467 1508 5537 neophvtos,
1540 5473 1675 5520 utea
1701 5465 1870 5537 verba
1899 5464 2072 5537 signi-

501 5536 687 5602 ficant,
721 5533 1073 5591 δυσέκνιπτον
1092 5535 1157 5591 τὸ
1179 5533 1319 5608 μετὰ
1346 5533 1613 5608 κάθαρσιν
1646 5534 1919 5608 μόλυσμα,
1947 5533 2070 5607 qui-

2157 5254 2336 5323 φωτός
2362 5261 2417 5308 et
2458 5250 2740 5323 φωτισμοῦ
2783 5252 3009 5323 mentio.
3037 5248 3311 5323 Quocirca
3351 5262 3448 5323 pro
3495 5262 3746 5323 κατηραο

2165 5316 2344 5397 μένοις
2382 5316 2492 5397 non
2553 5316 2740 5397 dubito
2768 5322 2904 5397 quin
2948 5320 3055 5397 legi
3079 5316 3742 5397 debeat_x&0qpajtévot;.

2235 5395 2347 5465 (95)
2392 5392 2860 5465 Ἐϐουλεύσαντᾴ
2875 5407 2946 5444 τι.
2979 5391 3255 5465 Hactenus
3276 5391 3398 5444 lucc
3422 5403 3544 5442 cum
3574 5394 3746 5465 alites.

2166 5455 2486 5522 cedentibus
2540 5470 2700 5518 crant
2733 5461 3047 5530 conjuncta,
3110 5462 3204 5518 sed
3248 5472 3554 5532 perperam.
3594 5455 3749 5512 Sunt

2168 5535 2320 5594 enim
2342 5533 2572 5591 alterius
2598 5533 2921 5604 argumenti.
