4002 6244
426 324 565 381 1567

1499 331 1768 388 SYNESH
1808 328 2266 389 PTOLEMAIDIS
2305 326 2611 387 EPISCOPI

3522 324 3660 380 1568

425 452 574 509 sunt,
597 442 731 497 citra
769 444 933 498 ullam
959 446 1458 516 tergiversationem
1491 451 1659 517 parati
1699 451 1762 504 ad
1792 459 1988 505 nutum
2017 500 2023 514 ε

2130 468 2247 503 εται
2269 466 2283 479 ·
2333 449 2559 520 ἕϐδομον
2588 446 2687 519 μὲν
2717 444 2836 507 ἔτος
2863 443 2963 515 ἤδη
2994 440 3358 515 πῳπράξασα
3401 439 3657 511 πονηρῶς

426 534 773 605 imperatoris
810 530 1095 591 iuerimns.
1128 539 1231 592 Sed
1265 539 1531 595 hactenus
1561 541 1987 612 Pentapolitana:

2130 540 2202 593 λλ’
2244 539 2432 610 ὥσπερ
2477 538 2611 603 ζῶον
2658 530 3060 594 δυσθανατοῦν,
3109 532 3337 601 ἀνέφερε
3388 530 3485 583 καὶ
3538 547 3659 581 συν-

426 643 517 682 rcs
550 628 664 680 heri
708 641 772 681 ac
796 627 1196 684 nudiustertius
1230 630 1283 684 in
1313 630 1683 687 Retnanurum
1720 643 1988 704 potestate

2130 631 2306 705 θροιζε
2358 629 2453 697 τοῦ
2520 629 2826 700 πνεύματος
2885 628 2949 682 τὸ
3015 625 3354 694 λειπόμενον.
3403 620 3664 691 Εὔφημος

426 727 770 783 manserunt,
804 721 896 789 qui
940 720 1222 791 deinceps,
1253 725 1454 780 amissa
1486 741 1551 781 ea
1595 734 1776 797 gente,
1811 728 1865 782 in
1900 744 1989 783 ro-

2101 724 2345 779 Ἀνυσίου
2380 724 2565 797 μνήμη
2620 719 2852 790 ἐνιαυτῷ
2892 720 2985 772 τὸν
3038 716 3227 788 χρόνον
3277 713 3447 783 αὐτῆς
3497 711 3663 763 πλείω

428 810 720 865 censendis
781 810 1121 879 praefecturis
1196 815 1312 870 suis
1370 816 1518 869 illam
1584 820 1985 886 praeterierunt.

2130 814 2379 885 εποίηκε,
2416 814 2537 876 ταῖς
2568 812 2664 882 μὲν
2693 812 2949 864 ἀπάντων
2993 807 3206 870 ἀσπίσι,
3247 807 3366 867 ταῖς
3407 803 3466 855 δὲ
3504 801 3665 854 06w.-

427 903 663 957 Prorsus
708 919 852 958 nunc
887 903 953 958 de
999 902 1280 976 Pentapoli
1321 914 1502 961 actum
1554 916 1674 977 est;
1724 910 1989 975 funditus,

2130 905 2307 976 αρδῶν
2357 907 2545 975 χερσιν
2603 904 2683 965 εἰς
2730 903 2848 955 δέον
2902 901 3266 972 χρησάμενος.
3328 894 3664 964 Τοιγαροῦν,

429 996 674 1064 inquam,
700 996 791 1049 illa
814 995 1054 1050 concidit
1088 1015 1101 1049 :
1132 1012 1253 1065 qua!
1282 999 1447 1052 variis
1480 1000 1701 1068 quidem
1732 1001 1993 1057 aerumnis

2130 996 2326 1066 ναϐολή
2361 1013 2445 1059 τις
2488 995 2703 1063 ἐγένετο
2732 992 2825 1046 τοῦ
2867 991 3061 1046 κακοῦ.
3091 990 3165 1043 Ού
3198 989 3306 1058 γὰρ
3332 985 3668 1057 ἐξεχύθησαν

432 1104 633 1141 annum
673 1088 785 1158 jam
833 1097 958 1143 ante
1006 1088 1301 1158 septimum
1360 1090 1663 1145 conﬂictari
1710 1103 1991 1162 coeperat:

2130 1090 2200 1159 λῳ
2234 1087 2427 1159 πλήθει
2460 1088 2603 1141 κατά
2628 1086 2727 1157 τῆς
2753 1083 2934 1157 χώρας
2957 1099 2972 1113 ο
3019 1084 3099 1145 είς
3142 1079 3411 1154 λῃστήρια
3440 1078 3671 1147 μετετᾶμ

430 1177 524 1233 sed
552 1177 1007 1243 quemadmodmn
1036 1179 1235 1231 animal
1258 1180 1527 1248 quoddam
1556 1196 1697 1251 aagre
1725 1183 1995 1249 moriens,

2131 1197 2293 1233 αντο·
2347 1178 2644 1249 ἀφήλλοντο
2681 1177 2776 1230 καὶ
2824 1173 3205 1245 προσήλλοντο.
3265 1170 3415 1223 Ἐπεὶ
3442 1169 3501 1220 δὲ
3548 1168 3671 1238 τρὶς

433 1270 515 1324 sic
549 1270 640 1323 illa
674 1270 904 1340 spiritus
953 1271 1039 1325 sui
1078 1271 1339 1340 reliquias
1371 1274 1599 1343 cogebat
1647 1283 1813 1343 atque
1862 1290 1997 1330 con-

2130 1269 2570 1342 παραταξαμένοις
2612 1269 2794 1332 αὐτοῖς
2842 1265 3195 1337 μετεμέλησε,
3238 1262 3332 1315 νῦν
3369 1261 3468 1329 μὲν
3511 1260 3674 1311 imo

433 1359 705 1413 trahebat.
746 1358 893 1413 Felix
931 1360 1002 1414 sit
1033 1359 1225 1431 Anysii
1265 1363 1543 1415 memoria.
1570 1362 1808 1433 30015
1850 1364 2001 1418 enim

2130 1364 2381 1434 ιρατεῖται
2415 1361 2481 1415 τὰ
2520 1360 2697 1424 πεδία,
2726 1359 2822 1412 νῦν
2857 1360 2907 1411 οί
2947 1357 3057 1430 [ίσ.
3085 1356 3182 1410 νῦν
3214 1353 3294 1426 δὲ]
3340 1352 3673 1424 στρατιῶται

410 1462 636 1504 annum
667 1451 734 1503 ad
781 1451 926 1506 illius
968 1459 1181 1520 tempus
1224 1451 1444 1520 adjecit,
1477 1468 1601 1507 cum
1635 1455 1844 1524 clypeis
1874 1453 2000 1524 qui-

2134 1457 2373 1526 ειχήρεις
2396 1495 2414 1520 ,
2482 1453 2639 1517 ἄλλος
2703 1450 2968 1521 ἀλλαχόσε
3017 1446 3385 1519 διειλημμένοι
3409 1485 3425 1509 ,
3470 1445 3533 1496 τὸ
3582 1444 3676 1497 ἐπὶ

434 1546 553 1598 dcm
612 1542 880 1604 omnium.
934 1542 1376 1613 Unnigardarum
1417 1560 1546 1600 vero
1592 1546 1846 1601 manibus
1901 1561 2003 1615 op-

2130 1545 2401 1618 [ερεαλίου
2440 1544 2610 1598 κακὸν
2652 1542 2790 1614 (99),
2832 1541 2982 1595 οὐδὲν
3010 1539 3260 1610 ἀλλήλοις
3284 1536 3470 1606 ὄφελος
3497 1536 3674 1597 ὅντες,

435 1645 668 1703 portune
708 1643 970 1689 uteretur.
1008 1635 1197 1703 Itaque
1226 1635 1476 1701 nonnihil
1502 1636 1671 1695 dilata
1714 1637 2003 1693 calamitas

2130 1653 2186 1693 τι
2212 1636 2289 1707 μὴ
2320 1634 2742 1704 συνετάχθησαν.
2791 1629 3088 1703 Τοιγαροῦν
3123 1631 3195 1682 τὰ
3245 1628 3352 1681 τῶν
3398 1626 3678 1696 πολεμίων

436 1738 539 1783 est.
570 1726 759 1797 Neque
788 1728 935 1781 enim
977 1727 1243 1783 confertis
1272 1730 1448 1799 copiis
1491 1730 1770 1798 regionem
1810 1745 2006 1800 perva-e

2130 1730 2337 1800 ,αμπρά
2357 1729 2405 1782 οί
2436 1728 2665 1798 πέρυσιν
2703 1724 2948 1790 εὔζωνοι,
2984 1723 3077 1777 καὶ
3103 1722 3241 1793 πρὸς
3271 1721 3333 1775 τὺ
3356 1724 3552 1791 φυγεῖν
3589 1721 3680 1771 εὐ-

440 1820 548 1890 gati
574 1828 723 1874 sunt.
750 1819 832 1873 Ad
869 1819 1156 1875 latrocinia
1187 1835 1313 1875 sese
1342 1798 1752 1887 converterunt,
1787 1798 2002 1894 fugien—

2130 1798 2346 1892 τρεπεῖς,
2393 1818 2487 1873 νῦν
2540 1818 2918 1890 πολιορκηταὶ,
2953 1816 3048 1869 νῦν
3092 1816 3164 1868 τὰ
3207 1812 3498 1884 κωμητικά
3550 1810 3678 1881 [ψ.

439 1919 521 1966 tes
575 1909 911 1972 identidem,
966 1918 1131 1980 atque
1187 1910 1571 1980 irrumpentes.
1643 1911 2002 1983 Posteaquam

2130 1910 2351 1983 ιωμικὰ]
2378 1909 2532 1980 τείχη
2569 1908 2909 1971 καθελόντες,
2942 1905 3139 1958 πλατεῖ
3170 1901 3542 1972 στρατεύματι
3584 1900 3683 1961 τὰς

437 2015 570 2055 vero
618 2010 701 2054 ter
735 2000 1004 2054 instructa
1046 2000 1165 2054 acie
1212 2001 1447 2069 prceliati
1492 2002 1785 2057 consilium
1826 2011 2007 2057 muta-

438 2100 589 2155 runt,
644 2105 791 2145 nunc
845 2105 1069 2160 campos
1121 2091 1279 2161 longe
1336 2091 1553 2164 lateque
1595 2107 1787 2150 omnes
1835 2104 2005 2165 eques

2130 2100 2329 2164 ιύτοίςς
2376 2093 2735 2168 Αὐσουριανοὶ
2775 2094 2900 2156 τοὺς
2936 2091 3045 2145 τῶν
3077 2088 3311 2162 Θρᾳκῶν
3333 2088 3440 2141 τῶν
3469 2086 3685 2138 ἱππέων

438 2184 675 2247 obtinet,
709 2196 855 2236 nunc
886 2182 1029 2235 intra
1062 2183 1263 2238 mmnia
1291 2185 1538 2239 conclusi
1581 2187 1781 2241 milites
1813 2193 2007 2241 tenen-

2130 2191 2421 2246 ,νεδύσαντο
2451 2189 2726 2262 θώρακας,
2766 2189 2827 2242 οὐ
2858 2187 3003 2242 κατὰ
3043 2188 3254 2259 χρείαν,
3289 2185 3404 2240 ἀλλ’
3446 2185 3687 2252 ἐπεγγε-

440 2281 554 2334 tur,
584 2272 675 2325 alii
709 2272 817 2325 alio
844 2272 1117 2342 dissipati.
1156 2272 1301 2342 quod
1345 2276 1590 2331 Cerealis
1617 2284 1860 2346 tempore
1893 2293 2007 2332 ma—

2130 2284 2303 2345 .ὦντες
2327 2281 2404 2351 τῷ
2437 2282 2680 2353 σχήματι
2699 2298 2713 2311 ο
2748 2283 2868 2343 ταῖς
2896 2278 3282 2350 Μαρκομανῶν
3306 2277 3559 2339 ἀσπίσιν,
3594 2274 3687 2327 ἐπὶ

442 2365 555 2419 lum
587 2365 819 2431 accidit;
851 2380 953 2418 nec
990 2365 1151 2420 utiles
1195 2366 1298 2421 sibi
1330 2382 1453 2423 esse
1486 2369 1719 2424 invicem
1752 2379 2004 2440 possunt,

2130 2376 2317 2440 τούτοις
2348 2375 2649 2445 ἐχρήσαντο
2674 2388 2688 2402 ·
2730 2373 2809 2434 είς
2840 2370 3174 2442 γυμνητικὸν
3207 2368 3421 2422 ἐτέλεσε
3444 2366 3506 2420 τὸ
3549 2366 3690 2419 Ῥω-

441 2457 587 2528 quod
619 2473 730 2512 non
775 2456 988 2512 collecti
1038 2458 1089 2510 in
1125 2465 1291 2511 unum
1321 2475 1385 2515 ac
1429 2462 1605 2516 coacti
1644 2462 1773 2517 sint.
1807 2461 2009 2529 Quam-

2130 2467 2283 2520 ιαίων
2313 2461 2612 2528 ὁπλιτικὸν,
2649 2463 2860 2534 ἐχθρῶν
2892 2462 3025 2534 ἐλέῳ
3059 2462 3159 2533 τὴν
3206 2461 3479 2532 σωτηρίαν
3523 2460 3690 2528 εὑρα-

442 2552 631 2605 ohrem
679 2551 921 2607 hostium
969 2566 1058 2605 res
1100 2552 1389 2606 luculenta:
1429 2567 1491 2605 ac
1535 2567 1812 2623 prosperae
1855 2560 2005 2608 sunt.

2130 2575 2285 2611 ιενοι.
2320 2554 2553 2627 Δακρύω
2594 2556 2721 2618 τοὺς
2767 2553 2987 2626 ἀνδρας,
3014 2554 3115 2607 οὐκ
3149 2552 3389 2617 ὀνειδίζω
3417 2554 3519 2622 τὴν
3552 2568 3689 2620 cup.-

443 2642 547 2707 Qui
596 2644 743 2697 enim
793 2647 1079 2716 superiore
1130 2661 1273 2700 anno
1325 2645 1518 2699 velites
1571 2653 1771 2708 erant,
1825 2653 1879 2701 et
1940 2645 2009 2701 ad

2130 2651 2299 2722 ροράν.
2328 2650 2393 2704 Τί
2421 2649 2529 2721 γὰρ
2564 2649 2629 2704 ἂν
2656 2648 2915 2719 ἐποίησαν
2947 2648 3025 2711 είς
3057 2645 3427 2700 πολυπλάσιον
3457 2644 3689 2715 πλῆθος,

444 2733 627 2805 fugam
657 2738 920 2808 expediti,
968 2755 1116 2794 nunc
1158 2747 1563 2809 oppugnatores
1590 2737 1806 2791 urbium
1855 2746 2005 2793 sunt.

2130 2743 2157 2795 »ἱ
2176 2743 2314 2796 κατὰ
2333 2742 2496 2813 μέρος
2516 2739 2817 2812 [γρ.μένος]
2838 2740 3022 2802 αὐτοῖς
3037 2738 3251 2809 ἀθρόοις
3267 2738 3690 2806 ἐντυγχάνοντες

444 2823 602 2881 Nunc
630 2837 987 2898 posteaquam
1023 2844 1287 2900 pagorum
1321 2844 1507 2881 muros
1538 2837 1876 2892 everterunt,
1913 2844 2011 2899 op-

2130 2834 2466 2906 )ύνιγάρδαι;
2491 2834 2562 2886 Τὸ
2588 2833 2685 2903 μὲν
2713 2833 2803 2886 ἐπὶ
2822 2832 2900 2902 τῷ
2920 2830 3059 2901 Θεῷ,
3090 2831 3184 2884 καὶ
3211 2834 3277 2901 τῇ
3305 2829 3487 2900 ῥώμῃ,
3506 2831 3689 2901 κα).τῇ

444 2918 572 2987 pida
618 2918 738 2988 ipsa
774 2919 926 2988 justo
964 2923 1209 2976 exercitu
1260 2920 1627 2976 circumdant.
1675 2920 1815 2986 Quid
1862 2921 2009 2975 enim

2130 2926 2217 2980 τῶν
2249 2926 2427 2980 ὅπλων
2456 2924 2727 2996 ἐμπειρίᾳ
2761 2923 3040 2988 σώζονται.
3066 2922 3137 2975 Τὸ
3161 2922 3217 2975 δὲ
3243 2921 3334 2974 ἐπὶ
3358 2924 3423 2990 τῇ
3454 2937 3693 2990 στρατη-

445 3021 555 3062 non
594 3008 702 3063 illis
746 3011 1050 3066 successit?
1094 3012 1389 3065 Ausuriani
1439 3011 1713 3066 Thracum
1763 3012 2008 3082 equitum

2130 3018 2225 3089 (ίᾳ,
2257 3016 2310 3069 τί
2352 3016 2418 3071 ἂν
2464 3014 2558 3069 καὶ
2592 3016 2733 3086 μέγα
2789 3015 2956 3067 κακὸν
3002 3013 3130 3077 τοὺς
3173 3011 3464 3081 πολεμίους
3499 3010 3694 3081 εἰργάο

445 3098 648 3153 loricas
682 3098 997 3163 induerunt,
1021 3116 1130 3155 non
1160 3103 1306 3171 quod
1337 3103 1404 3157 iis
1433 3119 1571 3173 opus
1602 3103 1883 3169 haberent,
1913 3103 2006 3159 sed

2130 3124 2292 3171 tam,
2314 3106 2437 3160 καθ’
2462 3100 2536 3160 ὧν
2564 3107 2624 3159 ού
2650 3106 2779 3177 παρ’
2802 3105 3034 3160 ἑκόντων
3051 3104 3298 3174 ἀφίενται
3321 3103 3429 3158 τῶν
3449 3103 3699 3172 ἀγόντων

446 3199 508 3243 nt
559 3200 812 3245 ornatum
867 3202 1029 3263 atque
1087 3194 1332 3249 habitum
1391 3195 1707 3250 irriderent.
1768 3194 2014 3253 Posthzec

2130 3199 2314 3263 αὐτούς
2339 3215 2351 3229 ·
2404 3196 2519 3252 ἀλλ’
2556 3198 2739 3250 εἴποτε
2780 3198 3064 3252 σκυλάκων
3092 3196 3249 3268 δίκην
3276 3195 3695 3271 ἀποὸιάσαιντο,

448 3282 923 3360 Marcomanorum
957 3286 1164 3358 clypeis
1215 3288 1301 3342 usi
1335 3296 1481 3343 sunt.
1512 3286 1594 3340 Ad
1621 3286 1812 3343 velites
1852 3296 2016 3359 atque

2130 3294 2170 3346 οἱ
2212 3291 2270 3345 δὲ
2320 3289 2482 3344 πάλιν
2532 3285 2705 3360 ἧγξαν
2758 3288 2953 3353 αὐτούς
2984 3289 3099 3358 (1)*
3146 3288 3239 3342 καὶ
3271 3286 3696 3349 ἀνεκαλέσαντο,

447 3356 732 3447 expeditos
766 3356 1138 3434 Romanorum
1177 3380 1318 3451 legio
1350 3381 1569 3436 redacta
1602 3388 1709 3441 est.
1752 3379 1845 3449 qui
1891 3356 2016 3449 qui-

2130 3384 2252 3455 πρὶν
2283 3356 2611 3453 κορεσθῆναι
2650 3380 2873 3452 δρόμου,
2913 3356 3008 3434 καί
3036 3356 3198 3448 ιρόνου
3225 3378 3463 3449 θηρείου.
3499 3377 3703 3431 Καίτοι

450 3467 573 3523 dem
603 3468 956 3526 miseratione
1000 3471 1240 3526 hostium
1275 3472 1507 3526 salutem
1538 3472 1818 3525 consecuti
1866 3480 2013 3527 sunt.

2130 3478 2216 3533 καὶ
2243 3474 2600 3547 Οὐνιγάρδαις
2642 3474 2905 3545 οὐραγίας
2952 3473 3083 3538 ἔδει,
3130 3472 3225 3525 καὶ
3264 3470 3702 3540 συντεταγμένου

451 3558 735 3627 Eiusmodi
787 3562 1040 3618 homines
1066 3561 1316 3633 deploro,
1365 3565 1734 3619 calamitatem
1775 3581 1885 3619 non
1922 3581 2020 3620 ex-

2130 3569 2547 3641 ςτρατεύματος.
2599 3567 2744 3619 Ἔδει
2788 3565 2917 3636 γὰρ,
2960 3560 3133 3634 οἶμαι,
3164 3563 3463 3634 φάλαγγος,
3507 3560 3705 3630 (Lamp

2103 2005 2288 2068 πόλεις
2338 2002 2851 2075 περιστοιχίζονται.
2908 2000 2973 2053 Τί
3018 1999 3126 2069 γὰρ
3174 1998 3236 2050 ού
3285 1993 3683 2068 προύχώρησεν
3772 2056 3777 2069 ,

452 3651 677 3721 probro.
712 3651 853 3717 Quid
887 3654 1030 3707 enim
1063 3654 1327 3710 adversus
1365 3655 1536 3709 multo
1567 3657 1803 3723 maiores
1836 3657 2023 3725 copias

454 3745 698 3802 facerent
728 3746 1079 3819 Unnigardze,
1105 3751 1233 3805 dum
1272 3750 1538 3807 confertis
1574 3752 1679 3821 ipsi
1708 3753 1758 3805 in
1792 3751 2022 3807 lacinias

454 3840 689 3909 dispersi
738 3844 1128 3897 occurrerent?
1168 3843 1357 3913 Itaque
1406 3851 1671 3914 quantum
1715 3845 1766 3897 in
1811 3845 1922 3898 Deo
1969 3852 2023 3899 et

454 3931 655 3986 virtute
712 3942 875 4003 atque
931 3949 1207 3987 armorum
1249 3935 1443 4004 peritia
1474 3934 1622 3996 fuit,
1670 3935 1806 3990 salvi
1861 3942 2024 4005 atque

457 4020 761 4078 incolumes
813 4033 958 4078 sunt.
993 4025 1267 4090 Quantum
1306 4042 1437 4081 vero
1484 4027 1551 4081 ad
1593 4026 1760 4081 duces
1807 4027 2021 4091 attinet,

458 4129 567 4183 quo
614 4114 834 4169 tandem
881 4115 1088 4187 ingenti
1111 4118 1256 4171 malo
1297 4118 1510 4173 allicere
1544 4120 1731 4175 hostes
1776 4127 2022 4187 possent,

459 4205 514 4260 in
552 4222 691 4276 quos
718 4207 810 4276 qui
839 4207 986 4276 ipsos
1030 4206 1260 4271 ducunt,
1292 4222 1400 4261 non
1426 4208 1659 4263 libenter
1687 4223 1781 4263 eos
1826 4208 2027 4262 immit-

463 4306 603 4361 tunt,
645 4298 740 4353 sed
789 4297 834 4354 si
885 4304 1105 4368 quando
1149 4299 1457 4354 catulorum
1504 4301 1676 4353 instar
1720 4300 2023 4370 eruperint,

460 4389 538 4443 illi
588 4406 807 4445 rursum
860 4391 1011 4461 ipsos
1062 4400 1187 4446 ante
1245 4391 1550 4459 reducunt;
1612 4408 1675 4448 ac
1728 4400 2021 4456 revocant,

461 4496 624 4548 quam
657 4498 778 4537 sese
806 4497 970 4537 cursu
997 4497 1062 4536 ac
1090 4481 1264 4536 ferina
1290 4482 1436 4538 caede
1463 4482 1667 4537 satiare
1703 4492 2024 4553 potuerunt.

463 4571 787 4640 Quanquam
817 4583 1054 4627 extremo
1084 4574 1247 4627 etiam
1273 4574 1487 4643 agmine
1520 4582 1666 4630 esset
1690 4589 1827 4645 opus
1858 4574 2030 4630 Unni-

462 4664 671 4734 gardis,
721 4664 1088 4736 ordinatoque
1138 4666 1409 4721 exercitu.
1459 4666 1690 4737 Oportet
1732 4668 1901 4733 enim,
1949 4668 2029 4722 uti

463 4755 696 4823 opinor,
747 4756 1068 4826 phalangis,
1105 4759 1255 4812 velut
1299 4759 1461 4812 validi
1504 4759 1789 4829 cujusdam
1842 4758 2026 4824 ensis,

466 4845 790 4915 vegetiorem
824 4846 1045 4916 quidem
1080 4855 1290 4915 partem
1323 4848 1378 4902 in
1408 4848 1608 4912 fronte,
1634 4848 1939 4918 graviorem
1974 4849 2029 4903 in

467 4936 729 4992 subsidiis
767 4937 962 4992 locari.
1026 4936 1104 4991 Ita
1148 4940 1291 4993 enim
1353 4940 1519 4994 altius
1552 4942 1710 5011 plaga
1760 4948 2027 5011 penetrat.

465 5028 665 5096 Atque,
706 5034 766 5082 ut
807 5042 917 5082 uno
940 5028 1108 5083 verbo
1138 5027 1340 5085 dicam.
1372 5029 1667 5084 multitudo
1706 5030 1885 5086 omnis
1910 5032 2031 5085 illo-

467 5134 588 5172 rum
636 5120 860 5187 paucior
901 5128 987 5176 est
1025 5136 1188 5191 quam
1214 5130 1295 5195 qut
1341 5121 1538 5175 bellum
1579 5122 1724 5178 istud
1759 5128 2032 5179 sustinere

469 5210 665 5280 possit.
696 5210 850 5277 Quod
874 5228 943 5267 ne
966 5213 1021 5266 in
1042 5222 1231 5269 nostra
1253 5211 1473 5283 quidem
1500 5212 1723 5284 regione
1747 5215 2033 5283 commode

2117 3660 2344 3733 ἐνεργοῦ
2369 3659 2660 3731 μαχαίρας,
2683 3658 2741 3709 τὸ
2767 3656 2864 3729 μὲν
2885 3655 3244 3727 ἀκμαιότερον
3266 3653 3429 3724 προϐε
3440 3652 3701 3722 ϐλῆσθαι,

2120 3752 2178 3806 τὸ
2216 3753 2272 3806 δὲ
2312 3750 2708 3824 στιϐαρώτερον
2756 3748 3171 3802 ἐπελαύνεσθαι.
3214 3747 3399 3809 Οὕτως
3440 3748 3477 3818 ἡ
3513 3744 3702 3816 πληγὴ

2120 3841 2404 3913 τομωτέρα
2433 3842 2659 3909 γίνεται.
2686 3840 2863 3903 Ὂλως
2894 3840 2950 3892 δὲ
2980 3839 3040 3891 τὸ
3078 3837 3281 3908 πλῆθος
3306 3836 3487 3889 αὐτῶν
3519 3835 3703 3903 ὀλίγον

2130 3934 2248 3987 ἐστὶ
2284 3933 2420 4004 πρὸς
2459 3931 2519 3986 τὸ
2564 3931 2957 4003 διαπολεμῆσαι
3003 3930 3094 3983 τὸν
3142 3929 3397 3999 πόλεμον.
3452 3929 3549 3990 Ὃς
3591 3924 3702 3978 οὐδ’

2131 4025 2197 4078 ἂν
2237 4024 2293 4077 ὲν
2332 4026 2444 4086 τοῖς
2477 4022 2599 4077 καθ’
2627 4024 2775 4093 ἡμᾶς
2818 4023 3003 4085 τόποις
3042 4019 3462 4092 διαπολεμηθείη
3495 4016 3699 4081 καλῶς.

2142 4114 2279 4168 Ἀλλ’
2308 4116 2355 4167 εί
2395 4115 2469 4185 μή
2491 4132 2572 4177 τις
2607 4114 2685 4178 εἰς
2706 4114 2802 4183 τὴν
2829 4113 3051 4168 ἐκείνων
3085 4112 3420 4182 Οὐνιγάρδας
3450 4109 3702 4163 διαϐιϐά-

2134 4223 2313 4272 σειεν,
2343 4207 2435 4259 ἐπὶ
2465 4206 2681 4268 τούτους
2722 4206 2803 4259 δεῖ
2847 4206 3084 4277 πλήθους
3129 4203 3471 4259 ἑκατοστύων
3521 4202 3707 4255 τεττά-

2136 4316 2242 4370 ρων
2268 4316 2282 4330 ’
2339 4299 2535 4369 μᾶλλον
2586 4300 2643 4353 δὲ
2702 4298 2967 4369 πρότερον
3015 4297 3120 4351 ἔδει
3167 4295 3416 4350 τοσούτου
3465 4293 3703 4365 πλήθους

2131 4392 2229 4445 καὶ
2263 4391 2585 4463 στρατηγοῦ,
2610 4390 2738 4462 πρὶν
2769 4392 2915 4461 ἡμᾶς
2945 4390 3184 4461 οἴχεσθαι
3219 4388 3434 4459 κομιδῇ,
3466 4388 3594 4459 πρὶν
3622 4388 3703 4450 εἰς

2129 4480 2381 4534 τοσοῦτον
2402 4480 2697 4550 αὐξηθῆναι
2724 4484 2835 4544 τοῖς
2860 4480 3135 4550 πολεμίοις
3165 4479 3233 4532 τὰ
3256 4479 3572 4550 πράγματα.
3607 4477 3703 4540 Είς

2129 4571 2198 4625 τὰ
2226 4573 2507 4625 τελευταῖα
2531 4572 2724 4636 ταῦτα,
2758 4573 2853 4625 καὶ
2875 4574 3126 4639 γυναῖκες
3150 4569 3700 4641 συνεστρατεύσαντο.

2130 4661 2304 4727 Εἶδον,
2333 4658 2471 4717 εἶδον
2499 4664 2668 4733 συχνά
2696 4663 2809 4736 [γρ.
2840 4662 3050 4734 συχνοὶ]
3082 4665 3316 4731 γυναῖκα
3362 4660 3706 4733 μαχαιροφόο

2135 4773 2228 4827 ρον
2253 4755 2411 4826 ὁμοῦ,
2447 4755 2541 4810 κα)⁹
2578 4755 2753 4827 βρέφη
2784 4755 3193 4826 τιθηνουμένην.
3227 4753 3322 4817 Τίς
3345 4753 3404 4806 οὐ
3438 4752 3590 4822 ζηλοί
3614 4752 3705 4803 τὸν

2135 4847 2413 4901 ἀκίνδυνον
2427 4847 2501 4918 (2)
2534 4848 2766 4919 πόλεμον
2792 4865 2806 4912 ;
2842 4848 3012 4919 Ὑπὲρ
3041 4845 3277 4918 ὲμαυτοῦ
3303 4843 3705 4915 πεφοϐημένος,

2137 4940 2275 5011 ὑπὲρ
2295 4940 2402 4995 τῶν
2428 4940 2632 5011 καιρῶν
2655 4939 2767 5011 [γρ.
2784 4938 3121 5010 Καισάρων],
3145 4938 3285 5010 ὑπὲρ
3307 4938 3406 5008 τῆς
3429 4936 3709 4998 πολιτείας

2136 5031 2481 5103 αἰσχύνομαι.
2534 5032 2598 5084 Ὦ
2626 5031 2722 5085 τοῦ
2778 5030 2945 5085 πάλαι
2985 5031 3273 5101 Ῥωμαίων
3319 5032 3704 5102 φρονήματοςῐ

2138 5127 2186 5180 οἱ
2222 5125 2397 5179 πάντα
2448 5123 2720 5195 πανταχοῦ
2761 5124 3047 5188 νικῶντες,
3076 5123 3126 5176 οἱ
3167 5122 3266 5187 τὰς
3288 5123 3546 5193 ἠπείρους
3580 5139 3713 5193 τροτ-

2139 5218 2320 5282 παίοις
2350 5216 2461 5291 lyp.
2484 5212 2771 5289 τροπαίας]
2802 5215 3155 5286 συνάψαντες,
3173 5215 3267 5269 νύν
3306 5215 3415 5286 [ῑσ.
3450 5212 3520 5266 τά
3547 5215 3715 5283 ἠπει-

1666 5347 1855 5410 ωοΝ.
1937 5349 2213 5406 PETAVII
2274 5349 2509 5408 ΝΟΤᾹΞ.

546 5466 655 5543 (99)
677 5465 765 5543 [ὁΔ
786 5468 883 5521 ἐπὶ
908 5469 1229 5536 Κερεαλίου
1256 5471 1468 5524 κακόν.
1504 5467 1580 5525 De
1600 5468 1810 5527 Cereali
1836 5471 1959 5527 vide
1986 5470 2023 5525 it

2147 5473 2498 5543 interpretor,
2529 5481 2589 5527 ut
2628 5479 2834 5527 tantam
2865 5474 2921 5528 in
2965 5473 3216 5529 hostibus
3247 5471 3417 5543 fuisse
3453 5467 3718 5543 liduciam

474 5538 637 5606 epist.
669 5538 790 5592 150.

2146 5540 2315 5609 dicat,
2348 5553 2407 5597 ut
2437 5545 2554 5613 ipse
2576 5544 2740 5598 etiam
2766 5544 3042 5607 mulieres,
3061 5544 3216 5613 quasi
3248 5542 3314 5596 ad
3340 5540 3718 5613 certissimam

547 5608 624 5682 (1)
655 5608 845 5661 Πάλιν
896 5605 1089 5682 ἥγεᾳν
1127 5610 1366 5682 αὐτούς.
1395 5610 1536 5677 Quid
1583 5612 1629 5666 si
1672 5610 1841 5677 ῐῦξαν,
1874 5611 1928 5666 id
1962 5627 2020 5667 cs

2146 5605 2380 5680 praedam
2409 5605 2721 5680 béllumquo
2753 5614 2977 5682 periculi
3009 5605 3188 5669 omnis
3222 5628 3436 5682 expers,
3469 5626 3592 5664 cum
3628 5610 3719 5663 in-

480 5676 642 5732 sibilo
673 5676 1045 5732 revocarunt?
1081 5689 1175 5732 aut
1202 5676 1375 5742 ἧξανς

553 5743 629 5814 (2)
657 5748 752 5812 Τίς
784 5751 856 5802 οὐ
882 5748 1050 5817 ζηλοῖ
1077 5748 1181 5803 τὸν
1207 5743 1552 5807 ἀκίνδυνον.
1587 5751 1678 5807 Sic
1708 5768 1829 5808 cum
1861 5753 2042 5808 locum

2146 5683 2386 5741 fantibus
2413 5685 2771 5755 porrexerint.
