4002 6244
330 335 468 394 1569

1723 344 2172 403 CATASTASIS.
3437 340 3575 411 i570

328 455 536 530 ρωτικά
568 455 825 528 τρόπαια,
864 456 939 521 ὡς
992 474 1143 543 παρα
1184 459 1259 514 Μ.
1292 460 1495 531 Τυρίῳ.
1542 461 1602 517 Δ.
1647 460 1777 536 κα.]
1806 464 1900 518 ὐπὲ

2011 465 2385 521 administrari
2429 475 2629 539 potest.
2667 470 2826 543 381
2860 469 2966 527 Sed
2985 472 3089 529 nisi
3127 471 3268 528 forte
3299 474 3573 542 quispiam

325 547 609 620 δυστήνου,
660 548 754 602 καὶ
797 549 1083 621 νομαδίτου
1130 550 1317 619 γένους
1368 553 1734 608 κινδυνεύουσι
1788 558 1906 620 ταῖς

337 639 605 713 Ἑλληνίσι
644 640 849 705 Λιϐύας
882 641 1348 713 προσαποὸαλεῖν,
1378 644 1473 699 καὶ
1519 644 1617 717 τὴν
1651 649 1780 718 παρ’
1808 647 1905 701 Δί’-

327 750 534 803 γυπτον
570 732 998 803 Ἀλεξάνδρειαν.
1038 734 1243 787 Ἐκεῖνο
1274 733 1455 805 μεῖζον
1488 737 1566 801 εἰς
1595 735 1751 805 λόγον
1773 756 1908 809 χρη-

330 823 537 896 μάτων,
568 822 724 877 τοῦτο
758 822 813 876 δὲ
837 825 917 887 είς
942 823 1183 889 εὐδοξίαν
1212 823 1311 875 οὐκ
1332 824 1567 886 ἔλαττον,
1586 825 1639 878 εί
1667 844 1748 890 τις
1767 822 1907 879 οἶδεν

326 916 697 989 αἰσχύνεσθαι,
735 916 829 971 καὶ
855 916 1089 969 ποιεῖταί
1117 934 1236 970 τινα
1274 916 1429 986 λόγον
1462 917 1553 970 τοῦ
1585 920 1900 990 πρέποντος.

331 1012 396 1064 Ὦ
432 1010 526 1064 τοῦ
562 1011 926 1082 φρονήματος,
965 1010 1086 1081 μεθ’
1109 1010 1234 1063 ὅσου
1259 1009 1359 1081 τὴν
1381 1009 1563 1082 χώραν
1586 1011 1908 1082 σεσαγηνεύ·

325 1126 455 1163 κασι
487 1109 499 1161 !
532 1108 756 1172 Τούτοις
791 1107 942 1161 οὐδὲν
974 1107 1097 1161 οὐτε
1130 1109 1254 1180 ὅρος
1289 1109 1487 1164 ἄϐατον
1514 1110 1755 1179 γέγονεν,
1785 1111 1905 1165 οὐτε

326 1199 583 1272 φρούριον
606 1198 861 1271 ἐρυμνόν·
885 1200 1061 1252 πᾶσαν
1088 1200 1385 1271 ὑπεξῆλθον
1417 1201 1524 1274 [ῖσ.
1546 1201 1762 1274 κώμην]
1799 1205 1903 1256 πᾶ-

328 1311 426 1347 σαν
457 1293 880 1364 διηρευνήσαντο
904 1307 921 1323 ⁸
965 1293 1145 1345 πᾶσαν
1194 1292 1408 1363 ἠλικίαν
1438 1293 1548 1365 [Ion
1585 1294 1781 1368 οίκίαν]
1812 1298 1903 1365 ὴν-

324 1380 731 1456 δραποδίσαντο.
784 1384 957 1437 Πάλαι
993 1384 1120 1438 ποτὲ
1166 1386 1272 1438 τῶν
1310 1387 1438 1456 παρ’
1472 1386 1696 1457 Ἕλλησι
1749 1388 1904 1456 λογο-

324 1478 552 1549 γράφων
606 1476 789 1530 ἀκούω
815 1517 827 1540 ,
862 1476 1215 1530 ΓΥΝΑΙΚΑΣ
1276 1479 1396 1531 ΚΑΙ
1450 1479 1768 1534 ΠΑΙΔΑΡΙΑ
1804 1481 1904 1549 (5),

324 1570 763 1623 ΓΝΩΡΙΣΜΑΤΑ
804 1569 939 1621 ΤΩΝ
982 1568 1390 1622 ΠΟΡΘΗΣΕΩΝ
1442 1570 1901 1629 ΥΠΕΛΕΙΠΕΤΟ.

338 1661 498 1714 Ἀλλὰ
531 1661 679 1732 παρά
728 1660 899 1714 ταῦτα
961 1660 1193 1730 μάλιστα
1230 1661 1420 1730 γέγονε
1453 1663 1806 1719 Πενταπόλει.
1840 1666 1904 1718 Τί

324 1753 436 1824 γὰρ
459 1753 806 1823 Αὐσουριανῷ
826 1750 1042 1805 κάλλιον
1070 1751 1255 1823 κτῆμα
1280 1752 1501 1821 γυναίου
1524 1754 1617 1807 καὶ
1648 1754 1899 1827 βρέφουςς

327 1842 427 1898 'Iv"
458 1845 513 1896 αί
544 1843 642 1913 μὲν
678 1844 861 1907 αὐτοῖς
909 1844 1164 1907 τίκτοιεν,
1216 1844 1263 1896 οί
1313 1843 1403 1909 δὲ,
1443 1844 1530 1899 ἵνα
1579 1846 1902 1916 αὐξηθέντες

327 1933 721 2007 στρατεύοιντο.
754 1931 909 1989 Εὐνοι
943 1935 1051 2005 γὰρ
1071 1935 1189 1988 ἀντὶ
1210 1936 1318 1989 τῶν
1333 1935 1599 1991 τεκόντων
1634 1940 1745 2001 τοῖς
1776 1936 1901 2009 θρέι-

322 2028 455 2097 ψασι
488 2026 747 2096 γίνονται.
775 2028 839 2079 Ὢ
866 2029 1108 2099 πονηρᾶς
1133 2027 1389 2092 ἀποικίας
1417 2028 1483 2099 ἣν
1508 2028 1897 2100 ἀποικίζομενῑ

326 2120 553 2186 Ἀγεται
588 2120 776 2189 νεότης
814 2120 1175 2190 αἰχμάλωτος,
1207 2120 1275 2174 τὰ
1319 2119 1576 2192 τάγματα
1605 2120 1712 2174 τῶν
1744 2122 1903 2174 πολε-

324 2212 461 2284 μίων
491 2212 816 2283 αὐξήσουσα.
844 2210 997 2277 Ἥξει
1026 2211 1196 2282 δῆμος
1220 2212 1312 2266 ἐπὶ
1331 2212 1427 2284 τὴν
1454 2212 1777 2281 ὲνεγκοῦσαν
1804 2231 1902 2266 πο-

320 2305 527 2376 λέμιος.
586 2307 755 2376 Κερεῖ
801 2305 1017 2369 νεανίας
1072 2304 1169 2376 τὴν
1224 2306 1348 2376 γῆν,
1386 2307 1451 2379 ἢν
1502 2306 1785 2378 μειράκιον
1822 2306 1901 2360 ἔτι

324 2399 465 2469 μετά
496 2396 589 2452 τοῦ
626 2397 831 2469 πατρὸς
870 2397 1242 2468 ἐξειργάσατο.
1280 2398 1395 2451 Νῦν
1424 2400 1482 2452 ὲν
1508 2398 1644 2471 666:3-
1676 2398 1771 2451 νῦν
1797 2400 1901 2452 ἁπ-

323 2494 543 2561 άγεται·
582 2492 675 2546 νῦν
725 2492 805 2545 ἔτι
842 2491 1109 2562 δεσμῶτις
1139 2492 1173 2561 ἡ
1220 2492 1607 2556 Πενταπόλεως
1651 2492 1897 2563 ὲφήϐεια.

333 2588 555 2660 Ἀμύνει
600 2586 656 2640 δὲ
685 2587 879 2651 οὐδεὶς,
927 2586 1047 2639 οὐδὲ
1096 2586 1335 2638 δύναται.
1380 2587 1569 2639 Καίτοι
1597 2587 1726 2654 φασὶ
1768 2602 1900 2656 προ-

319 2677 607 2749 θυμεῖσθαι
634 2679 724 2731 τὸν
772 2678 1093 2750 στρατηγόνο
1132 2676 1268 2730 ἀλλά
1298 2677 1358 2728 οὐ
1395 2677 1502 2749 γὰρ
1551 2677 1709 2731 ἐῶσιν
1751 2676 1900 2731 Ἀλε-

320 2769 587 2841 ξανδρέων
620 2772 668 2823 οἱ
700 2771 844 2841 κακῇ
880 2770 1043 2841 μοίρᾳ
1080 2770 1463 2834 Πενταπᾶλεως
1494 2771 1552 2823 ἐν
1580 2770 1716 2840 αὐτῇ
1740 2787 1901 2840 στρα-

318 2863 662 2932 τευσάμενοι.
696 2859 896 2931 Τι’γὰρ
927 2860 992 2915 ἄν
1024 2877 1109 2924 τις
1144 2862 1448 2914 αἰτιάσαιτο
1483 2861 1572 2914 τὸν
1611 2862 1848 2915 ἀναίτιον
1880 2880 1894 2929 ;

320 2946 365 3022 ᾧ
394 2953 490 3007 καλ⁵
519 2953 692 3024 γῆρας
722 2952 879 3022 βαθὺ,
916 2953 1008 3007 καὶ
1052 2954 1208 3006 νόσου
1250 2952 1522 3025 καταϐολὴ
1549 2953 1898 3025 πολυχρόνιος

320 3042 421 3112 τὴν
459 3040 785 3113 συγγνώμην
835 3042 1274 3113 ὲμνηστεύσατο;
1320 3043 1508 3097 Καίτοι
1554 3045 1748 3116 ῥᾷστον
1805 3041 1893 3116 ἦν,

320 3132 369 3185 εί
398 3131 716 3202 στρατηγῶν
742 3132 1144 3204 ηὐτυχήσαμεν,
1176 3134 1522 3203 ὑπερήφανον
1562 3132 1895 3204 στράτευμα,
1924 3158 1965 3214 C

318 3224 413 3277 καὶ
434 3222 805 3293 προσκεκοφὸς
849 3222 925 3293 τῷ
964 3221 1081 3293 Θεῷ
1101 3262 1115 3283 ,
1145 3222 1300 3291 δίκην
1329 3222 1579 3286 ἀσεϐείας
1610 3222 1896 3293 εἰσπράξα-

321 3316 465 3368 σθαι.
492 3315 665 3368 Ποίων
696 3315 855 3387 ίερῶν
884 3311 1047 3377 οὗτοι,
1078 3316 1246 3368 ποίων
1275 3316 1437 3368 ὁσίων
1463 3317 1779 3382 ἐφείσαντος
1822 3315 1895 3368 Οὐ

322 3405 588 3476 πολλαχοῦ
628 3406 721 3459 τοῦ
747 3407 854 3459 τῶν
884 3404 1168 3475 Βαρκαίων
1193 3405 1373 3457 πεδίου
1399 3406 1464 3457 τά
1493 3406 1765 3474 νεοσκαφῆ
1791 3405 1897 3457 τῶν

325 3499 622 3569 μνημάτων
662 3497 978 3567 ἀνέχωσαν;
1016 3496 1089 3549 Οὐ
1128 3494 1278 3565 παρά
1310 3496 1511 3547 τούτων
1543 3497 1597 3548 αἱ
1621 3496 1895 3567 πανταχοῦ

320 3591 423 3661 τῆς
451 3590 538 3660 ὐφ’
576 3591 724 3661 ἡμᾶς
767 3588 1140 3659 Ἀμπελίτιδος
1184 3586 1469 3657 ἐκκλησίαι
1518 3586 1893 3657 πυρίκαυστοι,

323 3684 420 3735 καὶ
464 3683 713 3754 ὲρείπια;
748 3682 822 3734 Οὐ
868 3681 967 3743 τὰς
1014 3680 1111 3750 μὲν
1138 3678 1417 3749 τραπέζας
1469 3676 1567 3741 τὰς
1609 3678 1779 3746 ίεράς,
1822 3678 1897 3741 ὡς

328 3774 607 3846 βεϐήλους,
638 3774 730 3827 ἐπὶ
765 3772 1066 3845 κρεανομίᾳ
1100 3770 1427 3841 παρέθεντο·
1458 3768 1525 3822 τὰ
1572 3769 1627 3822 δὲ
1664 3771 1898 3838 μυστικά

325 3869 527 3938 σκεύη,
566 3867 635 3919 τά
688 3864 1169 3935 λελειτουργηκότα
1223 3865 1287 3933 τῇ
1336 3862 1698 3932 δημιουργικῇ
1744 3876 1898 3913 σπον-

324 3960 441 4031 δείᾳ
474 3959 547 4029 (4)
600 3956 810 4027 τελετῇ,
845 3955 1089 4026 δαίμοσιν
1118 3956 1198 4017 είς
1244 3955 1343 4024 τὴν
1374 3952 1638 4022 πολεμίαν
1677 3950 1896 4022 κομίζε-

324 4070 416 4107 ται
449 4070 465 4119 ;
495 4051 561 4106 Τί
609 4051 811 4104 τούτων
854 4047 1076 4102 ἀνεκτὸν
1102 4049 1182 4111 είς
1227 4047 1393 4118 ἀκοὴν
1441 4045 1613 4098 ὲλθεῖν
1642 4044 1841 4113 εὐσεϐῆ
1879 4059 1895 4109 ;

329 4144 517 4206 Ὅστις
545 4141 653 4212 γὰρ
683 4141 821 4206 ἀξιοῖ
850 4140 1066 4209 μνήμης
1090 4137 1126 4191 ἃ
1151 4137 1469 4191 κατέσεισαν
1508 4136 1759 4207 φρουρία,
1800 4134 1896 4206 τὴν

328 4232 729 4298 σκευαγωγίαν,
768 4227 837 4280 τὰ
890 4227 1093 4279 ἔπιπλα
1119 4267 1133 4291 ,
1164 4225 1263 4287 τὰς
1295 4223 1442 4295 βοῦς,
1486 4225 1585 4289 τὰς
1638 4225 1738 4288 ὄϊς,
1775 4224 1896 4277 ὅσαι

325 4326 435 4379 τῶν
483 4323 828 4395 βαρϐαρικῶν
875 4312 1182 4393 λῃστηρίων
1230 4316 1369 4393 ἦσαν
1417 4319 1896 4390 ὲγκαταλείμματα

324 4420 447 4482 ταῖς
498 4414 768 4487 φάραγξιν
801 4413 1399 4484 ὲγκατακρυπτόμεναι,
1449 4414 1508 4465 έν
1560 4411 1895 4483 τηλικούτοις

2008 557 2064 611 in
2112 559 2331 612 illorum
2376 574 2571 630 agmen
2619 562 2959 635 Unnigardas
3002 567 3283 627 immittat,
3336 577 3577 634 quatuor

2006 648 2269 706 adversus
2313 667 2409 707 eos
2458 657 2729 712 centuriis
2768 673 2907 728 opus
2950 669 3071 725 est;
3118 660 3199 715 vel
3234 668 3350 715 erat
3392 661 3574 730 potius

2007 748 2162 796 tanto
2212 759 2442 800 numero
2472 760 2630 816 opus,
2676 764 2740 803 ac
2777 752 2934 813 duce,
2981 762 3275 820 antequam
3325 750 3573 808 funditus

2006 834 2397 904 periissemus,
2448 850 2737 910 antequam
2785 858 2957 911 usque
3006 844 3141 898 adeo
3191 844 3429 899 hostium
3483 863 3574 902 res

2004 932 2179 980 auctae
2201 941 2266 981 ac
2299 928 2635 985 conﬁrmata:
2665 931 2920 986 fuissent.
2966 933 3021 987 In
3057 935 3162 988 hoc
3198 937 3391 990 ultimo
3430 938 3573 993 bello

2006 1017 2137 1088 ipsa:
2188 1020 2352 1073 etiam
2401 1023 2660 1077 mulieres
2724 1025 2791 1078 ad
2854 1028 3251 1096 expeditionem
3317 1031 3575 1099 profecta:

2005 1119 2155 1164 sunt.
2191 1109 2336 1179 Vidi,
2375 1113 2621 1184 inquam,
2655 1132 3030 1187 saepenumero
3063 1121 3243 1190 gladio
3269 1123 3575 1180 accinctatn

2005 1203 2312 1270 mulierem,
2365 1213 2530 1276 atque
2576 1223 2680 1260 una
2732 1209 2992 1263 infantem
3047 1225 3207 1265 suum
3258 1212 3574 1268 laetantem.

2004 1294 2139 1361 Quis
2181 1312 2438 1352 securum
2474 1297 2610 1353 adeo
2642 1300 2841 1354 bellum
2874 1318 2982 1355 non
3013 1302 3351 1357 fortunatum
3378 1306 3575 1375 putet?

2008 1386 2175 1441 Pudet
2220 1405 2304 1444 me
2357 1400 2411 1445 et
2462 1392 2597 1444 mihi
2656 1393 2782 1461 ipsi,
2816 1401 2872 1447 et
2932 1395 3187 1464 tempori,
3248 1406 3301 1450 et
3360 1398 3572 1467 reipub.

2007 1478 2278 1536 timuisse.
2312 1479 2355 1535 Ο
2380 1490 2593 1537 veteres
2624 1484 2747 1538 illos
2786 1482 3159 1540 Romanorum
3202 1488 3448 1557 spiritus,
3480 1490 3574 1559 qui

2004 1573 2205 1642 ubique
2252 1575 2434 1629 omnia
2504 1574 2779 1633 debellare
2837 1579 3130 1643 solebant,
3187 1582 3278 1648 qui
3347 1580 3574 1637 dissitas

2002 1670 2347 1723 continentes
2392 1670 2615 1738 tropaeis
2666 1670 2783 1724 suis
2837 1672 3265 1741 conjnnxerunt,
3319 1690 3466 1729 nunc
3506 1676 3575 1730 ab

2004 1756 2203 1812 infelici
2236 1760 2594 1829 dispersaque
2616 1769 2778 1829 gente
2808 1778 2874 1815 eo
2907 1764 3112 1817 redacti
3154 1776 3303 1827 sunt,
3344 1774 3401 1818 ut
3431 1766 3576 1835 peri-

2003 1850 2185 1903 eulum
2221 1850 2293 1904 sit
2321 1865 2389 1905 ne
2430 1861 2624 1921 praeter
2655 1849 2874 1908 Graecas
2922 1854 3107 1917 urbes,
3149 1856 3313 1910 etiam
3361 1856 3575 1912 Africa-

2002 1958 2125 2005 nas,
2167 1943 2447 2014 ipsamque
2477 1944 2633 2009 adeo,
2662 1961 2786 2015 quae
2829 1948 2884 2000 in
2932 1947 3167 2019 Egypto
3194 1960 3298 2013 est,
3335 1950 3575 2004 Alexan-

2001 2031 2178 2085 driam
2224 2033 2475 2087 amittant
2506 2034 2518 2087 ι
2551 2034 2645 2089 Est
2699 2035 2831 2088 illud
2862 2036 3080 2107 quidem
3118 2038 3265 2107 quod
3310 2038 3375 2092 ad
3411 2055 3574 2108 pecu-

2003 2122 2218 2176 niarum
2261 2125 2527 2179 rationem
2579 2126 2796 2191 attinet,
2849 2128 3077 2197 majoris
3121 2132 3381 2185 momenti
3419 2148 3433 2186 :
3468 2130 3573 2185 hoc

2000 2226 2129 2265 vero
2174 2211 2241 2265 ad
2296 2212 2641 2281 splendorem
2695 2230 2758 2269 ac
2803 2216 3034 2286 gloriam
3097 2234 3205 2272 non
3255 2220 3472 2281 minus,
3525 2221 3569 2276 si

2002 2305 2123 2373 quis
2165 2305 2491 2360 erubescere
2523 2308 2685 2362 modo
2718 2310 2897 2371 novit,
2930 2323 2993 2363 ac
3039 2309 3256 2365 decoris
3301 2312 3568 2366 rationem

2002 2395 2168 2447 ullam
2204 2402 2368 2464 atque
2409 2394 2716 2452 honestatis
2764 2398 2949 2465 habet.
3004 2398 3148 2453 Proh
3180 2399 3464 2456 audaciam
3508 2402 3572 2455 il-

2002 2485 2131 2548 lam,
2166 2500 2273 2555 qua
2310 2484 2432 2541 freti
2469 2488 2622 2542 velut
2644 2488 2853 2544 retibus
2883 2490 3192 2545 universam
3229 2493 3570 2561 provinciam

2000 2580 2235 2650 amplexi
2293 2583 2458 2636 sunt!
2487 2579 2684 2637 Nullus
2725 2582 2791 2638 iis
2836 2598 3065 2638 accessu
3132 2599 3291 2639 mons
3340 2584 3567 2647 arduus,

2000 2674 2210 2728 nullum
2266 2674 2402 2729 satis
2443 2674 2715 2727 munitum
2766 2675 3049 2729 castellum
3102 2674 3248 2729 fuit:
3293 2677 3566 2746 regionem

1998 2781 2212 2821 omnem
2261 2765 2564 2836 pervagati,
2608 2781 2824 2820 omnem
2865 2769 3195 2835 perscrutati
3246 2776 3394 2830 sunt,
3441 2776 3570 2823 seta-

2000 2856 2219 2927 temque
2241 2874 2456 2913 omnem
2492 2858 2546 2911 in
2591 2858 2913 2913 servitutem
2950 2860 3296 2929 redegerunt.
3332 2860 3469 2914 Olim
3503 2878 3571 2916 ex

1996 2948 2383 3002 historicorum
2430 2962 2662 3003 numero
2699 2948 2773 3003 ita
2812 2950 3140 3004 scribentem
3191 2950 3378 3004 nescio
3408 2949 3568 3018 quem

1998 3040 2202 3094 audio:
2237 3038 2539 3096 FEMINAS
2586 3040 2674 3094 ET
2726 3040 3096 3095 PUERULUS
3138 3040 3577 3115 EXCIDIORUSI‘

1999 3131 2084 3187 AC
2134 3131 2671 3188 SUBVEBSIONUM
2716 3131 3145 3188 ARGUMENTO
3192 3132 3571 3200 RELINQUE-

1999 3225 2199 3278 BANT.
2267 3226 2374 3279 Sed
2428 3228 2585 3295 longe
2623 3226 2771 3280 aliud
2829 3225 3106 3295 Pentapoli
3152 3227 3397 3296 contigit.
3439 3225 3570 3292 Quzc

1998 3318 2141 3372 enim
2184 3317 2499 3371 Ausuriano
2533 3317 2815 3386 possessio
2853 3316 3193 3371 commodior
3245 3318 3568 3370 muliercula

1998 3420 2052 3465 et
2087 3407 2496 3463 infantulo?Ut
2532 3417 2587 3462 et
2634 3410 2739 3463 illa:
2786 3411 2921 3478 ipsis
2957 3409 3194 3478 pariant,
3242 3417 3295 3461 et
3330 3408 3364 3461 ii
3405 3410 3569 3463 simul

1999 3510 2161 3568 atque
2191 3499 2549 3562 adoleverint,
2579 3515 2686 3553 una
2720 3498 2788 3553 ad
2820 3501 3069 3553 militiam
3102 3498 3377 3553 ducantur
3428 3498 3569 3552 Sunt

1998 3591 2144 3645 enim
2188 3605 2315 3657 erga
2348 3589 2616 3663 rnutritios
2663 3589 2849 3660 potius
2888 3604 3051 3659 quam
3090 3599 3345 3660 parentes
3383 3590 3570 3643 animo

2000 3680 2279 3750 propensi.
2303 3678 2625 3735 Omiseram
2660 3681 2805 3735 illam
2840 3696 3002 3749 quam
3028 3694 3390 3749 propagamus
3420 3680 3572 3733 colo-

1999 3772 2178 3825 niam!
2216 3771 2443 3842 Captiva
2468 3773 2728 3841 juventus
2772 3774 2954 3842 agitur
2974 3787 3094 3842 quae
3130 3771 3370 3827 hostium
3406 3787 3568 3826 exer-

2000 3864 2142 3919 citus
2180 3875 2394 3936 augeat.
2432 3862 2625 3919 Veniet
2661 3862 2881 3919 hostilis
2915 3864 3209 3933 aliquando
3251 3871 3444 3919 contra
3477 3880 3571 3934 pa-

2001 3959 2160 4012 triam
2214 3958 2469 4028 populus.
2505 3952 2643 4011 Eum
2699 3972 2888 4027 agrum
2934 3952 3219 4026 populabit
3264 3965 3429 4027 atque
3476 3972 3572 4011 ex-

2001 4049 2220 4106 scindet
2256 4048 2492 4119 juvenis,
2522 4063 2709 4120 quem,
2745 4063 2871 4102 cum
2922 4046 3365 4103 adolescentulus
3398 4054 3568 4113 esset,

2002 4122 2109 4197 una
2152 4158 2278 4197 cum
2331 4149 2489 4212 patre
2534 4141 2799 4196 coluerat.
2848 4136 3004 4193 Nunc
3045 4138 3100 4193 in
3130 4140 3217 4193 via
3268 4148 3347 4195 est
3380 4154 3393 4192 :
3423 4154 3571 4193 nunc

2001 4235 2291 4288 abducitur
2326 4251 2340 4286 :
2374 4246 2520 4286 nunc
2556 4232 2609 4285 in
2639 4230 2880 4286 vinculis
2924 4231 3106 4285 adhuc
3147 4229 3570 4301 Pentapolitana

2001 4326 2261 4398 pubertas
2294 4332 2408 4389 est;
2438 4340 2537 4379 nec
2571 4331 2657 4379 est
2690 4324 2834 4377 ullus
2869 4324 2961 4393 qui
2991 4322 3058 4378 iis
3093 4337 3249 4392 Opem
3284 4321 3442 4385 ferat,
3474 4328 3570 4375 aut

2003 4418 2144 4473 ferre
2169 4418 2364 4488 possit.
2387 4416 2544 4487 302
2564 4410 2745 4486 Neque
2775 4416 2920 4469 enim
2945 4414 3090 4469 istud
3116 4415 3305 4469 sinunt
3332 4413 3569 4467 Alexan-

327 4512 516 4575 κακοῖς
542 4507 887 4580 μικρολογίας
912 4506 1086 4559 αἰτίαν
1110 4506 1170 4557 οὐ
1191 4505 1540 4573 διαπέφευγε.
1557 4502 1744 4557 Καίτοι
1780 4521 1900 4555 πεν-

2008 4508 2149 4562 drini
2183 4507 2280 4569 illi,
2312 4509 2403 4578 qui
2437 4507 2675 4576 pessimo
2710 4503 3069 4573 Pentapoleos
3104 4503 3218 4557 l'ato
3251 4503 3306 4556 in
3352 4518 3415 4558 ea
3451 4503 3570 4574 ipsa

326 4601 687 4670 τακισχιλίαις
717 4601 835 4662 ταῖς
858 4598 1125 4667 καμήλοις
1152 4595 1624 4667 ἐσκευαγώγησαν.
1654 4592 1897 4667 Ἀριθμῷ

326 4696 384 4750 δὲ
409 4693 696 4748 ἀναλύουσι
738 4690 1075 4760 τριπλασίονι
1101 4690 1166 4759 τῇ
1202 4687 1309 4739 τών
1343 4685 1698 4756 αἰχμαλώτων
1732 4703 1900 4755 προσ-

330 4790 494 4861 θήκῃ.
537 4784 775 4854 τοσούτῳ
808 4782 1021 4845 πλείους
1063 4780 1356 4850 γινόμενοι.
1388 4778 1658 4849 Τέθνηκεν
1687 4780 1898 4850 ἀπέσϐη

330 4884 397 4935 τὰ
410 4878 815 4939 Πενταπὸλεως·
832 4876 982 4938 τέλος
1000 4874 1129 4944 ἔχει’
1146 4871 1583 4942 διακεχείρισται·
1599 4871 1897 4925 ἀπόλωλεν·

328 4974 429 5026 οὐκ
455 4971 529 5025 ἐτ’
556 4969 669 5023 ἐστὶ
708 4967 1006 5032 παντελῶς,
1041 4965 1154 5018 οὐθ’
1183 4966 1332 5035 ⁴ἡμῖν,
1362 4963 1484 5017 οὐτε
1513 4964 1738 5033 βασιλεῖ.
1765 4963 1901 5017 Οὐτε

332 5066 440 5137 γὰρ
464 5065 669 5136 βασιλεῖ
700 5065 887 5134 κτῆμα
913 5056 1105 5129 γένοιτ’
1137 5058 1224 5122 ἂν,
1259 5054 1390 5110 ὃθεν⁸
1408 5056 1559 5109 οὐδὲν
1590 5056 1891 5110 ἀποίσεται.

2004 4600 2331 4654 militarunt.
2374 4597 2517 4664 Quid
2548 4598 2691 4652 enim
2726 4606 2809 4651 est
2846 4612 2947 4651 cur
2968 4596 3260 4666 quisquam
3303 4596 3570 4651 innocen-

1995 4699 2103 4747 tem
2149 4691 2489 4756 criminetur,
2539 4689 2628 4743 cui
2669 4697 2723 4743 et
2768 4689 2959 4744 all'eeta
3015 4698 3169 4755 astas,
3202 4676 3267 4743 tet
3307 4688 3568 4744 diuturna

1996 4784 2177 4838 morbi
2206 4782 2453 4839 accessio
2485 4781 2697 4837 veniam
2733 4782 3014 4837 obtinuit?
3047 4781 3217 4851 'Atqui
3246 4781 3566 4836 facillimum

1995 4882 2134 4939 erat,
2174 4875 2336 4929 modo
2365 4876 2630 4929 bonorum
2678 4874 2876 4928 ducum
2914 4876 3069 4945 copia
3103 4884 3272 4938 esset,
3309 4873 3377 4928 ab
3413 4875 3566 4927 inso-

1998 4965 2128 5022 lenti
2176 4964 2458 5031 exercitu,
2508 4967 2709 5035 quique
2759 4963 2927 5033 Deum
2980 4964 3251 5021 oﬂ‘ensum
3305 4964 3565 5029 haberet,

2005 5059 2301 5130 impietatis
2338 5074 2529 5130 pmuas
2563 5067 2829 5130 repetere.
2860 5057 3202 5125 Quibusnam
3237 5057 3316 5112 illi
3364 5056 3564 5124 sacris,

1556 5210 1736 5268 DION.
1803 5210 1933 5267 PET
1936 5211 2075 5267 AVII
2112 5212 2344 5271 NOTAE.

408 5362 486 5427 (3)
520 5360 818 5423 Γυναῖκας
867 5356 963 5410 καὶ
1016 5351 1315 5421 παιδάρια.
1349 5350 1781 5427 “(donjcctur'am
1830 5352 1898 5427 ad

341 5420 504 5499 hujus
538 5431 640 5485 loci
670 5420 1114 5499 emendationem
1146 5420 1253 5477 neu
1298 5420 1899 5499 adhibuissetnus._nisi

342 5492 582 5557 ea'ioret
625 5498 915 5569 ejusmodi,
977 5494 1241 5569 cuivisunt
1287 5492 1507 5569 probari
1542 5493 1736 5561 possit.
1760 5494 1899 5557 Quis

342 5572 489 5627 enim
542 5563 672 5623 non'
706 5569 849 5625 videt
903 5563 1093 5630 vocem
1142 5563 1286 5617 illam
1324 5564 1583 5629 γυναῖκας
1615 5578 1737 5615 cum
1775 5580 1899 5615 παι-

344 5642 506 5712 δάρια
522 5655 643 5712 esse
676 5637 1164 5712 copulandamiut
1197 5634 1252 5712 in
1282 5632 1452 5686 cladis
1480 5632 1737 5712 indicium
1780 5648 1901 5712 mu:

344 5701 513 5767 lieres
539 5701 800 5763 duntaxat
827 5717 879 5762 et
904 5707 1117 5777 pueruli
1157 5705 1596 5777 relinquerentur
1622 5717 1634 5752 :
1675 5701 1727 5755 id
1747 5703 1896 5777 quod

350 5780 637 5853 sequentia
669 5777 889 5833 omnino
905 5772 1266 5840 convincunt,
1291 5789 1413 5831 cum
1445 5776 1520 5827 ait
1557 5772 1897 5829 Ausurianos

2001 5370 2069 5408 ne
2099 5355 2354 5411 mulieres
2385 5355 2603 5426 quidem
2654 5369 2716 5409 ac
2742 5353 3000 5423 puerulos
3049 5351 3354 5426 reliquisse.
3396 5350 3566 5426 Porro

2002 5439 2100 5492 pro
2127 5440 2191 5479 eo
2250 5423 2544 5493 quod—crat
2596 5434 2775 5485 antea.
2806 5426 3034 5490 γυναῖκα
3065 5424 3241 5493 (quasi
3282 5423 3564 5493 historiam

2001 5496 2169 5547 illam-
2211 5492 2408 5549 mulier
2463 5496 2707 5565 quaadam
2756 5494 3063 5565 scripserit)
3120 5492 3564 5565 substituendum

2000 5572 2132 5633 puto
2169 5568 2442 5632 γυναῖκες,
2480 5562 2538 5618 ut
2565 5562 2887 5617 ὑπελείπετο
2915 5564 2983 5618 ad
3029 5564 3378 5633 γνωρίσματα
3425 5562 3564 5618 refe-

2005 5641 2178 5695 ratur,
2211 5636 2411 5702 alioqni
2440 5633 2615 5689 active
2649 5642 2912 5688 sumetur.

2076 5705 2151 5769 (4)
2188 5703 2263 5770 Τῇ
2289 5702 2676 5773 δημιοιιργικῇ
2706 5703 3017 5771 σπονδείᾳ.
3062 5702 3432 5773 Expungenda
3462 5717 3564 5757 vox

2003 5773 2214 5844 τελετῇ,
2242 5791 2360 5844 qua:
2398 5775 2666 5845 glossema
2689 5775 2831 5844 sapit
2852 5776 3004 5831 vocis
3035 5775 3336 5837 σπονδείοις.
