4002 6244
451 277 582 335 15’“

1490 275 1757 334 SYNESII
1799 274 2263 333 PTOLEMAIDIS
2301 275 2605 334 EPISCOPI

3558 272 3706 332 1572

447 394 652 466 quibus
677 392 952 461 religiosis
981 392 1119 449 locis
1154 394 1553 464 pepercerunt?
1575 392 1769 449 Nonne
1791 393 1845 447 in
1875 392 2009 446 mul-

2137 391 2214 453 Γίς
2242 390 2289 444 δ’
2327 392 2609 446 ἃνοῐσεται
2658 392 2807 465 παρὰ
2861 394 2959 464 τῆς
2993 393 3203 465 ἐρήμου
3249 390 3529 463 καρπούς;
3571 390 3705 443 υῡτ*

450 487 522 541 tis
561 484 675 555 agri
708 483 915 539 Barczei
942 484 1081 540 locis
1119 485 1371 553 sepulcra
1397 485 1644 538 recentia
1675 483 2019 539 effoderunt?

447 574 642 632 Nonne
667 577 736 632 ab
765 574 956 631 iisdem
984 576 1121 645 ipsis
1153 591 1250 645 per
1276 575 1589 630 universam
1615 576 2017 647 Ampelitidem;

449 683 571 738 qua:
620 666 842 738 quidem
898 666 1003 721 sub
1062 677 1251 721 nostra
1307 674 1579 736 potestate
1628 679 1733 731 est,
1776 668 2021 723 ecclesiae

448 772 642 814 omnes
685 770 965 812 succensa:
997 762 1146 818 sunt,
1189 764 1354 824 atque
1396 755 1452 809 in
1499 755 1699 810 rudera
1728 764 1784 811 et
1831 757 2022 812 ruinas

450 847 723 906 redactas?
756 846 874 901 Non
911 860 1099 901 sacras
1131 860 1354 901 mensas
1400 847 1630 916 perinde
1665 862 1731 901 ac
1762 848 2023 918 profanas

450 948 520 1004 ad
562 943 884 1003 dividendas
916 957 1115 997 carnes
1158 946 1574 1013 apposuerunt?
1597 942 1826 1014 Mystica
1856 957 2022 1014 porro

448 1056 601 1105 vasa,
624 1039 830 1111 quibus
868 1036 933 1092 ad
958 1036 1209 1107 publicas
1240 1051 1536 1107 sacrasque
1575 1036 1865 1091 libationes
1903 1044 2022 1090 ute-

449 1134 671 1196 bantur,
705 1148 892 1188 nonne
923 1135 989 1189 ad
1020 1130 1303 1187 obeundas
1337 1128 1642 1183 daamonum
1666 1128 2020 1182 caeremonias

448 1227 506 1280 in
564 1226 819 1282 hostilem
879 1230 1159 1299 regionem
1211 1221 1478 1276 translata
1532 1220 1699 1275 sunt?
1746 1217 2019 1284 Quidnam

449 1320 645 1374 horum
693 1317 967 1388 religiosis
996 1316 1225 1372 auribus
1267 1310 1553 1367 tolerabile
1595 1309 1717 1365 est?
1744 1308 1882 1363 Nam
1924 1310 2017 1380 qui

2123 484 2245 554 ἐμοὶ
2271 484 2492 555 πατρὶς,
2513 483 2580 555 ἣν
2601 484 2876 554 ἀπολείψω
2894 503 2907 517 ο
2941 484 3091 556 παρά
3135 482 3245 556 γὰρ
3273 482 3407 537 ναῦν
3432 483 3551 535 ἔστι
3586 500 3704 552 μοι,

2122 576 2184 629 τὸ
2232 575 2306 647 μὴ
2340 576 2439 630 οὐκ
2492 578 2594 649 ἤδη
2625 577 2884 645 πελάγιον
2922 571 3080 642 εἶναι,
3116 578 3209 630 καὶ
3253 577 3400 647 νήσῳ
3444 592 3709 647 περισκο-

2127 671 2250 723 πεῖν
2274 670 2372 741 (5).
2406 669 2665 741 Αἰγύπτῳ
2692 670 2799 742 γὰρ
2830 672 3045 725 ἀπιστῶ
3068 688 3082 701 ο
3124 672 3285 724 κάκεῖ
3328 668 3552 723 δύναται
3587 668 3707 721 διας

2128 760 2288 831 6ἧναι
2312 763 2556 833 κάμηλος
2585 763 2947 835 Δύσουριανδν
2966 763 3190 835 ὁπλίτην
3220 762 3557 833 βαστάσασα.
3589 760 3709 830 Νη-

2130 851 2329 924 σιώτης
2384 856 2609 927 οἰκήσω,
2660 855 2831 928 πένης
2875 855 2984 909 ἀπὸ
3025 850 3396 926 κτηματικοῦ·
3430 852 3707 924 μέτοικοςο

2127 946 2448 1019 ἀτιμότερος
2494 947 2659 1001 ἀστοῦ
2712 947 3011 1021 Κυθηρίου.
3064 944 3546 1017 Πολυπραγμονῶν
3596 941 3710 1013 γὰρ

2128 1033 2225 1106 ἤδη
2262 1034 2514 1105 μανθάνω
2554 1035 2781 1109 Κύθηρα
2814 1037 2874 1091 τὸ
2926 1037 3098 1108 πέραν
3133 1032 3270 1091 εἶναι
3295 1036 3394 1107 τῆς
3431 1033 3713 1089 Πενταπό-

2126 1127 2282 1192 λεως.
2320 1129 2468 1183 Ἐκεῖ
2512 1148 2579 1201 με
2627 1132 2789 1203 τυχὸν
2833 1132 3066 1186 οῐσουσιν
3109 1130 3301 1203 ἄνεμοι
3346 1130 3521 1184 νότοιο
3574 1128 3713 1198 παρ’

2126 1220 2355 1286 ἐκείνοις
2402 1220 2702 1295 βιώσομαι,
2765 1223 2938 1291 ξένος,
2996 1224 3220 1296 ἀλήτης.
3284 1223 3395 1277 Καὶ
3449 1220 3519 1277 ἂν
3590 1222 3715 1274 ὲπι-

2126 1312 2367 1384 χειρήσω
2416 1332 2469 1368 τι
2525 1315 2655 1387 περὶ
2698 1316 2975 1385 εὐγενείας
3027 1318 3234 1381 είπεῖν,
3287 1315 3709 1384 ἀπιστήσουσιν.

448 1425 881 1468 commemorare
936 1410 1068 1465 velit
1120 1413 1255 1477 quot
1310 1401 1538 1459 castella
1590 1400 1841 1455 demoliti
1898 1401 2045 1468 sint,
2115 1414 2383 1473 quantum
2453 1407 2819 1473 utensilium,
2876 1423 2941 1464 ac
2996 1407 3356 1479 supellectilis
3421 1406 3712 1461 avexerint

448 1504 619 1559 boves
652 1504 779 1558 item
811 1517 1055 1568 ovesque
1083 1514 1297 1565 omnes,
1326 1512 1446 1568 qua:
1466 1495 1685 1566 quidem
1713 1510 1744 1549 e
1765 1495 2127 1549 barbarorum
2188 1498 2375 1568 praeda
2431 1509 2663 1556 servatae
2692 1502 2937 1573 reliquis:
2960 1502 3014 1557 in
3071 1500 3372 1573 prmruptis
3439 1501 3716 1556 montium

445 1603 503 1651 et
549 1594 799 1652 cavernis
853 1593 1053 1648 abditae
1100 1590 1364 1646 fuerant:
1414 1587 1464 1642 is
1517 1586 1572 1639 in
1612 1588 1782 1641 tantis
1834 1584 1994 1640 malis
2035 1600 2142 1639 non
2183 1588 2304 1643 sine
2352 1588 2484 1644 vitio
2539 1591 2723 1661 aliquo
2773 1592 3003 1648 minutis
3042 1590 3437 1662 persequendis
3476 1591 3715 1645 nimium

448 1690 647 1746 anxius
689 1688 957 1743 videatur.
1000 1684 1329 1754 Quanquam
1389 1680 1631 1751 quinque
1688 1678 2026 1733 camelorum
2059 1678 2304 1737 millibus
2362 1683 2603 1753 praedam
2631 1684 2882 1740 avexisse
2904 1684 3185 1739 dicuntur.
3222 1681 3460 1738 Numero
3529 1690 3716 1737 autem

446 1782 611 1853 triplo
645 1782 852 1851 majore
875 1779 1127 1845 redeunt,
1158 1775 1476 1832 accessione
1499 1772 1842 1842 captivorum
1865 1777 2019 1824 tanto
2056 1771 2244 1842 plures
2264 1771 2464 1829 effecti.
2491 1774 2731 1839 Periere,
2755 1777 3039 1832 exstinctae
3079 1783 3207 1830 sunt
3264 1772 3712 1844 Pentapolitana

448 1887 572 1935 res,
607 1873 675 1927 ad
723 1873 926 1927 exitum
975 1876 1269 1931 venerunt,
1308 1865 1575 1922 confectae
1623 1870 1773 1929 sunt,
1814 1862 2184 1920 occiderunt:
2215 1880 2397 1936 neque
2428 1867 2587 1924 nobis
2620 1869 2849 1923 omnino
2900 1868 3139 1939 amplius
3165 1906 3180 1931 ,
3241 1880 3419 1935 neque
3475 1865 3720 1936 impera-

444 1964 553 2019 tori
590 1973 906 2035 supersunt.
936 1962 1126 2033 Neque
1190 1960 1337 2015 enim
1397 1957 1746 2029 imperatoris
1810 1972 1875 2012 ea
1931 1959 2209 2028 possessio
2266 1960 2376 2016 dici
2438 1969 2643 2033 potest,
2690 1977 2722 2017 e
2763 1977 2871 2034 qua
2941 1962 3079 2016 nihil
3132 1960 3397 2016 utilitatis
3437 1965 3717 2030 reportet.

451 2065 660 2137 Ecquis
688 2064 817 2118 vero
845 2062 1059 2117 fructus
1096 2075 1165 2115 ex
1192 2058 1415 2114 deserto
1452 2056 1709 2125 colligere
1738 2052 1886 2109 ullus
1954 2054 2172 2125 possit?
2213 2054 2399 2127 Neque
2440 2057 2576 2113 mihi
2642 2059 2817 2129 patria
2886 2067 3161 2128 superest,
3206 2072 3368 2128 quam
3420 2056 3717 2111 deseram:

446 2158 563 2213 sola
611 2157 755 2211 enim
794 2153 947 2209 navis
990 2152 1176 2223 inopia
1231 2150 1383 2215 facit,
1440 2157 1500 2203 ut
1536 2144 1781 2201 nondum
1817 2144 1875 2199 in
1916 2146 2026 2200 alto
2101 2149 2376 2219 navigem,
2424 2160 2478 2206 et
2545 2150 2613 2206 ad
2652 2150 2885 2206 insulam
2936 2150 3175 2222 aliquam
3224 2150 3518 2222 appellam.
3575 2147 3719 2203 Nam

446 2250 686 2321 Egypto
715 2245 929 2312 difﬁdo,
962 2253 1255 2317 propterea
1286 2241 1435 2313 quod
1477 2255 1544 2295 eo
1582 2255 1801 2310 quoque
1864 2238 2110 2294 camelus
2150 2241 2434 2309 pervenire
2473 2250 2655 2313 potest
2681 2243 3055 2299 Ausurianum
3100 2243 3327 2298 militem
3370 2250 3622 2313 gestans.
3656 2240 3718 2297 in

446 2341 646 2398 insulis
673 2340 855 2409 itaque
886 2338 1100 2408 (legam,
1133 2335 1294 2405 inops
1333 2348 1399 2388 ex
1447 2331 1636 2394 divite,
1666 2328 1992 2400 inquilinus,
2045 2328 2306 2401 Cytherio
2351 2332 2471 2389 cive
2549 2333 2857 2405 ignobilior.
2923 2332 3079 2389 Nunc
3137 2333 3285 2389 enim
3359 2331 3586 2388 demum
3626 2346 3723 2386 cu-

444 2434 649 2490 riosius
687 2431 972 2502 inquirens
1002 2427 1168 2483 audio
1198 2426 1436 2499 Cythera
1500 2424 1648 2479 ultra
1686 2421 2031 2492 Pentapolim
2070 2436 2195 2478 esse
2264 2423 2390 2480 sita.
2455 2422 2591 2481 Illuc
2630 2441 2715 2482 me
2748 2425 3005 2482 fortassis
3040 2425 3219 2481 austri
3259 2422 3531 2489 deferent,
3573 2423 3725 2493 apud

446 2527 569 2583 illos
615 2526 807 2595 degam
862 2523 1062 2595 hospes
1119 2520 1406 2595 profugus.
1468 2518 1626 2587 Quod
1683 2517 1731 2573 si
1778 2516 1912 2589 quid
1966 2517 2035 2573 de
2072 2519 2290 2590 generis
2339 2521 2445 2577 mei
2492 2522 2778 2577 nobilitate
2817 2521 3040 2594 [jactare
3076 2522 3344 2588 audeam,
3387 2521 3556 2577 fidem
3597 2520 3721 2576 nul-

446 2622 552 2677 lam
584 2617 943 2673 adhibebunt.

514 2710 674 2783 303
696 2707 812 2765 Heu
841 2708 1131 2780 Cyrenem,
1165 2706 1326 2778 cujus
1352 2707 1587 2777 publicae
1612 2704 1812 2761 tabulae
1840 2704 1908 2759 ad
1935 2717 2022 2758 me

2192 2699 2355 2771 ᾯμοι
2393 2700 2690 2773 Κυρήνης,
2736 2694 2805 2773 ἦς
2836 2702 2892 2756 αἱ
2941 2702 3201 2773 δημόσιαι
3253 2701 3478 2775 κύρόεις
3526 2707 3726 2779 μέχρις

445 2818 622 2873 usque
674 2801 866 2871 stirpis
917 2800 1198 2856 Herculea:
1248 2798 1661 2856 successionem
1720 2794 2027 2852 deducunt!

2137 2790 2270 2863 ἐμοῦ
2313 2790 2611 2860 κατάγουσι
2646 2790 2745 2856 τὰς
2799 2793 2893 2861 ἀφ’
2952 2793 3284 2865 Ἡρακλέους
3318 2794 3609 2866 διαδοχάςί
3645 2798 3723 2852 Οὐ

444 2893 566 2951 Non
598 2893 743 2949 enim
782 2892 1007 2961 ineptus
1036 2892 1247 2954 videar,
1284 2906 1411 2946 cum
1445 2891 1592 2946 inter
1621 2890 1863 2945 scientes
1902 2902 2030 2957 pro-

2137 2882 2244 2953 γὰρ
2281 2882 2348 2935 ἂν
2394 2883 2515 2954 εῐην
2560 2882 2807 2953 ἀρχαῖος,
2841 2884 2899 2935 ὲν
2945 2882 3141 2937 εἰδόσιν
3186 2883 3591 2954 ὀλοφυρόμενος
3622 2886 3727 2955 τὴν

444 2985 699 3051 pagatam
759 2973 885 3029 inde
944 2975 1283 3029 nobilitatem
1318 2972 1563 3043 deploro.
1600 2971 1745 3026 Proh
1784 2971 2035 3041 sepulcra

447 3069 549 3127 illa
575 3066 798 3130 Dorica,
845 3079 1079 3134 quorum
1115 3064 1392 3134 particeps
1424 3077 1532 3116 non
1561 3076 1659 3116 ero
1684 3063 1698 3115 ι
1728 3060 1841 3117 Heu
1893 3058 2035 3115 infe-

446 3160 611 3217 licem
640 3156 1065 3223 Ptolemaidem,
1097 3154 1258 3226 cujus
1294 3169 1396 3225 ego
1429 3161 1741 3225 postremus
1792 3152 2035 3206 omnium

451 3250 714 3315 sacerdos
743 3249 854 3304 fui!
886 3248 1089 3304 Verum
1142 3262 1206 3302 ea
1245 3247 1533 3302 calamitas
1584 3245 1768 3300 animo
1796 3260 1916 3300 meo
1945 3243 2040 3299 ad-

447 3345 724 3403 haerescit.
741 3341 886 3399 Nihil
905 3341 1089 3397 dicere
1116 3340 1350 3411 amplius
1374 3354 1625 3411 possum,
1653 3338 1911 3410 lacrymze
1935 3338 2039 3391 lin-

448 3450 611 3507 guam
658 3448 835 3490 meam
888 3431 1195 3503 impediunt
1224 3438 1415 3486 :totus
1462 3445 1583 3485 sum
1638 3428 1695 3483 in
1725 3444 1789 3484 ea
1835 3428 2041 3498 cOgita-

448 3528 601 3584 tione
630 3526 868 3592 delixus,
905 3524 1053 3596 quod
1086 3524 1219 3579 mihi
1246 3539 1408 3580 sacra
1436 3520 1869 3593 derelinquenda
1908 3522 2037 3576 sint.

447 3617 814 3690 Navigatione
843 3617 1064 3689 quidem
1103 3617 1236 3672 hinc
1258 3631 1345 3672 me
1378 3614 1688 3671 subducere
1719 3622 1996 3685 oporteret
2022 3631 2035 3668 :

449 3709 549 3770 sed
571 3726 694 3766 cum
712 3711 990 3783 adgnavem
1020 3707 1489 3765 conscendendam
1511 3707 1783 3777 quispiam
1802 3705 2041 3771 vocabit,

448 3805 731 3875 paulisper
792 3811 852 3857 ut
894 3807 1177 3872 exspectet
1237 3799 1306 3855 ab
1358 3799 1453 3854 illo
1509 3808 1715 3869 petam.
1789 3796 2034 3852 Primum

450 3897 598 3951 enim
639 3894 705 3949 ad
756 3893 850 3950 Dei
893 3892 1156 3963 templum
1198 3890 1454 3946 accedam
1495 3907 1509 3943 :
1562 3897 1676 3944 tum
1722 3888 1894 3943 altare
1937 3889 2045 3943 cir-

449 3986 673 4044 cumibo
704 4004 719 4041 :
751 3984 1212 4055 pretiosissimum
1231 3983 1606 4055 pavimentum
1626 3980 1887 4052 lacrymis
1915 3995 2041 4051 per-

2136 2974 2441 3046 καταϐεϐλη
2451 2974 2617 3046 μένην
2644 2974 2941 3043 εὐγένειαν.
2981 2976 3144 3046 ᾯμοι
3181 2975 3290 3031 τῶν
3318 2976 3528 3047 τάφων,
3558 2971 3636 3034 ὧν
3663 2980 3723 3033 οὐ

2139 3066 2349 3137 μεθέξω
2385 3066 2494 3121 τῶν
2524 3067 2821 3139 Δωρικῶνί
2864 3068 3026 3140 ’ῼμοι
3060 3068 3454 3140 Πτολεμαΐδος.
3508 3065 3584 3141 ἧς
3627 3073 3726 3126 ἁν-

2138 3159 2379 3230 εδείχθην
2409 3157 2639 3223 ὕστατος
2666 3158 2880 3229 ίερεύςί
2921 3160 3080 3215 Ἀλλά
3112 3160 3373 3233 πρόσεστι
3407 3180 3503 3233 μοι
3531 3164 3596 3217 τὸ
3617 3163 3725 3218 δει-

2140 3251 2229 3304 νόν
2249 3266 2262 3281 ³
2295 3250 2482 3305 οὐκέτι
2518 3250 2751 3324 δύναμαι
2775 3251 2955 3321 λέγειν
2979 3268 2993 3283 ·
3027 3252 3462 3325 ὲπιλαμόάνεταί
3497 3272 3607 3324 μου
3628 3256 3725 3326 τῆς

2137 3345 2386 3417 γλώττης
2412 3345 2480 3399 τὰ
2505 3345 2732 3418 δάκρυα.
2764 3346 2968 3417 Γέγονα
2996 3346 3134 3418 πρὸς
3164 3347 3262 3417 τὴν
3285 3347 3598 3417 φαντασίαν
3625 3351 3725 3418 τῆς

2139 3439 2247 3492 τῶν
2297 3438 2456 3511 ίερῶν
2493 3438 2850 3509 ἀπολείψεως.
2908 3439 3057 3492 Ἔδει
3112 3438 3214 3508 μὲν
3244 3437 3485 3511 οῐχεσθαι
3528 3438 3726 3492 πλέον·

2138 3549 2239 3596 τας
2258 3548 2272 3561 ⁶
2310 3530 2423 3585 ἀλλ’
2454 3532 2581 3585 ὅταν
2610 3532 2702 3586 ἐπὶ
2733 3532 2862 3587 ναῦν
2889 3550 2973 3597 τις
3001 3532 3164 3606 καλῇ,
3199 3533 3392 3605 μικρὸν
3426 3534 3724 3605 ἀναμεῖναι

2140 3624 2423 3695 δεήσομαι.
2475 3624 2776 3695 Βαδιοῢμαι
2813 3624 2923 3696 γὰρ
2955 3625 3170 3697 πρῶτον
3199 3626 3294 3678 ἐπὶ
3330 3626 3420 3679 τὸν
3453 3624 3597 3679 νεὼν
3629 3625 3725 3679 τοῦ

2141 3714 2275 3768 Θεοῦ
2296 3733 2310 3748 ο
2344 3704 2696 3786 κυκλώσομαι
2724 3716 2785 3770 τὸ
2835 3715 3249 3789 θυσιαστήριον·
3284 3718 3512 3789 δάκρυσι
3545 3716 3724 3788 βρὲξω

2140 3806 2201 3859 τὸ
2228 3807 2661 3878 τιμαλφέστατον
2705 3806 2919 3879 ἔδαφος.
2968 3809 3084 3862 Ούκ
3127 3808 3551 3882 ἁποδραμοῦμαι
3594 3812 3723 3882 πρὶν

2142 3897 2312 3971 θύραν
2353 3899 2569 3971 ἐκείνην
2621 3900 2713 3954 καὶ
2762 3901 2948 3973 θρόνον
2988 3900 3193 3956 ὲκέῖνον
3233 3903 3607 3957 ἀσπάσασθαι.
3658 3905 3721 3956 Ὦ

2142 3992 2374 4056 ποσάκις
2420 3992 2766 4063 θεοκλυτήσω
2810 4010 2894 4058 τε,
2939 3994 3033 4045 καὶ
3073 3995 3637 4066 μεταστραφήσομαιί
3674 3996 3720 4048 ὣ

451 4076 699 4133 fundam.
728 4076 849 4132 Non
887 4077 1042 4147 prius
1083 4075 1399 4138 abscedam,
1426 4086 1593 4143 quam
1633 4071 1859 4141 jannam
1888 4070 2030 4158 illam

2142 4084 2369 4148 ποσάκις
2402 4086 2521 4148 ταῖς
2546 4059 2783 4154 κιγκλίσι
2822 4084 2890 4138 τὰ
2926 4059 3086 4157 χεῖρε⁷
3110 4059 3530 4158 προσμάξομαιί
3579 4088 3720 4140 Ἀλλ’

451 4170 824 4241 thronumque
864 4168 1017 4223 illum
1066 4167 1355 4223 osculatus
1406 4164 1582 4220 fuero.
1618 4163 1663 4219 0
1691 4163 1908 4235 quoties
1926 4152 2035 4220 ’1)θὶ

453 4259 615 4318 ﬁdem
643 4258 954 4333 appellabo,
1003 4272 1069 4314 ac
1100 4258 1312 4313 vultum
1342 4256 1701 4313 convertam!
1736 4254 1781 4313 Ο
1803 4257 2036 4328 {quoties

454 4353 719 4410 cancellis
749 4365 942 4407 manus
972 4348 1236 4421 injiciam!
1270 4347 1380 4404 Sed
1443 4348 1742 4405 vehemens
1778 4349 2033 4420 quaedam

453 4459 546 4501 res
586 4453 673 4501 est
730 4458 795 4499 ac
836 4442 1096 4507 violenta,
1153 4440 1483 4498 necessitas.
1534 4440 1711 4512 Cupio
1776 4456 2033 4497 somnum

455 4534 637 4591 oculis
669 4535 808 4591 meis
861 4533 1014 4589 nullo
1067 4532 1326 4588 tubarum
1375 4533 1609 4603 strepitu
1670 4534 2033 4605 interruptum

455 4625 779 4683 concedere.
812 4623 935 4692 Quo
962 4626 1183 4680 tandem
1206 4640 1384 4696 usque
1412 4627 1482 4682 ad
1510 4636 1794 4683 murorum
1831 4644 2037 4701 propu-

458 4719 749 4790 gnaculum
798 4715 995 4773 stabo?
1024 4714 1321 4787 Quousque
1352 4718 1588 4774 turrium
1618 4720 1901 4776 intervalla
1932 4737 2028 4778 cu-

459 4812 726 4868 stodiam!
752 4809 1015 4867 Defessus
1055 4827 1178 4868 sum
1205 4820 1510 4869 nocturnas
1537 4813 1802 4870 excubias
1834 4812 2025 4885 dispo-

458 4923 615 4973 nens,
648 4922 711 4962 ac
744 4907 989 4963 vicissim
1049 4911 1106 4960 et
1148 4905 1468 4961 custodiens
1507 4904 1626 4976 ipse
1667 4905 1829 4973 alios,
1861 4914 1917 4962 et
1961 4906 2029 4962 ab

461 5001 584 5057 aliis
640 4998 968 5056 custoditus.
998 4995 1063 5053 Et
1100 4999 1196 5070 qui
1245 5011 1623 5070 saepenumero
1672 4996 1729 5051 in
1780 5007 2030 5054 contem-

459 5092 663 5164 plaudo
694 5093 938 5149 siderum
983 5101 1175 5148 exortu
1229 5089 1550 5161 pervigilem
1594 5096 1814 5145 noctem
1875 5090 2032 5154 duxi,

461 5187 712 5242 eumdem
750 5200 838 5241 me
878 5184 1041 5239 modo
1087 5182 1249 5238 taedet
1280 5180 1643 5238 observandis
1681 5180 1920 5237 hostium
1945 5182 2034 5237 in-

463 5277 816 5334 cursionibus
866 5276 1175 5348 invigilare.
1214 5275 1299 5332 Ad
1330 5289 1527 5345 aquam
1566 5272 1880 5330 demensam
1914 5275 2035 5331 dor-

465 5371 718 5426 mimus:
773 5378 936 5439 atque
976 5384 1040 5426 ea
1098 5368 1276 5424 somni
1328 5382 1478 5439 pars,
1514 5379 1635 5436 quae
1691 5366 1824 5420 mihi
1884 5376 2034 5425 sorte

2145 4175 2363 4247 ἰσχυρὸν
2391 4175 2889 4247 ἀνάγκηιπρᾶγμα,
2920 4177 3014 4230 καὶ¹
3046 4176 3239 4247 βίαιον.
3280 4176 3565 4248 Ἐπιθυμῶ
3596 4179 3720 4231 δοῦ-

2140 4284 2230 4322 ναι
2262 4266 2558 4338 ὀφθαλμοῖς
2612 4266 2779 4320 ὕπνον
2828 4268 3312 4340 ἀπερισάλπιστον.
3358 4268 3542 4340 Μέχρι
3588 4270 3717 4324 πότε

2141 4359 2293 4433 παρὰ
2316 4360 2532 4424 ἔπαλξιν
2567 4361 2831 4432 στήσομαι
2857 4378 2872 4427 ;
2906 4360 3082 4433 Μέχρι
3113 4361 3243 4414 πότε
3270 4348 3495 4433 τηρήσω
3525 4362 3591 4415 τὸ
3621 4380 3719 4433 με-

2140 4449 2476 4520 ταπύργιον;
2532 4449 2886 4521 Ἀπαγορεύω
2912 4451 3156 4520 φυλακὰς
3184 4452 3483 4505 ἐπιτάττων
3523 4471 3719 4506 νυκτε-

2145 4541 2317 4613 ρινὰς,
2340 4541 2433 4596 καὶ
2460 4540 2740 4610 φυλάττων
2763 4544 2821 4596 ἐν
2843 4542 2921 4613 τῷ
2961 4541 3136 4615 μέρει,
3164 4543 3260 4597 καὶ
3295 4544 3719 4615 φυλαττόμενος,

2140 4634 2171 4686 6
2201 4632 2366 4687 πολλὰ
2397 4633 2660 4705 πρότερον
2685 4635 3039 4705 ἀγρυπνήσας
3067 4634 3163 4688 ἐπὶ
3204 4636 3324 4700 ταῖς
3349 4636 3565 4708 ἄστρων
3592 4639 3719 4691 ﬁm-

2149 4724 2381 4787 στολαῖς.
2424 4724 2814 4796 Ἀποκναίομαι
2841 4722 2936 4779 νῦν
2965 4725 3281 4798 ὲγρηγορῶν
3321 4728 3411 4781 ἐπὶ
3444 4731 3568 4792 ταῖς
3608 4729 3725 4782 τῶν

2150 4815 2421 4887 πολεμίων
2470 4814 2765 4881 ἐπιϐολαῖς.
2815 4817 2957 4889 Πρὸς
3008 4817 3513 4891 διαμεμετρημένω
3573 4819 3727 4893 ὕδωρ

2150 4906 2480 4977 καθεύδομεν
2501 4920 2517 4938 ·
2549 4906 2644 4960 καὶ
2672 4906 2731 4960 τὸ
2751 4906 2912 4977 λαχόν
2941 4924 3031 4979 μοι
3063 4909 3227 4980 μέρος
3251 4910 3331 4973 είς
3359 4908 3525 4964 ὕπνον
3554 4912 3725 4980 ἀφαι-

2155 5000 2324 5072 ρεῖται
2378 4997 2636 5063 πολλάκις
2676 4998 2705 5052 6
2754 4999 2941 5054 κώδων
2981 4999 3011 5050 6
3059 4998 3424 5071 φυλακτήριος
3463 5001 3563 5072 (6).
3619 5005 3724 5057 “Av

2138 5093 2195 5148 δὲ
2240 5091 2543 5163 καταμύσω
2595 5090 2827 5163 μικρὸν,
2883 5091 2929 5145 ὣ
2961 5092 3071 5147 τῶν
3121 5093 3387 5148 ἐνυπνίων
3418 5092 3528 5147 τῶν
3581 5110 3724 5149 σκυ-

2140 5185 2405 5258 θρωπῶνί
2437 5186 2517 5249 είς
2548 5179 2638 5238 οἷα
2668 5184 3129 5256 παραπέμπουσιν
3151 5187 3301 5258 ἡμᾶς
3329 5188 3385 5240 αἱ
3424 5188 3545 5257 μεθ’
3576 5189 3725 5260 ἠμέο

2144 5293 2242 5347 ραν
2289 5276 2586 5347 φροντίδες.
2642 5276 2715 5329 Τὸ
2768 5276 2928 5347 λῆξαι
2974 5278 3176 5344 πόνων,
3224 5279 3490 5351 ἄρξασθαι
3534 5282 3726 5335 πόνων

2139 5369 2279 5423 ἐστί.
2333 5368 2630 5441 Φεύγομεν,
2668 5368 3030 5441 άλισκόμεθα,
3084 5372 3519 5445 τιτρωσκόμεθα,
3572 5373 3727 5426 δεδέ-

1716 5476 1902 5539 υιυιί.
1942 5481 2214 5538 PETAVII
2246 5481 2476 5538 ΝΟΤᾸΞ.

540 5572 617 5648 (5)
644 5571 755 5627 Καὶ
802 5571 972 5648 νιήοξῳ
1012 5571 1419 5648 περισκοπεῖν.
1447 5571 1611 5630 Forte
1658 5579 2029 5648 προσκωπείν,

469 5644 615 5714 quod
644 5652 730 5714 est
760 5642 1035 5714 appellere.
1060 5643 1155 5714 Γρ.
1189 5643 1372 5714 νῆσον.

539 5709 619 5777 (6)
662 5712 725 5765 '0
768 5709 969 5765 κώδων
1014 5715 1047 5767 ὁ
1092 5709 1516 5784 ἓῆρυλιὶκτήλοιος.
1571 5712 1884 5776 Istiusmodi
1927 5717 2034 5774 κώ-

2135 5576 2322 5641 δωνος,
2350 5590 2458 5646 quo
2491 5577 2680 5647 vigiles
2708 5577 3022 5645 utebantur,
3059 5578 3309 5635 meminit
3339 5579 3625 5636 Plutarch.
3658 5583 3720 5637 in

2136 5647 2339 5732 Aratus
2376 5647 2997 5732 Ἀναὸαινόντωνξῶν
3026 5649 3278 5732 πρώτων,
3306 5653 3335 5704 6
3354 5649 3452 5732 τὴν
3480 5650 3721 5724 ἑωθινὴν

2141 5714 2742 5793 φυλακὴνίπαραδιδοὺς
2758 5717 2994 5795 έφῴδευε
3027 5714 3105 5792 τῷ
3127 5714 3361 5795 κώδωνι,
3394 5714 3503 5779 étc.
