4014 6244
338 283 499 341 1575

1723 292 2196 355 CONSTITUTIO.

3441 309 3577 370 1574

338 404 499 477 μεθα,
530 406 975 477 πιπρασκόμεθα.
1026 409 1262 473 Ποσάκις
1310 409 1602 483 ὲξανέστην
1645 413 1896 481 ἄσμενος,

2015 419 2269 486 contigit,
2301 418 2646 475 cxcubitorio
2685 422 3059 479 tintinnabulo
3093 425 3303 496 saepius
3327 427 3577 497 eripitur.

332 500 415 551 ὅτι
453 498 717 567 δεσπότην
754 500 1019 553 ἀπέλιπον
1060 504 1073 555 l
1112 502 1350 565 Ποσάκις
1384 503 1675 574 ὲξανέστην
1708 504 1913 577 ὑπέρα-

333 587 525 655 σθμος,
566 586 751 657 ἱδρῶτι
800 590 1134 660 ῥαινόμενος,
1164 590 1299 662 ὁμοῦ
1351 592 1443 645 τὸν
1484 593 1646 646 ’ύπνον
1687 595 1781 647 καὶ⁵
1822 595 1913 648 τὸν

330 678 529 750 δρόμον
577 678 882 745 ἀπολιπὼν,
929 683 989 735 ὃν
1044 684 1367 748 κατατείνας
1413 684 1643 754 ἔφευγον
1682 686 1912 758 ὁπλίτην

330 770 589 840 πολέμιον
625 770 642 823 ι
677 770 873 835 Μόνοις
921 774 1053 843 ἡμῖν
1119 774 1358 838 Ἠσίοδος
1403 775 1553 829 οὐδὲν
1592 774 1761 844 λέγει,
1811 775 1910 849 τὴν

328 863 517 917 ἐλπίδα
543 865 789 935 τηρήσας
819 865 952 919 εῑσω
977 865 1071 919 τοῦ
1096 866 1274 920 πίθου.
1306 866 1515 931 Πάντες
1539 867 1794 940 ἀθαρσεῖς
1816 870 1909 922 καὶ

326 954 665 1019 δυσέλπιδεςο
715 956 745 1007 6
805 956 1343 1028 πεπαροιμιασμένος
1394 957 1507 1028 βίος
1556 958 1630 1029 (7)
1677 957 1908 1024 ἀϐίωτος

325 1047 425 1117 οὐχ
454 1047 641 1118 ἕτερός
673 1047 840 1113 ἐστιν,
873 1048 1084 1119 ἄνδρες,
1116 1048 1231 1103 ἀλλ’
1268 1049 1326 1115 6y
1360 1048 1542 1120 ζῶμεν
1584 1051 1767 1120 ἡμεῖς.
1809 1049 1908 1114 Τίς

324 1142 357 1210 ἡ
390 1140 674 1211 διατριϐῆς
724 1142 790 1195 Τί
833 1141 1132 1213 μέλλομενς
1193 1141 1530 1214 Ἀπήχθηται
1574 1142 1905 1207 Πεντάπολις

322 1229 402 1305 τῷ
425 1234 561 1305 Θεῷ.
594 1236 813 1298 Ποιναῖς
841 1235 1189 1306 ἐκδεδόμεθα.
1224 1236 1287 1289 Ἦ
1308 1235 1417 1307 γάρ
1445 1235 1626 1306 ἀκρὶς,
1660 1235 1760 1288 οὐκ
1787 1235 1903 1288 ἔστι

323 1327 492 1380 κακὸν
520 1328 908 1400 ἀκριϐέστερον
931 1369 946 1393 ,
983 1328 1039 1382 τὸ
1062 1328 1116 1382 δὲ
1150 1327 1260 1398 πῦρ
1288 1327 1317 1380 ὃ
1348 1326 1454 1399 πρὸ
1487 1327 1594 1380 τῶν
1627 1326 1902 1398 πολεμίων

319 1419 489 1490 τριῶν
538 1419 744 1473 πόλεων
788 1420 1117 1490 ἐπενείματο
1144 1421 1289 1492 λήῖα.
1341 1422 1407 1475 Τί
1458 1419 1631 1491 πέρας
1675 1418 1898 1483 κακῶν;

320 1511 384 1564 Εἰ
410 1510 615 1564 τούτων
632 1510 855 1578 ἄγουσιν
884 1511 1197 1583 ἐλευθερίαν
1222 1513 1278 1567 αἱ
1296 1511 1472 1582 νῆσοι,
1505 1511 1615 1581 ἐγὼ
1649 1511 1747 1581 μὲν
1771 1510 1899 1563 ὅταν

317 1599 601 1673 ἀφυϐρίσῃ
626 1599 686 1653 τὸ
717 1599 974 1670 πέλαγος,
1003 1600 1361 1671 πλευσοῦμαι.
1401 1600 1560 1654 Ἀλλά
1603 1598 1896 1670 φοϐοῦμαι,

2014 509 2170 575 Quod
2200 511 2245 565 si
2276 527 2567 583 parumper
2599 516 2791 571 oculos
2816 518 3087 580 clausero,
3120 518 3258 588 proh
3302 521 3486 576 tristia
3515 538 3581 578 ac

2014 602 2245 658 molesta
2291 605 2528 669 somnia,
2568 623 2690 675 quae
2749 608 2879 661 mihi
2942 609 3153 664 diurna:
3207 625 3356 666 cura:
3414 621 3582 684 atque

2010 696 2363 765 aegritudines
2396 698 2649 768 injiciunt
2675 699 2688 752 !
2715 698 2990 755 Laborum
3028 703 3287 769 cessatio,
3344 705 3580 759 aliorum

2011 787 2145 842 mihi
2170 788 2420 843 laborum
2454 791 2672 845 initium
2700 801 2784 846 est
2812 811 2823 846 :
2861 792 3121 862 fugimus,
3162 798 3580 865 comprehendi-

2009 894 2153 945 mur,
2177 880 2552 945 vulneramur,
2580 882 2873 950 vincimur,
2905 884 3213 940 vendimur.
3242 887 3413 952 Quam
3436 904 3579 959 saepe

2008 970 2244 1026 libenter
2268 987 2298 1026 c
2320 987 2513 1027 somno
2536 974 2803 1031 excitatus
2826 992 2971 1042 sum,
2992 980 3134 1047 quod
3152 979 3431 1033 dominum
3451 982 3577 1037 reli-

2006 1064 2285 1134 quissem!
2320 1063 2548 1133 Quoties
2575 1068 2842 1124 anhelans
2867 1083 2932 1123 ac
2967 1068 3239 1139 palpitans
3257 1072 3573 1143 expergefa-

2004 1164 2127 1210 ctus
2158 1170 2304 1220 sum,
2328 1156 2531 1212 sudore
2568 1164 2714 1214 totus
2746 1159 3030 1225 difﬂuens,
3074 1177 3180 1215 una
3214 1176 3246 1215 a
3287 1178 3479 1219 somno
3520 1172 3577 1220 et

2003 1261 2171 1301 cursu
2191 1247 2476 1315 desinens,
2515 1266 2674 1320 quem
2700 1251 2992 1307 intendens
3012 1296 3026 1320 ,
3053 1262 3324 1309 armatum
3359 1256 3574 1313 hostem

2004 1336 2274 1409 fugiebam
2299 1340 2312 1393 !
2340 1338 2623 1396 Nobismet
2645 1339 2915 1397 Hesiodus
2937 1343 3070 1399 solis
3096 1343 3234 1397 nihil
3268 1344 3473 1400 dixisse
3494 1347 3574 1401 vi-

2001 1438 2097 1478 sus
2130 1432 2233 1489 est,
2261 1438 2385 1479 cum
2429 1440 2578 1495 spem
2606 1426 2753 1481 intra
2804 1428 3009 1481 dolium
3047 1439 3313 1495 reservat,
3370 1432 3573 1503 quippe
3622 1432 3631 1441 ’

1998 1520 2191 1562 omnes
2213 1508 2409 1578 trepidi
2429 1524 2643 1574 sumus,
2658 1517 2713 1565 et
2732 1519 2952 1580 speratu
2975 1510 3230 1567 difﬁciles
3252 1533 3264 1567 :
3284 1514 3446 1585 30h.
3463 1516 3572 1570 vita

1999 1597 2090 1653 illa
2119 1599 2303 1656 minus
2327 1600 2533 1666 vitalis,
2553 1601 2745 1672 quaein
2764 1603 3111 1671 proverbium
3140 1605 3297 1668 abiit,
3329 1620 3435 1659 non
3463 1605 3570 1660 alia

320 1692 397 1763 μὴ
430 1692 676 1767 προλάΰῃ
723 1713 790 1764 με
819 1695 880 1767 τὸ
904 1694 1095 1749 δεινόν.
1131 1694 1362 1758 Πελάζει
1393 1694 1501 1766 γὰρ
1531 1695 1564 1765 ἡ
1605 1693 1767 1765 κυρία
1796 1693 1896 1763 τῆς

1997 1699 2102 1756 est,
2143 1693 2449 1757 auditores,
2477 1710 2639 1763 quam
2681 1709 2746 1750 ea
2784 1695 2899 1765 ipsa
2929 1711 3090 1765 quam
3116 1695 3386 1766 degimus.
3422 1696 3568 1762 Quid

315 1764 739 1859 προσϐολῆςξὴν
769 1764 836 1859 τῇ
870 1788 1047 1853 πόλει,
1081 1788 1266 1858 φασὶν,
1298 1788 1327 1840 6
1375 1764 1707 1860 πτεροφόρος
1734 1786 1894 1858 ἠπεί.

1994 1793 2208 1854 tempus
2242 1785 2657 1855 terimus?quid
2689 1787 3006 1841 moramur?
3030 1786 3206 1841 Invisa
3236 1786 3347 1842 Deo
3372 1789 3569 1843 Penta-

314 1874 500 1948 λησεν,
531 1880 560 1932 6
602 1877 697 1933 τοῦ
744 1880 999 1949 πολεμίου
1048 1878 1412 1952 ἐξηγούμενος
1463 1880 1890 1950 στρατεύματος.

313 1972 568 2026 Μάλιστα
590 1971 655 2043 δὴ
692 1974 901 2046 καιρῶν
935 1974 1142 2037 ἐκεῖνος
1172 1973 1375 2045 ἱερεῦσι
1418 1971 1508 2026 τὸν
1536 1972 1629 2024 ἐπὶ
1654 1971 1753 2036 τὰς
1790 1971 1890 2023 αύ-

312 2047 533 2128 λάςτοῦ
567 2064 701 2118 Θεοῦ
728 2064 924 2137 δρόμον
953 2066 1249 2134 ἀναγκαῖον
1280 2065 1569 2133 ἀποφανεῖ,
1602 2062 1668 2117 ἂν
1689 2064 1746 2116 ὲν
1774 2062 1891 2135 χρῷ

311 2155 415 2227 τῆς
441 2156 699 2220 πόλεωςό
740 2157 980 2221 κίνδυνος
1028 2157 1274 2227 γένηται.
1343 2153 1485 2222 Ἐγὼ
1532 2154 1674 2209 κατά
1708 2154 1891 2226 χώραν

311 2249 400 2301 ἐπ’
449 2248 744 2324 ἐκκλησίας
800 2248 966 2319 μενῶ.
1031 2248 1144 2312 Τάς
1192 2248 1457 2314 παναγεῖς
1507 2247 1891 2317 προστήσομαι

310 2337 585 2408 χέρνιὼς.
627 2338 1016 2410 Προσφύσομαι
1065 2337 1175 2391 τῶν
1207 2338 1402 2391 κιόνων
1452 2337 1561 2390 τῶν
1615 2336 1799 2407 ἱερῶν,
1832 2336 1889 2390 αἱ

308 2428 410 2498 τὴν
437 2428 632 2482 ἄσυλον
668 2428 777 2483 ἀπὺ
809 2428 917 2500 γῆς
948 2428 1199 2499 ἀνέχουσι
1228 2427 1530 2501 τράπεζαν.
1602 2426 1749 2480 Ἐκεῖ
1792 2427 1889 2481 καὶ

309 2519 421 2583 ζῶν
447 2519 795 2592 καθεδοῦμαι,
826 2522 920 2576 καὶ
939 2520 1226 2575 ἀποθανὼν
1254 2520 1527 2590 κείσομαι.
1558 2520 1887 2592 Λειτουργός

308 2616 426 2685 ειμι
453 2614 547 2668 τοῦ
572 2614 731 2680 Θεοῦ,
762 2616 858 2668 καὶ
901 2614 1001 2686 τὴν
1028 2614 1204 2686 ψυχὴν
1239 2614 1369 2676 ἴσως
1393 2612 1885 2684 ἀπολειτουργῆσαι

312 2722 383 2776 με
418 2705 517 2760 δεῖ.
548 2706 624 2760 Οὐ
659 2705 766 2778 μὴν
798 2708 827 2760 ὃ
854 2724 918 2777 γε
947 2705 1080 2770 Θεὸς
1111 2704 1433 2776 περιόψεται
1461 2703 1553 2759 τὸν
1586 2702 1767 2774 βωμὸν
1795 2702 1886 2758 τὸν

306 2797 644 2869 ἀναίμακτον
672 2798 860 2870 ἱερέως
885 2799 1077 2869 αἵματι
1109 2797 1476 2870 μιαινόμενον.

1994 1875 2135 1945 polis
2161 1883 2265 1930 est.
2287 1875 2472 1931 Pceuis
2501 1892 2566 1930 ac
2589 1878 2875 1947 suppliciis
2900 1879 3068 1933 dediti
3094 1894 3303 1934 sumus.
3323 1880 3457 1933 Nam
3486 1880 3567 1935 lo-

1991 1975 2149 2021 custa
2170 1982 2515 2039 nequaquam
2539 1970 2724 2025 acrius
2752 1977 2837 2025 est
2865 1978 2918 2025 et
2948 1971 3170 2041 gravius
3201 1972 3435 2037 malum;
3468 1972 3567 2028 sed

1990 2057 2132 2127 ignis
2161 2058 2249 2113 ille
2277 2060 2514 2129 quiante
2530 2059 2718 2116 hostes
2740 2060 2904 2115 trium
2925 2062 3141 2117 urbium
3166 2071 3284 2117 sata
3302 2063 3564 2133 depastus

1990 2154 2096 2203 est.
2112 2147 2247 2214 Quis
2269 2138 2537 2205 malorum
2558 2150 2773 2207 exitus?
2794 2151 2850 2206 Si
2873 2153 2941 2207 ab
2966 2152 3035 2206 iis
3054 2153 3324 2209 immunes
3345 2168 3408 2208 ac
3435 2155 3566 2209 libeo

1991 2254 2067 2294 rae
2087 2241 2443 2307 suntinsulae,
2479 2244 2731 2314 equidem
2763 2244 3109 2316 simulatque
3139 2261 3285 2301 mare
3306 2245 3564 2303 desaevie-

1990 2328 2085 2393 rit,
2120 2331 2366 2398 solvam;
2402 2333 2497 2389 sed
2540 2350 2734 2411 vereor
2770 2351 2838 2391 ne
2884 2352 2971 2392 me
2997 2338 3197 2391 malum
3233 2346 3559 2394 antevertat.

1988 2419 2125 2475 Nam
2157 2422 2503 2492 impressioni
2538 2434 2592 2480 et
2617 2426 2920 2482 incursioni
2956 2428 3258 2483 constituta
3295 2429 3412 2486 dies
3464 2445 3562 2501 ap-

1989 2512 2343 2585 propinquat,
2369 2532 2532 2586 quam
2564 2518 2709 2583 urbi,
2734 2526 2795 2573 ut
2830 2519 3004 2583 aiunt,
3032 2531 3304 2589 pennatus
3334 2522 3563 2578 nuntius

1985 2607 2354 2665 comminatus
2403 2617 2508 2676 est,
2542 2609 2590 2665 is
2618 2610 2712 2680 qui
2745 2611 3000 2667 hostilem
3030 2613 3336 2667 exercitum
3385 2613 3557 2672 ducit.

1988 2701 2131 2757 Sane
2176 2701 2308 2757 illud
2346 2718 2457 2773 prae
2489 2704 2702 2758 caneris
2751 2717 2970 2774 tempus
3026 2705 3408 2762 sacerdotibus
3462 2721 3559 2762 ne-

1985 2795 2292 2851 cessarium
2324 2795 2391 2850 ad
2441 2796 2581 2850 atria
2636 2796 2732 2852 Dei
2763 2812 2990 2853 cursum
3033 2797 3257 2864 efﬁciet,
3310 2814 3436 2854 cum
3486 2800 3556 2856 ad

308 2893 483 2963 ipsam
514 2893 705 2949 urbem
763 2909 1007 2966 praesens
1061 2894 1361 2964 periculum
1415 2890 1732 2948 accesserit.
1760 2888 1877 2962 Ego
1906 2888 1970 2945 in
2001 2889 2124 2946 loco
2160 2905 2283 2945 meo
2311 2891 2366 2946 in
2397 2890 2637 2947 ecclesia
2682 2893 3040 2963 permanebo.
3094 2891 3363 2950 Lustralis
3429 2902 3557 2952 ante

304 3001 396 3040 me
431 3001 584 3057 aqua:
625 2988 976 3047 sanctissima
1024 3003 1157 3044 vasa
1190 2987 1498 3043 collocabo.
1546 2984 1806 3040 Sacratas
1855 2985 2146 3040 columnas
2182 2984 2519 3055 amplectar,
2558 3000 2679 3055 quae
2732 2999 2927 3055 puram
2966 2995 3021 3040 et
3070 2984 3554 3041 incontaminatam

305 3092 337 3131 a
384 3089 529 3134 terra
575 3096 821 3137 mensam
881 3082 1160 3138 sustinent
1198 3103 1211 3138 :
1256 3082 1373 3137 illic
1420 3095 1521 3153 ego
1564 3086 1621 3135 et
1652 3076 1862 3135 sedebo
1906 3079 2085 3145 vivus,
2129 3088 2183 3134 et
2210 3087 2459 3135 mortuus
2502 3078 2719 3149 iacebo.
2762 3076 2859 3134 Dei
2892 3079 3143 3135 minister
3167 3095 3267 3152 ego
3305 3095 3448 3147 sum,
3490 3093 3555 3135 ac

303 3172 610 3237 sacriﬁcus,
654 3188 718 3228 ac
774 3173 1008 3230 fortasse
1049 3175 1291 3229 animam
1328 3174 1503 3244 ipsam
1560 3171 1878 3228 sacriﬁcare
1916 3170 1995 3227 illi
2035 3187 2123 3226 me
2146 3171 2422 3228 convenit.
2494 3169 2683 3242 Neque
2712 3186 2842 3227 vero
2899 3186 3050 3227 aram
3098 3172 3246 3227 illam
3290 3172 3551 3228 incruen-

303 3280 413 3324 tam
433 3268 585 3325 Deus
616 3269 918 3324 sacerdotis
944 3283 1143 3323 cruore
1175 3268 1438 3339 pollutam
1473 3266 1738 3338 negliget.

373 3362 522 3431 βῖης
556 3362 873 3431 κράτιστος
910 3362 980 3415 ἐν
1004 3362 1207 3430 λόγοις
1239 3362 1335 3415 καὶ
1370 3358 1731 3431 πράγμασιν,
1901 3339 1945 3401 c

371 3426 446 3504 ’ῼ
474 3426 663 3499 ardia,
702 3426 1009 3493 Θαλέλαιε,
1037 3426 1273 3485 παιδεία
1309 3426 1535 3500 apiier
1565 3430 1582 3483 ί
1588 3430 1664 3499 8).

1546 3584 1729 3641 DlON.
1778 3580 2053 3638 PETAVII
2085 3578 2319 3636 NUTA.

2177 3352 2427 3408 Sermone
2456 3362 2673 3421 privates
2698 3350 2852 3406 rebus
2879 3361 2929 3406 et
2959 3362 3118 3422 gestis
3146 3357 3355 3419 praem

2189 3424 2356 3488 Quem
2386 3432 2596 3490 cuncta,
2620 3422 2903 3488 Thalelcee,
2927 3422 3172 3491 doctrina
3205 3422 3441 3477 addecet.

370 3705 447 3776 (7)
484 3704 549 3757 '0
570 3703 1148 3776 πεπαροιμιᾳσμένος
1175 3698 1335 3776 βίος.
1367 3694 1747 3776 Qommodeex
1772 3708 1867 3746 ve-

298 3768 403 3830 teri
428 3768 741 3843 germanam
773 3768 1059 3827 lectionem
1082 3771 1351 3843 eruimus.
1381 3768 1555 3820 Antea
1589 3768 1735 3820 enim
1765 3780 1867 3815 πε-

296 3840 777 3917 παρρησιασμένος
804 3856 1086 3913 perperam
1118 3840 1419 3911 legebatur.

2040 3689 2121 3757 (8)
2148 3690 2293 3756 Ειης
2314 3688 2648 3757 κράτιστος.
2683 3687 2827 3745 Duos
2861 3690 2983 3745 illos
3021 3703 3144 3745 esse
3177 3688 3423 3744 senarios
3447 3690 3543 3746 de-

1973 3760 2383 3885 prehendimus,
2413 3769 2470 3839 et
2497 3760 2718 3815 aliunde
2751 3761 2856 3815 huc
2884 3761 3149 3827 intrusos,
3180 3758 3448 3830 planeque
3473 3762 3545 3818 ab

2011 3845 2075 3885 ac
2103 3828 2373 3885 Catastasi
2403 3831 2631 3885 alienos.

2011 3845 2075 3885 ac
2103 3828 2373 3885 Catastasi
2403 3830 2631 3885 alienos.

315 4042 3531 4088 Μ

644 4234 1373 4354 ΣΥΝΕΣΙΟΥ
1445 4231 2375 4350 ἔΕΠΙΣΚΟΠΟΥ
2473 4232 3190 4399 ΚΥῬΗΝΗΣ

1559 4456 2269 4548 ΚΑΤΑΣΤΑΣΙΣ.

1258 4812 1833 4930 SYNESII
1908 4812 2588 4936 CYBENKEI

1416 5050 2234 5148 CONSTITUTIO
2284 5047 2401 5145 (α).

348 5389 500 5451 οοῦτε
527 5390 844 5463 φιλοσοφίαν
866 5388 1212 5447 ἀπολίτευτον
1236 5391 1617 5465 προελόμενος,
1649 5393 1741 5449 καὶ
1760 5396 1861 5469 τῆς

290 5484 481 5555 φιλανθ
489 5484 805 5557 ρωποτάτης
829 5483 1126 5556 θρησκείας
1146 5484 1443 5557 ἐναγούσης
1463 5488 1542 5550 είς
1559 5481 1693 5559 ἦθος
1714 5489 1859 5559 φιλό-

290 5591 487 5632 κοινον·
514 5577 801 5649 ὑπήκουσά
826 5592 880 5630 τε
896 5574 1226 5648 καλούμενος
1245 5577 1334 5647 ὑφ’
1363 5578 1538 5648 ὑμῶν,
1568 5580 1662 5634 καὶ
1680 5582 1856 5653 χαίρω

2034 5399 2214 5473 305.
2254 5399 2390 5457 Cum
2439 5403 2681 5460 studium
2728 5403 3008 5472 sapientiae
3060 5419 3173 5467 non
3214 5405 3446 5462 alienum
3490 5422 3523 5464 a

1964 5491 2112 5546 civili
2157 5494 2574 5552 conversatione
2608 5495 2894 5565 elegerim,
2954 5505 3009 5553 et
3046 5497 3229 5555 cultus
3278 5500 3522 5554 omnium

1962 5583 2399 5645 humanissimus
2429 5587 2620 5645 invitet
2665 5595 2829 5659 atque
2857 5589 3079 5648 inducat
3109 5590 3178 5647 ad
3207 5606 3389 5648 mores
3433 5605 3522 5647 so-

360 5755 442 5831 (α)
472 5756 599 5815 Sive
630 5756 870 5827 Elogium
912 5755 1117 5827 Anysii.
1159 5754 1288 5814 Fed.
1350 5754 1574 5819 Morello
1638 5758 1957 5831 interprete.
