3906 6236
420 318 561 388 ιἐῖδ

1543 321 1816 381 SYNES“
1852 321 2307 378 PTOLEMAIDIS
2351 323 2657 379 EPISCOPI

3518 322 3669 379 1576

419 448 634 507 cictatis
664 455 930 514 amantes,
974 446 1230 504 obaudivi
1263 456 1488 503 vocatus
1533 461 1562 499 a
1588 444 1761 510 vobis,
1785 455 1971 515 ctgau.

2094 444 2277 514 μαθὼν
2308 446 2392 514 ἐφ’
2420 439 2500 509 οἷς
2521 447 2575 500 αἱ
2595 444 2777 507 πόλεις
2807 442 3330 515 συνδεδραμήκατον.
3366 443 3668 515 [lpoprm

417 541 523 597 deo
558 539 705 610 quod
736 540 1020 595 didicerim
1046 554 1154 609 qua
1191 539 1259 592 de
1288 552 1451 594 causa
1493 537 1655 591 urbes
1682 551 1982 590 concurre—

420 634 535 688 rint
571 634 712 686 inter
746 647 826 686 se.
861 629 996 684 Nam
1042 645 1221 699 opera:
1264 629 1494 699 pretium
1544 628 1694 697 ipsas
1739 626 1982 681 facturas

419 724 652 796 opinor,
698 723 744 777 si
785 731 838 776 et
887 736 1033 775 nunc
1076 729 1130 776 et
1169 720 1224 775 in
1268 731 1543 789 posterum
1587 734 1715 789 erga
1757 733 1853 773 eos
1888 718 1981 787 qui

420 816 564 870 ultro
606 812 861 868 beneﬁcia
900 812 955 866 in
993 812 1140 881 ipsas
1170 811 1537 872 contulerunt,
1586 821 1751 879 grata:
1789 814 1844 865 et
1874 808 1982 862 sint

418 918 471 961 et
505 905 814 960 videantur.
850 904 1218 969 Quamobrem
1251 918 1571 957 communes
1606 902 1789 972 populi
1819 916 1980 956 voces

419 998 781 1067 suscepimus,
813 1005 867 1050 et
906 996 949 1049 si
986 996 1255 1065 quispiam
1292 995 1543 1065 privatim
1577 1010 1856 1049 sermones
1885 994 1981 1046 ha-

420 1090 553 1153 buit,
595 1105 784 1143 omnes
822 1090 1007 1158 utique
1046 1088 1298 1153 laudibus
1326 1089 1514 1142 extuli.
1564 1088 1854 1141 Enimvero
1884 1101 1982 1157 par

415 1190 499 1235 est
526 1196 612 1233 me
647 1195 769 1234 esse
808 1197 873 1234 ex
912 1196 1099 1235 eorum
1130 1196 1357 1235 numero
1388 1181 1477 1250 qui
1510 1179 1643 1235 bene
1672 1180 1833 1234 dictis
1862 1196 1982 1234 cer-

417 1280 551 1325 tant.
593 1269 733 1336 Quin
764 1272 926 1326 etiam
973 1270 1084 1325 haec
1116 1269 1183 1325 ad
1221 1287 1307 1326 me
1348 1270 1519 1340 magis
1547 1286 1709 1340 quam
1740 1269 1807 1324 ad
1845 1270 1980 1324 alios

416 1364 666 1423 attinent,
693 1379 813 1432 qua?
842 1364 1153 1416 communia
1190 1371 1317 1417 sunt
1344 1382 1355 1417 :
1388 1373 1440 1416 et
1474 1362 1704 1431 gratiam
1739 1378 1835 1431 pro
1867 1363 1980 1416 sin—

414 1454 577 1525 gulis,
615 1470 711 1523 pro
746 1455 860 1508 cive
887 1463 940 1508 et
974 1454 1212 1517 civitate,
1250 1454 1364 1523 ipse
1393 1469 1511 1507 meo
1542 1452 1760 1506 nomine
1785 1450 1980 1506 debere

418 1549 486 1602 iis
518 1547 609 1617 qui
648 1547 876 1616 benigne
907 1547 1155 1608 fecerint,
1206 1546 1483 1601 existimo.
1522 1546 1723 1610 Quidni
1753 1545 1895 1598 enim
1931 1546 1978 1600 is

416 1655 580 1708 quem
615 1653 713 1707 pro
736 1637 1117 1691 communibus
1152 1636 1311 1691 bonis
1338 1650 1526 1705 preces
1558 1634 1784 1690 fundere
1817 1649 1979 1705 opor-

417 1741 513 1797 tet,
546 1732 619 1785 illi
652 1731 881 1801 gratiam
915 1729 1133 1794 debeat,
1161 1730 1250 1799 qui
1286 1729 1404 1799 ipsa
1427 1739 1538 1783 tum
1570 1728 1834 1791 exercitu,
1863 1736 1975 1782 tum

416 1825 521 1877 alia
558 1838 685 1877 cura
736 1837 800 1875 ac
846 1820 1215 1878 sollicitudine
1262 1820 1517 1877 auxerit?
1549 1819 1652 1887 Qui
1698 1835 1828 1875 vero
1866 1836 1977 1876 non

418 1915 618 1983 quovis
651 1914 857 1967 honore
905 1912 1171 1967 allicerem
1221 1928 1344 1968 eum
1378 1913 1466 1966 cui
1512 1923 1571 1966 ut
1599 1914 1712 1966 voti
1752 1927 1977 1983 compos

418 2005 584 2060 forem
617 2005 907 2060 sudoribus
935 2004 1197 2074 perfecit?
1237 2004 1496 2075 Equidem
1527 2019 1556 2058 a
1587 2002 1696 2059 Deo
1740 2005 1870 2074 petii
1920 2014 1979 2060 ut

417 2096 557 2150 male
594 2095 833 2165 perirent
861 2096 985 2148 mali
1014 2103 1069 2149 et
1108 2095 1431 2151 cxsecraudi
1464 2095 1704 2149 barbari.
1733 2090 1845 2150 Hoc
1878 2113 1977 2151 auo

416 2194 523 2242 tem
561 2187 748 2257 Anysii
792 2202 987 2242 manus
1018 2186 1108 2242 Dei
1157 2188 1354 2242 virtute
1398 2188 1759 2258 perfecerunt.
1790 2190 1867 2245 Ex
1908 2191 1976 2247 iis

413 2286 563 2333 certe
594 2278 894 2348 equitibus,
930 2280 1021 2348 qui
1047 2294 1212 2349 supra
1251 2279 1400 2334 mille
1442 2296 1614 2351 nuper
1654 2282 1975 2352 impressio-

413 2386 535 2426 nem
574 2371 835 2436 lecerant,
890 2388 958 2428 ne
1000 2374 1249 2443 quintam
1297 2373 1514 2443 quidem
1565 2375 1809 2430 relictam
1854 2391 1977 2433 esse

413 2470 619 2534 partem
668 2466 818 2518 aiunt
860 2471 967 2517 tam
1008 2465 1083 2519 illi
1126 2466 1226 2535 ipsi
1264 2466 1357 2535 qui
1401 2465 1688 2522 inferiores
1732 2466 1971 2533 fuerunt,

412 2568 575 2626 quam
601 2558 693 2626 qui
750 2565 1057 2627 prostratos
1095 2568 1574 2626 enumeraverunt,
1606 2568 1661 2612 et
1685 2560 1862 2614 adlmc
1885 2576 1974 2614 su-

413 2648 667 2718 perstites
720 2660 891 2703 sunt:
925 2650 1086 2718 idque
1129 2652 1337 2721 peregit
1386 2666 1493 2704 non
1550 2652 1760 2721 magnis
1800 2653 1975 2722 copiis

411 2739 697 2810 praefectus
745 2747 908 2808 atque
957 2741 1307 2795 instructus:
1362 2742 1561 2811 quippe
1609 2742 1972 2812 quadraginta

411 2838 621 2885 tantum
653 2830 753 2883 viri
788 2847 911 2886 cum
954 2833 1073 2902 ipso
1104 2832 1321 2886 stabant
1355 2834 1408 2886 in
1444 2833 1582 2888 acie.
1607 2834 1771 2904 Atqui
1806 2835 1873 2889 de
1905 2836 1973 2892 iis

410 2921 653 2992 profecto
684 2922 809 2975 mali
857 2923 990 2976 nihil
1024 2922 1199 2978 dicam
1236 2935 1345 2977 tam
1380 2925 1655 2994 equitibus
1680 2942 1842 2996 quam
1877 2942 1972 2996 pe-

408 3007 635 3075 ditibus,
664 3010 860 3079 quibus
890 3013 1221 3067 l‘rumentum
1248 3014 1461 3068 damus.
1504 3013 1697 3069 Verum
1745 3016 1831 3070 hic
1868 3034 1966 3085 pu-

2084 534 2192 605 γὰρ
2224 536 2412 598 αὐταῖς
2450 537 2629 605 οἴομαι
2668 537 2763 589 καὶ
2806 535 2902 588 νῦν
2941 537 3032 588 καὶ
3075 536 3385 607 ἐσύστερον.
3430 537 3493 599 ἐς
3532 538 3665 599 τοὺς

2085 626 2428 697 ὑπάρξαντας
2456 629 2629 700 ἔργων
2655 628 2875 696 ἀγαθῶν
2894 628 3246 698 εὐχαρίστους
3271 629 3366 680 καὶ
3395 624 3541 681 εἶναι
3570 629 3666 681 καὶ

2084 719 2389 787 φαίνεσθαι.
2423 722 2531 785 Τάς
2562 739 2621 773 τε
2652 718 2743 774 οῦν
2778 721 2957 783 κοινὰς
2986 712 3327 790 ὑπεδεξᾶμην
3356 719 3450 773 τοῦ
3483 720 3546 790 δή
3556 738 3664 790 μου

2084 810 2298 879 φωνὰς,
2354 811 2447 863 καὶ
2476 813 2622 874 ὅστις
2679 812 2781 884 ἰδία
2810 812 2964 879 λόγον
2994 811 3215 875 διέθετο,
3257 815 3469 876 πάντας
3520 812 3662 881 ὁμοῦ

2081 904 2193 965 τοῖς
2227 902 2464 966 ἐπαίνοις
2499 903 2755 974 ἐπῄνεσα.
2799 904 2962 956 Ἀλλά
2993 904 3134 973 κάμὲ
3163 905 3244 957 δεῖ
3265 904 3521 972 γενέσθαι
3551 903 3663 957 τῶν

2082 993 2465 1061 εύλογούντων,
2514 996 2678 1066 κάμοὶ
2725 997 2988 1066 προσήκει
3052 995 3250 1065 μᾶλλον
3286 995 3512 1065 ἐτέρων,
3564 996 3663 1048 καὶ

2081 1085 2150 1137 τὰ
2176 1086 2348 1149 κοινὰ,
2397 1089 2488 1139 καὶ
2517 1088 2616 1159 τὴν
2657 1090 2792 1159 ὑπὲρ
2826 1088 3053 1141 ἑκάστου
3083 1089 3261 1157 χάριν,
3297 1087 3390 1140 καὶ
3423 1087 3659 1150 ἰδιώτου,

2082 1179 2174 1229 καὶ
2192 1178 2393 1241 πόλεως
2412 1180 2573 1242 αύτὺς
2599 1180 2829 1248 ὀφείλειν
2850 1184 2959 1245 τοῖς
2977 1178 3035 1234 εὖ
3057 1200 3107 1234 τι
3139 1182 3262 1251 τῃιή
3272 1199 3429 1234 σασιν
3450 1182 3657 1250 οἴομαι.

2088 1268 2181 1320 Ὃν
2207 1269 2312 1339 γὰρ
2347 1269 2483 1339 ὑπὲρ
2509 1270 2616 1324 τῶν
2647 1271 2838 1323 κοινῶν
2863 1272 3081 1340 ἀγαθῶν
3113 1271 3373 1334 εὔξασθαι
3400 1272 3509 1335 δεῖ,
3542 1274 3661 1334 πῶς

2079 1359 2179 1413 ούκ
2224 1361 2446 1431 ὀφλήσει
2496 1364 2651 1433 χάριν
2698 1363 2775 1433 τῷ
2820 1365 2906 1418 διὰ
2935 1366 3220 1434 στρατείας
3260 1364 3403 1417 αὐτὰ
3429 1366 3661 1434 καὶτῆς

2079 1452 2244 1523 ἄλλης
2279 1456 2591 1523 ἐπιμελείας
2638 1456 2963 1526 αύξὴσαντις
3016 1458 3135 1520 Πῶς
3173 1457 3228 1509 δὲ
3257 1458 3318 1509 ού
3353 1457 3445 1510 διὰ
3480 1458 3662 1526 πάσης

2079 1544 2211 1597 οἴσω
2230 1547 2393 1616 τιμῆς
2421 1546 2529 1609 τὸν,
2554 1547 2638 1599 ἵνα
2662 1548 2806 1618 τύχω
2822 1548 2922 1617 τῆς
2943 1549 3123 1619 εὐχῆς,
3149 1549 3333 1618 ἱδρῶτι
3356 1548 3663 1616 διαπραξα-

2083 1652 2274 1705 μενον;
2301 1637 2518 1700 Κακοὺς
2535 1638 2719 1701 κακῶς
2744 1638 3140 1693 ἀπολωλεκέναι
3170 1641 3291 1702 τοῦς
3313 1640 3663 1710 καταρατοκ

2083 1726 2407 1798 βαρϐάρους,
2442 1729 2552 1797 ἐγὼ
2582 1730 2680 1799 μὲν
2712 1730 2889 1801 ᾔτησα
2912 1731 3003 1783 τὸν
3028 1730 3180 1786 Θεόν.
3209 1732 3272 1783 Δί
3309 1732 3367 1783 δὲ
3408 1732 3663 1784 Ἀνυσίου

2080 1820 2258 1890 χεῖρες
2297 1818 2437 1871 κατὰ
2468 1818 2598 1871 Θεὸν
2646 1818 3045 1890 ἐξειργάσαντο.
3091 1818 3211 1871 Τῶν
3242 1820 3303 1887 γέ
3332 1837 3417 1872 τοι
3469 1820 3663 1890 πρώην

2077 1908 2504 1981 εἰσϐεϐληκότων
2571 1911 2812 1971 ἱππέων,
2876 1911 3014 1983 ὑπὲρ
3073 1912 3275 1981 χιλίους
3331 1912 3511 1964 ὄντων
3572 1913 3663 1964 τὸν

2075 1996 2325 2074 ἀριθμὸν,
2372 2002 2493 2055 οὐδὲ
2539 2004 2929 2074 πεμπτημόρια
2956 2003 3219 2065 λείπεται,
3269 2004 3437 2071 φασιν
3472 2004 3526 2054 οἱ
3564 2020 3661 2055 πε⁸

2076 2094 2355 2161 πονθότες,
2403 2096 2557 2149 αὐτοὶ
2590 2088 2736 2149 οῦτοι
2764 2095 2895 2159 ζῶσι
2928 2097 3052 2157 τοὺς
3086 2095 3446 2157 πεπτωκότας
3482 2096 3662 2165 διαρι-

2076 2188 2401 2259 θμήσαντες.
2433 2188 2544 2241 Καὶ
2587 2187 2761 2240 ταῦτα
2794 2189 2855 2240 ού
2891 2186 3084 2240 πολλοῦ
3122 2187 3537 2258 στρατεύματος
3574 2187 3662 2249 ἑξ-

2072 2277 2373 2347 ηγουμένου
2425 2277 2746 2345 εἴργασταιο
2797 2277 2911 2330 ἀλλ’
2968 2277 3156 2347 ἄνδρες
3196 2276 3346 2346 αύτῷ
3394 2293 3658 2347 συμπαρ-

2078 2368 2362 2421 ετάττοντο
2379 2367 2806 2436 τεσσαράκοντα.
2824 2366 2994 2433 Κάγὼ
3018 2366 3115 2435 μὲν
3138 2365 3286 2417 οὐδὲν
3322 2364 3434 2434 ἐρῶ
3454 2362 3658 2431 φαῦλον

2073 2455 2154 2523 οἷς
2178 2460 2486 2531 σιτοδοῦμεν
2519 2460 2728 2513 ἱππέων
2759 2476 2819 2511 τε
2848 2460 2941 2512 καὶ
2978 2457 3176 2523 πεζῶν,
3206 2458 3403 2510 Οὑτοσὶ
3432 2457 3492 2509 δὲ
3518 2456 3656 2509 Οὕν-

2075 2552 2351 2622 νιγάρδαις
2377 2551 2485 2604 δεῖν
2522 2551 2692 2604 οἴεται
2724 2550 2857 2620 πρὸς
2888 2550 3099 2603 ἅπαντα
3127 2549 3363 2620 χρῆσθαι
3384 2565 3401 2579 ο
3438 2550 3569 2607 τοὺς
3596 2548 3654 2599 δὲ

2073 2643 2297 2705 πολλοὺς
2337 2642 2577 2705 τούτους,
2605 2642 2724 2695 οὐδὲ
2766 2641 2873 2694 τῶν
2907 2642 3201 2712 ἀλλοτρίων
3233 2641 3409 2711 ἔργων
3439 2639 3652 2709 ἐπηγὰ-

2073 2751 2199 2802 γετο
2237 2736 2449 2798 θεατάς.
2484 2728 2640 2787 Οῦτοι
2682 2732 2948 2804 χωροῦσιν
2987 2732 3150 2785 αὑτοῦ
3188 2732 3351 2801 μόνου
3380 2730 3450 2783 τὰ
3484 2745 3651 2798 στραο

2071 2828 2381 2898 τηγήματα.
2428 2825 2643 2878 Τούτων
2691 2827 2807 2878 ἐστὶ
2844 2825 3059 2896 λοχίτης
3084 2826 3178 2878 καὶ
3220 2824 3485 2893 λοχαγόςο
3520 2822 3643 2875 τού-

2071 2937 2179 2972 των
2208 2920 2324 2971 ἐστὶ
2352 2918 2753 2990 συστρατιώτης
2784 2919 2877 2971 καὶ
2908 2918 3236 2989 στρατηγός·
3275 2916 3411 2985 μετὰ
3434 2916 3648 2968 τούτων

2071 3011 2250 3081 τρέχει
2302 3010 2390 3063 διὰ
2431 3010 2527 3079 τῆς
2581 3009 2762 3081 χώρας
2816 3008 3013 3080 δρόμον
3066 3007 3304 3061 ἔνοπλον.
3352 3008 3504 3077 Ταχὺ
3545 3006 3649 3077 μὲν

410 3107 489 3153 tat
522 3098 959 3170 Unuigardarum
994 3118 1156 3173 opera
1206 3103 1270 3157 ad
1302 3104 1482 3157 omnia
1515 3120 1639 3159 esse
1677 3106 1964 3165 utendum:

2072 3100 2384 3173 ἁπανταχοῦ
2413 3103 2655 3170 γίνεταιο
2688 3102 2813 3171 νικᾷ
2844 3101 2900 3153 δὲ
2927 3100 3059 3153 ὅπου
3094 3102 3188 3153 καὶ
3220 3100 3443 3167 γένοιτο.
3480 3096 3645 3153 Οὗτοι

409 3190 546 3246 istos
575 3207 724 3258 vero,
777 3209 1010 3262 quorum
1054 3193 1230 3263 major
1266 3204 1350 3248 est
1390 3209 1670 3257 numerus,
1724 3211 1792 3250 ue
1839 3198 1971 3252 alie-

409 3298 603 3339 norum
632 3283 852 3354 quidem
883 3300 1105 3354 Operum
1137 3294 1471 3354 spectatores
1503 3285 1738 3341 induxit.
1802 3286 1972 3342 Unni-

410 3374 593 3446 gardat
626 3374 800 3446 ipsius
830 3376 1002 3432 solius
1041 3375 1203 3446 306
1236 3376 1428 3431 bellica
1472 3384 1593 3432 acta
1645 3386 1700 3432 et
1739 3380 1971 3433 consilia

411 3467 653 3537 capiunt.
701 3468 899 3522 Eorum
935 3476 1019 3523 est
1054 3468 1447 3539 manipularius
1487 3477 1541 3525 et
1585 3469 1828 3526 cohortis
1873 3469 1973 3524 du-

408 3566 570 3613 ctor:
610 3559 923 3614 earumdem
954 3559 1256 3614 commilito
1285 3568 1338 3615 et
1370 3560 1663 3631 imperator
1690 3580 1704 3617 :
1738 3576 1861 3616 cum
1888 3562 1972 3617 his

409 3651 649 3707 excurrit
693 3667 788 3723 per
827 3667 1104 3722 campum,
1153 3667 1319 3708 cursu
1363 3653 1416 3707 in
1472 3655 1641 3710 armis
1698 3653 1968 3710 confecto.

408 3744 668 3800 Celeriter
709 3745 913 3815 ubique
950 3746 1192 3800 locorum
1226 3756 1309 3800 est
1340 3764 1353 3800 :
1401 3746 1570 3801 vincit
1619 3756 1971 3816 autem‘quo-

409 3852 623 3907 cunque
661 3836 917 3891 adfuerit.
975 3837 1130 3903 Quod
1183 3838 1227 3893 si
1264 3838 1316 3891 hi
1365 3838 1552 3903 plures
1583 3847 1787 3899 essent,
1838 3848 1968 3906 puta

409 3938 604 4000 przeter
640 3945 734 3984 eos
768 3945 906 4000 quos
939 3932 1219 3995 habemus,
1251 3931 1495 3994 ducenti,
1533 3929 1626 3985 Dei
1664 3930 1835 3985 frctus
1866 3945 1969 4000 Ope

410 4018 583 4073 audeo
612 4030 925 4074 asseverare
952 4018 1096 4073 hunc
1132 4018 1435 4073 animosum
1462 4020 1717 4087 juvenem
1749 4020 1802 4074 in
1845 4020 1970 4075 bar-

408 4113 665 4169 barorum
703 4121 901 4167 terram
938 4111 1138 4166 bellum
1190 4112 1569 4181 trajecturum.
1615 4110 1793 4177 Quare
1822 4115 1969 4185 Any-

408 4205 492 4260 sio
522 4204 646 4259 duci
683 4203 949 4259 ducentos
992 4202 1333 4274 Unnigardas
1377 4218 1688 4273 poscemus,
1723 4204 1769 4258 si
1817 4206 1967 4275 cogi-

410 4300 586 4348 temus
612 4299 667 4346 et
693 4290 923 4361 velimus
964 4291 1401 4361 consanguineos
1433 4306 1462 4345 a
1496 4293 1849 4346 barbarorum
1880 4308 1967 4347 re-

412 4384 571 4453 gione
610 4398 894 4439 revocare.
937 4382 1154 4438 Utinam
1191 4398 1403 4454 possem
1441 4383 1623 4438 videre
1667 4385 1963 4454 spoliorum

411 4492 660 4531 acervum
708 4487 762 4532 et
807 4478 1041 4547 praedam
1087 4478 1479 4545 mancipiorum
1529 4476 1962 4539 barbaricorum,

407 4574 568 4636 atque
596 4582 717 4621 eum
748 4567 839 4636 qui
868 4581 1041 4637 nuper
1082 4566 1338 4620 dominus
1368 4575 1505 4628 erat,
1547 4565 1788 4619 vicissim
1843 4565 1965 4619 aliis

407 4657 772 4713 servientem!
813 4656 935 4711 llazc
959 4656 1159 4712 nudius
1188 4656 1404 4727 quidem
1442 4656 1636 4710 tertius
1671 4665 1857 4725 optare
1889 4656 1967 4709 fa-

405 4747 509 4802 cile
532 4753 647 4801 erat
678 4763 692 4800 :
724 4746 870 4800 nunc
889 4761 1019 4801 vero
1043 4747 1204 4800 etiam
1235 4761 1456 4817 sperare
1473 4746 1658 4800 eadem
1692 4747 1962 4817 integrum

404 4847 509 4895 est.
551 4836 683 4891 Nam
715 4852 834 4907 qua:
862 4838 1037 4892 oculis
1059 4838 1300 4907 subjecta
1338 4837 1494 4892 ﬁdem
1522 4836 1960 4903 faciunt,eorum

403 4945 524 5000 qua:
551 4935 934 4993 exspectantur
972 4928 1194 4996 pignora
1234 4928 1374 4982 facta
1402 4937 1563 4995 sunt;
1593 4938 1962 4983 verumtamen

404 5019 472 5073 ad
488 5018 601 5073 haec
623 5019 914 5072 obtinenda
946 5018 1151 5089 Auysio
1172 5019 1525 5073 ducentorum
1555 5018 1962 5090 praafectoopus

402 5118 505 5166 est.
539 5109 637 5165 llic
664 5108 993 5181 Uunigardis
1022 5110 1206 5163 utendi
1240 5120 1293 5164 et
1324 5110 1558 5165 indolem
1594 5112 1757 5166 habet
1784 5120 1837 5165 et
1872 5128 1961 5165 ar-

404 5209 512 5255 tem
545 5218 559 5254 :
600 5207 653 5253 et
687 5200 828 5253 idem
871 5206 1049 5269 potest
1097 5199 1242 5252 viros
1278 5214 1581 5265 exarmare,
1623 5208 1959 5263 excastrare,

405 5301 554 5347 etsut
604 5292 755 5347 lubet
802 5305 1006 5362 regere.
1046 5291 1366 5362 Unnigardae
1404 5306 1526 5345 cum
1581 5293 1803 5363 Anysio,
1854 5292 1962 5349 Ro-

407 5397 581 5437 mana:
613 5390 739 5436 sunt
770 5394 985 5445 manus,
1020 5380 1260 5436 Romana
1288 5382 1504 5437 militia.
1535 5382 1653 5437 Jam
1687 5385 1805 5440 sine
1834 5385 1958 5447 isto,

405 5476 784 5547 quadragenos
811 5477 973 5532 etiam
1004 5487 1295 5547 prementes
1332 5476 1554 5532 laudare
1580 5476 1798 5547 quidem
1834 5494 1961 5547 pos-

406 5583 526 5622 sum
563 5568 634 5623 ob
671 5568 835 5623 robur
867 5586 880 5622 :
922 5569 1015 5624 sed
1050 5584 1148 5638 pro
1195 5570 1434 5639 ipsorum
1464 5570 1647 5623 animo
1693 5572 1961 5639 spondere

402 5659 587 5712 nolim.
628 5657 841 5714 Relatio
893 5660 1187 5715 adornetur
1216 5678 1334 5730 qua:
1385 5662 1451 5717 de
1484 5662 1689 5733 Anysio
1722 5670 1858 5726 oret,
1905 5669 1958 5715 et

402 5748 605 5806 milites
631 5759 684 5808 et
707 5754 918 5822 tempus
950 5760 1141 5822 poscat
1174 5760 1398 5809 strenuo
1441 5752 1573 5809 huic
1600 5752 1739 5810 viro.
1791 5753 1952 5829 At_in

2074 3195 2288 3257 πλείους
2319 3196 2366 3247 εἰ
2391 3195 2649 3262 γένοιντο,
2685 3192 2821 3263 πρὸς
2849 3187 2931 3255 οἷς
2969 3193 3164 3261 ἔχομεν
3192 3192 3462 3255 διακόσιοι,
3491 3192 3639 3260 μετά

2072 3287 2167 3340 τοῦ
2186 3286 2323 3340 Θεοῦ
2341 3285 2555 3358 θαρρῶν
2574 3286 2963 3355 ἀποφαίνομαι,
2987 3286 3196 3338 τουτονὶ
3212 3286 3304 3337 τὸν
3323 3285 3530 3339 νεανίαν
3552 3287 3635 3347 εἰς

2071 3380 2169 3451 τὴν
2196 3379 2416 3433 ἐκείνων
2437 3379 2771 3433 διαϐιϐάσειν
2794 3378 2886 3431 τὸν
2909 3379 3163 3449 πόλεμον.
3205 3380 3433 3449 Ἀνυσίῳ
3470 3396 3641 3450 στρα-

2072 3471 2224 3541 τηγῴ
2249 3471 2553 3533 διακοσίους
2572 3471 2939 3541 Οῦννιγάρδας
2969 3472 3266 3541 αἰτήσομεν
3301 3474 3351 3523 εἰ
3377 3472 3645 3542 μέλλομεν

2072 3562 2358 3629 ἐπανάξειν
2377 3563 2485 3617 ἀπὸ
2502 3563 2600 3633 τῆς
2624 3562 2897 3634 βαρϐάρου
2920 3565 3041 3624 τοὺς
3076 3566 3379 3631 συγγενεῖς.
3410 3563 3542 3616 Εἴθε
3564 3582 3647 3631 γε·

2072 3655 2263 3726 νοίμην
2284 3653 2537 3725 λαφύρων
2560 3655 2687 3708 ἰδεῖν
2714 3654 2901 3726 νομὴν,
2926 3655 3271 3726 ἀνδραπόδων
3292 3654 3647 3725 βαρϐαρικῶν

2071 3745 2161 3797 τὸν
2204 3744 2339 3806 τέως
2390 3744 2653 3814 δεσπότην
2696 3743 3127 3797 ἀντιδουλεύοντα
3167 3742 3398 3795 ῐΤαῦτσ.
3450 3744 3647 3815 πρώην

2074 3837 2170 3906 μὲν
2210 3835 2466 3900 εὔξασθαι
2499 3837 2627 3906 ῥᾷον
2663 3831 2762 3906 ἦν’
2795 3835 2889 3887 νῦν
2931 3835 2987 3887 δὲ
3022 3834 3168 3887 ἐστιν
3199 3834 3335 3888 αὐτὰ
3370 3836 3466 3888 καὶ
3496 3835 3643 3887 ἐλπί-

2071 3946 2181 3982 σαι.
2208 3929 2288 3983 Τὰ
2313 3928 2419 4000 γὰρ
2441 3930 2498 3982 ὲν
2524 3928 2817 3998 ὀφθαλμοῖς
2839 3929 3023 3991 πιστὰ,
3045 3929 3151 3981 τῶν
3177 3927 3644 3997 προσδοκωμένων

2069 4020 2302 4091 ἐνέχυρα
2351 4020 2563 4089 γέγονε.
2596 4020 2738 4091 Πρὸς
2781 4015 2874 4074 οῦν
2921 4020 3093 4073 ταῦτα
3134 4019 3379 4073 Ἀνυσίου
3422 4020 3507 4072 δεῖ
3539 4021 3644 4075 τῶν

2067 4111 2352 4165 διακοσίων
2377 4112 2702 4182 ἡγουμένου.
2732 4105 2900 4175 Οὗτος
2928 4111 3314 4181 Ούννιγάρδαις
3336 4112 3644 4182 κεχρῆσθαι

2068 4206 2162 4258 καὶ
2214 4204 2374 4273 φύσιν
2421 4204 2661 4275 ἔχεικαὶ
2710 4205 2924 4276 τέχνην.
2978 4205 3211 4259 Δύναται
3264 4208 3388 4269 τοὺς
3441 4208 3646 4278 ἄνδρας

2067 4293 2441 4361 ἐξοπλίζεσθαι
2464 4295 2559 4347 καὶ
2590 4294 3078 4367 μεταχειρίζεσθαι.
3107 4296 3465 4367 Οὑννιγάρδαι
3500 4300 3643 4366 μετὰ

2082 4385 2322 4440 ’Λνυσίου
2362 4384 2666 4455 Ῥωμαϊκαὶ
2719 4387 2899 4456 χεῖρές
2948 4388 3106 4439 εἰσιν.
3160 4390 3317 4441 ’Δνευ
3360 4389 3417 4441 δὲ
3444 4392 3641 4445 τούτου

2069 4475 2313 4539 καὶτοὺς
2357 4476 2765 4546 τεσσαράκοντα
2793 4478 2917 4539 τοὺς
2967 4477 3234 4548 παρόντας
3266 4482 3511 4533 ἐπαινεῖν
3542 4483 3643 4551 μὲν

2067 4564 2175 4636 ἔχω
2198 4567 2296 4636 τῆς
2327 4565 2535 4636 ῥώμης,
2564 4566 2935 4636 ἐγγυήσασθαι
2963 4566 3019 4619 δὲ
3043 4567 3142 4636 τῆς
3174 4568 3400 4637 γνώμης
3425 4570 3488 4621 ού
3515 4570 3643 4638 βού-

2065 4657 2247 4727 λομαι.
2332 4656 2605 4729 Ἀναφορὰ
2674 4658 2970 4711 στελλέσθω
3050 4661 3177 4729 περὶ
3238 4659 3427 4712 τούτου
3507 4678 3643 4731 πρε-

2068 4748 2365 4813 σϐεύουσα,
2404 4748 2738 4819 στρατιώτας
2770 4749 2865 4803 καὶ
2912 4751 3098 4820 χρόνον
3148 4751 3374 4804 αἰτοῦσα
3403 4752 3482 4822 τῷ
3510 4769 3639 4821 γεν-

2066 4840 2219 4910 ναίῳ.
2263 4840 2373 4893 Καὶ
2430 4840 2575 4894 τᾶλλ’
2625 4841 2807 4904 ὁποῖος
2859 4841 3032 4912 ἀνήρ;
3083 4842 3173 4895 τὸν
3202 4844 3292 4895 ἐπὶ
3322 4845 3549 4914 εἰρήνης
3577 4845 3637 4897 δὲ

2063 4933 2319 5002 πόλεμον,
2363 4933 2454 4986 τὸν
2490 4931 2684 5002 μικροῦ
2729 4931 2819 4986 τοῦ
2872 4932 3203 5005 βαρϐαρικοῦ
3232 4934 3632 5008 χαλεπώτερον,

2061 5024 2154 5078 τὸν
2206 5025 2281 5077 ἐκν
2324 5023 2425 5096 τῆς
2485 5025 2880 5095 στρατιωτικῆς
2940 5026 3167 5091 ἀταξίας
3222 5030 3315 5080 καὶ
3364 5027 3461 5097 τῆς
3523 5030 3634 5083 τῶν

2061 5113 2369 5184 ταξιάρχων
2418 5111 2745 5180 πλεονεξίας,
2794 5114 2892 5184 οὐχ
2932 5107 3087 5178 οὗτος
3129 5117 3157 5169 ὀ
3201 5116 3415 5180 παύσας
3446 5118 3628 5183 ἐστίν;

2075 5205 2188 5273 Ἐφ’
2225 5200 2286 5257 οῦ
2320 5205 2479 5274 μὸνου
2529 5220 2592 5273 γε
2617 5205 2726 5257 τῶν
2777 5206 2984 5259 πολλῶν
3035 5209 3354 5278 στρατηγῶν
3416 5210 3631 5281 ἰδιώτης

2060 5296 2405 5367 ἠδικημένος,
2463 5296 2645 5366 μεῖζον
2685 5298 3017 5367 στρατιώτου
3054 5300 3371 5369 φθέγγεται.
3407 5302 3542 5354 Τίνα
3574 5305 3630 5355 δὲ

2062 5386 2236 5451 ἔξεστι
2287 5387 2471 5440 καλεῖν
2519 5387 2889 5459 ἀδωρότατονς
2924 5391 2999 5443 oo
3028 5391 3117 5443 τὸν
3149 5392 3500 5464 ὑπερορῶντα
3542 5398 3632 5448 καὶ

2058 5480 2165 5531 τῶν
2196 5480 2303 5534 ἀπὸ
2334 5479 2427 5532 τοῦ
2453 5482 2620 5551 νόμου
2666 5480 2904 5552 κερδῶν;
2941 5482 3001 5537 '0
3050 5482 3307 5553 θεοσεϐὴς
3337 5487 3394 5539 δὲ
3434 5489 3517 5550 τίς
3568 5490 3631 5541 iv

2058 5574 2266 5637 γένοιτο
2318 5570 2548 5641 μᾶλλον,
2667 5572 2811 5637 ὅστις
2845 5574 3081 5638 ἅπαντος
3132 5575 3296 5645 ἔργου
3332 5578 3424 5629 καὶ
3471 5579 3629 5645 λόγου

2059 5661 2545 5734 θεόθεν’ἄρχεται;
2593 5665 2709 5717 ἀνθ’
2756 5660 2830 5718 ῶν
2888 5667 3137 5719 ἁπάντων
3178 5668 3352 5731 ἔξεστι
3397 5669 3461 5739 δὴ
3496 5674 3628 5723 πᾶσι

2060 5753 2289 5811 κάνθάδε
2333 5755 2729 5827 προσεύξασθαι
2783 5756 2957 5827 γῆρας
2989 5757 3135 5828 αὐτῷ
3170 5759 3308 5830 βαθὺ
3337 5762 3433 5817 καὶ
3466 5762 3627 5817 λιπα-
