3906 6236
280 266 417 322 1577
1370 272 1461 327 DE
1495 272 1679 329 DONO
1708 272 1842 331 AS'I'

1946 275 2127 333 mnu
2165 278 2417 351 sumtu.
3066 288 3075 297 ’
3368 285 3507 340 tam

280 380 375 453 ρδν
420 381 786 473 παραμένειν,
832 382 943 446 τοῖς
981 382 1247 452 ἐνιαυτοῖς
1292 388 1701 460 συμπροῑούσης
1742 393 1841 463 τῆς

1946 393 2153 448 caeteris
2185 396 2400 465 qualem
2430 410 2490 451 se
2520 398 2790 467 praebuit?
2832 399 3041 456 Bellum
3076 402 3229 473 pacis
3266 409 3510 472 tempore

278 472 498 543 ἀρετῆς.
1949 496 2220 549 exortum,
2249 496 2304 542 et
2330 490 2435 543 hoc
2464 490 2754 548 barbarico
2786 494 2947 564 paulo
2995 496 3277 551 molestius
3312 513 3380 554 ex
3410 502 3512 553 mi-

280 572 439 626 litum
486 572 763 628 incondita
798 575 1249 639 tumultuatione,
1292 575 1543 641 deliciis,
1610 587 1777 647 atque
1833 583 2061 637 avaritia
2104 585 2504 658 insolentiaque
2557 591 2758 645 ducum
2807 594 3131 656 excitatum,
3193 610 3375 651 nonne
3420 597 3510 653 hic

278 670 365 717 est
407 663 501 731 qui
538 660 876 734 compescuit
919 675 973 721 et
1008 666 1321 736 oppressit?
1374 666 1490 722 Sub
1535 684 1646 740 quo
1684 672 1802 726 solo
1834 687 1864 727 e
1904 675 2091 731 multis
2135 676 2391 745 ducibus,
2444 680 2689 749 privatus
2737 682 2937 751 injuria
2982 684 3210 739 allectus
3281 684 3510 740 liberius

278 764 334 809 et
384 756 550 811 altius
602 758 828 821 clamat,
878 776 1044 830 quam
1082 760 1283 815 miles?
1330 761 1501 826 Quem
1556 778 1719 832 porro
1786 766 1914 821 licet
1951 768 2188 824 alienum
2227 785 2257 824 a
2292 774 2614 829 muneribus
2640 776 2999 846 accipiendis.
3042 786 3095 831 et
3124 777 3511 831 abhorrentem

279 846 444 906 dona,
469 849 699 902 vocare?
719 848 911 904 Nonne
941 866 1066 905 eum
1096 851 1187 918 qui
1218 851 1451 921 despicit
1492 855 1656 907 etiam
1703 855 1852 909 lucra
1889 873 2010 927 qua:
2036 862 2152 930 lege
2184 864 2519 919 olweniunt?
2544 865 2874 936 Religiosior
2903 883 3031 922 vero
3093 869 3347 938 quisnam
3415 882 3513 936 po-

278 940 389 995 titts
413 940 555 997 foret
586 959 750 1014 quam
806 946 853 1000 is
883 946 975 1016 qui
1010 947 1197 1001 omnia
1238 946 1380 1002 facta
1407 956 1463 1002 et
1493 949 1641 1003 dicta
1676 964 1706 1002 a
1758 949 1867 1006 Deo
1904 954 2162 1011 orditur?
2224 958 2329 1014 Pro
2378 960 2464 1015 his
2510 972 2658 1017 certe
2708 962 2965 1017 omnibus
3011 962 3092 1017 fas
3156 970 3239 1017 est
3284 967 3512 1016 cunctos

278 1032 578 1089 ειίθωηυω
601 1034 767 1091 Deum
787 1038 1021 1106 Ρτουπί,
1044 1048 1102 1093 ut
1131 1052 1388 1097 senectus
1420 1042 1598 1111 ipsum
1627 1052 1884 1112 prevecta
1922 1057 1975 1101 et
2019 1051 2211 1107 viridis
2240 1061 2478 1120 maneat,
2513 1055 2636 1123 eius
2663 1056 2864 1123 virtute
2932 1055 3095 1109 simul
3158 1070 3284 1109 cum
3352 1053 3512 1107 annis

278 1140 627 1197 progressum
650 1126 901 1186 faciente.

295 1333 3474 1392 mw

841 1509 1569 1628 ΣΥΝΕΣΙΟΥ
1657 1513 1959 1630 ΤΟΥ
2076 1518 2955 1636 ΚΥΡΗΝΑΙΟΥ

1638 1727 1815 1782 ΠΡΟΣ
1844 1728 2176 1784 ΠΔΙΟΝῙΟΝ

1161 1885 1355 1940 ΥΠΕΡ
1389 1887 1518 1940 ΤΟΥ
1542 1886 1784 1941 ΔΩΡΟΥ
1815 1889 2617 1945 ΑΣΤΡΟΛΑΒΙΟΥΛΟΓΟΣ.

1200 2213 1768 2332 SYNESII
1908 2216 2591 2332 CYBENIEI

1688 2453 1769 2496 AD
1809 2450 2101 2497 ΡΑΞΟΝΠΙΜ

1257 2596 1513 2659 SERMO
1556 2598 1653 2658 DE
1694 2599 1897 2660 nouo
1938 2598 2393 2660 ASTROLABII
2420 2598 2526 2681 (ι).

379 2913 601 2971 Δκοῦων
635 2930 728 2969 σου
754 2914 942 2987 πρώην
970 2914 1110 2987 ὑπὲρ
1136 2913 1451 2984 φιλοσοφίας
1482 2914 1844 2984 ἀγανακτοῦν-

2022 2917 2183 2989 307
2216 2916 2351 2972 Cum
2376 2932 2484 2972 non
2515 2916 2589 2971 ita
2615 2915 2821 2989 pridem
2858 2923 2911 2972 te
2951 2916 3311 2989 phi-IosOphia:
3340 2917 3513 2973 vicem

278 3025 390 3072 τος,
423 3009 472 3061 εί
505 3007 670 3080 μηδὲν
701 3007 854 3061 ἔσται
905 3005 1078 3075 πέρας
1109 3004 1412 3077 ἀνθρώποις
1445 3007 1544 3075 τῆς
1570 3009 1648 3072 εἰς
1676 3008 1842 3078 αὐτὴν

278 3102 553 3168 ἀσεϐείας,
587 3102 680 3155 καλ⁵
704 3100 821 3171 ἀμα
867 3100 949 3154 ὅτι
981 3099 1191 3171 χαλεπῇ
1221 3099 1395 3169 χρῷτο
1427 3097 1565 3172 τύχῃ
1604 3100 1695 3153 καὶ
1726 3099 1844 3153 λίαν

279 3192 586 3263 ἀγνώμονι,
631 3193 697 3264 ἢν
743 3194 791 3245 οἱ
839 3192 935 3263 μὲν
983 3190 1464 3262 προσποιούμενοι,
1513 3192 1599 3245 διὰ
1648 3192 1845 3263 συχνῆς

278 3285 561 3356 τερατείας
612 3282 980 3353 εὐδοκιμοῦσιν
1025 3283 1177 3353 παρά
1225 3299 1281 3334 τε
1314 3282 1599 3346 δυνάσταις
1646 3284 1740 3336 καὶ
1787 3285 1844 3335 ἐν

279 3376 392 3439 τοῖς
420 3374 707 3445 πλήθεσιν·
736 3375 784 3427 οἱ
809 3374 865 3427 δὲ
894 3372 1247 3445 ἀληθεύοντες
1268 3372 1639 3436 ἀπιστοῦνται,
1670 3374 1763 3427 καὶ
1789 3375 1845 3426 έν

279 3468 464 3540 Καρὸς
490 3467 650 3539 μοίρᾳ
679 3464 966 3536 τιμῶνται,
995 3466 1092 3535 τῆς
1127 3466 1222 3535 μὲν
1248 3465 1421 3536 ὁρμῆς
1446 3465 1667 3535 ἠγάμην
1691 3481 1703 3493 ·
1737 3464 1845 3518 ἀπὸ

281 3559 393 3631 γὰρ
433 3561 572 3614 πάνυ
605 3559 855 3627 γενναίας
880 3559 1121 3628 προῆκτο
1155 3558 1386 3627 φύσεωςο
1419 3557 1477 3609 οὐ
1510 3558 1615 3627 μὴν
1639 3558 1842 3625 ἀγανα-

278 3655 426 3707 κτεῖν
453 3669 573 3704 τινα
599 3652 778 3722 οἴομαι
803 3650 929 3713 δεῖν,
959 3651 1085 3704 ὅταν
1107 3650 1165 3702 τὸ
1198 3648 1335 3702 κατά
1366 3648 1519 3713 λόγον
1552 3647 1839 3720 συμϐαίνῃ.

278 3744 515 3813 Εὖλογον
564 3744 620 3797 δὲ
672 3745 843 3812 δήπου
891 3742 1181 3812 τυγχάνειν
1235 3741 1483 3805 ἕκαστον,
1536 3732 1610 3792 ὧν
1662 3741 1844 3808 τυχεῖν

279 3836 635 3898 ἐσπούδακεν,
679 3836 771 3887 καὶ
814 3834 940 3908 περὶ
968 3834 1003 3887 ἃ
1036 3832 1551 3903 πεπραγμάτευταιο
1593 3831 1688 3884 καὶ
1712 3832 1845 3884 ἀπο-

278 3927 566 3999 τυγχάνειν
610 3923 675 3980 αὗ
710 3925 870 3980 πάλιν
903 3925 1145 3988 ἐκείνων,
1180 3919 1254 3978 ὧν
1283 3923 1405 3977 οὔτε
1452 3924 1667 4007 ὠρέχθη
1694 3921 1842 3989 ποτὲ,

279 4017 408 4073 οὔτε
450 4017 762 4089 ἐπεμελήθη
789 4018 936 4081 ὅπως
963 4014 1028 4070 ἂν
1057 4015 1203 4086 αὐτῷ
1235 4014 1610 4087 παραγένοιτο.
1641 4013 1702 4066 Ei
1733 4013 1843 4066 τοί-

279 4131 375 4170 νυν
400 4116 428 4168 ὁ
458 4115 556 4185 μὲν
581 4114 893 4185 ἐφρόντισεν
921 4113 1015 4167 τοῦ
1044 4112 1294 4181 γενέσθαι
1334 4113 1513 4181 σοφὸς,
1543 4115 1571 4166 ὁ
1600 4113 1656 4167 δὲ
1685 4114 1843 4184 μόνον

278 4206 376 4261 τοῦ
403 4205 567 4272 δόξαι,
596 4206 854 4278 ἑκάτερος
880 4205 940 4258 τὸ
966 4205 1240 4277 προσῆκον
1263 4204 1492 4275 ἔχουσιν,
1517 4206 1545 4256 ὁ
1567 4206 1663 4276 μὲν
1692 4204 1786 4268 ῶν,
1815 4207 1845 4257 ὁ

277 4299 338 4353 δὲ
366 4265 503 4353 εἶναι
530 4265 717 4351 δοκῶν.
757 4265 1080 4365 λιι-δεινάγ
1107 4265 1173 4349 ἀν
1201 4265 1424 4350 πάθοιεν
1454 4265 1547 4350 καὶ
1568 4265 1842 4351 ’δικαιότε-
1875 4265 1919 4320 Β

283 4406 378 4461 ρον
417 4388 791 4459 ἀγανακτοῖεν,
831 4388 880 4440 oi
914 4386 1004 4439 διὰ
1030 4387 1128 4457 τῆς
1156 4387 1255 4439 οὐκ
1284 4384 1469 4456 οὔσης,
1495 4385 1628 4439 ἀλλά
1656 4402 1843 4455 φαινο-

284 4478 454 4550 μένης
502 4477 847 4547 φιλοσοφίας,
903 4476 1058 4542 δόξαν
1105 4473 1444 4547 θηρώμενοι,
1500 4476 1547 4527 εί
1583 4476 1693 4537 τοῖς
1748 4474 1845 4545 μὲν

283 4570 540 4641 ἑκάτερον
561 4568 791 4640 ὑπάρξει
823 4566 1051 4638 θατέρου
1075 4566 1441 4637 φροντίσασιν,
1467 4566 1614 4635 σφίσι
1636 4565 1691 4618 δὲ
1712 4565 1846 4637 μηδ-

284 4660 488 4731 έτερον.
527 4657 715 4713 Καίτοι
765 4659 826 4710 τὸ
866 4660 1061 4730 ῥᾷστον
1108 4658 1167 4710 οὗ
1225 4656 1291 4709 δι’
1333 4656 1611 4720 ἐλάττονος
1654 4658 1846 4726 ἐπιμε-

283 4748 434 4810 λείας
480 4745 985 4817 ὲπιτετηδεύκασιν,
1036 4745 1315 4815 ἀπατῆσαι
1343 4746 1467 4807 τοὺς
1496 4745 1595 4797 οὐκ
1638 4744 1847 4807 εἰδότας

286 4839 417 4910 περ)⁵
447 4831 522 4891 ὧν
547 4837 879 4891 ἀπατῶνται.
921 4829 1078 4889 eum.
1110 4836 1207 4906 μὲν
1247 4830 1337 4889 οὖν
1367 4835 1536 4887 ἔστων
1578 4835 1845 4907 λαμπροὶ,

286 4933 384 4986 καὶ
416 4932 526 4993 τοῖς
556 4930 801 5001 θεάτροις
840 4928 1270 4998 στεφανούσθων,
1317 4928 1365 4980 εἰ
1409 4926 1704 4998 βούλονται.
1739 4928 1847 4999 Τῆς

286 5022 396 5093 γὰρ
448 5021 705 5091 ἀληθείας
760 5022 1294 5091 παραχωρήσαντες,
1346 5019 1605 5088 ὀνόματος
1669 5019 1845 5089 ἠμφι-

289 5116 585 5188 σὸητησαν.
632 5115 790 5184 Ἡμῖν
828 5113 884 5166 δὲ
931 5112 1408 5183 ὀλιγωρουμένοιςο
1459 5110 1642 5182 ἐπειδὴ
1682 5111 1745 5164 σύ
1782 5129 1847 5183 με

290 5206 467 5278 βούλει
499 5209 608 5271 τοῖς
654 5208 715 5259 ὲκ
744 5204 837 5259 τοῦ
883 5204 1107 5257 σπανίου
1141 5204 1330 5271 γένους
1356 5202 1723 5273 συναριθμεῖν,
1756 5204 1849 5255 καὶ

288 5300 387 5370 οὐχ
431 5299 629 5367 ἥκιστα
667 5298 732 5351 δι’
779 5296 877 5367 ἐμὲ
906 5296 1005 5366 τὴν
1028 5294 1342 5363 φιλοσοφίας
1367 5293 1535 5363 τύχην
1559 5293 1849 5364 ἐδυσχέρα-

292 5413 417 5459 νας“
467 5396 596 5465 ἡμῖν
646 5386 734 5444 οὖν
782 5388 1170 5461 ἀμελουμένοις
1223 5386 1325 5439 ὑπὸ
1385 5385 1491 5439 τῶν
1547 5384 1848 5457 ἀνθρώπων

291 5485 602 5558 ἀγαπητέον
631 5482 727 5554 τὴν
755 5481 929 5550 τάξιν,
953 5482 1032 5543 είς
1057 5480 1121 5550 ἣν
1144 5478 1233 5548 ὑφ’
1260 5476 1466 5531 ἑαυτῶν
1504 5476 1809 5549 ἐτάχθημεν
1833 5495 1847 5511 ο

362 5693 442 5765 (l)
472 5694 780 5773 interprete
806 5686 935 5743 Fetl.
975 5686 1217 5741 Morello.

496 5788 768 5843 Pyrum“
808 5784 922 5843 Gtt.
975 5782 1190 5842 LXVI.

1946 3010 2186 3079 graviter
2224 3009 2387 3073 ferre,
2432 3018 2485 3065 et
2533 3011 2794 3079 conqueri
2843 3010 3110 3078 audirem,
3156 3012 3298 3081 quod
3349 3012 3511 3067 linem

1945 3101 2155 3155 nullum
2187 3109 2282 3156 aut
2307 3101 2525 3158 modum
2555 3100 2802 3158 facerent
2829 3102 3079 3159 homines
3109 3104 3274 3173 impie
3296 3120 3355 3160 se
3380 3120 3513 3175 erga

1944 3208 2063 3248 eam
2092 3194 2316 3264 gerendi
2350 3213 2363 3248 :
2396 3200 2512 3248 tum
2542 3194 2684 3264 quod
2719 3203 2827 3247 tam
2879 3195 3024 3249 tristi
3057 3202 3111 3248 et
3145 3194 3355 3249 difﬁcili
3396 3195 3512 3250 for-

1946 3292 2078 3339 tuna
2105 3293 2371 3350 uteretur,
2403 3292 2623 3357 tamque
2672 3285 2861 3356 iniqua
2894 3295 3056 3356 atque
3090 3286 3300 3357 ingrata
3337 3304 3351 3340 :
3384 3302 3511 3341 cum

1941 3377 2039 3446 qui
2090 3377 2229 3432 hanc
2261 3379 2568 3433 simulatam
2613 3376 2893 3445 affectant,
2921 3378 2992 3433 ob
3024 3378 3250 3434 crebras
3295 3379 3512 3449 praesti-
3542 3418 3560 3433 .

1944 3469 2083 3536 gias,
2135 3468 2479 3524 celebrentur
2528 3470 2819 3541 magnique
2870 3468 3021 3533 ﬁant,
3062 3479 3168 3525 tam
3213 3471 3360 3542 apud
3392 3486 3515 3541 pro.

1945 3573 2097 3613 ceres
2156 3572 2220 3611 ac
2287 3567 2572 3627 potentes,
2635 3575 2799 3630 quam
2864 3562 2918 3614 in
2987 3561 3222 3631 populo;
3286 3561 3381 3616 sed
3443 3560 3512 3616 iis

1945 3650 2038 3719 qui
2092 3665 2215 3705 vere
2266 3665 2382 3705 eam
2432 3650 2808 3720 proﬁteantur,
2848 3651 2978 3707 lides
3032 3668 3141 3705 non
3171 3652 3512 3720 adhibeatur,

1947 3757 2047 3797 nec
2108 3743 2277 3811 pluris
2341 3758 2502 3811 quam
2555 3743 2723 3800 Cares
2768 3747 3101 3799 aestimentur
3152 3763 3164 3798 :
3214 3744 3515 3798 admiratus

1946 3834 2214 3904 snmjure
2244 3836 2405 3889 istutn
2438 3836 2603 3890 animi
2637 3835 2716 3889 tui
2765 3835 3058 3905 impetum;
3086 3834 3133 3891 is
3155 3837 3299 3890 enim
3332 3843 3512 3891 motus

1946 3941 1974 3979 a
2015 3940 2279 3997 generosa
2325 3927 2483 3997 plane
2527 3937 2721 3982 natura
2778 3920 2899 3981 fuit.
2954 3924 3335 3981 Verumtamen
3385 3942 3512 3982 suc-

1946 4032 2170 4072 censere
2201 4033 2533 4088 quemquam
2567 4026 2820 4089 oportere
2848 4035 2954 4073 non
2980 4018 3257 4081 existimo,
3283 4019 3328 4074 si
3353 4018 3508 4088 quid,

1946 4116 2007 4161 ut
2035 4109 2175 4162 ratio
2209 4110 2334 4174 fert,
2367 4106 2604 4162 eveniat.
2630 4106 2749 4163 Jatn
2779 4124 2910 4162 vero
2964 4109 3165 4163 rationi
3218 4120 3513 4164 consenta-

1947 4215 2109 4254 neum
2144 4208 2227 4255 est
2262 4215 2707 4270 unumquemque
2749 4214 2813 4255 ea
2848 4200 3108 4271 consequi
3157 4216 3279 4271 qua:
3309 4210 3367 4255 ut
3410 4202 3510 4256 ob-

1948 4292 2146 4346 tineret
2202 4292 2522 4358 elaboravit,
2558 4302 2611 4346 et
2654 4292 2708 4345 in
2768 4293 2970 4359 quibus
3019 4302 3318 4365 occupatus
3354 4293 3507 4351 fuit:

1947 4393 2003 4440 et
2029 4393 2218 4439 contra
2247 4398 2353 4438 non
2380 4385 2597 4454 assequi
2636 4399 2698 4437 ea
2722 4399 2843 4454 qua:
2892 4400 3067 4454 neque
3118 4386 3379 4455 appetivit
3406 4402 3511 4440 un-

1947 4491 2131 4547 quam,
2166 4491 2362 4546 neque,
2396 4483 2457 4528 ut
2486 4474 2591 4529 sibi
2626 4474 2901 4539 adessent,
2926 4488 3075 4528 cura:
3103 4474 3313 4529 habuit.
3359 4474 3514 4540 Quo-

1948 4570 2094 4623 niam
2128 4584 2259 4640 ergo
2304 4569 2444 4622 alius
2495 4567 2598 4621 hoc
2651 4565 2860 4621 studuit
2918 4566 3137 4638 egitque
3174 4575 3233 4619 ut.
3292 4568 3513 4637 sapiens

1947 4669 2117 4725 esset,
2148 4662 2287 4716 alius
2318 4671 2495 4713 autem
2535 4666 2591 4712 ut
2624 4658 2669 4712 is
2702 4657 2977 4712 videretur
3008 4652 3255 4725 tantum;
3285 4666 3513 4728 uterque

1947 4760 2098 4807 certe
2128 4752 2180 4806 id
2213 4751 2378 4806 habet
2407 4750 2549 4822 quod
2589 4749 2638 4803 ei
2670 4750 2969 4819 competit;
3004 4765 3129 4803 cum
3161 4750 3251 4803 hic
3292 4750 3509 4820 quidem

1946 4860 2009 4901 re
2041 4859 2166 4900 vera
2197 4853 2298 4911 est,
2327 4845 2416 4898 ille
2450 4842 2664 4897 videtur
2694 4858 2833 4899 esse.
2868 4841 3068 4909 Quidni
3112 4860 3243 4899 vero
3276 4845 3353 4897 illi
3389 4860 3514 4913 gra—

1947 4938 2069 4993 vius
2098 4938 2486 5009 atiligerentur,
2518 4936 2791 5006 etjnstius
2847 4936 3283 5007 indignarentur,
3322 4935 3413 5005 qui
3444 4952 3509 4990 ex

1949 5044 2013 5083 ea
2042 5044 2163 5098 quae
2191 5043 2381 5097 reapse
2411 5042 2518 5081 non
2544 5035 2629 5082 est
2657 5027 3026 5098 pbiIOSOphia,
3058 5027 3152 5081 sed
3182 5026 3303 5094 ejus
3331 5026 3507 5080 solum

1950 5118 2185 5188 speciem
2221 5134 2332 5188 pra:
2379 5133 2439 5173 se
2497 5117 2635 5180 fert,
2680 5117 2906 5188 gloriam
2968 5125 3333 5185 aucupantur,
3363 5117 3406 5170 si
3443 5118 3509 5171 iis

1948 5207 2168 5279 quidem
2200 5218 2488 5276 utrumque
2544 5212 2819 5276 suppetat,
2844 5202 2936 5275 qui
2972 5202 3039 5257 de
3085 5202 3257 5256 altero
3295 5210 3507 5256 tantum

1952 5298 2168 5355 solliciti
2204 5298 2427 5352 fuerunt
2469 5316 2482 5351 :
2514 5296 2647 5365 ipsis
2681 5302 2861 5349 autem
2895 5300 3148 5349 neutrum
3177 5292 3537 5347 succurrat!

1950 5401 2132 5447 tamen
2154 5391 2257 5447 etsi
2287 5391 2334 5447 ei
2368 5389 2510 5461 quod
2545 5387 2864 5442 facillimum
2894 5394 2977 5442 est
3006 5400 3115 5439 non
3146 5385 3356 5439 minore
3378 5399 3510 5441 cura

1952 5480 2282 5545 studuerint,
2317 5489 2477 5550 atque
2507 5474 2875 5542 incubuerint,
2911 5490 3105 5547 nempe
3144 5483 3204 5529 ut
3235 5473 3511 5547 decipiant

3120 5766 3191 5827 50
