3906 6236
450 339 594 396 (579

1500 334 1768 392 SYNESII
1822 334 2281 393 PTOLEMAIDIS
2329 333 2637 392 EPISCOPI

3563 339 3710 395 {580

412 492 413 495 η
453 468 551 508 eos
601 451 696 522 qui
733 466 797 507 ea
829 466 940 507 non
969 460 1172 506 norunt
1205 450 1259 504 in
1305 447 1506 518 quibus
1553 450 1920 521 decipiuntur.
1961 451 2010 505 ll;

2128 452 2221 504 καὶ
2249 452 2309 505 οὐ
2349 450 2635 522 ζηλωτέον,
2665 451 2784 505 οὐδὲ
2815 453 3179 524 μακαριστέον
3201 453 3326 517 τοὺς
3369 453 3712 524 ἡμιπαιδεύο

452 546 619 615 igitur
645 543 916 613 Splendidi
940 553 993 598 et
1041 543 1284 596 illustres
1323 554 1455 594 sane
1482 552 1667 605 sunto,
1704 550 1759 595 et
1788 543 1841 596 in
1865 542 2021 595 thea-

448 638 554 692 tris
607 642 977 700 coronentur,
1009 633 1055 688 si
1101 632 1289 686 lubet:
1331 645 1361 683 a
1409 630 1638 685 veritate
1691 632 1833 685 enim
1890 647 2016 687 eum

450 728 792 791 deﬂexerint,
829 726 897 780 de
941 726 1161 780 nomine
1216 723 1649 778 controversiam
1708 734 2017 781 moverunt.

428 822 618 885 ,Nohis
647 833 776 875 vero
816 818 913 888 qui
962 817 1297 887 despicimur
1321 815 1788 885 (quandoquidem
1827 826 1886 870 tu
1932 834 2019 874 me

447 917 531 969 vis
563 916 629 969 iis
672 914 765 983 qui
810 929 839 966 e
881 912 1090 965 rariore
1125 924 1322 980 genere
1370 916 1499 963 sunt
1551 923 1939 975 annumerare,
1962 917 2017 965 et

441 1008 611 1080 308
632 1015 851 1076 propter
877 1020 963 1060 me
994 1003 1335 1073 potissimum
1385 1000 1451 1055 de
1476 1008 1625 1054 sorte
1660 1000 2017 1071 philosOpliire

2117 559 2240 606 τους
2270 542 2507 607 τούτους,
2541 544 2670 597 ὅταν
2722 543 2827 597 ὑπὸ
2867 540 2979 597 τῶν
3030 544 3309 608 παντελῶς
3356 545 3709 598 ἀπαιδεύτων

2123 636 2385 707 μετέωροι
2424 638 2695 708 φέρονται.
2746 635 2885 690 υῦτε
2919 637 3028 708 γὰρ
3070 638 3203 709 ὁρᾷν
3231 636 3409 708 ψυχῆς
3452 639 3707 689 ἐκκεκα-

2119 725 2393 797 θαρμένης
2422 726 2611 790 κάλλος
2653 729 2702 779 οἱ
2734 727 2809 798 μὴ
2838 728 3070 799 καθαροὶ
3103 729 3349 782 δυνατοί·
3384 730 3483 782 καὶ
3513 730 3578 781 τὸ
3611 745 3709 796 κη-

2120 819 2334 890 ρύττειν
2372 821 2580 877 ἑαυτὸν.
2623 822 2718 873 καὶ
2772 820 2950 873 πάντα
2988 824 3162 874 ποιεῖν
3189 820 3332 891 ὑπὲρ
3362 821 3705 885 ἐπιδείξεως.

2117 912 2179 963 ού
2224 912 2436 980 σοφίας,
2480 912 2618 964 ἀλλὰ
2675 913 2982 981 σοφιστείας
3034 913 3199 967 ἐστίν.
3256 913 3348 965 Διὸ
3394 912 3502 980 τῆς
3550 912 3707 982 παρὰ

2123 1004 2331 1059 πολλῶν
2352 1004 2709 1075 ἁμοιροῦντας
2733 1006 2911 1069 αἰδοῦς
2941 1007 3118 1070 καλῶς
3147 1007 3257 1077 ἔχει
3285 1006 3488 1074 λέγειν’

447 1115 785 1155 succensens
824 1106 1162 1168 conquestus
1203 1097 1308 1162 es).
1347 1093 1507 1149 nobis
1550 1094 1717 1164 igitur
1742 1134 1758 1164 π
1792 1095 1884 1164 qui
1929 1097 1999 1150 ab
2040 1095 2359 1153 hominibus
2408 1101 2836 1164 contemnimur,
2867 1100 3261 1168 amplexandus
3301 1101 3461 1154 locus
3498 1108 3612 1163 est,
3652 1115 3705 1153 In

458 1210 619 1266 quem
654 1195 871 1263 ipsimct
928 1208 1029 1246 nos
1062 1193 1453 1247 constituimus
1489 1210 1501 1245 :
1532 1207 1711 1262 neque
1752 1192 2019 1254 aemulari,
2057 1208 2158 1246 nec
2188 1196 2379 1249 beatos
2413 1201 2605 1263 putare
2640 1194 2762 1249 illos
2791 1194 3122 1249 semidoctos
3186 1194 3477 1251 debemus.
3550 1195 3704 1263 quod

445 1311 471 1347 a
504 1296 663 1362 plane
691 1292 928 1345 indoctis
960 1291 1016 1344 in
1065 1291 1236 1343 altum
1302 1290 1622 1344 evebantur.
1700 1287 1834 1341 Nam
1901 1290 2215 1360 perpurgati
2270 1290 2439 1344 animi
2499 1290 2669 1345 decus
2715 1298 2769 1344 et
2819 1289 3275 1359 pulchritudinem
3342 1292 3551 1343 intueri
3604 1306 3706 1343 ne-

443 1394 648 1456 queunt
685 1386 779 1454 qui
811 1385 930 1453 puri
974 1398 1083 1437 non
1118 1390 1247 1438 sunt
1280 1401 1291 1437 :
1326 1391 1383 1437 et
1406 1397 1711 1453 praeconem
1741 1381 1830 1435 sui
1869 1396 2012 1446 esse,
2053 1392 2220 1453 atque
2244 1382 2312 1437 ad
2347 1382 2768 1438 ostentationem
2836 1392 2889 1436 et
2935 1396 3186 1451 pompam
3236 1382 3418 1435 omnia
3489 1380 3702 1445 facere,

442 1497 554 1534 non
590 1478 875 1546 sapientia:
918 1488 1024 1541 est,
1074 1476 1170 1530 sed
1222 1476 1538 1545 sophisticae
1580 1475 1856 1531 versutia.
1917 1474 2190 1541 Quocirca
2259 1493 2355 1531 eos
2410 1477 2501 1547 qui
2560 1492 2590 1529 a
2658 1477 2820 1547 vulgo
2892 1474 3151 1530 honorem
3214 1476 3705 1542 reverentiamque

444 1592 552 1632 non
587 1576 855 1635 obtinent,
889 1574 1207 1643 praeclarum
1244 1582 1564 1643 rectumque
1617 1573 1780 1629 luerit
1812 1572 2016 1637 dicere,

659 1757 670 1767 .
694 1752 705 1765 .
730 1753 745 1767 .
770 1755 781 1765 .
806 1754 816 1765 .
838 1711 911 1763 nil
942 1726 1118 1763 moror
1146 1709 1281 1762 hunc
1313 1725 1406 1779 ego
1442 1707 1688 1779 honorent
1714 1721 1737 1779 _:

540 1784 804 1853 luppiter,
840 1791 894 1833 ut
927 1797 1098 1850 spero,
1135 1777 1439 1849 ingenti'me
1472 1778 1679 1836 ornabit
1704 1777 1897 1830 honore
1919 1790 1937 1827 :

442 1916 701 1987 praeclare
754 1912 917 1965 etiam
970 1925 1155 1964 secum
1192 1908 1275 1978 agi
1307 1906 1641 1970 existiment,
1689 1914 1743 1961 et
1784 1905 1840 1960 in
1887 1904 2013 1959 sinu

440 2007 736 2079 gaudeant,
770 2007 814 2059 si
851 2018 973 2057 eum
1007 2002 1151 2055 nacti
1192 2000 1395 2054 fuerint
1428 2000 1605 2053 virum
1643 1999 1737 2069 qui
1774 1997 2014 2069 pruden-

441 2104 568 2154 tiam
638 2099 801 2154 simul
852 2104 906 2149 ct
969 2095 1262 2164 potentiam
1330 2091 1653 2162 possederit.
1712 2084 1828 2145 Sic'
1869 2090 2013 2145 enim

438 2207 616 2263 neque
658 2207 782 2245 cum
825 2186 1063 2257 indignis
1106 2184 1476 2249 versabimur,
1538 2199 1715 2253 neque
1748 2180 2014 2253 ignobiles

439 2296 605 2356 atque
632 2282 851 2353 inglorii
891 2280 1118 2334 omnino
1144 2277 1512 2332 censebitnur.

509 2375 620 2430 Cur
653 2388 784 2444 ergo
816 2379 1111 2426 eunetarer
1144 2369 1389 2422 tribuere
1428 2366 1680 2420 intimum
1714 2364 1768 2418 in
1830 2363 2014 2418 animo

437 2472 616 2526 locum
667 2464 976 2521 admirabili
1006 2461 1223 2517 Paconio
1274 2469 1496 2523 nostro,
1544 2458 1636 2529 qui
1692 2458 1853 2527 longo
1900 2455 2013 2524 jam

438 2571 682 2631 tempore
712 2558 1141 2628 sepimentorum
1190 2566 1509 2625 magnorum
1540 2549 1843 2605 intervallis
1870 2548 2013 2601 inter

437 2670 498 2710 se
580 2653 874 2709 distinetas
935 2647 1338 2721 philosophiam
1409 2653 1466 2699 et
1528 2658 1641 2698 rem
1721 2641 2011 2696 militarem

436 2762 605 2803 unum
634 2746 689 2800 in
728 2746 903 2800 locum
936 2741 1211 2796 adducere
1232 2748 1287 2794 et
1322 2738 1464 2792 inter
1489 2751 1549 2791 se
1572 2734 1830 2805 copulare
1852 2748 2013 2786 orsus

434 2847 539 2900 est,
567 2853 690 2891 cum
722 2836 999 2904 antiquam
1040 2832 1234 2885 horum
1272 2829 1579 2884 studiorum
1626 2822 2010 2894 cognationem

434 2946 558 2986 esse
592 2936 749 2981 acute
778 2921 1170 2979 observasset?
1200 2922 1269 2973 At
1298 2919 1442 2974 enim
1477 2932 1600 2973 cum
1660 2913 1809 2967 italia
1834 2928 2011 2983 quon-

435 3026 560 3078 dam
612 3018 832 3076 eosdem
869 3016 1095 3071 haberet
1148 3021 1202 3068 et
1242 3011 1564 3083 Pythagora:
1618 3009 1919 3069 auditores,
1956 3015 2008 3057 et

2635 1746 2648 1759 .
2674 1745 2687 1758 .
2712 1748 2722 1757 .
2748 1746 2764 1760 .
2787 1745 2800 1758 .
2822 1706 2946 1759 οὔτι
2971 1723 3047 1775 με
3077 1707 3297 1773 ταύτης

2044 1743 2089 1801 Β
2115 1776 2275 1846 Χρεὼ
2300 1776 2474 1847 τιμῆς
2490 1793 2505 1808 ·
2781 1743 3379 1845 ’ἓὲτῖῖῖῆῖἱῖἰὶιῗέἶιδς
3403 1782 3558 1851 clay
3574 1798 3589 1811 ο

2116 1913 2333 1982 ἀγαπᾷν
2386 1929 2445 1965 τε
2492 1912 2584 1965 καὶ
2634 1909 3022 1980 διασμενίξειν,
3068 1913 3309 1983 ἐντυχεῖν
3359 1916 3523 1985 ἀνδρὶ
3562 1918 3700 1987 φρό-

2116 2022 2271 2075 νησιν
2304 2004 2418 2074 ἅμα
2448 2008 2543 2057 καὶ
2584 2004 2813 2075 δύναμιν
2859 2005 3201 2075 κεκτημένῳ.
3238 2006 3398 2059 Οὕτω
3435 2009 3552 2078 γὰρ
3582 2010 3701 2062 οὔτ’

2116 2097 2351 2162 ἀναξίοις
2377 2097 2442 2150 ἂν
2470 2096 2886 2168 συγγενοίμεθα,
2912 2096 3023 2150 οὔτ’
3048 2097 3114 2150 ἂν
3136 2099 3321 2169 ἄτιμοι
3346 2103 3700 2156 παντάπασιν

2116 2186 2488 2257 νομιζοίμεθαο

2184 2364 2309 2428 Πῶς
2339 2359 2431 2418 οὖν
2472 2364 2530 2417 οὐ
2569 2365 2744 2434 μέλλω
2781 2367 2879 2437 τὴν
2920 2366 3093 2437 μέσην
3129 2368 3185 2419 ἐν
3218 2371 3281 2440 τῇ
3321 2369 3474 2441 ψυχῇ
3508 2370 3698 2443 χώραν

2114 2458 2190 2529 τῷ
2217 2457 2513 2529 θαυμαστῷ
2551 2458 2785 2529 Παιονίῳ
2828 2459 3033 2529 νέμειν,
3076 2460 3134 2524 ὃς
3184 2463 3249 2515 ἐκ
3288 2463 3489 2516 πολλοῦ
3522 2466 3700 2518 δεατευ

2114 2551 2455 2624 τειχισμένας
2477 2551 2719 2622 θριγκοῖς
2747 2552 3026 2622 μεγάλοις,
3056 2553 3373 2623 φιλοσοφίαν
3404 2558 3506 2608 καὶ
3536 2572 3697 2627 στραο

2113 2644 2284 2703 τείαν.
2332 2643 2552 2714 ἐξεῦρεν
2594 2644 2956 2713 ἐπαναγαγεῖν
3012 2646 3105 2698 καὶ
3142 2646 3401 2715 συνάψαι,
3451 2648 3692 2702 παλαιάν

2113 2753 2233 2788 τινα
2273 2734 2459 2789 ἐνιδὼν
2508 2738 2620 2797 τοῖς
2656 2735 3049 2807 ἐπιτηδεύμασι
3077 2737 3287 2801 τούτοις
3327 2741 3693 2809 συγγένειανς

2127 2828 2324 2881 Ἰταλία
2359 2828 2456 2896 μὲν
2494 2828 2600 2899 γὰρ
2634 2827 2800 2881 πάλαι
2846 2830 2971 2891 τοὺς
3012 2831 3208 2893 αὐτοὺς
3259 2830 3463 2901 ἔχουσα
3513 2834 3694 2887 Πυθα-

2115 2917 2279 2987 γόρου
2305 2932 2363 2968 τε
2387 2917 2675 2981 ἀκουστὰς,
2705 2917 2797 2969 καὶ
2820 2917 2925 2969 τῶν
2945 2919 3145 2971 πόλεων
3167 2920 3475 2990 ἁρμοστὰς,
3505 2923 3699 2986 Ἑλλὰς

2114 3011 2146 3079 ὴ
2184 3008 2391 3079 μεγάλη
2426 3010 2895 3080 προσηγορεύετο’
2948 3011 3042 3063 καὶ
3078 3011 3220 3080 μάλα
3257 3013 3314 3064 ἐν
3356 3013 3525 3086 δίκῃο
3560 3018 3696 3085 παρ’

436 3116 715 3169 civitatum
775 3115 1041 3167 rectores,
1073 3103 1262 3174 Magna
1323 3100 1529 3156 Graecia
1582 3096 2008 3168 cognominaba-

2114 3095 2193 3164 οἷς
2216 3100 2511 3172 Χαρώνδας
2542 3102 2641 3172 μὲν
2680 3102 3007 3171 ἐνομοθέτει,
3035 3104 3129 3156 καὶ
3156 3103 3449 3168 Ζάλευκος,
3495 3110 3698 3178 ἐστραο

425 3216 526 3260 'tur
559 3224 570 3256 :
599 3218 696 3257 nec
726 3200 778 3255 id
831 3198 1030 3268 injuria
1057 3214 1071 3261 ;
1104 3194 1304 3265 quippe
1338 3205 1463 3245 cum
1499 3188 1639 3259 apud
1694 3202 1787 3243 eas
1820 3195 2008 3256 gentes

435 3298 755 3355 Charondas
793 3294 1010 3366 quidem
1070 3299 1123 3344 et
1158 3288 1422 3342 Zaleucus
1467 3287 1611 3355 leges
1658 3283 1955 3337 conderent
1993 3298 2005 3332 :

426 3394 704 3449 bellorum
738 3397 919 3441 autem
953 3386 1122 3438 duces
1157 3389 1341 3437 essent
1369 3379 1622 3448 Archytae
1645 3385 1698 3430 et
1727 3372 1954 3427 Philolai
1993 3388 2005 3423 :

437 3484 694 3555 princeps
749 3486 929 3531 autem
980 3474 1070 3528 ille
1125 3479 1562 3525 astronomorum
1604 3462 1837 3517 Timaeus
1887 3457 2010 3511 urbi

435 3549 823 3647 praeﬁceretur,
870 3576 925 3622 et
974 3566 1270 3636 legationes
1312 3561 1523 3623 obiret,
1565 3556 1795 3624 aliisque
1833 3549 2011 3606 civilis

438 3662 934 3721 administrationis
976 3657 1300 3713 muneribus
1332 3656 1646 3722 fungeretur
1674 3665 1687 3700 :
1713 3660 1823 3715 quo
1844 3643 2008 3698 etiam

426 3767 660 3814 ‘auctore
686 3756 834 3809 Plato
868 3752 1024 3808 nobis
1054 3754 1122 3806 de
1147 3746 1335 3804 mundi
1372 3753 1564 3801 natura
1586 3738 2009 3811 disputationem

424 3847 840 3907 'instituit.Cum
858 3846 1021 3916 igitur
1035 3844 1230 3897 horum
1246 3838 1372 3895 ﬁdei
1403 3851 1548 3906 resp.
1576 3832 1779 3888 credita
1793 3827 2008 3889 fuisset,

435 3944 504 3997 ad
556 3956 753 3995 nonam
807 3952 981 4007 usque
1021 3951 1050 3988 a
1082 3934 1392 4005 Pythagora
1439 3937 1673 3987 aetatem,
1704 3925 1914 3979 beatam
1947 3933 2011 3972 ac

450 4034 732 4089 ﬂorentem
766 4030 972 4084 Italiam
1016 4033 1433 4081 conservarunt.
1476 4021 1545 4075 Et
1586 4027 1734 4076 certe
1770 4015 2011 4070 Eleatica

432 4125 662 4181 'Atheuis
687 4123 874 4177 schola
906 4121 1119 4174 litteras
1149 4116 1313 4172 simul
1340 4124 1395 4170 et
1413 4128 1586 4175 arma,
1620 4110 1737 4182 pari
1770 4109 1998 4170 honore,

425 4234 585 4275 cura:
616 4217 828 4271 habuit.
859 4213 990 4268 Nam
1024 4212 1166 4266 haud
1210 4209 1372 4264 facile
1421 4204 1797 4262 numeraveris
1846 4217 2008 4272 quam

425 4314 639 4370 multas
662 4306 975 4381 tyrannides
1010 4305 1157 4359 Zeno
1187 4300 1476 4363 exciderit,
1509 4309 1561 4354 et
1589 4314 1711 4353 cum
1750 4295 2011 4350 adversus

2110 3193 2310 3262 τήγουν
2342 3192 2398 3245 δὲ
2450 3192 2708 3263 Ἀρχύται
2753 3194 2846 3246 καὶ
2877 3194 3142 3261 Φιλόλαοι,
3192 3197 3219 3247 ὁ
3267 3197 3322 3250 δὲ
3364 3198 3698 3270 ἀστρονομία

2110 3281 2351 3346 κώτατος
2381 3284 2610 3354 Τίμαιος
2644 3285 2954 3356 ἐπολιάρχει
2978 3284 3090 3356 [γρ.
3117 3288 3490 3363 ἐπολιτάρχει]
3520 3309 3582 3344 τε
3608 3292 3696 3344 καὶ

2109 3372 2428 3446 ἐπρέσϐευε,
2461 3376 2554 3429 καὶ
2577 3372 2745 3429 τᾶλλα
2774 3377 3144 3431 ἐπολιτεύετο·
3178 3380 3309 3451 παρ’
3340 3375 3406 3433 οἶδ
3433 3384 3539 3435 καὶ
3564 3384 3697 3439 me

2108 3484 2215 3520 των
2254 3468 2384 3539 ἡμῖν
2443 3468 2569 3540 περὶ
2616 3468 2820 3538 κόσμου
2861 3470 3075 3537 φύσεως
3121 3472 3455 3542 διαλέγεται.
3533 3476 3695 3530 Ταῦτ’

2109 3560 2217 3629 ἄρα
2263 3559 2457 3630 μέχρις
2498 3561 2691 3630 ἐνάτης
2732 3563 2837 3615 ἀπὸ
2871 3562 3182 3634 Πυθαγόρου
3205 3568 3399 3632 γενεᾶς
3437 3566 3511 3619 τὰ
3544 3568 3696 3621 κοινὰ

2110 3651 2516 3717 πιστευθέντες,
2560 3652 2849 3718 εὐδαίμονα
2892 3655 2993 3725 τὴν
3052 3655 3277 3708 Ἰταλίαν
3325 3657 3691 3728 διετήρησαν·

2110 3745 2205 3797 καῖ
2233 3744 2336 3814 μὴν
2354 3746 2414 3798 τὸ
2450 3745 2783 3800 Ἐλαιατικὸν
2819 3745 3072 3818 Ἀθήνῃσι
3098 3747 3492 3811 διδασκαλεῖον,
3520 3750 3696 3816 λόγων

2108 3852 2167 3889 τε
2198 3836 2313 3907 ἅμα
2360 3837 2452 3890 καὶ
2484 3837 2662 3891 ὃπλων
2711 3839 2985 3909 ὁμοτίμως
3018 3839 3454 3909 ἐπεμελήθησαν.
3510 3842 3694 3911 Ζήνων

2107 3944 2168 3980 τε
2195 3927 2301 3998 γὰρ
2327 3929 2434 3981 οὐδ’
2462 3929 2527 3982 ἂν
2559 3929 2886 4001 ἀριθμήσαις
2928 3930 3125 4000 ῥᾳδίως
3164 3930 3293 3991 ὅσας
3329 3929 3564 4001 ἐξέκοψε
3592 3948 3689 3983 τυ-

2114 4020 2377 4091 ραννίδας,
2408 4022 2659 4086 συνιστὰς
2680 4022 2765 4073 ἐπ’
2789 4022 2958 4085 αὑτὰς
2982 4020 3094 4093 [γρ.
3118 4018 3325 4090 αὑταῖς]
3351 4022 3416 4073 τὸ
3447 4023 3693 4091 ὑγιαῖνον

2108 4110 2217 4163 τῶν
2270 4110 2494 4166 πόλεων.
2549 4113 2657 4166 Καὶ
2706 4111 2955 4181 Ξενοφῶν
3000 4111 3369 4183 ἀπειρηκότας
3422 4113 3534 4167 ous
3583 4114 3692 4167 τῶν

2112 4199 2408 4272 συμφορῶν
2442 4202 2536 4255 καὶ
2567 4201 2911 4265 θανατῶντας
2951 4202 3051 4273 ἢδη
3080 4203 3206 4265 τοὺς
3233 4202 3462 4272 μυρίους
3513 4221 3692 4274 παρα-

2106 4293 2310 4357 λαϐὼν,
2345 4294 2440 4346 ἀπ’
2472 4295 2644 4363 ἄκρας
2670 4294 2769 4363 τῆς
2803 4293 3029 4365 Περσῶν
3061 4293 3413 4364 ἐπικρατείας
3445 4296 3697 4367 κατήγα-

426 4420 534 4461 eas
565 4405 814 4460 saniores
843 4401 1124 4457 civitatum
1144 4405 1325 4468 partes
1339 4395 1687 4449 concitasset.
1706 4388 2007 4460 Xenophon

2113 4401 2172 4453 γε
2195 4385 2457 4448 νικῶντας
2486 4383 2630 4438 ἅπαν
2657 4384 2717 4437 τὸ
2753 4385 3134 4454 ὑφιστάμενον.
3160 4386 3226 4437 Τί
3254 4386 3299 4438 δ’
3319 4384 3385 4439 ἄν
3415 4403 3500 4449 τις
3524 4389 3692 4452 εἴποι,

416 4502 621 4548 autem
644 4493 831 4548 decem
878 4490 1105 4545 millium
1155 4486 1477 4549 exercitum,
1513 4482 1605 4553 qui
1654 4479 1758 4536 sub
1787 4475 2010 4533 calami-

2113 4478 2193 4543 τὸ,
2240 4477 2414 4529 Δίωνα
2447 4476 2538 4529 ἐπὶ⁹
2571 4477 2668 4546 τὴν
2695 4475 2965 4529 Διονυσίου
3003 4476 3297 4547 μοναρχίαν
3331 4475 3532 4538 ἐλθεῖν,
3572 4477 3696 4530 δου-

436 4588 644 4642 tatibus
683 4586 1104 4653 desperassent,
1160 4590 1216 4634 et
1262 4575 1506 4648 oppressi
1551 4574 1663 4643 jam
1718 4570 2014 4626 occubuis-

436 4685 586 4741 sent,
638 4677 707 4731 ab
751 4684 997 4729 extrema
1048 4669 1202 4741 regni
1246 4668 1458 4725 Persici
1487 4680 1585 4721 ora
1632 4671 1888 4734 acceptos
1925 4676 2014 4716 re-

438 4769 618 4831 duxit,
657 4768 941 4821 vincentes
968 4779 1131 4817 omne
1153 4762 1297 4833 quod
1333 4760 1469 4830 ipsis
1514 4759 1916 4812 adversaretur.
1944 4753 2014 4805 At

438 4860 601 4933 309
633 4860 761 4930 quid
791 4857 902 4927 iam
942 4855 1013 4910 de
1040 4854 1217 4909 Dione
1248 4852 1450 4923 aliquis
1507 4850 1675 4911 dicat,
1696 4846 1847 4917 quod
1879 4843 2013 4898 adiit

438 4952 684 5023 Dionysii
734 4948 1101 5020 principatum
1131 4964 1143 4999 :
1178 4946 1268 5013 qui
1294 4944 1515 4999 Gmcas
1555 4938 1773 5010 quidem
1833 4936 1887 4989 in
1917 4933 2006 4987 Si-

438 5047 564 5100 cilia
600 5045 766 5098 urbes
800 5040 1048 5097 servituti
1099 5038 1404 5099 addixerat,
1450 5049 1630 5105 neque
1666 5031 1906 5101 potentia
1955 5035 2009 5082 et

439 5138 767 5191 auctoritate
826 5134 1081 5188 minimas
1126 5146 1156 5184 e
1216 5127 1514 5193 Barbaris;
1566 5135 1677 5178 tum
1726 5122 2006 5190 Carthagio

441 5231 692 5286 nensium
742 5230 943 5282 l'astum
977 5220 1487 5294 depresserat;jam
1538 5233 1671 5272 vero
1710 5229 1889 5285 usque
1940 5213 2004 5265 ad

440 5340 593 5379 oram
632 5322 961 5375 maritimam
1002 5318 1167 5371 Italiae
1209 5311 1604 5384 grassabatur?
1632 5312 1835 5365 Contra
1865 5311 2005 5363 hanc

442 5412 814 5468 monarchiam
853 5409 1099 5465 collectis
1143 5415 1496 5460 externorum
1531 5401 1725 5470 copiis,
1760 5401 2004 5454 Platonis

443 5506 531 5561 ille
554 5513 782 5567 amator,
836 5509 889 5556 et
923 5518 951 5554 a
994 5500 1218 5554 Platone
1279 5503 1513 5560 amatus,
1564 5509 1688 5547 cum
1736 5493 1788 5545 in
1837 5508 2001 5546 unam

442 5610 655 5657 navem,
684 5601 737 5647 et
764 5592 911 5647 illam
939 5590 1153 5661 quidem
1187 5584 1497 5651 rotundam,
1530 5593 1699 5638 totum
1723 5583 2000 5638 sociorum

2112 4566 2433 4637 λωσαμένην
2455 4569 2552 4637 μὲν
2572 4568 2673 4631 τὰς
2697 4566 3003 4639 Ἑλληνίδας
3032 4570 3089 4620 ἐν
3119 4566 3335 4639 Σικελίᾳ
3365 4567 3575 4631 πόλεις,
3593 4569 3697 4621 οὐκ

2115 4659 2402 4729 ἐλαχίστας
2440 4659 2497 4712 δὲ
2527 4659 2585 4712 ἐν
2615 4661 2755 4730 ἀρχῇ
2790 4658 2901 4730 [γρ.
2935 4658 3096 4731 αὐτῇ]
3127 4659 3217 4713 καὶ
3257 4658 3569 4731 βαρϐάρους
3588 4679 3601 4691 ·
3631 4662 3697 4714 τὸ

2114 4750 2169 4801 δέ
2193 4748 2580 4820 Καρχηδονίων
2608 4748 2857 4820 φρόνημα
2900 4748 3255 4805 καθελοῦσαν.
3287 4751 3695 4822 ἐπινεμομένην

2114 4841 2168 4893 δέ
2202 4841 2304 4911 ήδη
2332 4842 2430 4912 τῆς
2475 4840 2700 4904 Ἰταλίας
2728 4839 2826 4911 τὴν
2850 4840 3157 4913 παραλίαν;
3196 4840 3333 4892 Ἀλλ’
3360 4842 3453 4893 ἐπὶ
3482 4842 3694 4909 ταύτην

2114 4933 2471 5003 ξενολογήσας
2503 4933 2531 4983 ὁ
2560 4932 2843 4995 Πλάτωνος
2881 4933 3115 5002 ἐραστὴς
3148 4932 3242 4986 καὶ
3279 4931 3578 5004 ἐρώμενος,
3610 4935 3693 4987 ἐνὶ

2114 5025 2283 5096 πλοίῳ
2328 5026 2422 5079 καί
2465 5024 2639 5095 τούτῳ
2690 5024 3022 5097 στρογγύλῳ·
3049 5026 3110 5077 τὸ
3160 5025 3506 5095 συμμαχικὴν
3544 5026 3690 5078 ἅπαν

2112 5119 2446 5191 ἐμϐιϐάσας,
2511 5120 2577 5187 τῇ
2640 5117 2857 5186 Σικελίᾳ
2921 5117 3343 5187 προσέπλευσεν.
3406 5116 3519 5168 Καὶ
3583 5118 3693 5169 ἀπὸ

2110 5212 2210 5282 τῆς
2244 5209 2506 5280 τοσαύτης
2533 5209 2885 5280 παρασκευῆς
2914 5210 3187 5271 Διονύσιος
3219 5208 3316 5279 μὲν
3342 5207 3690 5278 ἐξηλαύνετο,

2109 5305 2208 5374 τὴν
2236 5302 2509 5357 πολιτείαν
2540 5302 2597 5355 δέ
2623 5302 2761 5355 Δίων
2788 5301 3275 5373 μετεσχημάτιζεν,
3306 5300 3593 5363 ἀποδιδοὺς
3622 5304 3691 5371 τῇ

2111 5395 2218 5449 τῶν
2262 5396 2438 5466 νόμων
2484 5393 2750 5467 ἡγεμονίᾳ
2775 5396 2876 5458 τὰς
2922 5393 3125 5457 πόλεις.
3177 5393 3335 5446 Οὕτω
3381 5392 3551 5445 παλαι
3594 5393 3694 5462 μὲν

2114 5486 2451 5555 συνεγίνοντο
2496 5487 2783 5555 φιλοσοφία
2845 5487 2937 5540 καὶ
3000 5486 3268 5549 πολιτεία,
3321 5487 3415 5539 καὶ
3471 5484 3693 5538 ἐπιδὼν

2113 5578 2431 5645 συνέλθοιεν,
2468 5577 2691 5633 τοιαῦτα
2718 5580 3050 5651 είργάζοντο.

440 5685 737 5739 exercitum
792 5684 1138 5746 eollocasset,
1189 5683 1242 5735 in
1306 5679 1549 5735 Siciliam
1605 5676 1967 5746 adnavigavit.
2043 5676 2125 5730 Ab
2185 5676 2287 5728 hoc
2343 5671 2509 5741 igitur
2576 5680 2729 5725 tanto
2794 5680 3057 5741 apparatu
3117 5680 3174 5726 et
3234 5672 3529 5743 Dionysius
3592 5686 3691 5724 ex-

437 5782 631 5852 pulsus
659 5779 779 5846 fuit,
812 5787 865 5833 et
895 5788 1009 5832 tum
1050 5793 1220 5845 remp.
1260 5777 1355 5831 Dio
1383 5778 1435 5830 in
1486 5774 1917 5847 praestantiorem
1977 5772 2203 5828 formam
2248 5770 2482 5840 redegit,
2545 5784 2669 5824 cum
2720 5770 2895 5838 legum
2950 5769 3181 5839 imperio
3222 5770 3476 5827 civitates
3534 5771 3694 5825 resti-
