3906 6236
239 360 372 415 1581

1368 365 1455 419 DE
1483 365 1666 424 ΒΟΝο
1705 368 2114 424 ASTROLABH
2149 368 2399 425 SERMO.

3346 374 3484 432 1582

236 482 442 530 ttteret.
488 473 563 528 Ita
607 474 828 530 sociatae
879 476 1004 531 olim
1054 476 1399 548 philosophia
1443 489 1495 532 et
1541 479 1723 533 civilis
1763 479 2165 535 administratio
2201 480 2371 545 fuere.
2416 490 2469 537 et
2508 482 2600 538 ubi
2648 482 2729 538 sic
2795 499 3123 553 convenere,
3160 492 3339 543 tantas
3392 503 3483 543 res

238 568 634 636 praestiterunt.

315 658 526 729 Ὠσπερ
564 658 619 711 δὲ
658 658 726 711 τά
757 659 892 714 ἄλλα
923 659 991 713 τὰ
1035 659 1174 715 καλά
1208 661 1304 714 καὶ
1350 663 1543 732 σεμνὰ,
1579 661 1703 715 καθ’
1738 654 1809 717 ὧν

1988 653 2179 717 Porro,
2222 655 2365 710 sicut
2394 655 2513 710 alia
2550 672 2637 711 res
2675 656 2919 712 honesta:
2950 666 3003 713 et
3037 675 3251 729 graves,
3292 663 3485 719 πιᾶναι..

240 750 495 804 άπάντων
522 750 550 801 ό
582 750 772 821 χρόνος
799 752 1173 805 ἐνεανιεύσατο
1198 768 1211 782 ’
1245 753 1337 805 καὶ
1361 752 1518 807 τοῦτο
1556 754 1811 807 κατιόντα

238 840 331 892 τὸν
364 838 477 909 βίον
511 840 741 893 ἀπέλιπε
794 841 855 894 τὸ
894 841 1065 895 διττὸν
1109 838 1265 905 εἶδος,
1300 844 1391 896 καὶ
1432 843 1808 915 κατεχωρίσθη

238 932 393 1003 παρά
415 932 503 984 τὸν
529 932 772 1003 ὕστερον.
806 933 1104 1005 Τοιγαροῦν
1124 935 1243 988 οὐδὲ
1272 936 1420 1001 ἄξιον
1444 937 1637 999 εἰπεῖν,
1664 936 1811 1000 ὅπως

238 1024 353 1095 ἔχει
372 1029 479 1088 τοῖς
501 1026 804 1097 ἀνθρώποις
822 1028 889 1081 τά
915 1027 1230 1098 πράγματα.
1256 1028 1346 1098 Μὴ
1372 1028 1481 1100 γάρ
1499 1029 1632 1081 διότι
1654 1028 1810 1082 τοῦτο

232 1120 334 1171 καὶ
388 1114 555 1171 τᾶλλα
605 1120 750 1189 ἡμᾶς
785 1119 1136 1173 ἀπολέλοιπεν
1178 1120 1392 1187 ἀγαθά;
1436 1120 1523 1183 Ὠς
1560 1120 1711 1173 οὐδὲν
1744 1119 1811 1173 ἂν

227 1212 447 1278 γένοιτο
479 1211 664 1263 πόλεσι
693 1210 1009 1281 δυστύχημα
1034 1210 1236 1280 μεῖζον,
1260 1210 1354 1263 τοῦ
1378 1209 1438 1263 τὸ
1466 1212 1563 1281 μὲν
1594 1210 1810 1281 ἰσχυρὸν

236 1300 464 1370 ἀνόητον
495 1299 659 1369 ἔχειν,
686 1300 744 1352 τὸ
770 1300 816 1353 δ’
842 1301 1074 1370 ἔμφρον,
1122 1301 1399 1356 ἀδύνατον.
1447 1301 1583 1354 Ἀλλ’
1626 1302 1811 1366 ἔοικας

236 1391 346 1462 γὰρ
392 1392 551 1452 αὐτὸς
592 1391 778 1462 ἄρξειν
813 1392 918 1464 lia.
971 1392 1173 1464 ἄρξων]
1219 1394 1516 1463 ἐπανάγειν
1549 1398 1679 1466 ἡμῖν
1717 1396 1808 1449 τὸν

240 1483 576 1554 συνδυασμὸν
622 1484 831 1538 τοῦτον.
869 1485 950 1538 Τά
981 1502 1040 1538 τε
1084 1486 1193 1556 γάρ
1224 1487 1378 1539 κοινὰ
1428 1488 1685 1558 πράττειν
1716 1506 1808 1541 πι-

239 1576 404 1649 στεύῃ
428 1576 535 1649 [γρ.
561 1577 865 1651 πιστεύης].
898 1579 992 1631 καὶ
1013 1578 1327 1647 φιλοσοφίαν
1350 1580 1449 1633 οῑει
1478 1580 1586 1633 δεῖν
1614 1582 1807 1651 ἐπιτη-

235 1667 435 1721 δεύειν.
481 1667 634 1721 ἢάλλ’
656 1668 849 1732 οὕτως,
867 1670 1154 1739 ιῦςνάγῶνα
1190 1670 1352 1723 καλὸν
1372 1672 1511 1742 ὑπέρ
1538 1689 1597 1723 τε
1626 1672 1806 1743 ήμῶν,

236 1760 381 1830 ὑπέρ
425 1776 483 1814 τε
528 1759 753 1815 Μουσῶν
803 1762 1066 1835 ἀγωνίζῃ,
1110 1762 1202 1816 τοῦ
1249 1764 1323 1834 μή
1360 1779 1480 1815 τινα
1525 1763 1693 1827 αύτάς
1733 1763 1809 1827 ὡς

236 1852 553 1923 ἀπράκτους
603 1854 694 1905 καὶ
736 1853 961 1923 ἄχειρας
1010 1855 1216 1925 ἀγορᾶς
1266 1871 1327 1907 τε
1374 1855 1468 1909 καὶ
1519 1855 1809 1926 στρατείας

235 1943 578 2004 ἀπελαύνειν,
610 1943 703 1997 ᾶτε
756 1944 921 2016 μηδὲν
966 1945 1064 2015 μὲν
1109 1945 1299 2014 ὄφελος
1344 1945 1509 2010 οὔσας
1538 1949 1595 2010 ἐς
1626 1946 1726 2010 τὰς
1750 1948 1808 2001 ὲν

1914 762 2011 802 sus
2045 763 2183 817 quas
2215 747 2501 803 universas
2532 755 2751 818 tempus
2783 750 2891 803 vim
2948 752 3278 819 petulantem
3327 770 3484 811 exer-

1913 838 2029 891 cuit
2090 856 2104 891 :
2168 838 2241 891 ila
2280 839 2381 892 hoc
2420 840 2585 893 etiam
2624 838 2824 908 duplex
2878 855 3050 910 genus
3097 843 3484 898 succedentem

1911 928 2193 982 hominum
2216 937 2432 983 :etatcm
2485 931 2754 994 destituit,
2804 940 2857 986 et
2894 946 2925 984 a
2981 934 3218 1001 posteris
3256 933 3359 988 fuit
3393 952 3483 991 se-

1905 1019 2182 1088 junctum.
2215 1020 2474 1075 lndenam
2521 1038 2654 1095 ergo
2694 1038 2763 1078 ne
2812 1023 2924 1078 dici
2987 1026 3205 1094 quidem
3255 1027 3488 1084 honeste

1911 1118 2097 1181 queat,
2123 1127 2231 1181 quo
2263 1113 2427 1167 modo
2453 1129 2541 1168 res
2572 1115 2825 1168 humanm
2848 1130 2906 1170 se
2932 1115 3186 1171 habeant.
3226 1117 3485 1189 Nunquid

1910 1216 2039 1255 vero
2091 1219 2158 1257 ex
2214 1219 2279 1259 eo
2341 1208 2485 1274 quod
2537 1206 2651 1259 hil'C
2703 1215 2757 1261 et
2811 1208 2917 1261 alia
2965 1224 3067 1264 nos
3121 1211 3484 1267 deseruerunt

1909 1297 2097 1351 bona?
2138 1294 2298 1350 Nulla
2340 1297 2610 1368 siquidem
2651 1300 2881 1355 urbibus
2928 1303 3249 1373 contingere
3301 1315 3484 1375 p0test

1909 1391 2130 1460 gravior
2164 1391 2473 1454 calamitas,
2505 1406 2670 1460 quam
2710 1391 2756 1446 si
2798 1393 2967 1447 robur
3001 1394 3236 1449 habeant
3286 1402 3483 1452 mentis

1909 1485 2067 1553 inops
2115 1491 2169 1537 et
2203 1483 2548 1552 prudentiam
2598 1485 2717 1539 sine
2770 1484 3001 1540 viribus.
3054 1490 3125 1540 At
3168 1489 3317 1542 enim
3369 1464 3490 1559 ipse

1909 1576 2015 1630 hoc
2040 1591 2332 1647 aggressus
2367 1576 2587 1638 videris,
2620 1584 2681 1629 ut
2709 1579 2962 1647 copulam
3006 1580 3145 1633 hanc
3170 1580 3235 1634 ad
3266 1595 3365 1637 nos
3399 1597 3486 1636 re-

1910 1684 2094 1724 voces.
2131 1666 2261 1721 Nam
2296 1676 2347 1723 et
2400 1669 2612 1738 publica
2646 1670 2861 1740 negotia
2895 1670 2992 1725 tibi
3039 1674 3481 1739 committuntur,

1909 1769 1965 1813 et
2012 1759 2370 1830 philosophiae
2419 1775 2641 1829 operam
2700 1760 2937 1815 dandam
2992 1778 3118 1818 esse
3167 1765 3477 1821 existimas.

1910 1851 2024 1907 Hac
2063 1869 2243 1924 perge,
2289 1862 2463 1906 macte
2502 1854 2707 1919 animo,
2758 1862 2815 1907 ut
2873 1856 3165 1925 pulchrum
3200 1869 3479 1915 certamen

1911 1954 2010 2017 pro
2048 1947 2209 2001 nobis
2248 1959 2300 2000 et
2358 1962 2455 2015 pro
2491 1945 2659 2001 Musis
2692 1946 2963 2011 decertes,
3009 1965 3079 2004 ne
3120 1950 3246 2019 quis
3288 1951 3389 2005 has
3423 1962 3481 2005 ut

237 2034 489 2105 ὑπαίθρῳ
536 2036 792 2106 πράξεις,
841 2037 1056 2108 κομψάς
1098 2037 1153 2091 δὲ
1191 2037 1497 2110 παιδαρίοις
1530 2039 1806 2109 προσαθύ-

1911 2048 2101 2105 vanas,
2139 2039 2443 2094 iueilicaccs
2486 2049 2540 2093 et
2588 2055 2831 2103 mancas,
2872 2040 2991 2096 foro
3048 2042 3355 2113 militiaque
3383 2060 3474 2098 ex-

240 2142 353 2196 ρειν
390 2143 450 2179 τε
477 2127 569 2179 καὶ
609 2126 1036 2195 στωμυλλεσθαι.
1070 2129 1179 2181 Καὶ
1222 2130 1369 2200 ἡμᾶς
1416 2146 1497 2183 σοι
1541 2131 1807 2201 προσήκει

237 2221 394 2288 χεῖρα
422 2217 639 2289 ὀρέγειν
687 2219 981 2283 ἑκάστους,
1020 2220 1118 2290 ὅση
1147 2220 1393 2291 δύναμις.
1425 2222 1579 2276 Οὕτω
1603 2221 1711 2292 γὰρ
1744 2222 1810 2277 ἂν

238 2308 305 2363 σύ
350 2327 411 2365 τε
459 2310 898 2381 ἀπειργασμένος
932 2312 1048 2381 εἴης
1083 2311 1181 2381 οὐχ
1209 2312 1469 2387 ήμιτελὴς
1500 2313 1660 2381 σοφὸς
1689 2312 1809 2366 οὐδὲ

239 2401 481 2467 κολοϐὸς,
513 2403 603 2455 ἐπὶ
644 2402 812 2474 μόνης
847 2403 1134 2474 ὀχούμενος
1171 2403 1271 2472 τῆς
1306 2407 1541 2476 φυσικῆς
1576 2406 1809 2475 ὑποσχέ-

240 2512 377 2560 σεως
402 2512 416 2527 ·
447 2498 513 2567 τῇ
553 2513 613 2549 τε
648 2495 890 2567 πολιτεία
919 2495 1101 2560 καλῶς
1130 2495 1194 2549 ἂν
1234 2497 1344 2567 ἔχοι
1374 2498 1522 2566 παρά
1558 2496 1811 2549 τοιούτων

236 2585 694 2658 ἐπιτροπεύεσθαι
713 2629 729 2652 ,
764 2588 857 2639 καὶ
895 2589 1056 2657 ήμεῖς
1094 2588 1415 2659 όνησόμεθα,
1442 2588 1605 2659 τιμὴν
1634 2588 1692 2654 ἐξ
1717 2589 1813 2641 άνο

239 2678 473 2749 θρώπων
500 2678 785 2749 φιλοσοφίᾳ
810 2678 1242 2750 μνηστεύσαντες
1278 2680 1415 2749 μετά
1436 2679 1527 2732 τοῦ
1553 2678 1731 2750 μένειν
1754 2681 1810 2731 ἐν

238 2769 397 2840 ήθεσι
431 2771 748 2841 πρέπουσιν.
784 2771 821 2822 Γ
824 2771 995 2824 ένοιτο
1033 2770 1141 2841 γὰρ
1186 2770 1251 2823 ἂν
1286 2769 1456 2834 οὕτως
1507 2772 1655 2833 εἰκὸς
1686 2773 1810 2826 τού-

241 2863 453 2916 ναντίον
500 2862 577 2933 τῷ
617 2863 796 2935 μικρῷ
843 2864 1077 2937 πρόσθεν
1123 2865 1323 2930 εἰκότι,
1371 2865 1459 2917 ὅτε
1489 2866 1555 2935 τῇ
1587 2865 1683 2935 μὲν
1715 2865 1807 2919 τοῦ

241 2956 480 3026 πλήθους
509 2955 719 3027 ἀμαθίᾳ
765 2957 826 3010 τὸ
859 2958 1167 3027 σοφιστικὸν
1216 2956 1378 3027 φῦλον
1406 2956 1663 3027 ὲλέγομεν
1692 2959 1811 3010 ὲπι-

238 3050 484 3105 τίθεσθαι
503 3067 517 3079 ·
548 3052 613 3104 ἐκ
640 3050 697 3102 δὲ
722 3048 931 3115 τούτου,
968 3049 1281 3121 συμϐαίνειν
1309 3050 1434 3112 τοὺς
1474 3048 1689 3119 ἀληθεῖς
1725 3066 1810 3117 φι-

240 3146 493 3215 λοσοφίας
542 3145 906 3215 συντρόφους,
956 3144 1177 3199 ἔλαττον
1222 3144 1365 3214 ἔχειν
1390 3145 1468 3206 είς
1504 3142 1659 3207 δόξαν
1702 3141 1809 3195 τῶν

242 3236 645 3308 ὐποϐολιμαίων
673 3240 767 3291 καὶ
802 3236 1263 3308 παρεγγράπτων.
1312 3234 1450 3288 Ἀλλ’
1477 3234 1605 3288 ὅταν
1633 3236 1683 3287 oi.
1712 3234 1809 3298 τὰς

241 3329 416 3400 ἀρχὰς
453 3329 729 3400 ἄρχοντες.
778 3330 870 3381 καὶ
914 3318 1002 3405 διςᾷ
1041 3327 1222 3399 χειρὸς
1253 3325 1464 3396 ἔχοντες
1490 3325 1557 3378 τὰ
1582 3325 1689 3378 τῶν
1719 3326 1811 3378 πόα

242 3421 379 3475 λεων
416 3422 733 3492 πράγματα,
774 3420 846 3491 μή
874 3420 965 3473 τοῦ
1006 3419 1242 3489 πλήθους
1276 3413 1429 3483 ὦσιν,
1462 3418 1574 3472 ἀλλ’
1613 3418 1807 3487 ἔχωσιν

241 3512 388 3577 νοῦν,
419 3514 555 3583 ταχὺ
600 3511 986 3580 διαγνώσονται
1025 3510 1112 3563 τὸν
1146 3509 1299 3564 νόθον
1338 3526 1395 3562 τε
1433 3509 1525 3562 καὶ
1565 3508 1654 3561 τὸν
1677 3508 1808 3578 γνή-

242 3622 389 3660 σιονο
424 3605 519 3660 καὶ
564 3605 664 3658 οὐκ
691 3602 764 3659 ἔτ’
807 3604 869 3657 ἂν
900 3602 1148 3674 χαλεπῶς
1186 3604 1215 3655 ὁ
1261 3601 1426 3671 δῆμος
1457 3602 1555 3669 τὴν
1594 3600 1808 3670 ἀπάτην

244 3697 702 3769 μεταδιδάσκοιτο.
735 3698 812 3749 Οὐ
853 3697 961 3767 γὰρ
1011 3697 1182 3750 είπεῖν
1217 3712 1268 3749 τι
1305 3694 1383 3747 δεῖ
1421 3693 1555 3764 πρὸς
1589 3693 1804 3756 αὐτοὺς,

238 3788 356 3843 ἀλλ’
393 3788 625 3861 ἀφανείᾳ
670 3787 964 3859 διαγράψαι
1006 3788 1129 3851 τοὺς
1163 3786 1468 3858 κιϐδήλους.
1506 3783 1615 3839 Καὶ
1648 3782 1809 3854 φύσις

240 3881 360 3935 ἐστὶ
395 3880 482 3935 διὰ
512 3881 611 3950 τῆς
654 3880 763 3933 τῶν
812 3879 1130 3952 ἀρχομένων
1180 3877 1630 3948 συγκαταθέσεως
1674 3875 1806 3931 θαυ-

244 3971 593 4043 μάζεσθαιητὸ
618 3970 946 4043 ἡγούμενον·
977 3973 1097 4024 ἐπεὶ
1133 3973 1225 4024 καὶ
1256 3970 1350 4024 νῦν
1377 3971 1475 4040 οὑχ
1509 3969 1706 4039 ἥκιστα
1740 3970 1805 4040 τῇ

238 4064 351 4117 τῶν
392 4064 726 4135 πραγμάτων
768 4064 967 4135 ἀτοπία
1020 4064 1080 4117 τὸ
1133 4062 1336 4133 πλῆθος
1381 4061 1644 4131 ἑπόμενον
1682 4062 1809 4125 τοὺς

242 4153 643 4224 ἀκερσεκόμας,
690 4155 786 4206 καὶ
821 4153 1029 4216 πάντας
1070 4156 1195 4216 τοὺς
1234 4152 1566 4223 τολμῶντας,
1620 4167 1809 4221 περιτ-

240 4247 370 4309 τοὺς
396 4245 460 4318 δή
484 4262 634 4309 τινας
656 4246 885 4316 ἥγηνται
905 4261 918 4274 ·
947 4246 1016 4298 τά
1044 4262 1101 4298 τε
1134 4244 1267 4300 ἄλλα
1297 4242 1657 4313 ποικιλώτερα
1670 4242 1806 4313 ,γένη

240 4339 353 4391 τῶν
378 4337 643 4407 σοφιστῶν
674 4339 950 4408 μονονουχὶ
974 4336 1220 4390 σέϐονταί
1242 4354 1302 4393 τε
1330 4336 1423 4389 καὶ
1453 4326 1690 4401 ἄξονται,
1715 4335 1809 4388 καὶ

244 4427 480 4500 μάλιστα
520 4426 699 4482 αὐτῶν
731 4428 843 4481 ὅσοι
883 4427 1121 4497 βαίνουσι
1155 4425 1393 4497 κορύνῃ,
1432 4424 1527 4478 καὶ
1571 4422 1676 4495 πρὸ
1713 4422 1806 4476 τοῦ

242 4522 574 4591 φθέγξασθαι
613 4522 1002 4592 χρέμπτονται.
1047 4517 1257 4573 Οὐκοῦν
1290 4518 1381 4571 καὶ
1415 4516 1701 4588 βοηθήσεις
1740 4519 1807 4586 τῇ

240 4614 383 4685 τύχῃ
412 4613 755 4683 φιλοσοφίας,
787 4612 899 4667 ἀλλ’
937 4613 998 4665 ού
1037 4610 1435 4681 κατηγορήσεις
1465 4608 1636 4679 αὐτῆς
1658 4606 1810 4661 οὐδὲν

1910 2131 2099 2201 agitet,
2132 2146 2194 2184 ac
2228 2132 2272 2183 si
2321 2131 2456 2184 nihil
2492 2132 2864 2186 conducerent
2904 2132 2972 2187 ad
2999 2134 3173 2189 serias
3209 2136 3477 2200 actiones,

1908 2238 2032 2294 qua:
2058 2222 2160 2277 sub
2182 2230 2371 2291 aperto
2399 2224 2539 2277 caelo
2569 2231 2855 2293 geruntur,
2881 2226 3033 2279 scita:
3057 2235 3239 2280 autem
3271 2228 3382 2280 sint
3409 2229 3478 2281 ad

1908 2315 2136 2371 delicias
2171 2325 2226 2370 et
2275 2314 2485 2369 ludicra
2526 2316 2778 2384 puerilia,
2810 2324 2975 2384 atque
3014 2333 3189 2389 nugas
3220 2317 3478 2374 ell‘utien-

1909 2407 2027 2463 das.
2062 2405 2171 2461 Nos
2199 2406 2363 2461 etiam
2397 2407 2495 2481 tibi
2518 2421 2739 2461 manum
2766 2408 3171 2476 Opitulatricem
3203 2412 3480 2481 porrigere

1913 2517 2009 2571 par
2038 2510 2122 2555 est
2144 2501 2419 2569 singulos,
2445 2507 2712 2569 quantum
2746 2503 2984 2570 quisque
3013 2502 3220 2555 conniti
3252 2504 3475 2571 poterit.

1913 2590 2005 2647 Sic
2029 2594 2171 2646 enim
2204 2592 2493 2646 absolutus
2528 2592 2748 2660 sapiens
2787 2591 2990 2656 fueris,
3021 2608 3131 2647 non
3166 2594 3475 2660 inchoatus,

1910 2700 2087 2754 neque
2122 2684 2479 2754 imperfectus
2506 2691 2560 2737 et
2591 2683 2838 2747 mutilus,
2870 2690 2929 2736 ut
2976 2684 3068 2754 qui
3102 2700 3168 2739 eo
3202 2686 3321 2740 solo
3360 2702 3478 2741 eve-

1908 2774 2079 2839 hitur,
2105 2773 2252 2842 quod
2295 2788 2324 2827 a
2359 2781 2557 2826 natura
2597 2772 2928 2843 suggeritur.
2962 2772 3027 2826 Et
3098 2789 3223 2827 cum
3282 2775 3475 2845 repub.

1907 2879 2126 2935 quoque
2170 2863 2427 2935 praeclare
2474 2872 2699 2933 agatur,
2733 2880 2857 2917 cum
2891 2866 3029 2920 tales
3080 2866 3247 2936 hujus
3286 2882 3474 2924 curam

1911 2964 2141 3025 gerant:
2182 2955 2339 3009 nobis
2380 2955 2485 3008 hoc
2514 2954 2569 3007 in
2632 2954 2833 3008 bonum
2868 2962 3063 3020 vertet,
3096 2956 3358 3012 honorem
3409 2959 3479 3014 ab

1910 3047 2225 3102 hominibus
2264 3047 2623 3118 philosophiae
2674 3046 3072 3117 despondisse,
3122 3049 3192 3105 iis
3233 3052 3480 3109 moribus

1909 3139 2314 3211 perseverando
2340 3140 2431 3209 qui
2460 3139 2646 3194 decori
2684 3148 2832 3193 sunt.
2864 3138 2999 3194 Nam
3055 3140 3130 3195 ita
3184 3143 3481 3199 verisimile

1909 3232 2139 3288 exsistet
2168 3232 2508 3286 contrarium
2548 3231 2597 3286 ei
2630 3231 2936 3295 verisimili,
2968 3233 3115 3301 quod
3160 3235 3323 3303 paulo
3353 3245 3478 3291 ante

1911 3324 2218 3393 expositum
2258 3320 2381 3387 fuit,
2416 3336 2541 3375 eum
2578 3306 2945 3377 multitudinis
2982 3322 3210 3378 inscitia:
3242 3332 3297 3379 et
3328 3326 3480 3380 rudi-

1910 3415 2007 3468 tati
2032 3420 2246 3482 gentem
2272 3414 2643 3481 SOphistarum
2692 3412 2855 3482 310
2895 3413 3144 3467 insidiari
3194 3413 3474 3473 diximus:

1908 3502 2054 3558 unde
2085 3503 2371 3556 usuveniat
2416 3511 2473 3556 ut
2505 3502 2617 3555 veri
2666 3504 3023 3572 philosophia:
3052 3504 3259 3559 alumni
3296 3508 3477 3565 minus

1910 3594 2252 3649 honorentur
2313 3609 2476 3663 quam
2537 3594 2806 3649 subdititii
2857 3604 2912 3650 et
2977 3597 3289 3666 ascriptitii.
3338 3598 3475 3655 Cum

1908 3696 2089 3741 autem
2126 3686 2162 3738 ii
2196 3686 2291 3757 qui
2329 3687 2677 3756 magistratus
2709 3697 2926 3759 gerunt,
2956 3697 3011 3744 et
3059 3689 3343 3744 civitatum
3375 3707 3471 3747 ne-

1909 3779 2054 3850 gotia
2084 3787 2345 3841 tractant,
2372 3794 2477 3834 non
2514 3781 2734 3850 quidam
2759 3797 2788 3835 e
2808 3782 2970 3852 vulgo
2999 3781 3222 3848 fuerint,
3259 3786 3354 3840 sed
3388 3786 3475 3839 in-

1912 3871 2225 3941 telligentes
2269 3872 2542 3936 homines,
2580 3871 2868 3926 confestim
2906 3873 2982 3925 illi
3005 3873 3319 3929 discernent
3346 3892 3474 3946 spu-

1910 3963 2053 4018 rium
2090 3977 2120 4016 a
2148 3979 2278 4018 vero
2300 3973 2353 4018 et
2384 3965 2662 4034 legitimo:
2691 3981 2868 4035 neque
2893 3965 3006 4036 jam
3034 3966 3251 4023 dimcile
3274 3971 3475 4039 popqu

1908 4068 2053 4113 esset
2089 4073 2330 4111 errorem
2382 4073 2541 4113 suum
2576 4056 2881 4115 dediscere.
2945 4056 3063 4115 Non
3097 4062 3241 4114 enim
3294 4062 3475 4123 dicere

1911 4150 1996 4205 his
2031 4151 2325 4221 quidquam
2362 4159 2592 4220 oportet,
2631 4166 2822 4206 verum
2854 4151 3210 4222 ignobilitatis
3235 4162 3362 4208 nota
3393 4155 3476 4208 inf-

1909 4240 2111 4297 ducere
2142 4241 2422 4311 improbos
2454 4253 2509 4295 et
2541 4243 2900 4298 adulterinos.
2934 4241 3000 4296 Et
3029 4252 3225 4297 natura
3249 4259 3473 4316 compa-

1910 4340 2088 4387 ratum
2121 4341 2225 4397 est,
2269 4341 2325 4387 ut
2361 4334 2407 4387 is
2447 4334 2539 4404 qui
2567 4333 2880 4404 praeﬁcitur,
2906 4351 2972 4390 ex
3005 4337 3162 4406 plena
3193 4337 3301 4392 sibi
3347 4338 3476 4393 sub-

1910 4427 2146 4481 ditorum
2171 4427 2511 4493 assensione,
2536 4427 2592 4481 in
2621 4426 3036 4481 admirationem
3067 4430 3268 4485 veniat.
3294 4428 3478 4496 Quan-

1911 4518 2202 4588 doquidem
2259 4520 2559 4574 etiamnum
2626 4518 2866 4574 maxime
2921 4534 3104 4573 rerum
3151 4520 3477 4577 absurditati

1910 4610 2105 4678 vulgus
2138 4608 2444 4674 adhaerens,
2485 4608 2741 4674 cirratas,
2768 4609 3016 4667 intonsos
3045 4619 3099 4665 et
3128 4626 3318 4668 omnes
3374 4628 3477 4667 au-

243 4705 555 4775 ἀδικούσης.
582 4705 655 4758 Τὸ
680 4706 787 4775 γάρ
807 4704 950 4766 εἰκὸς
975 4704 1145 4773 ἐφάνη
1174 4701 1476 4771 γινόμενον,
1508 4699 1537 4753 ὃ
1563 4700 1627 4752 σὺ
1652 4716 1809 4770 μετα-

1915 4700 2185 4761 daciores,
2218 4700 2423 4770 primos
2455 4709 2510 4755 et
2549 4701 2779 4756 eximios
2824 4702 3091 4772 quosdam
3150 4704 3300 4760 viros
3354 4720 3477 4762 esse

232 4799 430 4869 ,θήσεις
464 4799 556 4851 ἐπὶ
580 4798 638 4852 τὸ
681 4799 953 4869 προσῆκον
979 4798 1070 4849 καὶ
1108 4795 1335 4867 βέλτιον,
1353 4796 1481 4849 ὅταν
1502 4792 1811 4868 ἐρρωμενέ-

243 4891 437 4963 στερόν
468 4907 560 4944 σου
585 4890 655 4944 τὰ
670 4890 984 4960 φιλοσοφίας
1006 4889 1329 4961 ἀνθάψηται.
1374 4889 1528 4942 Ἐπεὶ
1561 4887 1694 4959 μηδὲ
1715 4885 1809 4939 νῦν

240 4985 487 5058 ἀγεννῶς
512 4983 737 5056 ἐνῆρξας
755 4983 852 5052 τῆς
886 4982 1355 5053 συμμαχίας,τοὺς
1389 4980 1555 5043 κύνας
1587 4977 1812 5032 ἀνθυλα-

244 5076 473 5145 κτήσας,
493 5074 585 5126 καὶ
604 5073 700 5143 τὴν
714 5071 997 5124 Δεκέλειαν
1018 5070 1171 5142 ἡμῶν
1191 5068 1552 5140 ἀποτειχίζειν
1570 5067 1811 5122 ἐπιλαϐό-

248 5183 430 5238 μενος.
457 5164 759 5235 Πυθόμενος
774 5180 832 5215 τε
854 5158 947 5216 οὖν
961 5163 1085 5233 περὶ
1105 5162 1197 5214 σοῦ
1217 5161 1362 5232 παρά
1382 5160 1488 5213 τῶν
1506 5158 1799 5230 προλαϐόν-

246 5280 356 5315 των
380 5262 469 5313 ἐπὶ
484 5258 580 5329 τὴν
612 5257 708 5328 σὴν
738 5256 1041 5327 συνήθειαν,
1073 5255 1165 5308 καὶ
1181 5254 1341 5315 αὐτὸς
1356 5252 1421 5305 δι’
1444 5251 1623 5321 ὀλίγου
1651 5267 1806 5305 κατα-

245 5360 443 5428 νοήσας
473 5352 580 5424 ὲρῶ
612 5353 737 5407 τοὺς
775 5349 1197 5419 ἀστρονομικοὺς
1242 5345 1541 5418 σπινθῆρας
1595 5344 1811 5408 ἐνόντας

245 5466 343 5504 σου
377 5450 441 5518 τῇ
472 5446 615 5515 ψυχῇ
650 5442 871 5503 τούτους
903 5439 1116 5509 ἐξάψαι,
1146 5439 1238 5492 καὶ
1271 5438 1362 5490 ἐπὶ
1397 5438 1538 5509 μέγα
1566 5433 1695 5508 ἆραι
1726 5436 1813 5491 διά

246 5543 356 5596 τῶν
399 5539 625 5592 ἐνόντων
658 5533 1091 5604 ἐπιϐαλλόμενος.
1139 5528 1491 5601 Ἀστρονομία
1529 5528 1637 5597 γὰρ
1674 5528 1809 5598 αὐτή

246 5649 309 5685 τε
343 5626 679 5700 ὑπέρσεμνός
725 5626 870 5680 ἐστιν
912 5624 1211 5694 ἐπιστήμη,
1260 5620 1352 5674 καὶ
1394 5620 1511 5690 τάχ’
1543 5618 1810 5673 ἀναϐιϐα-

251 5722 389 5793 σμὺς
417 5721 505 5775 ἐπί
527 5737 578 5773 τι
600 5717 965 5790 πρεσϐύτερον
992 5713 1186 5785 γένοιτ’
1215 5713 1298 5767 ἄν’
1323 5712 1390 5782 ἣν
1414 5710 1523 5779 ἐγὼ
1548 5709 1814 5782 προσεχὲς

250 5817 490 5891 ἡγοῦμαι
519 5813 809 5885 πορθμεῖον
839 5815 937 5881 τῆς
970 5811 1277 5882 ἀπορρήτου
1303 5805 1607 5875 θεολογίας.
1643 5802 1815 5891 Ὕλην

1915 4803 2121 4847 censet.
2151 4790 2377 4862 Reliqua
2429 4801 2633 4854 autem,
2687 4793 2862 4863 magis
2913 4794 3065 4847 varia
3111 4804 3165 4849 et
3199 4797 3478 4850 callidiora

1917 4883 2283 4953 sophistarum
2312 4898 2509 4953 genera
2547 4890 2758 4938 tantum
2793 4900 2902 4939 non
2938 4885 3087 4939 omni
3109 4886 3257 4940 cultu
3287 4893 3340 4940 et
3386 4903 3478 4941 ve—

1916 4976 2199 5030 neratione
2242 4984 2671 5045 prosequuntur,
2715 4991 2809 5031 eos
2872 4978 3168 5047 praesertim
3220 4977 3313 5045 qui
3353 4992 3477 5031 cum

1915 5069 2067 5123 clava
2100 5075 2192 5121 aut
2221 5067 2465 5136 scipione
2515 5067 2793 5131 incedunt,
2848 5076 2901 5122 et
2946 5074 3107 5136 sputa
3147 5076 3273 5122 ante
3314 5083 3476 5137 quam

1915 5160 2081 5213 verba
2124 5158 2381 5213 fundunt.
2418 5157 2599 5225 Quare
2638 5166 2692 5214 et
2724 5159 2921 5229 iniquae
2954 5158 3112 5219 sorti,
3160 5172 3265 5226 qua
3294 5158 3478 5237 philo-

1916 5253 2106 5322 sophia
2136 5254 2324 5313 ntitur,
2356 5266 2666 5313 succurres,
2690 5266 2864 5321 neque
2895 5250 3041 5304 illam
3075 5249 3479 5319 eriminaberis,

1916 5361 2038 5414 quae
2059 5344 2309 5414 iniuriam
2337 5359 2446 5398 non
2475 5342 2626 5398 facit.
2671 5343 2806 5397 Nam
2835 5356 2944 5411 quo
2998 5356 3213 5411 aequum
3263 5350 3317 5397 et
3347 5356 3479 5396 con-

1916 5446 2235 5494 sentaneum
2264 5444 2367 5499 est,
2402 5436 2456 5490 id
2488 5437 2739 5505 apparuit
2774 5436 2907 5490 fieri.
2947 5434 3059 5489 Hoc
3088 5443 3145 5488 tu
3178 5433 3480 5490 transferes

1914 5529 2066 5585 adid
2115 5527 2259 5599 quod
2316 5528 2489 5597 magis
2539 5528 2796 5583 decorum
2858 5537 2914 5582 et
2968 5527 3322 5597 praestantius
3372 5532 3478 5592 est,

1918 5618 2139 5691 quando
2193 5618 2463 5672 valentius
2513 5626 2567 5672 et
2616 5615 2935 5686 flagrantius
2996 5625 3049 5672 te
3107 5615 3482 5687 philosophica

1920 5705 2329 5777 corripuerint:
2368 5720 2490 5759 cum
2524 5721 2593 5760 ne
2621 5721 2768 5762 nunc
2798 5704 3018 5775 quidem
3074 5704 3309 5776 segniter
3352 5719 3479 5775 proo

1921 5799 2305 5873 pugnationem
2339 5797 2565 5856 adortus
2593 5799 2710 5856 sis:
2751 5798 2951 5871 quippe
2988 5801 3081 5871 qui
3131 5798 3361 5853 canibus
3401 5797 3480 5852 la-
