4002 6244
293 316 433 382 5585

1380 331 1466 386 DE
1500 333 1680 389 DONO
1708 336 2124 396 ASTROLABH
2162 344 2416 405 SERMO.

3396 350 3539 404 1586

290 426 482 534 λογομς
512 429 727 501 τέμνειν
771 432 1040 506 διδούσης.
1092 442 1519 512 συγγενεστέραν
1572 446 1863 516 ἡγούμενοι

1969 463 2019 508 et
2067 470 2199 510 cura
2239 462 2660 525 statuissemus,
2695 463 3135 523 elaboravimus,
3180 471 3241 517 et'
3276 467 3540 534 scriptum

288 518 386 589 τὴν
406 521 655 576 ὁπωσοῦν
683 522 868 595 κοίλην
893 528 960 597 τῇ
982 526 1164 580 τέλεον
1194 536 1455 603 σφαιρικῇ
1481 551 1493 563 ·
1526 535 1866 610 ὑπεμὸολαίᾳ

289 612 351 666 τὸ
380 614 579 678 πλάτος
613 616 990 688 ὲκοιλάναμεν,
1039 622 1108 677 τά
1139 638 1196 673 τε
1228 621 1365 676 ἀλλα
1408 627 1827 699 ἐπεμελήθημεν
1847 670 1861 694 ,

288 704 439 769 ὅπως
473 706 538 760 ἂν
563 708 597 777 ἡ
629 711 902 776 φαντασία
930 711 1021 765 τοῦ
1052 714 1284 784 ὀργάνου
1317 718 1415 787 τῆς
1440 719 1698 790 ἀληθείας
1733 722 1865 774 ὁπο-

294 800 578 872 μιμνήσκῃ
604 801 697 854 τὸν
720 800 905 856 ἔννουν
932 806 1147 876 θεατήν.
1187 808 1295 861 Καὶ
1324 810 1430 881 γὰρ
1463 815 1577 875 τοῖς
1604 811 1664 877 ἒξ
1699 814 1863 884 μεγέ-

290 892 445 944 θεσιν
490 892 615 955 τοὺς
665 893 1021 966 διαφέροντας
1065 897 1299 968 ἀστέρας
1347 901 1715 974 ὲνετάξαμεν,
1770 904 1864 957 καὶ

290 985 415 1046 τοὺς
436 985 572 1052 πρὸς
592 984 852 1056 ἀλλήλους
872 987 1047 1040 αὐτῶν
1068 994 1475 1061 σχηματισμοὺς
1497 995 1861 1065 ἐτηρήσαμεν.

299 1074 420 1126 Τῶν
447 1075 506 1128 δὲ
532 1076 748 1130 κύκλων
776 1081 904 1143 τοὺς
934 1081 1033 1150 μὲν
1068 1083 1499 1153 περιηγάγομεν,
1532 1087 1673 1149 τοὺς
1697 1087 1754 1139 δὲ
1784 1088 1864 1140 δι-

290 1170 573 1240 ηγάγομεν
600 1189 611 1200 ο
640 1172 885 1234 ἅπαντας
907 1174 963 1226 δὲ
989 1176 1255 1246 ἐτέμομεν
1275 1179 1556 1248 μοιρικῶς,
1579 1179 1674 1243 τάς
1701 1181 1864 1235 πέντε

295 1263 571 1331 μοιριαίας
615 1265 878 1334 γραμμὰς
940 1267 1158 1333 μείζους
1212 1269 1320 1321 τῶν
1375 1272 1660 1341 μοιριαίων
1709 1273 1867 1342 ποιή-

294 1371 486 1412 σαντες
510 1371 522 1384 ’
576 1356 657 1407 ὅτι
706 1358 798 1409 καὶ
844 1358 942 1421 τὰς
994 1361 1306 1431 ἐπιγραφὰς
1331 1360 1438 1414 τῶν
1469 1362 1716 1433 ἀριθμῶν
1744 1364 1864 1417 κατ’

292 1446 461 1509 αὑτὰς
492 1448 944 1520 παρηυξὴσαμεν,
996 1453 1089 1505 καὶ
1131 1454 1188 1504 ὲν
1233 1452 1457 1524 ἀργύρῳ
1497 1453 1591 1507 τοῦ
1640 1454 1869 1524 μέλανος

292 1538 531 1609 ἔμφασιν
551 1539 755 1609 βιϐλίου
778 1540 1057 1605 ποιοῦντος
1077 1543 1137 1596 τὸ
1159 1545 1536 1614 ὑποκείμενον.
1561 1545 1865 1615 Τέτμηνται

291 1631 349 1683 δὲ
375 1632 472 1702 οὐχ
501 1633 832 1702 ὀμοστοίχως
869 1632 1106 1698 ἅπαντες
1124 1676 1140 1699 ,
1184 1635 1297 1690 οὗθ’
1324 1637 1534 1699 ἑαυτοῖς
1566 1634 1677 1689 οὔτ’
1704 1635 1866 1706 ἀλλήο

292 1722 407 1788 λοις
428 1741 441 1755 ο
474 1725 586 1778 ἀλλ’
608 1726 656 1777 οί
682 1726 778 1795 μὲν
804 1727 883 1785 είς
915 1728 1036 1790 ἴσας
1064 1727 1255 1798 τομὰς,
1279 1730 1325 1781 οί
1352 1729 1407 1781 δὲ
1439 1729 1741 1800 ἀνωμάλως
1768 1728 1866 1799 μὲν

1970 543 2278 609 edidimus,
2313 550 2456 618 quod
2478 566 2600 605 cum
2639 552 2793 621 copia
2832 554 3142 607 necessaria
3169 593 3183 615 ,
3226 561 3337 605 tum
3366 557 3543 609 varie-

1973 635 2495 693 tatetheorematum
2532 641 2893 706 stipavimus,
2934 649 2986 694 et
3025 641 3091 694 ad
3123 642 3400 694 materiam
3433 652 3539 694 trac

1968 720 2169 778 ducere
2230 726 2630 796 disputationes
2696 730 3045 794 studuimus,
3110 732 3540 801 pulcherrimum

1966 812 2169 868 tabulae
2202 818 2387 872 mundi
2416 818 2773 874 simulacrum
2802 821 2999 873 moliti.
3029 820 3164 875 Cum
3199 836 3325 874 vero
3353 820 3543 874 eadem

1969 907 2227 961 tractatio
2287 918 2341 963 et
2393 910 2611 979 planam
2659 912 3045 982 superficiem,
3092 922 3145 966 et
3205 914 3544 982 mquabilitcr

1966 1010 2156 1049 cavam
2210 998 2265 1052 in
2321 1001 2563 1056 rationes
2606 1012 2786 1057 certas
2831 1017 3018 1056 secare
3066 1004 3374 1064 concedat,
3414 1004 3541 1071 quia

1967 1086 2227 1155 majorem
2290 1095 2673 1160 cognationem
2715 1092 2915 1148 habere
2966 1093 3303 1148 ducebamus
3357 1096 3544 1163 quale-

1970 1194 2188 1249 cunque
2233 1196 2426 1235 cavum
2492 1200 2616 1236 cum
2677 1199 2906 1255 corpore
2966 1183 3206 1253 perfecte
3265 1185 3539 1254 globoso:

1967 1270 2176 1326 idcirco
2223 1275 2384 1342 plana
2430 1275 2614 1329 tabula
2651 1290 2844 1330 cavum
2896 1275 3254 1345 deprimendo
3312 1276 3543 1345 perfeci-

1965 1378 2089 1417 mus
2130 1382 2142 1417 :
2191 1372 2306 1418 tum
2346 1366 2450 1418 alia
2510 1368 2937 1436 exquisivimus,
2975 1383 3084 1438 quo
3113 1368 3299 1436 organi
3335 1368 3542 1436 species

1968 1466 2218 1521 sagacem
2264 1463 2627 1523 spectatorem
2670 1456 2739 1511 de
2774 1457 3002 1512 veritate
3052 1458 3357 1511 admoneat.
3406 1456 3539 1510 Nam

1966 1551 2020 1597 et
2049 1544 2235 1598 stellas
2268 1545 2413 1609 illas,
2442 1563 2673 1616 quarum
2710 1564 2840 1602 sena
2881 1548 3317 1617 magnitudinum
3348 1548 3543 1601 discri-

1967 1634 2114 1687 mina
2159 1645 2316 1700 sunt,
2354 1637 2545 1693 ordine
2582 1639 2955 1705 inseruimus,
2991 1649 3044 1693 et
3082 1639 3273 1693 harum
3320 1640 3459 1694 inter
3484 1655 3543 1694 se

1971 1725 2437 1783 conformationes
2506 1729 2864 1783 servavimus.
2935 1727 3010 1782 De
3068 1729 3294 1783 circulis
3362 1739 3541 1782 autem

294 1817 388 1870 καὶ
435 1816 633 1880 ἀνίσως
668 1817 810 1870 κατά
839 1819 939 1886 τὴν
965 1818 1240 1889 αἴσθησιν,
1288 1820 1365 1890 τῷ
1393 1820 1537 1891 λόγῳ
1565 1821 1621 1873 δὲ
1649 1820 1866 1891 ὁμαλῶς

1971 1815 2232 1888 quosdam
2271 1818 2480 1871 circum
2528 1819 2707 1883 alios,
2746 1818 3015 1888 quosdam
3061 1834 3159 1888 per
3205 1818 3339 1872 alios
3385 1817 3544 1871 duxi-

290 1928 352 1963 τε
400 1912 491 1964 καὶ
522 1906 614 1964 ἶσα
647 1910 757 1982 [γρ.
792 1910 963 1981 ῐσως].
998 1911 1169 1966 Τοῦτο
1216 1912 1325 1984 γάρ
1374 1914 1482 1966 ἔδει
1518 1913 1859 1982 συμϐαίνειν.

292 2002 360 2055 ἶν’
386 2001 696 2074 ὁμολογήσῃ
727 2002 794 2055 τὰ
828 2002 1153 2074 διαφέροντα
1182 2008 1456 2074 σχήματα.
1488 2005 1566 2056 Δι’
1592 2003 1660 2073 ἢν
1684 2004 1862 2057 αίτίαν

290 2090 386 2146 καὶ
414 2094 462 2146 οί
490 2093 577 2147 διά
608 2093 716 2146 τῶν
749 2094 928 2147 πόλων
960 2112 1017 2147 τε
1045 2094 1137 2146 καὶ
1170 2094 1278 2147 τῶν
1304 2093 1583 2165 τροπικῶν
1618 2093 1860 2163 σημείων

288 2184 625 2255 γραφόμενοι
655 2184 897 2255 μέγιστοι
942 2186 1127 2241 κύκλοι
1148 2228 1163 2249 ,
1210 2185 1287 2256 τῷ
1314 2186 1456 2257 λόγῳ
1488 2186 1738 2257 μένοντες
1768 2184 1860 2238 κύ-

289 2276 428 2342 κλοι,
464 2277 748 2345 γεγόνασιν
777 2277 983 2331 εὐθεῖαι
1016 2281 1081 2350 τῇ
1131 2278 1418 2349 μεταθέσει
1447 2277 1539 2331 τοῦ
1568 2277 1859 2348 θεωρήμα-

288 2385 381 2432 τος
404 2385 417 2398 ’
464 2370 492 2422 ὅ
520 2387 579 2423 τε
616 2370 1000 2441 ’Δνταρκτικὸς
1041 2370 1240 2441 μείζων
1270 2371 1585 2423 ὲντέτακται
1624 2369 1731 2422 τῶν
1766 2386 1861 2438 με·

287 2459 510 2527 γίστων,
536 2462 628 2514 καὶ
656 2461 724 2514 τά
755 2462 892 2533 πρὸς
922 2461 1178 2533 ἀλλήλους
1204 2463 1545 2532 διαστήματα
1570 2459 1682 2513 τῶν
1700 2458 1859 2512 ἀστέ-

293 2568 402 2618 ρων
434 2552 767 2623 ὲμεγεθῦνθη
809 2553 929 2607 κατ’
962 2554 1136 2607 ἐκεῖνο
1177 2554 1278 2624 τῆς
1321 2552 1698 2619 ἐξαπλώσεως.
1736 2551 1859 2604 Τῶν

287 2644 347 2696 δὲ
376 2645 810 2716 ἐπιγραμμάτων
850 2645 886 2699 ὃ.
916 2646 1004 2699 διὰ
1031 2646 1232 2718 χρυσοῦ
1266 2645 1486 2716 στερεοῦ
1512 2647 1631 2707 ταῖς
1666 2641 1859 2713 σχολα-

1966 1925 2088 1964 tuus
2114 1928 2127 1963 :
2160 1910 2447 1966 universos
2473 1919 2654 1966 autem
2686 1911 2739 1965 in
2770 1918 2955 1981 partes
2977 1911 3283 1976 secuimus;
3314 1920 3366 1964 et
3389 1910 3544 1979 quin-

1966 2008 2143 2054 tarum
2173 2010 2324 2055 certe
2351 2004 2586 2072 partium
2613 2003 2787 2058 lineas
2810 2002 3131 2073 grandiores
3153 2018 3314 2071 quam
3352 2002 3540 2071 singu-

1966 2091 2142 2143 larum
2184 2093 2419 2161 partium
2459 2092 2687 2148 fecimus
2718 2112 2731 2148 :
2770 2102 3058 2163 propterea
3092 2093 3241 2165 quod
3279 2108 3544 2147 numero—

1964 2196 2084 2233 rum
2125 2184 2287 2236 etiam
2335 2183 2722 2254 inscriptiones
2762 2184 2917 2252 juxta
2961 2183 3060 2237 has
3105 2181 3540 2251 exsculpsimus,

1964 2281 2127 2342 atque
2159 2274 2212 2327 in
2234 2280 2496 2344 argento,
2539 2275 2593 2328 in
2635 2289 2743 2344 quo
2776 2282 2953 2328 atrum
2995 2273 3116 2327 libri
3163 2274 3398 2343 speciem
3434 2287 3542 2341 prae

1966 2380 2024 2419 se
2054 2365 2180 2427 fert,
2214 2366 2264 2419 id
2288 2366 2428 2435 quod
2459 2366 2670 2421 litteras
2698 2368 2921 2437 excipit.
2953 2367 3183 2422 Disseeti
3206 2372 3385 2419 autem
3415 2373 3542 2418 sunt

1966 2473 2075 2511 nou
2124 2458 2241 2526 pari
2299 2458 2441 2511 serie
2491 2458 2764 2518 universi,
2800 2465 2910 2511 tam
2958 2459 3059 2528 ipsi
3110 2474 3204 2527 per
3253 2473 3312 2511 se
3377 2472 3538 2525 quam

1966 2558 2217 2617 respectu
2272 2549 2413 2601 inter
2450 2564 2563 2623 se:
2616 2550 2709 2603 sed
2759 2551 2847 2603 alii
2909 2550 3131 2619 quidem
3177 2550 3229 2601 in
3272 2548 3544 2602 sectiones

1963 2641 2241 2709 aequales,
2296 2640 2387 2691 alii
2456 2654 2583 2692 vero
2643 2640 3040 2707 inarquabiliter
3090 2647 3143 2694 et
3207 2639 3544 2707 inaequaliter

291 2733 513 2798 ζούσαις
555 2736 801 2807 ἀστέρων
846 2738 1085 2809 χώραις,
1134 2738 1274 2792 κατά
1330 2737 1421 2789 τὸν
1474 2734 1861 2805 ’Δνταρκτικὸν

1970 2748 2164 2795 sensu,
2203 2731 2413 2785 ratione
2448 2740 2629 2786 autem
2669 2741 2724 2787 et
2762 2733 3101 2803 aequabiliter
3136 2739 3189 2786 et
3235 2730 3539 2799 mqualiter.

290 2825 492 2878 κύκλον
521 2827 916 2897 ὲγκολάψαντες
946 2828 1305 2901 ὲνεθήκαμεν,
1339 2831 1399 2882 τὸ
1430 2830 1525 2899 μὲν
1553 2828 1777 2897 ὕστερον
1802 2826 1865 2879 τὸ

1969 2822 2027 2877 Id
2074 2822 2218 2878 enim
2282 2823 2533 2881 accidere
2587 2831 2828 2894 oportet,
2885 2833 2945 2877 ut
3006 2830 3387 2876 consentaneae
3431 2820 3551 2874 sint.

290 2917 642 2987 τετράστιχον
700 2921 921 2990 ἀρχαῖόν
969 2922 1149 2987 ἐστιν,
1196 2921 1573 2989 ἀπλουστέρως
1618 2920 1738 2989 ἔχον
1786 2919 1866 2981 εἰς

1974 2916 2203 2970 diversa:
2246 2914 2452 2985 figurae.
2481 2916 2598 2982 Qua
2653 2915 2720 2970 de
2771 2930 2936 2969 causa
2969 2923 3022 2969 et
3065 2914 3141 2967 illi
3183 2913 3403 2966 maximi
3441 2912 3544 2964 cir-

290 3009 654 3081 ἀστρονομίαν
678 3013 948 3084 ἐγκώμιον
971 3031 985 3044 ⁸

1979 3007 2086 3062 culi
2115 3007 2207 3074 qui
2245 3022 2339 3076 per
2362 3010 2516 3077 polos
2546 3015 2600 3062 et
2630 3016 2828 3078 puncta
2859 3008 3069 3077 trepica
3118 3004 3538 3068 describuntur,

290 3121 418 3161 cum
453 3108 782 3163 circulorum
810 3110 1073 3164 rationem
1107 3111 1398 3173 retineant,
1425 3108 1756 3163 theoremate
1776 3111 2009 3162 mutato.
2040 3113 2200 3156 rectae
2221 3101 2380 3156 linea:
2410 3100 2536 3156 facti
2568 3114 2698 3158 sunt
2725 3118 2737 3154 :
2763 3102 3217 3170 Antarcticusque
3246 3103 3321 3156 ita
3360 3099 3557 3152 inscia

290 3207 384 3253 tus
412 3206 519 3263 est,
559 3208 616 3253 ut
651 3201 822 3270 major
846 3203 918 3257 sit
939 3218 1103 3271 quam
1136 3202 1212 3255 illi
1236 3200 1462 3255 maximi
1505 3217 1520 3254 :
1548 3207 1660 3253 tum
1701 3196 1979 3250 intervalla
2010 3195 2209 3263 quibus
2247 3180 2601 3251 stellaa‘inter
2631 3210 2689 3249 se
2713 3193 2953 3259 distant,
2995 3193 3201 3261 majora
3232 3191 3371 3245 facta
3410 3175 3540 3243 sunt

289 3292 351 3346 in
390 3293 478 3347 illa
509 3295 907 3363 explanationis
939 3297 1167 3351 ratione.
1210 3295 1284 3350 De
1324 3293 1736 3364 epigrammatis
1773 3300 1953 3345 autem
1976 3332 1988 3351 ,
2020 3305 2142 3359 quae
2180 3306 2245 3345 ex
2288 3291 2466 3347 solido
2493 3305 2629 3344 auro
2658 3290 2713 3343 in
2740 3289 2980 3343 vacuisat
3016 3287 3191 3341 stellis
3234 3284 3403 3348 locis,
3437 3282 3538 3337 sui:

290 3387 501 3439 circulo
532 3386 849 3442 Antarctico
879 3397 1105 3444 exarata
1143 3389 1496 3457 apposuimus
1522 3405 1534 3440 :
1572 3386 1640 3439 de
1666 3384 1771 3444 his.
1804 3385 2048 3451 inquam,
2082 3382 2311 3436 alterum
2353 3382 2627 3451 posterius
2659 3391 2713 3435 et
2743 3387 2980 3449 quatuor
3007 3390 3285 3439 versuum,
3308 3374 3361 3429 id
3386 3382 3541 3428 vetus

290 3486 399 3542 est,
441 3478 587 3547 quod
626 3479 976 3535 astronomia:
1004 3478 1218 3534 laudem
1249 3476 1516 3541 continet,
1557 3472 1910 3543 simplicioris
1937 3470 2227 3538 cujusdam
2260 3471 2423 3524 modi.

294 3611 417 3670 οἷδ’
445 3615 534 3670 ὅτι
574 3615 787 3682 θνατὸς
829 3614 977 3681 ἐγὼ,
1020 3615 1114 3668 καί
1161 3611 1490 3683 ἐφάμερος·
1528 3611 1681 3683 ἀλλ’
1721 3607 1866 3660 ὅταν

2043 3603 2171 3658 Sum
2200 3606 2439 3659 mortalis
2463 3605 2636 3666 homo,
2662 3605 2781 3658 vita:
2803 3619 3001 3674 quoque
3024 3602 3317 3671 perbrevis:
3343 3613 3397 3656 at
3424 3617 3541 3653 cum

764 3680 775 3682 ⁷
966 3680 969 3681 ⁷
1195 3680 1208 3683 ⁷
1274 3680 1288 3683 ⁷
1350 3680 1353 3681 ⁷
1527 3680 1795 3751 [ἄστρων

380 3755 624 3825 Ἰχνεύω
648 3755 907 3822 πυκινὰς
941 3754 1348 3826 ἀμφιδρόμοᾼυς
1378 3752 1602 3826 ἕλικας,
1657 3820 1670 3826 _
1729 3815 1755 3826 _

286 3828 413 3896 Οὐκ
431 3820 516 3879 ἔτ’
540 3827 812 3896 amp-addi
834 3820 1006 3896 γὰίηξ-
1024 3820 1229 3885 Ξτοάὶνῖ,
1250 3823 1423 3896 ἀλγιὰΔ
1437 3822 1571 3896 πειρῇ
1604 3820 1763 3883 αὐτῷ

368 3894 513 3964 Ζηνὶ
548 3891 894 3966 διοὲρεφέώς
930 3891 1271 3965 arguam
1306 3891 1657 3963 ἀμϐροσίης.

292 4029 373 4082 Τὸ
400 4029 456 4082 δὲ
487 4029 787 4099 ἡγούμενον
826 4027 991 4082 αὑτοῦ
1021 4028 1083 4081 τὸ
1108 4028 1469 4097 ὁκτάστιχον,-
1497 4024 1723 4096 ἐποιήθη
1770 4024 1869 4095 μὲν

293 4120 388 4189 ὑφ’
439 4114 501 4174 οὗ
540 4121 601 4172 τὸ
644 4121 822 4191 ἔργον,
871 4120 1041 4193 ἐμοῦ·
1095 4119 1470 4191 σπερματικὴν
1513 4118 1570 4172 δὲ
1617 4117 1730 4187 ἔχει
1777 4116 1871 4169 καὶ⁸

295 4211 591 4282 καθολικὴν
637 4213 914 4284 περίνοιαν
958 4213 1066 4266 τῶν
1112 4212 1491 4283 ὲνορωμένων,
1538 4212 1654 4281 μετ’
1691 4207 1871 4278 ίσχύος

295 4303 735 4374 ἀπηγγελμένον,
763 4307 856 4358 καὶ
887 4303 1324 4375 ἐπιπημοναῶς
1354 4302 1553 4373 μᾶλλον
1579 4300 1872 4372 ἢάκριὸῶς

298 4396 416 4469 [γρ.
450 4395 658 4469 ἁϐρῶς]
703 4397 1077 4467 συγκείμενον,
1113 4399 1177 4449 Ὃ
1206 4395 1511 4463 διαλέγεται
1544 4393 1678 4463 πρὸς
1716 4392 1873 4463 μόνον

297 4488 392 4541 τὸν
418 4489 768 4559 ἀστρονόμον,
802 4488 854 4541 τί
894 4487 961 4543 ἂν
993 4489 1176 4542 ὄναιτο
1204 4486 1299 4541 τοῦ
1334 4487 1587 4558 ὀργάνου.
1626 4485 1735 4548 Τάς
1764 4485 1873 4553 γὰρ

302 4579 507 4650 ἐποχὰς
551 4580 887 4649 ὑπισχνεῖται
928 4580 1036 4632 τῶν
1078 4580 1325 4650 ἀστέρων
1363 4595 1375 4608 ⁸
1428 4577 1544 4632 ἀλλ’
1588 4576 1701 4631 οὔτι
1742 4578 1874 4648 φησὶ

301 4671 441 4741 πρὸς
488 4670 577 4723 τὸν
632 4669 937 4734 ζωδιακδν,
994 4671 1129 4724 ἀλλά
1186 4670 1323 4741 πρὸς
1383 4669 1476 4723 τὸν
1542 4670 1869 4739 ἰσημερινόν.

316 4764 517 4834 Ἐφὰνη
546 4764 653 4835 γὰρ
703 4762 791 4818 διά
833 4763 939 4816 τῶν
979 4763 1321 4834 γραμμάτων
1374 4761 1435 4815 τὺ
1468 4761 1691 4825 ἐκείνως
1736 4762 1875 4813 ἑλεῖν

302 4855 582 4909 ἀδύνατον.
648 4855 756 4907 Καὶ
794 4854 895 4917 τὰς
936 4852 1189 4918 λοξὼσεις
1237 4854 1400 4922 φησὶν
1450 4852 1721 4919 δίδοσθαι,
1767 4852 1876 4906 τῶν

2041 3740 2200 3792 Astra
2232 3739 2511 3808 globosque
2532 3739 2640 3806 poli
2677 3739 2930 3792 scandere
2959 3739 3059 3806 fert
3083 3739 3329 3797 animus;

1974 3808 2103 3862 Tum
2138 3810 2355 3876 pedibus
2380 3826 2481 3862 non
2506 3811 2653 3861 calca
2684 3814 2894 3861 solum:
2925 3811 3014 3862 sed
3036 3810 3227 3862 celsior
3258 3810 3373 3859 alto.

2039 3878 2205 3933 Adsto
2229 3878 2349 3933 Jovi
2368 3918 2384 3943 ,
2419 3890 2574 3946 atque
2599 3880 2741 3931 alma
2771 3880 3014 3947 perfruar
3040 3880 3326 3932 ambrosia.

1969 4038 2131 4109 313
2160 4038 2407 4091 Alterum
2433 4051 2563 4091 vero
2586 4036 2779 4090 ordine
2808 4035 2983 4105 prius,
3020 4034 3167 4103 quod
3193 4042 3319 4087 octo
3349 4048 3542 4087 versus

1970 4130 2167 4191 habet,
2203 4129 2564 4198 compositum
2615 4137 2700 4183 est
2742 4128 2810 4181 ab
2861 4143 2926 4181 eo
2966 4141 2996 4179 a
3038 4141 3149 4196 quo
3194 4133 3255 4179 et
3294 4139 3467 4193 opus,
3513 4139 3549 4176 at

1971 4230 2057 4273 me
2089 4220 2317 4273 scilicet.
2356 4218 2616 4289 Sparsam
2644 4228 2826 4273 autem
2867 4217 3113 4272 continet
3148 4226 3205 4271 et
3229 4215 3540 4285 generalem

1972 4310 2471 4365 considerationem
2503 4325 2692 4365 eorum
2721 4325 2843 4379 qua:
2867 4316 3205 4367 cernuntur.
3236 4305 3543 4376 profertur-

1972 4416 2080 4471 que
2112 4418 2234 4456 cum
2270 4404 2356 4467 vi,
2391 4418 2516 4455 cum
2547 4403 2622 4455 ita
2660 4401 2859 4455 factum
2888 4400 2990 4462 sit,
3029 4408 3086 4453 ut
3116 4398 3382 4452 doctrina:
3417 4398 3544 4465 plus

1972 4508 2135 4563 quam
2194 4493 2476 4563 elegantia:
2528 4491 2750 4545 habeat.
2806 4489 3036 4543 Enarrat
3082 4489 3283 4557 quippe
3333 4495 3542 4541 tantum

1973 4596 2309 4644 astronomo,
2336 4583 2468 4653 quid
2495 4583 2708 4637 fructus
2729 4583 3025 4651 ahergaoo
3045 4581 3325 4649 percipere
3349 4579 3543 4648 possit.

1974 4679 2109 4733 Nam
2138 4686 2191 4733 et
2224 4678 2343 4731 loca
2377 4676 2646 4747 promittit
2684 4675 2958 4736 siderum,
2994 4688 3101 4729 non
3134 4681 3316 4727 tamen
3362 4670 3544 4741 Signi-

1977 4768 2079 4824 feri
2122 4780 2412 4839 respectu,
2461 4768 2559 4823 sed
2609 4765 3080 4836 Equinoctialis:
3132 4766 3235 4819 hoc
3278 4764 3423 4819 enim
3479 4762 3549 4815 de

1975 4863 2319 4932 expositione
2348 4862 2563 4929 scripta
2585 4859 2698 4929 jam
2740 4860 2915 4929 patuit
2942 4898 2957 4921 ,
2990 4858 3104 4914 fieri
3142 4872 3250 4912 non
3282 4870 3446 4925 posse
3487 4861 3547 4905 ut

308 4943 489 5017 μερῶν
532 4943 624 4995 τοῦ
678 4942 941 5005 ζωδιακοῦ
1006 4943 1246 5012 δηλονότι
1293 4942 1433 5013 πρὸς
1474 4942 1542 4995 τὰ
1591 4943 1731 5013 μέρη
1780 4941 1867 4995 τοῦ

1979 4953 2071 5007 illo
2114 4952 2276 5006 modo
2306 4949 2808 5020 deprehendantur.
2846 4945 2985 4999 Tum
3023 4946 3427 5015 obliquatioues
3470 4942 3548 4993 ait

310 5034 621 5107 ίσημερινοῦ
647 5051 661 5066 ·
704 5035 797 5088 ὲπὶ
836 5037 969 5088 πᾶσι
1007 5035 1105 5097 τὰς
1150 5032 1541 5102 συναναφοράς,
1578 5034 1721 5086 τοῦτ’
1759 5033 1874 5087 ἔστι

306 5133 424 5194 ταῖς
451 5130 644 5192 πόσαις
673 5127 766 5181 τοῦ
807 5126 1068 5189 ζωδιακοῦ
1113 5128 1323 5197 μοίραις
1362 5129 1415 5180 αἱ
1447 5126 1605 5179 micat
1630 5126 1723 5179 τοῦ
1758 5129 1877 5197 ίση-

313 5222 531 5292 μερινοῦ
561 5223 652 5276 τὸν
683 5223 847 5275 αὐτὸν
875 5222 1186 5291 ἰσημερινὸν
1218 5222 1599 5292 διεξέρχονται.
1635 5221 1789 5273 Ἔστι
1819 5221 1875 5273 δὲ

308 5312 427 5365 τόδε
454 5329 467 5343 ·
535 5314 827 5386 γεγράφθω
886 5312 943 5365 δὲ
988 5311 1096 5366 τῶν
1143 5311 1368 5384 ὕστερον
1416 5313 1875 5382 ἀναγνωσομένων

310 5404 493 5461 ehem
519 5423 533 5439 °
566 5406 683 5459 ἐπεὶ
713 5407 793 5460 σοί
822 5422 885 5473 γε
911 5405 1012 5457 κάν
1040 5402 1116 5472 τῷ
1144 5403 1333 5457 πίνακι
1358 5403 1604 5473 κείμενον
1628 5404 1869 5474 ἐξαρκεῖ.

1905 5003 1952 5064 D

1977 5044 2183 5100 efﬁctas
2226 5060 2388 5104 esse,
2436 5043 2673 5111 partium
2725 5040 2940 5096 scilicet
2992 5038 3217 5092 Zodiaci
3257 5037 3545 5106 adpartes

1981 5136 2408 5206 Aﬂquinoctialis
2429 5174 2443 5197 ,
2472 5145 2525 5189 et
2560 5135 2616 5187 iu
2647 5134 2885 5202 singulis
2915 5147 3036 5200 quae
3063 5145 3185 5184 eum
3220 5130 3328 5183 illis
3356 5144 3462 5181 una
3487 5142 3545 5180 se

1976 5230 2319 5300 proferunt:
2354 5228 2421 5282 id.
2456 5238 2576 5293 est,
2623 5241 2748 5280 cum
2796 5235 2929 5294 quot
2985 5222 3234 5293 partibus
3288 5219 3544 5281 Zodiaci,

1977 5328 2111 5390 quot
2148 5318 2575 5389 Equinortialis
2624 5332 2720 5388 per
2759 5315 2912 5369 illum
2948 5314 3123 5384 ipsum
3157 5310 3543 5382 A‘Iquinoctia-

1976 5411 2080 5465 lem
2106 5418 2409 5466 transeunt.
2439 5410 2535 5465 Est
2576 5419 2755 5465 autem
2783 5407 3133 5477 Epigramma
3173 5405 3316 5474 quod
3364 5410 3546 5473 poste-

312 5510 499 5550 rorum
544 5510 707 5551 causa
759 5498 862 5551 hoc
912 5497 1033 5549 loco
1081 5495 1376 5564 ascriptum
1426 5502 1511 5549 est
1542 5538 1556 5559 ,
1605 5497 1698 5565 qui
1755 5500 1865 5555 sint
1899 5501 2139 5560 lecturi:
2187 5521 2312 5559 nam
2350 5503 2449 5558 tibi
2480 5504 2698 5571 quidem
2729 5501 2866 5556 satis
2893 5512 3007 5559 eSt,
3080 5498 3134 5550 iu
3181 5497 3360 5549 tabula
3424 5510 3548 5553 esse

313 5590 572 5645 incisum.

324 5682 392 5737 Ἦ
407 5681 594 5755 σρςοίη
610 5682 815 5755 στίξον
834 5678 1009 5755 εὗρεν
1026 5683 1093 5755 ἐς
1106 5681 1383 5755 οὺρᾳνόν-
1401 5678 1467 5735 Ὦ
1481 5681 1633 5755 μέγα
1646 5684 1877 5755 Gaium!

382 5750 494 5807 Καὶ
522 5751 661 5810 νόος
689 5750 755 5809 ἐξ
784 5748 979 5808 αὐτῶν
1014 5748 1197 5821 ἦλθεν
1222 5748 1614 5820 ἐπουρανῖωὺ.

1980 5682 2181 5739 Invenit
2214 5680 2396 5749 sophia
2427 5677 2496 5731 ad
2521 5678 2675 5732 cwlos
2701 5676 2901 5749 aditum
3001 5677 3148 5749 opia
3185 5666 3363 5731 mira!

2055 5752 2121 5808 Ut
2158 5747 2300 5807 meus
2329 5749 2590 5805 cmlitibus
2625 5748 2755 5803 venit
2785 5747 2848 5801 ab
2879 5747 3130 5803 tet/terit}.
