3924 6230
439 314 577 382 1619
1633 320 1691 374 S.
1739 316 2013 374 ARSEMI
2054 315 2380 373 EREIIITE
3547 320 3691 375 I620

434 438 667 512 Spiritus
695 439 1076 496 emundatio'ni
1102 438 1443 494 studeamus.
1471 433 1637 505 Atqui
1663 431 1854 487 multis
1877 447 1998 488 sane

2112 449 2270 497 σεως,
2301 432 2598 504 χρημάτων
2634 432 2837 504 ἔρωτος
2863 450 2878 463 ·
2923 433 3019 487 καὶ
3045 432 3141 487 τοῦ
3173 434 3391 488 πάντων
3418 434 3691 506 χείρονος,

432 545 499 588 ea
525 532 754 588 incessit
786 547 941 598 cura,
972 525 1452 586 ut‘scortationem
1494 540 1559 580 ac
1591 526 1846 579 carnales
1878 524 1998 578 reli-

2111 522 2514 595 ὑπερηφανείας
2538 538 2551 551 ⁸
2606 522 2812 577 τούτοιν
2844 524 3104 593 ἐκφυγεῖν
3140 523 3240 587 τάς
3279 523 3552 594 ὀχλήσεις,
3584 524 3698 575 6).!-

434 639 571 695 qnas
610 623 865 680 libidines
914 622 1254 692 aﬂ‘ectusque
1281 620 1572 690 diligenter
1619 624 1876 672 caverent
1904 630 1918 669 :
1950 626 1998 670 ut

2110 630 2199 681 τοι
2248 613 2442 685 κομιδῇ
2499 616 2923 685 πεφροντήκασι.
2962 615 3230 689 Ταύτῃτοι
3280 615 3378 687 τὴν
3419 615 3695 686 κάθαρσιν

435 722 618 769 autem
645 714 948 769 occultiora
975 711 1109 767 vitia
1137 711 1410 774 eluerent,
1449 718 1577 779 puta
1612 706 1850 769 invidiae,
1886 709 1998 759 ina-

2109 706 2170 773 ἐξ
2197 705 2451 778 ἡμισείας
2484 705 2697 777 ἔχουσιν
2722 703 2868 761 οὑτοι
2892 723 2905 736 ⁶
2935 708 3135 779 μᾶλλον
3162 708 3240 770 δὲ,
3262 708 3343 780 τῷ
3362 708 3573 761 πλείονι
3595 711 3695 762 καὶ

432 804 523 860 nis
556 805 765 875 gloriae,
797 820 954 860 vana:
988 820 1105 860 suae
1132 802 1412 875 opinionis
1441 808 1495 855 et
1518 799 1821 871 jactantize,
1853 813 1998 851 amo-

2110 798 2431 870 κυριιιντέρῳ
2489 799 2647 870 μέρει
2679 798 2981 870 ἀκάθαρτοι
3036 802 3376 871 μεμενήκασι
3402 816 3416 830 ’
3448 803 3547 854 καὶ
3576 796 3695 854 οἷον

432 895 513 951 ris
550 897 929 966 pecuniarum,
972 895 1332 965 omniumque
1377 892 1637 948 vitiorum
1695 890 1998 949 deterrimi.

2109 888 2427 960 ἀνδριάντες
2462 890 2620 952 εἰσὶν,
2648 890 2698 942 οῖ
2730 890 2927 954 ἔξωθεν
2963 892 3062 961 μὲν
3102 892 3180 961 τῷ
3209 892 3392 963 χρυσῷ
3426 893 3696 954 πολλάκις

432 989 723 1056 superbia,
754 1003 926 1059 seque
953 987 1149 1045 horum
1192 986 1440 1041 molestia
1488 985 1808 1046 liberarent,
1847 980 1998 1050 pauci

2110 980 2144 1052 ἢ
2169 980 2265 1034 καὶ
2291 979 2483 1052 χαλκῷ
2522 981 2816 1044 στίλϐουσι,
2843 983 2911 1035 τά
2937 982 2994 1035 δὲ
3022 982 3192 1041 ἔνδον.
3222 984 3567 1055 ἀκαθαρσίας
3595 986 3695 1038 καὶ

432 1078 724 1136 admodum
768 1095 1059 1136 cut-avere.
1093 1078 1233 1133 Hinc
1278 1078 1336 1132 ﬁt
1373 1086 1433 1131 ut
1479 1076 1709 1132 dimidio
1756 1074 1998 1127 mutilam

2113 1069 2243 1141 ὕλης
2275 1070 2457 1140 πάσης
2486 1069 2652 1141 ἄλλης
2683 1071 3039 1142 πεπλήρωται
3059 1071 3419 1143 φαυλοτάτης.

429 1171 490 1229 bi
519 1173 960 1229 emundationem
988 1173 1306 1237 obtineant;
1341 1172 1475 1240 quin
1511 1170 1622 1224 imo
1661 1167 1854 1236 majori
1899 1163 2205 1235 potiorique
2238 1172 2392 1233 parte
2455 1164 2723 1219 immundi
2789 1175 3143 1235 perseverant
3175 1185 3190 1233 ;
3261 1177 3503 1238 suntque
3574 1181 3695 1226 sta-

429 1267 543 1322 tuis
574 1266 808 1331 similes,
842 1264 981 1321 foris
1019 1264 1238 1334 quidem
1279 1263 1483 1333 saepius
1517 1278 1655 1316 auro
1705 1269 1802 1315 aut
1872 1259 2035 1311 etiam
2075 1273 2180 1312 aere
2222 1256 2580 1326 fulgentibus,
2651 1272 2774 1313 cum
2826 1260 2975 1315 intus
3020 1261 3368 1317 immunditia
3423 1266 3693 1335 omnique

427 1355 535 1412 alia
572 1353 840 1409 vilissima
874 1354 1105 1408 materia
1136 1352 1405 1407 infercita:
1433 1351 1560 1406 sint.

501 1447 565 1505 ll.
607 1445 703 1502 llis
738 1460 841 1501 nos
872 1446 1057 1514 itaque
1089 1444 1256 1500 etiam
1298 1443 1553 1500 obscuris
1583 1440 1733 1497 vitiis
1764 1454 1829 1494 ac
1868 1436 1998 1491 affe-

2176 1426 2249 1482 B’.
2283 1429 2501 1485 Τούτων
2527 1426 2620 1485 οὗν
2650 1432 2744 1484 καὶ
2784 1433 2983 1503 μᾶλλον
3010 1437 3167 1507 ἡμεῖς
3189 1439 3296 1493 τῶν
3328 1442 3543 1514 ἀδήλων
3584 1464 3694 1500 πα-

429 1540 611 1596 ctihus
648 1538 912 1608 majorem
962 1538 1018 1591 in
1071 1535 1294 1591 modum
1344 1534 1631 1590 emundari
1660 1531 1998 1587 studeamus.

2104 1517 2213 1611 θῶν
2249 1521 2676 1591 ἐκκαθαίρεσθαι
2708 1526 3115 1598 σπουδάσωμςν.
3174 1532 3284 1585 Καὶ
3329 1534 3488 1589 τοῦτο
3520 1537 3581 1590 δὲ
3609 1540 3690 1611 μὴ

430 1631 575 1699 Quin
619 1644 687 1687 ne
727 1631 833 1685 huc
870 1644 1087 1699 quoque
1133 1643 1237 1683 nos
1279 1627 1465 1687 lateat,
1517 1624 1737 1684 fratres.
1789 1622 1998 1676 hostem

2103 1610 2410 1667 λανθανέτω
2469 1616 2638 1686 ἡμᾶς,
2695 1617 2939 1687 ἀδελφοὶ,
2972 1619 3119 1683 ὅπως
3157 1623 3186 1674 ό
3220 1622 3523 1695 ἐχθραίνων
3552 1610 3690 1699 ἡμῖν

431 1732 685 1781 nostrum
716 1721 991 1778 diabolum
1038 1720 1223 1775 multis
1261 1720 1541 1788 variisque
1596 1715 1865 1770 machinis
1897 1713 1998 1767 hoc

2101 1704 2366 1771 διάϐολος,
2395 1707 2617 1772 πολλαῖς
2657 1711 2750 1764 καὶ
2787 1711 3061 1775 ποικίλαις
3098 1717 3216 1778 ταῖς
3249 1722 3515 1788 μηχαναῖς
3543 1721 3689 1791 χρώ-

432 1816 613 1871 moliri
642 1823 702 1871 ut
734 1815 963 1871 seducat
1000 1813 1240 1883 bonique
1269 1827 1335 1867 ac
1365 1810 1580 1866 honesti
1615 1808 1799 1879 specie
1828 1806 1881 1860 in
1917 1804 1998 1859 fo-

2106 1814 2266 1868 μενος
2290 1796 2565 1873 ἐξαπατᾷν
2593 1804 2874 1873 πειρᾶται,
2911 1806 3005 1858 καὶ
3032 1806 3302 1876 προφάσει
3330 1811 3424 1863 τοῦ
3450 1814 3685 1881 ἀγαθοῦ,

431 1924 589 1964 veam
619 1907 885 1962 malorum
927 1922 991 1960 ac
1020 1905 1249 1959 exitium
1292 1902 1491 1956 trahat.
1535 1900 1688 1961 Puta,
1714 1896 1998 1966 hospitali-

2102 1892 2217 1954 τοῖς
2247 1896 2503 1964 πονηροῖς
2536 1895 2828 1965 ἐμπίπτειν
2851 1900 3282 1969 παρασκευάζει.
3315 1899 3440 1957 Οἷον
3472 1907 3690 1974 φιλοξε-

432 2009 598 2055 tatem
648 2000 832 2053 COICI‘C
873 1997 1151 2058 admonet,
1196 2006 1250 2049 Θῐ
1288 2002 1349 2047 ut
1394 1992 1753 2047 adventantes
1803 1990 1998 2047 fratres

2102 1981 2221 2036 νίαν
2245 1983 2652 2053 ὑποτιθέμενος,
2678 1988 2771 2041 καὶ
2799 1987 2897 2060 τὴν
2922 1989 3033 2044 τῶν
3062 1993 3516 2063 παραϐαλλόντων
3536 1999 3689 2052 ἀδελ-

434 2093 540 2147 Ιιειί
567 2090 956 2160 suscipiamus,
978 2087 1307 2159 quibuscum
1335 2085 1448 2154 pari
1475 2099 1661 2139 mensa
1689 2083 1872 2139 cibum
1901 2098 1998 2154 po-

2103 2072 2217 2141 φῶν
2259 2072 2570 2139 ἀκολούθως
2602 2074 3021 2150 φιλοφροσύνην,
3053 2083 3349 2139 συνεσθίειν
3383 2088 3569 2151 αὑτοῖς
3593 2093 3688 2143 καὶ

2104 2163 2388 2235 συμπίνειν
2413 2167 2843 2238 παρασκευάζει.
2875 2170 3033 2241 Καὶή
3061 2172 3231 2239 αἰτία,
3256 2175 3318 2228 τὸ
3338 2176 3436 2248 τῆς
3459 2179 3689 2251 ἀγάπης

2102 2255 2266 2310 καλόν
2284 2273 2297 2286 ο
2329 2251 2433 2310 εἶθ’
2459 2258 2632 2324 οὑτως
2658 2261 3014 2315 ὑποκλεπτων
3056 2266 3243 2336 ἠρέμα
3271 2268 3365 2321 καὶ
3396 2270 3685 2335 ὑποσπῶν,

2102 2350 2182 2413 εις
2231 2348 2293 2401 τὸ
2345 2351 2411 2421 τῇ
2446 2354 2646 2422 γαστρὶ
2698 2352 2967 2407 δουλεύειν
3015 2358 3165 2426 ἡμᾶς
3208 2358 3380 2430 λάθρα
3416 2362 3639 2418 εἵλκυσε
3668 2382 3686 2395 ·

2101 2439 2395 2494 κάντεῦθεν
2419 2441 2745 2510 ἐμπαθείαις
2759 2446 2853 2497 καὶ
2879 2446 3095 2516 ἡδοναῖς
3118 2452 3199 2513 είς
3219 2451 3376 2522 κόρον
3401 2454 3685 2523 ἐμόλυνεν.

2105 2527 2321 2592 Ἀλλοις
2353 2530 2515 2583 πάλιν
2551 2531 2921 2605 ἐλεημοσύνην
2961 2536 3277 2593 ὑποϐάλλων
3315 2544 3411 2595 καὶ
3450 2546 3691 2615 χρησώ-

2102 2637 2261 2691 τητα,
2294 2623 2387 2675 καὶ
2408 2624 2507 2689 τὴν
2540 2626 2672 2696 περί
2699 2627 2825 2690 τοὺς
2849 2627 3084 2699 πένητας
3130 2632 3397 2698 εὐποιίαν,
3433 2639 3688 2692 ἐντεῦθεν

2102 2710 2280 2782 ἔρωτα
2306 2714 2601 2785 χρημάτων
2634 2717 2815 2781 αὑτοῖς
2840 2720 3021 2790 ἐνῆκε,
3045 2724 3137 2776 καὶ
3160 2726 3293 2797 πρὸς
3317 2727 3689 2801 φιλαργυρίαν

2103 2801 2386 2874 ἐξέμηνεν.
2418 2806 2660 2877 Ἐτέροις
2707 2808 2805 2880 τὴν
2838 2810 2945 2863 τῶν
2971 2814 3180 2866 πολλῶν
3209 2816 3478 2885 ὠφέλειαν
3503 2824 3588 2884 εἰς
3612 2823 3691 2875 δὲ-

433 2920 626 2976 tatem,
681 2910 749 2964 iis
798 2910 1082 2980 capiendis
1131 2925 1313 2965 escam
1364 2909 1772 2971 subseminans,
1810 2918 1998 2963 auctor

2101 2894 2233 2967 λεαρ
2268 2896 2635 2969 ὑποσπείρων,
2667 2901 2765 2973 τὴν
2815 2904 3043 2974 ἡσυχίαν
3086 2906 3162 2969 ὡς
3210 2908 3461 2978 ἄκαρπον
3492 2912 3690 2965 ἀπολι-

435 3002 537 3056 fuit
589 3011 649 3054 ut
697 3001 1047 3055 solitudinem
1099 3001 1256 3071 quasi
1304 3001 1551 3055 inutilem
1608 3001 1843 3069 ejusque
1887 3001 1998 3053 otia

2102 2990 2222 3039 πεῖν
2263 2990 2681 3060 παρεσκεύασε·
2711 2996 2806 3049 καὶ
2834 2997 3051 3062 πολλοῖς
3085 3001 3183 3069 μὲν
3240 3001 3349 3055 τῶν
3394 3007 3686 3075 κοσμικῶν

433 3093 768 3156 desererent,
796 3101 851 3147 et
896 3100 956 3145 ut
998 3092 1345 3148 saecularium
1382 3092 1544 3161 vulgo
1575 3091 1849 3162 colloquia
1892 3090 1998 3145 mi-

2100 3079 2308 3149 ὁμιλεῖν
2334 3095 2348 3110 '
2401 3081 2517 3136 ἔστι
2565 3082 2609 3137 δ’
2654 3086 2743 3138 ὅτε
2776 3088 2869 3140 καὶ
2896 3089 3032 3159 πρὸς
3054 3094 3319 3157 γυναῖκας
3352 3095 3691 3164 ἀφυλάκτως

433 3193 690 3241 scerent:
724 3185 1057 3256 quandoque
1086 3186 1253 3240 etiam
1284 3185 1481 3247 suasit,
1507 3191 1565 3237 ut
1595 3192 1650 3238 et
1684 3200 1809 3238 cum
1840 3182 1997 3237 femi-

2100 3173 2256 3227 τοῦτο
2285 3178 2457 3230 ποιεῖν
2492 3178 2799 3243 ἀνέπεισεν,
2829 3182 2904 3245 ὡς
2922 3184 3019 3255 ’ήδη
3056 3188 3190 3257 πρὸς
3216 3189 3488 3245 ἀπάθειαν
3524 3194 3691 3261 ἐφθα-

432 3278 541 3340 nis,
573 3278 720 3332 velut
766 3277 879 3346 jam
930 3286 1159 3347 arrepta“
1192 3275 1702 3346 imperturbatinnis
1750 3289 1899 3334 arce.
1944 3274 1998 3327 id

2103 3265 2243 3330 κόσι,
2274 3268 2368 3321 καὶ
2396 3268 2538 3321 οὑτω
2568 3270 2880 3342 φιληδόνους
2909 3277 3003 3328 καὶ
3022 3278 3285 3347 ἐμπαθεῖς
3306 3283 3433 3346 τοὺς
3463 3283 3690 3349 ἀθλίους

432 3368 609 3439 ipsum
652 3370 927 3425 incautius
977 3377 1344 3439 praestarent:
1394 3368 1561 3438 inque
1602 3382 1727 3423 eum
1781 3365 1998 3421 modum

2103 3357 2402 3423 ἀπέδειξεν.
2439 3361 2665 3426 ’Λλλους
2694 3366 3078 3438 ἀνενοχλήτους
3125 3371 3312 3435 ἐάσας,
3340 3374 3436 3426 καὶ
3463 3373 3546 3445 τῷ
3591 3394 3689 3447 μη-

433 3461 760 3518 libidinosos
790 3477 857 3517 ac
889 3461 1262 3532 voluptatibus
1296 3461 1511 3516 deditos
1535 3460 1767 3515 miseros
1796 3457 1998 3514 eti'ecit.

2101 3450 2212 3504 δενὶ
2238 3451 2346 3505 τῶν
2374 3451 2559 3507 παθῶν
2589 3454 2828 3521 ἀλωτοὺς
2855 3454 2993 3513 εἶναι
3016 3464 3567 3535 παρακρουσάμενος.
3607 3471 3689 3533 είς

431 3554 586 3610 Alios
614 3555 763 3610 omni
801 3555 1194 3626 cogitationem
1234 3562 1372 3607 aestu
1421 3552 1624 3607 liberos
1665 3553 1873 3610 sitiens.
1908 3567 1998 3605 ea-

2103 3543 2475 3614 ὑπερηφανίαν
2504 3546 2700 3617 ἐπῆρε,
2758 3551 2854 3603 καὶ
2898 3550 3040 3604 οὕτω
3085 3553 3281 3623 ῥᾳδίως
3320 3558 3685 3628 κατήνεγκεν.

434 3661 542 3717 que
574 3646 786 3702 ratione
818 3646 1049 3711 elidens,
1077 3645 1224 3716 quod
1255 3644 1471 3700 cunctis
1497 3645 1647 3699 vitiis
1688 3645 2001 3713 superiores

432 3739 771 3801 viderentur,
800 3739 854 3793 in
882 3739 1199 3809 superbiam
1229 3738 1444 3799 extulit.
1467 3737 1657 3806 sicque
1688 3735 1849 3790 facile
1875 3751 2001 3806 pro-

433 3832 649 3887 stravit.
680 3830 1018 3901 Quandoque
1049 3846 1179 3887 vero
1221 3832 1411 3897 etiam,
1438 3829 1625 3884 dando
1669 3828 1795 3883 belli
1841 3828 2001 3883 indu-

432 3924 547 3978 cias
587 3938 875 3994 pugnaque
908 3923 1214 3989 abstinens,
1246 3938 1374 3994 erga
1410 3937 1508 3977 eos
1540 3922 1774 3975 maxime
1803 3922 1893 3991 qui
1931 3922 1997 3975 ad

431 4015 557 4069 vitae
588 4014 857 4086 religiosa:
882 4030 1087 4086 agones
1118 4029 1177 4070 se
1202 4031 1375 4085 nuper
1395 4015 1699 4077 exuissent,
1734 4012 1818 4068 sui
1847 4028 2002 4069 secu-

432 4118 527 4159 ros
577 4120 855 4165 esse,nec
909 4120 1039 4159 cura
1099 4105 1367 4159 sollicitos
1421 4103 1681 4159 seductor
1741 4099 1995 4168 induxit;

432 4195 673 4264 hincque
694 4197 830 4251 adeo
859 4197 912 4250 in
939 4195 1228 4266 segnitiem
1261 4196 1571 4265 impellens.
1590 4202 1756 4263 atque
1780 4194 1997 4249 labores

434 4288 726 4359 neglectim
758 4288 959 4344 habere
1004 4288 1235 4353 faciens,
1266 4296 1490 4357 repente
1528 4287 1757 4343 adortus
1793 4288 1868 4342 uti
1900 4287 1999 4342 de-

434 2193 661 2254 tumque
693 2194 1000 2251 sumamus.
1032 2177 1208 2247 Hujus
1239 2178 1401 2234 ratio.
1432 2176 1719 2231 cbaritatis
1758 2175 1999 2242 bonum;

432 2281 661 2343 uinique
698 2271 837 2325 adeo
883 2270 1087 2325 sensim
1133 2270 1406 2337 obrepens
1436 2282 1500 2321 ac
1526 2266 1784 2327 illiciens.
1808 2281 1872 2321 eo
1902 2280 2000 2320 oc-

432 2367 576 2423 culte
607 2364 774 2420 trahit
806 2373 864 2417 ut
898 2363 1075 2417 ventri
1102 2361 1444 2426 serviamus;
1484 2360 1717 2430 indeque
1759 2357 2000 2414 libidini-

431 2457 536 2512 bus
577 2471 642 2510 ac
686 2455 1058 2525 voluptatibus
1102 2453 1577 2524 impudicitiisque
1622 2452 1691 2506 ad
1738 2466 1999 2506 nauseam

433 2564 608 2619 usque
642 2547 1013 2618 inquinentur.
1043 2546 1180 2601 Aliis
1214 2561 1410 2600 rursus
1437 2546 1838 2615 eleemosynam
1874 2560 2003 2600 sna-

431 2638 569 2694 dens
596 2655 660 2693 ac
692 2639 1103 2708 benignitatem,
1137 2639 1301 2707 inque
1326 2653 1528 2707 egenus
1562 2635 1999 2697 beneficentiam,

433 2747 529 2801 per
555 2748 674 2785 eam
699 2732 1045 2785 occasionem
1076 2730 1429 2799 pecuniarum
1458 2742 1698 2782 amorem
1726 2724 1998 2793 accendit,

431 2831 487 2879 et
519 2834 577 2877 nt
606 2824 848 2877 avaritize
877 2833 1049 2877 uestro
1091 2821 1391 2875 insaniant.
1417 2820 1553 2874 Aliis
1588 2818 1817 2872 aliorum
1849 2818 2000 2872 utili-

2105 3636 2260 3688 Ἐστι
2285 3636 2341 3689 δέ
2364 3635 2458 3700 οὓς
2487 3638 2693 3692 καὶτοῦ
2731 3640 2988 3713 πολεμεῖν
3024 3644 3415 3717 ἀποσχόμενος,
3445 3652 3543 3701 καὶ
3592 3652 3689 3719 μά-

2101 3726 2253 3782 λιστα
2295 3728 2421 3791 τοὺς
2476 3730 2610 3800 πρὸς
2644 3732 2770 3796 τοὺς
2825 3734 3154 3804 ἀσκητικοὺς
3191 3736 3403 3805 ἀγῶνας
3450 3739 3688 3810 ἔναγχος

2098 3817 2562 3891 ἀποδυσαμένους,
2599 3820 2771 3885 ἀδεῶς
2811 3822 2955 3894 ἔχειν
2981 3825 3178 3889 αὐτοὺς
3219 3828 3307 3880 καὶ
3355 3829 3687 3901 ἀμερίμνως

2098 3912 2380 3981 ἠπάτησεν
2402 3930 2417 3945 ·
2445 3911 2504 3978 ἐξ
2540 3907 2711 3987 οὗπερ
2740 3916 2819 3980 είς
2864 3918 3138 3990 ρᾳθυμίαν
3162 3920 3434 3991 ἐμϐαλὼν,
3465 3924 3567 3977 καὶ

2099 4022 2204 4058 νων
2224 4006 2496 4076 ἀμελῆσαι
2529 4010 2978 4081 παρασκευάσας,
3009 4012 3203 4085 ἀθρόον
3230 4015 3304 4077 ὡς
3327 4015 3685 4087 εὑχειρὼτοις

2097 4098 2324 4152 ἐπέθετο
2352 4101 2447 4154 καὶ
2472 4100 2711 4169 ἀόπλοις,
2740 4105 2835 4158 καὶ
2855 4104 2998 4158 οὑτω
3020 4106 3229 4175 μυρίων
3255 4107 3413 4162 σάλον
3438 4110 3552 4162 τῶν
3587 4110 3681 4165 λο-

2097 4190 2313 4260 γισμῶν
2360 4191 2592 4247 διέσεισέ
2614 4210 2673 4246 τε
2703 4194 2797 4247 καὶ
2819 4197 3167 4268 συνετάραξε*
3197 4196 3459 4261 πολλάκις
3491 4202 3683 4269 μέντοι

2096 4282 2190 4335 καὶ
2248 4281 2331 4352 τῷ
2375 4281 2485 4336 τῶν
2520 4284 2707 4340 παθῶν
2751 4285 2897 4357 βυθῷ
2948 4288 3368 4345 κατεϐάπτισεν.
3419 4291 3682 4361 Ἐτὲρους

431 4376 571 4432 biles
600 4384 764 4447 atque
802 4377 1063 4439 inermes.
1094 4376 1579 4434 innumerabilium
1604 4377 1995 4445 cogitationum

2100 4370 2272 4438 αὖθις,
2334 4374 2557 4447 θαρρεῖν
2598 4378 2809 4442 ἑαυτοῖς
2858 4379 3161 4443 ἀνέπεισεν,
3214 4381 3289 4446 ὠς
3324 4382 3528 4454 μέτρου
3574 4386 3679 4457 ἥδη

432 4473 626 4519 :estum
671 4465 780 4520 illis
819 4465 1116 4520 commovit
1154 4474 1324 4534 atque
1366 4464 1589 4520 miscuit
1619 4464 1998 4519 conturbavit-

2106 4466 2345 4537 μείζονος
2377 4468 2718 4539 ἐφικομένοις
2740 4488 2754 4502 ·
2787 4471 3135 4527 πιστεύεσθαξ
3163 4491 3222 4526 τε
3247 4476 3341 4529 καὶ
3373 4476 3552 4532 ἄλλων
3588 4478 3681 4531 λο-

431 4570 543 4624 que
577 4557 757 4626 :quin
797 4563 852 4611 ct
901 4557 1103 4627 saepius
1148 4557 1424 4627 profundo
1477 4558 1738 4641 vitiorum
1785 4560 1993 4615 mersit.

2103 4561 2353 4630 γισμοὺς,
2384 4562 2480 4616 καὶ
2509 4563 2698 4616 παθῶν
2730 4566 2823 4619 καὶ
2862 4565 3112 4634 πολέμων
3152 4568 3536 4641 ἐξαγορεύσεις
3569 4571 3679 4624 ὑπ-

431 4643 572 4699 Aliis
598 4659 792 4701 rursus
821 4647 995 4702 suasit
1025 4655 1083 4701 ut
1108 4648 1212 4704 sibi
1246 4648 1372 4717 ipsi,
1397 4640 1655 4718 tanqnain
1679 4649 1793 4716 jam
1823 4650 1997 4718 majo-

2103 4649 2293 4704 ἐϐαλεν
2318 4667 2333 4681 ·
2364 4645 2447 4714 οἷς
2475 4654 2643 4723 μήπω
2668 4654 2735 4715 τά
2776 4656 2950 4709 οἰκεῖα
2983 4657 3130 4729 πάθη
3179 4640 3361 4723 mlo");
3405 4661 3680 4732 ἀπονιψα-

431 4750 549 4790 rem
586 4736 806 4791 modum
837 4740 1141 4803 consecuti,
1171 4741 1532 4805 confiderent,
1561 4749 1615 4794 et
1662 4753 1720 4795 ut
1762 4742 1994 4796 aliorum

2105 4738 2306 4808 μένοις,
2368 4741 2583 4810 πρῶτον
2645 4745 2744 4813 μὲν
2807 4746 3140 4817 ὑπομνήσεις
3178 4750 3272 4802 καὶ
3313 4750 3681 4817 διατυπώσεις

431 4826 669 4883 creditas
695 4828 1062 4898 cogitationes
1095 4833 1434 4901 accipereut,
1468 4833 1810 4902 affectusque
1835 4842 1892 4887 et
1932 4833 1997 4886 li-

2100 4830 2208 4882 τιῖιν
2257 4825 2333 4885 ὧν
2384 4834 2686 4905 ἀκηκόασιν
2721 4837 2982 4906 ἐμπαθῶς
3036 4839 3263 4908 ἐνῆκεν·
3320 4842 3516 4896 ἔπειτα
3579 4847 3680 4897 καὶ

429 4917 646 4975 bidines
686 4928 852 4991 atque
896 4922 1083 4992 praelia
1126 4921 1445 4994 detegentes
1477 4925 1735 4980 audirent
1765 4942 1779 4979 :
1815 4926 1994 4995 quod-

2100 4919 2237 4988 πρὸς
2276 4920 2585 4994 μολυσμοὺς
2624 4926 2826 4995 σαρκὸς
2878 4928 3079 4993 ἀθλίως
3126 4932 3481 5000 κατήνεγκεν.
3520 4934 3681 4988 Ἐπεὶ

430 5022 539 5078 que
580 5009 814 5065 necdum
863 5025 998 5066 suos
1046 5012 1151 5082 ipsi
1189 5012 1419 5069 affectus
1452 5023 1615 5085 atque
1652 5015 1783 5069 vitia
1828 5015 1998 5085 probe

2102 5008 2196 5065 οὖν
2214 5011 2378 5066 αίτοῦ
2413 5015 2766 5087 πειράζοντος
2795 5018 3093 5090 προσϐολαὶ
3118 5022 3359 5076 ποικίλαι
3383 5021 3561 5085 οὕτως
3580 5026 3683 5079 καὶ

429 5099 718 5168 eluissent,
748 5117 874 5156 cum
930 5103 1247 5158 auditorum
1306 5107 1625 5160 memoriam
1683 5106 1998 5176 formasque

432 5190 724 5248 libidinose
767 5193 951 5248 animo
994 5195 1228 5264 primum
1277 5195 1526 5261 immisit,
1557 5204 1782 5267 tumque
1830 5198 1993 5251 etiam

430 5282 498 5335 ad
527 5298 752 5337 carnem
784 5285 1465 5353 polluendammiserabili
1497 5303 1594 5342 eos
1620 5289 1768 5342 exitu
1802 5286 1997 5356 praeei-

432 5370 644 5441 pitavit.
680 5371 816 5427 Cum
853 5373 1019 5445 igitur
1049 5375 1130 5431 sic
1161 5376 1298 5430 varii
1340 5391 1405 5430 ac
1442 5377 1794 5447 umltiplices.
1826 5393 1996 5449 quos-

428 5477 537 5531 que
559 5479 704 5533 aegre
728 5465 1131 5534 deprehendas.
1150 5470 1260 5522 sint
1282 5470 1570 5524 teutatoris
1590 5470 1857 5535 assultus,
1881 5484 1996 5524 ma-

431 5569 536 5623 gna
559 5571 777 5629 quoque
813 5559 972 5613 nobis
1005 5575 1145 5629 opus
1175 5561 1283 5614 erit
1312 5562 1568 5616 cautione
1597 5577 1662 5616 ac
1689 5562 1993 5634 vigilantia,

431 5646 725 5716 animoque
757 5651 885 5706 boni
916 5668 1048 5707 cura
1080 5654 1288 5709 intento
1318 5676 1328 5709 :
1366 5663 1424 5709 nt
1448 5670 1514 5709 eo
1540 5655 1879 5719 illustrante,
1908 5654 1996 5709 his

435 5753 551 5806 qua:
597 5751 726 5796 sunt
766 5744 928 5808 mala,
966 5756 1025 5800 ut
1077 5747 1258 5812 bouis,
1291 5747 1671 5818 imprudentes
1715 5765 1823 5806 non
1869 5757 1993 5803 uta-

2102 5103 2398 5169 πολυειδεῖς
2422 5106 2517 5161 καὶ
2542 5106 2906 5179 δυσφώρατοι,
2936 5110 3138 5181 πολλῆς
3178 5116 3272 5168 καὶ
3319 5115 3451 5185 ἡμῖν
3488 5114 3679 5187 δεήσει

2098 5194 2200 5263 τῆς
2229 5194 2478 5265 φυλακῆς
2516 5200 2611 5251 καὶ
2660 5199 2893 5269 νήψεως.
2944 5202 3038 5254 καὶ
3069 5203 3167 5272 τῆς
3203 5203 3340 5274 πρὸς
3378 5203 3436 5257 τὸ
3463 5205 3681 5272 ἀγαθὸν

2102 5286 2401 5358 προσοχῆς·
2428 5288 2514 5342 ἵνα
2548 5290 2679 5361 παρ’
2720 5292 2887 5346 αὑτοῦ
2912 5292 3289 5365 φωτιζόμενοι,
3316 5294 3391 5366 μὴ
3416 5294 3682 5367 λάθωμεν

2099 5378 2176 5442 ὡς
2205 5377 2385 5433 καλῶν
2410 5380 2518 5433 τῶν
2548 5382 2799 5453 πονηρῶν
2827 5385 3101 5455 χρώμενοι
3122 5403 3136 5416 ’
3182 5387 3259 5458 μὴ
3300 5388 3358 5441 δὲ
3396 5390 3511 5452 τοῖς
3543 5388 3681 5457 ῥλαο

2098 5469 2277 5540 ϐεροῖς
2293 5470 2710 5541 περιπίπτοντες
2734 5474 2944 5544 ἀδήλως
2962 5493 2976 5506 ⁸
3017 5476 3152 5530 ἀλλά
3179 5479 3545 5550 γρηγορῶμεν
3580 5483 3683 5535 καὶ

2097 5562 2353 5632 νήφωμεν
2375 5566 2835 5634 περισκοποῦντες
2866 5569 3050 5632 πόθεν,
3104 5572 3201 5625 καὶ
3238 5573 3389 5635 πότε,
3418 5573 3519 5628 καὶ
3555 5577 3683 5639 πῶς

2094 5653 2195 5716 τάς
2240 5654 2546 5723 προσϐολάς
2606 5659 2811 5723 ἐκεῖνος
2867 5664 3136 5716 ποιεῖταιο
3180 5665 3276 5720 καὶ
3325 5665 3518 5736 μηδενὶ
3548 5669 3685 5738 μηδ’

2097 5747 2232 5813 ὅλως
2268 5748 2334 5802 δι’
2364 5749 2690 5819 ἀπροσεξίαν
2725 5755 3172 5825 προσπίπτωμεν.
