3924 6230
261 303 406 364 1621

1387 325 1478 379 ΔΙ)
1507 325 1824 385 NOMICUM
1857 326 2350 385 TENTA'I'OREM.

3371 327 3510 382 163?.

271 439 428 492 inor;
461 441 560 480 nec
595 428 650 482 in
681 431 865 494 noxia,
893 437 1054 488 cmcis
1095 437 1264 492 animi
1307 440 1583 501 sensibus.
1616 442 1927 498 incidamus
1953 465 1968 496 :
1999 444 2093 500 sed
2120 443 2410 514 vigilemus
2431 457 2496 497 ac
2567 441 2738 499 sobrii
2802 443 2999 507 simus,
3065 441 3258 498 sedulo
3323 442 3512 496 consi-

268 518 526 610 derantes
550 523 716 590 unde,
747 530 967 595 quando
997 540 1054 584 et
1085 534 1360 600 quomodo
1389 536 1480 590 ille
1506 537 1786 593 adoriatur
1815 559 1828 594 :
1873 540 2038 608 inque
2078 540 2230 595 nullo
2273 553 2525 610 prorsus,
2589 555 2686 609 per
2714 541 3019 610 praesentiae
3068 539 3232 592 animi
3305 539 3508 592 absen-

270 609 399 664 tiam
434 628 500 668 ac
531 617 841 672 socordiam
876 619 1234 680 oll‘endamus.

271 820 3500 870 W

760 1020 1132 1114 ABSEN
1157 1027 1243 1116 ΙΙ
1317 1027 1808 1120 ABBATIS
1889 1029 2996 1123 APOPHTHEGMATA.

1042 1369 1170 1424 Vide
1196 1371 1413 1440 hujusce
1441 1371 1763 1445 Patrologire
1786 1377 1984 1432 erca:
2023 1385 2149 1432 tom.
2187 1374 2348 1440 LXV,
2379 1377 2480 1430 col.
2501 1374 2578 1430 -87
2623 1392 2732 1445 sqq.

277 1551 3478 1601 W

1070 1749 1817 1866 ΑΡΣΕΝΙΟΥ
1921 1749 2699 1871 ΜΟΝΑΧΟΥ

939 2001 1110 2087 ΕΙΣ
1227 2001 1444 2086 TON
1563 2000 2189 2088 ΠΕΙΡΑΣΤΗΝ
2275 2004 2844 2097 NOMIKON.‘

1210 2366 1669 2483 ARSEN
1688 2371 1786 2485 ll
1904 2371 2555 2489 MONACHI

822 2602 986 2693 AD
1055 2703 1060 2709 ,
1133 2604 1806 2699 NOMICUM

1936 2611 2936 2706 TENTATOBEM.

1033 2797 1315 2870 AngKMai
1346 2797 1572 2854 Classici
1601 2813 1863 2868 auctores,
1899 2812 1936 2858 t.
1983 2804 2048 2871 Χ,
2082 2821 2136 2875 p.
2181 2807 2309 2862 555.
2361 2807 2548 2864 Roma:
2571 2808 2728 2867 1853.

336 3106 442 3160 Ἴδε
466 3105 656 3177 βρόχον
682 3107 802 3162 ἀντὶ
830 3108 1044 3180 βρόχου,
1077 3105 1122 3164 ὦ
1144 3113 1354 3182 νομικὲ,
1375 3115 1579 3184 παγίδα
1611 3116 1726 3169 ἀνθ’
1751 3111 1818 3188 ἧς

1988 3116 2066 3172 Εη
2098 3118 2350 3188 laqueum
2387 3134 2484 3189 pro
2514 3119 2731 3189 laqueo,
2765 3122 3001 3182 nomiee,
3033 3128 3086 3175 et
3117 3122 3363 3190 pedicam
3399 3137 3492 3192 pe-

263 3200 496 3272 ἐστησας
521 3200 744 3269 παγίδος
762 3220 774 3232 ·
799 3201 880 3255 ῐδε
897 3203 1015 3263 πῶς
1038 3206 1408 3275 ἐμπέπτωκας
1435 3210 1514 3272 εἰς
1542 3208 1832 3280 δνῶρυξας

266 3289 458 3360 βόθρον
488 3291 624 3344 ,ιατά
644 3292 882 3363 Χριστοῦ
905 3309 922 3326 ·
945 3295 1064 3348 ὅθεν
1082 3297 1111 3347 ὁ
1138 3298 1229 3361 σός
1257 3316 1316 3351 σε
1348 3299 1508 3369 νόμος
1546 3301 1668 3354 ἀντὶ
1697 3303 1834 3372 Χρι-

267 3381 394 3434 στοῦ
419 3381 764 3453 ὲξελεγχὲτω,
807 3385 1039 3456 πότερον
1085 3387 1160 3452 ὡς
1194 3390 1335 3460 Θεῷ,
1369 3392 1402 3461 ἢ
1443 3391 1519 3453 ὡς
1567 3391 1708 3470 ψιλῇ
1737 3395 1832 3446 ἀν-

267 3473 470 3546 θρώπῳ
509 3475 576 3529 τὰ
608 3477 708 3545 τῆς
751 3476 947 3547 πείρας
988 3479 1317 3550 ἐφήπλωσας
1357 3481 1570 3552 ἄθεσμα
1607 3482 1831 3546 δίκτυα;

265 3570 316 3621 εἰ
339 3569 437 3639 μὲν
461 3568 522 3621 τὺ
550 3568 784 3638 πρῶτον,
813 3571 1214 3641 μεματαίωσαι·
1247 3572 1377 3635 Θεὸς
1393 3573 1502 3644 γὰρ
1521 3575 1834 3642 πειραστῶν

264 3661 500 3725 δικτύοις
527 3661 1101 3734 οὐδαμῶς-ζωγρεῐται
1119 3679 1135 3693 ’
1179 3664 1377 3732 μᾶλλον
1404 3665 1462 3718 δὲ
1495 3666 1589 3719 καὶ
1614 3667 1835 3737 ἀγαπᾷν

267 3752 501 3822 ὀφείλεις
524 3751 584 3818 ἐξ
603 3754 732 3825 ὅλης
759 3753 1017 3820 διανοίας,
1058 3756 1152 3809 καὶ
1177 3755 1378 3826 ψυχῆς,
1409 3761 1503 3810 καὶ
1545 3758 1724 3828 ἰσχύος
1743 3777 1755 3790 ·
1785 3761 1834 3812 εί

267 3844 327 3898 δὲ
350 3845 412 3898 τὸ
433 3845 706 3918 δεύτερον,
751 3848 778 3900 ὁ
825 3847 902 3910 ὡς
939 3845 1162 3900 σεαυτὸν
1197 3849 1288 3901 τὸν
1329 3849 1553 3920 πλησίον
1593 3852 1832 3922 ἀγαπᾷν,

269 3937 421 4008 παρὰ
444 3938 537 3991 τοῦ
569 3939 733 4010 νόμου
787 3939 1192 4010 δεδιδαγμένος,
1253 3941 1502 4012 οὐδαμῶς
1551 3942 1835 4013 πειράζειν

268 4027 477 4092 δίκαιος
493 4028 561 4083 ἂν
586 4031 728 4101 εἴης·
777 4029 900 4083 οὔτε
943 4030 1049 4104 γὰρ
1101 4029 1166 4084 ἂν
1211 4032 1485 4102 πειράσειέ
1511 4051 1594 4096 τις
1621 4035 1833 4099 ἑαυτὸν,

270 4118 397 4172 οὔτε
424 4123 482 4173 ὲν
523 4120 664 4192 λόγῳ
709 4121 1067 4190 παγιδεῦσαι,
1114 4124 1207 4178 καὶ
1251 4125 1464 4196 θανάτῳ
1503 4127 1835 4197 παραδοῦναι

272 4213 545 4285 ζητήσειε.
581 4216 702 4279 Πῶς
725 4212 817 4270 οὖν
846 4217 1070 4270 σεαυτὸν
1082 4217 1178 4271 διὰ
1199 4218 1306 4272 τῶν
1327 4218 1468 4272 κατὰ
1494 4219 1588 4273 τοῦ
1611 4220 1836 4291 πλησίον

275 4305 482 4374 βρόχων
533 4306 878 4373 καταπνίγων
923 4306 1023 4359 οὐκ
1073 4307 1331 4378 αίσθάνῃς
1373 4308 1480 4361 οὐδ’
1512 4310 1710 4369 ἐννοεῖς
1755 4309 1835 4362 ὃτι

271 4399 387 4458 τοῖς
420 4396 674 4466 πονηροῖς
699 4398 934 4464 γείτοσιν
960 4398 1361 4452 ἑπταπλασίονα
1395 4400 1474 4461 είς
1514 4397 1606 4452 τὸν
1640 4398 1836 4452 κόλπον

1933 3211 2069 3265 dicae
2090 3214 2421 3282 oppositam.
2442 3210 2678 3268 Videsne
2709 3220 2762 3268 te
2789 3213 2842 3266 in
2877 3213 3026 3266 illam
3058 3215 3228 3284 ipsam
3264 3214 3497 3275 foveam,

1932 3317 2094 3370 quam
2123 3303 2344 3356 Christo
2384 3301 2650 3366 fodieras,
2679 3303 2961 3372 delapsum
3003 3306 3164 3358 esse?
3194 3305 3374 3369 Quare
3411 3305 3499 3357 ilex

1934 3400 2025 3444 tua
2067 3393 2272 3448 Christi
2307 3395 2426 3445 loco
2454 3395 2506 3447 in
2534 3404 2586 3448 te
2623 3395 2884 3462 inquirat,
2921 3403 2980 3447 ιιι
3022 3396 3286 3460 sciamus,
3317 3403 3499 3447 utrum

1935 3489 1995 3535 ut
2039 3481 2146 3535 Deo
2187 3499 2255 3536 an
2304 3499 2455 3537 mero
2508 3485 2712 3539 homini
2769 3486 3004 3553 perﬁdas
3047 3485 3168 3537 illas
3226 3487 3496 3540 struxeris

1936 3570 2187 3626 insidias.
2219 3569 2275 3624 Si
2307 3581 2366 3624 ιιι
2398 3571 2528 3634 Deo,
2559 3589 2691 3628 sane
2722 3574 3020 3628 frustratus
3049 3589 3146 3635 es;
3185 3573 3326 3628 Deus
3349 3578 3494 3629 enim

1936 3660 2311 3715 insidiantium
2362 3663 2504 3718 dolis
2546 3664 2934 3718 circumveniri
2991 3665 3212 3733 nequit;
3263 3683 3424 3734 quem
3469 3683 3498 3718 ιι

1935 3749 2148 3806 fortiori
2182 3768 2246 3805 ex
2277 3761 2390 3806 tota
2435 3763 2640 3815 tuente,
2683 3770 2746 3808 ex
2788 3764 2900 3808 toto
2935 3755 3139 3816 animo,
3185 3757 3316 3810 tutis
3371 3757 3506 3809 viri.-

1935 3843 2036 3898 bus
2077 3843 2305 3922 diligere
2347 3845 2512 3899 debes
2543 3863 2556 3898 :
2583 3846 2629 3899 si
2664 3855 2723 3899 ιιι
2751 3853 2901 3899 mero
2940 3847 3170 3910 homini,
3197 3859 3502 3902 tentamenv

1938 3943 2050 3988 tum
2086 3934 2138 3989 id
2177 3951 2282 3989 non
2317 3935 2496 3990 minus
2539 3937 2802 4005 injustam
2847 3937 2971 4002 erit,
2999 3939 3268 4008 siquidem
3319 3942 3502 4009 proxi-

1937 4043 2083 4079 mum
2135 4030 2278 4082 sicut
2319 4036 2372 4083 te
2416 4029 2594 4098 ipsum
2648 4043 2833 4082 amare
2875 4031 2960 4084 lex
2989 4031 3163 4099 jubet.
3213 4031 3275 4085 Et
3315 4047 3500 4085 revera

1934 4120 2060 4190 quis
2115 4119 2331 4174 tandem
2379 4121 2622 4190 seipsum
2679 4130 2895 4176 tentare
2951 4121 3499 4194 dolosis_verbormu

1937 4213 2260 4283 ambagibus
2312 4214 2579 4277 voluerit,
2615 4224 2675 4268 ut
2725 4216 3075 4282 postmodum
3122 4216 3281 4269 morti
3330 4227 3507 4270 semet

1937 4305 2158 4359 tradat?
2186 4308 2379 4358 Annon
2411 4306 2560 4360 vides
2583 4314 2656 4369 Ie,
2682 4306 2808 4360 dum
2835 4308 3088 4372 proximo
3119 4315 3212 4359 tuo
3244 4309 3500 4376 laqueum

1939 4398 2136 4459 nectis,
2167 4397 2356 4452 eodem
2404 4399 2674 4468 supplicio
2710 4399 3117 4469 circumstringi
3139 4400 3172 4452 ?'
3191 4399 3387 4456 Nonne
3415 4402 3499 4452 vi-

271 4487 344 4539 οτά
361 4487 508 4540 δεινὰ
561 4489 906 4554 ἀποδίδοται;
952 4489 1110 4544 Ἀλλά
1168 4491 1398 4562 Χριστὸς
1435 4495 1502 4562 τῇ
1536 4493 1712 4561 οἰκείᾳ
1745 4510 1836 4563 μα-

1938 4488 2034 4545 des
2080 4490 2291 4544 vicinos
2325 4491 2599 4544 maleﬁcos
2641 4492 3046 4560 septemplicem
3079 4468 3346 4546 maleﬁcii
3389 4509 3502 4562 ρω-

273 4578 549 4652 κροθυμίᾳ
579 4582 672 4633 καὶ
713 4583 1032 4652 ἀνεξικακίᾳ
1077 4581 1355 4654 χρώμενος
1377 4624 1392 4646 ,
1433 4583 1610 4654 ὀρθῶς
1647 4584 1746 4653 μὲν
1777 4585 1838 4636 οὐ

272 4673 555 4743 πράττειν,
603 4673 723 4726 οὐδὲ
765 4674 1112 4737 διανοεῖσθαι,
1153 4675 1329 4746 ὀρθῶς
1370 4675 1426 4728 δὲ
1467 4675 1836 4746 ἀποκριθῆναί

273 4779 462 4832 φησιν,
495 4762 624 4828 ίσως
655 4765 759 4818 κᾶν
807 4768 931 4830 τοὺς
983 4767 1182 4836 ὲαυτῆς
1231 4766 1422 4835 λόγους
1459 4766 1840 4838 ἐπαισχυνθεὶς

273 4854 598 4923 παλινῳδίαν
635 4856 743 4910 ἀπὸ
763 4857 862 4926 τῆς
903 4859 960 4910 ἐν
1002 4858 1178 4930 πλάνῃ
1215 4859 1575 4930 ματαιότητος
1621 4858 1836 4929 ᾇσειεν·

277 4943 488 5008 «Οὕτω,
517 4949 670 5017 φησι,
702 4948 866 5010 ποίει,
899 4951 992 5002 καὶ
1013 4951 1150 5020 ζήσῃ
1180 4967 1194 4980 ·
1218 4969 1236 5001 ι
1275 4948 1417 5004 οὕτω
1435 4950 1613 5002 πάντα
1643 4950 1736 5002 τὸν
1781 4950 1840 5002 ὲν

272 5035 523 5107 κινδύνῳ,
551 5039 642 5090 τὸν
670 5040 727 5091 ὲν
765 5041 996 5112 ἀνάγκη,
1029 5041 1120 5093 τὸν
1166 5043 1222 5093 ὲν
1249 5041 1565 5110 περιστάσει
1611 5040 1837 5094 σεαυτοῦ

273 5128 500 5200 πλησίον
529 5130 642 5200 ἔχε.
686 5131 744 5184 ὐ
775 5132 830 5184 δὲ
862 5133 994 5201 μήτε
1023 5133 1084 5196 ἐξ
1111 5133 1278 5203 αὐτῆς
1313 5133 1412 5202 τῆς
1443 5133 1503 5185 ὲν
1525 5133 1674 5204 νόμῳ
1699 5135 1840 5186 ἐντο-

273 5222 394 5292 λῆς,
435 5224 570 5294 μήτε
617 5226 680 5278 ὲκ
710 5224 812 5292 τῆς
852 5223 945 5278 τοῦ
984 5225 1233 5292 Σωτῆρος
1263 5223 1580 5294 προτροπῆς
1621 5223 1836 5295 ὠφελη-

275 5311 420 5375 θεὶς,
464 5315 598 5385 μηδὲ
630 5315 734 5369 ὑπὸ
778 5314 870 5367 τοῦ
904 5313 1100 5367 οἰκείου
1131 5315 1430 5378 συνειδότος
1461 5314 1838 5384 ἀπελεγχθεὶς.

268 5401 364 5458 οἷα
389 5404 448 5458 δέ
483 5399 564 5470 τις
596 5406 718 5474 δφις
762 5406 994 5476 πονηρὸς
1026 5409 1196 5478 μικρᾷ
1233 5411 1298 5478 τῇ
1329 5407 1418 5460 διὰ
1446 5407 1612 5474 νόμου
1655 5407 1838 5478 πληγῇ

272 5499 376 5568 τὴν
405 5497 588 5566 κάραν
613 5497 876 5567 ἀλγήσας,
908 5497 1007 5566 τὴν
1035 5497 1237 5551 ἰοϐόλον
1265 5498 1510 5566 γλῶτταν
1546 5501 1704 5556 κινεῖ,
1746 5498 1840 5550 καὶ

271 5590 376 5661 τὴν
414 5586 786 5658 Θανατηφόρον
829 5589 1008 5641 πᾶσαν
1048 5589 1128 5650 εἰς
1177 5587 1484 5658 τούμφανὲς
1538 5590 1842 5658 ἀπογυμνοῖ

273 5677 497 5733 κακίαν.
526 5676 706 5730 Θέλων
725 5677 850 5748 γὰρ,
877 5679 1028 5749 φησι,
1057 5677 1300 5731 δικαιοῦν
1327 5677 1534 5743 ἑαυτὸν,
1563 5681 1840 5732 τουτέστιν

272 5770 472 5826 ἑαυτὸν
510 5769 650 5840 ὑπὲρ
685 5771 924 5834 ἅπαντας
967 5769 1201 5842 νομίζων
1238 5770 1464 5837 δίκαιον,
1509 5770 1602 5825 καὶ
1636 5771 1841 5843 μηδένα

1941 4597 2066 4636 nam
2105 4582 2275 4637 dare?
2296 4581 2533 4636 Econtra
2573 4583 2825 4638 Christus
2865 4597 2962 4653 pro
2993 4598 3058 4638 ea
3081 4599 3189 4652 qua
3223 4594 3307 4638 est
3333 4585 3500 4637 animi

1946 4675 2367 4730 mansuetudine
2396 4690 2461 4728 ac
2495 4676 2776 4744 patientia,
2822 4676 3034 4730 omissa
3083 4677 3222 4730 bene
3271 4678 3501 4730 faciendi

1939 4766 2327 4836 cogitandique
2378 4767 2730 4829 necessitate,
2767 4767 3039 4822 sermonis
3086 4768 3501 4837 congruentiam

1939 4854 2318 4919 commendat,
2347 4863 2550 4908 metum
2601 4854 2886 4910 eximendo
2918 4871 2986 4908 ne
3023 4855 3318 4924 aliquando
3352 4853 3503 4907 falsi-

1942 4943 2109 5012 loquii
2165 4946 2611 4999 retractationem
2668 4947 3099 5016 experiamurzc
3130 4946 3258 5008 Sic,
3305 4947 3503 5014 inquit,

1943 5036 2127 5101 facito,
2157 5045 2212 5092 et
2239 5037 2406 5092 vives.
2435 5057 2456 5090 ι
2495 5036 2588 5091 Sic
2615 5049 2670 5091 tu
2708 5055 2924 5092 omnem
2961 5039 3157 5093 habeto
3199 5041 3501 5108 proximum

1943 5130 1997 5184 in
2061 5130 2338 5200 periculis,
2387 5130 2441 5183 in
2486 5132 2938 5194 necessitatibus,
2982 5132 3034 5183 in
3087 5131 3503 5199 quibuscumque

1942 5219 2108 5274 rebus
2138 5218 2520 5272 constitutum.
2547 5219 2649 5284 Qui
2685 5229 2864 5272 autem
2896 5234 3070 5286 neque
3091 5236 3156 5273 ex
3187 5220 3320 5287 legis
3347 5237 3502 5272 man.-

1941 5309 2112 5374 datis,
2154 5326 2328 5379 neque
2349 5326 2416 5364 ex
2451 5311 2751 5365 Salvaturis
2791 5311 2963 5378 ipsius
2995 5313 3302 5380 praeceptis,
3331 5327 3505 5380 neque
3557 5323 3561 5325 ’

1941 5403 2012 5458 ab
2053 5403 2170 5471 ipsa
2201 5404 2541 5456 conscientia
2577 5403 2896 5471 redargutus
2940 5404 3234 5473 resipiscit,
3268 5407 3334 5469 is,
3363 5407 3507 5458 sicut

1942 5509 2170 5563 serpens
2204 5508 2532 5554 venenosus,
2565 5494 2692 5546 dum
2721 5501 2886 5562 caput
2915 5494 3034 5562 ejus
3076 5495 3211 5564 legis
3256 5497 3508 5564 plectitur

1941 5584 2282 5650 verberibus,
2327 5586 2566 5652 linguam
2612 5594 2791 5638 movet
2843 5593 3162 5639 venenatam
3199 5594 3254 5638 et
3291 5601 3507 5640 omnem

1943 5676 2206 5731 malitiam
2241 5678 2434 5730 mortis
2459 5674 2776 5746 genitricem
2809 5675 2873 5734 in.
2895 5676 3070 5731 lucem
3101 5676 3302 5744 prodit.
3338 5675 3500 5729 Nam-

1943 5783 2048 5840 que
2093 5768 2338 5839 seipsum
2379 5769 2500 5822 vult-
2536 5769 2859 5838 justiﬁrare,
2896 5784 2956 5828 se
2977 5769 3234 5826 omnibus
3288 5767 3504 5825 ceteri:
