3906 6236
460 323 483 376 1
494 324 597 378 (ἰξὶῦ

1403 325 1460 379 S.
1494 322 1790 388 AllSENli,
1822 323 1910 377 AD
1949 320 2259 381 NOMICL‘M
2289 322 2754 379 TENTATUBEM

3564 319 3702 381 εστι

455 438 742 507 iustiorem
798 448 1110 504 autumans,
1158 449 1367 493 tantum
1410 440 1564 494 abest
1610 448 1668 492 ut
1707 441 1798 510 qui
1841 455 2012 509 parem

2131 442 2395 512 μηδαμῶς
2417 440 2591 510 ἐαυτῷ
2610 441 2743 504 ἴσον,
2772 439 2805 508 ἢ
2832 437 2926 490 καὶ
2952 436 3178 507 πλησίον
3201 434 3366 489 αὑτοῦ
3389 435 3703 504 τυγχάνειν-

458 531 664 588 credat.
688 540 743 582 ut
774 530 960 583 eadem
990 540 1169 584 motus
1198 531 1454 600 superbia
1480 550 1492 584 :
1526 548 1544 581 ι
1572 531 1706 597 Quis
1738 539 1821 585 est
1844 532 2027 599 proxi-

458 634 580 672 mus
604 620 795 673 ruens?
818 639 836 670 ι
872 628 1042 685 roget.
1070 623 1138 672 At
1162 636 1341 674 nonne
1360 629 1444 675 est
1464 620 1567 675 tibi
1590 630 1760 691 pater.
1786 640 1818 674 o
1843 626 2021 682 homo,

458 724 639 762 uoune
685 719 876 771 mater.
933 714 1131 771 lrater.
1174 713 1421 774 amicus,
1456 724 1745 781 cognatus.
1787 714 2021 776 vicinus,

456 801 653 860 affinis,
692 817 849 854 nemo
881 803 1115 871 denique
1150 803 1204 857 ia
1240 812 1351 856 tota
1395 805 1616 859 civitate
1662 807 1739 858 tui
1784 807 2026 860 similis?

456 888 598 945 Proh
624 892 636 944 !
666 890 966 947 fatuitatem
990 908 1139 947 vana:
1163 896 1359 949 mentis
1386 895 1759 949 iudicatricem
1786 896 2024 951 hominis

454 981 548 1049 qui
602 980 852 1036 humana:
883 998 943 1037 se
983 992 1191 1040 natura:
1228 986 1571 1055 superiorem
1611 987 1820 1042 credit!
1854 989 2024 1054 Quem

455 1090 579 1128 cum
617 1073 869 1130 Salvator
901 1077 982 1131 sic
1026 1077 1225 1132 stolide
1264 1078 1666 1149 superbientem
1710 1081 1937 1143 videret,
1969 1082 2020 1134 in

455 1172 691 1218 mentem
738 1167 857 1233 ejus
892 1168 1101 1222 inducit
1161 1169 1301 1225 alios
1356 1171 1449 1239 qui
1493 1179 1711 1237 natura,
1747 1173 1883 1227 alios
1929 1175 2021 1241 qui

455 1254 734 1312 voluntate
769 1257 817 1310 ei
854 1260 1146 1329 propinqui
1200 1271 1362 1324 sunt,
1413 1262 1662 1317 addendo
1705 1279 1767 1316 ea
1804 1279 1924 1333 qua:
1968 1266 2020 1318 in

455 1349 714 1416 parabola
777 1349 830 1403 in
892 1366 1003 1405 rem
1063 1363 1578 1408 commemorantur.
1634 1355 1902 1409 Adamum
1964 1365 2024 1410 ut

453 1455 800 1496 communem
849 1444 1089 1497 omnium
1136 1460 1399 1514 proavum
1449 1446 1501 1499 in
1555 1448 1790 1501 medium
1844 1448 2019 1511 aﬂert,

452 1533 657 1602 quippe
703 1550 769 1588 ex
805 1552 914 1605 quo
961 1552 1156 1591 omnes
1209 1538 1407 1593 fratres
1439 1548 1492 1593 et
1542 1541 1776 1609 proximi
1828 1544 1939 1597 sint
1968 1552 2023 1597 et

456 1623 682 1679 habendi
713 1635 766 1681 et
808 1630 1159 1694 nominandi;
1195 1629 1318 1685 dein
1353 1631 1550 1686 fratres
1591 1640 1646 1687 et
1690 1635 2021 1702 propinquos

454 1731 549 1771 eos
570 1727 850 1786 nuncupat
880 1720 971 1787 qui
997 1730 1184 1773 mutuo
1215 1738 1277 1773 ac
1310 1721 1625 1775 voluntario
1654 1723 2023 1778 beneficentia:

2136 536 2198 586 Ὢ
2225 534 2401 602 δεινῆς
2423 534 2519 584 ύπε
2532 530 2794 602 ρηιρανίας
2829 530 2842 580 !
2885 528 3020 580 «Καὶ
3045 528 3130 587 τίς
3156 528 3256 596 μού
3284 529 3403 579 ἐστι
3423 526 3701 595 πλησίον.»

2131 628 2291 695 φησίς
2320 628 2424 679 Καὶ
2457 626 2571 696 μεθ’
2604 627 2787 695 ἕτερα·
2820 618 2963 688 *Αρα
2992 623 3053 674 ού
3088 626 3267 692 πατὴρ
3288 622 3370 674 σοί
3405 623 3577 686 ἐστιν,
3610 623 3703 675 ἔνο

2131 716 2336 786 θρωπε,
2386 717 2446 768 ού
2495 718 2694 785 μήτηρ,
2735 715 2834 766 οὐκ
2866 712 3110 780 ἀδελφὸς,
3154 712 3214 763 οὐ
3246 712 3436 780 φίλος,
3467 712 3533 763 ού
3572 716 3701 777 συγ-

2128 808 2311 877 γενὴς.
2341 809 2403 859 ού
2441 807 2653 874 γείτων,
2688 808 2788 859 ούκ
2815 805 3170 875 ἀγχιστεύων,
3216 804 3339 857 οὐδὲ
3383 820 3468 865 τις
3494 803 3611 855 τῶν
3650 807 3705 855 ἐν

2128 903 2193 969 τῇ
2223 900 2373 954 πόλει
2403 901 2620 969 ἓτεροςς
2653 897 2757 950 Φεῦ
2810 898 2908 965 τῆς
2953 899 3183 967 οἰήσεως
3226 897 3320 948 καὶ
3354 896 3456 964 τῆς
3506 894 3704 956 ἀλαζοο

2129 992 2303 1053 νείαςῑ
2366 991 2538 1054 οὕτως
2607 991 2797 1044 ἐαυτὸν
2856 991 3155 1060 ὑπέρτερον
3199 989 3296 1056 τῆς
3347 986 3703 1057 ἀνθρωπίνης

2129 1086 2343 1154 ἡγεῖται
2384 1084 2615 1153 φύσεως.
2649 1084 2737 1136 Διὸ
2772 1085 2862 1136 καὶ
2897 1086 2924 1135 δ
2953 1083 3143 1151 Σωτὴρ
3175 1081 3345 1144 οὕτως
3378 1081 3505 1134 ἰδὼν
3536 1083 3702 1148 ἀνοη-

2127 1178 2399 1237 ταίνοντα,
2434 1182 2525 1230 καὶ
2572 1178 2677 1229 τῶν
2716 1178 2770 1230 ἐν
2820 1175 2976 1245 φύσει
3019 1176 3430 1244 ὑπομιμνήσκει
3464 1174 3704 1242 πλησια-

2131 1269 2348 1333 ζόντων,
2386 1271 2481 1323 καὶ
2521 1270 2627 1322 τῶν
2663 1272 2718 1321 ἐν
2749 1270 3083 1340 προαιρέσει,
3116 1269 3207 1322 καὶ
3253 1268 3361 1320 τῶν
3388 1267 3573 1321 ἄλλων
3598 1268 3705 1318 τῶν

2128 1363 2185 1414 ἐν
2217 1364 2282 1432 τῇ
2332 1362 2610 1432 παραϐολῇ
2664 1362 3140 1433 δηλωθησομένων,
3202 1362 3291 1413 ἵνα
3332 1360 3553 1429 πατέρα
3606 1360 3705 1427 μὲν

2130 1455 2304 1506 κοινὸν
2346 1455 2436 1506 τὸν
2467 1455 2787 1525 προπάτορα
2834 1454 2988 1523 ἡμῶν
3033 1454 3202 1523 Ἀδὰμ
3250 1454 3480 1523 ἐπιγνῷ.
3540 1452 3603 1517 ἐξ
3642 1445 3703 1505 οὗ

2129 1551 2329 1610 πάντες
2357 1547 2631 1618 ἄνθρωποι
2668 1547 2913 1615 ἀλλήλων
2942 1547 3175 1613 ἀδελφοὶ,
3206 1546 3303 1597 καὶ
3329 1545 3591 1615 πλησίον,
3618 1545 3706 1597 διὰ

2126 1642 2223 1711 τὴν
2265 1643 2322 1692 ἐν
2362 1641 2553 1709 ἐκείνῳ
2584 1638 2883 1698 κοινωνίαν,
2914 1636 3186 1690 καλεῖσθαι
3230 1637 3370 1699 ἄξιοι
3393 1653 3406 1664 ο
3450 1633 3575 1688 εἶτα
3611 1638 3705 1689 καὶ

2126 1735 2254 1795 τοὺς
2284 1732 2425 1785 κατά
2460 1731 2774 1802 προαίρεσιν
2810 1729 3069 1799 ἀλλήλους
3096 1730 3429 1797 εύεργετεῖν,
3478 1728 3583 1780 καὶ
3613 1728 3703 1778 ὑπ’

455 1807 676 1862 vinculo
701 1807 1026 1879 junguntur,
1047 1827 1221 1879 eoque
1253 1812 1424 1881 magis
1461 1811 1605 1880 quod
1650 1828 1756 1866 non
1798 1823 2012 1878 natura,

2126 1825 2367 1895 ἀλλήλων
2400 1821 2798 1892 εύεργετείσθαι
2825 1820 3120 1883 ἐθέλοντας,
3152 1819 3413 1886 ἀδελφοὺς
3436 1820 3537 1871 καὶ
3566 1818 3701 1885 πληο

454 1901 549 1953 sed
587 1899 753 1954 libera
800 1902 1077 1957 voluntate
1126 1905 1441 1958 societatem
1478 1906 1620 1959 inter
1656 1922 1716 1960 se
1763 1907 2019 1961 inierunt.

458 2009 476 2037 ι
506 1989 677 2045 llotno
728 1992 1028 2047 descendit.
1054 2014 1071 2044 ι
1112 1993 1276 2049 Vides
1326 1998 1659 2064 parabolam,
1703 2008 1759 2051 et
1802 2015 1927 2052 cum
1960 2017 2022 2055 ea

453 2083 730 2138 Christum
780 2086 871 2155 qui
927 2087 1221 2157 legispcriti
1274 2089 1514 2142 animum
1548 2092 1611 2143 ad
1665 2093 1880 2146 saniora
1935 2109 2022 2146 re-

450 2173 640 2240 ducit;
699 2176 850 2232 vides
911 2178 1188 2233 Christum
1241 2196 1305 2235 ex
1350 2181 1558 2235 Adamn
1613 2185 2022 2252 procedentem,

451 2281 663 2335 nosque
717 2283 910 2324 omnes
967 2271 1284 2326 edocentem
1340 2275 1505 2341 quod.
1554 2276 1599 2328 si
1645 2277 1711 2329 de
1758 2277 2022 2332 virtutum

453 2356 669 2428 fastigio
703 2360 771 2414 ad
808 2362 1065 2417 vitiorum
1114 2366 1367 2436 abyssum
1401 2367 1732 2430 delabimur.
1759 2384 1787 2421 a
1819 2369 2025 2425 dolosis

451 2448 789 2519 decipiemur
834 2456 1204 2524 praedonibus,
1257 2470 1309 2512 et
1365 2460 1469 2513 nisi
1522 2462 1851 2530 quantocius
1901 2464 2023 2518 inde

451 2558 829 2613 emergamus.
873 2550 1033 2603 morti
1084 2552 1250 2605 animi
1311 2562 1528 2608 :cterna:
1581 2556 1880 2609 trademur.
1932 2555 2022 2610 Sic

451 2631 620 2703 igitur
678 2639 971 2709 {eglsperiti
1034 2659 1217 2698 mores
1275 2646 1653 2712 corriguntur.
1711 2650 1824 2717 ipse
1875 2650 2021 2703 enim

449 2729 751 2783 secundum
798 2741 1127 2798 praeceptum
1172 2755 1189 2785 ι
1219 2734 1389 2805 Dilige
1424 2740 1732 2807 proximum
1782 2749 1966 2807 tuum,
1997 2762 2015 2794 ι

449 2828 524 2882 et,
566 2838 584 2872 ι
617 2820 754 2876 Odio
783 2822 923 2878 habe
954 2824 1234 2879 inimicum
1265 2836 1439 2892 tuum,
1480 2851 1497 2882 ι
1544 2839 1795 2884 naturam
1829 2834 1881 2886 in
1913 2834 2021 2888 duo

449 2910 743 2966 dividendo
763 2928 978 2968 omnem
1008 2917 1366 2987 alienigenam
1393 2936 1489 2988 pro
1512 2921 1664 2976 hoste
1691 2924 1870 2979 habet.
1912 2924 2020 2981 Lex

446 3001 591 3055 enim
615 3002 858 3072 quaedam
884 3006 1128 3060 hostilem
1149 3012 1203 3061 in
1225 3010 1553 3081 alienigenas
1574 3028 1757 3082 gerere
1777 3016 2017 3070 animum

443 3093 620 3162 jubet,
651 3112 758 3150 non
802 3105 911 3151 tam
960 3100 1180 3154 odio—
1212 3104 1521 3158 communis
1566 3106 1713 3158 enim
1760 3106 2015 3163 omnibus

449 3193 641 3241 natura
663 3218 761 3251 —-.
787 3191 880 3246 sed
909 3193 1036 3261 quia
1062 3208 1186 3248 cum
1220 3196 1328 3251 illis
1358 3207 1728 3253 commeantes
1757 3215 1862 3253 non
1890 3215 2014 3256 raro

446 3295 636 3336 eorum
699 3284 1059 3340 idololatrian)
1112 3288 1595 3357 amplectebantur.
1649 3290 1765 3345 Non
1822 3309 2014 3349 omnes

447 3391 612 3445 porro
637 3376 853 3433 Jude
877 3379 981 3433 sibi
1022 3381 1360 3449 propinquos
1388 3385 1630 3451 putabat,
1655 3386 1748 3439 sed
1775 3403 1869 3441 eos
1894 3397 2013 3441 lan-

448 3474 562 3519 tum
586 3468 679 3537 qui
703 3468 754 3521 in
774 3470 1069 3524 virtutibus
1085 3472 1407 3528 exercendis
1422 3488 1545 3526 cum
1571 3474 1689 3543 ipso
1706 3477 2009 3531 certabant.

448 3557 555 3613 Sed
583 3560 833 3616 uomicus
859 3569 1062 3624 noster,
1082 3563 1165 3615 sui
1186 3562 1398 3631 plenus,
1424 3565 1678 3619 omnibus
1705 3569 2013 3635 praecellere

446 3661 621 3715 ratus.
655 3653 923 3708 neminem
954 3669 1014 3708 re
1054 3662 1148 3707 aut
1183 3655 1399 3708 nomine
1451 3655 1740 3724 semetipso
1787 3658 2009 3727 dignum

448 3746 835 3799 arbitrabatur.
861 3743 1043 3812 Quare
1074 3746 1328 3801 Chrisms
1359 3747 1541 3810 istius,
1562 3756 1616 3802 et
1642 3748 1886 3801 omnium
1915 3750 2010 3818 qui

446 3836 638 3893 eadem
699 3838 899 3894 misera
951 3838 1267 3892 conditione
1324 3838 1503 3891 alllicti
1545 3849 1725 3899 erant,
1760 3842 2005 3893 morbum

446 3937 763 3994 sanaturus,
797 3930 1090 3984 universim
1123 3947 1140 3979 ι
1166 3932 1339 3984 Homo
1372 3931 1589 3998 quidam
1618 3950 1635 3981 ι
1664 3931 2005 3993 dicens,‘nou

445 4019 593 4073 hunc
612 4026 706 4071 aut
729 4017 902 4079 illum,
928 4028 1134 4071 natura:
1156 4019 1404 4072 lmmanw
1430 4020 1749 4089 participem
1775 4022 2005 4090 proximi

443 4111 887 4168 denominatione
930 4111 1326 4180 designandum
1372 4128 1493 4167 esse
1525 4113 1723 4173 innuit.
1752 4122 1805 4165 et
1837 4115 2004 4184 legem

442 4221 599 4275 quan
625 4207 758 4257 Ama
776 4202 1105 4272 proximum,
1134 4223 1150 4253 ι
1172 4212 1275 4265 et,¢
1295 4203 1435 4258 0dio
1455 4204 1651 4258 habeto
1669 4203 2000 4267 inimicum,»

442 4307 699 4365 tauquam
734 4293 1106 4364 imperfectam
1139 4295 1400 4363 prmterit,
1431 4311 1585 4350 suam
1620 4298 2004 4353 substituendo

440 4402 604 4459 quam
641 4387 766 4441 alibi
799 4402 1017 4455 quoque
1054 4386 1418 4450 commendat,
1453 4407 1471 4438 ι
1499 4390 1712 4459 Diligite
1751 4391 2002 4446 inimicos

2126 1916 2236 1967 σίον
2266 1913 2541 1967 καλέσειεν
2564 1930 2577 1943 °
2601 1913 2650 1965 οἳ
2681 1914 2772 1966 καὶ
2792 1911 2882 1963 τοῦ
2905 1911 3128 1980 πλησίον
3159 1912 3263 1962 εἱσι
3290 1910 3698 1979 πλησιαίτεροι,

2123 2008 2354 2076 ἐπείπερ
2389 2008 2448 2058 ού
2496 2006 2653 2073 φύσει
2702 2006 2879 2074 μόνον,
2933 2002 3067 2055 ἀλλά
3103 2003 3195 2054 καὶ
3245 2002 3576 2071 προαιρέσει
3612 2001 3699 2053 τὶν

2099 2098 2257 2173 πρὸς
2291 2098 2551 2167 ἀλλήλους
2594 2096 2774 2165 ἔχουσι
2801 2095 3157 2164 πλησιασμὸν.
3195 2112 3212 2143 ι
3245 2093 3577 2163 Ἀνθρωπος
3618 2110 3700 2154 τις

2124 2189 2459 2242 κατέϐαινεν.
2494 2208 2512 2239 ι
2549 2188 2685 2257 Ὅρα
2717 2187 3049 2258 παραϐολὴν,
3087 2187 3179 2239 καὶ
3206 2185 3303 2255 τὴν
3340 2184 3438 2236 τοῦ
3464 2183 3699 2253 νομικοῦ

2123 2282 2464 2352 ἐσφαλμὲνην
2488 2282 2722 2333 διάνοιαν
2748 2279 3152 2350 διορθουμένην,
3178 2279 3273 2331 καὶ
3302 2277 3403 2347 τὴν
3424 2276 3482 2342 ἐξ
3524 2277 3701 2345 Ἀδὰμ

2123 2372 2231 2435 ἕως¹
2265 2368 2501 2441 Χριστοῦ
2533 2371 2863 2423 κατάστασιν
2898 2367 3373 2435 ὑπαινιττομένην,
3412 2367 3507 2418 καὶ
3537 2366 3699 2433 ἡμῶν

2123 2462 2351 2513 ἕκαστον
2376 2458 2749 2521 διδάσκουσαν,
2779 2460 2924 2521 ὅπως
2967 2458 3094 2510 ὃταν
3126 2457 3185 2522 ἐξ
3217 2456 3383 2525 ὕψους
3415 2456 3698 2517 πολιτείας

2123 2553 2378 2625 ἐναρέτου
2408 2556 2484 2615 εἰς
2522 2552 2681 2623 βάθος
2720 2550 2956 2620 ἀνομιῶν
2988 2550 3211 2611 ἑαυτοὺς
3242 2549 3696 2616 κατενέγκωμεν,

2124 2647 2225 2699 ὑπὸ
2253 2646 2464 2716 λῃστῶν
2490 2644 2900 2716 τιτρωσκόμεθα
2935 2642 3157 2711 νοητῶν,
3189 2645 3280 2694 καὶ
3306 2644 3353 2693 εἱ
3388 2642 3464 2712 μὴ
3500 2642 3698 2695 θᾶττον

2121 2738 2492 2809 ἀνανήψαντες
2534 2737 2740 2790 ἐκεῖθεν
2791 2735 3200 2805 ἀνακληθῶμεν,
3241 2735 3319 2802 τῷ
3357 2734 3465 2802 τῆς
3514 2734 3695 2801 ψιλῆς

2120 2833 2319 2902 αἰωνίῳ
2339 2829 2855 2899 καθυποὸαλλόμεθα
2871 2828 3101 2897 Θανάτῳ·
3123 2826 3215 2879 καλ
3234 2828 3323 2878 τὶν
3343 2826 3444 2895 μὲν
3466 2824 3694 2893 νομικὸν

2119 2924 2290 2985 οὕτως
2314 2922 2632 2993 διορθοῦται.
2667 2922 2823 2981 αὐτὸς
2853 2921 2959 2991 γὰρ
2991 2919 3131 2971 κατὰ
3157 2920 3266 2980 τὸν,
3305 2936 3321 2967 ι
3345 2917 3691 2987 Ἀγαπήσεις

2118 3015 2207 3066 τὸν
2237 3012 2460 3083 πλησίον
2495 3028 2610 3075 σου,
2640 3030 2656 3063 ι
2683 3012 2796 3071 καὶ,
2835 3029 2853 3059 ι
2877 3010 3139 3079 Μισήσεις
3167 3008 3254 3059 τὸν
3279 3005 3477 3075 ἐχθρόν
3512 3023 3635 3067 σου,
3668 3026 3684 3056 ι

2119 3105 2408 3159 κελεύοντα
2435 3104 2614 3173 νόμον,
2647 3102 2766 3172 διχῆ
2792 3100 2888 3171 τὴν
2914 3099 3071 3168 φύσιν
3096 3098 3338 3170 διαιρῶν,
3363 3097 3569 3169 ἐχθρὸν
3597 3098 3693 3168 μὲν

2118 3197 2333 3262 ἐαυτοῦ,
2362 3198 2540 3251 πάντα
2572 3196 2852 3265 ἄνθρωπον
2880 3196 3094 3263 ἡγεῖται
3130 3190 3423 3259 ἀλλοεθνῆ·
3454 3190 3558 3244 καὶ
3584 3189 3690 3257 γὰρ

2113 3294 2177 3363 δὴ
2208 3292 2301 3344 καὶ
2327 3287 2394 3361 ἦν
2427 3291 2587 3359 νόμος
2626 3289 2806 3350 αὐτοῖς
2837 3285 3119 3357 ἐχθρωδῶς
3156 3285 3291 3354 πρὸς
3318 3284 3537 3345 πάντας
3568 3284 3691 3346 τοὺς

2114 3386 2173 3450 ἐξ
2210 3383 2377 3438 ἐθνῶν
2411 3381 2743 3445 διακεῖσθαι,
2792 3381 2852 3433 οὐ
2893 3380 3038 3450 μίσει
3068 3378 3146 3448 τῷ
3180 3379 3314 3447 πρὸς
3349 3378 3459 3446 τὴν
3502 3377 3689 3445 κοινὴν

2114 3478 2291 3547 φύσιν,
2344 3475 2478 3528 ἀλλὰ
2504 3474 2588 3526 διὰ
2627 3472 2688 3525 τὸ
2734 3470 3046 3532 πλειστάκις
3076 3471 3270 3531 αὐτοὺς
3304 3471 3370 3520 ἐκ
3413 3468 3520 3537 τῆς
3551 3468 3687 3537 πρὶς

2111 3570 2179 3622 τὰ
2214 3568 2341 3638 ἔθνη
2381 3565 2703 3627 οἱκειώσεως
2741 3565 2818 3626 είς
2858 3562 2956 3631 τὴν
2980 3562 3200 3614 ἐκείνων
3234 3559 3685 3630 εἰδωλολατρείαν

2111 3661 2380 3714 ἐκκλίνειν
2400 3676 2413 3688 ’
2458 3656 2742 3720 Ἰουδαίους
2767 3656 2823 3707 δὲ
2858 3654 3083 3725 πλησίον
3112 3652 3306 3705 ἐαυτοῦ
3343 3653 3559 3721 ἡγεῖτο,
3593 3650 3685 3703 καὶ

2109 3753 2232 3807 οὐδὲ
2252 3752 2471 3812 τούτους
2496 3749 2725 3809 πάντας,
2754 3744 2866 3798 ἀλλ’
2891 3746 2942 3797 εἰ
2967 3760 3112 3806 τινες
3132 3743 3196 3795 ἂν
3226 3740 3506 3812 εὑρεθεῖεν
3534 3740 3685 3808 αὐτῷ

2108 3849 2207 3917 τὴν
2251 3844 2448 3913 ἀρετὴν
2502 3838 2804 3909 ὲιςάμιλλοι.
2863 3836 3166 3906 Οἰηματίας
3213 3833 3268 3885 δὲ
3314 3849 3399 3895 τις
3446 3832 3550 3889 ῶν.
3594 3833 3683 3884 καὶ

2107 3940 2280 3993 δοκῶν
2338 3936 2554 3988 πάντων
2594 3935 2661 4003 τῇ
2703 3933 2870 4002 ἀρετῇ
2920 3927 3229 3999 ὑπερέχειν,
3275 3924 3473 3977 οὐδένα
3528 3924 3681 3993 ἠξίου

2108 4029 2333 4101 πλησίον
2373 4024 2539 4079 αὐτοῦ
2571 4025 2604 4095 ἢ
2647 4020 2787 4077 εἷναι
2831 4025 2864 4091 ἦ
2894 4020 3176 4089 λέγεσθαι’
3219 4017 3332 4071 ἀλλ’
3370 4019 3400 4070 ὁ
3440 4017 3679 4087 Χριστίς

2106 4124 2202 4194 τὴν
2228 4119 2390 4174 αὑτοῦ
2423 4117 2646 4172 καὶτῶν
2677 4116 2746 4168 τά
2778 4114 2866 4167 ἴσα
2894 4112 3044 4180 αὑτῷ
3074 4112 3371 4165 νοσούντων
3394 4111 3680 4178 ἀγνωσίαν

2105 4209 2440 4282 ἐπανορθῶν,
2466 4208 2686 4277 ὀνόματι
2709 4205 2870 4276 κοινῷ
2897 4204 3004 4274 τῷ,
3045 4202 3395 4271 ι’ΔνΘρωπός
3428 4218 3536 4262 τις,
3565 4220 3585 4251 ι
3619 4201 3678 4253 οὐ

2104 4308 2249 4360 τόνδε
2282 4307 2314 4378 ἢ
2335 4306 2502 4369 τόνδε,
2526 4304 2661 4357 ἀλλὰ
2691 4301 2866 4354 πάντα
2896 4301 2985 4352 τὸν
3009 4299 3351 4369 ἀνθρωπίνης
3375 4298 3680 4365 μετέχοντα

2105 4403 2317 4471 φύσεως
2345 4400 2569 4469 πλησίον
2589 4399 2697 4450 δεῖν
2723 4395 3001 4449 καλεῖσθαι
3024 4394 3258 4447 διδάσκει
3277 4409 3293 4423 ·
3336 4391 3434 4442 καὶ
3478 4390 3679 4459 ἐχθρὸν

439 4493 676 4544 vestros,
719 4479 1017 4535 benefacite
1062 4480 1127 4534 iis
1178 4481 1268 4549 qui
1304 4480 1537 4534 oderunt
1584 4498 1700 4545 vos,
1742 4490 1797 4537 et
1845 4494 2003 4538 orate
2037 4491 2079 4544 Ι)
2111 4497 2230 4568 μηδ’
2247 4492 2520 4548 ὁντιναοῦν
2548 4490 2741 4542 εἰδέναι
2759 4488 3092 4557 θεσμοθετεῖ,
3111 4485 3198 4537 τὸν
3231 4482 3680 4552 μὲνῐλὲγοντανοο

439 4589 542 4645 pro
569 4573 1018 4643 persequentibus
1044 4588 1161 4625 vos.
1193 4591 1212 4623 ι
1244 4572 1447 4627 Omnes
1484 4574 1795 4643 huiusmodi
1826 4574 1999 4631 Judaei

440 4667 694 4723 inimicos
716 4666 1030 4725 credebant,
1061 4666 1336 4733 proximos
1354 4674 1532 4720 autem
1554 4667 1644 4734 qui
1668 4670 1999 4723 contrarium

439 4758 734 4814 faciebant.
764 4756 880 4810 Tali
940 4758 1102 4809 modo
1135 4757 1301 4826 igitur
1337 4758 1704 4826 legisperitum
1751 4769 1923 4815 teutat
1946 4770 2001 4814 et

438 4865 538 4921 per
573 4849 884 4919 parabolam
930 4864 996 4902 eo
1035 4849 1253 4918 redigit,
1287 4858 1358 4900 ut-
1386 4849 1470 4903 vel
1515 4849 1718 4905 invitus
1767 4851 2003 4905 fateatur

438 4942 608 5012 legem
641 4954 764 4993 esse
789 4937 1161 5008 imperfectam
1194 4953 1299 5007 qua
1330 4938 1570 5009 przecipit
1600 4941 1782 4995 odisse
1821 4942 2001 4997 inimi-

437 5049 561 5088 cum
610 5041 664 5086 et
712 5032 937 5101 diligere
986 5030 1327 5101 proxiuuun;
1379 5033 1669 5101 perfectam
1727 5044 1904 5088 autem
1948 5043 2001 5088 et

438 5125 781 5197 perficiendis
830 5123 899 5178 iis
941 5123 1033 5194 qui
1077 5140 1194 5177 eam
1237 5135 1558 5193 sequuntur,
1603 5127 1851 5179 idoneam
1880 5142 1997 5179 eam

435 5232 599 5287 quam
631 5215 707 5269 illi
736 5216 1041 5281 substituit,
1064 5224 1117 5271 et
1136 5232 1255 5286 qua:
1277 5216 1435 5270 docet
1457 5234 1648 5270 omnes
1670 5217 1995 5286 diligendus,

435 5309 710 5364 neminem
754 5323 852 5375 pro
898 5308 1057 5363 hoste
1088 5308 1395 5362 habendum
1436 5324 1581 5369 esse,
1624 5323 1720 5375 pro
1754 5309 2000 5376 proximo

437 5413 617 5459 autem
636 5405 945 5472 quicunque
964 5401 1165 5455 auxilio
1188 5401 1412 5469 indiget.
1438 5400 1552 5453 sive
1581 5400 1854 5465 ethnicus,
1885 5400 1998 5454 sive

433 5495 676 5551 Judaus.
700 5495 792 5548 Sic
814 5496 979 5563 igitur
1003 5496 1338 5548 sacerdotem
1359 5508 1418 5545 ac
1438 5492 1654 5545 levitam
1681 5493 1771 5561 qui
1797 5495 1997 5546 nullam

435 5587 483 5639 ei
516 5586 610 5656 qui
642 5587 786 5640 inter
820 5586 1061 5640 latrones
1107 5584 1382 5639 ceciderat
1427 5600 1583 5653 operti
1632 5585 1824 5647 tulere,
1855 5588 2000 5641 velut

440 5694 545 5731 non
579 5680 876 5746 proximos,
907 5678 1016 5730 imo
1054 5685 1113 5729 ut
1154 5677 1507 5745 alienigenas,
1538 5685 1595 5730 ut
1630 5677 1861 5732 sicarios
1907 5679 2001 5732 de-

439 5777 724 5825 monstrat.
755 5769 1078 5838 Quicunque
1116 5771 1256 5822 enim
1292 5785 1509 5823 ltltlltllltl
1561 5787 1664 5823 non
1697 5771 1920 5840 porrigit
1951 5773 1996 5825 ei

2107 4602 2253 4655 μον,ι
2278 4581 2601 4650 ’Δγαπήσεις
2621 4579 2710 4632 τὸν
2727 4577 2948 4647 πλησίον
2967 4593 3080 4640 σου,
3095 4594 3111 4625 ι
3139 4574 3564 4642 autument;
3586 4572 3680 4624 τὸν

2102 4674 2302 4746 ἐχθρόν’
2325 4689 2436 4732 σου,
2454 4691 2470 4722 ι
2494 4670 2569 4734 ὡς
2595 4668 2760 4738 ἀτελῆ
2793 4666 3024 4738 παριὼν,
3042 4668 3131 4718 τὸν
3157 4666 3213 4718 δὲ
3237 4663 3431 4717 ἐαυτοῦ
3458 4680 3679 4715 συνεισ-

2102 4767 2282 4837 φέρων
2306 4805 2320 4825 ,
2350 4764 2407 4816 ὃν
2461 4764 2555 4816 καὶ
2592 4760 2823 4831 ἀλλαχοῦ
2876 4760 3054 4829 τίθησι
3103 4758 3274 4824 λέγων
3308 4773 3322 4786 ο
3348 4776 3366 4807 ι
3388 4757 3677 4825 Ἀγαπίτε

2099 4860 2223 4919 τοὺς
2274 4856 2497 4926 ἐχθροὺς
2547 4853 2718 4922 ὑμῶν,
2766 4851 2945 4914 καλῶς
3003 4850 3205 4902 ποιεῖτε
3252 4851 3365 4911 τοῖς
3420 4847 3678 4917 μισοῦσιν

2102 4953 2263 5020 ὑμᾶς,
2295 4953 2385 5001 καὶ
2420 4945 2781 5017 προσεύχεσθε
2808 4945 2949 5013 ὑπὲρ
2978 4944 3085 4996 τῶν
3122 4941 3537 5013 ἐπηρεαζόντων
3580 4945 3678 4994 καὶ

2099 5040 2397 5093 διωκόντων
2419 5039 2581 5107 ὑμᾶς·
2598 5057 2613 5085 ι
2640 5036 2794 5106 δῆλον
2822 5036 2930 5105 γὰρ
2960 5036 3041 5086 ὅτι
3075 5037 3199 5097 τοὺς
3230 5033 3505 5095 τοιούτους
3533 5037 3678 5087 παν.

2098 5148 2196 5193 τας
2231 5129 2457 5201 ἐχθροὺς
2503 5127 2731 5199 ἡγοῦντο
2788 5127 3053 5179 Ἰουδαῖον
3111 5128 3238 5187 τοὺς
3299 5125 3356 5176 δὲ
3406 5127 3677 5179 τάναντία

2101 5224 2412 5285 ποιοῦντας,
2449 5222 2693 5291 πλησίον.
2720 5220 2881 5273 Ὅθεν
2913 5219 3053 5273 οὕτω
3090 5221 3181 5272 τὸν
3221 5219 3442 5287 νομικὸν
3473 5220 3673 5272 ἐκπιέ-

2101 5315 2204 5379 ζει,
2245 5314 2336 5366 καὶ
2362 5312 2620 5382 κατάγχει
2641 5315 2708 5383 τῇ
2735 5312 2834 5380 τῆς
2860 5311 3170 5381 παραϐολῆς
3190 5311 3435 5381 δυνάμει,
3465 5311 3541 5372 ὡς
3578 5313 3675 5363 καὶ

2100 5407 2298 5460 ἄκοντα
2341 5404 2737 5472 ἀνομολογῆσαι
2769 5404 2929 5474 ἀτελῆ
2959 5405 3056 5473 μὲν
3090 5400 3251 5469 εἶναι,
3283 5405 3375 5457 καὶ
3412 5404 3574 5456 ἀτελέ
3586 5421 3675 5456 σιν

2100 5495 2347 5567 εἰρῆσθαι
2396 5496 2507 5557 τὸν,
2567 5498 2743 5563 μισεῖν
2780 5496 2869 5548 τὸν
2926 5495 3135 5565 ἐχθρὸν,
3200 5499 3420 5567 ἀγαπᾷν
3465 5496 3523 5548 δὲ
3576 5500 3675 5551 τὶν

2101 5589 2346 5661 πλησίον,
2402 5588 2687 5641 κελεύοντα
2730 5589 2921 5657 νόμον·
2969 5587 3300 5642 τελειότατον
3332 5590 3388 5642 δὲ
3437 5590 3530 5642 καὶ
3576 5609 3671 5643 τε-

2100 5682 2399 5743 λειοποιὸν,
2444 5681 2501 5733 ὃν
2553 5681 2711 5742 αὐτὸς
2772 5682 3116 5751 θεσμοθετεῖι
3163 5684 3382 5753 ἀγαπᾷν
3443 5685 3671 5747 πάντας

2106 5774 2288 5836 ἁπλῶς
2322 5773 2600 5841 διδάσκων,
2638 5775 2728 5826 καὶ
2775 5773 2998 5844 μηδένα,
3022 5776 3144 5829 ἔνθα
3181 5777 3282 5847 χρὴ
3329 5778 3665 5845 εὐεργετεῖν,
