1947 3071
111 250 116 255 _
134 192 1772 251 μίξει-ς

245 345 376 422 DE
433 338 933 420 THEODORI
1001 330 1673 413 MOPSUESTENI

623 493 800 552 VITA
839 492 930 548 ET
975 457 1305 548 SCRlPTIS

327 623 779 674 COMMENTATIO
815 620 998 666 HISTO
1010 619 1143 665 ΒΙοΑ
1180 614 1590 662 THEOLOGICA.

901 738 1041 761 SCRIPSIT

665 805 777 838 OTTO
802 802 1010 835 FRIDOLIN
1036 801 1275 833 FRITZSCHE

637 225 1522 241 Ψ

808 885 949 904 τιιεοιοσιε
970 885 1128 903 ιιεεκτιλτυε.

556 946 655 980 (ﬁala,
668 943 808 975 sumptibus
820 941 925 967 librarize
937 941 1149 972 Orphanotrophei
1162 939 1366 965 MDCCCXXKVI.
1379 939 1388 970 )

771 1101 1180 1161 PR/EFATIO.

196 1299 292 1328 Schola
311 1298 491 1325 Antiochena
504 1317 513 1329 ,
533 1303 593 1330 quae
612 1303 626 1322 a
646 1293 790 1321 Dorotheo
808 1297 835 1320 et
854 1291 976 1319 Luciano
987 1312 994 1325 ,
1016 1290 1184 1327 presbyteris
1197 1311 1206 1324 ,
1224 1290 1276 1318 sub
1293 1289 1374 1317 linem
1394 1288 1486 1316 szcculi
1504 1289 1578 1316 tertii
1597 1289 1708 1316 condita
1725 1293 1768 1318 est
1780 1309 1789 1322 .

153 1354 218 1374 eum
242 1353 273 1373 ea
296 1345 341 1372 via
360 1343 507 1370 incederet
525 1348 608 1376 quam
630 1341 737 1376 priores
761 1339 889 1366 doctores
908 1338 1071 1365 Antiocbeni
1092 1337 1225 1369 inierant,
1243 1336 1407 1371 theologiam
1428 1335 1529 1363 sensim
1549 1342 1580 1362 ac
1600 1336 1730 1370 paulatim
1750 1336 1789 1362 ita

157 1392 257 1420 studiis
273 1391 333 1418 suis
350 1392 497 1425 persecuta
515 1392 576 1418 est,
592 1393 623 1414 ut
646 1386 736 1413 indole
756 1392 806 1412 sua
824 1383 956 1419 peculiari
975 1383 1122 1411 admodum
1142 1382 1284 1417 splendeat
1302 1388 1493 1416 summamque
1513 1381 1567 1407 vim
1590 1381 1618 1408 in
1638 1381 1790 1409 Ecclesiam

158 1437 279 1466 Gnrcam
299 1434 467 1463 exhibuerit.
488 1433 604 1460 Frustra
626 1432 699 1459 enim
718 1430 848 1458 Ecclesiae
866 1430 988 1462 Grmcaa,
1010 1429 1109 1457 veteris
1139 1429 1259 1456 maxime
1271 1448 1278 1460 ,
1308 1428 1427 1455 rationes
1445 1428 1602 1463 perspicere
1621 1428 1767 1455 conaberis
1780 1447 1790 1460 ,

159 1486 215 1513 nisi
230 1484 396 1519 theologiam
411 1482 613 1509 Antiochenam
630 1480 717 1515 probe
732 1478 905 1514 cognoveris.
922 1477 978 1505 Nec
995 1477 1110 1505 nimium
1128 1476 1203 1508 dixi,
1220 1476 1275 1503 imo
1293 1479 1349 1502 tota
1366 1475 1501 1511 theologia
1518 1475 1610 1503 Greca
1624 1495 1632 1506 .
1650 1483 1711 1510 quae
1727 1476 1791 1509 qui-

158 1533 224 1559 dem
241 1531 307 1566 quid
327 1530 380 1557 sibi
400 1529 481 1556 vellet
498 1528 601 1555 sciebat
621 1533 710 1561 neque
728 1524 847 1553 infausto
867 1529 980 1559 torpore
998 1524 1152 1555 tenebatur,
1170 1530 1213 1550 me
1229 1522 1321 1557 judice
1339 1529 1389 1556 per
1407 1527 1562 1557 temporum
1577 1522 1723 1550 decursum
1740 1523 1792 1551 tri-

162 1578 262 1613 partita
286 1579 361 1607 erat,
386 1573 590 1604 Alexandrina.
616 1570 785 1598 Antiochena
810 1575 835 1596 et
862 1576 924 1604 quae
950 1567 1066 1595 mediam
1091 1567 1237 1602 quamdam
1258 1566 1329 1593 viam
1358 1566 1430 1593 iniit.
1456 1566 1525 1594 Cum
1544 1566 1629 1602 igitur
1649 1572 1724 1595 tanta
1750 1570 1793 1596 vis

164 1611 268 1649 schola:
281 1620 460 1648 Antiochense
480 1618 577 1650 fuerit,
597 1616 717 1643 maxime
734 1614 879 1642 dolendum
897 1613 971 1648 quod
991 1621 1046 1640 non
1064 1620 1098 1640 ea
1118 1613 1180 1639 luce
1199 1620 1252 1647 qua
1272 1611 1456 1639 Alexandrina
1476 1612 1637 1640 collustrata
1658 1617 1711 1640 est.
1733 1613 1792 1643 "ac

164 1669 276 1696 demum
293 1672 371 1696 aetate
386 1667 422 1694 de
437 1674 468 1694 ea
484 1664 608 1692 nonnulli
624 1662 683 1691 νν.
699 1661 754 1690 DD.
771 1662 928 1690 accuratius
941 1661 1160 1696 disputaverunt,
1173 1660 1220 1695 qui
1232 1667 1387 1695 quanquam
1400 1660 1429 1687 in
1441 1661 1580 1689 nonnullis
1599 1666 1793 1696 peccaverunt.

166 1723 265 1750 magna
283 1723 331 1742 sua
349 1713 431 1741 laude
448 1713 506 1740 haec
523 1710 614 1739 studia
632 1708 834 1737 excitaverunt.

204 1761 259 1795 Ego
275 1767 339 1787 vero
354 1766 408 1793 quo
423 1757 528 1785 diutius
547 1756 575 1782 in
592 1752 707 1781 historia
725 1751 912 1780 ecclesiastica
929 1750 1131 1786 perscrutanda
1149 1751 1280 1778 versabar
1296 1755 1323 1778 et
1339 1758 1394 1786 quo
1409 1751 1495 1786 magis
1510 1752 1564 1778 vim
1585 1759 1617 1779 ac
1633 1753 1794 1788 gravitatem

167 1807 269 1835 scholae
285 1805 463 1832 Antiochense
480 1802 679 1837 perspiciebam
692 1821 701 1833 ,
719 1809 752 1830 eo
771 1801 869 1836 majori
886 1801 979 1828 studio
999 1801 1026 1828 in
1043 1801 1103 1836 ejus
1122 1808 1167 1829 res
1186 1799 1315 1835 inquisivi
1326 1819 1334 1833 ,
1353 1807 1414 1834 quae
1428 1800 1455 1827 in
1471 1801 1589 1827 maxima
1605 1808 1797 1829 monumento-

169 1862 231 1882 rum
259 1854 451 1880 historicorum
478 1851 592 1886 peuuria
611 1851 648 1878 ita
665 1850 867 1886 quodammodo
888 1849 1033 1876 dilucidari
1053 1853 1169 1884 possunt
1182 1868 1189 1880 ,
1206 1852 1237 1875 ut
1252 1848 1346 1883 quales
1366 1847 1483 1876 diversis
1502 1848 1673 1882 temporibus
1694 1849 1796 1884 singuli

169 1901 272 1929 schola:
286 1900 360 1927 illius
374 1899 500 1926 doctores
518 1897 618 1924 fuerint
635 1897 777 1932 anquiras.
796 1895 824 1924 In
840 1896 892 1922 hac
908 1902 974 1923 vero
993 1894 1144 1930 perdifﬁcili
1159 1894 1357 1929 disquisitione
1368 1913 1376 1925 ,
1397 1898 1424 1921 et
1443 1898 1567 1929 tempora
1586 1895 1672 1930 probe
1690 1895 1796 1923 discer-

171 1947 279 1978 nenda.
294 1950 321 1973 et
340 1953 371 1973 ea
391 1952 451 1980 qua:
464 1944 635 1979 singulorum
650 1943 793 1971 doctorum
809 1943 920 1978 propria
938 1946 1002 1969 sunt
1018 1949 1105 1976 neque
1122 1941 1148 1968 in
1166 1941 1253 1976 ipsam
1272 1941 1393 1968 scholam
1407 1940 1519 1968 cadunt.

210 1993 277 2025 Qua:
289 1999 349 2019 cum
364 1992 400 2018 ita
414 1992 489 2023 sint,
504 1998 595 2025 operm
612 1990 729 2025 pretium
745 1997 789 2017 me
805 1989 941 2016 [acturum
959 1989 1071 2023 putavi,
1089 1988 1110 2015 si
1129 1988 1156 2015 in
1172 1988 1255 2015 rebus
1271 1986 1409 2015 Theodori
1424 1987 1588 2015 Antiocheni
1599 2008 1606 2021 ,
1625 1988 1798 2024 Mopsuestia

176 2038 298 2074 episcopi
309 2058 316 2069 ,
330 2037 372 2072 qui
387 2036 552 2071 theologiam
566 2035 763 2063 Antiochenam
780 2034 814 2061 ad
830 2042 890 2062 eam
904 2041 987 2070 quam
1002 2037 1081 2062 nacta
1096 2037 1137 2061 est
1152 2033 1346 2068 perfectionem
1359 2034 1464 2066 evexit,
1479 2042 1566 2061 meam
1582 2035 1799 2072 qualemcunque

175 2090 273 2110 omam
289 2082 449 2109 collocarem
465 2086 548 2116 atque
562 2081 596 2108 de
611 2081 670 2116 ejus
688 2081 741 2108 vita
752 2101 759 2113 ,
777 2080 905 2116 scriptis.
923 2079 1071 2115 Scripturze
1085 2087 1171 2108 sacra:
1189 2080 1425 2115 interpretatione,
1443 2080 1584 2111 doctrina.
1608 2087 1747 2116 postremo
1765 2084 1799 2111 de

171 2129 235 2163 ejus
251 2128 315 2155 fatis
329 2131 392 2163 post
406 2127 463 2155 fata
479 2127 636 2155 accuratius
650 2130 863 2154 commentarer.
879 2126 979 2160 Accipe
992 2146 999 2158 ,
1015 2125 1116 2153 Lector
1133 2126 1263 2153 benevole
1273 2146 1280 2158 ,
1297 2125 1368 2153 hanc
1384 2127 1500 2161 primam
1516 2127 1550 2154 de
1563 2127 1708 2155 Theodoro
1723 2137 1799 2156 com-

171 2174 367 2201 mentationem
384 2173 422 2208 (α)
440 2181 557 2208 eamque
574 2173 740 2208 bipartitam.
757 2173 796 2199 Ac
814 2173 894 2199 vitam
909 2172 1018 2207 quidem
1036 2171 1173 2200 Theodori
1190 2171 1218 2199 in
1242 2176 1316 2199 tanta
1341 2176 1580 2199 monumentorum
1601 2173 1798 2204 historicorum

177 2222 318 2255 paucitate
336 2226 415 2248 nemo
434 2221 591 2248 describere
610 2223 719 2255 potest;
740 2227 801 2255 qua:
819 2227 884 2247 vero
900 2219 933 2247 de
950 2220 1006 2246 vita
1027 2219 1109 2253 hujus
1127 2219 1179 2246 viri
1199 2224 1274 2247 certe
1292 2223 1339 2246 aut
1357 2220 1534 2255 probabiliter
1552 2220 1604 2248 dici
1623 2227 1703 2257 pbsse
1721 2223 1799 2251 vide-

176 2271 269 2293 rentur
287 2267 383 2293 sedulo
400 2267 525 2301 congessi
541 2271 569 2294 et
583 2266 737 2293 examinari
752 2286 760 2298 ,
778 2274 811 2293 ne
827 2265 976 2293 levioribus
992 2266 1102 2301 quidem
1117 2265 1211 2297 rebus.
1229 2270 1259 2293 ut
1274 2274 1323 2301 par
1336 2270 1405 2296 erat,
1420 2267 1540 2294 omissis.

213 2311 270 2344 Quo
285 2312 416 2347 pauciora
432 2312 466 2339 de
481 2311 540 2338 viro
555 2311 674 2346 quodam
691 2311 846 2339 clarissimo
860 2310 928 2337 edax
944 2314 1051 2345 tempus
1068 2310 1172 2345 reliqua
1187 2309 1269 2342 fecit,
1283 2318 1316 2338 eo
1331 2310 1426 2343 majori
1443 2311 1533 2338 studio
1547 2319 1579 2339 ea
1592 2312 1644 2340 etsi
1661 2312 1800 2341 levissima

174 2364 322 2393 congerere
341 2357 421 2384 decet
438 2361 518 2392 atque
535 2358 722 2392 perscrutari,
743 2364 798 2391 quo
816 2356 906 2391 qualis
925 2356 1010 2383 fuerit
1029 2356 1053 2383 si
1074 2363 1129 2383 non
1149 2356 1249 2383 docere
1261 2376 1269 2388 ,
1289 2355 1446 2390 conjectura
1464 2361 1538 2384 certe
1562 2359 1671 2392 assequi
1692 2360 1797 2394 possis.

175 2403 291 2439 Magnus
310 2404 386 2431 enim
405 2403 448 2429 vir
464 2404 505 2430 vel
524 2411 557 2430 ex
577 2404 629 2434 iis,
649 2403 745 2438 paucis
766 2403 844 2433 licet.
865 2410 927 2437 quae
945 2402 979 2429 de
997 2409 1030 2428 eo
1053 2403 1159 2437 reliqua
1181 2401 1254 2429 facta
1274 2406 1338 2428 sunt
1356 2404 1484 2437 cognosci
1508 2407 1606 2438 potest.
1631 2403 1680 2430 Vir
1704 2406 1801 2434 doctus

174 2458 268 2480 autem
284 2456 311 2480 et
326 2452 501 2479 clarissimus
517 2452 644 2479 Ecclesiae
660 2451 759 2478 doctor
773 2451 829 2478 fere
846 2451 923 2478 libris
940 2450 999 2478 suis
1017 2450 1125 2477 censeri
1145 2453 1237 2484 potest
1252 2469 1259 2482 ,
1275 2449 1309 2477 de
1328 2450 1428 2485 quibus
1444 2450 1466 2478 si
1483 2451 1548 2478 satis
1564 2455 1693 2480 accurate
1708 2453 1802 2489 dispu-

176 2500 298 2531 taveris.
312 2499 373 2534 ejus
389 2506 436 2526 res
452 2505 548 2533 magna
560 2505 592 2525 ex
608 2501 687 2533 parte
702 2498 897 2526 illustraveris.
922 2497 1085 2531 Quanquam
1101 2505 1136 2524 ne
1152 2501 1208 2524 tum
1223 2495 1333 2532 quidem
1358 2496 1515 2531 hujusmodi
1533 2497 1682 2533 diSputatio
1697 2499 1802 2528 inutilis

166 2549 221 2574 .est
234 2565 242 2577 ,
259 2546 281 2572 si
296 2546 428 2573 librorum
450 2546 559 2572 illorum
577 2545 632 2573 fere
649 2553 736 2580 pauca
753 2545 904 2581 fragmenta
921 2549 1081 2580 supersunt.
1097 2544 1168 2578 Quid
1189 2545 1261 2580 quod
1277 2552 1308 2571 ex
1323 2544 1390 2572 solis
1406 2552 1501 2571 eorum
1522 2545 1610 2573 titulis
1625 2547 1728 2581 aliquid
1744 2548 1802 2575 elli-

174 2591 260 2619 cias?
275 2591 315 2618 Ad
330 2591 506 2620 Theodorum
525 2598 614 2619 autem
630 2596 660 2619 ut
675 2597 805 2625 revertar,
821 2592 1012 2620 diﬂicillimum
1029 2595 1089 2619 erat
1106 2599 1138 2619 ac
1153 2591 1245 2626 magni
1262 2591 1382 2623 laboris,
1404 2591 1437 2619 de
1458 2591 1519 2626 ejus
1539 2593 1645 2626 scriptis
1654 2598 1802 2625 exponere.

176 2647 247 2667 cum
265 2647 324 2673 qua:
341 2639 392 2667 huc
410 2640 580 2675 pertinerent
596 2640 716 2667 nondum
737 2641 804 2668 satis
822 2643 950 2667 accurate
965 2644 1095 2675 congesta
1113 2643 1194 2674 atque
1212 2639 1369 2666 examinata
1393 2643 1507 2670 essent,
1532 2639 1592 2673 ipsa
1612 2647 1681 2666 vero
1700 2639 1806 2673 disqui-

177 2685 266 2718 sitio,
290 2692 372 2719 quam
396 2686 487 2713 nullus
513 2686 556 2713 vir
581 2686 679 2713 doctus
700 2693 787 2719 usque
800 2686 890 2713 adhuc
903 2689 959 2712 tam
972 2685 1027 2712 late
1042 2690 1135 2720 patere
1148 2684 1252 2716 voluit,
1268 2684 1296 2710 in
1321 2688 1397 2710 tanto
1416 2687 1538 2711 veterum
1563 2684 1671 2712 silentio
1694 2685 1806 2719 spinosa

179 2738 271 2765 esset,
293 2734 321 2761 in
345 2741 399 2769 qua
418 2742 452 2761 ne
469 2738 592 2770 optarem
612 2735 703 2769 potius
721 2742 803 2769 quam
821 2734 949 2762 docerem
968 2732 1124 2760 cavendum
1139 2736 1207 2759 erat.
1226 2731 1286 2758 Non
1301 2731 1389 2759 solum
1409 2735 1499 2758 autem
1520 2739 1581 2766 quae
1602 2731 1731 2759 historica
1754 2731 1807 2757 ﬁde

179 2778 264 2815 digna
281 2773 381 2809 essent
395 2780 540 2816 disquisivi
553 2800 562 2813 ,
583 2789 677 2809 verum
696 2782 779 2809 etiam
799 2781 862 2808 hazo
876 2781 936 2815 ipsa
956 2784 1030 2808 recte
1048 2779 1202 2814 intelligere
1221 2782 1303 2814 atque
1322 2785 1355 2806 ex
1376 2778 1410 2805 iis
1430 2785 1461 2805 ea
1479 2785 1540 2812 qua
1554 2783 1628 2805 recte
1642 2777 1712 2806 ellici
1726 2784 1807 2813 posse

220 2879 258 2914 (ιι)
272 2880 338 2913 Qua
357 2881 392 2908 de
401 2871 539 2910 Theodori
555 2882 760 2910 commentariis
775 2882 803 2910 in
816 2882 939 2910 Psalmos
956 2886 984 2909 et
999 2881 1026 2908 in
1041 2881 1127 2908 libros
1142 2880 1209 2908 Novi
1225 2879 1392 2908 Testamenti
1407 2877 1556 2915 disputavi,
1574 2885 1605 2906 ea
1624 2878 1729 2914 integra
1751 2875 1807 2903 fere

182 2916 339 2950 nuperrime
355 2917 503 2951 separatim
518 2916 602 2949 edidi,
620 2921 648 2943 ut
661 2918 777 2947 honores
790 2917 935 2946 Licentiati
949 2917 1091 2952 theologia!
1103 2916 1154 2944 rite
1164 2916 1350 2951 impetrarem.

360 2962 498 2992 Pauor.
520 2961 580 2992 Gn.
603 2961 713 2996 LXVI.
1624 2959 1638 2989 ί

1086 3055 1092 3069 Δ
