1940 3064
154 155 185 183 Η
587 157 736 185 OTTONIS
752 156 842 184 Fltll).
864 154 1058 184 FRITZSCIIE
1077 152 1330 183 COMMENTATIO
1747 152 1781 180 12

154 206 323 245 viderentur,
343 211 448 240 efficere
467 211 582 246 studui;
603 221 656 248 qua
676 214 704 240 in
725 221 754 240 re
773 217 803 240 ut
823 213 949 241 haberem
969 213 1013 241 cui
1036 213 1100 247 jure
1124 213 1257 240 inniterer
1280 211 1440 240 Theodorea
1465 211 1674 240 accuratissime
1696 211 1780 240 etiam

154 263 236 293 atque
254 258 337 286 etiam
357 258 548 293 pertractanda
568 262 656 286 erant.
678 258 731 285 Sed
751 266 785 286 ne
804 258 882 293 plura
902 266 916 285 a
936 265 980 285 me
999 258 1124 293 requiras
1144 265 1226 293 quam
1247 265 1310 293 quze
1327 261 1458 292 praestare
1471 256 1546 284 volui
1565 261 1613 284 aut
1628 256 1704 292 potui
1716 276 1725 290 ,
1745 256 1781 285 de

154 306 316 337 argumento
335 303 418 337 hujus
436 303 678 331 commentationis
697 304 793 337 paucis
812 303 975 330 edisseram.

189 358 333 387 Pmmissa
355 359 432 386 brevi
454 358 640 394 disputatione
665 360 699 387 de
719 360 856 387 Theodori
879 360 1045 396 scriptorum
1069 367 1203 392 numero,
1229 359 1338 387 fortuna
1353 379 1362 392 ,
1384 366 1464 394 quam
1485 363 1640 394 temporum
1659 359 1779 387 decursu

154 409 266 440 experta
281 410 362 437 sunt.
381 405 470 440 deque
487 406 662 432 versionibus
675 425 683 437 .
700 413 732 433 ea
750 406 858 441 singula
877 406 975 433 ordine
991 406 1118 433 recensui
1137 406 1226 441 deque
1245 406 1279 433 iis
1299 406 1428 434 disserui.
1450 404 1479 432 In
1498 413 1553 441 quo
1570 406 1690 440 primum
1708 414 1780 441 quos

154 451 239 479 libros
255 456 283 479 et
298 459 352 486 quo
370 456 492 487 tempore
507 452 630 486 singulos
646 451 808 479 Theodorus
825 452 985 486 scripsisset
1000 452 1173 486 quaerebatur
1189 459 1197 477 :
1222 451 1290 479 illud
1314 451 1448 486 imprimis
1473 455 1585 487 propter
1607 456 1730 479 veterum
1750 451 1780 479 in

153 496 273 524 citandis
287 497 365 525 libris
385 498 520 524 incuriam
537 502 564 524 et
581 489 775 532 negligentiam
792 497 864 524 haud
880 504 944 524 raro
959 496 1069 524 diﬂicile
1089 497 1164 524 dictu
1188 501 1266 530 erat,
1292 496 1344 524 hoc
1365 497 1502 524 interdum
1525 501 1632 524 tantum
1647 497 1780 525 constitui

154 548 270 579 poterat.
291 543 328 571 De
344 544 541 571 commentario
558 545 583 570 in
600 552 639 571 xu
657 545 798 579 prophetas
816 545 951 577 minores,
972 544 1018 579 qui
1039 545 1114 572 solus
1134 548 1241 572 aetatem
1267 545 1376 572 videtur
1398 545 1511 576 tulisse.
1530 545 1625 572 eadem
1646 545 1702 573 fere
1719 554 1782 581 quze

153 592 222 626 Ang.
241 590 328 618 Maius
353 595 381 618 et
401 589 493 618 Victor
511 591 545 618 de
563 591 719 626 Wegnern,
741 591 798 618 VV.
821 591 887 622 DD..
907 592 934 618 in
957 591 1161 627 Prolegomenis
1179 591 1408 626 disputaverunt,
1427 591 1519 618 denuo
1540 591 1696 619 accuratius
1720 600 1782 627 per-

153 638 293 665 tractravi.
312 638 371 665 Alia
390 638 498 665 correxi
511 658 519 670 ,
538 638 590 665 alia
607 638 694 673 adjeci
707 658 715 671 ,
736 639 789 666 alia
809 638 991 673 amplificavi,
1010 638 1063 665 alia
1081 638 1198 673 denique
1214 637 1348 666 contraxi.

189 693 387 730 Plcrorumquc
406 693 543 721 Theodori
562 694 694 722 librorum
714 693 865 730 fragmenta
884 694 1007 728 quaedam
1029 698 1195 729 supersunt,
1218 701 1279 729 quae
1303 694 1327 722 si
1348 693 1537 720 tantummodo
1562 700 1780 721 commemoras-

154 748 212 767 sem
226 760 233 773 ,
255 749 343 776 neque
367 749 431 769 vero
456 746 584 768 accurate
603 741 816 776 perlustrassem
830 760 838 773 ,
859 748 942 776 opera
962 748 1022 768 mea
1041 749 1137 776 parum
1158 741 1299 768 fructuosa
1318 745 1401 767 esset.
1423 739 1477 767 Sed
1503 740 1596 774 spuria
1616 739 1699 766 verbo
1716 743 1780 766 tan-

154 791 211 812 tum
232 786 346 819 notavi;
369 786 415 813 ubi
434 786 502 813 nihil
521 787 636 818 monui,
658 786 773 821 genuina
794 785 841 813 illa
859 785 1014 821 fragmenta
1033 793 1144 814 censeo.
1166 785 1299 814 liberiore
1318 793 1384 813 vero
1405 785 1440 813 de
1458 785 1575 820 singulis
1594 784 1782 820 disputatione

153 842 198 860 me
215 834 398 869 supersedere
419 841 500 869 posse
518 834 620 868 putavi.
638 833 821 869 Praeterquam
839 834 912 861 enim
926 833 999 869 quod
1017 834 1102 860 multa
1116 841 1211 861 eorum
1229 834 1354 862 breviora
1372 842 1404 861 ac
1421 834 1523 862 leviora
1541 838 1627 866 sunt,
1646 840 1729 868 quam
1747 833 1783 860 de

153 879 255 914 quibus
282 879 375 907 multis
401 879 542 912 disseras,
567 888 613 908 res
634 880 713 908 valde
733 881 860 915 ambigua
880 887 922 908 est
948 888 999 908 nec
1022 881 1075 908 nisi
1095 881 1130 908 ab
1154 889 1187 908 eo
1204 881 1354 916 judicanda
1373 881 1418 908 cui
1439 880 1575 908 sentiendi
1593 885 1621 907 et
1640 879 1780 907 scribendi

154 933 240 960 genus
258 925 394 953 Theodori
413 925 547 954 familiare
562 931 614 953 est.
632 926 691 953 Alia
709 927 863 954 certissime
889 926 1024 954 Theodori
1051 931 1126 959 sunt.
1146 927 1199 954 alia
1219 927 1254 954 ab
1272 935 1305 955 eo
1322 931 1396 955 certe
1414 935 1469 954 non
1487 927 1645 954 abhorrent.
1662 926 1782 953 Omnino

154 977 263 1000 veteres
280 971 408 999 audiendi
426 976 504 1000 erant
515 993 523 1004 .
538 980 553 1000 a
569 981 685 1008 quorum
703 973 866 1000 auctoritate
882 974 993 1002 nonnisi
1016 975 1187 1009 gravissimis
1203 975 1238 1002 de
1253 975 1345 1002 causis
1362 975 1474 1002 recessi.
1493 973 1587 1010 Neque
1602 982 1668 1002 vero
1685 974 1713 1001 in
1730 973 1782 1001 huc

155 1019 189 1047 de
206 1019 366 1054 fragmentis
381 1019 574 1055 disquisitione
590 1020 734 1055 acquievi,
756 1020 804 1048 sed
820 1020 965 1056 diligenter
979 1023 1062 1048 etiam
1080 1022 1242 1058 investigavi
1260 1031 1321 1058 quae
1337 1022 1371 1050 de
1387 1029 1547 1058 argumento
1567 1030 1594 1050 et
1611 1023 1703 1050 indole
1722 1024 1782 1049 sin—

155 1068 282 1104 gulorum
302 1067 432 1095 librorum
452 1068 507 1095 dici
525 1076 606 1103 posse
625 1068 793 1096 viderentur.
811 1068 871 1101 Qua
891 1069 918 1096 in
943 1069 1128 1104 disputatione
1154 1070 1233 1105 plura
1259 1070 1380 1106 reperies
1405 1071 1478 1098 unde
1501 1071 1593 1106 qualis
1617 1069 1783 1098 Theodorus

156 1116 238 1143 fuerit
253 1116 381 1150 cognosci
399 1121 509 1152 potest,
530 1125 685 1153 quanquam
704 1119 732 1145 in
752 1117 796 1145 his
815 1125 863 1153 per
883 1118 965 1152 hujus
985 1118 1048 1145 libri
1068 1118 1191 1146 rationes
1211 1119 1340 1147 brevitati
1359 1120 1462 1149 studui.

190 1172 291 1201 Multos
313 1181 422 1202 errores
447 1182 509 1202 cum
537 1178 658 1202 veterum
686 1179 744 1202 tum
764 1175 950 1203 recentiorum
971 1175 1159 1211 deprehendi,
1181 1177 1229 1205 sed
1249 1178 1347 1206 horum
1373 1178 1483 1214 quidem
1509 1181 1623 1213 peccata
1649 1180 1782 1212 quantum

157 1220 215 1247 fieri
240 1220 328 1254 potuit
351 1220 433 1247 tacite
460 1220 579 1247 correxi.
602 1219 812 1255 Supervacanea
831 1220 940 1247 silentio
961 1221 1134 1254 praetermisi.
1157 1220 1193 1248 At
1211 1229 1276 1249 vero
1295 1221 1323 1249 in
1345 1222 1503 1257 hujusmodi
1523 1222 1622 1250 studiis
1642 1229 1735 1249 enare
1754 1221 1783 1247 in

155 1266 270 1301 proclivi
293 1270 353 1297 est,
378 1271 406 1293 et
429 1273 587 1301 quanquam
614 1273 749 1294 summam
769 1266 851 1294 ﬁdem
878 1266 1103 1302 indefessumque
1131 1267 1254 1294 studium
1283 1269 1417 1303 adhibui,
1432 1269 1504 1296 haud
1521 1269 1604 1296 dubie
1620 1268 1736 1296 subinde
1755 1269 1783 1295 in

157 1320 266 1340 errores
282 1312 378 1340 incidi.
398 1312 452 1340 Sed
470 1313 643 1341 correctione
659 1313 793 1348 gaudebo.
812 1312 931 1341 Omnino
957 1321 1024 1342 vero
1044 1314 1109 1349 quid
1131 1314 1307 1349 praestiterim
1328 1315 1399 1350 apud
1417 1315 1491 1343 viros
1514 1315 1611 1342 harum
1631 1315 1784 1342 litterarum

157 1360 262 1396 peritos
288 1359 422 1395 judicium
448 1366 518 1389 esto.

188 1451 330 1476 Sertbebam
343 1451 421 1483 Halm,
433 1452 458 1477 d.
468 1458 518 1477 nu
527 1459 559 1477 tn.
572 1451 713 1484 Septembr.
726 1459 749 1476 ιι.
767 1451 837 1477 1856.

1313 1483 1353 1514 Ο.
1379 1482 1413 1513 F.
1438 1483 1625 1513 FRITZSCHE.

174 1582 1772 1594 o—u_—___________——____________

438 1681 527 1736 DE
584 1681 952 1739 THEODORI
1007 1681 1507 1739 MOPSUESTENI

794 1791 885 1822 VITA
904 1793 952 1822 ET
982 1792 1151 1824 SCRIPTIS

286 1883 730 1932 COMMENTATIO
782 1884 1108 1931 HISTORICA
1141 1886 1217 1930 ET
1252 1885 1638 1934 THEOLOGICA

557 2094 663 2126 PARS
679 2095 869 2126 PRIOR.-—
891 2094 950 2125 DE
974 2093 1195 2125 THEODORI
1216 2072 1313 2125 ΥΙΤᾸ
1336 2095 1391 2135 (α).

198 2203 359 2233 Theodorus
383 2203 549 2236 Antiochiae.
580 2211 642 2238 quae
666 2207 750 2237 caput
773 2207 833 2230 erat
861 2202 947 2239 Syriae
961 2203 984 2231 A
1000 2203 1118 2239 (Critica
1133 2203 1198 2230 hist.
1215 2202 1337 2230 cltronol.
1364 2202 1391 2229 in
1413 2201 1528 2228 Annales
1554 2200 1674 2227 Rarom'i.
1703 2200 1783 2228 Antv.

162 2252 258 2288 prima:
278 2251 419 2286 totiusque
434 2249 555 2278 Orientis
576 2249 631 2283 (ὁ),
661 2248 800 2276 nobilibus
829 2253 856 2276 ct
879 2249 949 2276 divi-

163 2297 237 2325 tibus
251 2297 409 2331 parentibus
425 2297 460 2331 (c)
474 2303 546 2323 anno
562 2295 618 2326 fere
631 2295 683 2322 550
699 2299 782 2322 natus
796 2298 847 2322 est.

198 2344 291 2372 Placet
314 2349 401 2371 autem
414 2343 469 2378 jam
493 2343 538 2370 hic
556 2348 639 2370 totum
658 2342 748 2370 locum
765 2342 799 2369 de
816 2343 947 2377 temporis

163 2390 327 2422 rationibus,
342 2397 403 2424 qua:
416 2388 552 2416 Theodori
568 2388 651 2415 vitam
669 2387 820 2417 continent.
838 2392 946 2422 pertra-

163 2442 250 2467 ctare,
265 2435 293 2462 in
305 2443 360 2470 quo
369 2435 484 2470 primum
499 2443 554 2470 quo
565 2442 637 2461 anno
645 2434 808 2461 Theodorus
822 2438 947 2461 mortuus

163 2482 201 2511 sit
212 2481 432 2510 disauirendum.
447 2480 555 2509 Ootime
571 2480 622 2507 hac
638 2479 673 2507 de
687 2487 716 2507 re
728 2479 866 2506 Antonius
880 2478 948 2514 Pagi

199 2550 238 2586 (τι)
257 2549 308 2586 De_
321 2548 465 2586 Theodoro
479 2549 606 2586 _cjpsque
627 2548 714 2586 rebiis
742 2548 826 2586 multa
858 2547 940 2586 albata

163 2581 235 2614 sunt'
246 2585 275 2612 in
289 2584 405 2612 Fabricii
424 2584 493 2611 Bibl.
506 2581 615 2611 'Grfed.
627 2582 713 2611 llarl..
731 2583 784 2609 vol.
800 2582 834 2614 x,
849 2590 874 2616 p.
890 2581 942 2609 356

164 2630 207 2657 sq.
225 2620 297 2648 Inter
321 2628 369 2648 eos
394 2620 440 2657 qui
462 2619 523 2657 ejus
546 2619 633 2657 vitam
659 2618 783 2657 pluribus
796 2617 942 2657 persecuti

164 2652 242 2687 sunt.
256 2663 311 2691 prae
327 2652 432 2683 caeteris
448 2652 608 2691 nominandi
623 2652 725 2691 L_enain
736 2654 783 2691 ‘de_
796 2652 945 2691 Tillemont

164 2687 329 2727 (Mémbires
340 2697 404 2723 pour
418 2689 499 2727 serpit:
509 2690 532 2727 _¢'1_
546 2688 674 2727 l‘histoire
681 2687 750 2727 ‘cccl‘.
766 2687 810 2714 des
827 2688 871 2727 sisi
885 2694 944 2727 pre:

164 2722 244 2754 utier:
266 2722 373 2756 siécles.
397 2729 416 2751 t.
431 2723 477 2751 Xll
494 2723 704 2759 [Venet_.ht75‘2.
716 2723 771 2759 Ην
782 2722 873 2759 p.433
885 2722 944 2759 s_q_._)

164 2766 191 2789 et
205 2761 230 2789 J.
244 2760 372 2788 Mattltias
395 2756 550 2794 Schroeckh
571 2756 846 2794 (Kirchenges'chiehte
861 2762 881 2783 t.
896 2756 944 2794 XV

165 2795 347 2833 [βψω-1790
358 2795 376 2831 ],
398 2802 425 2833 p.
439 2793 490 2820 176
506 2794 578 2829 sq.).
601 2794 649 2819 Hic
668 2793 693 2833 in
711 2793 885 2833 Theodorum
907 2793 945 2833 le-

165 2827 238 2864 nior.
254 2831 299 2859 ille
317 2827 454 2865 asperior.
471 2827 585 2864 uterque
597 2827 768 2865 emendanda
781 2832 807 2854 et
818 2827 943 2865 addenda

166 2861 343 2902 reliquerunt.
351 2861 431 2893 'Mulli
447 2861 576 2902 praetcrea
588 2863 841 2902 nonnullmtanturn
853 2861 944 2888 Theo-

166 2897 247 2931 doréa
267 2902 423 2931 accuratius
447 2897 637 2933 illustrarunt,
661 2905 778 2934 quorum
798 2897 944 2933 plerosque

1001 2248 1082 2280 i705,
1096 2248 1156 2280 ἴοι..
1173 2248 1206 2275 ad
1226 2255 1253 2275 a.
1278 2246 1349 2283 427)
1373 2246 1513 2274 disseruit.
1531 2244 1646 2272 Dim-edo
1662 2249 1752 2272 tamen
1768 2253 1784 2272 a

998 2303 1025 2322 v.
1045 2295 1085 2327 d.,
1102 2302 1191 2329 neque
1205 2301 1230 2321 a.
1242 2293 1306 2325 429,
1325 2292 1372 2320 sed
1389 2291 1440 2319 sub
1455 2292 1528 2318 exitu
1544 2291 1608 2318 anni
1625 2291 1678 2319 428
1693 2290 1784 2317 Theo-

998 2341 1096 2368 dorum
1109 2340 1211 2367 obiisse
1227 2339 1320 2366 credo.
1336 2337 1377 2364 Ad
1402 2345 1428 2364 a.
1456 2337 1509 2364 428
1523 2337 1577 2372 jam
1593 2338 1672 2364 multi
1683 2357 1690 2369 ,
1715 2343 1785 2371 quos

1000 2386 1066 2417 adii.
1084 2394 1110 2412 v.
1124 2385 1152 2412 d.
1169 2385 1230 2419 ejus
1243 2389 1356 2411 mortem
1375 2383 1535 2413 retulerunt,
1554 2382 1601 2410 sed
1614 2381 1785 2417 conjicienda

998 2433 1090 2467 potius
1108 2439 1189 2466 quam
1217 2429 1425 2462 ratiocinando;
1452 2430 1496 2456 alii
1513 2433 1621 2459 autem,
1646 2433 1675 2454 ut
1699 2426 1783 2454 llenr.

1002 2477 1128 2505 Norisius
1141 2476 1207 2513 (Op.
1224 2477 1328 2509 omnia,
1344 2475 1353 2502 l
1368 2475 1494 2513 [Verenaa
1509 2474 1577 2501 1729
1594 2473 1673 2510 fol.],
1691 2481 1717 2508 p.
1732 2472 1780 2500 29l

993 2546 1064 2573 infra
1094 2546 1222 2581 laudabo.
1255 2545 1280 2573 J.
1310 2544 1470 2581 Christoph.
1498 2542 1627 2581 M_e_i:_u_teri
1655 2541 1725 2581 Qiss.
1753 2541 1786 2581 de

995 2581 1129 2609 Theodoro
1145 2580 1330 2616 Mopsuesteno
1357 2576 1491 2615 (Witteb.
1515 2577 1603 2611 1714)
1630 2576 1785 2611 cujusmodi

993 2618 1030 2645 sit
1049 2618 1153 2644 nescio.

1029 2653 1067 2686 (ὁ)
1083 2652 1259 2679 Amice/tenus
1272 2651 1426 2685 saepissime
1438 2649 1549 2686 dicitur.
1563 2646 1647 2686 C_f;_v.
1661 2654 1687 2674 c.
1701 2645 1785 2686 Pbot.

995 2680 1163 2719 c.‘chxvn.
1183 2687 1227 2719 58,
1254 2687 1281 2714 t.
1303 2680 1428 2722 Fabricio
1449 2685 1524 2722 ιτ-ι.ζ
1534 2691 1559 2718 ρ.
1578 2681 1641 2712 396.
1667 2686 1696 2722 et
1718 2680 1788 2722 γρη-

998 2723 1067 2750 losia
1083 2724 1109 2749 in
1135 2716 1250 2749 K'ollarii
1278 2723 1310 2749 ad
1339 2716 1651 2757 Latnbecii_§ommnt.
1672 2716 1704 2744 de
1721 2716 1785 2757 tibi.

999 2758 1068 2786 Cas.
1089 2757 1201 2784 Vindob.
1219 2759 1353 2792 supplem.
1371 2757 1389 2783 l.
1405 2764 1424 2786 ι.
1437 2763 1464 2790 p.
1483 2754 1546 2792 iis.
1561 2753 1786 2792 testibus,_etiam

998 2792 1180 2827 llagiopolites
1200 2787 1315 2825 dicitur;
1337 2800 1380 2818 me
1395 2787 1460 2818 ver'o
1472 2790 1579 2816 nullum
1592 2788 1682 2814 locum
1696 2787 1786 2822 legere

998 2829 1121 2858 memini.
1139 2829 1165 2855 in
1180 2836 1235 2862 quo
1252 2827 1289 2854 ita
1305 2827 1474 2862 nominetur:

1033 2864 1069 2899 (ε)
1088 2855 1131 2892 Cf.
1146 2855 1289 2899 Glirysost.
1307 2862 1378 2898 Opp.
1394 2861 1438 2890 ed.
1451 2858 1560 2892 Montf.,
1581 2858 1603 2892 Ι,
1622 2865 1648 2893 p.
1661 2855 1708 2885 36.
