1940 3064
149 181 185 208 13

553 179 596 205 DE
616 178 789 205 TIIEODORI
811 176 1051 206 MOPSUESTENI
1072 176 1152 204 VITA
1173 176 1216 204 ΕΤ
1237 175 1400 203 SCRIPTIS.
1747 178 1780 204 i1.

150 238 230 272 sq.),
250 237 368 265 inlirmis
383 236 439 264 nixi
453 237 621 270 rationibus,
635 237 669 263 ad
683 244 709 264 a.
722 236 784 264 δεῖ.
803 252 837 258 -
850 235 941 263 Theo—
957 242 978 267 Λ
994 243 1020 272 p.
1037 236 1098 267 (>50,
1115 236 1149 262 el.
1170 243 1196 270 p.
1210 235 1272 267 648,
1288 235 1359 262 unde
1375 243 1436 262 cum
1453 243 1475 261 a.
1496 235 1550 262 4‘28
1565 235 1666 262 obiisse
1681 237 1777 263 verisi-

151 283 247 310 domt.
267 282 303 310 11.
327 291 352 310 e.
376 291 405 315 ν,
415 282 454 309 59
473 291 479 309 :
496 283 580 309 Πέντε
604 283 651 309 καὶ
668 282 764 309 ἑκατὸν
780 281 848 308 ἐτῶν
864 282 911 317 ἣδε
925 283 944 317 ή

154 328 265 363 ἱστορία
293 327 416 363 περιέχει
441 327 552 363 χρόνον,
581 326 721 362 ἀρξαμένη
749 326 799 361 μὲν
817 326 872 352 ἀπὸ
895 325 945 360 τῆς

161 374 271 410 Ἀρείου
286 373 396 409 λύττης,
418 373 551 408 δεξαμένη
567 373 596 400 δὲ
613 373 699 409 πέρας
712 373 766 400 τῶν
782 373 945 406 ἀξιεπαίνων

156 420 266 454 ἀνδρῶν
283 419 422 455 Θεοδώρου
434 419 481 446 καὶ
492 419 619 446 Θεοδότου
631 419 681 455 τὴν
699 419 837 454 τελευτήν.
852 418 944 446 Praef.

156 466 298 497 Εὐσέϐιος.
313 485 321 492 .
342 485 348 491 .
365 485 373 493 .
391 485 400 492 .
417 484 424 492 .
445 465 524 501 μέχρι
538 465 584 492 τοῦ
598 465 634 499 (ι.
653 464 719 500 τῆς)
740 465 944 492 Κωνσταντίνου

158 511 303 546 θεοφιλοῦς
319 511 457 546 βασιλείας
470 512 504 537 τὰ
522 512 583 542 ταῖς
611 511 784 545 Ἐκκλησίαις
805 511 946 546 συμὸεδη-

158 557 229 584 κότσ.
244 557 422 593 συνέγραψεν·
445 556 500 590 ὲγὼ
514 556 543 583 δὲ
554 556 604 591 τῆς
616 557 776 592 συγγραφῆς
794 557 902 591 ἐκείνης
915 557 946 582 τὸ

157 603 236 632 τέλος
249 602 336 637 ἀρχὴν
349 602 400 637 τῆς
417 602 536 637 ἱστορίας
549 602 707 637 ποιήσομαι.
725 601 835 629 Eusebii
855 601 946 628 Histo-

159 649 205 674 ria
224 649 318 675 linitur
335 649 500 675 narratione
520 648 554 675 de
573 647 679 675 Licinio
696 648 804 675 devicto
819 648 866 682 (a.
882 647 945 675 524.

161 692 286 729 [5252.ι)
301 700 335 720 ac
353 693 387 720 de
402 692 491 720 medio
509 692 618 720 sublato
641 693 687 727 (ιι.
716 693 798 727 5'25),
819 692 944 720 Theodo-

159 745 237 767 retus
251 744 353 772 autem,
372 739 418 767 ubi
436 739 453 766 I.
478 747 502 771 ι,
513 746 539 766 c.
558 740 584 772 1,
599 738 746 769 Maxentio.
762 738 908 766 Maximino
920 742 948 766 ot

159 783 270 812 Licinio
292 785 416 820 tyrannis
432 784 466 811 de
488 784 577 812 medio
595 784 723 816 sublatis,
740 783 870 811 Ecclesiae
884 791 948 819 pro-

159 832 260 859 cellam
286 831 408 857 sedatam
426 830 513 857 fuisse
537 830 692 865 perhibuit,
713 830 746 856 ad
768 837 812 857 res
829 830 947 858 Arianas

161 876 316 904 narrandas
331 875 500 911 aggreditur.
525 875 619 911 Neque
639 883 704 903 vero
718 876 889 903 elliciendum
913 884 947 903 ex

996 281 1098 309 Inilius.
1109 281 1209 308 Eodem
1218 281 1336 315 denique
1348 288 1398 308 nos
1409 280 1484 307 ducit
1494 280 1609 315 epistola
1617 280 1779 308 Theodoreti

996 326 1031 354 ad
1048 327 1206 354 Ilioscurum
1222 334 1247 352 a.
1263 326 1316 352 MS
1329 328 1370 361 (v.
1388 326 1451 361 Pagi
1471 326 1488 352 1.
1503 326 1521 352 1.
1537 326 1570 352 ad
1587 334 1613 353 a.
1628 326 1701 362 49.5)
1715 326 1779 354 data

996 373 1055 407 (ed.
1079 373 1140 400 llal.
1167 372 1211 404 IV,
1236 380 1262 407 p.
1280 372 1349 399 “£5
1371 379 1412 406 sq.
1426 372 1445 407 ),
1465 372 1492 399 in
1513 380 1566 407 qua
1587 372 1653 399 dicit
1672 380 1703 400 se
1722 373 1778 399 An-

995 418 1104 445 tiochiae
1118 418 1170 446 sub
1182 425 1225 453 ep.
1241 417 1381 444 Theodoto
1396 425 1444 452 per
1460 425 1510 445 sex
1524 425 1612 445 annos
1625 424 1651 445 ct
1664 426 1711 453 per
1726 423 1780 446 tre-

995 465 1084 491 decim
1103 464 1155 492 sub
1170 472 1214 497 ep.
1230 463 1335 492 Joanne
1350 464 1487 497 docuisse,
1499 464 1556 498 jam
1573 465 1720 499 septimum
1737 473 1778 499 agt

996 518 1115 542 annum,
1131 517 1187 545 quo
1203 510 1255 538 sub
1267 518 1311 545 ep.
1330 509 1436 537 Damno
1454 510 1560 538 doceat.
1576 526 1610 531 —
1627 510 1779 546 Episcopa-

996 560 1066 588 tum,
1081 557 1108 583 in
1120 564 1175 592 quo
1192 555 1302 591 triginta
1315 563 1363 583 sex
1379 563 1466 583 annos
1481 556 1612 590 transegit
1627 556 1674 591 (cl'.
1689 555 1780 584 Theo-

996 603 1084 629 dOret.
1101 602 1138 629 Η.
1156 603 1220 630 eccl.
1237 610 1270 632 v,
1287 601 1343 636 59),
1362 601 1523 629 Theodorus
1548 605 1595 628 aut
1618 607 1734 629 exeunte
1753 610 1778 628 a.

997 649 1058 680 592,
1075 652 1122 676 aut
1134 649 1244 676 ineunte
1258 648 1312 675 395
1330 647 1446 683 adeptus
1462 651 1515 675 est.
1533 647 1600 674 Eum
1613 655 1639 674 a.
1651 647 1715 676 38'2.
1733 652 1780 674 aut.

996 695 1059 727 583,
1075 694 1264 729 presbyterum
1278 694 1477 721 Antiochenum
1492 692 1594 720 factum
1609 701 1681 725 esse,
1696 692 1780 720 Tillc-

998 741 1093 769 montii
1111 741 1129 767 l.
1142 741 1177 773 1.,
1195 748 1224 776 p.
1242 740 1304 771 £36.
1324 744 1366 767 est
1386 739 1558 774 conjectura.
1573 739 1645 766 haud
1662 739 1781 766 absurde

998 787 1043 813 illa
1059 786 1167 821 quidem
1183 786 1274 814 verbis
1287 785 1401 813 Joannis
1414 793 1458 820 ep.
1473 785 1536 812 Ant.
1554 793 1597 820 ap.
1612 784 1734 812 Facund.
1750 793 1779 816 ιι,

997 832 1015 859 2
1028 840 1034 858 ε
1049 832 1168 867 Quinque
1190 837 1215 859 et
1238 831 1416 867 quadraginta
1436 832 1512 858 annis
1534 831 1605 858 clare
1619 832 1645 857 in
1660 831 1782 857 doctrina

998 878 1130 913 pra-fulsit
1156 893 1191 898 —
1219 893 1254 898 —
1278 878 1470 913 quinquaginta
1492 885 1554 912 parte
1581 877 1658 904 annis
1677 877 1783 911 fortiter

162 923 219 950 illis
240 923 326 954 locis,
351 922 424 956 quod
449 922 514 956 Pagi
539 921 647 952 ell‘ecit,
674 923 810 949 rationem
838 921 947 948 illorum
965 913 984 939 Β
1000 929 1188 959 repugnantem
1221 924 1323 950 ctmctt's
1349 924 1492 950 hwrcribus
1519 938 1554 943 —
1580 923 1705 954 lirmata,
1734 924 1782 950 ad-

161 968 216 995 105
240 975 373 993 annorum
388 967 422 994 ab
439 974 464 994 a.
480 965 532 993 525
554 965 700 993 iucundam
714 973 787 994 esse.
802 964 874 993 Sane
887 966 949 1001 qui-

161 1013 226 1039 dem
252 1011 374 1039 Licinius
398 1019 424 1038 a.
440 1011 492 1038 525
508 1011 657 1046 suspendio
678 1011 805 1038 sublatus
829 1015 882 1044 est,
899 1011 947 1039 sed

158 1058 218 1092 jam
241 1061 321 1088 ante,
346 1050 496 1092 postquam
517 1056 639 1084 Licinius
667 1057 756 1085 victus
785 1057 900 1092 imperio
918 1065 948 1085 se

161 1103 316 1135 abdicavit,
335 1103 536 1131 Constantinus
557 1104 634 1132 solus
661 1105 810 1139 imperator
830 1109 901 1137 erat,
921 1109 948 1132 et

164 1150 236 1178 male
250 1150 440 1178 Theodoretus
455 1157 469 1176 a
486 1154 573 1178 morte
587 1150 686 1178 Licinii
704 1158 758 1178 non
777 1151 947 1178 memorabili

162 1197 222 1230 illa,
237 1196 285 1224 sed
304 1205 386 1232 quant
406 1196 537 1225 Eusebius
559 1203 712 1225 memorare
726 1198 812 1232 potuit
826 1197 876 1232 (α),
896 1198 947 1225 Hi-

162 1243 257 1270 storitz
283 1250 340 1270 suae
355 1242 465 1270 "mitium
489 1243 617 1277 cepisset.
634 1244 667 1270 At
685 1243 872 1271 memorabilis
888 1249 948 1271 erat

162 1289 279 1317 victoria
292 1289 326 1316 de
344 1288 451 1316 Licinio
469 1293 623 1324 reportata.
641 1297 694 1324 qua
709 1289 855 1324 imperium
875 1290 947 1325 apud

160 1336 254 1363 solum
266 1335 478 1362 Constantinum
488 1343 554 1363 esse
565 1336 657 1370 cmpit.
672 1334 758 1362 Multo
767 1334 949 1363 minus’l‘heo-

162 1382 274 1409 deretus
291 1382 378 1416 priori
400 1381 445 1408 illo
457 1381 518 1408 loco
534 1389 564 1408 se
579 1381 613 1408 ab
629 1388 662 1408 eo
682 1388 755 1408 anno
766 1400 774 1412 ,
794 1388 849 1416 quo
865 1380 948 1409 Arius

163 1426 191 1454 in
221 1427 327 1462 synodo
359 1426 466 1453 Niczena
497 1426 643 1454 damnatus
671 1430 759 1457 esset,
799 1426 948 1453 Historiam

162 1480 309 1500 enarrasse
327 1472 469 1499 indicavit.
499 1471 555 1499 Hoc
580 1472 653 1499 enim
670 1476 852 1507 praeterquam
874 1472 947 1506 quod

162 1519 307 1554 perspicue
322 1518 503 1549 enuntiasset,
523 1517 568 1545 ille
582 1517 660 1545 locus
675 1517 736 1544 ideo
758 1518 791 1543 ad
817 1518 947 1544 trutinam

163 1565 234 1599 exigi
255 1572 310 1591 non
326 1567 426 1599 potest,
446 1563 518 1598 quod
535 1563 655 1598 alioquin
671 1563 705 1590 ab
716 1571 742 1590 a.
761 1562 817 1590 fere
831 1563 882 1590 5l9
897 1562 947 1589 lli-
960 1585 982 1614 Ο

162 1611 275 1637 storiam
301 1617 381 1637 suam
400 1609 543 1637 inchoasse
567 1613 649 1644 atque
665 1609 702 1636 ita
721 1616 813 1636 secum
826 1609 883 1644 ipse
898 1616 947 1644 pu-

161 1664 248 1691 gnare
261 1655 450 1683 Theodoretus
465 1655 620 1682 censendus
642 1660 724 1682 esset.
752 1653 836 1682 Recte
855 1658 947 1680 tamen

162 1701 209 1728 illo
223 1701 304 1728 modo
320 1700 395 1735 loqui
412 1700 507 1735 potuit,
524 1699 587 1734 quia
604 1700 700 1734 paucis
716 1699 866 1734 praemissis
883 1698 947 1732 pri—

162 1754 236 1772 mum
259 1753 305 1773 res
327 1745 444 1772 Arianas
463 1745 596 1771 narravit.
620 1744 714 1778 Itaque
738 1744 883 1778 posteriori
902 1743 947 1770 illo

163 1793 224 1818 loco
245 1796 342 1826 utpote
362 1791 506 1826 perspicuo
523 1791 649 1825 illiusque
667 1789 792 1816 llistoriw
810 1790 947 1824 prioribus

163 1840 244 1865 nixus
271 1837 427 1872 capitibus,
455 1837 611 1864 accuratius
635 1836 708 1863 enim
731 1844 762 1864 ea
788 1840 945 1866 narrantur,

162 1891 223 1919 qua
243 1892 304 1919 syn.
324 1882 460 1910 Nicamam
474 1882 522 1917 (d.
538 1890 571 1909 xx
589 1890 626 1909 m.
648 1882 710 1909 Mai.
735 1886 782 1908 aut
797 1881 860 1909 Jun.
873 1881 945 1909 325i

164 1933 364 1965 praecesserunt
380 1937 495 1964 quaeque
516 1928 587 1955 haud
601 1929 683 1956 dubie
700 1936 823 1963 magnam
840 1932 944 1962 partem

167 1983 193 2002 a.
210 1975 261 2002 3‘24
273 1979 348 2010 gesta
370 1979 445 2007 sunt,
462 1974 661 2001 Theodoretum
676 1974 711 2001 ab
722 1981 748 2000 ιι.
766 1974 819 2001 524
838 1973 945 2000 illorum

167 2028 299 2047 annorum
312 2021 447 2048 rationem
463 2019 525 2046 iniri
545 2019 665 2047 voluisse
683 2019 858 2054 probabiliter
869 2019 947 2046 dixe-

167 2068 216 2094 ris.
228 2066 286 2093 Jam
302 2066 325 2094 si
340 2074 426 2093 annos
445 2065 496 2092 105
512 2065 591 2092 annis
606 2064 658 2092 32-5
675 2064 763 2096 addis,
777 2071 866 2091 annus
880 2064 943 2096 128,

163 2113 218 2140 duo
232 2112 303 2140 enim
319 2112 383 2139 anni
398 2111 450 2138 105
463 2116 490 2139 et
499 2111 550 2138 524
565 2111 721 2145 incomplcti
743 2118 791 2145 pro
807 2110 944 2145 completo

163 2159 339 2190 numerandi,
365 2158 480 2185 ellicitur
502 2161 529 2185 et
551 2157 661 2192 quidem
684 2157 744 2190 ejus
765 2157 872 2186 exitus,
890 2164 944 2191 quo

164 2206 324 2234 Theodorus
343 2208 466 2231 mortuus
484 2208 525 2231 est
539 2203 587 2238 (ὁ).
605 2202 672 2229 Huic
687 2207 777 2229 autem
795 2202 945 2229 ratiocina-

998 969 1108 996 modum
1127 974 1218 997 tamen
1245 969 1339 997 dubia.
1361 968 1446 997 Natus
1466 973 1509 996 est
1542 976 1569 996 a.
1592 969 1661 1001 350,
1693 969 1782 1004 siqui-

999 1014 1059 1041 dem
1074 1015 1180 1050 priores
1194 1015 1254 1042 dua:
1278 1013 1469 1050 Chrysostomi
1486 1014 1520 1040 ad
1540 1014 1706 1042 Theodorum
1725 1014 1783 1049 opi-

999 1061 1076 1088 stolaa
1086 1064 1160 1088 recte
1177 1061 1210 1087 ad
1220 1068 1246 1087 a.
1256 1060 1308 1088 569
1318 1059 1485 1087 referuntur.
1496 1059 1539 1087 Cl‘.
1555 1059 1698 1094 Chrysost.
1711 1058 1780 1094 Opp.

999 1106 1057 1141 l,p.
1075 1106 1122 1138 59,
1136 1121 1171 1126 ——
1181 1105 1240 1137 νῦν,
1254 1106 1298 1132 ὅτε
1308 1105 1384 1132 οὔπω
1400 1105 1521 1132 εἰκοστὸν
1534 1106 1611 1140 ἄγεις
1627 1105 1696 1136 ἔτος.
1714 1105 1780 1132 Eum

999 1158 1073 1180 certe
1089 1152 1136 1179 illo
1161 1152 1218 1179 lere
1235 1156 1358 1186 tempore
1381 1152 1409 1179 in
1421 1151 1508 1179 lucem
1524 1149 1628 1178 editum
1646 1158 1718 1183 esse,
1735 1158 1781 1177 ra-

998 1199 1096 1229 tiones,
1106 1198 1205 1233 quibus
1213 1204 1277 1224 cum
1290 1197 1486 1233 Cbrysostomo
1498 1197 1642 1224 tenebatur
1652 1197 1697 1231 (ν.
1707 1196 1780 1227 ini.),

1000 1247 1161 1278 argumento
1185 1246 1260 1270 sunt.
1294 1242 1328 1269 Et
1357 1242 1466 1270 videtur
1491 1249 1558 1270 sane
1585 1242 1783 1277 Chrysostomo

999 1289 1107 1316 duobus
1118 1289 1244 1316 tribusve
1264 1288 1344 1315 annis
1361 1288 1475 1315 inferior
1488 1287 1582 1315 luisse.
1600 1287 1692 1322 Itaque
1707 1295 1782 1314 sem-

998 1339 1066 1362 ttute
1080 1342 1150 1361 caua
1168 1334 1320 1361 debilitatus
1337 1332 1386 1367 (cf.
1401 1333 1519 1369 Hesych.
1535 1334 1562 1360 iu
1576 1334 1634 1360 Act.
1654 1341 1677 1360 ε.
1690 1333 1780 1360 Const.

998 1380 1031 1412 ll,
1045 1382 1077 1408 Λ.
1094 1380 1136 1414 V;
1152 1379 1235 1407 llard.
1255 1380 1336 1407 Cone.
1352 1379 1396 1411 lll,
1414 1387 1441 1414 p.
1459 1379 1510 1407 101
1523 1384 1550 1406 et
1566 1387 1592 1414 p.
1608 1379 1670 1412 652,
1686 1380 1713 1406 in
1729 1379 1781 1406 Pc-

998 1427 1050 1462 lag.
1078 1435 1141 1462 pap.
1174 1434 1218 1462 ep.
1245 1426 1290 1459 lll,
1316 1427 1350 1453 ad
1376 1426 1464 1453 Eliam
1488 1431 1512 1454 et
1529 1426 1617 1454 [urire
1630 1426 1684 1462 ep.)
1698 1434 1781 1454 senex

998 1472 1168 1507 septuaginta
1182 1472 1238 1499 fere
1251 1475 1279 1499 et
1296 1477 1359 1499 octo
1370 1479 1505 1499 annorum
1517 1472 1693 1500 obdormivit.

1033 1516 1155 1544 Fratrem
1173 1517 1267 1545 habuit
1285 1517 1507 1553 Polychronium,
1523 1517 1552 1545 S.
1567 1517 1675 1545 Zebina:
1683 1523 1782 1545 aseetze

998 1561 1163 1596 discipulum
1183 1566 1210 1589 et
1227 1563 1354 1589 aemulum
1366 1582 1374 1595 ,
1399 1567 1460 1597 post
1475 1563 1656 1597 Apamensem
1673 1563 1781 1598 episco-

999 1615 1062 1641 pum
1081 1607 1137 1643 (c);
1157 1607 1314 1640 Paeanium,
1339 1609 1426 1635 virum
1447 1608 1586 1641 nobilem,
1611 1609 1658 1643 qui
1675 1609 1703 1636 in
1723 1616 1781 1636 ma—

998 1654 1113 1687 gistratu
1127 1658 1195 1687 erat,
1213 1658 1358 1689 cognatum
1375 1653 1520 1690 (ἀνεψιόν)
1533 1653 1582 1688 (d).
1599 1654 1668 1681 Cum
1694 1655 1778 1681 vitam

998 1699 1188 1733 quaestuariam
1207 1700 1364 1728 scholastici
1382 1701 1439 1728 sive
1458 1700 1601 1733 causidici,
1618 1708 1700 1737 quam
1722 1706 1779 1729 tum

999 1746 1054 1773 lere
1070 1746 1140 1774 inire
1153 1746 1277 1774 solebant
1287 1746 1333 1782 qui
1349 1746 1382 1773 ad
1398 1747 1503 1782 amplos
1519 1747 1638 1774 honores
1654 1748 1779 1783 publicos

999 1791 1128 1818 accedere
1148 1791 1310 1826 cupiebant,
1327 1792 1454 1826 amplecti
1470 1791 1564 1823 vellet,
1579 1792 1703 1823 Libauio,
1721 1793 1780 1819 cla-

998 1837 1108 1864 rissimo
1132 1837 1206 1864 illius
1225 1838 1357 1871 temporis
1381 1837 1520 1872 sophista,
1537 1841 1704 1872 praeceptore
1717 1838 1780 1864 rhe-

998 1883 1091 1909 torica:
1104 1889 1157 1909 una
1172 1890 1235 1909 cum
1250 1882 1446 1918 Chrysostomo
1460 1887 1488 1911 et
1502 1883 1629 1915 Maximo,
1647 1887 1707 1918 post
1730 1883 1780 1910 Sc-

997 1927 1090 1954 leuciae
1110 1928 1136 1954 in
1160 1926 1262 1954 Isauria
1277 1935 1334 1962 ep.,
1358 1935 1424 1955 usus
1439 1931 1481 1955 est
1500 1928 1545 1962 (ο).
1558 1927 1669 1955 Iuvenis
1684 1928 1778 1958 dives,

998 1977 1027 1999 ut
1049 1977 1118 2005 erat,
1149 1973 1212 2000 vita:
1243 1973 1357 1999 delicias
1379 1976 1407 2000 et.
1434 1973 1595 2007 elegantiam
1621 1973 1777 2007 neutiquam

997 2019 1115 2053 sprevit,
1131 2025 1287 2053 quanquam
1309 2018 1397 2045 laudis
1410 2018 1526 2053 cupidus
1543 2018 1664 2053 profanis
1680 2019 1779 2045 litteris

997 2064 1107 2092 assidue
1140 2064 1245 2091 studuit
1272 2064 1323 2099 (ι’).
1355 2064 1441 2091 Aliter
1467 2071 1530 2091 vero
1553 2064 1777 2100 Chrysostomus,

997 2110 1134 2137 Theodori
1170 2110 1290 2141 amicus,
1318 2110 1365 2144 qui
1384 2110 1446 2136 licet
1469 2115 1497 2136 et
1521 2109 1578 2144 ipse
1604 2109 1688 2136 nobili
1718 2111 1779 2136 loco

998 2160 1078 2183 natus
1104 2160 1178 2184 esset
1203 2159 1286 2190 atque
1310 2155 1432 2182 eamdem
1452 2155 1514 2182 vita:
1541 2155 1672 2182 rationem
1697 2163 1777 2190 quam

997 2202 1156 2230 Theodorus
1171 2201 1275 2237 ingredi
1290 2202 1442 2233 statuisset,
1459 2209 1520 2228 mox
1532 2206 1621 2245 tamen
1637 2201 1688 2228 [οι-1
1705 2205 1777 2229 stre-

163 2251 229 2278 tioni
246 2250 333 2284 major
351 2248 416 2276 ﬁdes
430 2256 462 2276 eo
483 2248 622 2282 adjicitur,
636 2247 709 2282 quod
722 2246 879 2274 Theodotus
895 2254 942 2281 ep.
960 2250 984 2279 ι)
997 2249 1068 2282 pilus
1093 2250 1234 2282 pertaesus,
1252 2246 1279 2273 in
1300 2245 1417 2278 Meletii,
1433 2254 1475 2281 ep.
1492 2247 1638 2279 Antioch.,
1654 2247 1778 2283 discipli-

164 2294 300 2325 Antioch.,
313 2293 360 2328 qui
374 2293 453 2327 paulo
464 2296 525 2327 post
534 2291 706 2319 Theodorum
718 2292 783 2318 obiit
796 2291 844 2326 (cl.
854 2291 943 2318 Theo-

164 2337 253 2374 doret.
268 2338 303 2366 Η.
316 2336 511 2373 eccl.v,39),si
523 2345 578 2365 non
593 2337 645 2364 sub
656 2338 729 2364 exitu
747 2344 772 2364 a.
786 2337 848 2370 128,
863 2341 938 2365 certe

164 2383 240 2410 initio
261 2390 287 2409 a.
309 2382 362 2409 429
385 2387 505 2409 mortuus
519 2388 570 2410 est.
591 2383 692 2410 Marius
713 2381 846 2410 Mercator
862 2391 935 2410 anno

163 2429 213 2455 429
227 2436 288 2456 eum
304 2432 408 2456 sancta:
422 2429 555 2456 memoriae
568 2430 726 2464 episcopum
740 2429 938 2463 appellavitwf.

196 2540 235 2573 (α)
264 2539 400 2567 Eusebius
425 2538 508 2573 igitur
535 2546 563 2566 re
590 2545 653 2565 vera
673 2541 700 2565 et
718 2538 752 2566 de
771 2538 936 2567 Theodoreti

164 2576 243 2602 etiam
259 2575 394 2610 sententia
421 2574 567 2610 Historiam
585 2581 661 2610 suam
672 2578 786 2610 tantum
802 2583 888 2610 usque
904 2576 938 2602 ad

165 2617 189 2636 a.
203 2610 254 2636 334
276 2609 418 2644 pertexuit.
434 2609 545 2636 omissis
562 2616 625 2635 sane
641 2608 726 2635 initiis
747 2609 803 2636 litis
818 2608 937 2637 Arianae.

198 2644 234 2679 (ὑ)
255 2644 383 2672 Facundo
404 2644 504 2671 dicitur
521 2647 580 2678 post
602 2648 716 2679 centum
726 2648 761 2679 et
771 2645 864 2679 viginti
881 2653 939 2672 siue

163 2677 346 2707 del'unctionis
360 2686 446 2706 annos
456 2677 601 2705 damnatus
613 2686 684 2704 esse.
697 2677 738 2704 Gl'.
756 2677 817 2706 libr.
834 2679 864 2707 C.
882 2679 938 2706 Μο-

163 2716 230 2741 cian.
256 2714 340 2742 schol.
359 2713 497 2748 (Galland.
526 2713 596 2740 Bibl.
623 2712 709 2742 Ριιινη
737 2712 782 2746 XI,
810 2723 835 2749 p.
856 2715 936 2745 815).

164 2749 214 2776 Sed
236 2749 381 2776 Facundus
400 2756 529 2779 numero,
555 2755 636 2782 quem
655 2750 799 2776 rotundum
823 2750 935 2780 dicunt,

164 2792 228 2811 usus
240 2788 291 2813 est.
308 2784 352 2811 cui
367 2784 447 2819 inniti
461 2791 514 2810 non
533 2781 605 2810 licet.
619 2781 661 2810 Cl.
678 2783 695 2809 Ι.
710 2790 748 2816 c.,
763 2792 788 2819 p.
807 2784 870 2816 816,
886 2783 935 2811 Eo.

163 2818 419 2853 ﬁd..aut,p.st1

197 2856 233 2888 (cl
251 2854 293 2881 Cl’.
308 2853 472 2881 Theodoret.
491 2853 525 2882 Π.
543 2855 590 2883 rel.
609 2863 633 2883 c.
649 2855 694 2886 24.
713 2854 746 2881 11.
767 2854 828 2881 eccl.
845 2862 871 2884 v,
888 2854 931 2882 39.

164 2887 297 2915 Permulta
323 2889 352 2915 in
374 2890 478 2916 catenis
497 2888 538 2916 ed.
565 2895 592 2918 et
615 2890 687 2918 ined.
704 2891 732 2917 in
756 2888 785 2916 V.
801 2889 833 2916 Τ.
853 2890 933 2924 Poly-

162 2924 264 2952 ehronii
279 2924 390 2951 nmninc
406 2927 497 2951 notata
519 2924 654 2961 leguntur,
676 2925 723 2953 sed
740 2932 773 2952 an
789 2925 932 2959 Apautcusi

999 2301 1061 2319 nam
1076 2297 1130 2319 tres
1145 2299 1193 2327 per
1206 2299 1292 2319 annos
1307 2300 1336 2319 se
1350 2292 1472 2324 tradidit,
1485 2299 1539 2327 quo
1552 2300 1595 2320 res
1607 2293 1777 2321 Christianas

999 2338 1154 2365 accuratius
1184 2342 1366 2372 pernoscerct.
1395 2337 1554 2373 Baptizatus
1583 2339 1679 2367 deinde
1709 2347 1776 2367 ana-

998 2387 1109 2418 gnostes
1129 2388 1198 2410 erat.
1223 2383 1275 2410 Sed
1291 2384 1363 2411 haud
1387 2385 1422 2411 ita
1441 2388 1525 2411 multo
1548 2390 1610 2419 post
1628 2386 1774 2418 desiderio,

999 2436 1054 2463 quo
1069 2429 1225 2464 aliquandiu
1247 2429 1303 2463 jam
1320 2431 1473 2462 tenebatur,
1496 2430 1629 2458 satisfecit
1644 2439 1726 2466 seque
1742 2433 1777 2459 ad

984 2541 1046 2575 jure
1070 2542 1226 2570 tribuantur
1247 2543 1312 2570 mihi
1330 2543 1450 2570 nondum
1476 2544 1543 2571 satis
1558 2549 1677 2572 constat.
1697 2545 1773 2572 Haud

987 2584 1073 2615 pauca
1086 2581 1160 2604 certe
1179 2577 1353 2615 Polychronii
1368 2578 1479 2615 diaconi
1497 2584 1571 2611 sunt,
1590 2581 1636 2615 qui
1652 2582 1771 2615 nonnul-

987 2613 1026 2648 Las
1042 2616 1162 2648 _catenas
1184 2613 1398 2648 consarcinavit.
1423 2613 1513 2648 Nuper
1539 2613 1607 2648 Ang.
1638 2614 1727 2643 Maius
1748 2615 1775 2641 in

986 2644 1185 2684 Scriptor-men.
1196 2647 1370 2684 uor._gollect.
1388 2656 1403 2684 e
1421 2644 1480 2675 Vat.
1497 2649 1560 2675 cdd.
1576 2644 1619 2676 ἑά.
1637 2650 1646 2675 1
1661 2649 1773 2684 (Roma.-

988 2682 1067 2707 18'25.
1085 2682 1122 2713 4),
1136 2682 1164 2711 '2,
1184 2689 1210 2715 p.
1225 2680 1277 2708 105
1288 2690 1330 2716 sq.
1345 2683 1428 2708 multa
1444 2680 1705 2710 commentariorum
1720 2684 1773 2710 Po«

990 2715 1119 2750 lycltronii
1147 2717 1173 2743 in
1194 2715 1327 2744 Dauielem
1348 2717 1441 2744 edidit.
1459 2718 1593 2745 Caeterum
1610 2725 1636 2746 ν.
1659 2718 1769 2747 Fabric.

988 2751 1055 2781 LIn
1074 2750 1253 2785 p.562.355.

1024 2785 1061 2823 (ά)
1082 2785 1123 2823 gf.
1137 2786 1283 2823 Qitrysost.
1296 2794 1338 2822 ep.
1354 2787 1417 2817 201.
1434 2787 1478 2820 lll,
1492 2795 1519 2823 p.
1534 2788 1597 2815 7H.

1023 2821 1058 2856 te)
1078 2820 1118 2846 Cf.
1136 2820 1242 2847 Soet-at.
1261 2822 1295 2848 ll.
1311 2820 1334 2849 ὲ.
1351 2831 1388 2854 Vt,
1404 2824 1436 2856 ὃς
1453 2820 1561 2850 Soiom.
1577 2823 1612 2850 Η.
1628 2831 1651 2850 e.
1669 2831 1728 2855 VIII.
1739 2825 1767 2851 ἓ.

986 2855 1201 2890 Andragatltium
1223 2856 1412 2890 philosophum
1440 2857 1567 2885 docuisse
1593 2857 1775 2886 Theodorum

986 2895 1124 2927 temore}.
1140 2891 1167 2927 d.
1183 2892 1218 2918 cl.
1232 2892 1280 2918 l..I.
1296 2893 1486 2925 perhibuerunt
1500 2902 1506 2927 ;
1523 2892 1600 2920 Phot.
1613 2901 1637 2921 c.
1654 2893 1697 2921 96.

1022 2924 1060 2959 ([i
1080 2924 1121 2952 Cl.
1139 2925 1282 2962 Chrysost.
1296 2924 1319 2959 1,
1342 2935 1369 2963 p.
1385 2928 1428 2956 56.
