1940 3064
100 96 138 121 ΕΞ
499 98 542 126 DE
561 98 736 128 THEODORI
760 99 1000 129 MOPSUESTENI
1023 100 1103 128 VITA
1121 99 1167 127 ΕΤ
1181 99 1348 130 SCRIPTIS.
1706 102 1740 129 εει

103 155 194 188 usque
208 155 346 189 religiose
358 162 424 183 usos
437 162 507 189 esse,
528 164 617 192 neque
639 157 734 185 dubito
745 158 810 193 quin
828 158 898 192 apud
915 163 937 191 Α
952 162 997 186 tur
1012 158 1082 185 infra
1098 158 1168 185 inter
1182 158 1286 185 Theod.
1309 158 1460 194 fragmenta
1480 157 1506 185 in
1527 156 1670 189 Joannem.
1687 165 1739 192 pu-

103 208 150 227 eos
176 207 238 227 non
251 201 344 228 solum
367 201 510 229 innumera
523 202 657 230 Theodori
674 202 835 238 fragmenta,
856 211 902 230 ve-

103 253 163 273 rum
179 247 312 282 integros
334 247 416 274 etiam
439 248 522 276 libros
535 248 655 276 invenire
673 249 772 283 possis,
786 257 901 284 quorum

104 293 195 320 aditus
219 296 253 320 ut
278 294 359 322 nobis
380 296 488 322 tandem
502 295 647 330 aliquando
663 294 741 322 detur
755 295 901 330 optandum

103 343 152 365 est.
168 338 213 365 Ad
231 339 290 366 hoc
303 341 377 367 enim
393 348 478 375 usque
490 345 597 375 tempus
610 348 692 367 unum
706 344 819 373 tantum,
830 341 902 375 quod

103 385 200 418 sciam,
216 385 408 421 fragmentum
424 385 576 422 Syriacum,
589 386 660 422 quod
676 385 772 414 Latine
792 387 908 418 exhibes

952 204 1015 230 blici
1028 203 1099 237 juris
1121 203 1221 230 factum
1244 207 1286 231 est
1312 204 1467 239 (Assem-ani
1488 204 1558 231 Bibl.
1588 204 1636 232 ον.
1653 203 1695 237 lli,
1719 213 1738 237 ι,

951 257 979 284 ρ.
997 249 1072 282 523).

987 293 1035 321 llis
1050 293 1208 329 praemissis,
1224 294 1259 322 de
1279 295 1394 330 singulis
1411 295 1532 330 scriptis.
1547 303 1607 330 quae
1628 299 1738 330 propter

951 344 1139 374 argumentum
1159 339 1187 366 in
1202 340 1323 375 quinque
1344 348 1443 376 genera
1464 341 1617 376 dispescui,
1644 341 1738 368 dicen-

952 387 1028 414 dum.

828 580 956 611 CAPUT
991 580 1017 612 1.

433 682 474 705 D3
494 682 618 705 DUOBUS
640 682 800 705 ’I'IIBODOII
822 682 923 704 unius
946 681 1132 704 AlGUMBNTl
1151 680 1408 704 HIIKINIUTICL

139 857 262 890 Quaestio
279 857 314 885 de
331 856 475 893 allegorica
502 857 648 892 Scriptum
662 864 746 884 sacrae
764 857 896 892 interpre-

106 903 216 934 tatione,
232 910 299 938 quae
319 903 374 936 jam
395 906 473 930 antea
494 906 566 929 mota
582 906 650 934 erat,
662 901 798 929 Theodori
814 902 897 929 etiam

946 855 1100 891 legoristas,
1115 855 1258 891 Origenem
1280 857 1424 891 praecipue,
1445 855 1555 884 refellit.
1578 856 1649 884 ldem
1665 857 1738 884 enim

947 902 1018 930 haud
1043 903 1123 930 dubie
1146 903 1216 930 liber
1234 907 1286 934 est.
1306 910 1386 937 quem
1405 902 1538 930 Ebediesu
1560 903 1578 930 l.
1599 910 1626 940 e.
1643 910 1670 937 p.
1691 903 1739 934 δι,

107 953 181 975 atate
196 952 224 975 et
247 947 419 975 fructuosius
444 947 552 982 quidem
573 949 672 983 agitata
690 952 742 975 est.
761 946 893 974 Nimirum
910 965 932 993 Β
947 949 1058 983 quinque
1075 953 1157 975 tomos
1183 949 1307 975 adversus
1329 948 1483 983 allegoricos
1500 950 1536 982 (v.
1553 948 1636 975 etiam
1651 956 1678 982 p.
1692 948 1735 979 l9.

107 1001 165 1020 curn
194 994 347 1029 allegorica
375 994 558 1028 interpretatio
591 994 713 1028 pluribus
739 993 896 1020 doctoribus

109 1039 270 1067 Christianis
286 1040 348 1067 ideo
362 1040 479 1066 maxime
494 1047 523 1066 se
537 1040 689 1074 probasset,
702 1039 774 1074 quod
793 1039 829 1066 ita
843 1038 894 1066 du~

109 1085 157 1112 hiis
169 1084 231 1112 Scr.
250 1085 282 1112 S.
307 1085 375 1113 locis
395 1085 525 1113 honorem
542 1085 659 1120 adjicere
675 1086 779 1118 liceret,
792 1086 839 1120 qui
856 1085 896 1112 alo

110 1130 268 1164 legoriarum
290 1138 358 1158 usus
377 1131 465 1166 primo
488 1132 594 1159 cautius
620 1132 648 1159 in
668 1132 798 1159 auxilium
814 1139 896 1159 voca-

110 1174 194 1205 batur.
208 1177 316 1203 sensim
331 1183 364 1203 ac
387 1177 516 1210 paulatim
536 1177 616 1203 latius
632 1176 791 1211 vagabatur,
809 1183 896 1211 usque

111 1219 169 1246 dum
185 1220 322 1255 Origenes
348 1221 508 1256 allegoricas
538 1222 658 1249 rationes
682 1222 838 1249 accuratius
861 1221 895 1249 il-

113 1265 221 1293 lustrare
234 1270 395 1294 conaretur.
413 1267 572 1301 Quanquam
590 1275 654 1295 vero
666 1267 721 1301 jam
736 1270 792 1294 tum
810 1267 896 1294 inter-

113 1310 169 1336 dum
192 1311 363 1339 intellectum
393 1317 444 1344 est,
466 1320 548 1347 quam
570 1312 653 1339 dubia
679 1317 761 1347 atque
788 1312 895 1339 inﬁrma

116 1357 176 1383 ratio
186 1356 354 1392 Origeniana
371 1362 454 1389 esset,
468 1365 557 1393 neque
574 1358 706 1393 Origenes
722 1363 811 1385 tamen
828 1358 895 1386 satis

116 1407 231 1429 accurate
250 1402 389 1429 refutatus
402 1407 454 1436 est,
472 1403 540 1430 nihil
563 1403 635 1429 enim
658 1403 713 1438 egit
732 1402 822 1438 Nepos
845 1411 895 1430 suo

123 1447 237 1482 Ἐλέγχῳ
252 1448 484 1483 ἀλληγορίστὼν
499 1449 544 1484 (cf.
563 1449 660 1476 Euseb.
685 1449 720 1476 Η.
734 1458 758 1476 e.
776 1457 823 1481 vn.
836 1449 893 1484 Ἃ),

118 1499 195 1526 neque
219 1494 320 1520 melius
345 1494 534 1528 allegoriarum
560 1495 629 1522 ratio
656 1494 807 1522 enucleata.
839 1493 895 1522 lmo

120 1539 270 1571 posteriores
288 1538 385 1566 Patres
398 1539 484 1567 Gnaei
494 1559 502 1571 ,
516 1541 567 1568 etsi
587 1549 640 1567 non
653 1548 684 1567 ea
698 1548 750 1575 qua
764 1539 894 1575 Origenes

121 1583 215 1612 licentia
231 1585 259 1612 in
278 1585 342 1613 Scr.
369 1585 397 1612 S.
410 1586 614 1621 grassabantur,
633 1587 660 1614 in
675 1582 830 1614 universum
851 1592 894 1615 ta-

945 993 1023 1024 dixit.
1041 998 1068 1021 et
1083 993 1146 1021 Fac.
1164 1001 1204 1027 tu,
1221 993 1248 1026 6,
1267 994 1363 1020 librum
1381 994 1413 1021 de
1432 993 1560 1028 allegoria
1579 998 1602 1020 et
1625 994 1737 1020 historia

946 1045 1038 1068 contra
1050 1039 1193 1075 Origenem
1203 1040 1334 1074 scriptum
1347 1040 1384 1074 (ν.
1397 1043 1434 1066 et.
1451 1047 1470 1070 ι,
1481 1039 1509 1070 2,
1520 1047 1556 1070 Iv,
1566 1039 1582 1065 4
1593 1047 1600 1071 ;
1613 1038 1737 1066 Liberat.

947 1086 1034 1117 Brem.
1052 1094 1076 1113 c.
1091 1086 1148 1119 24).
1164 1085 1242 1112 Patet
1261 1093 1295 1113 ex
1316 1085 1334 1112 l.
1351 1084 1416 1112 Fac.
1434 1092 1476 1116 in.
1498 1084 1525 1115 6,
1545 1084 1590 1111 ubi
1612 1084 1693 1111 breve
1707 1084 1737 1111 li-

946 1132 987 1159 bri
1002 1132 1182 1166 fragmentum
1198 1132 1306 1166 legitur,
1317 1138 1378 1159 eum
1393 1135 1420 1158 et
1433 1131 1465 1157 ad
1476 1130 1626 1158 Cerdonem
1643 1138 1738 1164 quem-

946 1176 1007 1204 dam
1018 1181 1046 1204 et
1062 1177 1202 1211 aliquanto
1217 1181 1278 1211 post
1302 1175 1551 1211 interpretationem
1567 1175 1735 1202 Psalmorum

946 1226 982 1257 (ν,
997 1221 1057 1257 inf.)
1071 1222 1203 1256 scriptum
1215 1229 1287 1253 esse,
1303 1222 1350 1249 sed
1365 1229 1446 1256 quam
1468 1222 1538 1248 viam
1561 1222 1586 1247 in
1601 1228 1632 1248 eo
1648 1219 1737 1247 Theo-

945 1268 1028 1296 dorus
1044 1269 1184 1303 ingressus
1203 1268 1240 1296 sit
1263 1275 1316 1294 non
1333 1268 1426 1302 liquet.
1441 1267 1601 1301 Quanquam
1619 1274 1671 1293 non
1685 1266 1736 1293 ob-

945 1321 1056 1343 scurum
1067 1319 1119 1345 est,
1132 1321 1194 1341 eum
1210 1321 1271 1340 cum
1285 1313 1455 1349 allegoristas
1466 1313 1646 1347 impugnaret,
1659 1319 1736 1339 suam

944 1360 1024 1388 etiam
1041 1359 1234 1394 interpretandi
1256 1359 1400 1386 formulam
1417 1359 1586 1392 exposuisse.
1607 1357 1736 1385 Diversus

944 1409 1002 1432 crat
1015 1404 1125 1432 Diodori
1144 1405 1212 1432 liber
1230 1404 1280 1437 Τίς
1295 1403 1421 1438 διαφορὰ
1438 1403 1559 1437 θεωρίας
1572 1403 1620 1429 καὶ
1640 1403 1736 1436 ἀλλη-

944 1451 1044 1486 γορίας
1061 1450 1108 1485 (cf.
1134 1449 1212 1477 Snid.
1236 1458 1260 1477 ε.
1276 1457 1302 1477 v.
1325 1449 1427 1482 Diml.).
1446 1449 1525 1484 cujus
1546 1452 1736 1484 argumentum

945 1496 995 1523 hoe
1016 1496 1121 1523 fuisse:
1138 1495 1260 1523 diversas
1281 1496 1352 1522 inter
1371 1503 1401 1522 se
1420 1503 1480 1522 esse
1497 1495 1663 1529 allegoriam,
1682 1501 1735 1528 qua

945 1543 1075 1570 historica
1095 1542 1196 1569 veritas
1213 1546 1259 1568 aut
1279 1542 1388 1568 tollatur
1401 1545 1448 1567 aut
1467 1540 1522 1567 fere
1540 1540 1606 1567 nihil
1622 1540 1673 1568 nisi
1692 1540 1736 1566 in-

944 1588 1083 1614 volucrum
1107 1588 1177 1614 alius
1203 1587 1282 1622 plane
1311 1587 1351 1614 rei
1380 1587 1426 1619 sit,
1453 1590 1480 1613 et
1504 1586 1647 1616 theoriam.
1669 1593 1734 1620 qua.

121 1636 171 1656 men
184 1629 329 1666 Origenem
345 1632 405 1666 plus
425 1632 514 1659 minus
537 1633 622 1659 secuti
645 1637 717 1660 sunt.
735 1634 770 1659 At
784 1637 893 1660 eontra-
908 1631 931 1661 C
946 1634 1020 1661 salva
1037 1634 1150 1660 veritate
1170 1633 1308 1664 historica,
1324 1633 1444 1668 typicum
1467 1631 1549 1658 etiam
1573 1639 1683 1658 sensum
1707 1631 1734 1658 in

122 1673 178 1700 riam
201 1677 279 1711 plane
305 1678 437 1704 rationem
458 1677 578 1704 inierunt
599 1677 695 1705 Patres
717 1679 824 1712 quidem
841 1678 895 1704 An-

121 1719 234 1752 tiocheui.
250 1723 300 1757 qui
318 1722 482 1757 exegeticam
500 1722 642 1750 formulam
660 1731 675 1750 a
693 1723 818 1751 Patribus
832 1724 895 1758 (An-

122 1764 251 1801 tiochenis}
266 1772 406 1802 acceptam
426 1768 532 1795 ratione
550 1774 577 1795 et
589 1769 631 1795 via
655 1769 691 1795 ita
705 1770 892 1800 excolucrunt,

123 1814 146 1835 ut
161 1810 211 1843 jam
233 1813 268 1840 ab
291 1813 345 1839 illis
369 1812 560 1847 interpretibus
576 1814 656 1848 plane
675 1814 819 1842 distarent.
833 1815 893 1841 Non

123 1854 174 1882 licet
197 1858 305 1891 quidem
327 1859 480 1886 accuratius
503 1866 639 1892 enarrare,
664 1867 723 1895 quae
741 1864 892 1894 temporum

123 1900 224 1929 decursu
239 1904 392 1930 Antiochia:
405 1904 463 1931 Scr.
480 1904 509 1931 S.
528 1904 608 1931 fuerit
623 1905 819 1939 interpretatio.
833 1914 894 1939 pro-

125 1944 232 1975 babiliter
248 1954 342 1976 tamen
361 1950 501 1984 conjicias,
513 1958 573 1977 cum
588 1951 692 1985 priores
706 1951 795 1985 ipsum
808 1950 841 1978 N.
860 1951 892 1978 Τ.

125 1994 196 2020 secuti
216 1995 378 2030 plerumque
396 1996 552 2023 historicam
581 1997 787 2030 explicationem
816 1997 893 2024 iniis-

124 2044 182 2070 sent,
204 2048 251 2068 nec
274 2049 392 2075 prorsus
414 2046 503 2069 tamen
528 2042 670 2077 allegorias
694 2042 891 2077 repudiassent,

125 2081 253 2113 Eusebium
269 2086 375 2118 Emes.,
388 2087 533 2115 Diodorum
553 2088 629 2116 Tars.
653 2092 681 2115 et
706 2089 791 2124 magis
811 2089 892 2115 etiam

126 2126 279 2159 Theodorum
295 2133 432 2168 allegoriis
455 2134 534 2168 plane
561 2133 669 2168 rejectis
687 2134 817 2161 historice
831 2134 892 2161 Scr.

127 2171 152 2200 5.
166 2179 327 2210 exposuisse.
343 2178 380 2205 ita
401 2187 464 2206 vero
482 2187 516 2206 ne
536 2179 569 2207 de
596 2180 756 2207 auctoritate
778 2179 837 2207 Scr.
863 2179 891 2207 S.

127 2218 280 2250 detraherent
296 2233 329 2251 ac
344 2225 472 2252 doctrinae
490 2225 649 2253 Christiana:
669 2227 796 2253 damnum
814 2226 892 2253 aii'er-

128 2269 186 2295 rent.
202 2268 231 2294 ad
248 2271 368 2305 typicain
396 2270 589 2306 interpretandi
609 2271 741 2299 rationem
765 2271 893 2306 confuge-

129 2316 189 2342 runt.
203 2321 253 2341 non
270 2315 380 2351 quidem
395 2316 428 2344 ab
444 2324 473 2344 se
484 2317 618 2344 inventam
636 2317 719 2350 illam,
737 2319 890 2345 accuratius
907 2309 928 2336 Ῑ)

129 2358 205 2385 tamen
216 2361 386 2396 explicatam.
399 2361 459 2389 Jam
475 2370 527 2389 non
538 2363 653 2389 arduum
668 2367 726 2390 erat
742 2363 893 2391 edisserere

130 2409 197 2435 quam
209 2410 280 2433 arcta
295 2410 369 2434 esset
383 2406 415 2434 V.
434 2407 466 2435 T.
485 2413 553 2435 cum'
571 2408 651 2436 rebus
671 2409 832 2436 Christianis
847 2417 894 2436 ne-

132 2449 238 2478 cessitas.
255 2453 388 2480 (laterum
406 2453 462 2486 jam
476 2461 509 2481 ex
527 2454 568 2481 his
585 2454 730 2490 intelligas,
746 2456 792 2490 qui
807 2454 894 2482 Theo—

133 2490 201 2522 dorus
213 2503 269 2525 cum
284 2498 319 2525 de
335 2497 365 2525 V.
381 2497 411 2525 T.
429 2499 455 2525 in
473 2500 640 2530 universum,
659 2505 714 2527 tum
731 2500 764 2528 de
775 2501 891 2528 auctori-

133 2539 176 2564 tate
192 2544 374 2570 nonnullorum
398 2544 458 2578 eius
483 2544 611 2572 librorum
634 2545 770 2573 liberalius
793 2546 894 2573 sentire

134 2585 241 2618 potuerit,
254 2587 307 2614 imo
319 2587 450 2617 debuerit.

161 2625 308 2660 Theodorus
322 2633 451 2669 singulari
465 2641 550 2669 eoque
568 2634 635 2662 satis
657 2635 747 2671 amplo
759 2635 829 2662 libro
853 2635 893 2662 al-

163 2728 308 2780 Eat-mit.
330 2734 401 2780 H;e.
416 2743 452 2776 vt_.
473 2736 490 2762 5
503 2735 602 2780 1“?qu
615 2736 653 2780 τςῤ
671 2737 813 2780 γρᾴμιέατί
838 2735 892 2762 τῶν

151 2769 201 2806 δίων
210 2769 343 2806 πρηςέχῳν
358 2770 470 2805 Γραφῶν
484 2770 539 2806 frit;
558 2769 681 2806 Θεωρίας
690 2769 782 2798 ἀὐξῶν
798 2773 893 2806 ἐκτρε-

134 2797 243 2841 Fiam:
258 2797 319 2831 Pa'ri
333 2797 461 2834 modo'de
483 2797 599 2834 Diodoro
613 2797 718 2835 Saloni.
739 2806 774 2834 il.
793 2814 816 2834 ε.
834 2797 892 2838 vin,

946 1679 1034 1706 verbis
1055 1680 1143 1707 inesse
1166 1683 1303 1713 emergat:
1326 1679 1351 1704 in
1367 1678 1524 1705 universum
1542 1677 1651 1712 quidem
1669 1676 1734 1703 mihi

944 1732 1004 1750 eum
1021 1723 1088 1751 Caes.
1109 1732 1125 1751 a
1150 1723 1287 1759 Lengerke
1303 1725 1322 1751 l.
1339 1724 1370 1755 l.,
1387 1731 1414 1758 p.
1433 1723 1494 1756 H5,
1510 1723 1569 1754 HS,
1592 1724 1735 1757 convenit,

944 1770 990 1796 sed
1001 1769 1072 1804 quod
1087 1769 1155 1797 idem
1167 1778 1192 1796 v.
1206 1770 1232 1797 d.
1242 1769 1344 1801 docuit,
1357 1769 1473 1804 θεωρίαν
1484 1769 1734 1804 interpretationem

943 1823 1005 1842 vere
1019 1815 1158 1851 mysticam
1175 1815 1305 1847 indicare,
1317 1823 1349 1843 eo
1366 1816 1411 1842 illa
1426 1816 1560 1842 sententia
1576 1816 1732 1850 neutiquam

944 1861 1076 1887 firmatur.
1093 1861 1164 1888 Sane
1179 1868 1238 1888 voc.
1255 1861 1367 1896 θεωρία,
1382 1861 1415 1888 de
1430 1861 1509 1895 cujus
1530 1861 1634 1895 origine
1648 1869 1674 1886 ν.
1693 1861 1731 1887 ill.

944 1905 1060 1932 Lobeck.
1085 1906 1212 1941 Aglaop/t.
1239 1905 1266 1937 Ι,
1295 1914 1321 1940 p.
1349 1906 1400 1937 H,
1425 1906 1557 1933 latissime
1583 1909 1656 1940 patet
1675 1909 1701 1931 et
1718 1913 1732 1931 a

943 1951 1068 1978 Patribus
1084 1952 1118 1978 de
1131 1952 1354 1986 interpretatione
1370 1951 1525 1986 allegorica.
1539 1951 1646 1982 morali,
1663 1951 1734 1986 typi-
1778 1952 1781 1953 ⁷

943 2005 985 2030 ca,
998 1998 1115 2033 denique
1124 1999 1238 2033 mystica
1251 1997 1371 2024 adhiberi
1383 2001 1487 2032 poterat
1497 1998 1533 2032 (ν.
1546 1996 1732 2024 Suicer.Thes.

942 2043 1005 2070 eccl.
1024 2052 1046 2071 s.
1064 2052 1089 2070 v.
1108 2044 1227 2076 θεωρία,
1246 2047 1273 2069 et
1287 2042 1355 2070 Caes.
1372 2050 1387 2069 a
1407 2041 1544 2076 Lengerke
1566 2042 1584 2068 l.
1609 2042 1626 2068 l.
1640 2050 1666 2076 p.
1684 2041 1733 2068 H7

943 2091 1008 2123 sq.),
1029 2087 1076 2115 sed
1092 2087 1209 2114 Diodoro
1231 2087 1306 2114 notio
1326 2087 1385 2121 ejus
1408 2087 1474 2114 satis
1497 2087 1607 2114 delinita
1628 2091 1655 2113 et
1671 2087 1734 2113 dis—

942 2134 1027 2160 tincta
1041 2141 1102 2160 csse
1113 2133 1236 2160 debebat.
1255 2132 1349 2168 Itaque
1364 2141 1416 2159 non
1432 2132 1526 2159 dubito
1540 2133 1604 2166 quin
1619 2132 1733 2167 θεωρίαν

944 2179 1050 2206 nonnisi
1076 2179 1192 2214 typicam
1216 2178 1478 2212 interpretationem,
1495 2179 1593 2212 quippe
1617 2186 1677 2211 quae
1700 2185 1733 2204 ex

943 2224 1119 2251 meditatione
1135 2231 1225 2250 rerum
1240 2223 1390 2250 cmlestium
1407 2226 1434 2249 et
1449 2223 1606 2249 oeconomiae
1624 2221 1684 2248 Scr.
1702 2221 1730 2248 S.

944 2273 1076 2299 manaret.
1090 2269 1228 2296 vocaverit
1245 2268 1294 2302 (a).
1311 2267 1338 2293 ln
1353 2275 1385 2294 eo
1400 2272 1489 2294 autem
1504 2267 1542 2293 illi
1559 2267 1619 2293 libri
1632 2267 1730 2294 diversi

943 2320 1029 2347 erant,
1045 2315 1116 2351 quod
1132 2322 1194 2342 eum
1216 2314 1348 2342 Diodorus
1370 2314 1478 2340 nonnisi
1495 2313 1678 2340 diversitatem
1693 2313 1733 2338 in-

943 2361 1142 2396 terpretationis
1172 2361 1269 2395 typicze
1303 2364 1330 2387 et
1361 2359 1511 2394 allegorica:
1541 2359 1730 2393 explanasset,

942 2407 1103 2434 Theodorus
1125 2406 1190 2441 quid
1220 2406 1290 2432 inter
1316 2405 1473 2432 historicam
1505 2408 1532 2431 et
1559 2404 1730 2439 allegoricam

942 2453 1149 2488 explicationem
1166 2452 1312 2479 interesset
1327 2451 1430 2479 docuit.

978 2499 1064 2526 Etiam
1086 2499 1155 2526 liber
1170 2498 1208 2525 De
1228 2498 1339 2524 obscura
1357 2497 1486 2523 locutione
1501 2495 1547 2531 (cf.
1566 2495 1697 2523 El-edicsu
1711 2495 1729 2522 Ι.

946 2545 975 2575 l..
995 2553 1023 2579 p.
1039 2545 1082 2578 54)
1105 2544 1212 2571 videtur
1236 2542 1386 2577 argumenti
1410 2541 1603 2569 hcrmeneutici
1635 2540 1730 2572 fuisse,

946 2590 993 2618 sed
1018 2591 1098 2625 quale
1126 2589 1206 2616 fuerit
1234 2588 1404 2623 conjiciendo
1434 2587 1576 2616 enucleare
1601 2594 1654 2614 non
1683 2593 1732 2613 au-

945 2637 1006 2664 deo.

945 2735 972 2762 2.
1005 2735 1057 2762 Sed
1081 2737 1106 2763 hi
1123 2744 1180 2764 voc.
1207 2735 1306 2771 Θεωρία
1332 2734 1503 2771 allegoricum
1531 2741 1640 2761 sensum
1663 2731 1731 2760 indi-

947 2775 1052 2798 ωιύηι.
