1940 3064
174 98 212 130 27

188 176 1616 191 ἰι-...Μ

611 101 764 130 OTTONIS
781 101 872 130 FRID.
890 100 1087 129 FRITZSCHE
1104 99 1356 129 COMMENTATIO

1618 175 1802 186 ..._——.__

894 252 1023 284 CAPUT
1054 253 1095 283 ll.

590 337 631 358 DE
652 335 815 358 THEODORI
838 335 870 357 IN
892 335 1003 357 ιιιιιιοε
1018 336 1051 358 γ.
1070 335 1100 356 Τ.
1125 334 1376 357 ΟΟΜΜΕΝΤΔῘΙΙΙΒ.

205 488 237 516 ιιι
248 487 281 516 γ.
292 488 324 516 Τ.
337 487 484 516 lectitando
495 491 522 515 et
534 485 740 522 interpretando
755 486 870 513 multum
879 485 967 513 Theo-

172 536 258 563 dorus
283 535 414 569 temporis
440 538 468 561 et
493 533 577 561 studii
603 533 761 564 collocavit,
777 535 887 560 etcum
916 539 968 559 nec

171 581 251 609 tardo
275 588 325 608 nec
353 580 448 607 timido
475 579 582 615 ingenio
604 583 687 613 esset,
705 579 783 614 plura
800 586 870 606 nova
888 578 922 606 de
935 586 967 605 eo

171 627 276 654 invenit
291 630 319 653 et
331 625 453 661 protulit.
468 624 538 657 Quid
557 624 591 652 de
605 624 720 659 singulis
736 624 876 652 nonnullis
888 623 966 651 libris

170 673 310 701 censuerit
335 671 405 699 inl‘ra
427 671 527 703 dicam,
549 670 662 698 omnino
678 674 772 697 autem
782 669 815 698 V.
831 669 863 697 T.
881 670 966 698 libros

170 717 198 743 in
214 717 371 749 historicos,
383 715 556 751 propheticos
569 718 597 743 et
614 715 661 750 qui
674 722 725 750 pro
735 715 861 742 doctrina
875 715 965 742 homi-

170 771 235 790 num
251 763 346 798 scripti
360 766 453 790 essent
468 761 619 790 distribuit.
635 761 677 788 Ad
690 761 751 793 bos,
768 769 885 797 quorum
899 761 966 789 scri-

169 814 261 843 ptores
278 809 439 844 prudentia,
461 816 514 836 non
533 808 681 843 prophetiae
700 808 816 842 gratiam
843 808 965 841 accepis-

169 855 240 883 sent,
267 852 361 879 retulit
392 851 549 883 Proverbia,
575 851 780 885 Ecclesiasten,
810 852 965 880 Salomonis

169 897 266 930 libros,
283 901 310 925 et
325 897 424 925 Jobum
440 897 487 932 (cf.
501 898 561 926 Act.
577 905 604 925 c.
622 897 718 926 Const.
733 906 763 930 II,
778 906 816 930 Iv,
832 898 876 930 68,
891 898 910 926 l.
925 906 963 931 c.,

169 950 197 977 ι).
218 943 262 975 86,
275 942 320 975 68,
336 950 363 978 p.
381 942 437 979 88).
457 942 509 971 Sed
531 942 674 971 Canticum
696 943 866 971 canticorum
885 944 964 979 plane

168 988 302 1023 despexit,
325 993 353 1016 et
376 988 447 1016 duos
468 988 553 1016 libros
569 987 796 1024 Paralipomenon
811 993 894 1025 atque
916 990 965 1018 Es-

167 1035 244 1061 Ilram
260 1035 423 1069 repudiavit.
445 1034 488 1062 Cf.
510 1034 606 1063 Leont.
633 1035 651 1062 l.
667 1043 705 1067 c.,
720 1043 747 1070 p.
766 1035 828 1063 687.
847 1035 900 1064 Eos
914 1044 964 1064 au-

168 1085 222 1108 tem
243 1080 337 1113 libros.
357 1081 458 1116 quibus
476 1081 609 1108 minorem
631 1085 678 1108 aut
696 1081 799 1109 nullam
816 1082 898 1109 etiam
916 1090 965 1110 au-

136 1122 138 1125 ’
167 1127 321 1155 ctoritatem
345 1128 454 1159 statuit,
474 1127 554 1154 aliter
574 1134 608 1155 ac
630 1128 751 1162 reliquos
768 1128 963 1164 interpretatus

166 1177 218 1201 est.
248 1172 350 1200 llorum
374 1173 447 1200 enim
464 1173 555 1202 verbis
581 1180 642 1200 cum
666 1176 748 1201 etiam
775 1178 857 1209 atque
880 1175 962 1202 etiam

167 1217 321 1250 inhaereret,
340 1219 447 1246 illorum
469 1226 501 1246 ea
524 1226 585 1254 quae
601 1218 693 1246 minus
709 1219 760 1246 sibi
775 1219 910 1254 quadrare
924 1220 963 1247 vi-

166 1264 301 1291 debantur
315 1263 498 1292 audacissime
521 1264 706 1299 reprehendit.
724 1264 784 1299 ipsa
807 1268 897 1293 autem
921 1266 963 1293 in-

167 1311 325 1346 terpretatio
341 1311 477 1338 interdum
493 1311 604 1346 quidem
622 1311 690 1339 bene
713 1316 870 1347 comparata
892 1317 962 1344 erat,

168 1365 238 1384 nova
261 1357 353 1390 etiam,
377 1357 424 1385 sed
441 1362 471 1384 ut
485 1358 582 1393 reliqui
608 1358 772 1394 interpretes
796 1358 884 1387 Graeci
912 1359 964 1387 Ec-

167 1403 259 1431 clesiaa
278 1404 387 1437 veteris,
401 1404 438 1431 ita
456 1403 617 1432 Theodorus
641 1405 723 1433 etiam
743 1405 911 1433 intellectum
929 1406 962 1435 V.

166 1449 199 1477 T.
217 1457 270 1477 non
288 1450 401 1477 multum
417 1449 533 1485 adjuvit,
550 1458 613 1477 cum
628 1450 728 1486 lingua:
742 1450 871 1482 .llebratae
887 1451 965 1487 igna-

166 1505 226 1529 rus,
252 1497 338 1524 solam
364 1495 436 1524 LXX
456 1496 717 1532 interpretationem,
744 1505 826 1533 quam
853 1498 963 1525 maximi

166 1543 296 1575 faciebat,
321 1543 488 1578 comparatis
521 1542 633 1578 reliquis
660 1543 762 1571 Graecis
792 1543 964 1572 versionibus

166 1589 360 1623 nonnullisque
377 1589 571 1624 interpretibus
591 1589 751 1616 illustraret.
770 1588 885 1616 Tantam
899 1597 965 1618 vero

168 1634 320 1661 molestiam
334 1634 393 1669 ejus
406 1634 498 1669 lingua
511 1637 538 1662 et
554 1634 659 1662 indoles
675 1635 700 1662 ei
716 1636 828 1667 creavit,
847 1640 876 1663 ut
891 1636 965 1671 quod

169 1681 254 1707 multa
285 1681 407 1714 peccavit
432 1679 607 1707 excusandus
636 1680 727 1715 potius
745 1688 827 1716 quam
855 1682 963 1717 vitupe-

169 1726 270 1753 randus
297 1726 341 1753 sit.
371 1725 458 1753 liabet
481 1729 571 1753 tamen
595 1733 660 1753 suas
681 1726 806 1755 virtutes.
831 1727 964 1756 Caeterum

167 1771 291 1807 singulos
302 1777 367 1798 suos
378 1770 598 1803 commentarios,
607 1778 677 1806 quas
689 1771 767 1799 libris
776 1771 901 1799 distinxit
913 1772 962 1808 (α),

980 476 1061 518 Ajus
1083 481 1214 510 Leontius
1241 480 1260 508 Ι.
1279 487 1318 513 c.,
1341 487 1368 516 p.
1395 479 1458 512 686,
1484 479 1617 514 meminit,
1635 489 1645 506 ι
1663 480 1746 514 hunc.
1768 482 1815 510 in-

1018 529 1126 564 quiens,
1143 528 1218 555 aiunt
1235 534 1289 554 non
1304 526 1420 562 amplius
1435 533 1516 561 quam
1534 525 1628 554 decem
1643 531 1670 554 et
1683 531 1746 555 octo
1761 535 1813 555 an-

1018 582 1070 602 nos
1089 579 1183 601 natum
1200 573 1227 600 in
1246 571 1403 607 Scripturas
1434 571 1629 599 debacchatum
1649 580 1710 600 esse
1728 582 1735 600 :
1757 581 1813 600 non

1017 621 1091 649 enim
1109 620 1162 648 nisi
1176 618 1404 648 debacchationes
1425 618 1628 653 Scripturarum
1650 619 1815 654 interpreta-

1017 669 1116 700 tiones,
1129 674 1198 702 quas
1212 666 1240 694 in
1255 673 1303 693 eas
1317 665 1484 700 composuit.
1501 665 1638 700 appellare
1653 673 1775 701 possum,
1799 675 1811 693 ι

1018 714 1096 741 iidem
1117 714 1228 748 derogo.
1247 711 1395 740 Verissime
1415 710 1571 738 Tillemont.
1596 711 1614 738 Ι.
1639 711 1670 744 l.,
1693 719 1719 747 p.
1736 712 1811 742 ιιις

1006 769 1028 786 ,ι
1046 759 1113 787 Mais
1136 759 1155 786 il
1172 766 1206 786 en
1216 758 1289 785 avait
1304 756 1368 793 pres
1390 757 1424 785 de
1443 757 1518 792 vingt
1533 757 1582 792 (sc.
1598 757 1660 793 ans)
1680 762 1761 785 avant
1781 766 1813 786 sa

1017 806 1135 835 seconde
1147 805 1259 833 retraite
1274 806 1309 840 (v.
1327 804 1379 839 s.);
1393 807 1421 831 et
1435 803 1454 830 il
1472 803 1518 839 n'y
1534 810 1549 830 a
1567 810 1616 838 pas
1632 803 1814 838 d‘apparence

1015 853 1082 889 qu‘il
1094 856 1156 880 eust
1176 859 1276 880 encore
1298 851 1358 878 rien
1377 850 1456 878 écrit.
1471 858 1481 876 ι
1499 849 1527 876 ln
1544 849 1704 884 fragmentis
1720 854 1813 877 autem

1015 898 1203 928 commentarii
1215 897 1326 933 juvenis
1347 895 1466 924 eruditio
1486 900 1514 923 et
1535 895 1649 923 audacia
1663 895 1813 930 deprehen-

1016 947 1100 979 ditur,
1124 954 1180 974 non
1204 945 1281 981 pueri
1311 942 1446 978 imperitia
1471 949 1499 970 et
1527 942 1650 970 lascivia.
1685 940 1814 970 Fortasse

1015 992 1204 1029 Chrysostomi
1225 992 1311 1019 altera
1333 991 1366 1017 ad
1391 988 1565 1017 Theodorum
1589 988 1704 1024 epistola
1721 996 1814 1016 rumo-

1015 1047 1073 1067 rem
1088 1039 1165 1066 illum
1179 1037 1279 1066 elIccit.

1051 1084 1184 1120 Pleraque
1195 1082 1384 1110 commentarii
1401 1081 1553 1116 fragmenta
1570 1079 1643 1107 viros
1660 1079 1688 1109 d.
1707 1079 1813 1106 hucus-

1015 1139 1068 1166 que
1082 1131 1230 1158 latuerunt.
1253 1130 1283 1156 ιιι
1300 1128 1361 1156 Act.
1387 1135 1412 1155 c.
1428 1127 1523 1155 Const.
1544 1134 1574 1159 II,
1591 1134 1628 1158 Iv,
1647 1126 1736 1154 tribus
1758 1126 1813 1153 illis

1013 1175 1108 1209 20-22,
1126 1183 1151 1211 p.
1171 1175 1216 1208 78,
1233 1173 1366 1209 exceptis,
1387 1173 1421 1201 de
1439 1172 1539 1208 quibus
1562 1171 1597 1199 ad
1619 1174 1766 1198 comment.
1784 1172 1814 1198 in

1014 1229 1052 1249 ιιι
1063 1221 1204 1257 prophetas
1216 1219 1372 1251 dicendum,
1387 1218 1441 1245 duo
1455 1218 1645 1245 tantummodo
1661 1217 1813 1253 fragmenta

1015 1267 1142 1302 leguntur
1160 1265 1197 1292 25
1214 1264 1259 1299 (de
1283 1272 1325 1299 ps.
1350 1272 1408 1296 ιιι,
1425 1263 1469 1294 17,
1490 1263 1523 1290 18
1547 1262 1603 1298 (ιη)
1618 1266 1645 1290 et
1667 1262 1712 1295 24,
1734 1271 1761 1297 p.
1778 1262 1814 1290 79

1014 1313 1048 1340 de
1061 1319 1103 1347 ps.
1125 1319 1222 1343 LXVIII,
1239 1310 1270 1337 2i
1285 1318 1293 1341 ;
1309 1317 1372 1337 nam
1388 1317 1447 1344 qua:
1460 1309 1504 1341 i9,
1522 1317 1548 1343 p.
1567 1309 1611 1342 77,
1629 1313 1656 1336 et
1673 1317 1701 1340 v.
1720 1317 1748 1343 p.
1766 1308 1812 1340 9i,

1014 1358 1201 1389 inveniuntur,
1219 1364 1251 1384 ea
1273 1364 1306 1383 ex
1332 1356 1410 1384 libris
1435 1355 1474 1382 De
1496 1355 1679 1382 incarnatione
1705 1358 1813 1389 sumpta

1014 1409 1097 1437 sunt;
1113 1411 1197 1431 unum
1223 1402 1257 1429 ad
1282 1409 1324 1437 ps.
1351 1409 1415 1428 ιιιν
1438 1401 1466 1428 in
1487 1400 1616 1428 Facundo
1637 1408 1676 1434 ιι,
1695 1400 1726 1433 1;
1750 1409 1814 1436 per-

1015 1451 1099 1478 multa
1116 1455 1212 1477 contra
1227 1449 1350 1476 continet
1377 1447 1515 1482 Expositio
1538 1446 1653 1474 Patrum
1680 1445 1766 1474 Gra'c.
1784 1447 1813 1474 iu

1016 1496 1075 1528 PL,
1101 1504 1118 1522 a
1138 1494 1230 1522 Battlt.
1261 1493 1388 1521 Corderio
1411 1492 1443 1520 S.
1469 1492 1498 1520 Ι.
1522 1500 1555 1520 ea:
1573 1492 1760 1520 vetustissimis
1780 1491 1812 1520 S.

1015 1541 1084 1569 Caes.
1100 1539 1169 1574 Maj.
1193 1544 1217 1566 et
1239 1547 1324 1566 πένθη.
1347 1538 1471 1566 Βαυανίω
1495 1538 1570 1566 duci:
1590 1547 1655 1566 mu.
1671 1538 1748 1565 codd.
1764 1539 1814 1566 ἀν-

1014 1587 1134 1619 εκδότοις
1153 1586 1323 1618 concinnata,
1339 1586 1366 1612 in
1386 1585 1576 1620 paraphrasin,
1591 1586 1813 1613 commentarium

1014 1638 1039 1661 et
1053 1638 1174 1660 catenam
1188 1632 1300 1667 digesta,
1319 1630 1468 1659 Latinitate
1479 1631 1578 1658 donata
1593 1636 1618 1658 et
1633 1631 1814 1659 adnotationi-

1016 1680 1064 1706 bus
1079 1679 1228 1709 illustrata,
1249 1677 1314 1704 tomi
1331 1676 1392 1709 Ill,
1409 1679 1535 1712 Antverp.
1554 1677 1632 1709 ιϐιδ,
1649 1677 1686 1704 46
1701 1676 1749 1711 fol.
1763 1678 1812 1711 (c).

1015 1726 1071 1755 Sed
1086 1726 1121 1754 de
1134 1725 1250 1760 singulis
1264 1724 1346 1752 tomis
1357 1725 1514 1760 singulatim
1530 1724 1733 1753 disserendum.

1050 1775 1091 1800 Ac
1102 1771 1208 1807 primus
1219 1771 1329 1806 quidem
1343 1776 1434 1798 tomus
1453 1771 1484 1798 Θ.
1503 1770 1668 1807 Ἀντιοχείας
1682 1769 1814 1798 nonnulla

166 1818 200 1845 ad
215 1818 289 1845 viros
308 1816 440 1852 quosdam
464 1816 548 1849 misit,
566 1824 683 1852 quorum
707 1821 797 1846 tamen
813 1826 884 1847 unus
900 1822 962 1846 tan-
976 1829 997 1858 ο
1013 1820 1123 1850 exhibet
1134 1826 1173 1852 ~p.
1202 1817 1218 1845 8
1235 1818 1280 1854 (de
1306 1825 1348 1854 ps.
1376 1825 1396 1850 I,
1412 1818 1457 1852 t);
1484 1817 1538 1844 272
1552 1817 1596 1853 (de
1622 1825 1666 1854 ps.
1679 1818 1745 1852 vv);
1761 1817 1814 1844 276

166 1869 223 1891 tum
238 1863 326 1891 duove
342 1862 388 1898 qui
403 1862 503 1889 iuerint
516 1862 630 1890 scimus.

334 1910 366 1936 Δ.
383 1908 597 1937 Commentarius
615 1909 643 1936 in
656 1910 791 1938 Psatmos.

201 1957 274 1984 inter
300 1963 396 1983 omnes
418 1955 554 1983 Theodori
584 1956 669 1984 libros
691 1957 906 1986 commentarius
933 1958 961 1985 in

166 2001 303 2034 Psalmos,
315 2009 407 2036 quem,
422 2000 554 2028 Ebediesu
570 2004 638 2029 teste
650 2002 667 2028 Ι.
682 2008 720 2034 c.,
737 2009 764 2036 p.
782 2001 827 2035 3t,
840 2002 961 2038 quinque

166 2049 248 2076 tomis
266 2048 299 2075 ad
317 2048 469 2075 Cerdonem
483 2048 597 2083 ejusque
622 2048 733 2075 fratrem
752 2049 872 2084 scripsit,
891 2054 961 2076 tem-

167 2103 234 2131 pore
255 2095 373 2130 primum
393 2094 482 2121 locum
509 2094 559 2121 sibi
582 2093 711 2121 vindicat.
742 2093 876 2122 Nimirum
898 2103 960 2122 cum

167 2141 327 2169 Theodorus
343 2141 401 2175 ipse
418 2147 462 2175 ap.
475 2138 538 2167 Fac.
562 2146 603 2172 III,
618 2146 657 2171 vt,
674 2139 729 2174 (10,
746 2139 773 2172 1,
789 2139 816 2174 5)
830 2139 913 2172 dicat,
932 2148 962 2168 se

169 2197 178 2213 ι
195 2195 227 2215 ea
251 2194 312 2222 quae
340 2185 441 2221 scripta
465 2189 557 2213 essent
582 2187 610 2212 in
632 2184 756 2213 Psalmos
774 2186 854 2213 etiam
874 2187 961 2220 prima

166 2239 322 2259 cwterorum
339 2231 455 2257 omnium
470 2230 625 2265 scripsisse,
645 2240 654 2256 ι
668 2231 741 2266 quod
754 2231 825 2259 idem
843 2231 960 2268 Hesych.

167 2280 186 2307 Ι.
209 2286 247 2310 c.,
272 2287 299 2314 p.
320 2277 384 2308 104,
408 2280 535 2309 testatur,
563 2277 590 2303 in
616 2284 711 2305 errore
735 2277 839 2305 versari
863 2277 960 2305 Chron.

168 2323 390 2360 Edessen.,quotl
409 2322 491 2350 XLVI
513 2323 619 2350 Assem.
635 2323 654 2351 1.
667 2323 685 2351 l.
705 2322 726 2356 Ι,
747 2331 774 2359 p.
791 2323 853 2357 £09,
874 2323 964 2351 Theo-

168 2372 265 2399 dorum
285 2378 358 2398 anno
378 2369 515 2405 714(405.
534 2369 617 2405 401?)
642 2369 799 2405 Scripturas
821 2369 851 2397 S.
878 2370 963 2398 inter-

169 2417 269 2452 pretari
286 2417 421 2451 incepisse
436 2419 541 2447 narrat,
553 2416 609 2450 jam
620 2423 654 2442 ex
666 2423 698 2443 eo
709 2416 880 2451 intelligitur,
890 2417 963 2451 quod

170 2464 262 2499 plures
285 2462 423 2490 Theodori
449 2462 533 2489 libros
562 2461 648 2488 multo
672 2466 735 2489 ante
759 2462 835 2489 illum
860 2470 962 2490 annum

168 2509 338 2543 compOSitos
353 2515 415 2536 esse
435 2508 503 2535 nihil
517 2508 619 2535 certius
641 2511 693 2535 est.
717 2508 770 2536 Sed
783 2509 898 2543 rumori,
914 2517 965 2537 cu-

205 2595 245 2630 (a)
261 2595 313 2622 Sed
333 2599 483 2627 tomorum,
509 2603 578 2630 quos
599 2595 733 2624 Ebediesu
757 2598 962 2626 commentariis

170 2631 277 2661 tribuit.
291 2631 362 2657 ratio
377 2638 434 2667 non
447 2631 475 2657 in
493 2630 647 2664 Theodoro,
659 2632 707 2659 sed
726 2635 753 2659 ιιι
767 2633 963 2667 interpretibus

172 2667 294 2702 Syriacis
308 2666 465 2702 quaerenda.

207 2701 244 2737 (ὸ)
263 2702 374 2728 Adduco
389 2701 514 2737 legiones,
529 2708 605 2729 more
617 2701 765 2736 Theodori,
781 2702 815 2730 ad
830 2702 901 2730 LXX
920 2704 963 2730 in-

172 2735 394 2770 terpretationem
413 2735 443 2763 V.
464 2735 496 2764 T.

209 2771 245 2805 te)
261 2771 372 2807 Barba_ri
396 2770 526 2807 Catenam
552 2770 651 2807 (Aurea
672 2771 698 2798 in
716 2771 738 2799 L
756 2772 897 2801 Davidicos
920 2782 962 2807 ps.

172 2807 311 2832 ductorum
336 2805 421 2833 erc.
447 2806 557 2834 Catena.
576 2819 610 2841 ς
628 2805 773 2841 Ῑιιιεινρι-ιιιε
800 2808 868 2835 Dan.
896 2805 964 2835 Bor-

173 2841 239 2867 baro
265 2840 358 2867 Venet.
385 2841 474 2870 1569'.
499 2849 559 2875 qum
576 2839 711 2868 Theodori
739 2843 865 2870 Antioch.
882 2844 963 2870 etiam

175 2877 272 2911 pannis
284 2880 410 2904 contexta
430 2882 470 2904 est
491 2880 516 2911 (ν
546 2875 643 2902 Thom.
663 2875 731 2912 lltig.
752 2877 787 2904 De
802 2878 963 2909 bibliothecis

1013 1867 1070 1902 (ιν,
1095 1865 1142 1898 8);
1171 1863 1225 1891 296
1252 1862 1319 1897 (va,
1348 1863 1392 1894 ‘ll,
1422 1862 1482 1897 12);
1512 1862 1565 1891 528
1591 1863 1669 1899 (xvu,
1690 1863 1736 1898 8);
1760 1862 1813 1890 574

1013 1911 1126 1947 (xxxn);
1140 1909 1194 1938 575
1209 1909 1308 1945 (ιιιιι,
1322 1909 1359 1944 1).
1375 1909 1506 1936 Praeterea
1518 1910 1642 1944 quaedam
1654 1909 1714 1937 solo
1724 1908 1813 1936 Theo-

1012 1957 1072 1985 dori
1089 1956 1199 1984 nomine
1217 1958 1357 1987 notantur,
1382 1962 1442 1990 quat
1458 1955 1550 1983 sintne
1570 1954 1706 1983 Theodori
1727 1954 1813 1983 Hera-

1013 2003 1106 2032 cleotac
1125 2010 1160 2029 an
1181 2001 1365 2036 Mopsuesteni
1386 2002 1516 2030 constitui
1532 2009 1586 2029 non
1603 2009 1684 2037 posse
1705 2001 1813 2030 Siellert

1013 2050 1032 2078 I.
1049 2051 1080 2082 l.,
1102 2057 1128 2085 p.
1144 2048 1190 2080 30,
1206 2048 1253 2083 qui
1273 2048 1324 2075 hac
1339 2051 1436 2075 catena
1450 2055 1505 2075 non
1518 2048 1556 2075 ita
1571 2053 1599 2075 ut
1617 2048 1732 2076 debebat
1746 2056 1812 2076 usus

1013 2100 1064 2129 est,
1078 2101 1219 2130 perperam
1243 2093 1379 2128 perhibet.
1400 2092 1456 2119 lmo
1472 2093 1636 2121 Theodoreti
1657 2097 1730 2126 sunt,
1751 2102 1812 2129 qua:

1013 2150 1041 2177 p.
1061 2141 1094 2169 15
1110 2140 1245 2176 (fortasse
1260 2147 1322 2174 qua:
1342 2139 1443 2166 ibidem
1460 2138 1633 2166 Theodoreto
1655 2140 1813 2167 tribuuntur

1013 2186 1149 2215 Theodori
1167 2187 1253 2219 sunt),
1271 2185 1317 2216 Μ,
1339 2185 1400 2217 157,
1418 2184 1479 2216 165,
1502 2185 1562 2217 189,
1585 2185 1645 2218 199,
1665 2185 1730 2218 200,
1747 2186 1812 2218 215,

1012 2233 1075 2264 260,
1092 2233 1146 2260 275
1169 2233 1296 2268 leguntur
1314 2231 1364 2266 (ά),
1385 2231 1432 2258 sed
1453 2231 1558 2266 reliqua
1573 2239 1599 2266 p.
1618 2232 1653 2259 52
1667 2232 1712 2267 (dc
1725 2240 1766 2268 ps.
1781 2241 1811 2263 II.

1015 2279 1052 2315 7),
1069 2279 1120 2307 195
1137 2281 1185 2314 (Ix,
1212 2278 1268 2311 16),
1294 2277 1346 2304 530
1371 2277 1448 2310 (ινιι,
1475 2277 1530 2312 Η),
1559 2272 1612 2305 963
1637 2278 1736 2315 (χιιι),
1763 2287 1813 2306 cur

1014 2324 1198 2361 Mopsuesteni
1218 2331 1280 2352 esse
1308 2330 1390 2357 neges
1417 2323 1491 2350 nulla
1516 2324 1585 2351 ratio
1604 2328 1656 2351 est.
1677 2325 1811 2352 Caeterum

1014 2379 1074 2407 quae
1090 2370 1206 2398 Scbulze
1220 2369 1247 2397 in
1263 2368 1330 2397 edit.
1351 2367 1525 2402 Theodoreti,
1543 2368 1563 2401 Ι,
1577 2377 1602 2403 p.
1625 2370 1687 2402 792,
1702 2370 1763 2401 795,
1777 2378 1812 2397 ex

1015 2417 1075 2446 cod.
1097 2416 1172 2444 Flor.
1191 2415 1225 2444 de
1237 2423 1278 2450 ps.
1295 2423 1359 2447 xu,
1375 2415 1401 2447 5.
1420 2415 1523 2448 attulit,
1537 2423 1569 2443 ea
1590 2415 1726 2443 Theodori
1750 2424 1812 2444 esse

1015 2463 1162 2492 admodum
1182 2461 1334 2497 probabile.

981 2503 1004 2531 Ῑ)
1054 2510 1082 2537 1η
1093 2510 1180 2536 altero
1190 2508 1299 2535 Catenae
1312 2511 1386 2534 tomo
1400 2505 1535 2542 permulta
1547 2505 1683 2534 Theodori
1694 2506 1813 2536 aﬂ'erun-

1016 2603 1041 2624 ct
1057 2597 1155 2624 catenis
1175 2595 1297 2622 Patrum.
1317 2594 1391 2629 Lips.
1416 2593 1497 2631 1767,
1513 2592 1541 2625 8,
1557 2601 1583 2629 p.
1599 2593 1675 2629 658),
1689 2594 1716 2622 in
1732 2594 1814 2631 pluri-

1018 2633 1069 2660 bus
1084 2631 1257 2659 bibliothecis
1271 2628 1372 2658 frustra
1388 2628 1510 2663 quaesivi.

1053 2668 1091 2702 (d)
1107 2666 1252 2694 Nominum
1278 2662 1440 2702 Theodoreti
1463 2662 1671 2702 ct'Theodori,
1681 2672 1742 2702 cum
1765 2671 1813 2699 per

1017 2698 1206 2734 compendium
1231 2701 1429 2730 scriberentur,
1445 2698 1571 2734 conlusio
1589 2700 1717 2734 proclivis
1741 2698 1810 2727 erat.

1017 2739 1060 2765 αι’.
1081 2733 1178 2764 Menti.
1194 2734 1448 2771 PalwogrLGrvnp.
1464 2733 1529 2771 3347.
1551 2733 1607 2771 Sed
1625 2736 1712 2770 major
1726 2735 1813 2771 negli-

1018 2774 1106 2808 gentia
1123 2773 1150 2798 in
1168 2772 1229 2799 cod.
1249 2768 1366 2808 ῡιῑιγιι
1387 2769 1454 2797 bibl.
1468 2768 1560 2808 _Vatic._
1585 2768 1755 2808 observatur.
1782 2769 1811 2797 In

1016 2804 1073 2843 quo
1086 2807 1182 2842 legitur
1198 2806 1387 2843 interpretatio
1401 2804 1531 2843 continua
1554 2805 1582 2831 in
1606 2804 1651 2843 Ps.
1667 2804 1811 2843 βεοδῴρᾳυ

1025 2838 1191 2904 inpulsis“.
1210 2843 1257 2869 sed
1271 2838 1332 2878 quae
1346 2838 1510 2867 Theodoreti
1532 2843 1584 2868 cst.
1599 2841 1642 2869 Cl.
1660 2840 1730 2876 Ang.
1747 2838 1810 2870 Mai.

1025 2898 1037 2904 ..
1066 2898 1072 2904 .
1103 2897 1109 2904 .
1126 2885 1151 2904 ῐ).
1170 2885 1238 2904 XXII.

1019 2879 1037 2905 ι.
1054 2879 1072 2905 l.
1090 2879 1109 2910 l,
1126 2885 1151 2912 p.
1170 2885 1238 2905 ιιιι.
