1940 3064
167 96 201 126 Si
609 96 759 125 OTTONIS
770 96 861 125 FRID.
882 96 1079 124 FRITZSCHE
1095 95 1344 125 COMMENTATIO
1765 95 1800 122 52

168 156 247 184 buas.
261 155 337 183 Alios
349 154 487 183 historicos
507 157 644 192 appellare
663 158 763 192 placet,
779 165 897 192 quorum
914 158 953 185 ni-

1009 155 1158 185 ἀπολαύειν
1169 163 1176 171 ·
1204 164 1230 181 v.
1246 155 1264 182 1.
1291 155 1322 186 1.,
1346 162 1372 190 p.
1390 154 1472 186 265);
1488 161 1540 181 va
1557 153 1601 189 (—-
1618 152 1799 188 προαγορεύει

169 203 267 230 mier
281 209 364 230 causa
381 210 413 229 ac
425 202 496 230 ratio
513 203 539 230 in
561 204 629 238 ipsis
644 203 726 231 rebus
742 202 855 231 Davidis
870 211 957 240 popu-

168 247 242 283 lique
260 247 365 275 llebrazi
377 248 428 276 sita
445 252 514 276 erat.
532 248 592 276 Huc
613 249 749 277 referendi
768 254 833 277 sunt
845 258 885 285 ps.
898 259 955 284 xxt,

167 301 243 325 uix,
257 294 357 329 quibus
377 293 461 321 David
482 295 515 321 ad
532 294 616 322 Deum
632 303 727 330 preces
746 295 827 328 fudit,
842 304 905 323 cum
923 297 957 324 ab

167 340 315 366 Absalomo
336 344 509 375 premeretur
525 340 563 376 (ν.
583 343 646 370 Act.
664 349 743 369 conc.
758 341 853 370 Const.
870 350 902 374 ιι,
918 351 955 376 ιν,

166 387 211 417 22,
224 385 270 412 '23.
286 385 369 413 Cord.
388 385 449 413 Cat.
472 386 505 420 11,
525 395 552 422 p.
568 387 631 419 42%.
655 387 731 420 424),
749 395 792 423 ps.
805 396 881 420 Lxxt,
902 397 957 424 quo

166 432 219 460 sibi
236 440 269 460 ac
293 433 447 460 successori
465 433 626 468 sapientiam
646 441 662 461 a
679 433 734 461 Deo
751 435 865 469 expetiit.
880 434 918 470 (v.
935 435 953 462 1.

166 477 198 509 1.,
219 486 246 512 p.
265 477 348 512 166),
366 487 408 514 ps.
430 487 517 515 nyn,
532 487 614 514 quem
643 480 759 512 cecinit,
774 488 836 508 cum
862 488 956 508 arcam

166 524 279 553 hederis
295 525 330 552 ad
346 532 376 553 se
403 525 554 553 adduceret
568 525 605 560 (ν.
623 526 641 553 Ι.
668 526 700 559 1.,
718 534 745 561 p.
758 526 833 561 335),
855 535 898 562 ps.
915 535 953 558 ιι,

166 578 210 600 xv.
221 571 323 606 quibus
336 570 429 606 populi
443 578 562 605 persona
570 571 622 599 sibi
634 572 840 599 accommodata
853 573 955 608 gratias

165 616 222 651 agit
233 616 267 644 de
285 616 411 644 hastibus
428 616 551 644 finitimis
565 624 580 644 a
598 617 653 644 Deo
673 617 776 653 punitis
792 618 830 653 (v.
849 618 868 645 1.
886 618 917 651 1.,
933 617 955 652 l,

165 669 193 696 p.
212 661 276 690 272.
290 661 352 689 Act.
366 669 444 690 conc.
459 662 556 690 Const.
575 671 606 695 ιι,
626 671 665 694 ιν,
681 663 738 699 21).
753 663 840 698 Major
850 669 893 692 est
907 672 957 692 nu-

165 714 257 735 merus
272 708 441 742 psalmorum
457 708 679 744 propheticorum,
696 709 797 745 quibus
813 718 862 738 eos
874 711 954 738 velim

165 753 313 789 intelligas,
343 754 391 790 qui
421 754 511 782 fausta
543 755 678 782 nonnulla
697 759 725 783 et
747 756 878 790 infausta,
893 765 955 792 qua

165 799 264 833 populo
292 799 407 828 Hebraeo
441 808 531 836 usque
569 800 603 827 ad
623 805 747 836 tempora
777 801 953 830 Machabaica

1008 203 1058 238 τὴν
1074 201 1212 229 ἐπάνοδον.
1224 216 1257 222 -
1272 199 1355 235 φησιν
1366 214 1401 219 --
1412 200 1444 225 ἐκ
1455 197 1626 234 [προσώπου]
1643 198 1732 233 μόνων
1744 197 1800 225 τῶν

1009 249 1074 284 παρ’
1088 249 1181 279 αὐτοῖς
1211 245 1376 282 θαυμαστῶν
1399 254 1428 272 τε
1455 246 1502 273 καὶ
1521 244 1657 281 ἐναρέτων
1674 243 1799 280 ἀνδρῶν’

1007 303 1035 323 v.
1051 295 1070 323 l.
1085 295 1116 325 l..
1134 302 1161 329 p.
1175 293 1256 329 287);
1269 300 1352 320 Lxxx.
1365 292 1433 327 (Τὴν
1443 306 1478 311 -
1492 291 1620 318 ἐπάνοδον
1632 305 1667 311 ——-
1678 297 1800 326 προαγο-

1009 341 1096 376 ρεύων
1108 339 1155 366 ἐπὶ
1165 337 1340 374 εὐχαριστίαν
1359 337 1482 368 ἅπαντας
1499 352 1533 357 -
1547 336 1730 372 προτρέπεται
1741 344 1749 350 ’
1763 350 1800 357 -

1007 395 1034 414 v.
1055 386 1073 413 1.
1092 386 1124 418 1.,
1140 392 1166 420 p.
1189 383 1270 419 694);
1287 383 1381 418 plures
1395 389 1460 409 vero
1482 382 1515 409 ad
1530 389 1575 409 res
1593 380 1799 411 Machabaical.

1007 439 1050 466 ps.
1067 437 1111 458 uv
1139 430 1176 464 (ν.
1198 429 1217 457 l.
1235 429 1266 460 1.,
1282 436 1310 464 p.
1326 427 1388 464 61);
1406 435 1450 454 ιιιι
1468 428 1504 462 (ν.
1527 427 1545 454 1.
1566 427 1585 454 1.
1609 434 1636 461 p.
1655 426 1718 462 185)
1731 435 1738 460 ;
1751 433 1798 453 ut

1007 477 1045 512 (ν.
1059 476 1078 504 1.
1093 476 1124 508 1.,
1139 483 1166 511 p.
1193 474 1273 510 2l9);
1292 481 1360 501 mn
1382 473 1421 508 (v.
1436 474 1456 500 l.
1478 473 1510 504 l.,
1532 481 1559 508 p.
1579 472 1641 508 550)
1653 481 1661 506 ;
1675 480 1719 504 ιν,
1732 480 1798 500 ινιιι

1006 523 1054 556 (-
1066 521 1099 548 ἐκ
1116 520 1170 547 τῶν
1190 518 1379 547 Μακκαὸαίων
1395 518 1543 554 προσώπου
1565 518 1652 552 λέγων
1664 518 1714 545 ὅσα
1730 518 1800 546 ἐκεί-

1005 576 1061 599 νοις
1073 568 1160 594 εἰπεῖν
1187 567 1322 603 ἥρμοττεν
1343 566 1372 592 ἐν
1398 566 1459 597 ταῖς
1477 566 1650 601 συμφοραῖς·
1678 574 1704 592 v.
1725 565 1745 592 l.
1766 565 1797 597 l.,

1006 620 1033 648 p.
1045 612 1090 643 88,
1105 612 1168 646 152)
1182 620 1189 645 ;
1205 619 1248 638 LVI
1256 611 1303 647 (—
1316 610 1398 645 φησὶν
1409 609 1530 642 --ὡς
1539 610 1586 636 ἐπὶ
1601 610 1798 646 γεγενημέναις

1006 658 1095 690 νίκαις
1108 658 1179 685 κατὰ
1194 658 1249 684 τῶν
1265 657 1369 693 ἐχθρῶν
1377 656 1608 692 εὐχαριστοῦντων
1620 656 1686 692 [τῶν
1703 657 1799 684 Μακα-

1006 702 1114 739 6αίων],
1127 704 1151 729 εί
1163 702 1210 728 καὶ
1222 702 1259 734 ὡς
1272 702 1364 736 ὀλίγου
1379 702 1450 734 τινὸς
1463 701 1540 733 ὄντος
1556 701 1596 727 ἔτι
1608 701 1655 728 τοῦ
1672 702 1799 737 περιλιμ-

1007 749 1162 784 πανομένου
1177 747 1277 776 κακοῖν
1295 756 1321 775 v.
1336 748 1356 775 I.
1373 747 1406 780 l.,
1422 755 1450 783 p.
1466 747 1548 782 “0);
1564 754 1619 775 ινιι
1637 743 1798 782 (vafritiam,

1005 802 1058 830 qua
1076 784 1232 822 Demetrius
1241 802 1289 822 rex
1305 797 1333 821 et
1353 793 1485 830 Tryphon
1508 797 1605 821 contra
1614 793 1724 821 Iudaeos
1737 797 1798 821 ute-

162 845 346 881 ohtingerent,
363 847 574 882 portenderunt.
593 847 706 875 Diversa
718 852 808 875 tamen
830 849 899 876 ratio
912 853 953 876 est

1007 845 1101 868 rentur
1128 840 1268 875 praedixit;
1293 848 1317 868 ν.
1339 839 1357 867 1.
1380 840 1411 872 1.,
1434 839 1672 874 p.129);uvnl,
1693 847 1798 867 Lxxvul

164 893 359 927 prophetarqu
384 898 411 920 et
434 893 556 921 Davidis.
575 892 616 920 llli
637 894 710 921 enim
727 894 796 922 satis
810 895 955 930 perspicue

163 946 208 966 res
225 939 334 968 futuras
350 940 491 971 nuntiant,
511 940 557 967 hic
575 939 634 968 fere
652 940 687 968 de
708 941 791 969 rebus
808 946 902 977 ulpote
913 941 955 968 fa-

163 985 216 1013 ctis
231 985 363 1020 loquitur.
376 985 429 1013 Sed
450 985 502 1013 hoc
513 985 660 1014 Theodoro
678 994 776 1021 parum
791 987 896 1022 negotii
913 988 954 1015 fa-

162 1031 283 1059 cessivit.
298 1031 400 1058 Statuit
425 1031 568 1064 nimirum,
590 1031 731 1065 Davidem,
752 1033 800 1068 qui
825 1040 879 1060 non
899 1038 953 1060 tam

161 1076 255 1104 futura
275 1076 448 1111 praedixisset
472 1083 555 1111 quam
579 1083 611 1104 ea
631 1080 660 1104 ut
683 1077 756 1105 facta
773 1077 953 1111 adhibuisset,

161 1121 219 1150 fere
235 1123 263 1149 in
294 1122 422 1149 omnibus
438 1121 492 1149 illis
515 1129 557 1156 ps.
579 1122 672 1157 populi
694 1130 840 1158 personam
856 1130 954 1150 susce-

161 1170 235 1204 pisse
249 1169 300 1204 (a),
317 1174 344 1196 et
355 1169 412 1203 jam
433 1169 557 1197 rationes
581 1169 719 1204 dispexit,
735 1169 762 1196 in
778 1169 881 1204 quibus
897 1177 953 1197 non

160 1216 271 1251 quidem
283 1215 398 1243 Davides
411 1215 460 1243 sed
476 1216 593 1251 populus
609 1216 776 1244 constitutus
791 1221 876 1249 esset,
889 1223 953 1244 cum

161 1262 216 1290 illis
229 1270 271 1296 ps.
302 1269 352 1289 sua
379 1262 422 1289 vis
443 1261 552 1290 fuisset.
574 1261 668 1297 Itaque
690 1262 809 1298 populus
836 1262 953 1290 diversis

161 1308 332 1343 temporibus
345 1307 464 1336 diversis
479 1308 506 1335 in
523 1308 591 1336 locis
609 1310 779 1336 constitutus
791 1308 856 1335 felix
875 1309 952 1336 heta-

161 1358 215 1385 tur.
230 1353 284 1381 Deo
295 1354 398 1388 gratias
411 1354 476 1388 agit.
490 1353 576 1381 Deum
586 1354 718 1385 celebrat,
731 1354 826 1381 infelix
843 1359 951 1386 mmret,

161 1399 246 1426 Deum
266 1399 378 1426 invocat
395 1404 422 1427 et
435 1400 573 1434 implorat,
588 1400 630 1427 vel
646 1401 728 1428 etiam
738 1401 773 1428 de
788 1400 843 1428 Deo
851 1401 952 1429 dubius

161 1445 256 1477 lueret,
271 1444 388 1473 Davides
398 1445 528 1480 propheta
539 1446 697 1482 interpretis
709 1454 853 1482 personam
868 1447 949 1483 gerit.

160 1489 321 1518 Theodorus
341 1494 431 1519 autem
447 1490 498 1518 hac
510 1491 618 1519 ratione
643 1498 698 1518 non
718 1491 806 1519 solum
824 1500 949 1528 magnam

158 1538 319 1565 varietatem
342 1537 396 1565 illis
419 1545 462 1572 ps.
490 1537 603 1573 adjecit,
628 1546 724 1565 verum
749 1539 951 1574 quodammodo

158 1584 241 1610 etiam
261 1583 440 1610 dramaticam
454 1583 520 1615 vim,
536 1591 599 1611 cum
619 1585 772 1619 prmsertim
790 1592 885 1612 eorum
906 1593 951 1612 ra-

159 1629 250 1657 tiones
280 1629 490 1657 accuratissime
523 1630 661 1665 reperisse
679 1634 707 1658 et
724 1631 884 1658 enucleasse
899 1631 951 1659 sibi

159 1674 309 1702 videretur.
324 1675 363 1702 Ad
377 1675 429 1702 tria
446 1683 511 1703 vero
527 1684 568 1711 ps.
588 1676 766 1711 propheticos
782 1677 886 1709 retulit.
898 1677 951 1704 Alii

159 1720 233 1748 enim
251 1721 284 1747 ad
296 1720 400 1748 cladem
416 1725 541 1756 spectant
566 1721 667 1749 lliskia:
691 1725 815 1756 tempore
829 1715 953 1758 Assyriis

159 1775 174 1794 a
188 1766 242 1794 Deo
257 1766 399 1798 inflictaln,
416 1775 458 1801 ps.
475 1775 546 1794 xxxu
564 1767 610 1803 (—
625 1769 804 1803 προφητεύων
820 1784 853 1788 -
871 1769 954 1796 Δαϐὶδ

160 1812 255 1848 ὥσπερ
269 1813 331 1840 τινὰ
347 1813 479 1840 ἐπινίκιον
494 1813 619 1849 ὕμνονα-
631 1814 676 1841 τὸν
689 1814 797 1850 ψαλμὸν
810 1814 952 1850 ἀνεϐόησε.

160 1873 194 1879 —-
211 1857 245 1886 ν.
260 1858 342 1886 Cord.
358 1858 419 1887 Cat.
440 1858 461 1892 l,
475 1867 501 1894 p.
529 1859 604 1894 574),
621 1867 658 1891 ιι,
676 1868 723 1892 ιιι,
739 1868 786 1887 ιιιι
800 1863 838 1893 (v.
856 1861 874 1888 1.
890 1859 952 1893 1.11,

160 1913 187 1940 p.
202 1905 230 1938 7,
241 1905 287 1937 25,
299 1904 344 1940 55)
357 1913 364 1937 ς
381 1913 461 1931 Lxxlv
475 1906 521 1940 (—
532 1905 699 1941 προφητεύει
717 1921 752 1926 -
769 1906 808 1938 ὡς
822 1906 854 1932 ἐκ
868 1915 954 1941 προσ-

158 1952 235 1978 ώπου
246 1951 336 1978 κοινοῦ
352 1951 462 1978 πάντων
475 1951 525 1986 τὴν
540 1951 720 1987 εὐχαριστίαν
732 1967 767 1972 —-
782 1952 954 1986 ἀναφθεγγό-

161 2006 251 2033 μενος.
267 1997 300 2024 ν.
322 1997 380 2029 Ι.1.,
397 1996 429 2027 ll.
455 2005 482 2032 p.
499 1997 583 2033 550);
612 1998 657 2024 alii
676 1998 710 2025 ad
732 2006 776 2026 res
797 1997 953 2025 Judaaorum

159 2044 350 2080 Babylonicas,
378 2052 419 2078 ps.
439 2051 492 2071 ιιι
514 2044 757 2080 (-προαγορεύει
774 2044 818 2080 [ἐκ
829 2045 876 2071 τοῦ
889 2044 954 2072 λαοῦ

160 2090 246 2124 λέγων
271 2088 430 2124 προσώπου]
455 2103 489 2108 —-
511 2089 560 2115 ὅσα
591 2097 622 2115 τε
651 2089 698 2115 καὶ
724 2087 767 2116 οἷα
797 2089 954 2120 πείσονται,

159 2136 247 2170 λέγων
262 2135 309 2161 καὶ
324 2135 365 2161 ὅτι
378 2135 418 2166 εἰς
433 2133 576 2169 διόρθωσιν
592 2134 684 2166 αὐτοῖς
697 2135 774 2161 ἔσται
787 2135 835 2161 τοῦ
851 2135 908 2170 βίου
919 2136 954 2162 τὰ

160 2181 214 2208 τῶν
231 2180 389 2216 συμφορῶν,
408 2180 595 2207 ὑπαινίττεται
613 2179 642 2206 δέ
657 2180 716 2214 ἃμα
729 2180 776 2206 καὶ
792 2180 841 2215 τὴν
855 2181 953 2208 ἐπάνο-
969 2194 992 2222 D

158 2228 213 2256 δον.
230 2227 263 2255 ν.
278 2227 297 2254 1.
311 2227 329 2254 1.
344 2227 458 2262 ῃ.458);
472 2234 545 2253 Lxxn
560 2226 605 2261 (-—
617 2226 655 2258 ὡς
669 2227 702 2253 ἐκ
720 2226 865 2262 προσώπου
881 2227 952 2253 ἐκείο

160 2283 212 2300 νων
231 2273 365 2308 λέγοντος,
381 2270 425 2300 οἷα
447 2273 520 2304 εἰκὸς
533 2270 568 2308 ἦν
586 2273 616 2298 ἐν
630 2272 670 2307 τῷ
685 2272 773 2308 καιρῷ
791 2273 841 2308 τῆς
852 2274 953 2308 αἰχμα-

160 2320 260 2352 λωσίας
271 2320 317 2346 καὶ
327 2319 382 2346 τῶν
397 2319 543 2355 συμφορῶν
558 2319 656 2351 αὐτοὺς
675 2319 871 2354 λογισαμένους
890 2320 953 2346 ἀτο-

160 2365 275 2392 πώτατά
283 2374 314 2392 τε
326 2366 372 2392 καὶ
388 2365 501 2400 ἀπρεπῆ
516 2366 581 2401 περὶ
592 2365 659 2392 Θεοῦ
675 2365 891 2400 μεταγινώσκειν
905 2366 952 2393 ἐπὶ

160 2413 266 2444 τούτοις
282 2412 350 2447 μετὰ
362 2412 411 2447 τὴν
427 2412 564 2440 ἐπάνοδον.
581 2413 635 2440 v.1.
650 2412 668 2440 1.
679 2420 696 2447 p
719 2412 798 2447 497);
816 2421 895 2440 uxvr
907 2413 952 2448 (——

161 2459 236 2493 λέγει
247 2458 346 2485 -ὰπὸ
364 2458 412 2485 τοῦ
427 2459 537 2485 ἐκείνων
547 2458 694 2495 προσώπου
707 2458 806 2485 ὡσανεὶ
825 2458 895 2492 μετὰ
905 2459 954 2495 τὴν

162 2505 290 2533 ἐπάνοδον
307 2505 440 2539 λεγόντων
454 2505 489 2531 τὰ
501 2505 562 2531 τότε
576 2505 720 2540 συμϐάντα
732 2505 781 2531 καὶ
791 2505 851 2531 τίνα
865 2504 954 2539 ἐλογί-

163 2560 260 2579 σαντοι
274 2559 299 2579 v.
315 2551 335 2578 l.
351 2551 382 2583 1,,
402 2559 429 2586 p.
441 2551 522 2585 588);
536 2559 568 2578 ιιι
585 2551 826 2587 (-προαγορεύει
837 2567 872 2571 -
883 2551 954 2578 οὕτω

162 2599 208 2626 τὸν
223 2598 329 2634 ψαλμὸν
344 2597 474 2631 ἐκφωνῶν
490 2597 590 2624 ὡσανεὶ
611 2597 758 2624 αἰτούντων
777 2597 888 2624 ἐκείνων
909 2606 955 2624 τυ-

163 2646 221 2681 χεῖν
235 2644 285 2679 τῆς
304 2643 352 2670 τοῦ
366 2642 435 2670 Θεοῦ
453 2643 579 2678 βοηθείας
598 2643 666 2679 ὁμοῦ
686 2644 733 2670 καὶ
756 2643 805 2679 τὴν
824 2643 951 2671 ἐπάνοδον

164 2689 431 2727 προυπισχνούμενος
441 2697 447 2703 ·
468 2697 496 2716 v.
508 2689 525 2715 l.
540 2689 571 2722 l.,
587 2697 613 2724 p.
632 2690 692 2723 198)
705 2698 711 2721 ;
723 2697 786 2717 thv
801 2690 810 2725 (
823 2705 859 2710 -—
869 2698 953 2726 προα-

165 2736 373 2773 γορεῦων-ἐκ
397 2735 444 2762 τοῦ
468 2734 580 2762 ἐκείνων
606 2735 752 2770 προσώπου
767 2736 855 2763 ταῦτά
873 2741 955 2771 φησιν

166 2783 238 2818 ειπερ
253 2782 340 2809 εἰπεῖν
353 2781 443 2813 αὐτοῖς
454 2781 590 2816 ἥρμοττεν
602 2781 651 2815 τῆς
665 2782 793 2809 ἐπανόδου
812 2782 956 2818 μέλλουσιν

202 2863 240 2898 (ι)
255 2861 298 2892 Cf.
315 2862 396 2891 Cord.
411 2862 472 2890 Cat.
486 2861 519 2896 ll,
531 2870 558 2898 p.
573 2861 636 2888 265.

1007 886 1256 922 (Προαγορεύων-
1264 886 1397 922 διηγεῖται
1412 886 1467 912 τῶν
1479 886 1626 922 συμφορῶν
1638 887 1668 913 τὸ
1685 886 1799 922 μέγεθος

1005 949 1040 954 -
1057 933 1179 969 συνήθως
1208 933 1299 969 μέντοι
1316 934 1355 966 ὡς
1376 933 1406 968 ἐξ
1430 934 1562 961 ἐκείνων·
1585 950 1619 956 --
1633 943 1660 961 ν.
1681 935 1700 963 1.
1723 935 1753 966 1..
1769 943 1797 971 p.

1005 979 1068 1012 595,
1084 979 1162 1014 660);
1176 987 1271 1012 ιιιιιιι,
1284 987 1368 1007 Lulx
1382 980 1454 1015 (Τῶν
1468 980 1639 1007 Μακαὸαίων
1651 995 1685 1001 -
1700 981 1800 1016 διηγεῖ-

1005 1031 1050 1049 ται
1063 1023 1113 1056 τὰς
1125 1025 1277 1060 συμφορὰς,
1291 1025 1328 1056 ὡς
1345 1025 1378 1052 ἂν
1389 1025 1503 1052 ἐκείνων
1514 1026 1647 1061 λεγόντων
1665 1027 1696 1053 τό
1707 1035 1737 1054 τε
1749 1027 1799 1063 μέ-

1005 1069 1084 1103 γεθος
1102 1070 1221 1097 τῶντοτε
1236 1071 1416 1107 περιεχόντων
1431 1072 1530 1104 αὐτοὺς
1544 1072 1637 1100 κακῶν
1651 1073 1700 1100 καὶ
1711 1072 1799 1100 ἁπαλ-

1005 1115 1120 1151 λαγῆναι
1139 1116 1186 1143 τὸν
1208 1117 1268 1144 θεὸν
1288 1118 1334 1144 ἐπὶ
1352 1118 1459 1150 τούτοις
1469 1118 1616 1151 ἀξιούντων
1627 1127 1636 1136 ·
1649 1128 1676 1148 v.
1692 1120 1711 1147 1.
1722 1120 1751 1152 1.,
1770 1127 1798 1155 ρ.

1007 1160 1070 1193 529,
1089 1161 1163 1196 675).
1177 1162 1312 1190 Caeterum
1330 1171 1378 1191 eos
1393 1164 1474 1191 etiam
1495 1171 1613 1200 quorum
1627 1165 1723 1194 eadem
1739 1169 1800 1194 erat

1006 1207 1145 1240 ὑπόθεσις,
1160 1216 1193 1236 eo
1214 1208 1376 1237 Theodorus
1397 1210 1546 1238 admodum
1571 1211 1698 1244 variavit,
1725 1211 1799 1246 quod

1004 1253 1096 1280 varias
1105 1253 1138 1280 iis
1151 1254 1274 1281 subdidit
1286 1256 1496 1284 rationes.Alios
1503 1255 1602 1284 deinde
1610 1258 1730 1291 psalmos
1740 1258 1800 1293 ipse

1003 1303 1030 1325 et
1044 1299 1116 1326 Ιιίεοε
1129 1300 1284 1334 appellavit.
1299 1301 1400 1336 quibus
1421 1299 1538 1329 Davides
1566 1302 1648 1329 modo
1671 1303 1800 1331 omnibus

1004 1345 1162 1373 hominibus
1177 1346 1230 1382 (ps.
1246 1347 1353 1382 XLVIII),
1363 1348 1444 1375 modo
1458 1348 1525 1376 solis
1542 1348 1643 1376 Iudaeis
1655 1349 1708 1384 (ps.
1718 1357 1799 1383 xux;

1003 1398 1030 1417 v.
1051 1391 1070 1418 1.
1086 1390 1104 1417 1.
1126 1389 1148 1423 Ι,
1165 1399 1191 1426 p.
1205 1391 1278 1425 963;
1299 1399 1324 1427 p.
1342 1399 1446 1424 Lxxvn,
1464 1401 1490 1419 v.
1506 1393 1524 1420 l.
1541 1393 1560 1420 l.
1576 1392 1607 1426 ll,
1620 1401 1646 1429 p.
1662 1394 1725 1429 63f)
1744 1395 1800 1422 vir-

1004 1437 1070 1464 tutis
1080 1436 1201 1464 studium
1212 1438 1445 1466 commendasset.
1466 1438 1519 1466 Sed
1537 1439 1636 1466 horum
1650 1441 1732 1467 etiam
1749 1448 1796 1467 ra-

1003 1482 1041 1509 tio
1065 1482 1137 1510 inter
1160 1490 1190 1510 se
1208 1483 1286 1510 valde
1304 1483 1415 1512 diversa
1431 1489 1501 1512 erat.
1524 1484 1649 1518 Quatuor
1675 1485 1797 1522 denique

1004 1528 1124 1563 psalmos
1154 1531 1299 1556 niessianos
1314 1530 1408 1557 habuit
1425 1529 1478 1566 (ps.
1495 1538 1556 1558 vm.
1574 1530 1671 1559 Leont.
1689 1532 1716 1559 in
1733 1532 1797 1560 Mai.

1004 1576 1023 1602 l.
1039 1575 1057 1602 Ι.
1088 1574 1132 1609 Vl,
1154 1583 1181 1610 p.
1199 1576 1269 1608 5H;
1289 1576 1352 1604 Act.
1371 1584 1452 1604 conc.
1476 1576 1572 1605 Const.
1592 1586 1622 1610 ιι,
1649 1587 1685 1611 ιν,
1702 1579 1754 1612 l9;
1771 1587 1798 1607 ν.

1004 1630 1031 1656 p.
1046 1621 1102 1655 94;
1125 1630 1167 1657 ps.
1188 1629 1270 1655 mv;
1297 1630 1324 1650 ν.
1349 1621 1414 1650 Fac.
1436 1631 1474 1655 Ix,
1495 1623 1531 1658 1).
1550 1623 1610 1651 Non
1634 1625 1704 1652 satis
1724 1630 1799 1653 recte

1004 1669 1102 1698 Leont.
1117 1669 1253 1705 (Gallaud.
1264 1669 1335 1697 Bibl.
1348 1669 1405 1702 Xll,
1423 1678 1448 1705 ρ.
1459 1670 1535 1704 687):
1555 1671 1664 1698 (Omnes
1679 1672 1797 1706 psalmos

1003 1715 1117 1744 Judaice
1127 1715 1161 1742 ad
1177 1715 1372 1744 Zorobabelem
1387 1720 1414 1744 et
1426 1716 1571 1744 Ezechiam
1594 1718 1699 1749 retulit.
1713 1717 1797 1745 tribus

1005 1766 1111 1788 tantum
1139 1761 1174 1788 ad
1199 1761 1346 1789 Dominum
1368 1762 1489 1797 rejectis.
1505 1773 1515 1789 ι
1533 1763 1599 1790 Nam
1621 1763 1796 1791 Theodorum

1005 1807 1078 1835 haud
1098 1807 1180 1835 dubie
1202 1813 1316 1836 secutus
1332 1811 1375 1836 est
1388 1808 1502 1836 Cosmas
1527 1809 1658 1845 lndicopl.
1683 1811 1700 1838 Ι.
1725 1810 1754 1841 1.,
1768 1817 1796 1846 p.

1004 1853 1227 1880 483ε-ὀΔαυῒδ
1242 1852 1345 1889 ἠξιώθη
1362 1854 1394 1880 ἐκ
1410 1855 1566 1889 πνεύματος
1580 1856 1722 1890 προειπεῖν
1732 1855 1798 1892 περὶ

1004 1899 1052 1926 τοῦ
1067 1899 1202 1926 Δεσπότου
1218 1900 1337 1936 Χριστοῦ
1353 1900 1479 1936 ψαλμοὺς
1493 1901 1525 1927 δ’·
1536 1901 1582 1928 τὸν
1593 1901 1624 1936 β’,
1641 1902 1688 1928 καὶ
1700 1902 1746 1928 τὸν
1760 1906 1796 1938 η’,

1005 1947 1052 1973 καὶ
1067 1946 1113 1973 τὸν
1141 1945 1192 1981 μδ’,
1223 1946 1330 1974 καὶτὸν
1348 1947 1399 1982 ρθ¹,
1421 1946 1499 1979 ὅλους
1521 1948 1584 1979 τοὺς
1596 1947 1616 1974 δ’
1630 1948 1663 1974 δι’
1683 1948 1744 1975 ὅλου
1757 1950 1798 1980 είς

1005 1991 1086 2019 αὑτὸν
1101 1991 1229 2028 εἰρηκώς.

1040 2036 1100 2065 Jam
1108 2046 1156 2066 eos
1172 2038 1293 2073 psalmos
1310 2039 1438 2066 recensui
1456 2039 1491 2067 de
1508 2039 1610 2074 quibus
1628 2040 1694 2075 quid
1708 2040 1798 2069 Theo-

1005 2086 1090 2114 dorus
1099 2086 1228 2114 statuerit
1243 2094 1276 2114 ex
1293 2087 1453 2122 fragmentis
1464 2088 1651 2123 cognoscitur.
1665 2087 1734 2115 Eum
1755 2095 1799 2116 re-

1006 2133 1096 2167 liquos
1111 2133 1193 2160 etiam
1211 2133 1244 2160 ad
1266 2138 1385 2168 quatuor
1408 2134 1454 2161 illa
1467 2141 1568 2169 genera
1585 2134 1714 2162 retulisse
1729 2135 1798 2162 Satis

1006 2179 1136 2207 credibile
1148 2183 1200 2207 est.
1218 2179 1261 2207 Cf.
1280 2179 1374 2207 Cosm.
1391 2179 1451 2207 Ind.
1478 2180 1496 2207 1.
1515 2180 1547 2212 1,,
1565 2189 1591 2216 p.
1605 2180 1679 2208 483:
1701 2180 1798 2208 Ἡνίκα

1004 2240 1041 2246 --
1055 2226 1170 2253 ἐκινεῖτο
1187 2227 1219 2252 ἐκ
1234 2225 1279 2252 τοῦ
1292 2225 1446 2261 πνεύματος
1460 2226 1591 2262 προεῖπέν
1604 2235 1634 2253 τε
1649 2226 1665 2262 ἢ
1677 2227 1741 2262 περὶ
1748 2227 1799 2262 τῆς

1006 2273 1196 2308 αίχμαλωσίας
1208 2272 1255 2298 τοῦ
1270 2272 1345 2304 λαοῦ,
1361 2273 1377 2308 ἢ
1399 2273 1462 2308 περὶ
1483 2273 1534 2308 τῆς
1551 2273 1679 2300 ἐπανόδου
1696 2273 1796 2305 αὐτῶν,

1005 2319 1022 2354 ἢ
1039 2319 1102 2354 περὶ
1121 2318 1194 2354 ὴθῶν
1218 2318 1406 2351 διδασκαλικὰ,
1426 2319 1442 2354 ἢ
1463 2320 1529 2356 περ).
1545 2320 1681 2356 προνοίας,
1698 2320 1714 2356 ἢ
1734 2320 1798 2354 περὶ

1006 2364 1053 2390 τοῦ
1080 2364 1216 2391 Δεσπότου
1240 2364 1369 2399 Χριστοῦ.
1390 2364 1509 2394 Omnino
1530 2374 1595 2394 vero
1613 2374 1708 2394 omnes
1725 2366 1796 2401 psal-

1005 2419 1076 2443 mos,
1109 2413 1233 2447 quamvis
1264 2420 1314 2439 sua
1331 2412 1432 2448 cuique
1449 2413 1581 2447 primaria
1608 2413 1680 2440 ratio
1702 2420 1735 2440 ac
1755 2413 1797 2441 vis

1006 2457 1115 2489 fuisset.
1132 2457 1166 2485 ad
1183 2458 1305 2485 omnium
1317 2458 1464 2487 utilitatem
1479 2459 1649 2494 compositos
1657 2466 1718 2486 esse
1730 2466 1796 2486 cen-

1005 2504 1070 2531 suit.
1088 2503 1131 2531 Cf.
1147 2503 1231 2532 Cord.
1248 2503 1308 2531 Cat.
1324 2503 1356 2537 ll,
1377 2504 1487 2539 p.496;
1507 2503 1528 2535 l,
1545 2512 1570 2539 p.
1586 2505 1649 2532 574.
1662 2504 1798 2533 Οωιετυιιι

1004 2551 1032 2577 ἱη
1048 2550 1256 2585 interpretando
1272 2558 1347 2578 more
1364 2558 1415 2578 suo
1430 2554 1557 2578 versatus
1569 2554 1622 2578 est.
1639 2549 1708 2578 Fere
1727 2552 1798 2579 scri-

1005 2596 1092 2630 ptoris
1107 2596 1271 2624 sententiam
1282 2596 1345 2624 aliis
1360 2597 1451 2624 verbis
1459 2596 1579 2631 repetiit.
1589 2597 1637 2624 sed
1649 2597 1797 2633 imaginum

1007 2643 1161 2677 lingumque
1175 2643 1298 2670 rationes
1318 2643 1475 2670 accuratius
1495 2643 1654 2678 explicavit,
1683 2643 1798 2676 ideoque

1007 2690 1034 2716 in
1053 2689 1095 2717 his
1109 2689 1224 2717 lectores
1239 2689 1339 2724 szrpius
1353 2690 1387 2717 ad
1403 2690 1672 2717 hoscommenlarios
1689 2688 1795 2722 allegat.

1045 2734 1171 2762 Profecto
1188 2743 1286 2763 novam
1310 2736 1382 2762 viam
1403 2735 1565 2763 Theodorus
1585 2735 1622 2761 ita
1638 2737 1798 2769 persecutus

1010 2788 1061 2814 est.
1073 2786 1104 2810 ut
1115 2786 1238 2810 nostram
1253 2782 1462 2811 admirationem
1480 2781 1508 2810 in
1525 2788 1619 2810 senon
1636 2784 1798 2808 convertere
