1940 3064
143 138 178 165 ἴῦ
530 141 574 169 DE
586 141 760 171 TIIEODORI
779 143 1020 172 MOPSUESTENI
1034 144 1116 173 VITA
1135 145 1179 172 ET
1199 145 1365 175 SCRIPTIS.
1737 149 1773 177 δι

141 205 200 225 non
214 196 316 232 possit.
332 196 406 224 Sane
415 197 523 232 quidem
535 198 624 226 audax
637 205 706 227 erat.
722 200 790 233 Quis
809 208 873 228 vero
882 208 916 227 an

982 201 1077 228 ἑαυτὸν
1089 202 1190 238 κυρίως
1206 203 1338 239 εἰρημένα
1353 202 1487 237 ἐξέλαϐον,
1500 204 1557 232 ἀλλ’
1569 204 1606 238 ὡς
1618 205 1770 242 ἁρμόζοντα

143 244 250 271 daciam
271 243 301 270 in
324 243 426 278 juvene
440 243 503 279 jure
518 245 717 279 reprehendat?
732 246 767 272 At
778 254 839 281 quae
858 246 933 273 ince-

143 294 220 324 perat
230 297 279 324 per
296 290 429 324 temporis
453 291 574 318 rationes
598 290 713 319 ulterius
736 293 863 327 prosequi
876 300 931 320 non

143 335 243 369 potuit.
269 334 492 362 Commentarius
515 335 561 363 ille
569 335 626 369 jam
637 340 695 363 tum
706 341 732 364 et
747 345 834 372 magis
848 338 930 366 etiam

142 385 238 415 postea
255 379 419 407 orthodoxis
443 381 613 408 stomachum
636 382 731 409 movit.
749 382 792 409 Cl".
812 382 928 419 llesycb.

142 426 160 452 l.
175 432 201 452 c.
212 425 263 460 (α),
274 425 372 452 Leont.
386 425 404 451 l.
419 431 456 457 c.,
469 424 534 452 Fac.
548 433 590 457 nt,
605 428 634 454 6:
645 441 680 446 —
695 436 704 452 ι
724 427 930 463 Impugnatores

142 471 173 498 S.
190 470 288 506 synodi
311 469 464 504 (Chalced.)
491 470 525 497 ob
549 470 601 498 hoc
627 470 661 497 de
679 471 725 498 illo
741 472 794 499 ista
812 473 929 507 jactare,

141 516 214 551 quod
227 516 255 542 in
273 515 498 549 interpretatione
515 515 682 550 psalmorum
697 517 822 552 quaedam
837 526 928 546 mora-

141 563 204 589 liter
228 561 392 595 exposuisse
410 561 529 592 dicatur,
546 570 607 596 quae
632 562 660 590 in
675 563 816 591 Christum
841 566 929 599 magis

139 608 213 635 dicta
242 608 343 636 debent
368 608 493 643 intelligi.
507 617 516 634 ι
534 608 722 641 Theodorum,
743 609 780 636 ita
802 610 853 642 illi,
880 610 928 645 qui

138 654 263 682 .Iudaicae
288 655 410 690 psalmos
428 655 550 682 historia?
574 656 651 690 justo
680 656 769 690 magis
791 660 926 691 aptasset,

139 700 270 726 vaticinia
285 700 319 726 de
329 699 439 726 Christo
453 707 613 727 evacuasse.
632 699 686 727 Sed
697 701 756 735 ipse
773 702 856 728 etiam
866 705 927 737 post

139 745 256 780 ingenue
279 744 421 779 professus
442 748 495 776 est,
518 752 548 772 se
574 745 602 771 in
625 745 737 779 psalmis
755 746 926 780 explicandis

139 792 226 818 multa
239 798 385 825 peccasse.
399 790 432 818 V.
444 799 487 825 ap.
504 790 567 817 Fac.
587 798 628 824 Ill,
645 791 661 818 6
679 801 729 818 :—
740 801 749 817 ‹
765 791 823 818 Νοιι
835 796 925 819 autem

137 840 268 870 quantam
300 840 458 871 oportuerat
479 835 625 863 habuimus
650 836 723 862 circa
754 837 835 864 istam
866 844 923 864 rem

981 249 1015 284 τῇ
1029 248 1178 275 ·ὑποϐέσει’
1191 257 1217 276 v.
1239 253 1266 276 ct
1283 249 1354 285 sq.);
1375 250 1444 277 adde
1469 251 1542 285 quod
1564 252 1591 279 in
1613 253 1772 288 fragmentis

982 295 1056 321 nulla
1074 295 1170 330 typica’.
1184 295 1417 330 interpretationis
1434 297 1548 331 vestigia
1563 299 1679 334 reperi);
1698 301 1770 335 quod

982 347 1043 367 cum
1064 339 1095 367 V.
1114 340 1145 367 Τ.
1164 341 1217 368 vim
1237 343 1360 370 minuere
1380 343 1528 378 multisque
1545 344 1688 372 olIensioni
1708 353 1772 374 esse

982 385 1174 418 intellexisset,
1192 389 1323 421 posterior
1339 387 1486 416 Diodorum
1504 390 1589 425 magis
1602 396 1713 419 secutus
1723 399 1770 418 ar-

981 431 1061 458 ctiori
1077 432 1187 460 vinculo
1195 433 1227 460 V.
1243 442 1304 460 cum
1320 433 1352 461 Ν.
1370 433 1401 461 Τ.
1415 439 1537 469 tgporum
1546 443 1598 471 ope
1611 438 1769 465 connexuit.

1053 494 1082 522 Β.
1099 495 1293 524 Cammentarii
1307 497 1334 524 in
1355 497 1436 524 libros
1454 497 1486 526 ν,
1503 498 1534 525 Τ.
1547 499 1697 528 historicos.

1016 557 1050 585 In
1074 558 1184 586 Genesiu
1212 560 1353 595 copiosum
1378 561 1540 590 Theodorus
1562 563 1673 599 scripsit
1691 572 1768 592 com-

979 605 1154 632 mentarium.
1178 605 1220 632 Cl'.
1245 606 1378 634 Ebediesu
1405 607 1422 634 l.
1440 608 1457 634 l.
1482 616 1508 643 p.
1527 609 1557 635 5|
1575 617 1582 642 ;
1602 610 1663 636 Act.
1686 618 1766 638 conc.

978 649 1073 678 Const.
1088 659 1118 682 ιι,
1134 659 1170 683 Iv,
1195 651 1288 678 57-69..
1307 661 1316 678 ι
1335 667 1370 672 --
1384 660 1416 680 ex
1433 653 1451 681 Ι,
1466 654 1607 689 quinto—
1619 660 1717 690 quarto
1731 670 1767 676 -—-

979 695 1017 723 De
1031 703 1164 728 creatura,
1186 707 1195 724 ι
1213 697 1292 725 Joan.
1311 698 1454 734 Philopani
1471 700 1508 727 De
1519 701 1611 727 mundi
1636 703 1767 730 creatione

978 742 1123 778 (Gallandii
1139 743 1208 771 Bibl.
1223 744 1300 771 Patr.
1317 749 1338 772 ι.
1353 745 1412 781 XII)
1427 746 1487 777 L8:
1499 756 1506 772 ι
1518 762 1552 766 -
1567 747 1656 783 Ἐντῷ
1665 749 1766 784 πρώτῳ

976 789 1030 816 τῶν
1045 791 1084 822 είς
1105 790 1155 825 τὴν
1183 791 1290 824 γένεσιν
1302 805 1336 811 —-
1351 801 1360 817 ι
1387 791 1414 824 6,
1428 792 1455 819 9.
1473 801 1482 817 ι
1496 807 1529 812 ——
1546 793 1574 818 ὲν
1591 793 1630 828 τῷ
1642 795 1766 830 τετάρτῳ

975 836 1028 862 τῶν
1040 850 1072 856 —
1087 845 1097 862 ι
1116 835 1210 864 Leont.
1231 837 1294 872 Byz.
1318 837 1335 864 Ι.
1357 845 1395 868 c.,
1413 845 1439 872 p.
1459 837 1511 864 690
1526 844 1551 863 ει
1572 853 1606 858 -
1622 848 1683 874 qua
1695 848 1765 868 vane

138 883 263 917 (interpr.
288 882 469 917 psalmorum)
495 882 674 917 diligentiam.
692 881 769 910 Passi
785 883 858 910 enim
877 891 924 910 sn-
940 883 962 911 Β
975 882 1124 909 elaboravit
1149 882 1176 909 in
1203 883 1330 916 Genesiu,
1350 893 1359 909 ι
1383 883 1463 910 Phot.
1484 890 1509 910 c.
1534 884 1567 910 58
1581 891 1603 910 Ζι
1620 882 1681 921 οὖή
1701 887 1764 912 sm-

137 937 198 956 nms
209 936 381 964 quacunque
397 928 570 963 incipientes,
584 932 614 956 ut
624 929 727 961 evenit,
740 930 767 956 in
785 929 924 964 imperitia

137 975 274 1003 scribendi
290 974 587 1009 constituti.siquidem
601 979 628 1002 et
641 975 742 1002 multas
755 975 925 1002 immutatio-

136 1027 184 1046 nes
199 1018 248 1045 illo
264 1023 385 1053 tempore
396 1025 456 1052 qua:
470 1022 563 1046 nostra
575 1023 639 1046 sunt
652 1024 843 1054 susceperunt,
855 1028 924 1056 quas

135 1071 188 1090 non
202 1067 247 1091 est
261 1063 406 1098 praesentis
419 1064 549 1099 temporis
562 1071 707 1097 enarrare;
727 1073 761 1092 ex
777 1073 830 1100 qua
839 1074 923 1094 causa

134 1111 222 1146 magis
239 1111 409 1146 negligenter
423 1117 438 1136 a
452 1111 532 1138 nobis
554 1111 705 1145 composita
729 1116 793 1139 sunt
806 1112 923 1146 plurima

133 1163 160 1185 et
171 1158 291 1185 maxime
306 1158 353 1184 illa
369 1165 428 1191 quae
454 1157 542 1191 prima
568 1161 644 1184 sunt.
663 1166 672 1183 ι
693 1156 752 1184 Duo
770 1158 813 1185 his
830 1159 923 1186 verbis

132 1203 302 1234 enuntiavit,
318 1210 416 1234 unum,
433 1210 463 1230 se
486 1209 547 1230 cum
574 1202 659 1230 libros
677 1202 737 1229 adv.
755 1203 923 1238 allegorian;

132 1248 301 1284 scripsisset,
327 1249 356 1276 in
383 1248 475 1276 multis
489 1248 567 1276 aliter
583 1252 665 1284 atque
687 1253 766 1276 antea
784 1249 920 1282 sensisse;

133 1295 262 1326 alterum,
277 1303 292 1321 a
309 1302 340 1322 se
351 1294 437 1329 magis
447 1294 614 1329 negligenter
629 1294 781 1329 composita
792 1302 852 1322 esse
862 1295 922 1330 plu-

133 1342 201 1369 rima
212 1342 240 1368 in
251 1341 382 1376 psalmos,
393 1340 438 1367 illa
449 1341 567 1367 maxime
576 1348 637 1375 quat
649 1340 735 1375 prima
748 1346 851 1372 essent,
864 1341 882 1369 i.
894 1348 919 1368 e.

133 1388 331 1423 praefationem,
346 1395 374 1414 v.
386 1386 471 1420 infra;
488 1386 614 1414 statuerit
628 1393 692 1413 vero
702 1391 795 1421 postea
806 1386 840 1414 de
853 1394 922 1414 non-

132 1434 215 1461 nullis
242 1433 355 1468 psalmis
379 1433 471 1466 aliter,
499 1432 630 1459 nonnulla
652 1434 733 1460 etiam
759 1433 817 1460 loca
840 1433 921 1460 aliter

131 1480 311 1507 enarraverit.
327 1479 460 1506 Primaria
481 1477 605 1513 proiecto
629 1477 764 1506 Theodori
778 1479 877 1514 prioris
893 1482 920 1506 et

132 1526 292 1561 posterioris
314 1524 460 1553 diversitas
490 1525 517 1552 in
547 1524 771 1560 interpretatione
796 1525 918 1552 locorum

130 1573 183 1605 sita
198 1576 257 1599 erat
271 1572 298 1599 in
320 1570 388 1598 Nov.
405 1569 437 1598 T.
457 1571 610 1603 citatorum,
630 1570 664 1598 de
676 1578 730 1605 qua
746 1571 818 1598 haud
836 1571 918 1600 dubie

130 1619 255 1654 pluribus
266 1618 292 1645 in
304 1617 350 1645 illa
362 1616 519 1652 praefatione
528 1617 724 1652 disputaverat.
735 1617 769 1644 At
779 1625 841 1645 cum
853 1625 918 1647 suos

129 1666 157 1692 in
173 1665 291 1699 psalmos
303 1663 517 1691 commentarios
531 1663 708 1698 vituperaret,
728 1671 816 1699 neque
831 1663 864 1691 ad
878 1669 918 1700 ty-

130 1712 218 1746 picam
231 1717 308 1738 suam
322 1708 673 1744 interpretationem,quam
687 1713 746 1744 post
755 1710 917 1737 constantis-

129 1759 198 1784 sime
209 1760 319 1785 secutus
334 1759 378 1783 est
398 1759 425 1782 et
440 1762 501 1790 quae
522 1753 641 1782 Judaicm
660 1755 806 1790 impietatis
824 1763 918 1790 repre-

130 1802 289 1830 nensionem
300 1801 460 1835 neutiquam
475 1800 556 1834 cepit,
570 1807 658 1835 neque
672 1800 705 1827 ad
717 1804 835 1835 quatuor
854 1801 916 1829 illos

129 1850 249 1885 psalmos
268 1856 337 1884 quos
361 1847 470 1883 proprie
490 1846 522 1873 ad
539 1846 678 1874 Christum
701 1846 838 1874 retulisset
859 1847 914 1884 (b),

129 1897 265 1931 respicere
280 1895 379 1930 potuit.
395 1893 466 1926 Quid
487 1893 587 1928 igitur?
602 1892 681 1920 Prior
695 1892 865 1926 Theodorus,
891 1895 914 1922 si

127 1946 245 1978 quatuor
257 1942 319 1970 illos
328 1940 449 1976 psalmos
459 1939 608 1975 exceperis,
626 1939 794 1967 Psalmorum
811 1940 870 1966 loca
887 1940 914 1967 in

126 1988 160 2015 Ν.
178 1987 211 2015 Τ.
224 1988 258 2015 ad
270 1995 314 2015 res
327 1986 499 2014 Christianas
518 1992 566 2020 per
580 1992 669 2012 rerum
684 1985 914 2020 opportunitatem

127 2032 327 2060 accommodata
339 2037 401 2058 esse
420 2030 516 2057 statuit
532 2029 580 2065 (cf.
595 2027 704 2056 Act.-C.
717 2029 811 2056 Const.
827 2036 856 2060 ιι,
875 2037 913 2062 ιν,

125 2079 172 2112 2‘2,
188 2079 224 2106 25
237 2078 342 2114 {C0511}.
360 2076 417 2104 Ind.
433 2076 453 2103 1.
470 2083 508 2109 c.,
525 2083 552 2110 p.
568 2074 621 2102 486
635 2084 688 2102 :—
705 2075 774 2101 Ὄσα
789 2075 818 2101 δὲ
832 2075 915 2110 ἕτερα

125 2125 252 2160 ἐξέλαϐον
274 2125 300 2151 οἱ
319 2122 462 2150 ἀπόστολοι
483 2122 515 2149 ἐκ
534 2120 588 2148 τῶν
609 2120 740 2156 ψαλμῶν,
756 2121 805 2155 οὐχ
822 2120 859 2152 ὡς
875 2121 914 2153 είς

974 927 1066 963 γραφὴ
1080 928 1211 963 ἑρμηνεία
1219 929 1268 963 τῆς
1284 928 1410 960 κτίσεως.
1425 929 1453 954 ὲν
1464 928 1558 963 τόμοις
1568 929 1660 964 ἐπτὰὴ
1668 930 1763 966 πρώτη

975 972 1064 1008 βίϐλος
1078 973 1247 1008 ἐπεραίνετο.
1264 983 1273 999 ι
1294 973 1341 1000 llis
1367 974 1435 1000 locis
1449 981 1520 1000 unus
1532 974 1657 1009 idemque
1673 975 1763 1003 Theo-

974 1019 1034 1045 dori
1066 1019 1134 1046 liber
1160 1019 1327 1054 designatur.
1357 1019 1434 1046 Pbot.
1458 1020 1474 1045 l.
1501 1020 1570 1046 l:—
1587 1021 1634 1047 Ὃν
1645 1021 1699 1054 (Θ.)
1716 1023 1763 1048 καὶ

974 1063 1102 1095 πλείστας
1128 1063 1244 1095 εὐθύνας
1265 1064 1392 1099 Ἰωάννης
1405 1065 1420 1090 ὁ
1435 1064 1581 1096 Φιλὸπονος
1600 1066 1657 1100 (qui
1672 1065 1763 1093 Theo-

974 1108 1032 1135 dori
1045 1108 1081 1135 τὰ
1092 1109 1136 1141 εἰς
1149 1109 1206 1142 τὴν
1218 1108 1339 1143 γένεσιν
1362 1114 1495 1136 memorat
1517 1118 1543 1136 ν.
1558 1114 1606 1145 5.),
1625 1111 1663 1142 ὡς
1682 1112 1762 1144 αὐτός

973 1163 1050 1188 φησι,
1063 1155 1111 1189 τῆς
1133 1154 1259 1190 τοιαύτης
1279 1155 1426 1190 ἑρμηνείας
1446 1155 1474 1181 ὲν
1496 1156 1587 1191 οἰκείῳ
1604 1156 1643 1191 τῷ
1660 1158 1699 1189 εἰς
1713 1157 1764 1193 τὴν

972 1196 1060 1226 κτίσιν
1071 1200 1208 1236 πονήματι
1225 1200 1331 1236 ἐδείχθη
1343 1201 1494 1232 σπουδαίως
1521 1202 1761 1237 είςπραττόμενος.

971 1245 1014 1272 Cl.
1024 1249 1061 1273 et.
1070 1253 1095 1272 c.
1106 1245 1150 1276 Η,
1166 1245 1273 1273 2402——
1281 1242 1310 1271 ὲν
1320 1245 1425 1277 πολλοῖς
1445 1245 1528 1278 ἀξίως
1545 1246 1591 1272 τὸν
1601 1247 1688 1281 μέγαν
1698 1247 1763 1273 ἀπο.

972 1291 1074 1323 θειάζει
1094 1291 1145 1327 (sc.
1160 1290 1240 1318 Joan.
1252 1290 1483 1325 Ρῒιὶι.)Βααίλειον
1500 1291 1547 1318 καὶ
1566 1291 1703 1326 Θεόδωρον
1715 1292 1763 1318 τὸν

971 1339 1073 1373 (fortJ.
1091 1337 1230 1374 θεοδώρου
1256 1337 1314 1372 τοῦ)
1331 1337 1403 1372 Μοψ.
1418 1338 1442 1364 εἰ
1456 1338 1503 1364 καὶ
1516 1337 1554 1372 μὴ
1567 1338 1596 1363 ὲν
1615 1338 1708 1369 πᾶσιν,
1720 1335 1761 1369 οἷς

970 1384 1135 1415 ἐπαιτιᾶται,
1158 1383 1215 1410 ἀλλ’
1240 1380 1287 1409 οὖν
1301 1383 1352 1409 οὐκ
1371 1383 1399 1409 ὲν
1420 1382 1519 1417 ὀλίγοις
1545 1382 1760 1418 ἐπιλαμϐάνεται

969 1429 1103 1464 δικαίως).
1130 1429 1232 1457 Graecis
1245 1429 1318 1455 enim
1338 1430 1442 1464 primus
1465 1428 1641 1456 Pentateuchi
1655 1429 1761 1456 liberet

969 1477 985 1510 ὴ
1009 1475 1096 1506 κτίσις
1109 1479 1135 1502 et
1146 1476 1163 1510 ἡ
1180 1474 1287 1508 γένεσις
1306 1474 1458 1502 dicebatur.
1489 1473 1570 1501 Prius
1593 1480 1653 1502 voc.
1670 1473 1759 1501 Theo~

970 1521 1054 1548 dorus
1077 1520 1221 1547 adamavit.
1248 1520 1287 1547 Cl.
1312 1520 1345 1547 ad
1361 1520 1423 1547 Am.
1449 1520 1476 1551 6,
1497 1519 1525 1551 9,
1543 1519 1588 1552 lt),
1604 1527 1631 1555 p.
1646 1520 1699 1546 227
1713 1519 1758 1547 ed.

932 1553 953 1583 α
972 1566 1005 1594 de
1018 1566 1112 1601 Wegn.
1127 1575 1133 1592 :
1149 1565 1281 1601 Παρέοικε
1299 1565 1329 1592 τὸ
1342 1566 1371 1592 ὲν
1392 1567 1425 1600 τῇ
1444 1566 1542 1596 κτίσει,
1553 1553 1617 1592 ἔνθα
1630 1565 1760 1600 περὶτῶν

973 1613 1114 1648 συνθηκῶν
1127 1612 1200 1647 λέγει
1223 1612 1256 1644 ἃς
1270 1612 1374 1644 Λάϐαν,
1384 1620 1414 1638 τε
1426 1612 1472 1638 καὶ
1492 1611 1592 1639 Ἰακώὸ
1601 1627 1636 1632 ——
1647 1612 1656 1646 (
1664 1611 1757 1640 Cenes.

969 1659 1046 1694 xxx).
1066 1658 1148 1686 Mich.
1168 1667 1195 1690 v,
1209 1658 1235 1691 li,
1254 1666 1279 1694 p.
1304 1658 1366 1685 566.
1389 1658 1423 1693 (c)
1445 1657 1549 1685 lnl’elici
1571 1663 1670 1685 conatu
1688 1656 1759 1684 Siel-

969 1705 1060 1733 fert.l.
1077 1705 1109 1736 Ι..
1123 1713 1150 1739 p.
1164 1704 1208 1736 52,
1234 1711 1294 1739 qua:
1315 1703 1450 1732 Ebediesu
1469 1707 1496 1732 et
1512 1704 1610 1739 reliqui
1631 1704 1665 1730 de
1675 1704 1757 1732 tomis

968 1751 1041 1779 illius
1067 1749 1255 1777 commentarii
1287 1749 1409 1776 referunt
1434 1749 1505 1776 inter
1535 1757 1564 1776 se
1588 1749 1754 1776 conciliavit.

968 1797 1077 1824 Scilicet
1096 1803 1157 1830 quae
1174 1795 1308 1823 Ebediesu
1334 1795 1369 1822 de
1390 1795 1472 1822 tomis
1493 1795 1617 1830 perhibet
1633 1795 1686 1822 hoc
1701 1803 1756 1822 uno

967 1840 1049 1868 credo
1066 1841 1200 1872 nituntur,
1226 1840 1298 1874 quod
1323 1843 1364 1867 tot
1388 1840 1471 1868 tomis
1492 1840 1592 1867 librum
1620 1840 1755 1868 contineri

966 1887 1053 1918 dixit,
1071 1890 1137 1922 quot
1165 1885 1349 1912 voluminibus
1376 1885 1514 1920 exemplar
1536 1884 1678 1920 Syriacum
1689 1893 1756 1912 con-

966 1937 1060 1960 staret.
1091 1931 1136 1959 Sic
1154 1931 1288 1959 Ebediesn
1316 1934 1385 1958 teste
1412 1931 1625 1958 commentarius
1643 1932 1670 1957 in
1697 1930 1756 1958 XII

965 1978 1104 2014 prophetas
1124 1977 1232 2005 duobus
1259 1976 1341 2004 tomis
1356 1980 1474 2008 constat,
1494 1984 1550 2004 uno
1567 1976 1634 2004 liber
1652 1975 1690 2003 De
1714 1977 1756 2003 iu-

967 2024 1131 2056 carnotione,
1145 2022 1193 2050 sed
1207 2022 1304 2049 horum
1327 2022 1374 2049 ille
1389 2022 1483 2054 nullis.
1496 2022 1540 2050 hic
1551 2022 1707 2057 quindecim
1721 2022 1756 2049 li-

967 2070 1026 2098 bris
1047 2069 1194 2097 distinctus
1216 2072 1268 2096 est.
1293 2067 1346 2095 Sed
1377 2067 1538 2096 Theodorus
1554 2072 1584 2095 ut
1605 2068 1754 2095 nonnullos

967 2116 1090 2148 alios,ita
1107 2115 1181 2142 hunc
1195 2114 1277 2142 etiam
1297 2114 1325 2141 in
1340 2113 1458 2142 Genesiu
1472 2114 1699 2142 commentarium
1719 2113 1754 2140 li-

216 2194 276 2222 Non
302 2193 397 2221 dubito
424 2192 490 2227 quin
510 2191 673 2218 Theodorus
691 2189 785 2227 etiam,
804 2197 866 2227 cum
883 2189 911 2217 in
927 2189 950 2218 D
965 2187 1088 2227 priorum
1118 2184 1304 2227 interpretum
1317 2226 1320 2227 ν
1333 2183 1542 2227 ξιξαιιιᾶηιιρυιί.
1558 2190 1621 2227 eum
1632 2217 1645 2227 Δ
1657 2183 1752 2226 valuit,

161 2196 200 2258 (al)
216 2196 276 2222 Non
302 2196 397 2221 dubito
424 2196 490 2227 quin
511 2196 673 2218 'I‘neodorns
691 2196 785 2223 etiam,
804 2197 866 2217 cum
883 2197 911 2217 ιιι

124 2240 181 2267 pra:
195 2251 202 2258 .
216 2232 244 2258 in
261 2237 302 2267 ps.
322 2237 340 2261 ι,
354 2236 382 2263 p.
395 2227 458 2267 ϐοᾷ,
469 2227 604 2267 scriberet
617 2235 623 2253 :
635 2226 779 2267 Διαφρροις
791 2241 825 2245 -
838 2226 914 2267 ῥντυῖ

123 2259 180 2302 id»:
190 2259 381 2302 ὑποιίνῄμάέι,
401 2263 448 2290 καὶ
463 2263 526 2293 τοὺς
538 2261 589 2302 μὲν
601 2276 636 2302 _—-
645 2275 680 2302 -τ-
693 2259 790 2296 εὑρὼν,
803 2260 870 2302 ςῑοὺξ
885 2259 913 2286 δέ

123 2295 193 2329 gmw
205 2295 333 2335 ἱστορίαις
349 2299 398 2335 τὴν
412 2295 577 2335 προφητείαν
595 2296 776 2335 ἁρμόσαντας,
796 2295 834 2335 Co;
853 2295 914 2321 Ἰουο

122 2337 210 2368 δαίοις
230 2330 330 2371 μᾶλλον
343 2330 393 2369 τὴν
405 2330 550 2370 ἐρ’μηνέίαν
572 2330 730 2371 συνηγορεῖν
748 2330 765 2365 ἢ
775 2331 834 2371 ’τοῖς
849 2338 913 2365 τρο-

123 2366 282 2407 φίμοιςγῖτῆς
294 2366 412 2400 πίστεώς
471 2366 600 2407 nostrum
610 2366 804 2407 indiai‘t'averit.

159 2400 197 2443 io)
208 2400 286 2433 Haud
296 2403 451 2443 spernenda
458 2408 531 2430 esset
542 2400 662 2443 [ἱείς-ὼε
675 2400 859 2443 γνοειιετιιμ.
872 2407 911 2441 c.,

122 2451 151 2478 p.
162 2435 252 2473 ‘xivn,
266 2435 432 2478 conjectura
449 2448 456 2465 :
473 2447 484 2478 ι
500 2453 535 2478 -_—
547 2436 660 2478 Bec'tins
678 2436 795 2476 fortasse
810 2435 913 2478 dixeri-

123 2470 195 2508 inus,
209 2470 275 2504 illud
287 2470 426 2503 Theodori
445 2474 487 2501 sui
508 2473 595 2510 ipsius
609 2471 773 2510 vituperium
784 2470 911 2510 psalmos

123 2518 249 2548 spectare
265 2519 325 2541 eos.
343 2517 413 2544 quos
436 2517 492 2536 non
521 2508 618 2548 typico_
631 2508 677 2547 sed
696 2508 808 2548 proprio
821 2513 910 2548 sensu

122 2540 263 2575 Christum
277 2540 392 2582 tangere
406 2540 578 2582 statuerat'{_i
592 2540 804 2582 nisiconstaret,
821 2540 911 2582 'l‘heo-

122 2585 219 2610 dorum
249 2586 313 2617 post
329 2577 418 2617 'etiam
432 2580 494 2617 illos
512 2578 633 2613 psalmos
647 2577 908 2617 ita‘interpretatum

122 2611 327 2652 esse,etipsum
345 2616 422 2642 illum
436 2614 504 2652 l.ﬂde
511 2611 552 2649 ps.
565 2620 614 2652 γη]
632 2611 752 2652 ex_lib_ris
770 2611 808 2638 De
822 2611 910 2652 incar-

123 2659 178 2680 Ital.
188 2647 429 2687 'sumptumpesse.
450 2647 586 2687 Cancrum
603 2647 675 2674 haud
689 2647 836 2687 ohscurqin
856 2650 908 2687 est,

121 2697 172 2715 cur
189 2680 309 2723 quatuor
323 2685 386 2723 illos
399 2684 518 2720 psalmos
536 2690 619 2723 sensu
634 2682 745 2723 proprio
755 2682 788 2709 de
799 2680 910 2723 Christo

122 2716 470 2759 interpretatus‘sitlneque
477 2727 543 2759 vero
556 2720 594 2759 ita
601 2716 763 2759 ut:reliquos
772 2716 908 2759 lpsalmos,

120 2752 235 2793 quorum
246 2759 306 2785 loca
322 2756 352 2782 in
410 2752 442 2781 Τ.
452 2754 486 2793 ad
498 2762 542 2782 res
554 2753 727 2793 Christiana:
740 2752 907 2793 celerantur.

120 2786 306 2829 Fraterquam
321 2790 398 2829 enim
410 2790 482 2829 quod
497 2787 692 2829 auctoritaSIN.
705 2786 797 2829 T:'(cl.
811 2786 906 2829 Cosm:

119 2821 174 2857 Ind.
186 2831 203 2857 Ι,
220 2821 259 2860 6.,
274 2835 301 2863 p.
314 2825 379 2863 483g,
388 2821 435 2851 ita).
448 2825 502 2860 γὰρ
510 2825 563 2863 ιχᾳὶ
571 2823 709 2863 Δε-σπρξτης
721 2821 908 2863 ,Χριστρςῃιιαὶ

116 2856 144 2892 ξίν
152 2856 300 2892 ἀπόστολοι
319 2856 460 2895 φαίνονταί
475 2856 522 2895 in).
535 2860 567 2885 ὲκ
580 2858 633 2884 τῶν
647 2858 667 2884 δ’
682 2856 796 2895 ψαλμῶν
811 2856 908 2883 λαϐόν-

116 2910 158 2934 τες
174 2909 212 2937 μα
218 2893 338 2936 ρτυριαν
355 2895 417 2931 περὶ
425 2894 506 2923 αὑτοῦ
516 2898 543 2922 et
555 2900 615 2929 qua:
627 2893 697 2929 seq.)
711 2897 741 2921 et
753 2899 905 2921 consensus

965 2217 1003 2249 illi
1027 2220 1124 2256 psalmi
1144 2217 1274 2256 praeclare
1298 2217 1415 2256 indolem
1441 2218 1544 2256 Christi
1566 2217 1753 2256 θεανῆρῴπου,

964 2258 992 2284 in
1010 2253 1090 2291 quem
1110 2253 1222 2282 omnino
1241 2254 1418 2295 quadrarent,
1441 2253 1599 2294 describere
1621 2253 1753 2280 videban-

962 2296 1018 2319 tur.
1034 2291 1076 2318 (Η.
1095 2289 1191 2325 fragm.
1209 2288 1344 2325 Theodori
1361 2289 1395 2316 de
1406 2289 1464 2325 illis
1483 2296 1523 2323 ps.
1537 2293 1571 2325 ret
1584 2288 1676 2316 Cosm.
1693 2287 1752 2316 Ind.

962 2327 981 2354 ι.
1002 2335 1040 2358 c.,
1058 2334 1085 2361 p.
1098 2323 1225 2361 483-487.
1247 2323 1303 2351 Hoc
1321 2331 1390 2361 vero)
1404 2324 1560 2361 inAre_l_iquis
1582 2331 1663 2351 secus
1681 2329 1751 2356 erat,

962 2362 1008 2398 qui
1031 2358 1093 2389 cum
1108 2360 1252 2398 manifesto
1270 2367 1324 2398 non
1343 2360 1392 2386 toti
1409 2358 1444 2398 ad
1462 2358 1604 2398 Christum
1628 2364 1752 2394 spectare

962 2395 1085 2432 possent,
1115 2397 1185 2422 ratio
1202 2395 1336 2432 exigebat,
1355 2395 1523 2432 nesingulaa
1540 2401 1750 2432 eorum_partes

961 2428 995 2460 eo
1006 2432 1190 2460 trabercntnr.
1200 2430 1242 2457 Cl.
1251 2428 1344 2457 Cosm.
1355 2428 1413 2456 ind.
1426 2428 1500 2464 l._’c.,
1515 2438 1542 2464 p.
1553 2429 1605 2456 486
1616 2440 1621 2456 :
1633 2428 1751 2462 Τούτους

961 2467 990 2502 ψ.
1006 2469 1045 2498 εἰς
1055 2467 1100 2493 τὸν
1111 2468 1192 2502 dedit.
1208 2466 1259 2502 Χνρ.
1275 2465 1322 2502 καὶ
1334 2465 1413 2502 μόνον
1428 2462 1506 2502 εἶπεν
1515 2462 1566 2502 ἰοὺ
1577 2465 1636 2502 *γᾴρ
1648 2465 1750 2502 ἐκοινοέ

961 2499 1033 2530 -ἓιοῐει
1041 2503 1076 2529 τὰ
1087 2501 1133 2528 τοῦ
1148 2501 1284 2527 Δεσπότου
1290 2499 1408 2535 Χριστοῦ
1429 2500 1498 2535 μετὰ
1505 2500 1559 2526 τῶν
1573 2499 1683 2531 δούλων,
1693 2500 1750 2527 ἀλλ’

961 2538 1016 2564 ἴδια
1025 2537 1060 2564 τὰ
1076 2536 1124 2564 τοῦ
1136 2535 1270 2562 Δεσπότου
1281 2535 1317 2566 ὼς
1330 2535 1459 2562 δεσπότου
1473 2535 1580 2568 ἐξεῖπεν
1596 2535 1643 2562 καὶ
1652 2535 1686 2562 τὰ
1696 2536 1750 2562 τῶν

960 2573 1061 2599 δούλων
1076 2572 1114 2603 ὡς
1128 2570 1238 2598 δούλων.
1253 2570 1287 2605 Et
1304 2571 1386 2605 paulo
1403 2576 1462 2604 post
1476 2580 1482 2596 :
1499 2586 1534 2591 -—
1550 2570 1650 2598 Paulus
1666 2579 1750 2605 μετα⁴

961 2609 1067 2643 φράσας
1077 2607 1126 2642 τὴν
1139 2606 1240 2643 χρῆσιν
1249 2604 1406 2643 (Μςιδὶεὶμώς
1419 2605 1550 2643 ἁρμοῆίαν
1566 2607 1606 2643 είς
1617 2604 1749 2643 τὴν-ἰδίαν

960 2639 1110 2670 ὗᾶιόθεσινί
1120 2639 1194 2667 οὐδὲν
1210 2641 1265 2675 γᾲρ
1283 2639 1485 2675 ἁρμόζοι-ισιτὰ
1503 2641 1584 2667 λοιπὰ
1596 2639 1650 2667 τῶν
1662 2641 1691 2675 ψ.
1707 2642 1749 2673 είς

958 2679 1004 2705 τὸν
1013 2680 1096 2704 Δεσπ.
1106 2676 1171 2711 Χρ.,
1181 2673 1260 2708 tEth
1274 2673 1333 2702 τινὰ
1346 2674 1472 2707 ὲξέλαὸον
1485 2675 1597 2710 (Theod.
1615 2676 1650 2702 ad
1663 2673 1747 2704 Zaclt.

960 2721 998 2747 Ix,
1011 2714 1050 2747 9.)
1062 2713 1113 2739 Sed
1128 2710 1191 2738 cum
1206 2710 1390 2745 qnatuorillos
1398 2711 1518 2745 psalmos
1534 2712 1571 2738 ita
1586 2711 1745 2746 explicaret,

959 2749 1051 2777 minus
1066 2747 1117 2775 sibi
1136 2747 1266 2774 constitit.

995 2785 1030 2818 (ε)
1049 2781 1204 2818 Sieﬁ'ertal.
1218 2781 1255 2818 _l.,
1289 2789 1315 2815 p.
1345 2780 1395 2818 52_
1409 2788 1471 2818 sq.,_
1484 2780 1530 2818 qni
1550 2780 1584 2818 in_
1596 2781 1744 2818 Nicgphori

959 2815 1061 2846 Catena
1075 2817 1206 2845 nonnulla
1215 2816 1368 2851 fragmenta
1381 2816 1414 2842 de
1425 2815 1538 2850 reliquis
1549 2816 1630 2842 etiam
1644 2815 1745 2851 Beniau

961 2855 1053 2882 teuchi
1084 2852 1161 2880 libris
1192 2850 1335 2886 superesse
1368 2851 1621 2883 animadvertisset,
1655 2850 1745 2878 Theo.

960 2890 1057 2918 dorum
1073 2888 1127 2917 duo
1142 2887 1214 2917 inter
1226 2885 1257 2916 Sc
1270 2887 1393 2915 diversos
1415 2886 1442 2913 in
1466 2885 1585 2914 Genesiu
1602 2894 1743 2914 commcn-
