1940 3064
172 161 209 191 $5
601 159 752 188 OTTONIS
768 159 860 188 FRID.
880 158 1076 187 FRITZSCHE
1095 152 1346 187 COMMENTATIO
1768 159 1803 186 :6

175 220 234 248 bris
247 219 382 251 distinxit,
396 225 512 254 quorum
528 218 643 253 primus,
655 217 752 252 Photjo
766 221 844 249 teste.
857 221 960 251 septem
975 217 999 245 Α
1012 215 1115 250 optime
1144 215 1308 246 illustrabat,
1325 222 1376 242 nec
1397 215 1509 246 mirum,
1526 214 1601 249 quod
1616 215 1641 242 in
1655 215 1803 249 reprehen-

173 267 259 294 toinis
283 265 437 293 constabat.
455 264 613 292 Tillemont.
634 264 652 291 Ι.
676 264 694 290 l.
718 271 744 298 p.
764 263 837 290 “5:
853 273 862 288 ι
880 270 962 289 --un

173 311 271 344 ttoiiie)
285 318 352 338 sans
379 309 461 337 doutc
474 317 544 344 pour
557 309 663 344 chaque
686 309 761 343 jour.
781 317 791 334 ι
802 307 963 335 Theodorus

175 365 238 386 (il
267 357 365 384 librum
386 356 424 383 ita
442 355 632 390 distingueret,
654 355 737 389 Ihaud
760 354 842 381 dubie
865 354 961 388 prima:

176 402 355 431 hebdomadis
376 402 510 429 rationem
537 401 642 428 habuit.
657 400 701 427 Ct‘.
715 405 752 427 et.
769 400 863 435 Cyrill.
884 400 961 427 Alex.

175 449 222 477 lib.
240 456 280 476 vn
296 448 490 483 Glaphynnim
506 448 532 474 in
549 446 669 474 Genesin.

153 545 155 550 ,
210 517 295 544 Recte
306 516 387 543 Phot.
401 523 426 543 c.
441 515 485 544 38.
497 515 543 541 ubi
554 514 604 550 τὴν
619 513 766 549 ἑρμηνείαν
780 512 831 548 τῆς
846 511 962 542 κτίσεως

176 563 347 593 memoravit,
360 561 408 597 τὴν
417 562 444 588 δὲ
461 561 570 596 φράσιν,
585 560 684 595 inquit,
700 558 762 585 οὔτε
776 558 902 594 λαμπρὸς
913 558 961 593 (sc.

175 609 220 643 Θ.)
234 607 296 634 οὔτε
318 607 378 633 λίαν
404 606 502 641 σαφὴς,
527 605 635 640 φεύγων
648 606 676 632 δὲ
696 605 742 632 τὸν
757 604 868 631 δυνατὸν
891 602 964 638 αὺτῷ

176 653 276 688 τρόπον
296 651 345 684 τὰς
367 651 530 686 ἀλληγορίας
557 651 604 677 καὶ
627 650 697 676 κατὰ
715 649 765 685 τὴν
780 649 901 685 Impia»
915 649 964 684 τὴν

176 700 323 737 ἑρμηνείαν
334 697 503 733 ποιούμενος.
519 697 684 730 Ταυτολογεῖ
695 696 723 722 δὲ
737 695 771 722 τὰ
785 696 903 724 πλεῖστα
916 695 964 723 καὶ

176 747 273 783 ἄχαρίς
285 754 342 778 πως
357 745 403 772 καὶ
413 743 495 780 ἀηδὴς
505 741 574 770 εἶναι
591 743 674 774 δοκεῖ,
684 742 751 769 ἀλλὰ
760 742 806 768 καὶ
821 742 850 769 τὸ
864 743 967 770 Νεστο-

177 793 236 829 ρίου
263 792 361 827 δόγμα,
381 791 405 817 ει
427 790 474 817 καὶ
491 789 544 826 πρὸ
565 788 712 824 Νεστορίου
729 788 863 824 ὑπῆρχεν,
880 788 965 823 ὑπερ-

177 836 338 873 ευγόμενοζ”
376 844 427 865 nec
464 836 555 863 minus
593 840 683 861 tamen
718 838 792 861 recte
831 833 965 861 Ebediesu

176 882 405 912 commentarium
422 882 496 911 illum
514 879 641 908 methodo
656 883 682 907 et
700 879 886 915 speculatione
908 879 966 907 ela-

177 931 304 959 boratum
329 927 418 956 vocat.
447 926 577 963 Quamvis
604 926 677 953 enim
703 925 729 952 in
756 932 788 952 eo
815 925 914 960 stylum
940 927 967 951 ct

177 976 329 1006 sententias
351 975 483 1010 quasdam
500 973 562 1010 jure
580 970 804 1007 reprehenderes,
819 971 856 997 ila
875 974 966 997 tamen

177 1023 207 1051 ni
232 1022 310 1050 l‘allor
337 1023 513 1055 comparatus
539 1022 608 1050 erat,
630 1022 660 1045 ut
684 1025 717 1045 ex
740 1025 772 1045 eo
793 1016 965 1051 potissimum

176 1068 244 1104 quid
268 1066 429 1094 Theodorus
459 1063 667 1100 interpretando
694 1067 721 1090 et
751 1061 966 1097 philosophando

177 1116 280 1149 posset,
303 1114 457 1147 appareret,
475 1109 558 1144 idque
578 1116 634 1138 non
651 1108 806 1139 miraberis,
832 1107 856 1134 si
872 1107 966 1141 quanti

177 1165 235 1188 tum
267 1159 385 1186 Genesin
418 1157 533 1185 fecerint
561 1163 593 1182 ac
615 1163 695 1191 quam
725 1154 808 1181 multa
827 1162 859 1181 ex
880 1161 911 1182 ea
926 1162 968 1181 re-

176 1206 304 1243 petieriut
328 1205 413 1240 probe
444 1202 632 1238 perpenderis.
661 1201 714 1231 Pro
743 1201 850 1228 diverso
875 1204 965 1228 autem

178 1256 337 1287 argumento
363 1249 503 1281 Genesiu,
540 1249 585 1275 cui
610 1255 745 1275 summam
778 1247 966 1274 auctoritatem

178 1297 284 1328 tribuit,
299 1297 406 1324 diverse
427 1295 623 1329 interpretatus
643 1298 695 1320 est.
728 1293 786 1327 Ipse
810 1291 919 1326 quidem
939 1291 967 1317 in

178 1344 212 1372 iis
231 1351 291 1378 quae
315 1342 349 1370 de
369 1341 464 1368 mundi
492 1341 597 1375 origine
617 1341 704 1374 deque
728 1338 884 1367 hominibus
899 1345 967 1364 non-

179 1390 243 1418 dum
270 1388 401 1423 dispersis
428 1386 598 1421 disputavit,
630 1385 770 1412 Geneseos
803 1384 967 1413 auctoritate

180 1436 228 1464 niti
245 1436 297 1463 sibi
309 1435 384 1462 visus
395 1439 448 1465 est,
460 1433 595 1469 permulta
609 1437 699 1460 tamen
713 1433 748 1459 ab
762 1439 794 1460 ea
809 1432 896 1460 aliena
908 1439 968 1467 pro-

179 1483 250 1514 tulit.
266 1489 326 1517 qua:
337 1488 392 1508 non
407 1485 461 1507 tam
479 1487 512 1508 ex
523 1487 555 1507 ea
574 1480 679 1510 elicuil,
698 1487 778 1514 quam
797 1478 908 1507 aliunde
918 1486 966 1505 ac-

180 1528 250 1563 ccpit
264 1529 312 1563 (α).
325 1526 487 1560 Quanquam
504 1533 567 1552 cum
583 1525 674 1552 verbis
684 1525 760 1559 justo
774 1524 860 1558 magis
883 1524 967 1553 inlue-

1017 261 1121 288 sionem
1139 261 1255 288 incurrit
1270 268 1302 287 ac
1313 260 1444 295 temporis
1460 260 1560 295 injuria
1577 260 1690 288 interiit.
1708 260 1804 295 Itaque

1015 315 1048 335 ex
1063 307 1198 334 sententia
1222 307 1302 334 nobis
1315 306 1425 342 obtigit,
1448 305 1521 341 quod
1537 306 1657 334 Joannes
1675 306 1802 342 Philopo-

1017 360 1069 379 nus
1088 352 1169 387 (Περὶ
1184 351 1369 386 κοσμοποίας
1391 352 1458 386 λότ.
1477 352 1564 384 ἑπτά,
1586 352 1711 379 Galland.
1730 352 1802 379 Bibl.

1017 397 1074 429 Xll,
1092 405 1119 433 p.
1136 398 1186 425 471
1205 405 1259 432 sq.,
1276 397 1322 432 qui
1339 398 1407 424 liber
1421 405 1475 424 non
1493 402 1556 425 ante
1572 405 1598 425 a.
1610 397 1662 424 610
1680 398 1801 432 scriptus

1016 443 1070 478 est)
1085 443 1262 470 vehementer
1285 450 1351 470 sane
1365 443 1392 470 in
1413 442 1598 475 Theodorum,
1612 443 1802 470 inauditorum

1017 492 1146 519 satorem.
1172 488 1296 515 invectus
1316 491 1368 515 est.
1387 488 1570 523 Praeterquam
1588 489 1662 516 enim
1684 489 1803 524 quodex

1017 534 1077 568 ejus
1099 534 1128 560 in
1148 532 1258 560 δεηθείη
1277 534 1476 562 commentario
1495 535 1625 562 nonnulla
1653 536 1801 570 excerpsit,

1017 588 1174 616 quanquam
1199 588 1254 608 non
1279 581 1391 616 ubique.
1417 584 1448 608 ut
1473 581 1591 614 videtur,
1616 582 1649 608 ad
1672 582 1801 614 verbum,

1017 627 1095 660 plura
1112 625 1193 653 ctiam
1208 625 1380 657 memoravit,
1392 633 1453 659 qua:
1473 626 1506 652 ad
1521 626 1581 660 ejus
1593 626 1745 653 doctrinam
1760 626 1802 653 fa-

1017 671 1102 699 ciant.
1115 670 1189 702 (31.1,
1208 671 1241 697 1‘2
1251 670 1299 705 (b);
1312 670 1397 702 ",21,
1413 678 1479 702 xxu,
1491 671 1521 703 3;
1533 679 1569 703 Ix,
1587 671 1690 703 10,11.
1709 671 1803 706 Neque

1018 717 1062 744 hic
1069 716 1692 752 praetereundaCosmtclndicopl.Topographia
1701 717 1801 745 Christ.

1018 762 1142 790 Galland.
1155 762 1239 794 Bibl.,
1256 761 1302 793 XI,
1312 769 1339 796 p.
1351 761 1400 789 401
1419 770 1473 797 sq.,
1485 762 1587 796 scripta
1595 761 1680 790 ferme
1698 766 1760 797 post
1775 770 1802 789 a.

1018 809 1083 843 535.
1096 809 1130 836 de
1145 816 1198 844 qua
1222 815 1276 835 non
1289 808 1356 835 satis
1371 812 1445 835 recte
1467 807 1546 835 Phot.
1571 815 1596 835 c.
1612 808 1646 835 56
1660 808 1802 843 judicavit.

1018 855 1148 883 Cosme.
1164 853 1354 881 Nestorianum
1367 852 1452 881 fuisse
1469 858 1496 880 et
1515 853 1544 880 in
1565 854 1660 881 multis
1676 853 1803 882 Theodo~

982 904 1004 932 Β
1017 908 1076 927 rum
1085 907 1148 927 esse
1155 902 1281 928 secutum
1292 899 1397 933 primus
1406 903 1481 926 recte
1494 899 1650 926 observavit
1666 899 1702 926 La
1715 899 1804 928 Croze

1015 944 1356 981 (Hist.duCIiriuianisme
1377 943 1422 971 des
1439 943 1529 976 hides,
1548 945 1568 977 l,
1584 953 1612 980 p.
1626 945 1662 972 ι10
1676 946 1746 980 sq.);
1760 945 1803 972 id-

1016 999 1070 1026 que
1086 990 1173 1025 magis
1199 990 1233 1017 iis
1261 990 1385 1019 haqu
1405 999 1466 1026 qua:
1487 990 1590 1018 Semler
1611 990 1696 1024 (Hist.
1708 991 1802 1020 θερίας.

1017 1036 1114 1062 selecto
1131 1035 1219 1069 capita
1234 1035 1254 1068 I,
1267 1043 1295 1071 p.
1309 1036 1361 1064 m
1376 1036 1431 1072 sq.)
1446 1044 1478 1064 ex
1497 1036 1680 1072 Topographia
1694 1038 1739 1064 illa
1754 1045 1803 1064 ex-

1017 1083 1129 1117 cerpsit,
1145 1089 1301 1116 quanquam
1313 1083 1472 1111 accuratius
1494 1084 1576 1110 etiam
1591 1082 1685 1110 doceri
1702 1087 1801 1118 potest.

1018 1128 1071 1156 Sed
1085 1135 1147 1155 cum
1162 1128 1324 1156 TheodOrus
1337 1133 1364 1155 et
1376 1128 1501 1162 Cosmus,
1513 1129 1565 1156 etsi
1581 1129 1707 1156 doctrina
1720 1129 1804 1157 simil-

1017 1173 1086 1206 limi,
1097 1173 1245 1201 dissimiles
1259 1178 1351 1201 tamen
1360 1177 1454 1202 essent
1471 1179 1602 1210 tempore,
1621 1174 1711 1202 indole
1722 1179 1804 1210 atque

1017 1220 1180 1251 eruditione,
1206 1227 1283 1255 aeque
1302 1227 1368 1248 sane
1389 1220 1543 1255 ineundum
1561 1225 1642 1258 atque
1671 1222 1737 1249 utile
1762 1225 1804 1249 cst

1018 1270 1165 1300 utrumque
1193 1265 1266 1292 inter
1291 1273 1321 1293 se
1345 1274 1520 1301 componere,
1534 1267 1611 1302 quod
1623 1267 1713 1296 alieno
1730 1273 1804 1294 certe

1017 1311 1078 1338 loco
1089 1311 1132 1338 hic
1147 1310 1277 1339 facerem.
1293 1310 1328 1338 Ut
1358 1316 1438 1339 caute
1461 1317 1550 1340 tamen
1571 1313 1645 1340 illam
1671 1313 1805 1348 Topogrm

1017 1358 1117 1392 phiam.
1133 1366 1193 1392 quas
1214 1357 1375 1385 Theodorea
1401 1359 1515 1394 aperiat.
1539 1359 1668 1387 adhibeas
1695 1367 1804 1388 moneo.

1017 1404 1152 1431 Caeterum
1166 1403 1325 1437 conjectura
1345 1404 1418 1432 haud
1437 1405 1607 1439 improbabili
1630 1405 1706 1432 dicas
1720 1405 1805 1434 Joan-

1017 1457 1079 1476 nem
1097 1448 1236 1484 Pliil.,qui
1253 1449 1390 1477 Theodori
1404 1450 1523 1478 asseclas
1536 1450 1638 1486 sarpius
1656 1451 1755 1487 carpit,
1770 1450 1807 1479 ad
1854 1451 1858 1455 '

1017 1495 1144 1522 Cosmam
1159 1496 1240 1523 etiam
1261 1497 1426 1531 respexisse.

180 1577 262 1605 reret,
280 1574 338 1608 ipse
367 1572 449 1599 etiam
478 1571 564 1597 multa
587 1572 655 1597 mira
677 1579 710 1598 cx
728 1578 760 1597 ea
772 1571 854 1597 eruit.
870 1570 1001 1608 Magnac
1053 1573 1217 1609 Priusquam
1246 1574 1301 1609 jam
1330 1576 1518 1603 commentarii
1549 1576 1622 1604 illius
1654 1576 1805 1612 l'ragmema

180 1625 270 1648 autem
282 1619 391 1646 licentia
399 1617 541 1645 historiam
550 1617 642 1652 lapsus
654 1614 805 1652 primorum
825 1616 967 1643 hominum

181 1669 340 1701 persecutus
352 1668 394 1691 est
407 1668 490 1699 atque
504 1663 547 1690 hic
558 1664 695 1698 prtecipue
704 1670 803 1689 vanum
820 1661 886 1688 illud
905 1665 967 1688 stu-

185 1712 254 1739 tium
269 1711 399 1742 cernitur,
415 1718 470 1745 quo
480 1710 561 1737 dubia
572 1713 599 1736 et
613 1710 691 1743 plane
701 1709 806 1736 incerta
816 1708 884 1735 mire
900 1715 968 1734 con-

182 1757 308 1794 iectando
328 1757 484 1785 certissima
510 1756 639 1784 reddidit.
668 1755 752 1782 Multo
775 1755 884 1783 brevior
908 1759 968 1781 erat

181 1805 293 1832 alterius
321 1803 458 1830 chescos
486 1803 572 1838 partis
602 1801 801 1836 interpretatio,
832 1801 968 1835 inprimis

182 1856 293 1887 propter
313 1855 392 1885 typos
417 1849 612 1877 memorabilis.
629 1848 696 1884 Typi
720 1853 827 1881 autem,
845 1856 916 1883 quos
940 1849 968 1875 in

182 1897 322 1933 prophetis
345 1896 429 1924 certis
454 1895 618 1932 quihusdam
639 1895 702 1922 licet
715 1895 910 1922 remotioribus
923 1902 970 1922 ra-

182 1944 303 1973 tionibus
320 1943 464 1974 nitidicas.
481 1943 525 1970 hic
536 1942 644 1977 quidem
660 1942 718 1970 fere
731 1950 745 1968 a
758 1942 817 1969 solo
834 1942 970 1977 interpre-

183 1991 220 2018 tis
230 1989 344 2017 arbitrio
359 1988 554 2024 pependerunt.
568 1987 639 2021 Quid
655 1987 758 2014 multa?
772 1986 819 2015 Ille
829 1994 970 2014 commen-

184 2037 284 2068 tarius,
303 2035 330 2062 in
344 2043 398 2070 quo
423 2033 585 2061 Theodorus
608 2033 680 2061 haud
703 2041 765 2061 raro
781 2033 816 2060 de
828 2033 871 2059 via
886 2033 970 2060 ecc'e—

183 2082 295 2111 siastica
324 2080 480 2112 declinavit,
503 2079 590 2107 nostri
621 2079 739 2106 indolem
763 2082 791 2106 et
811 2078 965 2106 doctrinam

1020 1628 1081 1655 qua;
1109 1625 1257 1655 supersunt
1281 1629 1455 1655 recenseam,
1482 1622 1517 1650 de
1545 1622 1673 1656 Catenis,
1706 1625 1806 1659 quibus

1021 1667 1139 1694 maxime
1154 1668 1339 1699 continentur,
1355 1675 1441 1702 pauca
1466 1670 1664 1704 prtemittenda.
1683 1670 1805 1704 Quarum

1021 1713 1090 1742 mira
1105 1717 1146 1740 est
1161 1712 1278 1741 Camena
1292 1723 1315 1741 ε.
1333 1715 1476 1749 explicatio
1497 1715 1616 1743 locorum
1636 1717 1681 1752 qui
1696 1717 1722 1743 in
1738 1717 1805 1744 Pen-

1021 1759 1142 1790 tateuclto
1158 1759 1369 1787 subobscuriorea
1386 1767 1536 1792 occurrunt,
1553 1770 1585 1788 ex
1602 1762 1717 1796 antiquis
1731 1761 1803 1788 Cra:-

1021 1814 1113 1836 wrum
1129 1806 1254 1840 theologis
1276 1806 1442 1841 deprompta.
1464 1806 1506 1833 Ea;
1528 1809 1621 1842 quibus
1641 1808 1805 1842 quorundam

1017 1851 1144 1878 hactenus
1167 1851 1233 1878 nihil
1254 1857 1291 1878 est
1315 1852 1342 1878 in
1372 1852 1456 1879 lucem
1481 1853 1582 1880 editum
1604 1861 1612 1880 :
1636 1853 1736 1880 Franc.
1753 1853 1805 1880 Ze-

1018 1897 1100 1932 phyro
1123 1895 1279 1925 Florentino
1295 1899 1444 1932 interprete.
1461 1899 1528 1926 Item
1541 1899 1659 1926 Camena
1676 1901 1805 1934 explana-

1017 1943 1119 1969 tionum
1136 1947 1197 1970 vett.
1218 1952 1240 1970 ε.
1260 1943 1371 1971 Patrum
1391 1945 1418 1972 in
1438 1945 1526 1972 omnia
1551 1951 1605 1972 tam
1626 1945 1656 1973 ν.
1673 1954 1751 1981 quam
1766 1945 1803 1973 N.

1018 1988 1088 2016 Test.
1115 1990 1241 2016 cantica:
1257 1991 1290 2016 ab
1309 1991 1425 2019 Antonio
1440 1991 1541 2028 Carafa
1563 2001 1576 2020 e
1592 1993 1682 2020 (irch
1699 1993 1725 2020 in
1741 1993 1804 2020 Lat.

1023 2042 1168 2061 sermonem
1194 2043 1318 2063 conversa
1345 2037 1392 2071 (ε).
1421 2037 1515 2065 Calan.
1543 2039 1750 2073 Agripp.1572,
1777 2039 1803 2066 8.

1020 2079 1160 2115 Zephyrus
1183 2078 1242 2116 ipse
1267 2082 1418 2116 proﬁtetur,
1437 2091 1468 2110 se
1482 2084 1509 2110 in
1534 2085 1714 2112 translatione
1735 2091 1804 2112 con-

184 2170 271 2197 tarios
285 2169 442 2207 exaLavisse
460 2169 587 2207 opinatus
599 2170 652 2207 es},
671 2166 783 2207 alterum
796 2167 966 2207 philosophi-

1021 2177 1068 2207 κεν
1091 2170 1240 2207 ῥδιάῦολος
1252 2172 1382 2207 τάγματι,
1400 2173 1478 2207 εἴπερ
1497 2172 1550 2206 ἄρα
1567 2173 1614 2200 καὶ
1631 2174 1743 2206 ταύτας,
1757 2175 1805 2202 καὶ

182 2213 247 2232 cum
272 2205 307 2231 ab
338 2201 486 2234 Elicdicsu;
503 2203 594 2234 Phol.,
622 2201 701 2229 Joau.
722 2201 837 2230 l’liilfet
861 2205 888 2230 in
905 2201 965 2230 Act.

184 2247 263 2268 conc.
275 2240 370 2267 Const.
388 2243 578 2267 memoratum.
595 2238 707 2264 alterunt
723 2239 904 2273 exegeticum,
919 2239 966 2273 qui

185 2276 218 2302 ad
239 2275 359 2308 reliquos
382 2275 464 2300 etiam
479 2273 655 2300 Pentateuchi
678 2273 762 2300 libros
778 2274 965 2308 pertinuisset.

184 2309 277 2344 Neque
293 2311 376 2341 enini,
389 2309 413 2336 si
434 2309 479 2336 ille
499 2309 533 2335 ad
551 2309 667 2344 auiplius
690 2316 758 2344 opus
779 2309 966 2343 pertinuisset,

185 2342 303 2376 primam
316 2349 420 2371 tantum
436 2348 538 2378 partem
555 2343 582 2369 in
597 2342 716 2369 Genesin
732 2342 916 2378 conscriptam
933 2344 967 2370 ab

185 2379 321 2407 Ebediesu
334 2377 510 2406 memoratam
527 2378 620 2405 fuisse.
633 2378 715 2410 Quasi
727 2385 791 2404 vero
806 2377 967 2406 Theodorus

186 2415 309 2449 singulos
331 2415 506 2441 Pentateuchi
523 2414 675 2449 librosrnou
694 2413 809 2449 singulis
826 2421 969 2440 commen-

186 2447 265 2477 tariis
283 2452 408 2484 persequi
426 2450 557 2485 potuisset
572 2449 579 2485 ξ
601 2447 655 2475 Sed
668 2456 722 2485 non
736 2448 804 2485 male
817 2449 967 2482 conjiceres

186 2485 260 2513 illam
284 2483 434 2520 ἑρμηνὲίακξ
458 2485 507 2519 τῆς
529 2483 655 2520 Kcin-su;
673 2483 968 2520 uberiorcm_eamque

186 2517 402 2556 philosophicam
417 2517 628 2556 disputationem
641 2517 674 2545 de
682 2517 815 2556 prioribus
829 2518 967 2556 Geneseos

186 2553 322 2590 capitibus
341 2555 437 2585 fuisse.
452 2553 506 2582 nisi
525 2553 657 2581 Ebediesu
683 2554 801 2580 maxime
815 2554 896 2581 verba
914 2553 967 2580 im-

186 2591 342 2626 pedimento
354 2594 464 2626 essent.

223 2626 261 2660 (α)
282 2625 328 2652 Sic
352 2625 513 2652 Theodorus
534 2625 615 2652 etiam
646 2623 732 2660 mensi
758 2623 841 2651 Nisan
873 2623 967 2650 mundi

186 2656 351 2688 creationem
365 2660 522 2695 assignavit,
537 2660 610 2694 quod
619 2668 651 2687 ex
670 2659 704 2686 iis
721 2659 887 2694 intelligitur,
899 2667 968 2695 qua

187 2697 220 2722 de
234 2697 283 2722 hac
308 2694 443 2730 Ephraanii
462 2695 598 2722 sententia
619 2695 758 2729 congessit
773 2696 843 2722 Caes.
857 2702 873 2721 a
894 2694 968 2721 Leu-

187 2731 267 2766 gerke
286 2731 306 2766 l.
325 2732 343 2757 Ι.
359 2738 385 2765 p.
400 2730 501 2763 20,2I.

224 2766 260 2800 (lx)
280 2765 330 2798 Qui
355 2766 436 2800 hujus
451 2773 513 2800 cap.
533 2765 610 2792 locus
629 2765 774 2794 admodum
797 2765 876 2792 torsit
889 2765 969 2792 Cote-

188 2799 282 2827 lt-rium
305 2799 417 2835 (Eccles.
439 2799 523 2828 (ἔγ-ωε.
545 2808 671 2833 monum.,
688 2802 730 2834 Ill,
745 2810 771 2837 p.
788 2800 850 2837 571)
864 2800 900 2837 ita
917 2800 966 2837 ha:

188 2836 232 2877 bet
247 2845 253 2862 :
267 2834 332 2877 lia";
343 2838 366 2877 et
392 2837 596 2877 συνυπέστηραν
621 2837 645 2861 ot
666 2834 774 2877 ἄγγεὶῐᾳι
795 2835 834 2877 ῖῴ
851 2834 965 2877 τούρανῷ

187 2870 234 2907 κςϊι
250 2873 282 2906 τῇ
300 2872 334 2906 γῇ
353 2871 508 2905 θαυμαστὸν
522 2868 548 2898 εὶ
559 2870 647 2897 πέντε
662 2868 743 2907 μὸνξις
754 2870 823 2907 (cod.
837 2868 914 2907 εἶπέν
923 2868 964 2897 τες

141 2933 143 2938 ,
188 2905 352 2942 Cotshconj.
367 2907 463 2941 εἰπεῖν,
480 2909 507 2939 ς’
516 2907 535 2943 ·)
551 2905 700 2942 ήμέραςῈν
714 2907 753 2937 τῶ
768 2905 825 2941 ἰδίῳ
844 2905 965 2941 papqu-

1019 2205 1059 2242 etq
1073 2203 1122 2242 τὴν
1134 2203 1268 2242 toea-.5qu
1282 2203 1362 2239 έῦοὺς
1378 2207 1436 2242 ἅμα
1447 2203 1486 2242 τῷ
1500 2203 1626 2241 γὲνέσθαι
1641 2203 1741 2236 κακίαν
1758 2211 1805 2237 καὶ

1017 2238 1063 2265 τὸν
1150 2235 1295 2276 ἀνθρὼὖτου
1312 2235 1408 2276 sedvel;
1424 2235 1587 2270 ἀπώλίσθεν.
1604 2244 1637 2270 H.
1663 2235 1692 2271 re.
1711 2235 1806 2277 ticali-

1018 2282 1068 2301 nes
1083 2275 1255 2303 Theodorum
1270 2275 1380 2311 refutat)
1395 2287 1400 2304 :
1416 2287 1425 2313 ε
1443 2277 1469 2304 Si
1484 2278 1540 2312 (tua
1555 2280 1701 2313 sententia)
1714 2275 1803 2313 angeli

1018 2317 1072 2349 una
1099 2318 1159 2349 cum
1177 2312 1247 2340 caelo
1269 2317 1296 2349 et
1316 2317 1388 2339 terra
1415 2312 1478 2339 facti
1501 2317 1575 2349 sunt,
1600 2314 1708 2342 mirum.
1731 2312 1803 2349 quod

1018 2345 1144 2372 diabolus
1163 2354 1210 2380 per
1231 2347 1352 2382 quinque
1374 2351 1478 2374 tantum
1501 2348 1559 2374 dies
1581 2349 1608 2375 in
1634 2357 1684 2376 suo
1708 2345 1805 2376 Ordine

1019 2381 1168 2418 permansit
1185 2382 1198 2418 j
1209 2381 1313 2409 statuit
1327 2382 1399 2410 enim
1420 2382 1580 2410 Theodorus
1591 2404 1598 2415 ,
1621 2385 1803 2418 protoplastos

1019 2419 1096 2454 scito
1117 2415 1162 2443 die
1182 2416 1281 2454 factos,
1297 2421 1360 2454 post
1374 2425 1419 2444 sex
1439 2418 1520 2444 horas
1536 2419 1593 2454 ipsa
1614 2415 1726 2446 liicridie
1740 2426 1802 2445 cum

1038 2452 1134 2476 rimum
1159 2452 1294 2479 esurirent
1315 2452 1443 2479 seductos
1466 2455 1535 2480 lictis
1551 2453 1640 2480 edisse
1662 2461 1693 2481 ac
1716 2454 1804 2481 tribus

1028 2485 1170 2522 I9ri§_p0§l
1183 2487 1314 2522 paradiso
1327 2488 1420 2522 pulsus
1431 2496 1502 2515 esse.
1522 2488 1563 2514 Cf.
1583 2487 1663 2515 Joan.
1686 2488 1755 2515 Phil.
1781 2496 1802 2520 ι,

1019 2520 1068 2557 l2;
1082 2520 1148 2557 Mar.
1168 2521 1248 2548 Merc.
1267 2530 1293 2548 c.
1309 2520 1335 2553 l,
1351 2531 1377 2557 p.
1390 2522 1463 2555 704),
1477 2523 1499 2549 si
1517 2523 1645 2550 nimirum
1657 2524 1738 2550 etiam
1752 2523 1804 2551 hos

1019 2555 1132 2590 (diesrin
1150 2564 1200 2583 suo
1213 2557 1310 2585 ordine
1332 2555 1441 2585 mansit.
1461 2557 1523 2584 Ilaec
1539 2558 1606 2586 bene
1623 2558 1725 2590 addita,
1740 2567 1802 2586 nam

1019 2590 1053 2617 de
1078 2589 1212 2619 Theodori
1239 2595 1374 2620 sententia
1402 2593 1528 2621 diabolus
1555 2593 1611 2628 jam
1644 2589 1802 2621 ante’dicm

1019 2630 1125 2663 sextum
1151 2628 1272 2662 peccavit
1285 2628 1402 2662 ideoque
1414 2629 1441 2655 in
1458 2633 1558 2655 terram
1575 2629 1697 2663 deiectus
1712 2631 1764 2663 est)
1776 2633 1803 2655 et

1019 2661 1118 2700 statim
1130 2668 1194 2700 post
1209 2667 1300 2690 ortum
1324 2661 1686 2700 initantanrnequitiainret
1704 2665 1730 2690 in
1754 2661 1802 2690 lio-

1019 2697 1102 2756 :niuis
1112 2697 1242 2724 invidiam
1258 2700 1349 2733 (quam
1364 2704 1458 2726 contra
1474 2697 1610 2726 hominem
1629 2699 1726 2732 alebat)
1740 2707 1803 2733 pro-

1029 2738 1111 2756 ﬂDSllS
1127 2738 1178 2756 est.
1199 2742 1209 2756 ι

1029 2738 1111 2764 apsus
1127 2738 1178 2760 est.
1199 2742 1209 2758 ›

1055 2766 1089 2800 (c)
1111 2766 1173 2794 Haec
1190 2768 1215 2794 in
1235 2768 1345 2795 Cantica
1362 2773 1456 2796 catena
1478 2769 1632 2796 accuratior
1645 2773 1672 2796 ct
1696 2769 1803 2796 auctior

1019 2798 1113 2840 ἐι
1129 2802 1187 2840 Lat:
1211 2803 1311 2837 legitur
1324 2804 1350 2831 in
1374 2804 1487 2831 Gorder.
1510 2804 1570 2831 Cat.
1584 2805 1611 2830 in
1626 2803 1689 2840 Pa"
1706 2803 1751 2835 lll.
1774 2812 1801 2832 υ.

1019 2836 1072 2862 855
1090 2843 1132 2874 sq.
1147 2837 1205 2863 Alia
1225 2836 1413 2874 tantummodo
1427 2844 1500 2870 sunt,
1515 2847 1575 2874 qua:
1599 2839 1633 2865 ad
1656 2838 1731 2874 J9me
1746 2847 1803 2873 prc-

1020 2878 1066 2909 ces
1091 2872 1226 2906 leguntur.
1250 2872 1321 2909 Nihil
1345 2874 1372 2900 in
1391 2881 1422 2901 ca
1451 2872 1541 2901 inve-ii
1560 2875 1634 2909 quod
1659 2872 1804 2903 Theodoro

1020 2904 1213 2935 Moosuesteuo
1230 2908 1407 2942 pt’nbabil.tcr
1422 2904 1577 2937 tribueres.‘
1769 2922 1773 2927 ν
