1940 3064
125 175 153 202 tl
515 173 559 200 DE
577 172 753 201 THEODORI
776 172 1016 201 MOI'SUESTENI
1032 174 1110 202 VlTA
1131 174 1173 202 ET
1193 174 1364 203 SCIIPTIS.
1723 177 1759 205 ιι

127 234 241 262 inseruit
265 231 331 270 (al).
357 233 449 269 priore
463 233 510 260 illo
529 234 590 261 cod.
610 233 671 261 Vat.
690 242 756 262 usus
771 239 824 267 est,
846 234 916 262 nulla

972 235 1111 267 ἁξιοῦσιν;
1131 235 1196 263 Abt].
1210 243 1228 267 ι,
1248 236 1273 268 1,
1287 237 1318 263 οὐ
1332 236 1437 268 καλῶς,
1456 235 1536 263 Mittit.
1557 236 1678 268 v.10.”
1689 258 1695 268 ,
1713 247 1762 272 με-

127 280 287 308 recentioris
312 279 420 308 ratione
443 279 546 307 habita.
568 279 687 308 Omnino
712 285 813 313 textus,
837 288 917 316 quem

127 326 260 357 exhibuit,
274 333 363 360 purus
383 325 526 358 dicendus,
538 333 694 362 quanquam
711 327 850 355 interdum
862 328 919 355 edi-

127 373 192 399 toris
212 372 359 407 ᾰκρίδειαν
380 372 531 400 desideras».
546 386 583 392 —
597 371 671 400 Duos
690 373 773 401 codd.
799 374 919 401 continet

127 419 191 445 bibl.
210 417 338 445 Caesarea
364 417 518 446 Vindobon.
543 418 662 455 Uterque
683 419 845 447 cbartaceus
866 427 919 448 nec

127 464 256 499 antiquus
272 464 356 498 (alter
367 464 427 490 cod.
444 463 526 491 XVIII
542 463 663 492 Kollario
681 464 721 501 [ν.
735 465 795 498 eius
809 465 842 492 ad
858 465 918 492 Pet.

127 509 264 537 Lalnbecii
291 508 439 537 Comment.
464 510 498 538 de
518 510 581 538 bibl.
608 510 677 540 Cm.
708 511 796 545 Vind.,
815 512 832 540 l.
849 511 918 543 VIII,

127 555 269 590 Supplem.
286 555 305 582 l.
319 563 340 583 ι.
358 555 475 583 Vindob.
491 555 569 588 1790,
585 564 612 592 ι).
630 556 806 593 iﬁthmulo
818 557 917 592 quinto

126 602 234 630 decimo
251 603 373 637 scriptus
387 603 506 637 dicitur;
522 603 590 631 alter
603 611 628 631 c.
644 603 688 631 LV
702 603 826 639 (CLXIII)
850 603 918 632 Dan.

127 649 160 676 de
185 648 280 677 Nessel
305 648 409 684 (Calai.
429 649 506 677 codd.
525 658 588 677 mu.
609 648 654 677 Cr.
679 650 705 677 ὸ.
736 650 814 677 Vind.
837 649 918 678 Vind.

129 694 206 726 1690,
227 702 254 729 p.
277 694 353 730 135],
377 699 404 722 et
419 694 680 731 Lambecio[Catal.
695 695 772 722 codd.
794 695 917 728 Vindob.,

129 739 172 772 IV,
186 748 212 775 p.
235 739 299 772 160.
315 740 361 768 ed.
375 739 478 767 Kollar.
495 739 540 774 IV,
562 748 588 776 p.
612 739 688 776 560].
712 741 838 776 aquibus
857 741 875 768 l.
899 742 915 768 Ι.

127 786 280 821 descriptus
301 791 352 818 est,
369 786 547 814 mediocriter
570 787 703 822 antiquus
719 787 845 818 habetur.
869 787 916 816 sed

126 833 185 868 ejus
197 837 304 862 atatem
317 833 447 861 saeculum
469 841 512 860 xvt
529 833 570 861 vel
590 833 623 861 ad
648 841 786 861 summum
801 834 917 863 inventa:

127 881 192 907 artis
208 879 411 915 typograpbicte
426 884 547 914 tempora
560 879 632 907 haud
646 879 779 907 excedere
789 880 916 907 observat

128 925 159 953 de
172 910 309 960 We-g-nil.
325 910 369 955 Ic..
387 933 414 960 p.
432 910 504 959 aut},
521 928 548 953 et
567 929 636 953 teste
658 925 781 953 Forlosia
798 925 837 961 (in
852 925 918 954 Kol-
932 910 953 938 Β

127 971 185 997 larii
197 986 233 992 -
247 970 403 1006 Supplem.,
419 971 438 998 l.
456 979 474 1003 I,
493 978 518 1006 p.
537 971 614 1006 174),
629 980 639 997 ι
667 971 737 999 alter
759 972 837 1000 alteri
861 975 916 999 tam

125 1017 223 1045 similis
235 1021 289 1051 est,
304 1025 385 1053 quam
406 1024 488 1045 ovum
503 1025 567 1051 ovo.
582 1022 665 1053 atque
684 1025 716 1046 ex
743 1017 836 1046 eadem
850 1019 917 1046 scri-

126 1067 188 1098 ptus
202 1071 285 1090 manu
308 1063 426 1091 videtur.
457 1073 466 1090 ι
490 1063 548 1092 Hoc
572 1071 637 1092 vero
657 1067 799 1099 utcunque
823 1069 876 1097 est.
889 1064 917 1092 in

125 1117 223 1144 magna
254 1117 350 1137 eorum
379 1109 561 1138 similitudine
590 1108 711 1136 dubitari
738 1116 792 1137 non
818 1113 916 1144 potest,

123 1156 189 1190 quin
201 1163 235 1183 ex
248 1163 303 1182 uno
313 1155 464 1191 eodemque
484 1155 559 1184 fonte
578 1155 717 1184 ﬂuxerint.
732 1155 809 1183 Hunc
825 1160 916 1183 autem

122 1200 228 1227 tontem
248 1200 368 1236 priorem
390 1199 454 1228 cod.
477 1200 564 1228 Vatic.
585 1207 647 1228 esse
669 1204 697 1228 et
717 1207 750 1228 eo
776 1200 918 1236 probabile

122 1248 256 1282 est,quod
270 1248 344 1282 prior
359 1248 403 1275 ille
413 1247 499 1275 codex
511 1246 639 1280 Vindob.,
654 1251 725 1276 teste
740 1246 916 1279 Gentilottio,

122 1293 227 1320 Caesar.
243 1293 371 1321 biblioth.
391 1293 530 1328 quondam
554 1293 694 1328 praiecto,
717 1293 753 1321 ab
786 1292 917 1328 Apostolo

124 1337 210 1370 Zeno,
246 1337 360 1371 Veneto,
397 1338 496 1366 Carolo
527 1338 560 1366 Vl
597 1339 756 1375 imperatori
796 1346 820 1366 a.
847 1339 917 1366 1725

124 1384 197 1411 dono
224 1384 334 1412 oblatus
348 1387 390 1412 est
412 1384 457 1419 (cf.
480 1384 581 1412 Kollar.
603 1400 639 1406 -—
659 1384 756 1420 Suppl.
773 1391 800 1420 p.
820 1384 919 1419 161)“

124 1431 212 1465 magis
239 1431 321 1458 etiam
342 1436 454 1466 propter
479 1435 583 1458 textum
608 1439 690 1467 quem
712 1431 853 1460 exhibent.
879 1433 918 1459 Ac

123 1476 244 1511 primum
270 1476 298 1502 in
330 1477 458 1504 omnibus
484 1477 574 1504 tribus
603 1476 684 1504 codd.
720 1476 753 1503 ad
782 1476 917 1504 Theodori

969 281 1035 313 τιείς
1046 301 1054 313 ,
1083 281 1164 317 ἑξῆς
1190 290 1230 313 ιιι,
1247 282 1265 309 5
1275 303 1282 314 ,
1297 282 1455 318 ruptam-ta
1471 282 1540 318 (leg.
1549 283 1715 319 ’παρέσχηκε
1729 284 1738 318 )
1751 293 1759 315 ;

969 334 1007 358 γι,
1020 326 1048 359 8,
1061 329 1141 363 ποιῇ,
1159 325 1193 365 ᾖς
1210 335 1247 359 Vl,
1258 328 1302 361 14,
1316 329 1429 362 φάγισε,
1445 328 1595 363 ἐγκλίνεινς
1613 329 1714 359 Hzibac.
1727 338 1758 362 ιι.

972 373 1016 404 11,
1030 374 1177 407 ambos“;
1195 382 1229 407 ll,
1244 374 1296 406 11,
1320 371 1470 409 ἐπάγοντις
1490 376 1575 411 Soph.
1594 384 1613 409 t,
1631 376 1674 408 11.
1687 377 1760 404 olm-

968 419 1153 455 δομήσεντες,
1179 419 1263 447 Zach.
1293 428 1319 451 ι,
1343 419 1397 453 εις
1421 421 1527 454 ταῦ-τας
1547 430 1603 454 xtv,
1620 422 1646 454 1,
1670 431 1760 458 παρα-

969 466 1090 501 γένηται.
1109 465 1146 493 Ex
1157 467 1247 502 priore
1260 466 1306 493 illo
1317 466 1379 493 cod.
1397 466 1514 495 Vindob.
1526 475 1612 503 pauca
1627 470 1759 496 transcri~

968 511 1024 546 psit
1038 510 1160 539 Forlosia
1179 511 1206 539 in
1223 511 1476 547 Kollarii—suppl.
1491 533 1498 543 .
1515 521 1541 547 p.
1564 513 1695 545 170-175.
1712 515 1758 549 qui

968 558 1131 586 adolescens
1148 563 1234 585 totum
1249 559 1476 586 commentarium
1491 558 1589 587 Latine
1602 561 1693 588 vertit.
1710 561 1758 588 sed

970 604 1040 632 hanc
1052 605 1278 633 versiOnem‘non
1291 606 1385 637 edidit,
1399 606 1503 634 veritus
1519 613 1553 633 ne
1573 608 1757 634 malelicorum

970 651 1063 678 minus
1076 658 1170 686 mquas
1184 651 1337 678 calumnias
1349 652 1503 679 immeritus
1516 652 1633 679 subiret.
1650 652 1682 679 γ.
1694 652 1759 679 κοι-

969 697 1019 723 lar.
1033 697 1051 724 l.
1065 697 1095 728 Ι..
1113 705 1140 732 p.
1160 696 1212 724 169
1225 706 1233 730 ;
1249 697 1327 732 plura
1342 705 1408 725 vero
1428 706 1460 724 οι
1474 698 1626 732 posteriore
1639 698 1757 729 Siellert.

970 742 987 769 Ι.
1003 742 1033 773 1.,
1052 749 1078 777 p.
1097 743 1131 770 39
1149 746 1176 769 et
1198 750 1226 777 p.
1246 742 1341 774 12-71,
1357 743 1402 770 hic
1425 743 1492 770 illic.
1511 743 1672 777 Nuperrime
1689 744 1759 771 inte-

967 796 1045 824 grum
1074 788 1302 816 commentarium
1327 788 1424 816 eodem
1449 788 1511 816 cod.
1538 796 1606 816 usus
1631 787 1701 816 Vict.
1725 791 1759 816 de

970 833 1106 870 Wegnern
1120 834 1138 861 Ι.
1153 835 1170 861 l.
1186 833 1271 861 edidit
1281 853 1288 865 ,
1303 842 1392 869 neque
1406 835 1444 862 ita
1457 838 1550 862 tamen
1565 839 1595 862 ut
1610 835 1704 863 velles.
1726 834 1756 862 ν.

968 879 1041 915 Αιιθ.
1054 879 1111 907 Lit.
1129 879 1211 912 Zeit.,
1229 879 1309 913 1836,
1321 888 1349 909 ιι.
1362 880 1407 911 64,
1421 880 1468 907 65.
1482 895 1515 901 -
1531 880 1603 908 Duos
1618 889 1758 909 commen-

969 927 1031 953 tarii
1047 926 1120 954 illius
1135 926 1216 954 codd.
1231 925 1353 954 Venetiis
1363 926 1538 954 Moutl'aucon
1551 927 1628 959 vidit,
1641 927 1757 955 alterum

969 972 996 999 in
1016 971 1208 999 Grimanorum
1232 971 1310 1005 bibl.,
1328 972 1443 999 alterum
1466 972 1492 999 in
1507 972 1576 1000 bibl.
1596 972 1694 1000 Meletii
1712 973 1758 1001 Ti-

969 1018 1062 1054 paldi.
1078 1016 1207 1045 Gmcor.
1235 1017 1345 1048 autist.,
1372 1017 1494 1052 archiep.
1521 1017 1689 1053 Pliiladelpb.
1714 1019 1756 1046 Cf.

968 1064 1067 1092 Montl‘.
1087 1063 1211 1090 Diurinm
1227 1062 1291 1091 ltal.
1317 1062 1400 1098 (Par.
1419 1063 1505 1092 1702.
1521 1063 1538 1091 4
1549 1063 1559 1099 )
1571 1085 1578 1096 ,
1600 1072 1625 1099 p.
1643 1065 1687 1093 59.
1702 1064 1756 1098 16;

969 1109 1040 1136 Bibl.
1066 1109 1129 1136 bibl.
1150 1117 1283 1136 ntauuacr.
1309 1116 1395 1140 nova,
1415 1109 1440 1141 Ι,
1466 1109 1548 1140 (Par.
1570 1110 1659 1143 1759.
1685 1111 1756 1144 l'ol.),

969 1164 995 1190 p.
1009 1155 1071 1184 478.
1088 1155 1141 1183 Sed
1167 1156 1294 1190 suspicor
1319 1155 1436 1182 alterum
1455 1156 1552 1183 borum
1575 1158 1611 1184 ab
1625 1157 1755 1192 Aposlolr.

969 1200 1043 1229 Zeno
1069 1202 1116 1235 (ν.
1139 1199 1184 1235 s.)
1206 1199 1397 1228 Vindobonam
1424 1201 1615 1229 transmissum
1635 1210 1707 1230 esse.
1724 1216 1756 1224 —

971 1257 981 1273 ι
994 1247 1131 1282 Septimus
1145 1246 1233 1274 codex
1249 1252 1294 1281 ap.
1309 1246 1482 1274 Gerasimum
1496 1246 1625 1274 Blachum
1652 1248 1677 1274 in
1694 1247 1758 1274 Gal-

969 1293 1005 1320 lia
1020 1292 1080 1323 fuit.
1096 1296 1164 1319 teste
1178 1291 1344 1319 Combeiisio
1361 1291 1612 1326 (Bibt.¢oncion.,l.
1627 1300 1654 1328 p.
1665 1292 1755 1328 μω).

969 1339 1057 1374 Atque
1072 1338 1146 1366 hunc
1166 1337 1229 1365 eod.
1247 1337 1366 1370 inspexit
1379 1338 1461 1365 etiam
1475 1357 1483 1370 ,
1508 1343 1537 1365 ιιι
1554 1342 1620 1374 puto
1633 1359 1640 1371 ,
1660 1338 1744 1374 Steph

969 1386 1003 1412 ab
1019 1384 1151 1412 Altimara
1167 1383 1338 1419 (Lequinius)
1352 1403 1359 1416 ,
1378 1384 1423 1419 qui
1442 1384 1469 1412 in
1487 1383 1630 1417 Pmplt'a,
1651 1392 1678 1421 p.
1693 1385 1756 1416 455.

969 1431 1007 1458 ait
1024 1439 1053 1459 se
1076 1430 1174 1466 legisse
1191 1429 1376 1465 Mopsuesteni
1392 1437 1493 1457 comm.
1514 1430 1545 1457 in
1563 1429 1622 1457 XII
1645 1432 1754 1466 propin

969 1478 1002 1503 Α.
1017 1476 1080 1503 Mai.
1094 1476 1112 1504 ι.
1124 1476 1155 1508 1.,
1170 1474 1215 1508 Vl,
1231 1483 1257 1510 p.
1275 1483 1324 1502 vu.
1338 1490 1373 1496 ——
1384 1474 1506 1511 Denique
1517 1476 1605 1504 codex
1620 1475 1714 1504 Roma
1730 1478 1756 1504 ιιι

125 1523 216 1549 minus
249 1522 430 1549 orthodoxam
456 1522 710 1558 interpretationem
734 1522 819 1550 Zacli.
847 1522 857 1549 l
872 1543 879 1555 ,
901 1523 918 1550 7
930 1534 952 1564 α
969 1522 1036 1550 bibl.
1054 1521 1243 1549 Vallicelliana
1259 1528 1321 1548 esse
1333 1521 1446 1548 dicitur.
1461 1520 1506 1548 Cf.
1531 1521 1674 1550 Possevin.
1688 1523 1755 1558 App.

124 1583 158 1588 -——
186 1568 214 1594 ll
231 1589 239 1601 ,
259 1568 355 1595 eadem
377 1568 427 1595 tria
448 1568 565 1600 scholia,
581 1568 680 1603 quibus
695 1569 780 1596 lector
804 1568 916 1603 quidam

123 1613 281 1641 catholicus
309 1612 479 1641 Thcodoreis
516 1613 693 1648 opinionibus
721 1614 917 1641 correctionem

125 1659 260 1690 adhibuit,
279 1659 385 1693 adjecta
400 1663 474 1686 sunt.
484 1657 517 1686 ν.
530 1658 594 1686 Mai.
611 1658 644 1686 ad
658 1658 798 1687 Zachariae
813 1667 873 1693 cap.
893 1667 916 1692 I;

121 1702 229 1732 Kollar.
258 1704 307 1731 LI.
320 1724 327 1736 ,
343 1712 369 1739 p.
386 1705 451 1738 171,
468 1704 539 1739 172;
556 1705 590 1733 de
603 1704 702 1740 Wegn.
719 1705 738 1732 l.
756 1713 798 1737 ο..
815 1713 841 1740 p.
854 1705 916 1737 557.

126 1751 190 1782 558,
208 1751 272 1778 5‘2.
291 1749 360 1777 Tum
379 1758 443 1778 vero
463 1758 570 1778 summa
583 1755 625 1779 est
641 1754 733 1779 textus
755 1750 915 1778 similitudo.

124 1797 221 1824 Helior
232 1801 274 1824 est
289 1798 316 1824 in
329 1797 390 1824 cod.
409 1796 472 1824 Vat.
484 1802 513 1824 ut
528 1797 692 1832 antiquiore.
706 1796 842 1824 Nonnulla
857 1796 919 1831 qui-

123 1842 188 1868 dem
205 1850 239 1869 ex
255 1850 289 1869 eo
312 1842 391 1877 pejus
409 1849 491 1877 quam
507 1849 542 1868 ex
562 1841 681 1869 Vindob.
694 1841 819 1869 exhibita
842 1845 916 1873 sunt,

125 1887 173 1915 scd
189 1888 243 1915 hoc
258 1892 307 1915 aut
322 1887 385 1915 Maii
400 1888 570 1923 negligentiae
587 1887 762 1915 tribuendum
781 1886 832 1921 (sic
849 1894 918 1914 non-

125 1935 202 1962 nulla
220 1942 264 1970 ap.
283 1933 344 1962 Mai.
362 1935 540 1967 exciderunt;
564 1933 602 1961 c1.
624 1942 652 1969 p.
666 1933 720 1961 295
732 1953 741 1965 ,
766 1933 800 1961 de
819 1933 917 1969 Wegn.

125 1988 152 2015 p.
177 1981 242 2011 557,
268 1980 299 2006 οὐ
320 1980 376 2015 γὰρ
393 1979 425 2007 ἂν
441 1997 476 2003 -
488 1995 523 2001 -
537 1972 637 2011 ῖππόυς
651 1979 743 2013 λέγω
759 1987 787 2014 p.
802 1979 866 2011 527.
884 1979 918 2007 de

125 2026 226 2063 Wegn.
245 2035 271 2062 p.
289 2027 360 2060 603',
375 2035 400 2061 p.
416 2027 479 2059 564,
494 2026 528 2054 de
545 2025 643 2061 Wegn.
662 2034 688 2060 p.
707 2026 770 2057 670,
790 2025 855 2059 al.),
871 2029 918 2052 aut

124 2081 158 2100 ex
176 2080 209 2100 eo
221 2073 414 2108 explicandum
427 2092 435 2104 ,
451 2073 524 2108 quod
547 2076 670 2099 attentus
686 2071 777 2100 scriba
802 2071 918 2099 manife-

125 2124 186 2147 stos
212 2127 282 2154 quos
297 2119 435 2154 perspexit
461 2127 570 2146 errores
597 2119 656 2146 suis
671 2118 775 2145 chartis
798 2125 852 2145 non
876 2117 918 2145 inv

126 2165 224 2193 seruit.
242 2164 293 2198 (Cf.
311 2164 376 2192 Mai.
393 2172 419 2199 ιι.
438 2164 500 2196 148,
516 2163 757 2200 οἰκονομήσαντεςῑ
768 2163 802 2191 de
816 2163 914 2199 Wagn.

970 1568 1012 1601 111,
1029 1577 1056 1604 p.
1069 1567 1114 1596 27.
1132 1567 1184 1595 Sed
1199 1566 1269 1594 Maio
1283 1571 1353 1594 teste
1368 1571 1477 1594 constat
1489 1567 1596 1602 paginis
1612 1568 1756 1596 duodecu-

968 1620 996 1643 et
1021 1619 1105 1642 tenue
1129 1617 1172 1641 est
1196 1613 1430 1647 interpretationis
1459 1614 1486 1640 in
1514 1613 1611 1648 Oseam
1638 1615 1695 1648 (-tI,
1715 1615 1747 1642 15

969 1659 1150 1695 fragmentum
1164 1679 1170 1689 ,
1196 1658 1229 1685 ad
1248 1657 1321 1692 quod
1348 1657 1422 1685 Sam.
1438 1657 1585 1685 'l'enulium
1602 1659 1758 1694 respexisse

969 1714 1030 1733 cum
1046 1705 1079 1732 ad
1098 1703 1185 1732 Niool.
1207 1703 1350 1731 Heiusium
1370 1703 1521 1732 scriberet:
1541 1704 1685 1733 «Vidistin'
1706 1715 1756 1734 ua-

967 1759 1050 1787 quam
1059 1750 1197 1779 Theodori
1209 1750 1272 1777 Ant.
1288 1749 1470 1786 fragmentum
1487 1751 1515 1778 in
1529 1751 1627 1786 propli.
1639 1751 1740 1779 Oscam
1752 1772 1757 1780 .

969 1797 998 1825 In
1013 1796 1091 1824 Latio
1105 1796 1171 1823 mihi
1185 1796 1329 1831 descripsi.
1344 1805 1354 1822 ι
1372 1795 1416 1824 Cl'.
1432 1795 1562 1824 Bunnani
1576 1797 1757 1832 Syllog.epp.,

969 1851 1000 1876 ll,
1018 1851 1043 1876 p.
1059 1841 1123 1874 801,
1135 1849 1190 1869 ιιοιι
1207 1841 1331 1869 dubium.

1004 1889 1235 1916 Commentariqu
1249 1889 1324 1915 illum
1343 1888 1481 1917 Theodori
1496 1888 1681 1925 Mopsuesteni
1696 1898 1758 1918 esse

968 1934 1037 1962 nihil
1050 1938 1093 1962 est
1106 1934 1208 1961 certius
1219 1933 1257 1968 (ὁ)
1274 1941 1306 1961 ac
1316 1937 1419 1962 temere
1431 1942 1493 1962 eum
1510 1934 1616 1962 Ludov.
1631 1935 1667 1962 du
1685 1934 1758 1963 Four

968 1981 1002 2009 de
1015 1981 1178 2016 Longuerue
1193 1981 1279 2009 abbas
1291 1981 1325 2009 de
1336 1980 1431 2013 lardo,
1439 1981 1542 2016 iuniori
1557 1982 1664 2010 cuidam
1672 1982 1759 2011 Theo

969 2028 1037 2055 doro
1050 2027 1173 2060 (Galatae,
1195 2026 1369 2062 lopsuestiat
1383 2035 1427 2062 ep.
1440 2046 1448 2059 ,
1459 2033 1489 2055 ut
1501 2028 1610 2056 videtur
1620 2050 1627 2060 .
1642 2029 1690 2064 qui
1707 2036 1757 2057 sas-

968 2074 1031 2101 culo
1045 2081 1069 2099 v1
1082 2073 1172 2100 medio
1185 2072 1314 2106 obiit;cf.
1331 2072 1426 2101 Iacob.
1440 2072 1478 2101 Le
1492 2072 1577 2108 Long.
1591 2073 1661 2101 Bibl.
1679 2083 1701 2101 ι.
1717 2074 1756 2106 1.,

968 2128 995 2156 p.
1006 2119 1072 2153 985)
1083 2139 1091 2152 ,
1108 2123 1135 2147 et
1148 2118 1274 2147 Oudinus
1303 2117 1462 2151 (Comment.
1480 2115 1648 2156 de'rcriptor.
1663 2122 1755 2148 coclea.

969 2166 1086 2201 antiquis
1096 2185 1104 2198 ,
1119 2164 1157 2197 ll,
1176 2173 1204 2201 p.
1217 2164 1289 2199 151)
1316 2163 1465 2192 Theodoro
1489 2164 1673 2200 Daphnopatae
1685 2186 1693 2198 ,
1709 2167 1756 2202 qui

126 2218 151 2245 p.
165 2210 229 2240 273.
247 2210 460 2246 κοινωνήσαντες
473 2219 480 2244 ς
501 2219 528 2245 p.
549 2211 612 2242 527,
627 2210 730 2242 λοιποῖς
743 2211 750 2237 !
767 2210 802 2238 de
815 2210 914 2246 Wegn.

969 2220 1032 2240 saec.
1054 2219 1082 2239 at
1102 2211 1194 2239 medio
1207 2210 1333 2242 vivebat.
1361 2211 1526 2238 tribuerunt.
1543 2211 1664 2239 Primum
1684 2214 1756 2240 enim

126 2265 152 2291 p.
170 2257 234 2287 605,
249 2256 348 2290 λόγοις,
366 2256 415 2291 al.)
428 2256 604 2292 Reliquarum
621 2262 714 2284 textus
726 2256 917 2284 diversitatum

125 2309 212 2329 rausa
225 2310 257 2329 ac
273 2303 345 2330 ratio
361 2302 388 2330 in
405 2303 617 2331 transcribendo
633 2304 686 2331 sita
706 2307 758 2331 est.
773 2302 847 2330 Raro
864 2303 916 2330 du-

125 2348 238 2380 bitabis,
250 2356 331 2382 quem
346 2349 470 2376 codicem
486 2349 619 2384 sequaris.
638 2349 691 2376 Sed
709 2349 782 2384 quod
800 2349 918 2375 maxime

125 2402 183 2422 rem
197 2395 320 2422 continet
332 2415 339 2426 ,
356 2395 417 2422 loca
440 2395 563 2432 mutilata
581 2400 608 2422 et
630 2399 759 2430 corrupta
778 2395 840 2422 cod.
854 2394 915 2422 Vat.

126 2440 248 2467 maxima
264 2448 333 2468 sane
343 2441 497 2468 constantia
510 2441 537 2468 in
553 2442 616 2468 cod.
635 2440 752 2468 Vindob.
767 2441 918 2476 leguntur;

124 2486 200 2520 quod
228 2494 290 2513 cum
319 2487 388 2514 satis
404 2486 578 2514 manifestum
595 2487 647 2518 sit.
663 2487 713 2513 bas
728 2486 918 2514 tantummodo

125 2532 258 2559 lectiones
278 2532 374 2567 procul
398 2531 484 2559 dubio
503 2531 666 2567 depravatas
681 2532 784 2559 referre
810 2531 915 2566 placet:

125 2578 159 2604 ad
173 2577 221 2605 Os.
235 2577 327 2610 tv,15,
340 2577 517 2612 ἐπαγομένην
530 2586 537 2610 ;
555 2586 591 2609 Vl,
601 2578 628 2611 4,
643 2578 695 2605 κᾶν
704 2577 783 2610 οὒδις
800 2585 859 2609 xm,
872 2577 916 2609 15,

124 2623 328 2660 διῃρημένουςς
345 2622 414 2651 Joel.
440 2631 470 2655 ιι,
487 2623 533 2656 20,
557 2623 672 2659 βρόμος;
699 2632 729 2655 ιι,
744 2623 845 2656 28-52,
868 2623 915 2650 λα-

125 2667 229 2701 εοῦσα;
254 2677 295 2700 ιιι,
316 2668 360 2702 18,
384 2669 412 2695 αἱ
440 2668 711 2706 emaciet-86.0511;
730 2670 790 2697 Am.
818 2670 912 2703 ν,15,

154 2758 201 2798 fin)
220 2757 427 2798 aniancraece
438 2762 464 2786 et
476 2757 687 2798 Latineﬂdgnug
698 2759 783 2786 edidit
794 2758 917 2798 inulYova

127 2793 292 2834 Eibliotheca
316 2792 440 2825 Patrum,
475 2797 541 2821 tom.
578 2793 636 2826 Vl],
667 2793 762 2821 Romae
791 2794 916 2830 1851,;

127 2827 309 2900 Filii-faris.
333 2862 403 2890 1662
416 2863 459 2900 .__8
470 2864 540 2900 loli.
556 2863 590 2900 in
613 2864 702 2900 primo
716 2867 821 2892 tantum
840 2868 914 2892 tomo

126 2895 166 2940 (p.
182 2897 314 2938 ⁸181885)
328 2898 459 2940 nonnulla
470 2897 607 2940 Theodori
614 2895 773 2940 '[ragmenta
786 2900 913 2940 leguntur

126 2939 190 2968 qua:
212 2941 245 2961 ex
261 2933 396 2968 principio
414 2933 609 2962 Commentarii
624 2935 651 2962 in
667 2933 777 2971 ’Enang.
799 2933 914 2963 Ioannis

287 2981 422 3011 Pri-not.
437 2981 499 3012 GR.
520 2982 632 3016 LXVI.

967 2257 1104 2286 Theodori
1117 2257 1146 2284 in
1156 2256 1182 2284 Χ
1186 2256 1218 2284 ιι
1231 2256 1325 2291 propin.
1340 2257 1555 2285 commentarius
1570 2257 1605 2285 ab
1622 2257 1755 2286 Ebediesu

966 2308 995 2332 et
1016 2304 1044 2331 in
1059 2303 1119 2330 Act.
1135 2310 1214 2330 conc.
1230 2303 1325 2330 Const.
1341 2310 1375 2336 ll,
1396 2309 1421 2329 Iv
1432 2322 1439 2333 ,
1458 2302 1580 2334 citatur,
1595 2307 1653 2330 tum
1670 2304 1714 2331 ille
1729 2305 1756 2331 in

966 2350 1095 2378 omnibus
1109 2350 1188 2377 codd.
1204 2349 1340 2377 Theodori
1365 2348 1465 2376 dicitur
1479 2348 1644 2380 Aniiocltent',
1658 2349 1758 2378 deinde

967 2397 995 2425 in
1012 2404 1045 2424 eo
1060 2396 1120 2431 ipso
1133 2395 1233 2430 saepius
1253 2395 1356 2423 mentio
1371 2395 1401 2422 ﬁt
1416 2396 1604 2423 commentarii
1631 2396 1657 2422 in
1679 2396 1758 2423 I’sal-
1792 2386 1797 2393 ’

968 2451 1036 2474 mos,
1052 2451 1078 2470 ν.
1096 2450 1121 2470 c.
1140 2442 1174 2469 ad
1191 2441 1274 2469 Zach.
1290 2449 1330 2474 ix,
1349 2442 1376 2474 9,
1392 2449 1473 2476 quem
1495 2446 1603 2469 constat
1632 2447 1757 2470 nostrqu

968 2488 1130 2523 scripsisse,
1151 2487 1269 2522 denique
1286 2487 1393 2514 dicendi
1414 2487 1666 2523 iuterpretandique
1687 2488 1758 2514 ratio

966 2533 1126 2561 Tlieodorea
1143 2537 1195 2561 est.
1208 2532 1358 2567 Utramque
1385 2532 1414 2559 in
1431 2540 1464 2560 eo
1487 2540 1547 2560 eam
1564 2533 1758 2561 animadverti-

966 2589 1029 2608 mus
1042 2601 1049 2613 ,
1067 2588 1148 2615 quam
1163 2580 1191 2607 in
1214 2579 1350 2607 Theodori
1377 2578 1536 2614 fragmentis
1554 2579 1649 2614 procul
1675 2579 1758 2606 dubio

969 2626 1095 2662 genuinis
1110 2633 1247 2660 quamque
1260 2625 1287 2652 in
1300 2625 1457 2652 universum
1470 2628 1545 2652 recte
1555 2624 1670 2652 Pliotius
1685 2632 1709 2651 c.
1721 2633 1757 2654 iv.

968 2672 1030 2705 177,
1046 2672 1096 2705 58,
1115 2672 1260 2706 descripsit
1288 2672 1329 2707 (v.
1348 2671 1430 2698 etiam
1447 2671 1543 2699 Leont.
1562 2671 1579 2698 l.
1590 2678 1615 2698 c.
1627 2692 1635 2705 ,
1652 2679 1678 2706 p.
1695 2671 1758 2702 686,

970 2763 1078 2794 sumpta
1090 2761 1164 2786 sunt.
1177 2757 1333 2794 Posteriora
1350 2758 1396 2793 (p.
1408 2757 1463 2794 282
1478 2756 1507 2794 B_.
1526 2756 1645 2791 Ill-XIV)
1662 2757 1758 2794 eadem

970 2792 1110 2828 suntquae
1124 2794 1152 2820 in
1166 2793 1290 2821 Corderii
1315 2792 1412 2821 catena
1437 2793 1464 2819 in
1485 2792 1617 2820 Joannem
1631 2801 1658 2828 p.
1673 2792 1754 2820 16-31

969 2829 1185 2898 ιθῗῗῖᾚιϊιὶιιυδ
1197 2864 1249 2892 hac
1270 2864 1304 2891 de
1321 2870 1352 2891 re
1370 2862 1562 2898 disseruerunt
1568 2863 1649 2898 (Ang.
1669 2861 1759 2898 Maius

968 2896 1047 2926 Praaf.
1066 2900 1099 2926 ad
1114 2899 1333 2936 Mopsuestenum
1361 2902 1388 2927 et
1403 2897 1473 2926 Vict.
1491 2897 1525 2926 de
1539 2896 1674 2933 Wegnern
1691 2897 1711 2925 l.
1724 2896 1758 2929 L.

968 2943 997 2971 ρ.
1014 2943 1047 2963 xv
1063 2943 1105 2972 sq.
