1940 3064
179 176 216 203 45
633 170 783 199 OT'I‘ONIS
804 169 891 197 Flill).
914 166 1106 195 FBITZSCHE
1125 166 1372 195 COMMENTATIO
1771 171 1806 198 ιι

181 236 216 263 cl.
234 235 266 261 iis
290 241 349 268 qua:
366 232 527 259 Theodorus
543 230 570 257 in
584 228 659 265 prati.
675 228 709 255 ad
725 227 785 259 05.,
799 227 832 254 ad
848 226 931 261 Soph.
947 233 966 256 ι.
985 227 1006 254 Α
1021 229 1113 259 ageret
1128 226 1196 252 ratio
1216 230 1284 252 erat.
1300 224 1359 252 Non
1378 224 1486 252 caulius
1501 225 1568 252 alter
1593 226 1669 253 locus
1695 227 1805 256 allatus.

180 281 229 308 4-6
239 300 246 312 ,
257 288 298 311 Ill,
323 279 350 309 5.
378 277 467 311 dixit).
484 277 531 303 illa
545 280 635 303 autem
648 279 701 301 lam
714 273 860 310 peculiaris
873 276 925 303 est.
939 276 967 298 nt

180 328 245 364 quid
261 325 397 354 Theodori
412 325 447 352 sit
460 324 560 359 quidve
575 323 666 350 minus
681 321 760 348 facile
781 320 883 348 videas.
899 319 966 346 Illud

182 382 246 402 vero
262 372 364 401 morari
379 379 429 399 nos
445 378 500 398 non
523 373 628 405 potest,
654 368 726 403 quod
742 368 793 394 tria
815 367 874 394 loca
885 386 893 398 .
908 374 967 401 qna-

180 423 208 448 in
235 424 288 446 act.
311 426 389 446 conc.
411 417 506 445 Const.
521 423 550 448 ιι,
571 423 608 448 ιν,
631 414 716 441 20-22
744 412 847 448 (\‘igil.
871 413 965 440 Const.

180 465 287 494 2l~25i
307 474 315 490 ‹
334 472 366 491 ει
388 463 522 499 principio
548 460 693 488 commenti
706 459 762 494 (a),
778 459 850 493 quod
866 459 893 485 ἱιι
908 458 966 484 XII

181 513 274 547 proph.
291 510 411 545 scripsit,
426 524 461 529 —
475 512 538 544 post
554 507 606 534 alia
624 505 715 538 infert,
728 520 762 526 —
774 509 834 540 post
849 505 901 532 alia
927 505 968 532 in-

182 559 260 590 fert,»
274 556 434 585 atteruntur.
448 555 475 583 in
490 554 534 581 illo
549 552 746 580 commentario
762 559 815 578 non
830 552 966 586 leguntur.

182 603 332 630 Sententize
345 605 418 629 certe
429 608 498 635 quas
508 599 648 626 continent
657 597 822 625 Theodoreti:
832 601 906 627 sunt.
920 597 967 624 sed

182 650 262 677 lacile
290 649 347 675 Iieri
371 647 477 683 potuit,
495 649 524 672 ut
538 653 610 672 unus
631 644 733 671 alterve
747 643 883 670 Theodori
900 643 968 670 liber

183 704 232 731 pro
245 695 331 722 altero
343 693 482 721 citaretur.
496 691 555 719 Jam
569 698 632 718 cum
647 691 723 718 locus
738 690 784 724 qtti
798 689 824 716 in
847 689 899 715 illis
913 693 966 715 act.

182 742 217 768 23
231 741 364 776 scqnitttr,
381 739 414 766 ad
430 747 472 773 ps.
489 745 533 765 ut
547 737 690 772 pertineat,
707 735 844 770 probabile
859 735 909 761 tria
924 735 967 761 illa

183 787 242 814 loca
253 795 268 814 e
283 785 482 813 commentario
496 785 523 810 in
540 783 663 809 Paalmos
674 803 680 813 ,
695 786 721 809 et
736 781 844 816 quidem
862 789 894 807 ex
910 780 969 813 ejus

183 832 318 866 principio
330 831 365 865 (ιι)
384 830 543 864 deprompta
559 835 636 860 esse,
659 835 720 854 cum
736 826 887 861 prarscrtim
914 825 968 852 dno

185 877 335 913 posteriora
345 877 377 903 ‘2!
393 896 400 908 ,
415 875 451 902 22
463 895 470 906 ,
488 874 520 901 ad
538 882 580 909 ps.
599 881 632 900 xv
650 876 676 900 et
701 881 747 899 3m
767 876 899 906 spectent.
915 871 968 898 Sed

184 908 331 958 denupera
349 921 410 948 Maii
432 908 565 948 sententia
590 919 608 945 1.
628 919 647 945 l.
666 918 795 953 praemisit
811 917 969 944 Theodorus
987 908 1006 935 Β

183 968 377 996 con'nncntario
386 967 510 1001 generale
521 965 627 1000 aliquod
637 965 797 999 prommium
811 964 838 990 in
852 964 969 991 minores

185 1015 331 1050 prophetas
342 1033 350 1045 ,
370 1016 480 1048 propter
494 1011 675 1038 reverentiam
697 1009 814 1036 fortasse
827 1016 890 1042 erga
906 1016 970 1035 con-

185 1059 295 1090 cilium,
321 1059 348 1085 in
373 1057 452 1085 codd.
467 1056 609 1084 omissum.
626 1056 697 1082 Idem
715 1054 786 1081 enim
801 1059 827 1081 et
844 1053 969 1080 Theodo-

185 1109 273 1134 rctutn
287 1104 385 1132 fecisse
397 1107 424 1130 et
440 1102 520 1129 verba
541 1102 624 1129 etiam
638 1099 699 1127 καθ’
715 1100 733 1126 ἃ
749 1099 865 1134 πρόσθεν
885 1099 970 1134 ἔφθην

183 1151 269 1179 εἰπών
285 1151 329 1186 (v.
344 1153 490 1177 comment.
508 1155 536 1183 p.
553 1148 579 1182 Ι)
592 1168 599 1180 ,
617 1147 640 1174 si
658 1149 720 1173 ante
741 1147 769 1172 ὲν
789 1145 907 1180 ψαλμοῖς
931 1146 970 1171 iu-

185 1202 361 1233 tcrpnngatnr
373 1196 421 1229 (ita
437 1194 508 1222 haud
521 1193 604 1221 dubie
613 1193 884 1227 interpungenduni).
897 1191 968 1218 haud

185 1253 240 1271 rem
259 1244 286 1270 in
302 1242 356 1269 alio
380 1248 463 1276 opere
480 1240 582 1267 dictam
605 1238 745 1266 denotare.
763 1237 790 1263 Si
818 1237 970 1264 scribamus

184 1297 234 1325 pro
246 1290 294 1320 Ei;
306 1289 415 1323 ἔλεγχον
429 1287 482 1313 τῶν
496 1295 522 1313 κ.
533 1285 601 1316 τ.λ.,
616 1286 662 1316 Et;
675 1284 714 1310 ελ.
729 1281 786 1310 οὖν
794 1283 848 1310 τῶν
859 1292 886 1309 κ.
897 1291 921 1309 τ.
931 1282 968 1314 λ.,

184 1334 255 1362 hanc
269 1341 350 1360 unam
367 1332 528 1367 particulam
545 1331 611 1358 satis
629 1331 694 1356 illud
711 1329 875 1364 procemium
899 1328 970 1354 indi-

183 1388 258 1408 care.
271 1378 402 1414 Equidem
416 1377 541 1412 quamvis
558 1377 720 1411 protendunt
736 1374 769 1402 ad
779 1374 892 1410 Tyrium
906 1381 971 1408 prae-

185 1426 300 1454 missum
319 1424 404 1451 fuisse
422 1423 530 1450 credam
546 1443 553 1452 ,
570 1422 634 1449 mihi
649 1426 738 1448 tamen
768 1420 889 1447 nondum
909 1428 971 1455 per-

185 1471 260 1499 suasi
272 1489 280 1503 ,
306 1470 351 1498 illa
376 1469 427 1495 tria
443 1468 502 1495 loca
525 1466 632 1502 (Maius
649 1466 723 1493 etde
741 1465 837 1501 \Vegn.
856 1465 891 1492 de
916 1473 971 1492 uno

186 1521 292 1544 tantum
305 1516 463 1551 loquuntur,
474 1513 520 1542 sed
530 1513 681 1549 posteriora
691 1513 746 1540 duo
759 1513 818 1539 loca
833 1519 864 1538 ex
875 1511 969 1538 eodem

186 1563 255 1590 libro
266 1567 374 1597 sumpta
388 1569 449 1588 esse
462 1564 490 1588 et
502 1560 576 1586 illum
597 1559 677 1593 paulo
693 1562 754 1593 post
770 1557 911 1592 excepisse
923 1557 968 1592 qui

185 1618 217 1636 ea
229 1609 366 1643 excerpsit
379 1608 487 1639 verbis,
507 1610 565 1640 post
589 1605 644 1632 alia
667 1604 747 1638 infert
772 1603 922 1639 indicavit)
938 1611 970 1630 ex

185 1663 218 1682 eo
234 1654 316 1690 petita
328 1661 399 1680 esse.

224 1700 291 1728 “ire
314 1707 400 1733 nuper
416 1697 486 1725 Vict.
511 1697 544 1724 de
558 1695 695 1731 Weguern
721 1695 738 1722 l.
754 1703 796 1727 c.,
815 1703 842 1730 p.
858 1703 914 1721 xxu
931 1701 972 1728 sq.

186 1747 311 1774 evincere
325 1745 438 1777 studuit,
449 1743 621 1770 Theodorum
633 1742 761 1776 juvenem
777 1749 838 1768 cum
851 1740 973 1768 Psalmos

187 1791 365 1826 explicuisset
390 1795 417 1817 et
442 1790 558 1815 iortasse
575 1789 656 1815 etiam
673 1787 818 1822 prophetas
844 1787 973 1819 majores,

186 1837 234 1865 XII
251 1837 399 1872 prophetas
417 1836 536 1862 minores
554 1834 763 1868 interpretatum
781 1840 851 1859 esse.
875 1832 974 1859 Attulit

188 1885 258 1911 hanc
271 1884 298 1910 in
314 1890 369 1910 rem
383 1882 435 1909 loc.
449 1880 584 1908 Theodori
597 1881 630 1907 ad
645 1879 726 1906 Zacli.
743 1887 781 1911 Ix,
794 1879 824 1906 9:
843 1878 974 1914 Ὀπεροῦν

187 1930 240 1965 (sc.
256 1929 310 1955 τῶν
327 1927 429 1964 χρόνων
445 1927 494 1963 τὴν
515 1925 663 1961 ἐναλλαγὴν
690 1925 814 1960 ποικίλην
833 1922 902 1950 εἶναι
927 1924 974 1950 ἐπὶ

186 1974 236 2010 τῆς
264 1973 338 2003 θείας
358 1971 490 2007 Γραφῆς)
507 1971 551 1998 διὰ
566 1970 669 1997 πολλῶν
683 1970 765 2004 ἡμεῖς
786 1969 814 1996 ἕν
828 1977 857 1996 τε
873 1970 906 2004 τῇ
919 1969 973 1995 τῶν

187 2019 301 2054 ψαλμῶν
317 2017 449 2053 ἑρμηνείᾳ
472 2017 518 2043 καὶ
532 2016 578 2042 ἐπὶ
594 2015 647 2042 τῶν
665 2013 812 2050 προφητῶν
833 2014 973 2050 ἐδείξαμεν

187 2065 349 2100 αὐτάρκως,
365 2067 391 2090 et
408 2063 467 2089 init.
487 2063 564 2097 praet.
581 2061 608 2088 in
629 2060 676 2088 Os.
695 2060 752 2087 Hoc
780 2068 812 2088 ex
840 2061 931 2095 priore
955 2060 973 2087 Ι.

187 2111 276 2146 sequi,
289 2117 350 2136 cum
368 2108 527 2136 Theodorus
543 2107 615 2142 quod
634 2108 766 2134 universa:
781 2106 809 2133 S.
823 2106 973 2141 Scriptura!

188 2158 329 2192 proprium
340 2165 401 2184 esse
416 2156 500 2186 dicat,
512 2155 538 2181 in
555 2154 724 2181 Psalmorum
738 2157 766 2182 et
778 2153 973 2188 prophetarum

187 2203 414 2238 interpretatione
429 2210 444 2228 a
459 2210 488 2228 se
502 2209 532 2228 ex
539 2201 655 2235 positum
675 2203 800 2227 lestetur.
815 2199 868 2227 Sed
883 2199 974 2227 Theo-

1021 270 1130 298 Davidis
1146 274 1172 298 et
1196 271 1390 306 prophetarum
1412 271 1541 298 vaticinia
1560 271 1668 298 interno
1687 273 1806 307 quodam

1020 318 1130 345 vinculo
1144 317 1277 344 contineri
1294 317 1361 344 dicit
1375 317 1555 349 Theodorus,
1571 318 1618 344 sed
1643 319 1676 345 de
1701 319 1758 347 suis
1779 321 1806 346 in

1020 370 1051 389 ea
1068 363 1271 390 commentariis
1283 363 1335 389 hoc
1350 363 1440 389 valere
1457 371 1490 389 ne
1505 363 1621 390 obscure
1637 364 1747 398 quidem
1763 365 1806 391 in-

1022 409 1090 436 nuit.
1113 409 1149 436 De
1167 409 1258 436 verbis
1281 409 1341 436 καθ’
1354 409 1372 436 ἃ
1388 409 1506 444 πρόσθεν
1523 409 1608 443 ἔφθην
1623 410 1707 436 εἰπών
1723 418 1804 444 supra

1020 456 1132 482 dictum.
1146 454 1232 482 Nolim
1246 455 1272 481 in
1286 463 1314 481 re
1325 459 1378 481 tam
1392 455 1494 482 lttbrica
1506 455 1654 490 quidquam
1669 463 1717 490 pro
1732 461 1802 483 cert:

1021 500 1164 532 aﬂirttiare,
1178 500 1225 528 sed
1239 500 1412 527 Theodorum
1430 501 1617 536 presbyterum
1630 500 1675 528 ΧΠ
1689 502 1801 536 prophe-

1022 551 1064 574 tas
1076 547 1215 582 aliquanto
1233 551 1294 581 post
1316 546 1439 574 Psalmos
1463 547 1506 582 (ν.
1526 555 1587 582 quae
1609 547 1643 574 de
1665 555 1762 575 comm.
1778 548 1807 574 ἱιι

1022 592 1146 620 Psaimos
1162 600 1244 628 supra
1262 592 1401 627 adnotavi)
1413 594 1575 628 cxplanasse
1589 595 1743 621 statuerim.

1057 637 1199 669 Codicum.
1222 644 1274 664 non
1292 638 1427 665 editorum
1445 638 1566 665 bonitate
1582 639 1682 665 l'actum
1700 643 1759 669 est,
1777 642 1808 664 ut

1023 684 1067 711 ille
1083 683 1297 711 commentarius
1307 683 1398 710 minus
1413 689 1541 719 corrupte
1556 684 1646 712 editus
1669 684 1715 711 sit.
1727 683 1808 711 Utra-

1022 738 1074 766 que
1084 730 1203 757 editione
1218 734 1374 764 cotnparata
1388 730 1458 757 [acili
1475 731 1583 765 negotio
1600 731 1745 765 plerosque
1762 738 1807 758 er-

1022 785 1099 803 rores
1124 776 1169 811 qui
1198 777 1223 802 in
1247 784 1309 803 eum
1327 776 1518 811 irrepserunt,
1534 777 1567 804 de
1595 777 1683 804 medio
1715 778 1807 803 tollere

1022 828 1109 858 potes.
1128 822 1165 850 De
1184 823 1323 850 nonnullis
1340 826 1446 850 tantum
1461 823 1529 851 locis
1541 823 1678 858 corruptis
1696 823 1740 849 hic
1763 823 1808 857 ju-

1022 869 1122 896 dicium
1144 877 1232 896 meum
1247 869 1436 904 qualecunque
1449 870 1622 904 interponere
1644 870 1740 904 placet.
1758 868 1805 896 Os.

1024 924 1043 946 ι,
1063 916 1089 947 2,
1105 915 1250 950 prophetas
1266 916 1349 942 multa
1369 923 1438 942 nova
1466 915 1564 943 fecisse
1583 911 1663 950 atque
1687 914 1807 942 inaudita

1024 961 1184 988 Theodorus
1196 961 1278 992 dicit,
1294 969 1349 995 quo
1364 961 1503 987 hominum
1519 961 1708 988 curiositatem
1734 962 1808 987 exci-

1024 1010 1112 1033 tarent
1143 1006 1249 1041 sibique
1267 1007 1382 1033 docendi
1411 1007 1583 1034 occasionem
1608 1012 1744 1041 pararent.
1768 1006 1807 1033 lta

1023 1052 1120 1079 Oseant
1136 1056 1255 1078 scortum
1273 1053 1299 1079 in
1312 1052 1514 1078 matrimonium
1530 1052 1650 1079 duxisse.
1671 1053 1703 1078 'll
1714 1052 1753 1083 δὲ,
1766 1052 1809 1079 in-

1023 1099 1081 1133 quit
1097 1098 1140 1125 eti.
1165 1097 1198 1125 de
1213 1097 1312 1132 Wegn.
1330 1105 1356 1132 p.
1379 1097 1431 1129 10,
1449 1097 1494 1124 τοῦ
1518 1098 1659 1133 γινομένου
1682 1099 1808 1132 καινότης

1023 1144 1148 1180 ἀφορμὴν
1161 1144 1245 1171 ἐδίδου
1262 1144 1300 1179 τῷ
1319 1145 1446 1180 προφήτῃ
1463 1145 1497 1171 τὰ
1526 1146 1698 1180 προσήκοντα
1719 1145 1809 1179 λέγειν

1024 1192 1092 1226 πρὶς
1105 1192 1202 1222 αὐτοὺς
1213 1211 1219 1221 ,
1239 1191 1306 1227 πρὸς
1320 1190 1359 1226 τῷ
1374 1192 1382 1226 (
1395 1191 1456 1218 cod.
1472 1190 1590 1218 Vindob.
1600 1210 1608 1221 .
1626 1191 1656 1218 τὸ
1669 1200 1692 1218 c.
1706 1190 1808 1222 Vatir.)

1024 1238 1070 1263 καὶ
1086 1237 1170 1272 πολλῇ
1196 1239 1229 1272 τῇ
1247 1237 1396 1272 παραθέσει
1417 1236 1528 1272 μείζονα
1552 1237 1694 1271 φαίνεσθαι
1712 1238 1741 1263 τὸ
1763 1238 1809 1263 τὸν

1024 1282 1083 1308 θεὸν
1099 1282 1233 1318 αἱρεῖσθαι
1251 1282 1337 1313 οὓτως
1352 1283 1515 1318 ἀγνωμόνων
1538 1283 1641 1318 ἀνδρῶν
1657 1284 1696 1315 εἰς
1711 1284 1809 1318 ἐπιμέ-

1024 1329 1096 1355 λειαν
1112 1329 1206 1355 ἑαυτὸν
1223 1329 1354 1359 κατιέναι,
1379 1329 1405 1354 εἴ
1417 1337 1449 1362 γε
1466 1329 1512 1355 καὶ
1529 1329 1574 1355 τὸν
1590 1330 1730 1364 προφήτην
1745 1332 1809 1356 listo-

1026 1375 1126 1410 μαστὸν
1138 1373 1172 1410 ἦν
1188 1389 1222 1394 ——
1233 1375 1273 1405 εὶς
1288 1374 1389 1409 πόρνης
1403 1374 1512 1409 ὁμιλίαν
1531 1377 1640 1410 χωρεῖν.
1662 1375 1698 1402 De
1710 1374 1808 1410 Περὶ.

1024 1421 1098 1455 conj.
1127 1421 1194 1455 πρὸς
1219 1420 1258 1455 τῷ
1287 1429 1314 1447 κ.
1345 1419 1587 1455 πολλῷ-μεῖζον
1603 1421 1808 1454 ἀναφαίνεσθαι.

1025 1466 1089 1499 Leg.
1106 1480 1135 1486 -
1151 1466 1217 1501 πρὸς
1234 1467 1264 1492 τὸ
1284 1468 1331 1499 (v.
1349 1473 1375 1492 v.
1394 1473 1418 1492 c.
1440 1473 1466 1500 ρ.
1485 1466 1558 1500 250)
1580 1474 1606 1492 κ.
1626 1467 1709 1502 πολλῇ
1734 1475 1759 1493 τ.
1778 1476 1808 1493 π.

1026 1511 1117 1548 μεῖξον
1132 1513 1226 1545 ἀναφ.,
1242 1512 1261 1538 i.
1277 1519 1302 1539 e.
1322 1519 1376 1546 quo
1398 1512 1486 1545 n-ajus
1501 1513 1585 1538 multa
1599 1513 1680 1539 etiam
1699 1521 1810 1548 compa-

1025 1559 1130 1586 ratione
1143 1561 1294 1592 appareret.
1304 1557 1393 1592 Eque
1407 1557 1474 1584 bene
1489 1566 1521 1584 ac
1536 1566 1562 1585 v.
1576 1566 1600 1585 c.
1611 1567 1636 1593 p.
1646 1559 1708 1590 250,
1725 1559 1808 1594 πολλὴ

1025 1604 1181 1640 πολιορκία.
1201 1612 1226 1639 p.
1243 1604 1296 1631 242
1307 1623 1314 1636 ,
1331 1603 1414 1634 πολὺς
1429 1602 1558 1635 θάνατος,
1576 1612 1601 1638 p.
1620 1604 1682 1635 ‘Mé.
1699 1613 1728 1631 π.
1743 1605 1810 1641 0ρῆ-

1024 1660 1068 1682 νος
1079 1671 1086 1680 .
1103 1659 1129 1686 p.
1143 1651 1204 1683 652,
1231 1658 1261 1677 π.
1275 1649 1408 1685 εὐκοσμία
1420 1671 1427 1683 ,
1450 1650 1532 1677 habet
1551 1650 1634 1684 πολλὴ
1650 1659 1716 1686 παρ.
1732 1659 1809 1678 cotu-

1024 1698 1130 1732 paratio
1141 1696 1234 1724 multis
1246 1696 1398 1723 rationibus
1408 1696 1544 1727 instituta,
1557 1696 1637 1731 idque
1648 1705 1698 1724 cur
1706 1697 1809 1725 dictum

1025 1745 1057 1772 sil
1074 1744 1216 1779 sequentia
1232 1743 1334 1770 indicio
1348 1748 1422 1770 sunt.
1437 1758 1471 1763 —
1487 1742 1534 1770 Os.
1553 1752 1579 1770 vt
1590 1765 1597 1775 ,
1615 1743 1641 1774 ’5.
1659 1752 1708 1778 pro
1728 1754 1810 1780 μετα-

1024 1790 1138 1817 ϐαλόντα
1153 1791 1204 1825 leg.
1219 1788 1509 1825 μεταϐαλόντος.-Οε.
1520 1798 1556 1822 vr,
1572 1791 1599 1820 6.
1613 1799 1638 1825 p.
1649 1791 1691 1818 58.
1707 1800 1754 1826 pro
1766 1793 1810 1818 εὐ-

1024 1837 1100 1868 τελές
1115 1844 1210 1864 vereor
1225 1844 1260 1864 ne
1275 1836 1348 1862 ἔλεον
1362 1836 1560 1863 restituendum
1579 1837 1667 1863 Sil.-—-
1684 1836 1730 1864 Os.
1749 1846 1809 1870 xm,

1025 1884 1070 1914 l0,
1083 1890 1133 1918 pro
1148 1883 1270 1917 καίτοιγε
1285 1882 1375 1910 scribe
1388 1882 1458 1908 κατὰ
1472 1882 1502 1908 τὸ
1515 1883 1568 1917 γὰρ
1582 1903 1589 1914 ,
1603 1888 1629 1909 et
1645 1883 1724 1917 paulo
1751 1889 1810 1918 post

1025 1936 1074 1964 pro
1089 1928 1175 1963 κρίνει
1196 1929 1283 1963 κρινεί
1305 1934 1338 1954 ac
1361 1935 1410 1962 pro
1426 1927 1472 1953 ἐπὶ
1495 1928 1600 1959 τούτοις
1621 1928 1666 1954 ἐπὶ
1688 1928 1809 1960 τούτους.

1024 1974 1169 2005 Ibid—du;
1182 1973 1213 2000 ἂν
1225 1973 1261 2008 μὴ
1272 1973 1462 2008 ἀντιπράττειν
1476 1973 1538 2008 ὑμῖν
1550 1973 1583 2000 τὰ
1597 1973 1727 2001 κάλλιστα
1740 1975 1810 2010 ὑπὲρ

1026 2020 1103 2056 ὑμῶν
1129 2019 1368 2055 διαπραττομένοις
1391 2019 1508 2054 δοκοίην.
1537 2019 1588 2047 Sed
1613 2021 1674 2047 cod.
1701 2021 1759 2048 Vat.
1775 2037 1810 2041 —

1026 2066 1096 2102 ὑπὲρ
1120 2065 1223 2092 ἑαυτῶν
1251 2064 1501 2100 διαπραττομένοις.
1529 2080 1564 2086 ——-
1585 2065 1646 2093 [hcc
1668 2066 1736 2094 bene
1763 2075 1810 2102 per

1026 2113 1142 2139 ironiam
1165 2111 1248 2139 dicta.
1273 2111 1309 2138 De
1332 2110 1429 2146 Wegn.
1445 2111 1559 2138 debebat
1581 2111 1810 2147 διαπραττόμενος

1025 2157 1156 2185 scribere.
1171 2172 1206 2177 —-
1218 2157 1264 2184 Os.
1281 2163 1330 2182 xui
1342 2175 1349 2188 ,
1365 2155 1414 2187 15,
1436 2156 1528 2192 ἐπειδὴ
1551 2157 1639 2182 τοίνυν
1652 2158 1764 2192 αἱχμαλ.
1776 2173 1811 2178 -

1006 2217 1009 2220 ι
1026 2202 1105 2236 Conj.
1130 2203 1174 2229 ἐπ.
1192 2201 1269 2228 τονῦν
1293 2202 1370 2235 αἰχμ.
1385 2215 1420 2221 -—
1440 2200 1508 2228 Joel.
1528 2210 1558 2234 ιι,
1573 2203 1600 2233 2,
1619 2203 1708 2230 πάντα
1731 2205 1810 2230 καοε-

187 2251 272 2278 dorns
286 2257 349 2277 cum
363 2248 472 2283 juvenis
487 2247 608 2274 Psalmos
628 2246 796 2280 explicaret,
816 2246 969 2273 accuratius

1027 2249 1140 2282 στῶτα,
1179 2248 1271 2275 malim
1310 2247 1414 2278 πάντας
1449 2247 1632 2280 καθεστῶτας.
1656 2264 1691 2269 —
1716 2250 1809 2279 Amos.

189 2297 286 2331 lingua:
301 2295 421 2322 rationes
436 2292 579 2328 exposuit,
598 2299 684 2326 eoque
706 2291 791 2326 magis
808 2299 862 2325 quo
882 2292 973 2319 minus

189 2342 344 2377 hujnsutodi
362 2349 407 2368 res
421 2340 455 2367 ab
467 2339 527 2366 aliis
540 2338 734 2372 interpretibus
747 2338 896 2366 illustratas
909 2346 972 2366 esse

187 2389 307 2416 videbat.
331 2387 422 2420 Quare
437 2386 534 2413 iterum
549 2385 702 2418 iterumque
715 2384 842 2411 lectorem
861 2385 972 2413 uberius

188 2433 217 2461 in
238 2433 408 2461 Psalznorum
435 2431 656 2466 interpretatione
675 2430 813 2465 disputata
839 2431 973 2466 inspicere

186 2480 273 2516 jubet.
294 2479 455 2512 Quanquam
481 2477 532 2504 hoc
556 2484 640 2504 unutn
669 2476 748 2503 istaut
766 2477 972 2504 conclusionem

189 2526 309 2557 coniicit,
324 2525 395 2558 quod
411 2532 460 2550 cur
473 2523 508 2551 de
529 2523 574 2550 illa
596 2527 747 2557 temporum
767 2522 889 2556 enallage
902 2530 970 2558 pne-

188 2573 267 2607 eipue
291 2572 318 2598 in
334 2570 502 2597 Psaimorum
530 2569 775 2605 prophetarumque
798 2570 972 2597 enarratione

225 2652 264 2682 (ιι)
282 2647 346 2675 Vuc.
362 2652 545 2677 commentum,
561 2646 632 2680 quod
652 2646 678 2673 in
697 2646 758 2673 Act.
776 2654 854 2673 conc.
871 2646 966 2675 Const.

191 2692 209 2710 ιι
224 2684 323 2717 schius
340 2684 435 2717 legitur
447 2682 516 2708 Maio
529 2682 621 2715 jnnice
637 2681 652 2707 l.
671 2683 700 2712 I.,
720 2682 829 2708 librario
844 2681 968 2714 debetur,

190 2718 235 2752 qui
260 2726 313 2744 non
331 2718 491 2744 intellexerit
510 2718 604 2743 littera:
620 2717 816 2752 compendium
837 2725 898 2744 cum
923 2726 971 2745 su-

192 2750 328 2787 perposita
356 2753 463 2779 lineola.
491 2753 592 2779 Cantra
620 2750 751 2787 Victirde
774 2751 871 2786 Wagn.
903 2753 920 2779 l.
939 2754 969 2786 I.,

191 2786 218 2822 ρ.
235 2786 289 2815 ivt.
306 2787 522 2814 commentarium
536 2787 584 2812 levi
598 2786 697 2820 ingenii
711 2786 770 2813 lusu
791 2788 817 2813 in
839 2796 971 2815 commen-

192 2830 245 2849 tum
263 2823 401 2857 opprobrii
419 2831 501 2850 causa
523 2825 654 2847 mutatum
671 2829 732 2848 esse
751 2822 888 2856 opinatur.
902 2822 970 2850 Male

191 2863 314 2891 uterque.
329 2858 515 2884 (linnmentnnt
533 2857 645 2883 seriorts
662 2858 791 2890 temporis
807 2858 969 2885 vocabulum

191 2897 242 2922 pst,
260 2901 314 2925 quo
329 2901 354 2918 ν.
374 2900 398 2920 c.
420 2894 476 2927 ipse
491 2891 555 2918 Fac.
572 2899 613 2927 ut,
630 2891 661 2927 6_.
677 2898 743 2927 usus
757 2896 807 2918 est.
824 2891 970 2927 Pompeius

191 2933 363 2954 ιωιιιιιειιιιιιιι
379 2925 444 2955 artis
461 2927 556 2954 Donati
573 2925 624 2961 (ed.
643 2925 687 2952 Fr.
701 2925 878 2954 Lindentann.
894 2925 969 2963 Lips.

1023 2296 1153 2326 Protetn.,
1175 2293 1223 2320 εῐτ*
1238 2291 1285 2320 οὖν
1299 2295 1362 2325 τοὺς
1380 2293 1490 2325 λοιποὺς
1513 2295 1575 2326 τοὺς
1602 2295 1652 2329 τῆς
1674 2296 1810 2330 βασιλείας

1022 2340 1130 2375 ἐκείνης
1143 2354 1186 2367 -.
1203 2338 1255 2365 Pro
1269 2338 1378 2370 λοιπούς
1400 2339 1451 2373 leg.
1469 2347 1567 2366 censeo
1586 2341 1751 2375 περιοίκους.
1776 2357 1811 2362 --

1023 2387 1083 2413 Am.
1098 2393 1134 2412 vlt
1147 2405 1155 2417 .
1173 2385 1238 2417 1-5,
1255 2384 1346 2420 μεῖζον
1362 2384 1452 2412 (codd.
1468 2385 1589 2419 μείζονα)
1606 2386 1719 2421 ἱλασμοῦ
1733 2402 1767 2407 —
1782 2388 1812 2414 τὸ

1024 2431 1133 2468 πλῆθος.
1147 2446 1183 2451 --
1194 2431 1254 2457 Am.
1270 2437 1318 2462 vtt,
1333 2430 1392 2462 4-6,
1411 2430 1472 2457 καο’
1489 2431 1523 2466 ἢν
1548 2431 1647 2465 (δίκην)
1668 2432 1753 2458 ἅπασι.
1776 2433 1813 2459 δι-

1028 2478 1122 2510 κάζειν
1137 2476 1215 2503 εἴωθε
1233 2477 1288 2507 τοῖς
1314 2475 1468 2511 ἀνθρώποις
1483 2481 1489 2509 (
1503 2477 1581 2504 codd.
1609 2478 1809 2513 ἀνθρωπίνοις).

1027 2539 1062 2544 -
1079 2522 1149 2550 Abd.
1167 2529 1239 2550 vers.
1253 2521 1278 2552 1,
1295 2521 1341 2547 καὶ
1355 2522 1403 2555 τὴν
1417 2521 1588 2548 διδασκαλίαν
1602 2522 1656 2548 τῶν
1677 2524 1812 2558 ἐσομένων

1026 2568 1144 2605 ὡσπερεί
1162 2568 1252 2603 (codd.
1269 2567 1307 2599 ὼς
1324 2567 1397 2603 περί.
1410 2567 1471 2594 Mai.
1487 2572 1514 2594 et
1525 2567 1558 2594 de
1576 2567 1673 2603 Wegn.
1688 2570 1759 2604 conj.
1775 2571 1813 2602 ὼς

1019 2648 1098 2679 18ἳο,
1115 2648 1143 2682 8)
1160 2647 1283 2683 scripsit.
1300 2646 1409 2674 Exstitit
1425 2655 1457 2674 ex
1474 2647 1519 2673 illa
1541 2654 1607 2674 voce
1629 2648 1759 2676 [talorum
1792 2651 1812 2676 il

1019 2688 1164 2710 commento
1171 2701 1177 2706 -

1054 2719 1090 2753 (b)
1106 2718 1148 2744 Cf.
1164 2717 1259 2745 Leont.
1275 2718 1294 2744 l.
1309 2725 1346 2750 c.,
1358 2726 1384 2752 p.
1402 2716 1463 2749 690,
1481 2726 1490 2741 ι
1501 2731 1538 2753 —-_
1549 2718 1810 2753 etpraemcditatio-

1020 2751 1082 2788 nem
1100 2757 1280 2780 excmcantem
1302 2753 1328 2779 in
1347 2751 1369 2780 si.
1387 2752 1430 2780 Ps.
1443 2763 1452 2777 ι
1478 2751 1554 2788 (cod.
1570 2751 1630 2779 Vat.
1643 2772 1650 2783 ,
1669 2752 1725 2788 τὴν
1742 2754 1812 2778 κατὰ

1021 2787 1074 2814 τῶν
1084 2787 1171 2823 ιερῶν
1184 2788 1306 2823 Ψαλμῶν
1317 2787 1478 2822 τυφλοποιδν
1490 2787 1671 2822 προθειιιρίαν)
1682 2807 1689 2816 ,
1707 2787 1809 2814 Thr-ml.

1023 2831 1066 2857 ap.
1083 2821 1147 2849 Fac.
1169 2831 1208 2853 ιιι.
1232 2821 1283 2849 (in
1302 2821 1436 2858 —utagis
1465 2821 1631 2858 negligenter
1660 2828 1811 2856 composita

1024 2862 1087 2885 sunt
1108 2858 1222 2891 plurima
1239 2858 1289 2891 (se.
1303 2859 1330 2884 in
1347 2857 1418 2885 rm
1432 2861 1496 2889 me).
1517 2862 1543 2883 et
1558 2857 1674 2884 maxime
1691 2857 1738 2883 illa
1754 2866 1812 2891 qna'

1022 2893 1108 2926 prima
1118 2898 1205 2919 sunt.»
1225 2893 1317 2928 Itaque
1331 2894 1374 2921 illa
1389 2894 1447 2921 loca
1461 2900 1494 2920 ex
1510 2892 1560 2919 hac
1573 2892 1728 2928 προθεωρεᾳ
1740 2901 1814 2919 ειμι.-

1025 2933 1069 2962 pta
1087 2935 1148 2956 esse
1162 2928 1253 2956 credo.
