1940 3064
174 170 211 197 43
556 173 598 200 DE
619 174 793 202 TIIEODOIII
815 175 954 203 MOPSUE

1010 176 1058 203 ΕΝΙ
1081 177 1159 204 VIT.\
1183 176 1225 202 I‘ZT
1247 177 1413 204 SCIIII’TIS.
1768 180 1800 204 l'i

174 226 273 262 rupti)
290 236 364 258 τινος
379 227 520 259 λαλοῦντος
535 229 671 264 ὑπήκουον
685 245 764 257 -.--
786 231 854 258 Ahd.
873 232 954 258 lﬂ—H

1019 233 1098 263 ratio,
1113 241 1162 259 cur
1178 233 1256 260 rll‘ata
1274 234 1354 260 modo
1373 234 1406 260 ad
1433 241 1475 260 res
1489 233 1644 261 Judasmum
1660 234 1799 269 Assyrias.

174 273 212 298 Τὸ
227 273 264 307 μὴ
283 273 376 308 (codd.
392 273 451 308 μὲν)
468 274 560 310 ἐπίδῃς
575 275 635 302 ἀντὶ
654 276 701 302 τοῦ
722 277 766 303 ἵνα
782 277 818 312 μὴ
844 273 965 312 tenella;

174 316 249 349 λέγει
265 331 352 343 -.-
365 317 427 344 Jon.
457 326 482 352 p.
501 318 553 344 154
567 338 574 350 ,
592 319 635 345 διὰ
659 324 720 354 post
741 321 790 356 τὴν
818 322 965 356 παράδοξον

173 361 278 396 ταύτην
301 363 434 396 ἐργασίαν
455 372 547 391 errore
568 369 661 392 natum
683 366 837 393 delendum.
855 367 962 393 —Jun.

174 415 194 436 ι.
209 408 238 439 Ξ,
254 407 316 434 fort.
335 408 386 443 leg.
404 423 439 428 -—
455 409 470 444 ἦ
487 410 524 445 μὴ
537 410 867 446 μεταϐαλομένοιςμιοιὶᾱ.
884 422 965 447 μετα-

174 453 446 488 6αλομένους)-.-
457 455 518 482 Jon.
537 464 556 486 ι.
571 457 597 486 5,
614 457 652 488 ὡς
665 457 747 484 αὑτοῦ
767 458 803 492 μὴ
828 459 919 491 (codd.
934 458 964 484 τό

174 499 433 533 γε)ὲπιφαίνεσθαι
455 502 484 527 ὲν
509 502 556 534 (ὲν
577 502 603 529 in
627 502 708 530 codd.
726 503 812 537 deest)
829 504 883 535 τοῖς
908 504 965 530 ἐκεῖ

173 544 268 575 τόπηις
286 545 353 580 μηδὲ
375 561 411 565 —
427 547 602 581 ἀνεχομένου.
618 563 653 567 —
671 547 753 574 Micit.
782 556 825 580 Iv,
842 549 892 580 15,
916 549 964 583 τὴν

174 589 312 615 ἀπώλειαν
332 590 418 624 λογιεῑ
445 590 527 625 (cod.
556 591 614 618 Vat.
636 592 712 627 λογιῇ
729 613 736 624 ,
764 593 826 620 cod.
845 593 960 620 Vindob.

173 633 321 668 ἀναλογιεῐ.
341 635 378 661 De
390 634 487 670 Wegn.
504 636 554 670 legi
571 638 674 663 mavult
686 637 839 671 ἀναλογιεῖς
852 638 884 672 (ἳ)
899 648 905 669 )
925 637 963 671 τῷ

173 679 234 714 Θεῷ
246 695 328 706 ——.—
345 680 414 707 Nah.
430 689 459 713 II,
475 681 501 713 8,
512 681 709 716 -διήλλαττεν
728 683 822 717 (codd.
838 683 963 718 διήλλατ-

172 726 235 761 τον)
251 741 334 751 —.-—
346 726 413 753 Nah.
433 735 472 758 Ill.
495 727 539 759 15,
571 727 640 754 Ἀλλ’
655 728 730 754 οὐδὲν
748 727 823 754 ἔσται
841 737 882 754 50'.
896 729 963 763 πρὸς

173 771 312 806 σωτηρίαν
325 773 475 807 μηχάνημα
490 773 561 803 τότε,
576 773 729 800 τούναντίον
744 773 792 808 μὲν
805 771 852 800 οὖν
869 774 962 809 ὥσπερ

173 815 213 846 εἰς
224 824 286 842 τινα
297 816 382 854 πηλξιν
397 817 504 853 ἐμπέσῃ
520 817 550 843 τὸ
572 818 686 852 μέγεοος
700 818 754 844 τῶν
770 819 871 850 κακῶν,
885 819 962 853 δίκην

173 861 283 896 ἀχύρων
305 862 334 888 ὲν
352 863 459 896 ποιήσει
481 863 598 889 πλίνθων
615 864 849 899 συμπατουμένων
871 873 900 890 τε
916 864 962 890 καὶ

173 907 439 941 συναναφυρομένων
455 907 494 943 τῷ
513 908 591 943 πηλῷ
611 909 701 942 (codd.
720 909 864 944 ἐμπῡιήσει
887 909 961 935 πλξν-
978 909 998 935 Β

173 952 219 978 θον
233 952 459 988 συμπατούμενόν
473 961 502 979 τε
514 954 561 980 καὶ
576 954 869 989 συναναφυρόμενῡνυ)
882 964 906 981 τ.
918 965 938 982 π
951 955 960 990 )

172 998 202 1023 ἐν
212 997 299 1024 ἅπασι
314 999 372 1029 τοῖς
382 998 441 1024 τότε
454 998 604 1033 φυρόμενος
615 1000 706 1034 (codd.
720 1001 892 1036 (μυρομένοις)
907 1010 959 1028 κα-

173 1043 234 1074 κοῖς
253 1043 301 1069 καὶ
312 1043 403 1075 αὐτός.
420 1044 452 1071 II.
469 1052 493 1072 e.
510 1054 519 1070 (
533 1044 724 1072 Verumtamen
743 1050 800 1072 tum
816 1047 888 1073 nulla
912 1048 959 1074 tibi

172 1089 225 1114 erit
241 1089 340 1116 salutis
357 1089 533 1122 machinatio,
546 1091 600 1117 imo
618 1091 699 1118 veluti
716 1093 741 1118 in
754 1092 841 1118 lutum
856 1093 960 1119 incides

173 1135 200 1159 in
214 1134 347 1161 malorum
366 1136 579 1170 magnitudinem
594 1141 621 1164 et
636 1137 774 1172 palearum
791 1138 888 1169 instar,
901 1147 960 1173 quae

172 1186 235 1205 cum
250 1179 348 1207 lateres
360 1181 554 1213 conﬁciuntur,
569 1183 767 1210 conculcantur
779 1188 805 1211 et
818 1185 874 1211 Into
887 1194 961 1212 eom-

171 1225 340 1256 ntiseentur,
365 1227 492 1255 omnibus
508 1228 580 1255 illius
595 1229 726 1264 temporis
753 1231 832 1257 malis
858 1236 884 1258 et
903 1233 960 1266 ipse

172 1270 424 1298 connuisceberisu
442 1287 476 1291 —
494 1271 594 1300 Hahae.
615 1282 646 1306 ιι,
661 1275 688 1308 ι,
705 1275 785 1302 Ὥστε
809 1277 898 1311 (codd.
911 1278 959 1311 ὡς)

170 1316 254 1342 εἶκαὶ
271 1325 313 1348 τις
326 1317 451 1353 ὀκνήσειε
463 1333 545 1345 —-.—-
558 1318 625 1346 Hab.
642 1328 670 1352 ιι,
688 1320 730 1352 15,
755 1322 800 1347 τὸν
823 1320 893 1348 οἶνον
915 1325 960 1349 καί

171 1363 202 1388 τὸ
214 1363 301 1389 πίνειν
321 1364 403 1391 αὐτὸν
423 1365 469 1391 ἐπὶ
488 1365 537 1400 τῆς
560 1367 703 1401 συμφορᾶς
723 1367 813 1398 (codd.
828 1368 876 1399 τὰς
893 1377 960 1404 ςυμ-

173 1410 269 1444 φορὰς)
283 1409 368 1444 λέγει.
384 1426 419 1430 -
434 1411 516 1438 Zach.
531 1420 549 1444 ι,
567 1411 593 1443 7,
612 1412 666 1438 τῶν
687 1413 736 1447 μὲν
754 1414 845 1440 ἵππων
856 1415 960 1449 δηλούν-

171 1461 228 1480 των
250 1454 299 1489 τὴν
322 1455 460 1490 ταχύτητα
488 1457 538 1491 τῆς
557 1458 742 1492 λειτουργίας,
770 1459 838 1486 ἀλλὰ
860 1460 888 1486 δὲ
906 1461 960 1487 τῶν

173 1500 286 1535 πυρρῶν
300 1502 336 1535 (c.
361 1500 421 1528 Vat.
437 1502 509 1528 ἄλλοι
524 1503 552 1529 δὲ
569 1504 671 1539 πυρρὸν
684 1504 733 1538 (1’),
750 1513 775 1532 (⁵.
799 1505 876 1532 Vittd.
892 1507 959 1533 ἀλλὰ

170 1545 198 1571 δὲ
211 1547 324 1582 πυρρὸν)
343 1546 389 1573 τὸν
412 1547 507 1581 θυμὸν,
527 1548 556 1574 ὃν
577 1550 655 1575 κατά.
669 1565 702 1569 ——
716 1550 798 1576 Zach.
816 1559 853 1581 lx,
872 1552 898 1583 9,
918 1553 948 1584 IO

170 1592 289 1618 τοιοῦτόν
303 1593 362 1618 ἐστι
381 1593 428 1619 καὶ
440 1593 470 1619 τὺ
483 1594 557 1628 παρὰ
571 1594 606 1628 (τ.
621 1603 650 1620 π.
668 1596 795 1622 omittunt
806 1596 898 1629 codd.)
920 1597 958 1632 τῷ

172 1646 199 1672 μ.
223 1639 253 1664 Δ.
276 1638 329 1665 Sed
346 1638 414 1666 Joel.
442 1647 481 1671 ιιι,
507 1639 607 1672 16-18,
631 1641 711 1667 verba
734 1642 763 1668 αἱ
788 1643 908 1669 εἰωθυῖαι
924 1659 958 1663 —

170 1683 286 1718 δωρεαί,
313 1684 424 1711 lectoris
453 1684 594 1719 cujusdam
619 1686 906 1721 interpretamentum,
931 1689 958 1716 in

171 1733 274 1756 textum
294 1731 364 1756 ntale
381 1731 514 1758 invasisse
533 1731 671 1765 suspicor.

205 1771 244 1799 De
255 1773 445 1799 commentarii
463 1774 562 1804 indole,
584 1773 662 1800 laudo
678 1781 704 1800 et
717 1774 789 1801 vitiis
800 1775 901 1803 multus
917 1781 959 1802 est

169 1817 240 1849 Ang.
258 1815 345 1843 Maius
362 1817 380 1842 l.
395 1817 426 1848 1.,
446 1817 537 1848 Puch,
555 1827 580 1853 p.
595 1826 627 1845 xv
642 1827 701 1853 sq.;
727 1827 776 1853 ego
794 1821 888 1855 paucis
910 1822 958 1847 ab-

169 1862 284 1889 solvam.
297 1863 372 1890 Solet
383 1863 543 1891 Theodorus
559 1865 615 1898 ubi,
626 1873 679 1900 quo
691 1869 812 1900 tempore
827 1867 956 1901 propheta

169 1909 335 1935 vaticinatus
348 1909 395 1940 sit,
415 1917 484 1943 quas
498 1917 541 1937 res
560 1911 724 1944 przedixerit,
740 1916 766 1938 et
781 1919 835 1946 qua
851 1913 955 1939 ratione

170 1954 230 1987 ejus
255 1954 336 1982 elTata
361 1962 424 1981 cum
450 1955 530 1983 rebus
561 1955 726 1982 Christianis
753 1957 958 1984 continerentur

170 1999 269 2029 dicere.
285 2000 446 2034 plerumque
457 2000 513 2033 ipsa
534 2001 670 2034 prophetae
685 2001 765 2027 verba
782 2009 814 2028 ex
832 2001 900 2028 LXX
919 2003 959 2029 in-

169 2047 366 2079 terpretatione
381 2048 419 2080 (α)
435 2045 530 2073 aﬂ‘erre
547 2054 632 2080 eaque
645 2047 793 2081 explicare.
809 2048 876 2075 Cum
892 2057 957 2075 vero

170 2092 311 2118 sententiae
333 2091 478 2118 verborum
499 2093 673 2119 cnucleanda:
690 2093 806 2120 maxime
828 2099 900 2121 esset
916 2095 957 2121 in-

170 2140 279 2167 tentus.
305 2137 391 2163 missa
410 2135 584 2171 ἁκριϐολογίᾳ
609 2136 641 2163 de
659 2137 738 2164 rebus
761 2145 821 2170 qtae
837 2138 903 2173 πρὸς
927 2139 957 2164 τὸ

169 2181 258 2216 νόημα
279 2181 346 2208 nihil
361 2182 491 2212 lacerent,
507 2189 534 2208 v.
549 2189 572 2208 c.
588 2181 621 2208 de
633 2182 747 2209 urbibus
766 2182 864 2216 ignotis
875 2203 881 2214 ,
897 2192 957 2217 qtne

168 2233 196 2253 et
210 2227 255 2254 ubi
271 2227 388 2255 fuissent
406 2227 464 2261 (cf.
480 2227 540 2254 Am.
566 2235 604 2256 vt.
619 2228 646 2259 9,
664 2228 716 2260 ll);
742 2235 768 2262 p.
790 2228 853 2258 2'27,
873 2237 908 2259 ix.
929 2229 954 2258 7,

169 2274 234 2309 aL),
250 2274 388 2301 interdutn
414 2274 605 2309 prophetarum
621 2281 689 2308 quas
710 2274 822 2308 putabat
846 2279 955 2300 senten-

169 2320 220 2346 tias
233 2319 424 2345 tantummodo
436 2319 495 2346 aliis
509 2319 599 2346 verbis
610 2318 738 2350 reddidit,
751 2319 850 2353 szepius
864 2323 954 2345 tamen

168 2372 244 2390 suam
257 2364 511 2398 interpretationem
531 2364 630 2398 lingua;
647 2369 674 2390 et
688 2371 779 2390 rerum
802 2364 955 2391 rationibus

167 2411 246 2437 etiam
262 2411 371 2438 munire
382 2410 494 2442 studuit,
509 2411 644 2445 prazcipue
656 2418 720 2437 vero
738 2410 873 2445 imagines
883 2410 952 2436 haud

166 2464 229 2483 raro
246 2461 321 2484 recte
344 2455 454 2491 quidem
482 2456 617 2490 exposuit.
633 2456 756 2482 Aliorum
775 2456 952 2490 interpretum

166 2503 317 2529 sententias
333 2510 394 2529 raro
423 2502 532 2533 attulit,
549 2502 637 2529 rarius
653 2501 790 2528 refutavit.
813 2502 950 2534 Quemad-

165 2546 275 2573 modum
291 2552 383 2573 autem
394 2547 537 2581 permulta.
555 2547 654 2581 quibus
668 2555 732 2574 suas
756 2547 951 2581 explicationes

168 2592 293 2623 ﬁrmavit,
310 2591 487 2619 fundamento
498 2596 601 2623 carent,
615 2593 658 2619 cui
671 2597 743 2619 recte
755 2593 832 2619 inniti
849 2593 949 2627 possis.

171 2638 201 2663 ita
228 2645 294 2673 vaga
320 2639 401 2664 etiam
429 2642 455 2664 et
483 2637 510 2664 in
542 2636 677 2664 Theodori
698 2637 810 2663 arbitrio
833 2638 885 2664 sita
909 2641 951 2664 est

199 2718 236 2754 (α)
253 2718 330 2745 Hanc
345 2718 623 2754 versionemrmaximi
640 2717 712 2754 fecit,
727 2717 865 2754 Syriacam
880 2725 946 2744 con-

163 2751 207 2781 :ra'
223 2751 300 2780 ﬂocci
319 2752 552 2789 pependitslllam
570 2753 644 2779 viros
669 2751 767 2789 linguae
784 2751 902 2789 Hebraeae
920 2756 947 2780 et

167 2787 329 2823 Scripturze’
355 2787 538 2823 peritissimos
569 2792 595 2814 et
630 2787 750 2822 pontilici
785 2788 947 2823 populoque

165 2821 315 2851 Israelitico
330 2821 464 2859 probatos
474 2821 625 2859 confecisse
636 2829 752 2859 eamque
767 2822 801 2859 a_b
815 2821 947 2859 apostolis

165 2867 300 2893 receptam
318 2859 375 2892 jam
402 2859 428 2884 in
447 2857 703 2893 Eeelesiaradhiberi
733 2856 811 2891 (πῶς
827 2856 874 2884 οὖν
898 2858 946 2884 οὐκ

164 2891 275 2928 ἁνόηῖεον
287 2891 382 2928 νομιςε
387 2902 421 2924 ιν,
429 2893 468 2919 ὅτι
480 2893 504 2918 οἱ
517 2891 772 2928 μὲν-Ἐὔδομήκοντα
782 2893 949 2926 -διεσφάλ-

163 2926 240 2956 itm-ro
255 2926 326 2964 περῖ
338 2928 420 2961 λέξιν,
433 2927 458 2954 οἳ
469 2928 514 2955 καὶ
526 2926 578 2961 πρὸ
591 2927 680 2961 πάσης
693 2927 838 2962 ἑρμηνείας
851 2928 948 2964 ᾔδεσαν

1017 277 1097 303 tnodo
1123 277 1156 304 ad
1176 277 1372 313 Babylonicas,
1389 278 1470 305 modo
1496 278 1528 305 ad
1546 277 1733 306 lllachabaieas
1759 287 1801 306 re-

1016 323 1118 350 tulerit.
1135 322 1188 358 lpsi
1209 325 1235 350 iu
1252 324 1301 351 has
1328 325 1421 352 illasve
1444 325 1581 359 propheta:
1602 326 1683 352 verba
1703 326 1801 353 melius

1015 369 1150 402 quadrare
1167 369 1338 396 videbantur.
1355 369 1408 396 Sed
1439 370 1571 404 quidquid
1595 370 1620 397 ei
1648 370 1799 403 videbatur,

1017 413 1041 439 id
1058 414 1084 440 in
1102 418 1175 440 tanta
1190 414 1422 449 interpretationis
1435 415 1542 442 licentia
1555 423 1588 442 ex
1599 415 1689 442 verbis
1704 423 1800 442 eruere

1016 467 1068 486 non
1085 460 1198 487 arduum
1214 467 1283 487 erat.
1302 461 1462 496 Quanquam
1479 462 1530 488 hoc
1556 462 1641 496 magis
1659 469 1673 487 a
1686 461 1799 495 reliquis

1015 505 1048 533 V.
1066 505 1097 532 Τ.
1116 506 1311 541 interpretibus
1335 506 1437 534 Graecis
1467 507 1645 534 commissum
1667 515 1720 533 non
1744 512 1798 533 tam

1015 551 1160 579 Theodoro
1175 560 1256 586 quam
1269 552 1382 586 tempori
1398 559 1452 587 quo
1469 553 1535 578 vixit
1548 552 1612 578 vitio
1627 551 1797 579 vertendum.

1017 597 1109 624 Voluit
1127 598 1266 624 licentiam
1286 606 1412 624 coercere
1424 618 1431 628 .
1447 598 1493 624 sed
1509 606 1561 624 non
1576 598 1679 632 potuit,
1695 602 1721 624 et
1733 598 1798 624 dum

1014 642 1081 669 alios
1096 643 1156 675 jure
1171 643 1286 669 licentia:
1304 644 1462 677 postularet,
1480 643 1537 677 ipse
1554 644 1606 670 alia
1635 644 1741 670 ratione
1765 645 1798 670 li-

1013 688 1110 715 ('cnlia:
1125 688 1218 714 \‘itiutn
1234 688 1361 714 incurrit.
1377 688 1428 714 Sed
1443 689 1657 716 commentarius
1669 689 1800 715 doctrina:

1014 734 1148 762 Theodori
1168 735 1272 762 rectius
1287 734 1484 769 cognoscenda:
1512 735 1683 769 aliquatenus
1711 735 1799 762 inser-

1013 781 1061 806 vit.
1077 779 1133 806 Etsi
1146 779 1218 806 enim
1232 781 1378 814 prophetas
1392 788 1452 814 qua:
1467 779 1567 807 Judwis
1586 788 1671 815 usque
1687 780 1720 807 ad
1734 784 1800 807 tent-

1013 833 1079 860 po_ra
1103 824 1277 852 Machabaica
1307 825 1463 852 acciderent
1494 826 1665 860 portendisse
1692 827 1798 857 statuit.

1013 870 1129 904 quodam
1146 874 1235 897 tamen
1250 871 1357 897 vinculo
1372 871 1566 905 prophetarum
1580 871 1660 898 effata
1677 879 1738 899 cunt
1755 880 1799 900 rc-

1014 915 1064 942 bus
1077 915 1241 942 Christianis
1269 916 1453 946 conswiavit,
1477 924 1538 942 cum
1557 917 1617 942 aliis
1636 916 1798 949 rationibus,

1013 964 1069 985 tum
1089 967 1122 986 eo
1147 964 1300 987 commotus
1312 981 1318 990 .
1334 961 1406 995 quod
1435 968 1492 987 toea
1512 957 1543 987 V.
1560 961 1592 988 T.
1615 961 1642 988 in
1658 961 1691 988 N.
1707 961 1740 988 ad
1757 969 1800 988 res

1011 1003 1181 1030 Christianas
1199 1005 1375 1031 referrentur.
1391 1005 1477 1038 Atque
1494 1006 1648 1039 hujnsmodi
1677 1006 1734 1032 loca
1753 1006 1798 1032 ubi

1013 1050 1207 1084 interpretatur
1218 1070 1225 1080 ,
1253 1050 1308 1076 fere
1331 1050 1441 1078 uberius
1467 1051 1578 1086 exponit
1596 1051 1658 1085 quil
1673 1053 1706 1077 de
1722 1051 1751 1077 V.
1765 1051 1797 1078 Τ.

1013 1097 1111 1122 Srntiat
1124 1100 1150 1122 et
1167 1104 1227 1130 qua‘.
1247 1096 1343 1122 horum
1361 1097 1494 1128 locorum,
1515 1105 1574 1131 qua:
1589 1097 1675 1131 primo
1688 1098 1796 1132 quidem

1012 1143 1080 1169 alias
1094 1150 1136 1169 res
1152 1142 1258 1169 futuras
1273 1141 1452 1174 iudicassent,
1469 1143 1539 1169 ratio
1553 1151 1614 1170 cutn
1633 1143 1712 1170 rebus
1720 1144 1799 1171 Chri-

1012 1187 1109 1215 stianis
1124 1188 1170 1221 sit,
1187 1192 1313 1223 typorum
1329 1195 1379 1223 ope
1395 1189 1532 1223 explanat.
1550 1204 1584 1208 —
1602 1189 1680 1216 Clare
1698 1194 1725 1217 et
1739 1198 1785 1224 per

1012 1233 1104 1267 spicue
1117 1241 1178 1260 cum
1194 1233 1313 1260 scribere
1328 1233 1417 1266 vellet,
1427 1235 1536 1261 easdem
1549 1235 1699 1261 sententias
1713 1236 1796 1262 etiam

1010 1284 1091 1314 atque
1107 1279 1189 1306 etiam
1207 1279 1323 1314 repetiit,
1335 1284 1361 1306 et
1376 1279 1494 1313 periodis
1509 1288 1575 1308 usus
1591 1285 1633 1308 est
1645 1289 1713 1315 quas
1725 1289 1796 1315 aegre

1013 1326 1100 1360 primo
1114 1325 1211 1352 obtutu
1226 1325 1387 1359 perspicias.
1409 1324 1446 1352 lla
1460 1326 1547 1361 stylus
1561 1327 1693 1353 verbosus
1705 1346 1711 1356 .
1726 1327 1797 1353 sale-

1013 1373 1110 1399 brosos
1132 1375 1160 1398 et
1189 1371 1325 1398 obscurus
1352 1371 1486 1399 redditus.
1502 1370 1531 1398 In
1560 1372 1680 1407 periodis
1706 1377 1796 1400 autetn

1011 1416 1209 1444 constituendis
1241 1417 1385 1452 verbisque
1418 1417 1551 1452 eligendis
1582 1426 1612 1444 ea
1642 1419 1796 1446 constantia

1010 1466 1134 1490 versatus
1150 1466 1202 1494 est,
1220 1470 1300 1498 quam
1319 1463 1365 1489 vix
1389 1464 1416 1490 in
1433 1464 1487 1490 ullo
1514 1464 1568 1490 alio
1594 1465 1727 1499 scriptore
1751 1466 1798 1492 de-

1012 1507 1173 1542 prehendas.
1187 1507 1321 1534 Cancrum
1340 1507 1428 1534 oratio
1440 1507 1533 1535 Gra'ca
1550 1509 1703 1537 laudabilis.

942 1573 957 1603 ἵ
973 1573 994 1601 C
1013 1575 1042 1602 Ι).
1057 1574 1248 1601 Contntrntarii
1260 1575 1285 1601 in
1303 1574 1410 1606 Jobum,
1429 1576 1603 1603 Ecclesiasten
1619 1583 1642 1603 et
1656 1577 1796 1605 Canticum

1317 1612 1489 1638 canticorum.

1046 1676 1180 1703 Theodori
1199 1677 1225 1703 in
1243 1676 1340 1703 Jobum
1360 1679 1548 1704 commentarii
1565 1678 1618 1711 (cf.
1636 1682 1696 1706 Aet.
1715 1689 1794 1708 conc.

1009 1721 1102 1749 Const.
1120 1731 1150 1751 ιι,
1165 1730 1201 1754 tv,
1222 1722 1314 1758 65-67)
1327 1732 1334 1756 ;
1348 1722 1443 1750 Leont.
1465 1725 1482 1750 Ι.
1496 1732 1531 1757 c.,
1549 1732 1574 1758 p.
1593 1725 1654 1758 690,
1673 1736 1720 1752 ι-
1736 1734 1796 1761 qum

1011 1775 1078 1795 iane
1093 1768 1242 1795 elaboravit
1256 1784 1267 1788 -
1280 1783 1290 1788 -
1304 1768 1332 1795 in
1352 1768 1449 1796 librum
1471 1774 1566 1796 contra
1589 1769 1673 1801 Job,»
1699 1771 1794 1800 Ebedi.

1009 1814 1026 1840 l.
1042 1821 1078 1843 ο..
1106 1822 1130 1848 p.
1155 1815 1185 1841 3l
1202 1823 1208 1840 :
1227 1824 1236 1840 ι
1252 1829 1285 1834 -
1305 1814 1356 1842 Job
1371 1815 1478 1842 duobus
1500 1816 1581 1844 tomis
1606 1816 1638 1843 ad
1664 1817 1794 1853 Cyrillum

1009 1860 1154 1886 Alexandr.
1167 1868 1190 1888 ,ι
1213 1860 1308 1887 dubito
1324 1868 1377 1892 an,
1402 1861 1525 1895 exceptis
1544 1861 1577 1888 iis
1597 1870 1656 1896 quae
1683 1863 1709 1890 in
1733 1863 1792 1890 Act.

1009 1913 1088 1932 conc.
1105 1905 1199 1932 Const.
1219 1913 1249 1938 ll,
1262 1906 1280 1932 I.
1301 1907 1316 1933 Ι.
1336 1907 1480 1941 leguntur,
1498 1908 1580 1934 multa
1601 1913 1707 1935 astatem
1725 1910 1794 1936 tule-

1009 1954 1073 1978 rint.
1087 1950 1253 1978 Memoratur
1273 1956 1364 1979 tatnen
1380 1951 1540 1979 Theodorus
1560 1953 1586 1979 in
1607 1953 1666 1980 Cat.
1685 1954 1794 1981 ineditis

1009 1996 1079 2022 inter
1089 1997 1286 2030 explicatores;
1300 1996 1337 2024 cf.
1354 2002 1407 2024 eat.
1423 1997 1512 2024 Valic.
1528 1999 1660 2025 vetustior
1673 2003 1700 2025 et
1723 2002 1794 2034 quam

1008 2042 1069 2068 dam
1090 2042 1173 2068 altera
1204 2043 1339 2069 recentior
1351 2063 1358 2073 ,
1374 2043 1435 2070 cod.
1455 2043 1463 2069 I
1478 2043 1612 2070 Vincentii
1629 2043 1733 2070 Pinelli.
1749 2045 1792 2072 (ἰν,

1008 2087 1148 2114 I’ossevini
1167 2088 1296 2121 Apparat.
1322 2097 1344 2114 δ.
1374 2087 1403 2118 ΙΙ,
1422 2096 1450 2122 p.
1472 2088 1535 2119 9.69.
1552 2089 1620 2121 Q70;
1643 2088 1702 2116 Cat.
1730 2090 1791 2116 cod.

1008 2133 1066 2160 XXI
1087 2134 1151 2160 bibl.
1167 2133 1249 2160 Mare.
1272 2133 1367 2161 Venet.
1382 2143 1389 2166 ;
1408 2134 1445 2161 cf.
1462 2134 1564 2161 Morell.
1580 2135 1598 2160 l.
1611 2135 1639 2166 |.,
1659 2135 1677 2167 I,
1693 2143 1719 2170 p.
1737 2136 1792 2169 58;

1007 2178 1066 2204 Cat.
1083 2178 1143 2205 cod.
1160 2177 1263 2205 CXCIV
1279 2179 1344 2206 bibl.
1359 2179 1442 2206 Coisl.
1459 2188 1466 2212 ;
1483 2180 1519 2206 cf:
1536 2179 1623 2206 Montf
1645 2180 1678 2207 Β.
1697 2181 1792 2214 Coisl.,

1007 2232 1033 2258 p.
1048 2224 1098 2250 ’247
1111 2232 1118 2256 ;
1133 2224 1191 2250 Cat.
1208 2224 1268 2251 eod.
1285 2223 1377 2251 XXVII
1393 2225 1458 2251 bibl.
1471 2225 1540 2253 llled.
1559 2226 1639 2253 Laur.
1652 2235 1658 2258 ;
1672 2227 1708 2253 cf.
1723 2227 1792 2254 Ban-

973 2258 992 2284 θ
1008 2269 1065 2296 diu.
1085 2270 1102 2296 l.
1122 2270 1152 2299 1.,
1172 2270 1193 2302 Ι,
1216 2278 1242 2305 p.
1264 2270 1308 2297 52.).
1325 2270 1375 2297 Sed
1396 2275 1492 2297 catena
1517 2271 1605 2304 primo
1623 2271 1682 2298 loco
1703 2274 1792 2307 posita

1004 2315 1098 2342 eadem
1115 2315 1221 2342 videtur
1236 2323 1297 2343 esse
1314 2324 1396 2351 quam
1414 2317 1446 2343 A.
1461 2316 1548 2343 Maius
1562 2317 1619 2349 l.l.,
1639 2317 1658 2348 Ι,
1676 2326 1703 2352 p.
1723 2327 1790 2351 xxtt,

1005 2369 1087 2387 unum
1105 2361 1239 2388 Theodori
1256 2360 1344 2388 locum
1361 2362 1542 2396 eamdemque
1562 2370 1594 2389 ex
1617 2362 1677 2397 ejus
1690 2365 1717 2390 in
1737 2364 1791 2391 Za-

1004 2407 1122 2433 chariam
1138 2408 1335 2434 connnentario
1349 2408 1462 2442 petitum
1480 2408 1621 2435 continere
1637 2410 1771 2444 perhibet.

1041 2453 1177 2480 'l‘heodori
1200 2453 1233 2479 de
1247 2453 1316 2481 libro
1330 2452 1391 2479 Jobi
1416 2454 1548 2480 sententia
1568 2455 1617 2488 (v.
1637 2455 1732 2490 fragm.
1762 2456 1790 2484 in

1007 2499 1066 2524 Act.
1084 2506 1162 2525 conc.
1179 2497 1273 2525 Const.
1290 2507 1320 2530 ιι,
1334 2499 1351 2525 1.
1375 2499 1392 2524 Ι.
1412 2503 1439 2526 et
1454 2498 1550 2526 Leont.
1569 2500 1587 2526 l.
1601 2508 1640 2532 c.,
1656 2509 1682 2535 p.
1703 2501 1790 2536 687),

1006 2553 1065 2579 qua:
1085 2552 1151 2572 sane
1175 2545 1334 2572 orthotloxis
1349 2546 1520 2572 stomachum
1535 2554 1644 2573 movere
1663 2548 1790 2581 debebat,

1006 2591 1060 2617 huc
1074 2591 1152 2617 redit.
1165 2590 1251 2618 Johus
1269 2598 1283 2616 a
1296 2591 1429 2625 scriptore
1447 2591 1508 2618 libri
1525 2593 1609 2626 probe
1631 2593 1791 2620 discernen-

1007 2637 1067 2663 dus.
1089 2635 1135 2663 Ille
1151 2637 1231 2662 homo
1245 2641 1303 2662 erat
1318 2636 1451 2664 barbarus
1466 2658 1473 2668 ,
1490 2637 1614 2663 Edomita
1634 2645 1748 2668 genere.
1764 2641 1790 2664 ct

997 2719 1105 2749 πάντως
1121 2717 1151 2743 τὸ
1174 2718 1201 2742 ἐν
1217 2717 1248 2752 τῇ
1266 2715 1325 2751 Θείᾳ
1344 2717 1468 2751 κείμενον
1482 2718 1574 2752 γραφῇ
1592 2725 1645 2752 έ;
1662 2725 1687 2750 p.
1701 2716 1754 2743 253
1768 2717 1788 2747 ).

998 2753 1069 2780 hanc
1085 2760 1150 2780 vero
1170 2760 1184 2778 ιι
1209 2752 1278 2786 Syro
1294 2752 1411 2785 quodam
1428 2753 1521 2786 ignoto
1542 2751 1690 2786 profectam
1713 2759 1785 2778 esse.

995 2787 1129 2815 Praeterea
1146 2785 1244 2822 saepius
1260 2793 1297 2821 (p.
1307 2787 1374 2819 265)
1394 2788 1420 2812 in
1435 2785 1788 2822 BatopauinbgrpaOOXd-{oug

996 2823 1050 2849 τῶν
1074 2822 1166 2857 Σύρων
1184 2821 1214 2849 iet
1236 2822 1385 2857 Συριακούς
1409 2830 1438 2847 τε
1458 2822 1504 2847 κιὶ
1529 2821 1659 2857 νραώᾷξις
1685 2821 1787 2854 μύθους

997 2856 1144 2889 invehitur,
1158 2856 1311 2890 cujustnodi
1327 2856 1415 2883 verbis
1431 2857 1501 2882 haud
1516 2857 1598 2883 dubio
1610 2856 1784 2890 Epln'aemum

1000 2895 1081 2919 etiam
1100 2894 1212 2922 notavit.
1229 2893 1270 2920 Cf.
1287 2893 1398 2920 omnino
1423 2890 1522 2918 llabac.
1539 2899 1570 2923 ιι,
1589 2891 1616 2917 ll
1634 2899 1640 2924 ;
1664 2890 1747 2924 Soph.
1765 2897 1784 2922 ι,

1001 2928 1068 2962 4-6;
1085 2936 1125 2961 Ill,
1148 2929 1172 2961 l,
1189 2929 1216 2954 εὶ.
