1940 3064
134 165 169 191 At?
577 165 727 194 OTTONIS
740 166 828 195 FRID.
851 165 1042 194 FRlTZSCIlE
1061 167 1321 195 COMMENTATII).
1731 172 1765 200 ιδ

135 232 236 267 probus
248 253 255 265 ,
278 232 358 268 cujus
382 233 496 261 historia
525 243 535 260 ι
553 236 670 262 maxima
698 241 724 263 ct
746 237 820 264 clara
835 237 861 264 in
876 245 924 264 ore
940 231 961 258 Α
977 226 1140 255 Ἧκθάθτυδ
1155 227 1188 254 ad
1209 228 1325 254 amicum
1342 228 1435 255 Μεθίο
1447 236 1537 264 quem.
1551 237 1590 260 νε
1606 236 1667 256 cum
1686 235 1766 258 ³¹¹ῑε³

133 278 254 305 otnnium
283 278 410 305 similiter
426 278 584 312 ferebatur,
604 288 657 307 non
674 282 762 308 solttm
780 282 922 309 lsraelitici

133 325 251 358 generis,
270 324 316 351 sed
329 328 356 351 et
365 325 498 358 aliorum;
516 333 596 360 quem
612 327 694 354 etiam
712 327 858 354 clariorem
877 328 922 355 Dei

131 369 318 397 testimonium
333 370 459 402 faciebat,
477 371 550 405 quod
572 370 674 399 factum
692 376 735 400 est
750 373 783 400 ad
804 373 922 408 prophe-

133 419 198 446 tam.
221 425 229 441 ι
244 416 288 443 hic
300 416 441 451 gentilium
457 417 555 445 fabulis
568 418 688 446 imbutus
697 423 755 446 erat
766 423 793 446 ct
805 421 922 446 humana

131 461 282 496 prudentia.
305 461 338 489 Et
365 463 410 489 hic
430 463 538 498 quidem
556 463 578 491 si
597 465 678 491 vitam
693 464 754 492 Jobi
767 486 775 498 ,
802 470 832 493 ut
850 470 920 498 erat,

130 512 302 538 enarrasset,
331 509 431 535 librutn
457 509 661 545 composuisset
677 511 818 538 hominum
838 512 921 538 mori-

131 552 182 580 bus
208 553 388 581 emendandis
417 554 608 588 aptissimum,
640 563 727 590 neqtte
757 556 791 583 iis
815 557 862 591 qui
887 556 920 584 de

130 597 230 633 Script.
254 598 282 627 S.
299 607 354 627 non
381 607 413 626 ea
440 607 493 634 qua
514 600 593 627 decet
618 602 770 629 reverentia
794 602 921 636 judicant

128 645 303 672 occasionem
320 645 484 680 praebuisset
499 647 549 680 ipsi
566 645 636 674 Jobo
649 647 834 676 conviciandi.
848 647 919 681 Quid

127 690 308 718 enim?th
336 692 411 718 cadit
439 692 466 718 in
494 692 582 719 virum
610 693 757 720 honestum
785 694 854 721 mira
873 694 918 721 illa

128 737 284 764 exsecratio
301 744 362 773 cap.
380 747 410 765 tn
423 739 583 774 consignata
597 739 609 766 ἲ
624 739 676 768 Sed
694 741 747 768 alia
763 743 845 768 etiam
866 742 917 769 fitt-

129 783 177 815 sit,
194 791 218 810 v.
236 790 261 810 c.
278 782 377 811 Jobum
394 784 476 811 filiam
499 785 661 820 Ἀμαλθείας
674 787 758 822 κέρας
776 787 855 823 (tht.
872 787 917 821 M)

127 827 291 863 appellasse.
319 828 432 857 Scilicet
455 831 586 865 superbia
607 831 697 859 elatus
711 852 719 864 ,
746 837 776 859 ιιι
801 833 917 861 lectores

126 875 312 902 (irzecanicam
329 883 407 903 suam
423 876 605 904 eruditionem
630 884 830 913 cognoscerent
844 900 851 912 ,
871 879 916 907 illa

125 921 240 948 addidit.
257 921 376 948 Omnino
405 923 524 957 tragoedi
555 923 642 951 instar
666 924 766 951 librum
795 926 915 961 scripsit,

126 974 181 1000 quo
207 966 351 1002 cupiditati
379 967 472 1002 gloria!
496 968 548 995 sibi
576 969 704 1003 parandm
733 971 915 1002 satisfaceret,

129 1022 138 1037 ι
153 1019 206 1039 non
230 1012 355 1047 cogitans
386 1013 458 1047 quod
482 1014 566 1039 nntlta
597 1014 751 1042 differentia
779 1019 822 1043 cst
846 1016 917 1043 inter

127 1056 267 1083 historiam
282 1057 350 1090 justi
364 1056 516 1084 secundum
528 1057 628 1085 divinae
643 1058 701 1085 Scr.
717 1063 742 1086 et
756 1060 917 1095 simplicita-

127 1107 181 1128 tem
198 1105 225 1128 et
241 1102 424 1130 subtilitatem
445 1103 614 1137 propositam
636 1108 660 1131 ct
678 1105 749 1132 inter
772 1106 852 1133 verba
869 1114 916 1133 su—

125 1146 228 1182 perﬂtta
236 1151 262 1174 et
278 1147 311 1174 ad
319 1148 507 1182 probationem
518 1149 645 1176 conﬁcta.
658 1160 667 1175 ι
681 1149 915 1182 Quemadmodum

124 1192 196 1219 enim
211 1192 327 1227 tragoedi
342 1201 371 1220 re
385 1193 496 1228 quidem
511 1194 648 1228 nituntur,
660 1203 721 1230 quae
739 1196 765 1222 in
782 1197 854 1231 vulgi
868 1205 915 1224 ore

124 1241 270 1270 versatur,
287 1246 343 1274 quo
363 1238 455 1265 fabula
485 1240 617 1274 majorem
643 1241 767 1269 veritatis
796 1243 914 1277 speciem

125 1282 235 1315 referat,
250 1283 296 1311 sed
310 1287 340 1310 ιιι
356 1291 432 1311 suam
447 1288 554 1311 tantum
572 1289 658 1313 artem
670 1291 697 1313 et
710 1287 875 1322 sapientiam
888 1289 914 1315 in

123 1329 321 1364 componendis
341 1329 485 1363 tragmdiis
503 1331 638 1365 probent,
662 1339 792 1367 personas
811 1333 915 1368 fingunt

123 1381 226 1408 easque
241 1381 273 1401 ea
293 1374 437 1408 loquentes
455 1375 578 1409 faciunt,
597 1377 699 1411 quibus
714 1379 764 1413 ipsi
782 1379 915 1407 clariores

124 1420 191 1447 liant
203 1439 211 1452 ,
223 1420 260 1447 ita
275 1423 305 1447 ut.
322 1420 382 1447 laus
404 1425 452 1448 aut
479 1421 644 1457 vituperatio
659 1424 803 1452 verborum
819 1434 873 1453 non
888 1426 914 1454 in

123 1473 257 1500 personas
275 1466 350 1499 illas,
370 1467 416 1494 sed
441 1468 468 1494 in
496 1467 595 1496 fabulae
610 1470 770 1505 scriptorem
790 1479 811 1496 ct
825 1472 911 1499 nl'era-

124 1517 188 1539 tur:
206 1512 247 1539 sic
264 1511 310 1540 ille
322 1512 405 1540 etiam
422 1521 484 1540 cum
511 1514 539 1541 in
558 1514 699 1543 historiam
721 1516 750 1543 Β.
765 1516 825 1544 Jobi
845 1519 913 1545 inci-

123 1558 219 1591 disset,
235 1558 330 1594 gloriae
345 1567 431 1587 causa
446 1560 546 1587 librum
560 1561 726 1596 conscripsit
738 1571 825 1597 neque
839 1572 911 1591 eom-

975 273 1118 300 Canticum
1137 274 1308 301 canticorum
1323 280 1435 309 propter
1455 275 1515 309 ejus
1539 275 1659 302 indolem
1677 275 1766 310 legere

974 321 1119 354 noluisset,
1147 321 1227 349 amici
1243 321 1342 348 litteris
1358 326 1535 356 provocatum
1561 321 1692 356 majorem
1706 323 1763 357 jam

975 367 1001 393 in
1022 374 1054 393 eo
1070 367 1195 402 posuisse
1211 367 1392 402 diligentiam,
1407 367 1470 394 licet
1486 368 1564 394 initio
1574 368 1697 396 oscitans
1711 369 1765 396 fre-

972 416 1090 447 quenter
1113 416 1140 439 et
1163 411 1316 439 dormitaus
1338 412 1404 438 illud
1423 412 1593 447 perlegisset.
1616 411 1677 439 Jam
1699 413 1764 448 quid

972 459 1006 487 dc
1021 467 1055 486 eo
1072 459 1174 486 sentiat
1184 458 1307 494 exponit,
1329 459 1376 486 Sed
1389 459 1425 484 ita
1444 462 1472 485 ut
1487 466 1529 488 ea.
1547 466 1663 493 quorutn
1677 466 1764 493 pauca

977 509 1083 532 tantutn
1105 505 1193 532 media
1209 509 1237 532 et
1259 504 1375 532 fcrtasse
1389 505 1470 532 etiatn
1486 509 1608 532 extrema
1620 505 1765 532 intercide-

971 551 1038 583 rint,
1049 559 1138 586 neque
1152 551 1352 578 commentario
1364 550 1506 586 praemissa
1519 558 1607 585 neque
1623 551 1650 577 in
1659 558 1691 578 eo
1705 551 1764 585 ipso

971 597 1112 632 disputata
1128 605 1189 625 esse
1203 602 1345 632 appareat.
1363 596 1495 624 Praeterea
1516 605 1550 624 ex
1565 599 1764 624 commentario

979 643 1022 670 illa
1041 643 1184 678 desumpta
1207 650 1269 670 esse
1283 643 1329 678 qui
1348 650 1379 670 ea
1399 643 1536 678 excerpsit
1558 651 1592 670 ne
1605 643 1688 670 verbo
1700 643 1762 678 qui—

970 689 1030 714 dem
1045 687 1144 720 innuit,
1161 686 1208 715 sed
1231 689 1287 715 haac
1304 687 1361 715 sola
1376 687 1490 715 Leontio
1505 688 1523 715 1.
1539 695 1563 715 c.
1578 696 1603 723 p.
1621 688 1672 715 687
1686 698 1692 715 :
1712 698 1763 713 «η-

968 734 1047 762 Cant.
1066 735 1096 762 (Σ.
1111 749 1145 755 --
1158 748 1194 755 --
1205 733 1351 761 libidinose
1365 741 1471 770 prosua
1482 739 1510 761 et
1525 739 1616 762 mente
1627 738 1655 762 et
1670 735 1762 768 lingua

969 780 1124 807 meretricia
1145 780 1341 815 interpretans,
1363 787 1413 807 sua
1439 788 1522 815 supra
1541 780 1652 807 modum
1670 780 1761 807 incre-

972 824 1048 852 dibili
1064 825 1179 852 audacia
1193 833 1226 852 el
1252 825 1330 852 libris
1343 824 1371 853 S.
1389 825 1523 857 abscidit;
1544 835 1553 851 ι
1574 824 1682 860 Pelagio
1699 832 1759 859 pap.

967 879 1011 906 ep.
1040 871 1066 902 5,
1088 872 1122 897 ad
1138 871 1228 898 Etiam
1245 876 1269 897 el
1291 870 1355 898 Isu.
1372 879 1412 905 ep.
1431 870 1558 906 (ΗΜ-(1.1.
1574 879 1610 899 c.,
1630 879 1656 905 p.
1677 871 1738 904 458]
1753 880 1759 897 :

933 909 953 936 Β
971 927 980 942 1
995 918 1063 944 Cum
1075 917 1216 944 Th.Cant.
1232 917 1261 944 ι).
1276 918 1355 943 vellet
1370 925 1506 952 exponere
1522 921 1549 944 ct
1567 925 1621 944 IIon
1635 916 1668 944 ad
1684 923 1761 945 com-

969 967 1072 993 tucnta,
1098 962 1146 989 sed
1171 962 1262 996 potius
1289 962 1321 988 ad
1347 962 1524 989 deliramenta
1544 963 1692 996 laboraret,
1711 971 1759 998 per

967 1007 1041 1034 hunc
1056 1008 1155 1034 lihrtnn
1176 1007 1352 1042 {Ethiopissa-
1377 1009 1477 1042 regina!
1501 1008 1653 1036 blanditum
1673 1009 1761 1037 fuisse

968 1052 1111 1088 professus
1128 1057 1181 1084 est.
1196 1053 1269 1088 quod
1282 1053 1470 1081 Theodoretus
1487 1053 1535 1085 (cf.
1553 1062 1668 1089 promtu.
1686 1056 1713 1083 in
1726 1055 1758 1083 C.

968 1099 1012 1131 C.,
1030 1098 1061 1126 ll.
1079 1107 1104 1134 p.
1120 1099 1148 1131 ‘2,
1165 1100 1192 1133 ὅ)
1209 1099 1423 1134 reprehendens,
1439 1107 1538 1127 nomen
1560 1101 1670 1135 quidem
1686 1102 1760 1136 ejus-

967 1146 1027 1172 dem
1045 1145 1183 1172 Thcodori
1205 1146 1363 1181 supprimit,
1382 1146 1428 1173 sed
1445 1151 1536 1173 tamen
1558 1147 1698 1174 vesaniam
1712 1155 1761 1182 pa-

970 1190 1082 1224 tefecit;
1106 1196 1152 1219 iet
1171 1191 1346 1226 Pachytnera-
1364 1192 1390 1218 in
1412 1193 1539 1227 pataphr.
1551 1201 1594 1228 ep.
1611 1193 1627 1219 9
1647 1193 1757 1229 Dionys.

966 1237 1063 1272 Areop.
1082 1237 1161 1272 (Opp.
1175 1237 1207 1265 D.
1223 1237 1255 1264 Α.
1272 1237 1316 1265 ed.
1330 1237 1419 1265 Balth.
1432 1238 1561 1271 Corder.,
1577 1239 1608 1272 ll,
1626 1239 1758 1274 Antveip.

967 1283 1045 1316 1651,
1071 1284 1132 1316 fol.,
1155 1292 1180 1319 p.
1199 1284 1263 1318 169)
1282 1295 1335 1310 t—
1354 1285 1387 1311 δι’
1406 1285 1423 1311 ὃ.
1447 1285 1607 1321 (φιλήματα)
1627 1286 1658 1321 δὴ
1680 1287 1726 1313 καὶ
1745 1287 1760 1312 ὁ

966 1330 1037 1364 Met}.
1052 1329 1127 1356 Θςάδ.
1142 1331 1265 1366 ἀφρόνως
1281 1331 1311 1357 τὸ
1326 1330 1427 1365 statim.
1441 1331 1577 1358 διέδαλλι·
1587 1342 1596 1358 ι
1612 1320 1771 1360 observata,

966 1376 1052 1403 fuisse
1069 1377 1095 1402 iit
1111 1381 1208 1411 aperto
1222 1381 1274 1404 est.
1303 1376 1448 1404 Canticum
1467 1382 1540 1403 cant.
1559 1381 1660 1409 autent,
1685 1377 1757 1412 qttod

967 1422 1046 1456 plane
1063 1422 1187 1456 despexit
1200 1421 1374 1454 Theodorus,
1400 1421 1514 1449 uberius
1529 1422 1573 1448 vix
1583 1422 1755 1457 explicuerit.

966 1467 1037 1500 Quid
1054 1468 1131 1503 igitur
1146 1469 1156 1494 '.'
1177 1467 1235 1495 Mea
1256 1468 1367 1502 quidem
1388 1468 1524 1495 sententia
1541 1467 1586 1494 illa
1602 1467 1629 1494 in
1642 1468 1758 1503 epistola

965 1513 1082 1548 quadam
1107 1515 1149 1549 (ν.
1174 1513 1242 1548 inf.)
1264 1514 1405 1541 disseruit.
1429 1513 1564 1540 Caeterum
1590 1513 1624 1541 de
1645 1514 1758 1540 Cantico

966 1566 1039 1586 cant.
1053 1561 1088 1586 ila
1103 1560 1195 1586 statuit
1205 1560 1289 1587 :Cum
1304 1560 1515 1594 Sa!omo,quetn
1528 1563 1638 1594 propter
1649 1560 1758 1594 sapien-

124 1609 216 1631 tncnta
230 1603 309 1638 fugit.
331 1603 426 1639 Itaque
443 1605 585 1633 diabolum
609 1594 745 1634 cum—Deo
763 1594 914 1636 introduxit
928 1594 949 1624 (ἶ
966 1605 1031 1632 tiatn
1047 1606 1164 1640 gentiles
1188 1611 1215 1631 ct
1230 1604 1317 1632 Judaei
1344 1605 1529 1640 pnedicabant
1551 1611 1578 1632 et
1595 1613 1660 1633 vero
1675 1606 1757 1632 etiam

124 1653 273 1677 certantem
297 1649 338 1685 (I.
362 1651 439 1683 7-12;
461 1651 593 1687 ",2-6),
620 1660 760 1682 sermones
777 1674 784 1686 .
814 1656 914 1690 quibus

124 1695 209 1721 multa
223 1695 348 1730 peccavit
363 1717 370 1728 ,
390 1701 472 1731 prout
498 1698 597 1731 lihuit,
617 1699 698 1726 modo
712 1700 787 1734 justo
807 1702 912 1733 tribuit,

124 1740 205 1768 modo
224 1741 321 1769 amicis
345 1743 382 1775 (c.
402 1743 518 1779 Iit-3|);
535 1745 632 1772 deinde
650 1745 728 1772 Elihu
757 1748 911 1779 arcessivit,

122 1785 170 1821 qui
181 1786 275 1814 multis
283 1787 439 1822 opprobriis
448 1788 546 1817 Jobum
561 1790 651 1817 atfecit
661 1797 696 1826 (c.
706 1794 913 1827 xuii-xxxvii),

125 1839 212 1866 neque
227 1832 339 1859 erubuit
352 1833 452 1861 divinae
472 1842 596 1870 persona.-
617 1837 669 1864 ceti
691 1836 848 1872 figmentum
866 1840 914 1866 tri-

123 1877 206 1904 buere
235 1876 279 1908 (c.
295 1879 352 1913 ιιι)
368 1883 395 1906 et
413 1889 422 1905 ι
437 1881 651 1909 nominationem
676 1882 738 1910 filia:
756 1891 789 1910 ex
815 1884 914 1912 fabulis

123 1922 264 1956 paganicis
280 1928 416 1960 arreptam
430 1924 461 1952 Β.
477 1924 546 1953 Jobo
561 1927 710 1962 applicare.
723 1938 732 1954 ι
743 1929 820 1963 (xui,
835 1929 891 1965 M.)

158 1966 197 1994 Ex
212 1967 256 1996 his
269 1968 348 1997 facile
363 1970 478 2006 colligas
494 1971 541 2006 qui
560 1972 603 1999 hic
618 1972 753 2000 Theodori
771 1982 914 2002 commen-

123 2013 210 2041 tarius
225 2020 240 2040 a
253 2014 370 2049 reliquis
381 2015 510 2044 diversus
525 2016 619 2044 fuerit.
652 2017 745 2052 Neque
756 2018 913 2046 Christiana

122 2067 149 2085 tn
161 2058 232 2087 Jobo
245 2060 437 2096 deprehendit,
449 2066 476 2090 et
488 2063 651 2098 scriptorem
666 2066 797 2092 audacter
813 2067 916 2101 vitupe-

122 2105 204 2137 tavit,
222 2106 250 2133 in
263 2106 315 2134 hoc
330 2115 415 2135 unum
433 2109 564 2141 intentus.
587 2113 616 2137 ut
640 2118 731 2138 veram
748 2110 808 2139 Jobi
826 2113 913 2140 histo-

122 2149 191 2177 riam
212 2155 333 2185 erueret,
350 2160 411 2187 quaa
426 2153 583 2182 hominibus
596 2156 656 2183 usui
676 2162 757 2184 esset.

156 2194 347 2226 Ecclesiasten
363 2206 419 2226 uno
435 2204 508 2227 tomo
524 2200 687 2235 deprecante
702 2202 854 2239 Porphyrio
871 2205 912 2231 in-

121 2245 289 2276 terpretatus
310 2249 363 2277 est,
385 2248 455 2272 teste
482 2245 617 2274 Ebediesu
637 2247 656 2275 l.
672 2256 710 2280 c.,
731 2256 757 2284 p.
781 2250 826 2276 52.
858 2249 910 2278 Sed
929 2265 949 2291 η

121 2295 184 2315 cum
198 2288 344 2317 Canticum
360 2291 532 2319 canticorum
546 2295 742 2322 commentario
757 2295 911 2324 illustrasse

121 2333 280 2369 pervulgata
306 2335 435 2370 quidem,
463 2336 555 2365 minus
578 2342 667 2365 tamen
695 2339 844 2373 probabilis
869 2346 911 2368 est

121 2378 269 2411 sententia,
279 2386 340 2414 quae
350 2383 456 2408 tantum
469 2381 546 2409 abest
558 2386 587 2409 ut
602 2383 636 2410 iis
651 2391 711 2417 quae
725 2383 818 2411 inAct.
831 2392 909 2412 conc.

119 2423 217 2451 Const.
234 2433 265 2456 ιι.
288 2432 326 2458 tv,
340 2425 436 2459 68-71,
453 2427 591 2463 leguntur,
612 2429 766 2465 quibusque
778 2430 909 2466 originem

120 2477 198 2496 suam
211 2469 303 2504 debet,
318 2470 453 2504 firmetur,
470 2477 498 2500 tit
514 2474 685 2509 reprobetur.
702 2475 803 2502 Scrihit
820 2483 909 2504 antctn

129 2537 634 2550 ————._—___

966 1651 1114 1683 timebant,
1132 1650 1287 1686 (Egyptiam
1306 1651 1459 1685 fugiendam
1472 1651 1581 1686 quidem
1597 1651 1656 1686 ipso
1671 1652 1758 1686 patrio

965 1697 1058 1723 colore
1073 1696 1201 1727 deformi,
1226 1697 1313 1730 magis
1334 1704 1396 1723 vero
1413 1697 1569 1731 fugiendam
1594 1701 1690 1731 utpote
1711 1705 1753 1730 ge-

966 1750 1029 1770 nere
1049 1742 1145 1770 Cltatni
1170 1747 1269 1773 ortam,
1295 1743 1323 1768 in
1343 1742 1545 1769 matrimonium
1573 1741 1756 1771 dttceret,.|u-

965 1789 1084 1815 datorum
1108 1788 1201 1814 odium
1227 1787 1278 1815 sibi
1303 1787 1459 1818 contraxit,
1486 1788 1572 1822 legum
1605 1791 1754 1822 patriarinn

965 1838 1145 1869 contemptor.
1175 1833 1267 1868 Itaque
1281 1841 1391 1860 carmen
1416 1833 1548 1865 condidit,
1562 1841 1616 1868 quo
1632 1838 1659 1860 et
1680 1833 1754 1860 ηκοιί

965 1879 1069 1915 gratior
1080 1884 1154 1906 esset
1170 1885 1198 1906 et
1213 1879 1414 1914 vituperatores
1434 1879 1467 1906 ad
1489 1879 1628 1906 silentium
1648 1879 1755 1913 redige-

965 1928 1017 1956 ret,
1033 1928 1115 1959 atque
1131 1924 1263 1951 indicavit
1276 1931 1305 1951 se
1317 1925 1474 1959 nuptiarttm
1485 1932 1539 1952 non
1553 1925 1697 1959 paenitere,
1708 1924 1755 1951 sed

965 1970 1060 1997 laetari.
1091 1969 1161 1997 Sunt
1180 1973 1271 1997 autem
1299 1971 1354 1997 duo
1377 1970 1503 2001 tenenda,
1525 1978 1622 2002 unum,
1644 1977 1755 1997 carmen

965 2023 1019 2043 non
1037 2015 1072 2043 ad
1085 2015 1286 2051 impudicitiam
1312 2016 1453 2043 adhortari
1467 2024 1531 2045 :cur
1544 2016 1618 2044 enim
1635 2017 1755 2048 Salonio,

964 2062 1008 2089 cui
1034 2062 1142 2090 etiamsi
1165 2070 1219 2089 non
1247 2062 1405 2097 scripsisset
1429 2067 1551 2097 potestas
1579 2063 1756 2098 impudicitia:

964 2113 1033 2141 erat,
1052 2117 1162 2136 carmen
1178 2109 1239 2136 ideo
1250 2109 1474 2144 composuisset?
1486 2110 1613 2141 alterum,
1631 2118 1683 2136 non
1698 2111 1756 2136 latt-

964 2154 1084 2181 dandum
1103 2163 1166 2183 esse
1190 2160 1285 2190 utpote
1308 2155 1511 2190 propheticum,
1530 2156 1603 2190 quod
1629 2156 1652 2183 si
1670 2161 1753 2187 esset,

965 2201 1067 2228 mentio
1086 2201 1132 2228 Det
1151 2201 1251 2228 alicubi
1269 2202 1339 2228 facta
1366 2205 1448 2228 esset.
1477 2200 1555 2228 Sicut
1570 2202 1647 2229 Plato
1661 2207 1754 2237 postea

965 2247 998 2274 de
1016 2254 1109 2274 amore
1128 2247 1284 2274 convivium
1306 2247 1428 2282 scripsit,
1456 2247 1492 2274 ita
1515 2247 1625 2274 Salonio
1645 2254 1756 2284 propter

965 2292 1075 2326 nuptias
1091 2292 1153 2319 illas
1163 2293 1213 2319 hoc
1229 2292 1367 2319 canticum
1383 2293 1526 2320 convivale
1536 2294 1646 2321 cecinit.
1662 2294 1755 2322 «Unde

966 2345 1014 2365 nec
1029 2337 1129 2365 ludatis
1146 2346 1197 2365 nec
1214 2338 1293 2366 nobis
1309 2339 1419 2373 publica
1437 2339 1519 2366 lectio
1545 2348 1665 2375 unquam
1681 2342 1753 2367 Can-

964 2385 1010 2412 tici
1038 2385 1206 2412 canticorum
1230 2384 1302 2412 facta
1320 2389 1373 2418 est,
1393 2389 1524 2422 tanquam
1539 2386 1708 2415 domesticus
1728 2391 1754 2414 et

965 2431 1095 2466 nuptialis
1126 2431 1282 2459 Salomonis
1314 2432 1433 2461 convivii
1477 2437 1577 2461 cantus
1607 2433 1753 2469 opprobria

964 2483 1073 2510 sponsas
1094 2485 1205 2504 sonans.
1226 2487 1235 2502 ι

844 2586 886 2614 CA
893 2586 964 2615 PUT
986 2587 1036 2616 Ill.

557 2639 596 2660 DE
615 2641 775 2663 THEODORI
792 2642 823 2663 IN
839 2643 946 2665 LIBROS
966 2644 998 2665 Ν.
1017 2645 1046 2665 Τ.
1069 2645 1315 2668 COMMENTARIIS.

154 2688 260 2717 Novum
279 2688 498 2723 Testamentum,
516 2690 596 2725 cujus
609 2694 698 2719 oratio
715 2698 741 2720 et
756 2701 799 2721 res
819 2695 910 2724 minus

118 2734 286 2762 diﬁicultatis
304 2735 485 2767 exhiberem,
509 2737 597 2764 multo
622 2738 728 2766 felicius
749 2739 910 2769 Theodorus

118 2788 200 2815 quam
212 2780 297 2809 Vetus
312 2781 510 2817 interpretatus
526 2786 578 2810 est.
597 2782 747 2814 Sobrietas.
762 2795 815 2821 qua
833 2787 910 2821 plura

121 2827 152 2854 ν.
162 2825 194 2853 Τ.
210 2827 391 2862 interpretum
407 2832 562 2855 commenta
579 2828 615 2854 ita
629 2832 793 2864 t'ept‘olntvit,
806 2836 836 2859 ut
852 2834 910 2861 laus

117 2873 141 2899 ei
153 2871 226 2899 haud
239 2870 398 2908 deneganda
414 2872 461 2905 sit,
474 2880 562 2907 neque
574 2872 617 2899 hic
634 2873 730 2905 defuit,
747 2880 774 2902 et
789 2884 909 2911 [tersa-pe

117 2926 184 2947 sane
199 2925 254 2946 non
269 2925 300 2945 ea
315 2919 431 2954 singulis
444 2918 471 2945 in
489 2917 557 2945 locis
568 2918 754 2954 deprehendit,
769 2930 829 2956 quae
841 2923 908 2951 alio-

962 2703 1022 2722 rum
1047 2696 1237 2730 interpretum.
1269 2702 1299 2724 ut
1318 2698 1411 2734 Cyrilli
1428 2699 1517 2732 Alex.,
1545 2702 1684 2729 subtilitas
1711 2703 1753 2730 vel

961 2742 1042 2769 etiam
1055 2744 1176 2778 argutiae.
1204 2744 1337 2772 Przeterea
1356 2745 1383 2772 in
1399 2746 1604 2781 interpretando
1619 2739 1678 2774 eam
1695 2755 1752 2775 ver-

962 2789 1068 2820 borum,
1091 2790 1213 2816 locorum
1235 2795 1262 2818 ct
1281 2798 1371 2818 rerum
1387 2791 1598 2828 diligentissime
1615 2794 1750 2821 rationem

962 2835 1066 2866 habuit,
1093 2840 1121 2862 ut
1145 2836 1396 2870 interpretationem
1418 2838 1578 2866 historicam
1597 2840 1753 2873 grammati-

962 2887 1033 2911 cam,
1056 2887 1117 2914 quae
1136 2881 1245 2916 quidem
1262 2882 1289 2909 in
1305 2883 1350 2909 illa
1367 2887 1487 2919 tempora
1505 2884 1633 2917 caderet,
1657 2885 1752 2913 iniisse

962 2927 1115 2954 censendus
1137 2928 1182 2954 sit.
1202 2927 1273 2956 Bene
1291 2937 1356 2957 vero
1371 2938 1447 2958 more
1466 2939 1517 2959 suo
1531 2932 1647 2969 singulis
1662 2934 1752 2962 verbis
