  <div class='ocr_page' id='page_1' title='image "/cluster/home/n/w/nwhite01/storage/ocr_20150623/66/njp.32101077772695/032.png"; bbox 0 0 1940 3064; ppageno 0'>
   <div class='ocr_carea' id='block_1_1' title="bbox 146 167 179 195">
    <p class='ocr_par' dir='ltr' id='par_1_1' title="bbox 146 167 179 195">
     <span class='ocr_line' id='line_1_1' title="bbox 146 167 179 195; baseline -0.03 0"><span class='ocrx_word' id='word_1_1' title='bbox 146 167 179 195; x_wconf 70' lang='grc' dir='ltr'><strong>εδ</strong></span> 
     </span>
    </p>
   </div>
   <div class='ocr_carea' id='block_1_2' title="bbox 532 169 1372 200">
    <p class='ocr_par' dir='ltr' id='par_1_2' title="bbox 532 169 1372 200">
     <span class='ocr_line' id='line_1_2' title="bbox 532 169 1372 200; baseline 0.004 -4"><span class='ocrx_word' id='word_1_2' title='bbox 532 169 577 197; x_wconf 88' lang='lat' dir='ltr'><strong>DE</strong></span> <span class='ocrx_word' id='word_1_3' title='bbox 594 169 769 198; x_wconf 79' lang='lat' dir='ltr'><strong>THEODORI</strong></span> <span class='ocrx_word' id='word_1_4' title='bbox 789 169 1030 199; x_wconf 82' lang='lat' dir='ltr'><strong>MOPSUESTENI</strong></span> <span class='ocrx_word' id='word_1_5' title='bbox 1049 172 1130 199; x_wconf 74' lang='lat' dir='ltr'><strong>VITA</strong></span> <span class='ocrx_word' id='word_1_6' title='bbox 1142 172 1187 199; x_wconf 87' lang='lat' dir='ltr'><strong>ET</strong></span> <span class='ocrx_word' id='word_1_7' title='bbox 1207 171 1372 200; x_wconf 80' lang='lat' dir='ltr'><strong>SCIIIPTIS.</strong></span> 
     </span>
    </p>
   </div>
   <div class='ocr_carea' id='block_1_3' title="bbox 1731 175 1764 202">
    <p class='ocr_par' dir='ltr' id='par_1_3' title="bbox 1731 175 1764 202">
     <span class='ocr_line' id='line_1_3' title="bbox 1731 175 1764 202; baseline 0.03 -1"><span class='ocrx_word' id='word_1_8' title='bbox 1731 175 1764 202; x_wconf 65' lang='lat'><strong>5:&quot;</strong></span> 
     </span>
    </p>
   </div>
   <div class='ocr_carea' id='block_1_4' title="bbox 1549 186 1567 196">
    <p class='ocr_par' dir='ltr' id='par_1_4' title="bbox 1549 186 1567 196">
     <span class='ocr_line' id='line_1_4' title="bbox 1549 186 1567 196; baseline 0 -2"><span class='ocrx_word' id='word_1_9' title='bbox 1549 186 1567 196; x_wconf 57' lang='grc' dir='ltr'><em>κ</em></span> 
     </span>
    </p>
   </div>
   <div class='ocr_carea' id='block_1_5' title="bbox 146 221 1768 266">
    <p class='ocr_par' dir='ltr' id='par_1_5' title="bbox 146 221 1768 266">
     <span class='ocr_line' id='line_1_5' title="bbox 146 221 1768 266; baseline 0.006 -17"><span class='ocrx_word' id='word_1_10' title='bbox 146 223 238 254; x_wconf 80' lang='lat' dir='ltr'><strong>dorus.</strong></span> <span class='ocrx_word' id='word_1_11' title='bbox 256 221 390 252; x_wconf 83' lang='lat' dir='ltr'><strong>Ebediesu</strong></span> <span class='ocrx_word' id='word_1_12' title='bbox 406 228 475 252; x_wconf 82' lang='lat' dir='ltr'><strong>teste</strong></span> <span class='ocrx_word' id='word_1_13' title='bbox 488 224 506 251; x_wconf 93' lang='lat' dir='ltr'><strong>l.</strong></span> <span class='ocrx_word' id='word_1_14' title='bbox 524 232 563 258; x_wconf 88' lang='lat' dir='ltr'><strong>c.,</strong></span> <span class='ocrx_word' id='word_1_15' title='bbox 584 234 610 260; x_wconf 91' lang='lat' dir='ltr'><strong>p.</strong></span> <span class='ocrx_word' id='word_1_16' title='bbox 627 226 672 259; x_wconf 61' lang='lat'><strong>5&#39;2,</strong></span> <span class='ocrx_word' id='word_1_17' title='bbox 692 226 724 253; x_wconf 88' lang='lat' dir='ltr'><strong>ad</strong></span> <span class='ocrx_word' id='word_1_18' title='bbox 744 226 872 253; x_wconf 81' lang='lat' dir='ltr'><strong>Basilium</strong></span> <span class='ocrx_word' id='word_1_19' title='bbox 887 226 927 266; x_wconf 73' lang='grc' dir='ltr'><strong>(ᾳ)</strong></span> <span class='ocrx_word' id='word_1_20' title='bbox 943 230 965 258; x_wconf 80' lang='grc' dir='ltr'>Α</span> <span class='ocrx_word' id='word_1_21' title='bbox 980 228 1094 264; x_wconf 75' lang='lat' dir='ltr'><strong>intelligi</strong></span> <span class='ocrx_word' id='word_1_22' title='bbox 1111 228 1238 264; x_wconf 81' lang='lat' dir='ltr'><strong>conjecit.</strong></span> <span class='ocrx_word' id='word_1_23' title='bbox 1259 229 1306 264; x_wconf 87' lang='lat' dir='ltr'><strong>qui</strong></span> <span class='ocrx_word' id='word_1_24' title='bbox 1327 234 1355 256; x_wconf 88' lang='lat' dir='ltr'><strong>et</strong></span> <span class='ocrx_word' id='word_1_25' title='bbox 1378 228 1418 256; x_wconf 89' lang='lat' dir='ltr'><strong>vir</strong></span> <span class='ocrx_word' id='word_1_26' title='bbox 1434 229 1613 258; x_wconf 88' lang='lat' dir='ltr'><strong>doctissimus</strong></span> <span class='ocrx_word' id='word_1_27' title='bbox 1631 230 1725 259; x_wconf 82' lang='lat' dir='ltr'><strong>fuisset</strong></span> <span class='ocrx_word' id='word_1_28' title='bbox 1741 236 1768 260; x_wconf 72' lang='lat' dir='ltr'><strong>et</strong></span> 
     </span>
    </p>
   </div>
   <div class='ocr_carea' id='block_1_6' title="bbox 146 268 930 304">
    <p class='ocr_par' dir='ltr' id='par_1_6' title="bbox 146 268 930 304">
     <span class='ocr_line' id='line_1_6' title="bbox 146 268 930 304; baseline 0.005 -10"><span class='ocrx_word' id='word_1_29' title='bbox 146 268 266 303; x_wconf 60' lang='lat' dir='ltr'><strong>scripsit.</strong></span> <span class='ocrx_word' id='word_1_30' title='bbox 282 277 365 296; x_wconf 91' lang='lat' dir='ltr'><strong>unum</strong></span> <span class='ocrx_word' id='word_1_31' title='bbox 381 269 477 304; x_wconf 80' lang='lat' dir='ltr'><strong>fragm.</strong></span> <span class='ocrx_word' id='word_1_32' title='bbox 492 270 518 297; x_wconf 91' lang='lat' dir='ltr'><strong>in</strong></span> <span class='ocrx_word' id='word_1_33' title='bbox 534 271 594 298; x_wconf 81' lang='lat' dir='ltr'><strong>Act.</strong></span> <span class='ocrx_word' id='word_1_34' title='bbox 612 272 719 299; x_wconf 83' lang='lat' dir='ltr'><strong>concilii</strong></span> <span class='ocrx_word' id='word_1_35' title='bbox 734 271 829 298; x_wconf 88' lang='lat' dir='ltr'><strong>Const.</strong></span> <span class='ocrx_word' id='word_1_36' title='bbox 847 279 878 302; x_wconf 82' lang='grc' dir='ltr'><strong>ιι,</strong></span> <span class='ocrx_word' id='word_1_37' title='bbox 892 279 930 303; x_wconf 85' lang='lat' dir='ltr'><strong>1v.</strong></span> 
     </span>
    </p>
   </div>
   <div class='ocr_carea' id='block_1_7' title="bbox 147 315 930 352">
    <p class='ocr_par' dir='ltr' id='par_1_7' title="bbox 147 315 930 352">
     <span class='ocr_line' id='line_1_7' title="bbox 147 315 930 352; baseline 0.006 -13"><span class='ocrx_word' id='word_1_38' title='bbox 147 315 176 340; x_wconf 76' lang='lat' dir='ltr'><strong>lli</strong></span> <span class='ocrx_word' id='word_1_39' title='bbox 199 316 255 350; x_wconf 92' lang='lat'><strong>(—</strong></span> <span class='ocrx_word' id='word_1_40' title='bbox 267 315 336 342; x_wconf 79' lang='lat' dir='ltr'><strong>libro</strong></span> <span class='ocrx_word' id='word_1_41' title='bbox 353 316 449 350; x_wconf 83' lang='lat' dir='ltr'><strong>primo.</strong></span> <span class='ocrx_word' id='word_1_42' title='bbox 467 315 546 351; x_wconf 75' lang='lat' dir='ltr'><strong>Vigil.</strong></span> <span class='ocrx_word' id='word_1_43' title='bbox 563 317 657 344; x_wconf 81' lang='lat' dir='ltr'><strong>Const.</strong></span> <span class='ocrx_word' id='word_1_44' title='bbox 679 317 729 350; x_wconf 79' lang='lat' dir='ltr'><strong>i7;</strong></span> <span class='ocrx_word' id='word_1_45' title='bbox 751 317 852 352; x_wconf 78' lang='lat' dir='ltr'><strong>Pelagii</strong></span> <span class='ocrx_word' id='word_1_46' title='bbox 868 324 930 352; x_wconf 85' lang='lat' dir='ltr'><strong>pap.</strong></span> 
     </span>
    </p>
   </div>
   <div class='ocr_carea' id='block_1_8' title="bbox 145 362 931 398">
    <p class='ocr_par' dir='ltr' id='par_1_8' title="bbox 145 362 931 398">
     <span class='ocr_line' id='line_1_8' title="bbox 145 362 931 398; baseline 0.005 -11"><span class='ocrx_word' id='word_1_47' title='bbox 145 369 184 395; x_wconf 78' lang='lat' dir='ltr'><strong>rp.</strong></span> <span class='ocrx_word' id='word_1_48' title='bbox 203 363 231 393; x_wconf 82' lang='grc'>5,</span> <span class='ocrx_word' id='word_1_49' title='bbox 247 362 283 387; x_wconf 84' lang='lat' dir='ltr'><strong>ad</strong></span> <span class='ocrx_word' id='word_1_50' title='bbox 298 362 396 393; x_wconf 72' lang='lat' dir='ltr'><strong>Etiam.</strong></span> <span class='ocrx_word' id='word_1_51' title='bbox 413 363 430 389; x_wconf 94' lang='grc'>1.</span> <span class='ocrx_word' id='word_1_52' title='bbox 450 371 486 394; x_wconf 90' lang='lat' dir='ltr'><strong>c.,</strong></span> <span class='ocrx_word' id='word_1_53' title='bbox 505 371 530 398; x_wconf 90' lang='lat' dir='ltr'><strong>p.</strong></span> <span class='ocrx_word' id='word_1_54' title='bbox 549 363 611 394; x_wconf 65' lang='lat'><strong>429,</strong></span> <span class='ocrx_word' id='word_1_55' title='bbox 627 363 701 397; x_wconf 69' lang='grc'>450),</span> <span class='ocrx_word' id='word_1_56' title='bbox 718 364 752 390; x_wconf 90' lang='lat' dir='ltr'><strong>de</strong></span> <span class='ocrx_word' id='word_1_57' title='bbox 766 364 825 390; x_wconf 81' lang='lat' dir='ltr'><strong>Act.</strong></span> <span class='ocrx_word' id='word_1_58' title='bbox 843 372 872 395; x_wconf 82' lang='grc' dir='ltr'><strong>ιι,</strong></span> <span class='ocrx_word' id='word_1_59' title='bbox 885 363 931 395; x_wconf 76' lang='lat'><strong>58.</strong></span> 
     </span>
    </p>
   </div>
   <div class='ocr_carea' id='block_1_9' title="bbox 145 407 933 443">
    <p class='ocr_par' dir='ltr' id='par_1_9' title="bbox 145 407 933 443">
     <span class='ocr_line' id='line_1_9' title="bbox 145 407 933 443; baseline 0.004 -11"><span class='ocrx_word' id='word_1_60' title='bbox 145 407 292 433; x_wconf 82' lang='lat' dir='ltr'><strong>invenitur.</strong></span> <span class='ocrx_word' id='word_1_61' title='bbox 318 407 441 434; x_wconf 81' lang='lat' dir='ltr'><strong>Meminit</strong></span> <span class='ocrx_word' id='word_1_62' title='bbox 460 408 542 443; x_wconf 86' lang='lat' dir='ltr'><strong>hujus</strong></span> <span class='ocrx_word' id='word_1_63' title='bbox 563 409 753 435; x_wconf 79' lang='lat' dir='ltr'><strong>commentarii</strong></span> <span class='ocrx_word' id='word_1_64' title='bbox 774 413 802 435; x_wconf 87' lang='lat' dir='ltr'><strong>et</strong></span> <span class='ocrx_word' id='word_1_65' title='bbox 823 409 933 443; x_wconf 85' lang='lat' dir='ltr'><strong>exposi-</strong></span> 
     </span>
    </p>
   </div>
   <div class='ocr_carea' id='block_1_10' title="bbox 145 453 929 489">
    <p class='ocr_par' dir='ltr' id='par_1_10' title="bbox 145 453 929 489">
     <span class='ocr_line' id='line_1_10' title="bbox 145 453 929 489; baseline 0.006 -12"><span class='ocrx_word' id='word_1_66' title='bbox 145 453 224 479; x_wconf 82' lang='lat' dir='ltr'><strong>tionis</strong></span> <span class='ocrx_word' id='word_1_67' title='bbox 238 453 419 487; x_wconf 84' lang='lat' dir='ltr'><strong>quarumdam</strong></span> <span class='ocrx_word' id='word_1_68' title='bbox 440 454 506 489; x_wconf 84' lang='lat' dir='ltr'><strong>Epp.</strong></span> <span class='ocrx_word' id='word_1_69' title='bbox 526 453 603 481; x_wconf 87' lang='lat' dir='ltr'><strong>Pauli</strong></span> <span class='ocrx_word' id='word_1_70' title='bbox 624 454 799 482; x_wconf 82' lang='lat' dir='ltr'><strong>Abulbarcat.</strong></span> <span class='ocrx_word' id='word_1_71' title='bbox 825 455 861 481; x_wconf 85' lang='lat' dir='ltr'><strong>De</strong></span> <span class='ocrx_word' id='word_1_72' title='bbox 876 454 929 482; x_wconf 78' lang='lat' dir='ltr'><strong>diu.</strong></span> 
     </span>
    </p>
   </div>
   <div class='ocr_carea' id='block_1_11' title="bbox 143 497 684 534">
    <p class='ocr_par' dir='ltr' id='par_1_11' title="bbox 143 497 684 534">
     <span class='ocr_line' id='line_1_11' title="bbox 143 497 684 534; baseline 0.006 -10"><span class='ocrx_word' id='word_1_73' title='bbox 143 497 218 532; x_wconf 61' lang='lat' dir='ltr'><strong>ofﬂa,</strong></span> <span class='ocrx_word' id='word_1_74' title='bbox 235 506 262 525; x_wconf 87' lang='lat' dir='ltr'><strong>c.</strong></span> <span class='ocrx_word' id='word_1_75' title='bbox 280 499 306 525; x_wconf 89' lang='lat'><strong>7.</strong></span> <span class='ocrx_word' id='word_1_76' title='bbox 326 498 367 526; x_wconf 86' lang='lat' dir='ltr'><strong>Cf.</strong></span> <span class='ocrx_word' id='word_1_77' title='bbox 383 501 491 527; x_wconf 82' lang='lat' dir='ltr'><strong>Assem.</strong></span> <span class='ocrx_word' id='word_1_78' title='bbox 511 500 530 527; x_wconf 91' lang='lat' dir='ltr'><strong>I.</strong></span> <span class='ocrx_word' id='word_1_79' title='bbox 546 500 577 532; x_wconf 87' lang='lat' dir='ltr'><strong>l.,</strong></span> <span class='ocrx_word' id='word_1_80' title='bbox 596 508 622 534; x_wconf 91' lang='lat' dir='ltr'><strong>p.</strong></span> <span class='ocrx_word' id='word_1_81' title='bbox 640 500 684 528; x_wconf 76' lang='lat'><strong>50.</strong></span> 
     </span>
    </p>
   </div>
   <div class='ocr_carea' id='block_1_12' title="bbox 177 543 931 580">
    <p class='ocr_par' dir='ltr' id='par_1_12' title="bbox 177 543 931 580">
     <span class='ocr_line' id='line_1_12' title="bbox 177 543 931 580; baseline 0.003 -10"><span class='ocrx_word' id='word_1_82' title='bbox 177 543 280 570; x_wconf 88' lang='lat' dir='ltr'><strong>Omnes</strong></span> <span class='ocrx_word' id='word_1_83' title='bbox 295 543 371 571; x_wconf 90' lang='lat' dir='ltr'><strong>Pauli</strong></span> <span class='ocrx_word' id='word_1_84' title='bbox 389 544 525 579; x_wconf 86' lang='lat' dir='ltr'><strong>Epistolas</strong></span> <span class='ocrx_word' id='word_1_85' title='bbox 539 549 566 572; x_wconf 89' lang='lat' dir='ltr'><strong>et</strong></span> <span class='ocrx_word' id='word_1_86' title='bbox 585 545 733 580; x_wconf 86' lang='lat' dir='ltr'><strong>Epistolam</strong></span> <span class='ocrx_word' id='word_1_87' title='bbox 750 545 783 572; x_wconf 88' lang='lat' dir='ltr'><strong>ad</strong></span> <span class='ocrx_word' id='word_1_88' title='bbox 802 545 931 573; x_wconf 74' lang='lat' dir='ltr'><strong>Hebrmos</strong></span> 
     </span>
    </p>
   </div>
   <div class='ocr_carea' id='block_1_13' title="bbox 144 588 930 626">
    <p class='ocr_par' dir='ltr' id='par_1_13' title="bbox 144 588 930 626">
     <span class='ocr_line' id='line_1_13' title="bbox 144 588 930 626; baseline 0.003 -10"><span class='ocrx_word' id='word_1_89' title='bbox 144 597 157 615; x_wconf 85' lang='lat' dir='ltr'><strong>a</strong></span> <span class='ocrx_word' id='word_1_90' title='bbox 173 588 320 617; x_wconf 86' lang='lat' dir='ltr'><strong>Theodoro</strong></span> <span class='ocrx_word' id='word_1_91' title='bbox 333 591 484 625; x_wconf 81' lang='lat' dir='ltr'><strong>explicatas</strong></span> <span class='ocrx_word' id='word_1_92' title='bbox 496 599 557 618; x_wconf 85' lang='lat' dir='ltr'><strong>esse</strong></span> <span class='ocrx_word' id='word_1_93' title='bbox 573 590 633 626; x_wconf 87' lang='lat' dir='ltr'><strong>(Ep.</strong></span> <span class='ocrx_word' id='word_1_94' title='bbox 650 591 682 618; x_wconf 88' lang='lat' dir='ltr'><strong>ad</strong></span> <span class='ocrx_word' id='word_1_95' title='bbox 699 590 777 618; x_wconf 84' lang='lat' dir='ltr'><strong>Rom.</strong></span> <span class='ocrx_word' id='word_1_96' title='bbox 795 591 827 617; x_wconf 84' lang='lat' dir='ltr'><strong>ad</strong></span> <span class='ocrx_word' id='word_1_97' title='bbox 844 591 930 618; x_wconf 87' lang='lat' dir='ltr'><strong>Euse-</strong></span> 
     </span>
    </p>
   </div>
   <div class='ocr_carea' id='block_1_14' title="bbox 144 636 929 672">
    <p class='ocr_par' dir='ltr' id='par_1_14' title="bbox 144 636 929 672">
     <span class='ocr_line' id='line_1_14' title="bbox 144 636 929 672; baseline 0.004 -11"><span class='ocrx_word' id='word_1_98' title='bbox 144 637 226 666; x_wconf 82' lang='lat' dir='ltr'><strong>l-ium,</strong></span> <span class='ocrx_word' id='word_1_99' title='bbox 240 636 311 663; x_wconf 86' lang='lat' dir='ltr'><strong>duas</strong></span> <span class='ocrx_word' id='word_1_100' title='bbox 325 636 359 663; x_wconf 91' lang='lat' dir='ltr'><strong>ad</strong></span> <span class='ocrx_word' id='word_1_101' title='bbox 373 636 437 664; x_wconf 90' lang='lat' dir='ltr'><strong>Cor.</strong></span> <span class='ocrx_word' id='word_1_102' title='bbox 452 641 549 672; x_wconf 75' lang='lat' dir='ltr'><strong>rogatu</strong></span> <span class='ocrx_word' id='word_1_103' title='bbox 562 636 709 668; x_wconf 85' lang='lat' dir='ltr'><strong>Theodori,</strong></span> <span class='ocrx_word' id='word_1_104' title='bbox 730 636 796 671; x_wconf 84' lang='lat' dir='ltr'><strong>Epp.</strong></span> <span class='ocrx_word' id='word_1_105' title='bbox 812 637 844 664; x_wconf 90' lang='lat' dir='ltr'><strong>ad</strong></span> <span class='ocrx_word' id='word_1_106' title='bbox 858 637 929 669; x_wconf 82' lang='lat' dir='ltr'><strong>Gal.,</strong></span> 
     </span>
    </p>
   </div>
   <div class='ocr_carea' id='block_1_15' title="bbox 144 681 930 717">
    <p class='ocr_par' dir='ltr' id='par_1_15' title="bbox 144 681 930 717">
     <span class='ocr_line' id='line_1_15' title="bbox 144 681 930 717; baseline 0.004 -10"><span class='ocrx_word' id='word_1_107' title='bbox 144 682 222 716; x_wconf 65' lang='lat' dir='ltr'><strong>liph.,</strong></span> <span class='ocrx_word' id='word_1_108' title='bbox 249 681 382 717; x_wconf 66' lang='lat' dir='ltr'><strong>Philipp,</strong></span> <span class='ocrx_word' id='word_1_109' title='bbox 409 682 517 710; x_wconf 77' lang='lat' dir='ltr'><strong>Coloss.</strong></span> <span class='ocrx_word' id='word_1_110' title='bbox 546 690 603 717; x_wconf 68' lang='grc' dir='ltr'><strong>τος.</strong></span> <span class='ocrx_word' id='word_1_111' title='bbox 630 683 772 715; x_wconf 86' lang='lat' dir='ltr'><strong>Eustralii,</strong></span> <span class='ocrx_word' id='word_1_112' title='bbox 803 683 869 717; x_wconf 75' lang='lat' dir='ltr'><strong>Epp.</strong></span> <span class='ocrx_word' id='word_1_113' title='bbox 897 684 930 710; x_wconf 84' lang='lat' dir='ltr'><strong>ad</strong></span> 
     </span>
    </p>
   </div>
   <div class='ocr_carea' id='block_1_16' title="bbox 143 727 928 764">
    <p class='ocr_par' dir='ltr' id='par_1_16' title="bbox 143 727 928 764">
     <span class='ocr_line' id='line_1_16' title="bbox 143 727 928 764; baseline 0.001 -10"><span class='ocrx_word' id='word_1_114' title='bbox 143 727 238 755; x_wconf 79' lang='lat' dir='ltr'><strong>Thess.</strong></span> <span class='ocrx_word' id='word_1_115' title='bbox 264 736 322 762; x_wconf 75' lang='lat' dir='ltr'><strong>mg.</strong></span> <span class='ocrx_word' id='word_1_116' title='bbox 349 728 452 759; x_wconf 77' lang='lat' dir='ltr'><strong>Jacobi,</strong></span> <span class='ocrx_word' id='word_1_117' title='bbox 474 727 542 764; x_wconf 86' lang='lat' dir='ltr'><strong>Epp.</strong></span> <span class='ocrx_word' id='word_1_118' title='bbox 556 729 588 755; x_wconf 90' lang='lat' dir='ltr'><strong>ad</strong></span> <span class='ocrx_word' id='word_1_119' title='bbox 605 728 738 758; x_wconf 76' lang='lat' dir='ltr'><strong>Timoth.,</strong></span> <span class='ocrx_word' id='word_1_120' title='bbox 759 728 791 755; x_wconf 88' lang='lat' dir='ltr'><strong>ad</strong></span> <span class='ocrx_word' id='word_1_121' title='bbox 808 729 928 761; x_wconf 81' lang='lat' dir='ltr'><strong>Petrum,</strong></span> 
     </span>
    </p>
   </div>
   <div class='ocr_carea' id='block_1_17' title="bbox 143 772 928 810">
    <p class='ocr_par' dir='ltr' id='par_1_17' title="bbox 143 772 928 810">
     <span class='ocr_line' id='line_1_17' title="bbox 143 772 928 810; baseline 0.005 -12"><span class='ocrx_word' id='word_1_122' title='bbox 143 772 207 807; x_wconf 74' lang='lat' dir='ltr'><strong>Epp.</strong></span> <span class='ocrx_word' id='word_1_123' title='bbox 225 773 260 799; x_wconf 86' lang='lat' dir='ltr'><strong>ad</strong></span> <span class='ocrx_word' id='word_1_124' title='bbox 283 772 338 800; x_wconf 82' lang='lat' dir='ltr'><strong>Tit.</strong></span> <span class='ocrx_word' id='word_1_125' title='bbox 356 778 382 801; x_wconf 91' lang='lat' dir='ltr'><strong>et</strong></span> <span class='ocrx_word' id='word_1_126' title='bbox 400 773 513 801; x_wconf 79' lang='lat' dir='ltr'><strong>Philem.</strong></span> <span class='ocrx_word' id='word_1_127' title='bbox 533 781 592 809; x_wconf 67' lang='grc' dir='ltr'><strong>τος.</strong></span> <span class='ocrx_word' id='word_1_128' title='bbox 610 774 716 809; x_wconf 88' lang='lat' dir='ltr'><strong>Cyrini.</strong></span> <span class='ocrx_word' id='word_1_129' title='bbox 732 774 781 810; x_wconf 87' lang='lat' dir='ltr'><strong>Ep.</strong></span> <span class='ocrx_word' id='word_1_130' title='bbox 796 775 829 801; x_wconf 86' lang='lat' dir='ltr'><strong>ad</strong></span> <span class='ocrx_word' id='word_1_131' title='bbox 847 774 928 803; x_wconf 84' lang='lat' dir='ltr'><strong>Hebr.</strong></span> 
     </span>
    </p>
   </div>
   <div class='ocr_carea' id='block_1_18' title="bbox 143 817 926 854">
    <p class='ocr_par' dir='ltr' id='par_1_18' title="bbox 143 817 926 854">
     <span class='ocr_line' id='line_1_18' title="bbox 143 817 926 854; baseline 0.004 -10"><span class='ocrx_word' id='word_1_132' title='bbox 143 818 173 844; x_wconf 83' lang='lat' dir='ltr'><strong>ad</strong></span> <span class='ocrx_word' id='word_1_133' title='bbox 188 817 344 852; x_wconf 84' lang='lat' dir='ltr'><strong>Cyrinum)</strong></span> <span class='ocrx_word' id='word_1_134' title='bbox 371 819 494 853; x_wconf 86' lang='lat' dir='ltr'><strong>perhibet</strong></span> <span class='ocrx_word' id='word_1_135' title='bbox 516 818 649 846; x_wconf 78' lang='lat' dir='ltr'><strong>Ebedirsu</strong></span> <span class='ocrx_word' id='word_1_136' title='bbox 675 819 693 846; x_wconf 93' lang='lat' dir='ltr'><strong>l.</strong></span> <span class='ocrx_word' id='word_1_137' title='bbox 709 827 748 849; x_wconf 86' lang='lat' dir='ltr'><strong>c..</strong></span> <span class='ocrx_word' id='word_1_138' title='bbox 774 828 799 854; x_wconf 90' lang='lat' dir='ltr'><strong>p.</strong></span> <span class='ocrx_word' id='word_1_139' title='bbox 817 820 861 849; x_wconf 71' lang='lat'><strong>5:2.</strong></span> <span class='ocrx_word' id='word_1_140' title='bbox 881 820 926 847; x_wconf 77' lang='grc'><strong>35.</strong></span> 
     </span>
    </p>
   </div>
   <div class='ocr_carea' id='block_1_19' title="bbox 143 861 930 899">
    <p class='ocr_par' dir='ltr' id='par_1_19' title="bbox 143 861 930 899">
     <span class='ocr_line' id='line_1_19' title="bbox 143 861 930 899; baseline 0.001 -9"><span class='ocrx_word' id='word_1_141' title='bbox 143 861 271 891; x_wconf 74' lang='lat' dir='ltr'><strong>Leontius</strong></span> <span class='ocrx_word' id='word_1_142' title='bbox 299 864 317 890; x_wconf 93' lang='lat' dir='ltr'><strong>l.</strong></span> <span class='ocrx_word' id='word_1_143' title='bbox 346 872 371 891; x_wconf 91' lang='lat' dir='ltr'><strong>c.</strong></span> <span class='ocrx_word' id='word_1_144' title='bbox 402 863 485 897; x_wconf 77' lang='lat' dir='ltr'><strong>(Mai.</strong></span> <span class='ocrx_word' id='word_1_145' title='bbox 515 865 531 890; x_wconf 90' lang='lat' dir='ltr'><strong>l.</strong></span> <span class='ocrx_word' id='word_1_146' title='bbox 558 864 587 894; x_wconf 94' lang='lat' dir='ltr'><strong>l.,</strong></span> <span class='ocrx_word' id='word_1_147' title='bbox 609 872 647 897; x_wconf 81' lang='lat' dir='ltr'><strong>Vl,</strong></span> <span class='ocrx_word' id='word_1_148' title='bbox 668 873 694 898; x_wconf 86' lang='grc' dir='ltr'><strong>ι).</strong></span> <span class='ocrx_word' id='word_1_149' title='bbox 710 865 773 899; x_wconf 73' lang='lat'><strong>299)</strong></span> <span class='ocrx_word' id='word_1_150' title='bbox 796 869 930 891; x_wconf 66' lang='lat' dir='ltr'><strong>iuenurrat</strong></span> 
     </span>
    </p>
   </div>
   <div class='ocr_carea' id='block_1_20' title="bbox 141 908 929 945">
    <p class='ocr_par' dir='ltr' id='par_1_20' title="bbox 141 908 929 945">
     <span class='ocr_line' id='line_1_20' title="bbox 141 908 929 945; baseline 0.001 -11"><span class='ocrx_word' id='word_1_151' title='bbox 141 908 188 942; x_wconf 76' lang='grc' dir='ltr'><strong>τὴν</strong></span> <span class='ocrx_word' id='word_1_152' title='bbox 213 910 403 944; x_wconf 60' lang='grc' dir='ltr'><strong>παρεξήγησιν</strong></span> <span class='ocrx_word' id='word_1_153' title='bbox 418 911 488 943; x_wconf 87' lang='lat' dir='ltr'><strong>ejus,</strong></span> <span class='ocrx_word' id='word_1_154' title='bbox 514 910 547 944; x_wconf 80' lang='grc' dir='ltr'>ἢν</span> <span class='ocrx_word' id='word_1_155' title='bbox 564 910 604 941; x_wconf 83' lang='grc' dir='ltr'>εἰς</span> <span class='ocrx_word' id='word_1_156' title='bbox 627 909 676 944; x_wconf 84' lang='grc' dir='ltr'><strong>τὴν</strong></span> <span class='ocrx_word' id='word_1_157' title='bbox 695 910 763 945; x_wconf 80' lang='grc' dir='ltr'>πρὸς</span> <span class='ocrx_word' id='word_1_158' title='bbox 787 910 929 945; x_wconf 68' lang='grc' dir='ltr'><strong>Ἐϋρσιῑους</strong></span> 
     </span>
    </p>
   </div>
   <div class='ocr_carea' id='block_1_21' title="bbox 149 953 928 990">
    <p class='ocr_par' dir='ltr' id='par_1_21' title="bbox 149 953 928 990">
     <span class='ocr_line' id='line_1_21' title="bbox 149 953 928 990; baseline 0.003 -11"><span class='ocrx_word' id='word_1_159' title='bbox 149 953 307 989; x_wconf 76' lang='grc' dir='ltr'><strong>Ἐπιστολὴν</strong></span> <span class='ocrx_word' id='word_1_160' title='bbox 330 955 475 990; x_wconf 79' lang='grc' dir='ltr'>πεποίηται</span> <span class='ocrx_word' id='word_1_161' title='bbox 493 956 539 982; x_wconf 74' lang='grc' dir='ltr'><strong>καὶ</strong></span> <span class='ocrx_word' id='word_1_162' title='bbox 562 955 614 990; x_wconf 85' lang='grc' dir='ltr'><strong>μὴν</strong></span> <span class='ocrx_word' id='word_1_163' title='bbox 629 955 674 981; x_wconf 70' lang='grc' dir='ltr'><strong>καὶ</strong></span> <span class='ocrx_word' id='word_1_164' title='bbox 696 956 734 986; x_wconf 76' lang='grc' dir='ltr'><strong>εἰς</strong></span> <span class='ocrx_word' id='word_1_165' title='bbox 749 957 799 990; x_wconf 76' lang='grc' dir='ltr'><strong>τὴν</strong></span> <span class='ocrx_word' id='word_1_166' title='bbox 814 955 844 987; x_wconf 61' lang='grc' dir='ltr'><strong>(ἵ)</strong></span> <span class='ocrx_word' id='word_1_167' title='bbox 862 956 928 990; x_wconf 56' lang='grc' dir='ltr'><strong>πρῆς</strong></span> 
     </span>
    </p>
   </div>
   <div class='ocr_carea' id='block_1_22' title="bbox 143 999 928 1034">
    <p class='ocr_par' dir='ltr' id='par_1_22' title="bbox 143 999 928 1034">
     <span class='ocr_line' id='line_1_22' title="bbox 143 999 928 1034; baseline 0.001 -9"><span class='ocrx_word' id='word_1_168' title='bbox 143 999 302 1034; x_wconf 76' lang='grc' dir='ltr'><strong>Κορινθίους</strong></span> <span class='ocrx_word' id='word_1_169' title='bbox 324 1001 371 1026; x_wconf 80' lang='grc' dir='ltr'><strong>καὶ</strong></span> <span class='ocrx_word' id='word_1_170' title='bbox 395 1000 526 1031; x_wconf 81' lang='grc' dir='ltr'><strong>Γαλάτας,</strong></span> <span class='ocrx_word' id='word_1_171' title='bbox 545 1015 578 1019; x_wconf 89' lang='grc'><strong>-</strong></span> <span class='ocrx_word' id='word_1_172' title='bbox 600 999 668 1027; x_wconf 92' lang='lat' dir='ltr'><strong>Cum</strong></span> <span class='ocrx_word' id='word_1_173' title='bbox 685 1000 876 1027; x_wconf 86' lang='lat' dir='ltr'><strong>Theodnrctus</strong></span> <span class='ocrx_word' id='word_1_174' title='bbox 900 1000 928 1026; x_wconf 92' lang='lat' dir='ltr'><strong>in</strong></span> 
     </span>
    </p>
   </div>
   <div class='ocr_carea' id='block_1_23' title="bbox 144 1045 929 1081">
    <p class='ocr_par' dir='ltr' id='par_1_23' title="bbox 144 1045 929 1081">
     <span class='ocr_line' id='line_1_23' title="bbox 144 1045 929 1081; baseline 0 -10"><span class='ocrx_word' id='word_1_175' title='bbox 144 1045 217 1072; x_wconf 75' lang='lat' dir='ltr'><strong>Praef.</strong></span> <span class='ocrx_word' id='word_1_176' title='bbox 235 1046 263 1072; x_wconf 91' lang='lat' dir='ltr'><strong>in</strong></span> <span class='ocrx_word' id='word_1_177' title='bbox 279 1045 357 1072; x_wconf 83' lang='lat' dir='ltr'><strong>Pauli</strong></span> <span class='ocrx_word' id='word_1_178' title='bbox 369 1046 437 1080; x_wconf 80' lang='lat' dir='ltr'><strong>Epp.</strong></span> <span class='ocrx_word' id='word_1_179' title='bbox 452 1046 585 1073; x_wconf 86' lang='lat' dir='ltr'><strong>scriberet</strong></span> <span class='ocrx_word' id='word_1_180' title='bbox 602 1055 608 1073; x_wconf 70' lang='grc' dir='ltr'><em>ς</em></span> <span class='ocrx_word' id='word_1_181' title='bbox 625 1061 659 1066; x_wconf 95' lang='grc'><strong><em>-</em></strong></span> <span class='ocrx_word' id='word_1_182' title='bbox 673 1045 821 1077; x_wconf 74' lang='grc' dir='ltr'><strong>Αὺθαδεξεις</strong></span> <span class='ocrx_word' id='word_1_183' title='bbox 837 1054 870 1081; x_wconf 87' lang='grc' dir='ltr'><strong>με</strong></span> <span class='ocrx_word' id='word_1_184' title='bbox 882 1054 929 1072; x_wconf 88' lang='grc' dir='ltr'><strong>τυ-</strong></span> 
     </span>
    </p>
   </div>
   <div class='ocr_carea' id='block_1_24' title="bbox 143 1089 928 1125">
    <p class='ocr_par' dir='ltr' id='par_1_24' title="bbox 143 1089 928 1125">
     <span class='ocr_line' id='line_1_24' title="bbox 143 1089 928 1125; baseline 0.003 -11"><span class='ocrx_word' id='word_1_185' title='bbox 143 1089 185 1123; x_wconf 72' lang='grc' dir='ltr'><strong>χὸν</strong></span> <span class='ocrx_word' id='word_1_186' title='bbox 195 1090 242 1116; x_wconf 73' lang='grc' dir='ltr'><strong>καὶ</strong></span> <span class='ocrx_word' id='word_1_187' title='bbox 254 1089 425 1125; x_wconf 73' lang='grc' dir='ltr'><strong>θρασύτητος</strong></span> <span class='ocrx_word' id='word_1_188' title='bbox 437 1089 587 1125; x_wconf 57' lang='grc' dir='ltr'><strong>γράφονται</strong></span> <span class='ocrx_word' id='word_1_189' title='bbox 601 1090 671 1125; x_wconf 74' lang='grc' dir='ltr'>μετὰ</span> <span class='ocrx_word' id='word_1_190' title='bbox 685 1090 729 1117; x_wconf 82' lang='grc' dir='ltr'><strong>τὸν</strong></span> <span class='ocrx_word' id='word_1_191' title='bbox 742 1090 814 1116; x_wconf 79' lang='grc' dir='ltr'>δεῖνα</span> <span class='ocrx_word' id='word_1_192' title='bbox 826 1090 873 1116; x_wconf 70' lang='grc' dir='ltr'><strong>καὶ</strong></span> <span class='ocrx_word' id='word_1_193' title='bbox 884 1089 928 1116; x_wconf 70' lang='grc' dir='ltr'><strong>τὸν</strong></span> 
     </span>
    </p>
   </div>
   <div class='ocr_carea' id='block_1_25' title="bbox 142 1136 930 1173">
    <p class='ocr_par' dir='ltr' id='par_1_25' title="bbox 142 1136 930 1173">
     <span class='ocr_line' id='line_1_25' title="bbox 142 1136 930 1173; baseline 0.003 -11"><span class='ocrx_word' id='word_1_194' title='bbox 142 1136 222 1167; x_wconf 64' lang='grc' dir='ltr'>δεῖνα,</span> <span class='ocrx_word' id='word_1_195' title='bbox 241 1138 307 1168; x_wconf 74' lang='grc' dir='ltr'>τοὺς</span> <span class='ocrx_word' id='word_1_196' title='bbox 321 1137 371 1172; x_wconf 78' lang='grc' dir='ltr'><strong>τῆς</strong></span> <span class='ocrx_word' id='word_1_197' title='bbox 393 1138 553 1173; x_wconf 71' lang='grc' dir='ltr'><strong>οἰκουμένης</strong></span> <span class='ocrx_word' id='word_1_198' title='bbox 569 1138 725 1173; x_wconf 77' lang='grc' dir='ltr'><strong>φωστῆρας,</strong></span> <span class='ocrx_word' id='word_1_199' title='bbox 744 1138 794 1173; x_wconf 84' lang='grc' dir='ltr'><strong>τῆς</strong></span> <span class='ocrx_word' id='word_1_200' title='bbox 815 1138 930 1164; x_wconf 78' lang='grc' dir='ltr'>ἀποστο-</span> 
     </span>
    </p>
   </div>
   <div class='ocr_carea' id='block_1_26' title="bbox 143 1183 927 1219">
    <p class='ocr_par' dir='ltr' id='par_1_26' title="bbox 143 1183 927 1219">
     <span class='ocr_line' id='line_1_26' title="bbox 143 1183 927 1219; baseline 0.005 -12"><span class='ocrx_word' id='word_1_201' title='bbox 143 1183 215 1218; x_wconf 72' lang='grc' dir='ltr'><strong>ὶικῆς</strong></span> <span class='ocrx_word' id='word_1_202' title='bbox 232 1184 385 1218; x_wconf 72' lang='grc' dir='ltr'><strong>ἑρμηνείας</strong></span> <span class='ocrx_word' id='word_1_203' title='bbox 410 1185 632 1219; x_wconf 81' lang='grc' dir='ltr'><strong>κατατολμῶντα,</strong></span> <span class='ocrx_word' id='word_1_204' title='bbox 655 1184 727 1211; x_wconf 85' lang='lat' dir='ltr'><strong>haud</strong></span> <span class='ocrx_word' id='word_1_205' title='bbox 745 1185 828 1212; x_wconf 83' lang='lat' dir='ltr'><strong>dubie</strong></span> <span class='ocrx_word' id='word_1_206' title='bbox 845 1185 927 1212; x_wconf 90' lang='lat' dir='ltr'><strong>etiam</strong></span> 
     </span>
    </p>
   </div>
   <div class='ocr_carea' id='block_1_27' title="bbox 141 1225 928 1264">
    <p class='ocr_par' dir='ltr' id='par_1_27' title="bbox 141 1225 928 1264">
     <span class='ocr_line' id='line_1_27' title="bbox 141 1225 928 1264; baseline 0.001 -10"><span class='ocrx_word' id='word_1_207' title='bbox 141 1229 172 1256; x_wconf 85' lang='lat' dir='ltr'><strong>ad</strong></span> <span class='ocrx_word' id='word_1_208' title='bbox 187 1227 364 1256; x_wconf 86' lang='lat' dir='ltr'><strong>Theodorum</strong></span> <span class='ocrx_word' id='word_1_209' title='bbox 385 1230 514 1264; x_wconf 77' lang='lat' dir='ltr'><strong>respexit.</strong></span> <span class='ocrx_word' id='word_1_210' title='bbox 532 1230 580 1257; x_wconf 88' lang='lat' dir='ltr'><strong>sed</strong></span> <span class='ocrx_word' id='word_1_211' title='bbox 598 1225 691 1257; x_wconf 70' lang='lat' dir='ltr'><strong>errore</strong></span> <span class='ocrx_word' id='word_1_212' title='bbox 713 1229 860 1257; x_wconf 86' lang='lat' dir='ltr'><strong>observant</strong></span> <span class='ocrx_word' id='word_1_213' title='bbox 877 1230 928 1256; x_wconf 89' lang='lat' dir='ltr'><strong>Ca-</strong></span> 
     </span>
    </p>
   </div>
   <div class='ocr_carea' id='block_1_28' title="bbox 144 1275 928 1311">
    <p class='ocr_par' dir='ltr' id='par_1_28' title="bbox 144 1275 928 1311">
     <span class='ocr_line' id='line_1_28' title="bbox 144 1275 928 1311; baseline 0.001 -9"><span class='ocrx_word' id='word_1_214' title='bbox 144 1283 204 1303; x_wconf 73' lang='lat' dir='ltr'><strong>veus</strong></span> <span class='ocrx_word' id='word_1_215' title='bbox 217 1276 236 1302; x_wconf 90' lang='grc' dir='ltr'>Ι.</span> <span class='ocrx_word' id='word_1_216' title='bbox 254 1276 288 1307; x_wconf 92' lang='lat' dir='ltr'><strong>l.,</strong></span> <span class='ocrx_word' id='word_1_217' title='bbox 312 1284 339 1310; x_wconf 93' lang='lat' dir='ltr'><strong>p.</strong></span> <span class='ocrx_word' id='word_1_218' title='bbox 355 1275 418 1307; x_wconf 63' lang='lat'><strong>248,</strong></span> <span class='ocrx_word' id='word_1_219' title='bbox 432 1280 459 1303; x_wconf 87' lang='lat' dir='ltr'><strong>et</strong></span> <span class='ocrx_word' id='word_1_220' title='bbox 485 1276 593 1303; x_wconf 84' lang='lat' dir='ltr'><strong>Assem.</strong></span> <span class='ocrx_word' id='word_1_221' title='bbox 614 1277 631 1304; x_wconf 93' lang='lat' dir='ltr'><strong>l.</strong></span> <span class='ocrx_word' id='word_1_222' title='bbox 657 1277 686 1308; x_wconf 90' lang='lat' dir='ltr'><strong>l.,</strong></span> <span class='ocrx_word' id='word_1_223' title='bbox 711 1285 738 1311; x_wconf 91' lang='lat' dir='ltr'><strong>p.</strong></span> <span class='ocrx_word' id='word_1_224' title='bbox 753 1276 798 1307; x_wconf 78' lang='grc'><strong>52,</strong></span> <span class='ocrx_word' id='word_1_225' title='bbox 815 1280 928 1303; x_wconf 87' lang='lat' dir='ltr'><strong>auctore</strong></span> 
     </span>
    </p>
   </div>
   <div class='ocr_carea' id='block_1_29' title="bbox 142 1320 928 1356">
    <p class='ocr_par' dir='ltr' id='par_1_29' title="bbox 142 1320 928 1356">
     <span class='ocr_line' id='line_1_29' title="bbox 142 1320 928 1356; baseline 0.003 -9"><span class='ocrx_word' id='word_1_226' title='bbox 142 1320 313 1349; x_wconf 83' lang='lat' dir='ltr'><strong>Theodoreto</strong></span> <span class='ocrx_word' id='word_1_227' title='bbox 327 1329 423 1348; x_wconf 88' lang='lat' dir='ltr'><strong>omnes</strong></span> <span class='ocrx_word' id='word_1_228' title='bbox 437 1321 514 1349; x_wconf 82' lang='lat' dir='ltr'><strong>Pauli</strong></span> <span class='ocrx_word' id='word_1_229' title='bbox 532 1322 668 1356; x_wconf 84' lang='lat' dir='ltr'><strong>Epistolas</strong></span> <span class='ocrx_word' id='word_1_230' title='bbox 683 1330 697 1348; x_wconf 88' lang='lat' dir='ltr'><strong>a</strong></span> <span class='ocrx_word' id='word_1_231' title='bbox 713 1321 856 1349; x_wconf 88' lang='lat' dir='ltr'><strong>Theodoro</strong></span> <span class='ocrx_word' id='word_1_232' title='bbox 869 1321 928 1349; x_wconf 78' lang='lat' dir='ltr'><strong>fuse</strong></span> 
     </span>
    </p>
   </div>
   <div class='ocr_carea' id='block_1_30' title="bbox 142 1366 926 1402">
    <p class='ocr_par' dir='ltr' id='par_1_30' title="bbox 142 1366 926 1402">
     <span class='ocr_line' id='line_1_30' title="bbox 142 1366 926 1402; baseline 0.004 -11"><span class='ocrx_word' id='word_1_233' title='bbox 142 1366 290 1400; x_wconf 75' lang='lat' dir='ltr'><strong>explicatas</strong></span> <span class='ocrx_word' id='word_1_234' title='bbox 309 1374 382 1394; x_wconf 86' lang='lat' dir='ltr'><strong>esse.</strong></span> <span class='ocrx_word' id='word_1_235' title='bbox 399 1382 433 1387; x_wconf 90' lang='lat'><strong>—</strong></span> <span class='ocrx_word' id='word_1_236' title='bbox 455 1367 616 1402; x_wconf 76' lang='lat' dir='ltr'><strong>Fragmenta</strong></span> <span class='ocrx_word' id='word_1_237' title='bbox 640 1372 704 1394; x_wconf 80' lang='lat' dir='ltr'><strong>sunt</strong></span> <span class='ocrx_word' id='word_1_238' title='bbox 721 1368 747 1394; x_wconf 96' lang='lat' dir='ltr'><strong>in</strong></span> <span class='ocrx_word' id='word_1_239' title='bbox 770 1367 830 1394; x_wconf 83' lang='lat' dir='ltr'><strong>Cat.</strong></span> <span class='ocrx_word' id='word_1_240' title='bbox 853 1367 926 1395; x_wconf 89' lang='lat' dir='ltr'><strong>ined.</strong></span> 
     </span>
    </p>
   </div>
   <div class='ocr_carea' id='block_1_31' title="bbox 142 1411 926 1444">
    <p class='ocr_par' dir='ltr' id='par_1_31' title="bbox 142 1411 926 1444">
     <span class='ocr_line' id='line_1_31' title="bbox 142 1411 926 1444; baseline 0.004 -7"><span class='ocrx_word' id='word_1_241' title='bbox 142 1412 198 1438; x_wconf 85' lang='lat' dir='ltr'><strong>rod.</strong></span> <span class='ocrx_word' id='word_1_242' title='bbox 218 1411 312 1442; x_wconf 82' lang='lat' dir='ltr'><strong>CCIV.</strong></span> <span class='ocrx_word' id='word_1_243' title='bbox 328 1416 365 1442; x_wconf 83' lang='lat' dir='ltr'><strong>et.</strong></span> <span class='ocrx_word' id='word_1_244' title='bbox 390 1417 418 1438; x_wconf 91' lang='lat' dir='ltr'><strong>ut</strong></span> <span class='ocrx_word' id='word_1_245' title='bbox 442 1412 550 1439; x_wconf 80' lang='lat' dir='ltr'><strong>videtur</strong></span> <span class='ocrx_word' id='word_1_246' title='bbox 565 1412 683 1444; x_wconf 74' lang='lat' dir='ltr'><strong>XXVIII,</strong></span> <span class='ocrx_word' id='word_1_247' title='bbox 701 1412 784 1444; x_wconf 75' lang='lat' dir='ltr'><strong>XXX,</strong></span> <span class='ocrx_word' id='word_1_248' title='bbox 802 1413 926 1440; x_wconf 80' lang='lat' dir='ltr'><strong>bibliotb.</strong></span> 
     </span>
    </p>
   </div>
   <div class='ocr_carea' id='block_1_32' title="bbox 142 1457 928 1494">
    <p class='ocr_par' dir='ltr' id='par_1_32' title="bbox 142 1457 928 1494">
     <span class='ocr_line' id='line_1_32' title="bbox 142 1457 928 1494; baseline 0.003 -11"><span class='ocrx_word' id='word_1_249' title='bbox 142 1457 222 1484; x_wconf 85' lang='lat' dir='ltr'><strong>Coisl.</strong></span> <span class='ocrx_word' id='word_1_250' title='bbox 242 1457 294 1484; x_wconf 82' lang='lat' dir='ltr'><strong>&#39;Cf.</strong></span> <span class='ocrx_word' id='word_1_251' title='bbox 315 1457 410 1485; x_wconf 81' lang='lat' dir='ltr'><strong>Montf.</strong></span> <span class='ocrx_word' id='word_1_252' title='bbox 437 1458 507 1485; x_wconf 82' lang='lat' dir='ltr'><strong>Bibl.</strong></span> <span class='ocrx_word' id='word_1_253' title='bbox 524 1458 636 1486; x_wconf 76' lang='lat' dir='ltr'><strong>Coislin.</strong></span> <span class='ocrx_word' id='word_1_254' title='bbox 650 1467 677 1494; x_wconf 90' lang='lat' dir='ltr'><strong>p.</strong></span> <span class='ocrx_word' id='word_1_255' title='bbox 692 1459 755 1491; x_wconf 70' lang='grc'><strong>264,</strong></span> <span class='ocrx_word' id='word_1_256' title='bbox 771 1459 814 1489; x_wconf 81' lang='grc'><strong>85,</strong></span> <span class='ocrx_word' id='word_1_257' title='bbox 831 1459 874 1485; x_wconf 68' lang='grc'><strong>84.</strong></span> <span class='ocrx_word' id='word_1_258' title='bbox 892 1473 928 1478; x_wconf 97' lang='grc'><strong><em>-</em></strong></span> 
     </span>
    </p>
   </div>
   <div class='ocr_carea' id='block_1_33' title="bbox 143 1502 920 1539">
    <p class='ocr_par' dir='ltr' id='par_1_33' title="bbox 143 1502 920 1539">
     <span class='ocr_line' id='line_1_33' title="bbox 143 1502 920 1539; baseline 0.005 -12"><span class='ocrx_word' id='word_1_259' title='bbox 143 1502 294 1534; x_wconf 75' lang='lat' dir='ltr'><strong>l-Inthalins,</strong></span> <span class='ocrx_word' id='word_1_260' title='bbox 314 1503 360 1537; x_wconf 88' lang='lat' dir='ltr'><strong>qui</strong></span> <span class='ocrx_word' id='word_1_261' title='bbox 386 1511 448 1530; x_wconf 60' lang='lat' dir='ltr'><strong>saec.</strong></span> <span class='ocrx_word' id='word_1_262' title='bbox 475 1511 490 1530; x_wconf 86' lang='grc' dir='ltr'><strong>ν</strong></span> <span class='ocrx_word' id='word_1_263' title='bbox 508 1504 596 1530; x_wconf 78' lang='lat' dir='ltr'><strong>medio</strong></span> <span class='ocrx_word' id='word_1_264' title='bbox 611 1505 688 1537; x_wconf 64' lang='lat' dir='ltr'><strong>vixit,</strong></span> <span class='ocrx_word' id='word_1_265' title='bbox 704 1512 784 1539; x_wconf 88' lang='lat' dir='ltr'><strong>quem</strong></span> <span class='ocrx_word' id='word_1_266' title='bbox 813 1504 920 1531; x_wconf 81' lang='lat' dir='ltr'><strong>Patrem</strong></span> 
     </span>
    </p>
   </div>
   <div class='ocr_carea' id='block_1_34' title="bbox 143 1543 926 1585">
    <p class='ocr_par' dir='ltr' id='par_1_34' title="bbox 143 1543 926 1585">
     <span class='ocr_line' id='line_1_34' title="bbox 143 1543 926 1585; baseline 0.003 -11"><span class='ocrx_word' id='word_1_267' title='bbox 143 1549 238 1579; x_wconf 67' lang='lat' dir='ltr'><strong>verbis.</strong></span> <span class='ocrx_word' id='word_1_268' title='bbox 251 1548 315 1575; x_wconf 80' lang='grc' dir='ltr'><strong>καθ’</strong></span> <span class='ocrx_word' id='word_1_269' title='bbox 328 1549 444 1584; x_wconf 73' lang='grc' dir='ltr'><strong>ἑκάστην</strong></span> <span class='ocrx_word' id='word_1_270' title='bbox 455 1543 593 1584; x_wconf 65' lang='grc' dir='ltr'><strong>συνέόμως</strong></span> <span class='ocrx_word' id='word_1_271' title='bbox 609 1550 766 1584; x_wconf 80' lang='grc' dir='ltr'><strong>Ἐπιστολὴν</strong></span> <span class='ocrx_word' id='word_1_272' title='bbox 786 1550 841 1585; x_wconf 72' lang='grc' dir='ltr'>(τοῦ</span> <span class='ocrx_word' id='word_1_273' title='bbox 854 1550 926 1577; x_wconf 79' lang='grc' dir='ltr'><strong>Παύ-</strong></span> 
     </span>
    </p>
   </div>
   <div class='ocr_carea' id='block_1_35' title="bbox 142 1593 928 1630">
    <p class='ocr_par' dir='ltr' id='par_1_35' title="bbox 142 1593 928 1630">
     <span class='ocr_line' id='line_1_35' title="bbox 142 1593 928 1630; baseline 0.003 -10"><span class='ocrx_word' id='word_1_274' title='bbox 142 1593 193 1629; x_wconf 81' lang='grc' dir='ltr'><strong>λου)</strong></span> <span class='ocrx_word' id='word_1_275' title='bbox 209 1595 238 1621; x_wconf 80' lang='grc' dir='ltr'>ὲν</span> <span class='ocrx_word' id='word_1_276' title='bbox 248 1596 307 1626; x_wconf 75' lang='grc' dir='ltr'>τοῖς</span> <span class='ocrx_word' id='word_1_277' title='bbox 325 1594 388 1629; x_wconf 76' lang='grc' dir='ltr'><strong>ἑξῆς</strong></span> <span class='ocrx_word' id='word_1_278' title='bbox 402 1595 571 1630; x_wconf 68' lang='grc' dir='ltr'><strong>πρστάξομεν</strong></span> <span class='ocrx_word' id='word_1_279' title='bbox 585 1595 635 1630; x_wconf 83' lang='grc' dir='ltr'><strong>τὴν</strong></span> <span class='ocrx_word' id='word_1_280' title='bbox 651 1596 705 1621; x_wconf 84' lang='grc' dir='ltr'><strong>τῶν</strong></span> <span class='ocrx_word' id='word_1_281' title='bbox 716 1595 869 1630; x_wconf 75' lang='grc' dir='ltr'><strong>κεφαλαίων</strong></span> <span class='ocrx_word' id='word_1_282' title='bbox 883 1595 928 1622; x_wconf 78' lang='grc' dir='ltr'><strong>ἕκ-</strong></span> 
     </span>
    </p>
   </div>
   <div class='ocr_carea' id='block_1_36' title="bbox 143 1639 929 1675">
    <p class='ocr_par' dir='ltr' id='par_1_36' title="bbox 143 1639 929 1675">
     <span class='ocr_line' id='line_1_36' title="bbox 143 1639 929 1675; baseline 0.003 -11"><span class='ocrx_word' id='word_1_283' title='bbox 143 1640 234 1673; x_wconf 76' lang='grc' dir='ltr'><strong>οεσιν,</strong></span> <span class='ocrx_word' id='word_1_284' title='bbox 265 1640 308 1666; x_wconf 74' lang='grc' dir='ltr'><strong>ἑνὶ</strong></span> <span class='ocrx_word' id='word_1_285' title='bbox 331 1639 385 1665; x_wconf 82' lang='grc' dir='ltr'><strong>τῶν</strong></span> <span class='ocrx_word' id='word_1_286' title='bbox 411 1640 573 1673; x_wconf 59' lang='grc' dir='ltr'><strong>σοψωτάτων</strong></span> <span class='ocrx_word' id='word_1_287' title='bbox 593 1640 645 1667; x_wconf 77' lang='grc' dir='ltr'><strong>τινὶ</strong></span> <span class='ocrx_word' id='word_1_288' title='bbox 673 1641 720 1667; x_wconf 74' lang='grc' dir='ltr'><strong>καὶ</strong></span> <span class='ocrx_word' id='word_1_289' title='bbox 750 1641 929 1675; x_wconf 73' lang='grc' dir='ltr'>φιλυχρὶστων</span> 
     </span>
    </p>
   </div>
   <div class='ocr_carea' id='block_1_37' title="bbox 144 1684 928 1721">
    <p class='ocr_par' dir='ltr' id='par_1_37' title="bbox 144 1684 928 1721">
     <span class='ocr_line' id='line_1_37' title="bbox 144 1684 928 1721; baseline 0.005 -12"><span class='ocrx_word' id='word_1_290' title='bbox 144 1684 270 1720; x_wconf 74' lang='grc' dir='ltr'><strong>Πατὲρων</strong></span> <span class='ocrx_word' id='word_1_291' title='bbox 295 1684 376 1719; x_wconf 80' lang='grc' dir='ltr'><strong>ἡμῶν</strong></span> <span class='ocrx_word' id='word_1_292' title='bbox 399 1685 590 1721; x_wconf 75' lang='grc' dir='ltr'><strong>πεπονημένην</strong></span> <span class='ocrx_word' id='word_1_293' title='bbox 620 1686 765 1720; x_wconf 85' lang='lat' dir='ltr'><strong>(Galland.</strong></span> <span class='ocrx_word' id='word_1_294' title='bbox 792 1686 874 1718; x_wconf 77' lang='lat' dir='ltr'><strong>Bibl.,</strong></span> <span class='ocrx_word' id='word_1_295' title='bbox 894 1686 928 1719; x_wconf 79' lang='grc' dir='ltr'>Χ,</span> 
     </span>
    </p>
   </div>
   <div class='ocr_carea' id='block_1_38' title="bbox 144 1730 928 1764">
    <p class='ocr_par' dir='ltr' id='par_1_38' title="bbox 144 1730 928 1764">
     <span class='ocr_line' id='line_1_38' title="bbox 144 1730 928 1764; baseline 0.004 -9"><span class='ocrx_word' id='word_1_296' title='bbox 144 1738 167 1763; x_wconf 90' lang='lat' dir='ltr'><strong>p.</strong></span> <span class='ocrx_word' id='word_1_297' title='bbox 183 1730 257 1764; x_wconf 67' lang='grc' dir='ltr'><strong>ΞΠ)</strong></span> <span class='ocrx_word' id='word_1_298' title='bbox 285 1731 407 1758; x_wconf 89' lang='lat' dir='ltr'><strong>innucrit</strong></span> <span class='ocrx_word' id='word_1_299' title='bbox 425 1732 558 1758; x_wconf 82' lang='lat' dir='ltr'><strong>nescitur.</strong></span> <span class='ocrx_word' id='word_1_300' title='bbox 580 1732 609 1759; x_wconf 86' lang='lat' dir='ltr'><strong>Si</strong></span> <span class='ocrx_word' id='word_1_301' title='bbox 631 1736 714 1764; x_wconf 75' lang='lat' dir='ltr'><strong>recte,</strong></span> <span class='ocrx_word' id='word_1_302' title='bbox 742 1735 771 1758; x_wconf 90' lang='lat' dir='ltr'><strong>ut</strong></span> <span class='ocrx_word' id='word_1_303' title='bbox 790 1731 883 1764; x_wconf 83' lang='lat' dir='ltr'><strong>credo,</strong></span> <span class='ocrx_word' id='word_1_304' title='bbox 909 1732 928 1758; x_wconf 90' lang='grc'>1.</span> 
     </span>
    </p>
   </div>
   <div class='ocr_carea' id='block_1_39' title="bbox 145 1775 928 1812">
    <p class='ocr_par' dir='ltr' id='par_1_39' title="bbox 145 1775 928 1812">
     <span class='ocr_line' id='line_1_39' title="bbox 145 1775 928 1812; baseline 0.005 -12"><span class='ocrx_word' id='word_1_305' title='bbox 145 1783 168 1808; x_wconf 88' lang='lat' dir='ltr'><strong>p.</strong></span> <span class='ocrx_word' id='word_1_306' title='bbox 187 1775 240 1802; x_wconf 73' lang='lat'><strong>250</strong></span> <span class='ocrx_word' id='word_1_307' title='bbox 265 1776 307 1803; x_wconf 93' lang='lat' dir='ltr'><strong>illi</strong></span> <span class='ocrx_word' id='word_1_308' title='bbox 330 1776 403 1803; x_wconf 89' lang='lat' dir='ltr'><strong>Palri</strong></span> <span class='ocrx_word' id='word_1_309' title='bbox 428 1777 568 1808; x_wconf 84' lang='lat' dir='ltr'><strong>tribuitur.</strong></span> <span class='ocrx_word' id='word_1_310' title='bbox 593 1777 716 1812; x_wconf 86' lang='lat' dir='ltr'><strong>sequitur</strong></span> <span class='ocrx_word' id='word_1_311' title='bbox 737 1777 928 1804; x_wconf 85' lang='lat' dir='ltr'><strong>tantummodo</strong></span> 
     </span>
    </p>
   </div>
   <div class='ocr_carea' id='block_1_40' title="bbox 142 1822 930 1857">
    <p class='ocr_par' dir='ltr' id='par_1_40' title="bbox 142 1822 930 1857">
     <span class='ocr_line' id='line_1_40' title="bbox 142 1822 930 1857; baseline 0.006 -13"><span class='ocrx_word' id='word_1_312' title='bbox 142 1829 200 1846; x_wconf 77' lang='lat' dir='ltr'><strong>cum</strong></span> <span class='ocrx_word' id='word_1_313' title='bbox 215 1828 261 1848; x_wconf 85' lang='lat' dir='ltr'><strong>an.</strong></span> <span class='ocrx_word' id='word_1_314' title='bbox 285 1822 340 1849; x_wconf 80' lang='lat'><strong>596</strong></span> <span class='ocrx_word' id='word_1_315' title='bbox 361 1827 464 1849; x_wconf 81' lang='lat' dir='ltr'><strong>textum</strong></span> <span class='ocrx_word' id='word_1_316' title='bbox 486 1822 668 1857; x_wconf 82' lang='lat' dir='ltr'><strong>Epistolarum</strong></span> <span class='ocrx_word' id='word_1_317' title='bbox 692 1822 866 1850; x_wconf 82' lang='lat' dir='ltr'><strong>Paulinarum</strong></span> <span class='ocrx_word' id='word_1_318' title='bbox 885 1830 930 1849; x_wconf 87' lang='lat' dir='ltr'><strong>ca-</strong></span> 
     </span>
    </p>
   </div>
   <div class='ocr_carea' id='block_1_41' title="bbox 144 1866 930 1903">
    <p class='ocr_par' dir='ltr' id='par_1_41' title="bbox 144 1866 930 1903">
     <span class='ocr_line' id='line_1_41' title="bbox 144 1866 930 1903; baseline 0.004 -12"><span class='ocrx_word' id='word_1_319' title='bbox 144 1866 233 1898; x_wconf 89' lang='lat' dir='ltr'><strong>pitulis</strong></span> <span class='ocrx_word' id='word_1_320' title='bbox 245 1867 419 1894; x_wconf 76' lang='lat' dir='ltr'><strong>distinxisse.</strong></span> <span class='ocrx_word' id='word_1_321' title='bbox 430 1867 523 1902; x_wconf 82' lang='lat' dir='ltr'><strong>Neque</strong></span> <span class='ocrx_word' id='word_1_322' title='bbox 534 1868 604 1895; x_wconf 89' lang='lat' dir='ltr'><strong>enim</strong></span> <span class='ocrx_word' id='word_1_323' title='bbox 617 1876 650 1895; x_wconf 79' lang='lat' dir='ltr'><strong>ex</strong></span> <span class='ocrx_word' id='word_1_324' title='bbox 662 1868 751 1895; x_wconf 82' lang='lat' dir='ltr'><strong>verbis</strong></span> <span class='ocrx_word' id='word_1_325' title='bbox 773 1882 799 1888; x_wconf 43' lang='grc' dir='ltr'><strong><em>ά</em></strong></span> <span class='ocrx_word' id='word_1_326' title='bbox 811 1867 930 1903; x_wconf 79' lang='grc' dir='ltr'><strong>ἐμαρτύ-</strong></span> 
     </span>
    </p>
   </div>
   <div class='ocr_carea' id='block_1_42' title="bbox 145 1912 928 1949">
    <p class='ocr_par' dir='ltr' id='par_1_42' title="bbox 145 1912 928 1949">
     <span class='ocr_line' id='line_1_42' title="bbox 145 1912 928 1949; baseline 0.005 -12"><span class='ocrx_word' id='word_1_327' title='bbox 145 1918 222 1946; x_wconf 69' lang='grc' dir='ltr'>ρησεν</span> <span class='ocrx_word' id='word_1_328' title='bbox 236 1928 272 1932; x_wconf 90' lang='grc'><strong><em>-</em></strong></span> <span class='ocrx_word' id='word_1_329' title='bbox 291 1912 397 1944; x_wconf 80' lang='grc' dir='ltr'><strong>Παῦλος</strong></span> <span class='ocrx_word' id='word_1_330' title='bbox 414 1929 447 1933; x_wconf 77' lang='grc'><strong>-</strong></span> <span class='ocrx_word' id='word_1_331' title='bbox 462 1914 574 1948; x_wconf 81' lang='grc' dir='ltr'><strong>πέμπτῃ</strong></span> <span class='ocrx_word' id='word_1_332' title='bbox 593 1914 684 1949; x_wconf 73' lang='grc' dir='ltr'><strong>ἡμέρᾳ</strong></span> <span class='ocrx_word' id='word_1_333' title='bbox 707 1914 782 1941; x_wconf 81' lang='grc' dir='ltr'><em>κατὰ</em></span> <span class='ocrx_word' id='word_1_334' title='bbox 796 1915 928 1948; x_wconf 65' lang='grc' dir='ltr'><strong>Σιφομα-</strong></span> 
     </span>
    </p>
   </div>
   <div class='ocr_carea' id='block_1_43' title="bbox 144 1957 930 1994">
    <p class='ocr_par' dir='ltr' id='par_1_43' title="bbox 144 1957 930 1994">
     <span class='ocr_line' id='line_1_43' title="bbox 144 1957 930 1994; baseline 0.001 -11"><span class='ocrx_word' id='word_1_335' title='bbox 144 1957 266 1990; x_wconf 59' lang='grc' dir='ltr'><strong>κεδόένας</strong></span> <span class='ocrx_word' id='word_1_336' title='bbox 287 1960 424 1992; x_wconf 83' lang='grc' dir='ltr'><strong>Πανέμου</strong></span> <span class='ocrx_word' id='word_1_337' title='bbox 436 1959 542 1992; x_wconf 73' lang='grc' dir='ltr'><strong>μηνὸς,</strong></span> <span class='ocrx_word' id='word_1_338' title='bbox 556 1959 615 1994; x_wconf 71' lang='grc' dir='ltr'><strong>ἣτις</strong></span> <span class='ocrx_word' id='word_1_339' title='bbox 632 1959 736 1992; x_wconf 83' lang='grc' dir='ltr'><strong>λέγοιτο</strong></span> <span class='ocrx_word' id='word_1_340' title='bbox 755 1958 787 1985; x_wconf 83' lang='grc' dir='ltr'>ἂν</span> <span class='ocrx_word' id='word_1_341' title='bbox 803 1958 868 1994; x_wconf 73' lang='grc' dir='ltr'>παρ’</span> <span class='ocrx_word' id='word_1_342' title='bbox 883 1959 930 1984; x_wconf 83' lang='grc' dir='ltr'><strong>Αἰ-</strong></span> 
     </span>
    </p>
   </div>
   <div class='ocr_carea' id='block_1_44' title="bbox 144 2003 930 2040">
    <p class='ocr_par' dir='ltr' id='par_1_44' title="bbox 144 2003 930 2040">
     <span class='ocr_line' id='line_1_44' title="bbox 144 2003 930 2040; baseline 0.001 -11"><span class='ocrx_word' id='word_1_343' title='bbox 144 2004 264 2035; x_wconf 78' lang='grc' dir='ltr'><strong>γυπτίοις</strong></span> <span class='ocrx_word' id='word_1_344' title='bbox 281 2004 377 2038; x_wconf 73' lang='grc' dir='ltr'>Ἐπιφὶ</span> <span class='ocrx_word' id='word_1_345' title='bbox 391 2003 421 2034; x_wconf 83' lang='grc' dir='ltr'><strong>ε’,</strong></span> <span class='ocrx_word' id='word_1_346' title='bbox 437 2005 511 2040; x_wconf 77' lang='grc' dir='ltr'>παρὰ</span> <span class='ocrx_word' id='word_1_347' title='bbox 531 2005 559 2031; x_wconf 76' lang='grc' dir='ltr'><strong>δὲ</strong></span> <span class='ocrx_word' id='word_1_348' title='bbox 580 2004 725 2039; x_wconf 78' lang='grc' dir='ltr'><strong>Ῥωμαίοις</strong></span> <span class='ocrx_word' id='word_1_349' title='bbox 743 2005 760 2039; x_wconf 84' lang='grc' dir='ltr'>ἡ</span> <span class='ocrx_word' id='word_1_350' title='bbox 780 2004 833 2039; x_wconf 75' lang='grc' dir='ltr'><strong>πρὸ</strong></span> <span class='ocrx_word' id='word_1_351' title='bbox 846 2004 930 2039; x_wconf 86' lang='grc' dir='ltr'>τριῶν</span> 
     </span>
    </p>
   </div>
   <div class='ocr_carea' id='block_1_45' title="bbox 146 2048 928 2084">
    <p class='ocr_par' dir='ltr' id='par_1_45' title="bbox 146 2048 928 2084">
     <span class='ocr_line' id='line_1_45' title="bbox 146 2048 928 2084; baseline 0.003 -11"><span class='ocrx_word' id='word_1_352' title='bbox 146 2048 289 2074; x_wconf 73' lang='grc' dir='ltr'><strong>Καλανδῶν</strong></span> <span class='ocrx_word' id='word_1_353' title='bbox 312 2048 428 2075; x_wconf 82' lang='grc' dir='ltr'>Ἰουλίων</span> <span class='ocrx_word' id='word_1_354' title='bbox 438 2063 488 2080; x_wconf 93' lang='lat'><strong>—,</strong></span> <span class='ocrx_word' id='word_1_355' title='bbox 503 2054 532 2076; x_wconf 88' lang='lat' dir='ltr'><strong>ut</strong></span> <span class='ocrx_word' id='word_1_356' title='bbox 548 2049 647 2076; x_wconf 86' lang='lat' dir='ltr'><strong>Millius</strong></span> <span class='ocrx_word' id='word_1_357' title='bbox 664 2049 783 2084; x_wconf 84' lang='lat' dir='ltr'><strong>(Praleg.</strong></span> <span class='ocrx_word' id='word_1_358' title='bbox 796 2051 823 2075; x_wconf 82' lang='lat' dir='ltr'><strong>in</strong></span> <span class='ocrx_word' id='word_1_359' title='bbox 836 2048 871 2076; x_wconf 86' lang='lat' dir='ltr'><strong>N.</strong></span> <span class='ocrx_word' id='word_1_360' title='bbox 886 2049 928 2081; x_wconf 86' lang='lat' dir='ltr'><strong>T.,</strong></span> 
     </span>
    </p>
   </div>
   <div class='ocr_carea' id='block_1_46' title="bbox 147 2094 929 2132">
    <p class='ocr_par' dir='ltr' id='par_1_46' title="bbox 147 2094 929 2132">
     <span class='ocr_line' id='line_1_46' title="bbox 147 2094 929 2132; baseline 0.006 -13"><span class='ocrx_word' id='word_1_361' title='bbox 147 2102 172 2119; x_wconf 93' lang='lat' dir='ltr'><strong>n.</strong></span> <span class='ocrx_word' id='word_1_362' title='bbox 190 2094 253 2129; x_wconf 84' lang='lat'><strong>906)</strong></span> <span class='ocrx_word' id='word_1_363' title='bbox 281 2101 360 2122; x_wconf 86' lang='lat' dir='ltr'><strong>certo</strong></span> <span class='ocrx_word' id='word_1_364' title='bbox 377 2096 568 2128; x_wconf 84' lang='lat' dir='ltr'><strong>concluserim,</strong></span> <span class='ocrx_word' id='word_1_365' title='bbox 587 2097 613 2123; x_wconf 93' lang='lat' dir='ltr'><strong>iu</strong></span> <span class='ocrx_word' id='word_1_366' title='bbox 631 2097 708 2131; x_wconf 78' lang='lat' dir='ltr'><strong>Syria</strong></span> <span class='ocrx_word' id='word_1_367' title='bbox 732 2105 793 2123; x_wconf 85' lang='lat' dir='ltr'><strong>eum</strong></span> <span class='ocrx_word' id='word_1_368' title='bbox 811 2096 929 2132; x_wconf 62' lang='lat' dir='ltr'><strong>ngypto</strong></span> 
     </span>
    </p>
   </div>
   <div class='ocr_carea' id='block_1_47' title="bbox 146 2139 929 2175">
    <p class='ocr_par' dir='ltr' id='par_1_47' title="bbox 146 2139 929 2175">
     <span class='ocr_line' id='line_1_47' title="bbox 146 2139 929 2175; baseline 0.006 -10"><span class='ocrx_word' id='word_1_369' title='bbox 146 2139 230 2166; x_wconf 81' lang='lat' dir='ltr'><strong>vicina</strong></span> <span class='ocrx_word' id='word_1_370' title='bbox 252 2141 369 2168; x_wconf 74' lang='lat' dir='ltr'><strong>vixisse.</strong></span> <span class='ocrx_word' id='word_1_371' title='bbox 396 2141 448 2168; x_wconf 77' lang='lat' dir='ltr'><strong>Sed</strong></span> <span class='ocrx_word' id='word_1_372' title='bbox 467 2141 565 2169; x_wconf 78' lang='lat' dir='ltr'><strong>Miilius</strong></span> <span class='ocrx_word' id='word_1_373' title='bbox 584 2142 601 2170; x_wconf 91' lang='lat' dir='ltr'><strong>l.</strong></span> <span class='ocrx_word' id='word_1_374' title='bbox 622 2143 651 2171; x_wconf 92' lang='lat' dir='ltr'><strong>l..</strong></span> <span class='ocrx_word' id='word_1_375' title='bbox 674 2150 703 2169; x_wconf 90' lang='lat' dir='ltr'><strong>n.</strong></span> <span class='ocrx_word' id='word_1_376' title='bbox 725 2142 788 2175; x_wconf 82' lang='lat'><strong>906,</strong></span> <span class='ocrx_word' id='word_1_377' title='bbox 801 2142 864 2174; x_wconf 83' lang='lat'><strong>907,</strong></span> <span class='ocrx_word' id='word_1_378' title='bbox 884 2143 929 2170; x_wconf 93' lang='lat' dir='ltr'><strong>illo</strong></span> 
     </span>
    </p>
   </div>
   <div class='ocr_carea' id='block_1_48' title="bbox 147 2186 927 2223">
    <p class='ocr_par' dir='ltr' id='par_1_48' title="bbox 147 2186 927 2223">
     <span class='ocr_line' id='line_1_48' title="bbox 147 2186 927 2223; baseline 0.006 -14"><span class='ocrx_word' id='word_1_379' title='bbox 147 2191 171 2210; x_wconf 77' lang='lat' dir='ltr'><strong>in</strong></span> <span class='ocrx_word' id='word_1_380' title='bbox 187 2186 284 2219; x_wconf 91' lang='lat' dir='ltr'><strong>primis</strong></span> <span class='ocrx_word' id='word_1_381' title='bbox 309 2187 369 2212; x_wconf 87' lang='lat' dir='ltr'><strong>loco</strong></span> <span class='ocrx_word' id='word_1_382' title='bbox 385 2187 481 2220; x_wconf 88' lang='lat' dir='ltr'><strong>nisus,</strong></span> <span class='ocrx_word' id='word_1_383' title='bbox 505 2188 539 2215; x_wconf 90' lang='lat' dir='ltr'><strong>ab</strong></span> <span class='ocrx_word' id='word_1_384' title='bbox 559 2187 684 2215; x_wconf 84' lang='lat' dir='ltr'><strong>Euthalio</strong></span> <span class='ocrx_word' id='word_1_385' title='bbox 707 2188 927 2223; x_wconf 84' lang='lat' dir='ltr'><strong>Mopsuestenum</strong></span> 
     </span>
    </p>
   </div>
   <div class='ocr_carea' id='block_1_49' title="bbox 179 2272 930 2308">
    <p class='ocr_par' dir='ltr' id='par_1_49' title="bbox 179 2272 930 2308">
     <span class='ocr_line' id='line_1_49' title="bbox 179 2272 930 2308; baseline 0.005 -10"><span class='ocrx_word' id='word_1_386' title='bbox 179 2272 215 2308; x_wconf 71' lang='grc' dir='ltr'><strong>(ᾳ)</strong></span> <span class='ocrx_word' id='word_1_387' title='bbox 246 2272 329 2300; x_wconf 84' lang='lat' dir='ltr'><strong>Hunc</strong></span> <span class='ocrx_word' id='word_1_388' title='bbox 353 2272 481 2300; x_wconf 80' lang='lat' dir='ltr'><strong>Basiliam</strong></span> <span class='ocrx_word' id='word_1_389' title='bbox 493 2275 650 2308; x_wconf 81' lang='lat' dir='ltr'><strong>episcopum</strong></span> <span class='ocrx_word' id='word_1_390' title='bbox 674 2274 828 2308; x_wconf 78' lang='lat' dir='ltr'><strong>Raphanezc</strong></span> <span class='ocrx_word' id='word_1_391' title='bbox 845 2274 930 2302; x_wconf 79' lang='lat' dir='ltr'><strong>fuisse</strong></span> 
     </span>
    </p>
   </div>
   <div class='ocr_carea' id='block_1_50' title="bbox 146 2307 922 2344">
    <p class='ocr_par' dir='ltr' id='par_1_50' title="bbox 146 2307 922 2344">
     <span class='ocr_line' id='line_1_50' title="bbox 146 2307 922 2344; baseline 0.004 -11"><span class='ocrx_word' id='word_1_392' title='bbox 146 2307 247 2344; x_wconf 66' lang='lat' dir='ltr'><strong>credo,</strong></span> <span class='ocrx_word' id='word_1_393' title='bbox 271 2308 321 2342; x_wconf 86' lang='lat' dir='ltr'><strong>qui</strong></span> <span class='ocrx_word' id='word_1_394' title='bbox 345 2307 451 2344; x_wconf 81' lang='lat' dir='ltr'><strong>synodo</strong></span> <span class='ocrx_word' id='word_1_395' title='bbox 474 2307 782 2344; x_wconf 60' lang='lat' dir='ltr'><strong>Constaiilinopolitanw</strong></span> <span class='ocrx_word' id='word_1_396' title='bbox 803 2318 847 2337; x_wconf 87' lang='lat' dir='ltr'><strong>an.</strong></span> <span class='ocrx_word' id='word_1_397' title='bbox 874 2311 922 2337; x_wconf 78' lang='grc'><strong>581</strong></span> 
     </span>
    </p>
   </div>
   <div class='ocr_carea' id='block_1_51' title="bbox 146 2341 927 2380">
    <p class='ocr_par' dir='ltr' id='par_1_51' title="bbox 146 2341 927 2380">
     <span class='ocr_line' id='line_1_51' title="bbox 146 2341 927 2380; baseline 0.003 -11"><span class='ocrx_word' id='word_1_398' title='bbox 146 2341 321 2378; x_wconf 68' lang='lat' dir='ltr'><strong>subscripsit,</strong></span> <span class='ocrx_word' id='word_1_399' title='bbox 337 2341 516 2379; x_wconf 71' lang='lat' dir='ltr'><strong>eamdemque</strong></span> <span class='ocrx_word' id='word_1_400' title='bbox 536 2346 563 2372; x_wconf 92' lang='lat' dir='ltr'><strong>in</strong></span> <span class='ocrx_word' id='word_1_401' title='bbox 582 2341 768 2380; x_wconf 63' lang='lat' dir='ltr'><strong>Cbryéoslomi</strong></span> <span class='ocrx_word' id='word_1_402' title='bbox 790 2345 869 2374; x_wconf 89' lang='lat' dir='ltr'><strong>libris</strong></span> <span class='ocrx_word' id='word_1_403' title='bbox 890 2345 927 2371; x_wconf 87' lang='lat' dir='ltr'><strong>De</strong></span> 
     </span>
    </p>
   </div>
   <div class='ocr_carea' id='block_1_52' title="bbox 946 899 965 926">
    <p class='ocr_par' dir='ltr' id='par_1_52' title="bbox 946 899 965 926">
     <span class='ocr_line' id='line_1_52' title="bbox 946 899 965 926; baseline 0 0"><span class='ocrx_word' id='word_1_404' title='bbox 946 899 965 926; x_wconf 79' lang='grc' dir='ltr'><strong>Β</strong></span> 
     </span>
    </p>
   </div>
   <div class='ocr_carea' id='block_1_53' title="bbox 941 1566 961 1595">
    <p class='ocr_par' dir='ltr' id='par_1_53' title="bbox 941 1566 961 1595">
     <span class='ocr_line' id='line_1_53' title="bbox 941 1566 961 1595; baseline 0 0"><span class='ocrx_word' id='word_1_405' title='bbox 941 1566 961 1595; x_wconf 90' lang='lat' dir='ltr'><strong>C</strong></span> 
     </span>
    </p>
   </div>
   <div class='ocr_carea' id='block_1_54' title="bbox 984 274 1767 312">
    <p class='ocr_par' dir='ltr' id='par_1_54' title="bbox 984 274 1767 312">
     <span class='ocr_line' id='line_1_54' title="bbox 984 274 1767 312; baseline 0.004 -11"><span class='ocrx_word' id='word_1_406' title='bbox 984 274 1080 310; x_wconf 89' lang='lat' dir='ltr'><strong>Syrus,</strong></span> <span class='ocrx_word' id='word_1_407' title='bbox 1094 279 1120 303; x_wconf 88' lang='lat' dir='ltr'><strong>et</strong></span> <span class='ocrx_word' id='word_1_408' title='bbox 1144 280 1207 302; x_wconf 83' lang='lat' dir='ltr'><strong>ante</strong></span> <span class='ocrx_word' id='word_1_409' title='bbox 1225 283 1268 302; x_wconf 89' lang='lat' dir='ltr'><strong>an.</strong></span> <span class='ocrx_word' id='word_1_410' title='bbox 1289 275 1341 302; x_wconf 82' lang='grc'><strong>596</strong></span> <span class='ocrx_word' id='word_1_411' title='bbox 1364 276 1509 311; x_wconf 88' lang='lat' dir='ltr'><strong>episcopus</strong></span> <span class='ocrx_word' id='word_1_412' title='bbox 1529 280 1556 304; x_wconf 89' lang='lat' dir='ltr'><strong>et</strong></span> <span class='ocrx_word' id='word_1_413' title='bbox 1581 277 1767 312; x_wconf 80' lang='lat' dir='ltr'><strong>Epistolarum</strong></span> 
     </span>
    </p>
   </div>
   <div class='ocr_carea' id='block_1_55' title="bbox 983 321 1767 356">
    <p class='ocr_par' dir='ltr' id='par_1_55' title="bbox 983 321 1767 356">
     <span class='ocr_line' id='line_1_55' title="bbox 983 321 1767 356; baseline 0.005 -9"><span class='ocrx_word' id='word_1_414' title='bbox 983 321 1158 348; x_wconf 86' lang='lat' dir='ltr'><strong>Pauliuarnm</strong></span> <span class='ocrx_word' id='word_1_415' title='bbox 1185 321 1332 356; x_wconf 87' lang='lat' dir='ltr'><strong>interpres,</strong></span> <span class='ocrx_word' id='word_1_416' title='bbox 1354 321 1433 356; x_wconf 89' lang='lat' dir='ltr'><strong>cujus</strong></span> <span class='ocrx_word' id='word_1_417' title='bbox 1458 322 1576 356; x_wconf 90' lang='lat' dir='ltr'><strong>denique</strong></span> <span class='ocrx_word' id='word_1_418' title='bbox 1598 331 1697 351; x_wconf 83' lang='lat' dir='ltr'><strong>nomen</strong></span> <span class='ocrx_word' id='word_1_419' title='bbox 1718 331 1767 352; x_wconf 80' lang='lat' dir='ltr'><strong>cur</strong></span> 
     </span>
    </p>
   </div>
   <div class='ocr_carea' id='block_1_56' title="bbox 982 366 1766 403">
    <p class='ocr_par' dir='ltr' id='par_1_56' title="bbox 982 366 1766 403">
     <span class='ocr_line' id='line_1_56' title="bbox 982 366 1766 403; baseline 0.005 -11"><span class='ocrx_word' id='word_1_420' title='bbox 982 367 1113 393; x_wconf 85' lang='lat' dir='ltr'><strong>omissum</strong></span> <span class='ocrx_word' id='word_1_421' title='bbox 1131 371 1216 399; x_wconf 85' lang='lat' dir='ltr'><strong>esset,</strong></span> <span class='ocrx_word' id='word_1_422' title='bbox 1233 366 1302 393; x_wconf 87' lang='lat' dir='ltr'><strong>ratio</strong></span> <span class='ocrx_word' id='word_1_423' title='bbox 1321 367 1471 401; x_wconf 81' lang='lat' dir='ltr'><strong>probabilis</strong></span> <span class='ocrx_word' id='word_1_424' title='bbox 1486 367 1561 395; x_wconf 87' lang='lat' dir='ltr'><strong>reddi</strong></span> <span class='ocrx_word' id='word_1_425' title='bbox 1580 374 1682 403; x_wconf 83' lang='lat' dir='ltr'><strong>posset.</strong></span> <span class='ocrx_word' id='word_1_426' title='bbox 1704 369 1766 396; x_wconf 84' lang='lat' dir='ltr'><strong>Mihi</strong></span> 
     </span>
    </p>
   </div>
   <div class='ocr_carea' id='block_1_57' title="bbox 982 411 1768 445">
    <p class='ocr_par' dir='ltr' id='par_1_57' title="bbox 982 411 1768 445">
     <span class='ocr_line' id='line_1_57' title="bbox 982 411 1768 445; baseline 0.004 -8"><span class='ocrx_word' id='word_1_427' title='bbox 982 411 1039 438; x_wconf 76' lang='lat' dir='ltr'><strong>hzec</strong></span> <span class='ocrx_word' id='word_1_428' title='bbox 1052 411 1219 445; x_wconf 71' lang='lat' dir='ltr'><strong>conjectura,</strong></span> <span class='ocrx_word' id='word_1_429' title='bbox 1238 419 1298 445; x_wconf 65' lang='lat' dir='ltr'><strong>qua:</strong></span> <span class='ocrx_word' id='word_1_430' title='bbox 1313 412 1336 438; x_wconf 88' lang='lat' dir='ltr'><strong>si</strong></span> <span class='ocrx_word' id='word_1_431' title='bbox 1355 419 1417 438; x_wconf 88' lang='lat' dir='ltr'><strong>vera</strong></span> <span class='ocrx_word' id='word_1_432' title='bbox 1437 417 1510 440; x_wconf 88' lang='lat' dir='ltr'><strong>esset</strong></span> <span class='ocrx_word' id='word_1_433' title='bbox 1526 413 1659 440; x_wconf 88' lang='lat' dir='ltr'><strong>nonnulla</strong></span> <span class='ocrx_word' id='word_1_434' title='bbox 1678 413 1768 440; x_wconf 88' lang='lat' dir='ltr'><strong>Theo-</strong></span> 
     </span>
    </p>
   </div>
   <div class='ocr_carea' id='block_1_58' title="bbox 982 456 1766 493">
    <p class='ocr_par' dir='ltr' id='par_1_58' title="bbox 982 456 1766 493">
     <span class='ocr_line' id='line_1_58' title="bbox 982 456 1766 493; baseline 0.003 -10"><span class='ocrx_word' id='word_1_435' title='bbox 982 456 1040 483; x_wconf 88' lang='lat' dir='ltr'><strong>dori</strong></span> <span class='ocrx_word' id='word_1_436' title='bbox 1059 457 1085 483; x_wconf 91' lang='lat' dir='ltr'><strong>in</strong></span> <span class='ocrx_word' id='word_1_437' title='bbox 1103 457 1226 483; x_wconf 83' lang='lat' dir='ltr'><strong>Euthalio</strong></span> <span class='ocrx_word' id='word_1_438' title='bbox 1244 457 1387 491; x_wconf 85' lang='lat' dir='ltr'><strong>reperires,</strong></span> <span class='ocrx_word' id='word_1_439' title='bbox 1408 464 1460 483; x_wconf 91' lang='lat' dir='ltr'><strong>non</strong></span> <span class='ocrx_word' id='word_1_440' title='bbox 1478 459 1546 485; x_wconf 82' lang='lat' dir='ltr'><strong>satis</strong></span> <span class='ocrx_word' id='word_1_441' title='bbox 1563 459 1710 493; x_wconf 80' lang='lat' dir='ltr'><strong>probabilis</strong></span> <span class='ocrx_word' id='word_1_442' title='bbox 1727 459 1766 485; x_wconf 83' lang='lat' dir='ltr'><strong>vi-</strong></span> 
     </span>
    </p>
   </div>
   <div class='ocr_carea' id='block_1_59' title="bbox 981 501 1767 538">
    <p class='ocr_par' dir='ltr' id='par_1_59' title="bbox 981 501 1767 538">
     <span class='ocr_line' id='line_1_59' title="bbox 981 501 1767 538; baseline 0.003 -9"><span class='ocrx_word' id='word_1_443' title='bbox 981 501 1080 534; x_wconf 86' lang='lat' dir='ltr'><strong>detur;</strong></span> <span class='ocrx_word' id='word_1_444' title='bbox 1113 509 1168 528; x_wconf 92' lang='lat' dir='ltr'><strong>non</strong></span> <span class='ocrx_word' id='word_1_445' title='bbox 1197 506 1286 529; x_wconf 84' lang='lat' dir='ltr'><strong>tamen</strong></span> <span class='ocrx_word' id='word_1_446' title='bbox 1311 502 1409 533; x_wconf 86' lang='lat' dir='ltr'><strong>habeo,</strong></span> <span class='ocrx_word' id='word_1_447' title='bbox 1436 510 1491 536; x_wconf 89' lang='lat' dir='ltr'><strong>quo</strong></span> <span class='ocrx_word' id='word_1_448' title='bbox 1513 510 1571 530; x_wconf 86' lang='lat' dir='ltr'><strong>eam</strong></span> <span class='ocrx_word' id='word_1_449' title='bbox 1601 504 1681 538; x_wconf 89' lang='lat' dir='ltr'><strong>plane</strong></span> <span class='ocrx_word' id='word_1_450' title='bbox 1705 512 1767 538; x_wconf 86' lang='lat' dir='ltr'><strong>pro-</strong></span> 
     </span>
    </p>
   </div>
   <div class='ocr_carea' id='block_1_60' title="bbox 982 552 1112 576">
    <p class='ocr_par' dir='ltr' id='par_1_60' title="bbox 982 552 1112 576">
     <span class='ocr_line' id='line_1_60' title="bbox 982 552 1112 576; baseline 0 -1"><span class='ocrx_word' id='word_1_451' title='bbox 982 552 1112 576; x_wconf 83' lang='lat' dir='ltr'><strong>sternam.</strong></span> 
     </span>
    </p>
   </div>
   <div class='ocr_carea' id='block_1_61' title="bbox 1015 592 1767 628">
    <p class='ocr_par' dir='ltr' id='par_1_61' title="bbox 1015 592 1767 628">
     <span class='ocr_line' id='line_1_61' title="bbox 1015 592 1767 628; baseline 0 -8"><span class='ocrx_word' id='word_1_452' title='bbox 1015 593 1210 621; x_wconf 82' lang='lat' dir='ltr'><strong>Commentarii</strong></span> <span class='ocrx_word' id='word_1_453' title='bbox 1228 594 1254 620; x_wconf 80' lang='lat' dir='ltr'><strong>in</strong></span> <span class='ocrx_word' id='word_1_454' title='bbox 1270 593 1416 628; x_wconf 75' lang='lat' dir='ltr'><strong>Epistolam</strong></span> <span class='ocrx_word' id='word_1_455' title='bbox 1429 594 1463 620; x_wconf 83' lang='lat' dir='ltr'><strong>ad</strong></span> <span class='ocrx_word' id='word_1_456' title='bbox 1479 592 1612 620; x_wconf 74' lang='lat' dir='ltr'><strong>Romanos</strong></span> <span class='ocrx_word' id='word_1_457' title='bbox 1629 595 1767 627; x_wconf 72' lang='lat' dir='ltr'><strong>fragmen-</strong></span> 
     </span>
    </p>
   </div>
   <div class='ocr_carea' id='block_1_62' title="bbox 982 637 1766 672">
    <p class='ocr_par' dir='ltr' id='par_1_62' title="bbox 982 637 1766 672">
     <span class='ocr_line' id='line_1_62' title="bbox 982 637 1766 672; baseline 0.001 -8"><span class='ocrx_word' id='word_1_458' title='bbox 982 642 1036 664; x_wconf 89' lang='lat' dir='ltr'><strong>tum</strong></span> <span class='ocrx_word' id='word_1_459' title='bbox 1051 637 1084 664; x_wconf 88' lang='lat' dir='ltr'><strong>de</strong></span> <span class='ocrx_word' id='word_1_460' title='bbox 1100 645 1118 669; x_wconf 91' lang='lat' dir='ltr'><strong>l,</strong></span> <span class='ocrx_word' id='word_1_461' title='bbox 1133 638 1159 670; x_wconf 71' lang='grc' dir='ltr'>Ξ,</span> <span class='ocrx_word' id='word_1_462' title='bbox 1179 638 1205 669; x_wconf 76' lang='lat'><strong>5,</strong></span> <span class='ocrx_word' id='word_1_463' title='bbox 1221 637 1322 672; x_wconf 73' lang='lat' dir='ltr'><strong>praebet</strong></span> <span class='ocrx_word' id='word_1_464' title='bbox 1337 637 1400 664; x_wconf 85' lang='lat' dir='ltr'><strong>Fac.</strong></span> <span class='ocrx_word' id='word_1_465' title='bbox 1419 645 1457 669; x_wconf 88' lang='lat' dir='ltr'><strong>Ill,</strong></span> <span class='ocrx_word' id='word_1_466' title='bbox 1476 637 1510 671; x_wconf 89' lang='lat'><strong>6;</strong></span> <span class='ocrx_word' id='word_1_467' title='bbox 1533 638 1609 672; x_wconf 90' lang='lat' dir='ltr'><strong>plura</strong></span> <span class='ocrx_word' id='word_1_468' title='bbox 1624 638 1652 664; x_wconf 87' lang='lat' dir='ltr'><strong>in</strong></span> <span class='ocrx_word' id='word_1_469' title='bbox 1670 639 1766 665; x_wconf 84' lang='lat' dir='ltr'><strong>itinere</strong></span> 
     </span>
    </p>
   </div>
   <div class='ocr_carea' id='block_1_63' title="bbox 981 681 1764 718">
    <p class='ocr_par' dir='ltr' id='par_1_63' title="bbox 981 681 1764 718">
     <span class='ocr_line' id='line_1_63' title="bbox 981 681 1764 718; baseline 0 -9"><span class='ocrx_word' id='word_1_470' title='bbox 981 683 1075 710; x_wconf 82' lang='lat' dir='ltr'><strong>italico</strong></span> <span class='ocrx_word' id='word_1_471' title='bbox 1087 691 1118 710; x_wconf 75' lang='lat' dir='ltr'><strong>ex</strong></span> <span class='ocrx_word' id='word_1_472' title='bbox 1134 682 1214 710; x_wconf 79' lang='lat' dir='ltr'><strong>codd.</strong></span> <span class='ocrx_word' id='word_1_473' title='bbox 1231 687 1257 710; x_wconf 85' lang='lat' dir='ltr'><strong>et</strong></span> <span class='ocrx_word' id='word_1_474' title='bbox 1275 683 1384 710; x_wconf 82' lang='lat' dir='ltr'><strong>Catenis</strong></span> <span class='ocrx_word' id='word_1_475' title='bbox 1408 681 1495 709; x_wconf 83' lang='lat' dir='ltr'><strong>Vatic.</strong></span> <span class='ocrx_word' id='word_1_476' title='bbox 1518 683 1662 718; x_wconf 80' lang='lat' dir='ltr'><strong>exscripsit</strong></span> <span class='ocrx_word' id='word_1_477' title='bbox 1683 682 1714 709; x_wconf 84' lang='lat' dir='ltr'><strong>N.</strong></span> <span class='ocrx_word' id='word_1_478' title='bbox 1733 683 1764 710; x_wconf 86' lang='lat' dir='ltr'><strong>C.</strong></span> 
     </span>
    </p>
   </div>
   <div class='ocr_carea' id='block_1_64' title="bbox 981 728 1766 763">
    <p class='ocr_par' dir='ltr' id='par_1_64' title="bbox 981 728 1766 763">
     <span class='ocr_line' id='line_1_64' title="bbox 981 728 1766 763; baseline 0 -8"><span class='ocrx_word' id='word_1_479' title='bbox 981 728 1087 756; x_wconf 79' lang='lat' dir='ltr'><strong>Kallius</strong></span> <span class='ocrx_word' id='word_1_480' title='bbox 1110 729 1147 762; x_wconf 83' lang='grc' dir='ltr'><strong>(ν.</strong></span> <span class='ocrx_word' id='word_1_481' title='bbox 1164 728 1265 755; x_wconf 86' lang='lat' dir='ltr'><strong>Muent.</strong></span> <span class='ocrx_word' id='word_1_482' title='bbox 1281 729 1299 755; x_wconf 91' lang='lat' dir='ltr'><strong>l.</strong></span> <span class='ocrx_word' id='word_1_483' title='bbox 1316 728 1346 761; x_wconf 93' lang='lat' dir='ltr'><strong>l.,</strong></span> <span class='ocrx_word' id='word_1_484' title='bbox 1366 737 1391 763; x_wconf 92' lang='lat' dir='ltr'><strong>p.</strong></span> <span class='ocrx_word' id='word_1_485' title='bbox 1411 728 1467 762; x_wconf 78' lang='lat'><strong>78),</strong></span> <span class='ocrx_word' id='word_1_486' title='bbox 1483 728 1615 760; x_wconf 89' lang='lat' dir='ltr'><strong>nondum,</strong></span> <span class='ocrx_word' id='word_1_487' title='bbox 1633 733 1766 763; x_wconf 86' lang='lat' dir='ltr'><strong>quantum</strong></span> 
     </span>
    </p>
   </div>
   <div class='ocr_carea' id='block_1_65' title="bbox 981 773 1765 809">
    <p class='ocr_par' dir='ltr' id='par_1_65' title="bbox 981 773 1765 809">
     <span class='ocr_line' id='line_1_65' title="bbox 981 773 1765 809; baseline -0.001 -8"><span class='ocrx_word' id='word_1_488' title='bbox 981 775 1050 806; x_wconf 89' lang='lat' dir='ltr'><strong>scio,</strong></span> <span class='ocrx_word' id='word_1_489' title='bbox 1074 774 1157 801; x_wconf 87' lang='lat' dir='ltr'><strong>edita.</strong></span> <span class='ocrx_word' id='word_1_490' title='bbox 1182 773 1344 809; x_wconf 72' lang='lat' dir='ltr'><strong>Fragmenta</strong></span> <span class='ocrx_word' id='word_1_491' title='bbox 1370 775 1494 802; x_wconf 78' lang='lat' dir='ltr'><strong>continet</strong></span> <span class='ocrx_word' id='word_1_492' title='bbox 1519 774 1580 801; x_wconf 89' lang='lat' dir='ltr'><strong>Cat.</strong></span> <span class='ocrx_word' id='word_1_493' title='bbox 1606 774 1680 802; x_wconf 73' lang='lat' dir='ltr'><strong>inm].</strong></span> <span class='ocrx_word' id='word_1_494' title='bbox 1704 775 1765 801; x_wconf 80' lang='lat' dir='ltr'><strong>cod.</strong></span> 
     </span>
    </p>
   </div>
   <div class='ocr_carea' id='block_1_66' title="bbox 982 819 1767 855">
    <p class='ocr_par' dir='ltr' id='par_1_66' title="bbox 982 819 1767 855">
     <span class='ocr_line' id='line_1_66' title="bbox 982 819 1767 855; baseline 0 -9"><span class='ocrx_word' id='word_1_495' title='bbox 982 819 1098 847; x_wconf 79' lang='lat' dir='ltr'><strong>Vindob.</strong></span> <span class='ocrx_word' id='word_1_496' title='bbox 1116 819 1208 848; x_wconf 78' lang='lat' dir='ltr'><strong>XLVI.</strong></span> <span class='ocrx_word' id='word_1_497' title='bbox 1226 820 1268 848; x_wconf 86' lang='lat' dir='ltr'><strong>Cf.</strong></span> <span class='ocrx_word' id='word_1_498' title='bbox 1300 820 1426 847; x_wconf 79' lang='lat' dir='ltr'><strong>Lambec.</strong></span> <span class='ocrx_word' id='word_1_499' title='bbox 1445 821 1462 847; x_wconf 91' lang='grc' dir='ltr'>Ι.</span> <span class='ocrx_word' id='word_1_500' title='bbox 1477 820 1506 851; x_wconf 89' lang='lat' dir='ltr'><strong>l.,</strong></span> <span class='ocrx_word' id='word_1_501' title='bbox 1522 819 1566 851; x_wconf 81' lang='grc' dir='ltr'>ΙΙΙ,</span> <span class='ocrx_word' id='word_1_502' title='bbox 1581 828 1607 855; x_wconf 91' lang='lat' dir='ltr'><strong>p.</strong></span> <span class='ocrx_word' id='word_1_503' title='bbox 1625 819 1685 846; x_wconf 80' lang='grc'><strong>175.</strong></span> <span class='ocrx_word' id='word_1_504' title='bbox 1709 820 1767 846; x_wconf 84' lang='lat' dir='ltr'><strong>A&#39;ia</strong></span> 
     </span>
    </p>
   </div>
   <div class='ocr_carea' id='block_1_67' title="bbox 981 862 1766 899">
    <p class='ocr_par' dir='ltr' id='par_1_67' title="bbox 981 862 1766 899">
     <span class='ocr_line' id='line_1_67' title="bbox 981 862 1766 899; baseline 0 -10"><span class='ocrx_word' id='word_1_505' title='bbox 981 864 1073 890; x_wconf 83' lang='lat' dir='ltr'><strong>edidit.</strong></span> <span class='ocrx_word' id='word_1_506' title='bbox 1086 864 1155 898; x_wconf 74' lang='lat' dir='ltr'><strong>Ang.</strong></span> <span class='ocrx_word' id='word_1_507' title='bbox 1169 864 1254 891; x_wconf 80' lang='lat' dir='ltr'><strong>Maius</strong></span> <span class='ocrx_word' id='word_1_508' title='bbox 1272 873 1299 891; x_wconf 90' lang='lat' dir='ltr'><strong>In</strong></span> <span class='ocrx_word' id='word_1_509' title='bbox 1313 864 1448 899; x_wconf 78' lang='lat' dir='ltr'><strong>Spicilegii</strong></span> <span class='ocrx_word' id='word_1_510' title='bbox 1466 863 1578 890; x_wconf 72' lang='grc' dir='ltr'><strong>Ποιηαηὶ</strong></span> <span class='ocrx_word' id='word_1_511' title='bbox 1596 869 1661 890; x_wconf 85' lang='lat' dir='ltr'><strong>tom.</strong></span> <span class='ocrx_word' id='word_1_512' title='bbox 1681 862 1725 893; x_wconf 74' lang='lat' dir='ltr'><strong>IV.</strong></span> <span class='ocrx_word' id='word_1_513' title='bbox 1739 871 1766 898; x_wconf 89' lang='lat' dir='ltr'><strong>p.</strong></span> 
     </span>
    </p>
   </div>
   <div class='ocr_carea' id='block_1_68' title="bbox 979 909 1766 945">
    <p class='ocr_par' dir='ltr' id='par_1_68' title="bbox 979 909 1766 945">
     <span class='ocr_line' id='line_1_68' title="bbox 979 909 1766 945; baseline -0.001 -9"><span class='ocrx_word' id='word_1_514' title='bbox 979 909 1041 937; x_wconf 68' lang='grc'><strong>499.</strong></span> <span class='ocrx_word' id='word_1_515' title='bbox 1052 909 1130 936; x_wconf 86' lang='lat' dir='ltr'><strong>Errat</strong></span> <span class='ocrx_word' id='word_1_516' title='bbox 1138 914 1227 937; x_wconf 86' lang='lat' dir='ltr'><strong>autem</strong></span> <span class='ocrx_word' id='word_1_517' title='bbox 1239 909 1390 943; x_wconf 79' lang='lat' dir='ltr'><strong>Fabricius,</strong></span> <span class='ocrx_word' id='word_1_518' title='bbox 1402 910 1448 945; x_wconf 92' lang='lat' dir='ltr'><strong>qui</strong></span> <span class='ocrx_word' id='word_1_519' title='bbox 1462 910 1479 937; x_wconf 90' lang='lat' dir='ltr'><strong>I.</strong></span> <span class='ocrx_word' id='word_1_520' title='bbox 1492 910 1523 941; x_wconf 92' lang='lat' dir='ltr'><strong>l.,</strong></span> <span class='ocrx_word' id='word_1_521' title='bbox 1535 917 1562 945; x_wconf 91' lang='lat' dir='ltr'><strong>p.</strong></span> <span class='ocrx_word' id='word_1_522' title='bbox 1571 910 1632 938; x_wconf 77' lang='lat'><strong>559.</strong></span> <span class='ocrx_word' id='word_1_523' title='bbox 1644 909 1766 944; x_wconf 66' lang='lat' dir='ltr'><strong>quaedam</strong></span> 
     </span>
    </p>
   </div>
   <div class='ocr_carea' id='block_1_69' title="bbox 978 953 1760 990">
    <p class='ocr_par' dir='ltr' id='par_1_69' title="bbox 978 953 1760 990">
     <span class='ocr_line' id='line_1_69' title="bbox 978 953 1760 990; baseline -0.003 -9"><span class='ocrx_word' id='word_1_524' title='bbox 978 962 1009 981; x_wconf 78' lang='lat' dir='ltr'><strong>ex</strong></span> <span class='ocrx_word' id='word_1_525' title='bbox 1021 955 1224 982; x_wconf 75' lang='lat' dir='ltr'><strong>commentariis</strong></span> <span class='ocrx_word' id='word_1_526' title='bbox 1240 956 1265 982; x_wconf 94' lang='lat' dir='ltr'><strong>in</strong></span> <span class='ocrx_word' id='word_1_527' title='bbox 1280 956 1327 990; x_wconf 86' lang='lat' dir='ltr'><strong>Ep.</strong></span> <span class='ocrx_word' id='word_1_528' title='bbox 1346 955 1379 982; x_wconf 90' lang='lat' dir='ltr'><strong>ad</strong></span> <span class='ocrx_word' id='word_1_529' title='bbox 1394 955 1487 988; x_wconf 80' lang='lat' dir='ltr'><strong>Rom.,</strong></span> <span class='ocrx_word' id='word_1_530' title='bbox 1511 955 1538 981; x_wconf 92' lang='lat' dir='ltr'><strong>in</strong></span> <span class='ocrx_word' id='word_1_531' title='bbox 1564 953 1572 980; x_wconf 90' lang='lat' dir='ltr'><strong>I</strong></span> <span class='ocrx_word' id='word_1_532' title='bbox 1590 953 1622 980; x_wconf 82' lang='lat' dir='ltr'><strong>ad</strong></span> <span class='ocrx_word' id='word_1_533' title='bbox 1637 953 1760 981; x_wconf 84' lang='lat' dir='ltr'><strong>Corinth.</strong></span> 
     </span>
    </p>
   </div>
   <div class='ocr_carea' id='block_1_70' title="bbox 978 998 1764 1036">
    <p class='ocr_par' dir='ltr' id='par_1_70' title="bbox 978 998 1764 1036">
     <span class='ocr_line' id='line_1_70' title="bbox 978 998 1764 1036; baseline -0.001 -9"><span class='ocrx_word' id='word_1_534' title='bbox 978 1005 1004 1027; x_wconf 81' lang='lat' dir='ltr'><strong>et</strong></span> <span class='ocrx_word' id='word_1_535' title='bbox 1031 1000 1039 1026; x_wconf 92' lang='grc'><strong>1</strong></span> <span class='ocrx_word' id='word_1_536' title='bbox 1063 1000 1095 1026; x_wconf 88' lang='lat' dir='ltr'><strong>ad</strong></span> <span class='ocrx_word' id='word_1_537' title='bbox 1127 999 1246 1028; x_wconf 82' lang='lat' dir='ltr'><strong>Timolh.</strong></span> <span class='ocrx_word' id='word_1_538' title='bbox 1275 1009 1289 1027; x_wconf 89' lang='lat' dir='ltr'><strong>a</strong></span> <span class='ocrx_word' id='word_1_539' title='bbox 1316 1001 1413 1036; x_wconf 77' lang='lat' dir='ltr'><strong>Vigilio</strong></span> <span class='ocrx_word' id='word_1_540' title='bbox 1444 1001 1532 1028; x_wconf 82' lang='lat' dir='ltr'><strong>aﬂ&#39;crri</strong></span> <span class='ocrx_word' id='word_1_541' title='bbox 1565 1000 1696 1035; x_wconf 70' lang='lat' dir='ltr'><strong>perhibet.</strong></span> <span class='ocrx_word' id='word_1_542' title='bbox 1721 998 1764 1026; x_wconf 85' lang='lat' dir='ltr'><strong>Cf.</strong></span> 
     </span>
    </p>
   </div>
   <div class='ocr_carea' id='block_1_71' title="bbox 979 1044 1764 1080">
    <p class='ocr_par' dir='ltr' id='par_1_71' title="bbox 979 1044 1764 1080">
     <span class='ocr_line' id='line_1_71' title="bbox 979 1044 1764 1080; baseline -0.001 -9"><span class='ocrx_word' id='word_1_543' title='bbox 979 1044 1058 1080; x_wconf 75' lang='lat' dir='ltr'><strong>Vigil.</strong></span> <span class='ocrx_word' id='word_1_544' title='bbox 1077 1045 1170 1072; x_wconf 84' lang='lat' dir='ltr'><strong>Const.</strong></span> <span class='ocrx_word' id='word_1_545' title='bbox 1185 1045 1228 1077; x_wconf 78' lang='lat'><strong>35,</strong></span> <span class='ocrx_word' id='word_1_546' title='bbox 1246 1045 1289 1078; x_wconf 64' lang='lat'><strong>4‘2,</strong></span> <span class='ocrx_word' id='word_1_547' title='bbox 1305 1046 1349 1077; x_wconf 71' lang='grc'><strong>45,</strong></span> <span class='ocrx_word' id='word_1_548' title='bbox 1367 1051 1393 1073; x_wconf 85' lang='lat' dir='ltr'><strong>et</strong></span> <span class='ocrx_word' id='word_1_549' title='bbox 1405 1047 1464 1073; x_wconf 77' lang='lat' dir='ltr'><strong>Aet.</strong></span> <span class='ocrx_word' id='word_1_550' title='bbox 1477 1053 1555 1072; x_wconf 82' lang='lat' dir='ltr'><strong>conc.</strong></span> <span class='ocrx_word' id='word_1_551' title='bbox 1570 1044 1663 1072; x_wconf 82' lang='lat' dir='ltr'><strong>Const.</strong></span> <span class='ocrx_word' id='word_1_552' title='bbox 1681 1052 1711 1074; x_wconf 83' lang='grc' dir='ltr'><strong>ιι,</strong></span> <span class='ocrx_word' id='word_1_553' title='bbox 1727 1052 1764 1076; x_wconf 82' lang='lat' dir='ltr'><strong>Iv,</strong></span> 
     </span>
    </p>
   </div>
   <div class='ocr_carea' id='block_1_72' title="bbox 978 1090 1080 1120">
    <p class='ocr_par' dir='ltr' id='par_1_72' title="bbox 978 1090 1080 1120">
     <span class='ocr_line' id='line_1_72' title="bbox 978 1090 1080 1120; baseline -0.01 -3"><span class='ocrx_word' id='word_1_554' title='bbox 978 1090 1022 1120; x_wconf 76' lang='lat'><strong>55.</strong></span> <span class='ocrx_word' id='word_1_555' title='bbox 1037 1091 1080 1117; x_wconf 72' lang='lat'><strong>42.</strong></span> 
     </span>
    </p>
   </div>
   <div class='ocr_carea' id='block_1_73' title="bbox 1015 1134 1764 1171">
    <p class='ocr_par' dir='ltr' id='par_1_73' title="bbox 1015 1134 1764 1171">
     <span class='ocr_line' id='line_1_73' title="bbox 1015 1134 1764 1171; baseline 0 -9"><span class='ocrx_word' id='word_1_556' title='bbox 1015 1134 1104 1162; x_wconf 88' lang='lat' dir='ltr'><strong>Unum</strong></span> <span class='ocrx_word' id='word_1_557' title='bbox 1124 1135 1306 1171; x_wconf 78' lang='lat' dir='ltr'><strong>fragmentum</strong></span> <span class='ocrx_word' id='word_1_558' title='bbox 1322 1135 1510 1162; x_wconf 85' lang='lat' dir='ltr'><strong>commentarii</strong></span> <span class='ocrx_word' id='word_1_559' title='bbox 1526 1136 1552 1161; x_wconf 87' lang='lat' dir='ltr'><strong>in</strong></span> <span class='ocrx_word' id='word_1_560' title='bbox 1568 1135 1615 1169; x_wconf 81' lang='lat' dir='ltr'><strong>Ep.</strong></span> <span class='ocrx_word' id='word_1_561' title='bbox 1631 1136 1665 1162; x_wconf 82' lang='lat' dir='ltr'><strong>ad</strong></span> <span class='ocrx_word' id='word_1_562' title='bbox 1685 1136 1764 1163; x_wconf 79' lang='lat' dir='ltr'><strong>Hebr.</strong></span> 
     </span>
    </p>
   </div>
   <div class='ocr_carea' id='block_1_74' title="bbox 979 1182 1764 1217">
    <p class='ocr_par' dir='ltr' id='par_1_74' title="bbox 979 1182 1764 1217">
     <span class='ocr_line' id='line_1_74' title="bbox 979 1182 1764 1217; baseline 0.003 -9"><span class='ocrx_word' id='word_1_563' title='bbox 979 1182 1006 1209; x_wconf 91' lang='lat' dir='ltr'><strong>iu</strong></span> <span class='ocrx_word' id='word_1_564' title='bbox 1027 1182 1086 1209; x_wconf 76' lang='lat' dir='ltr'><strong>Act.</strong></span> <span class='ocrx_word' id='word_1_565' title='bbox 1103 1190 1180 1209; x_wconf 89' lang='lat' dir='ltr'><strong>conc.</strong></span> <span class='ocrx_word' id='word_1_566' title='bbox 1204 1183 1298 1209; x_wconf 85' lang='lat' dir='ltr'><strong>Const.</strong></span> <span class='ocrx_word' id='word_1_567' title='bbox 1321 1191 1352 1213; x_wconf 85' lang='lat' dir='ltr'><strong>tl.</strong></span> <span class='ocrx_word' id='word_1_568' title='bbox 1380 1190 1416 1214; x_wconf 82' lang='lat' dir='ltr'><strong>tv,</strong></span> <span class='ocrx_word' id='word_1_569' title='bbox 1441 1182 1476 1208; x_wconf 67' lang='lat'><strong>52</strong></span> <span class='ocrx_word' id='word_1_570' title='bbox 1501 1182 1591 1217; x_wconf 69' lang='lat' dir='ltr'><strong>(\‘igil.</strong></span> <span class='ocrx_word' id='word_1_571' title='bbox 1609 1183 1702 1210; x_wconf 82' lang='lat' dir='ltr'><strong>Const.</strong></span> <span class='ocrx_word' id='word_1_572' title='bbox 1720 1185 1764 1215; x_wconf 77' lang='lat'><strong>5&#39;2,</strong></span> 
     </span>
    </p>
   </div>
   <div class='ocr_carea' id='block_1_75' title="bbox 979 1227 1761 1264">
    <p class='ocr_par' dir='ltr' id='par_1_75' title="bbox 979 1227 1761 1264">
     <span class='ocr_line' id='line_1_75' title="bbox 979 1227 1761 1264; baseline 0 -10"><span class='ocrx_word' id='word_1_573' title='bbox 979 1227 1070 1264; x_wconf 79' lang='lat' dir='ltr'><strong>Pelag.</strong></span> <span class='ocrx_word' id='word_1_574' title='bbox 1093 1237 1117 1263; x_wconf 91' lang='lat' dir='ltr'><strong>p.</strong></span> <span class='ocrx_word' id='word_1_575' title='bbox 1142 1237 1185 1264; x_wconf 77' lang='lat' dir='ltr'><strong>ep.</strong></span> <span class='ocrx_word' id='word_1_576' title='bbox 1207 1229 1235 1259; x_wconf 79' lang='lat'><strong>5.</strong></span> <span class='ocrx_word' id='word_1_577' title='bbox 1261 1229 1296 1255; x_wconf 84' lang='lat' dir='ltr'><strong>ad</strong></span> <span class='ocrx_word' id='word_1_578' title='bbox 1316 1227 1403 1254; x_wconf 72' lang='lat' dir='ltr'><strong>Etiam</strong></span> <span class='ocrx_word' id='word_1_579' title='bbox 1425 1228 1442 1255; x_wconf 96' lang='grc' dir='ltr'>Ι.</span> <span class='ocrx_word' id='word_1_580' title='bbox 1464 1236 1501 1260; x_wconf 89' lang='lat' dir='ltr'><strong>c.,</strong></span> <span class='ocrx_word' id='word_1_581' title='bbox 1519 1237 1545 1263; x_wconf 91' lang='lat' dir='ltr'><strong>p.</strong></span> <span class='ocrx_word' id='word_1_582' title='bbox 1564 1229 1626 1261; x_wconf 63' lang='grc'><strong>450)</strong></span> <span class='ocrx_word' id='word_1_583' title='bbox 1655 1230 1761 1264; x_wconf 49' lang='lat' dir='ltr'><strong>legitur.</strong></span> 
     </span>
    </p>
   </div>
   <div class='ocr_carea' id='block_1_76' title="bbox 978 1273 1764 1309">
    <p class='ocr_par' dir='ltr' id='par_1_76' title="bbox 978 1273 1764 1309">
     <span class='ocr_line' id='line_1_76' title="bbox 978 1273 1764 1309; baseline -0.004 -8"><span class='ocrx_word' id='word_1_584' title='bbox 978 1274 1055 1307; x_wconf 79' lang='lat' dir='ltr'><strong>Quod</strong></span> <span class='ocrx_word' id='word_1_585' title='bbox 1079 1274 1179 1301; x_wconf 82' lang='lat' dir='ltr'><strong>ibidem</strong></span> <span class='ocrx_word' id='word_1_586' title='bbox 1206 1274 1240 1302; x_wconf 66' lang='grc'><strong>46</strong></span> <span class='ocrx_word' id='word_1_587' title='bbox 1265 1273 1337 1309; x_wconf 78' lang='lat' dir='ltr'><strong>(Vig.</strong></span> <span class='ocrx_word' id='word_1_588' title='bbox 1355 1274 1406 1300; x_wconf 67' lang='grc' dir='ltr'>(ΣΡ.</span> <span class='ocrx_word' id='word_1_589' title='bbox 1427 1274 1471 1307; x_wconf 67' lang='grc'><strong>47)</strong></span> <span class='ocrx_word' id='word_1_590' title='bbox 1496 1282 1528 1300; x_wconf 78' lang='lat' dir='ltr'><strong>ea:</strong></span> <span class='ocrx_word' id='word_1_591' title='bbox 1552 1274 1764 1308; x_wconf 68' lang='lat' dir='ltr'><strong>interpretation.</strong></span> 
     </span>
    </p>
   </div>
   <div class='ocr_carea' id='block_1_77' title="bbox 980 1319 1749 1354">
    <p class='ocr_par' dir='ltr' id='par_1_77' title="bbox 980 1319 1749 1354">
     <span class='ocr_line' id='line_1_77' title="bbox 980 1319 1749 1354; baseline 0 -8"><span class='ocrx_word' id='word_1_592' title='bbox 980 1321 1028 1354; x_wconf 75' lang='lat' dir='ltr'><strong>Ep.</strong></span> <span class='ocrx_word' id='word_1_593' title='bbox 1056 1321 1090 1347; x_wconf 82' lang='lat' dir='ltr'><strong>ad</strong></span> <span class='ocrx_word' id='word_1_594' title='bbox 1122 1320 1201 1347; x_wconf 83' lang='lat' dir='ltr'><strong>Hebr.</strong></span> <span class='ocrx_word' id='word_1_595' title='bbox 1231 1320 1354 1353; x_wconf 80' lang='lat' dir='ltr'><strong>affertur,</strong></span> <span class='ocrx_word' id='word_1_596' title='bbox 1381 1328 1413 1347; x_wconf 82' lang='lat' dir='ltr'><strong>ex</strong></span> <span class='ocrx_word' id='word_1_597' title='bbox 1439 1320 1508 1346; x_wconf 79' lang='lat' dir='ltr'><strong>libro</strong></span> <span class='ocrx_word' id='word_1_598' title='bbox 1535 1327 1571 1346; x_wconf 85' lang='lat' dir='ltr'><strong>xu</strong></span> <span class='ocrx_word' id='word_1_599' title='bbox 1598 1319 1632 1346; x_wconf 78' lang='grc' dir='ltr'><strong>υιι</strong></span> <span class='ocrx_word' id='word_1_600' title='bbox 1658 1320 1749 1347; x_wconf 74' lang='lat' dir='ltr'><strong>lnrarr</strong></span> 
     </span>
    </p>
   </div>
   <div class='ocr_carea' id='block_1_78' title="bbox 977 1369 1170 1400">
    <p class='ocr_par' dir='ltr' id='par_1_78' title="bbox 977 1369 1170 1400">
     <span class='ocr_line' id='line_1_78' title="bbox 977 1369 1170 1400; baseline 0 -8"><span class='ocrx_word' id='word_1_601' title='bbox 977 1371 1115 1400; x_wconf 83' lang='lat' dir='ltr'><strong>sumptum</strong></span> <span class='ocrx_word' id='word_1_602' title='bbox 1129 1369 1170 1392; x_wconf 82' lang='lat' dir='ltr'><strong>cst</strong></span> 
     </span>
    </p>
   </div>
   <div class='ocr_carea' id='block_1_79' title="bbox 1013 1410 1753 1446">
    <p class='ocr_par' dir='ltr' id='par_1_79' title="bbox 1013 1410 1753 1446">
     <span class='ocr_line' id='line_1_79' title="bbox 1013 1410 1753 1446; baseline -0.003 -8"><span class='ocrx_word' id='word_1_603' title='bbox 1013 1411 1186 1438; x_wconf 84' lang='lat' dir='ltr'><strong>Theodorum</strong></span> <span class='ocrx_word' id='word_1_604' title='bbox 1214 1410 1351 1446; x_wconf 82' lang='lat' dir='ltr'><strong>Epistolas</strong></span> <span class='ocrx_word' id='word_1_605' title='bbox 1376 1414 1478 1445; x_wconf 72' lang='lat' dir='ltr'><strong>septem</strong></span> <span class='ocrx_word' id='word_1_606' title='bbox 1505 1411 1656 1437; x_wconf 79' lang='lat' dir='ltr'><strong>catholicas</strong></span> <span class='ocrx_word' id='word_1_607' title='bbox 1681 1411 1753 1437; x_wconf 84' lang='lat' dir='ltr'><strong>inter</strong></span> 
     </span>
    </p>
   </div>
   <div class='ocr_carea' id='block_1_80' title="bbox 978 1456 1764 1492">
    <p class='ocr_par' dir='ltr' id='par_1_80' title="bbox 978 1456 1764 1492">
     <span class='ocr_line' id='line_1_80' title="bbox 978 1456 1764 1492; baseline -0.001 -9"><span class='ocrx_word' id='word_1_608' title='bbox 978 1462 1111 1492; x_wconf 87' lang='lat' dir='ltr'><strong>pretatnm</strong></span> <span class='ocrx_word' id='word_1_609' title='bbox 1127 1465 1198 1488; x_wconf 80' lang='lat' dir='ltr'><strong>esse.</strong></span> <span class='ocrx_word' id='word_1_610' title='bbox 1214 1457 1329 1484; x_wconf 87' lang='lat' dir='ltr'><strong>Bandini</strong></span> <span class='ocrx_word' id='word_1_611' title='bbox 1346 1457 1364 1483; x_wconf 94' lang='grc' dir='ltr'>Ι.</span> <span class='ocrx_word' id='word_1_612' title='bbox 1381 1456 1411 1486; x_wconf 75' lang='lat' dir='ltr'><strong>l.,</strong></span> <span class='ocrx_word' id='word_1_613' title='bbox 1425 1456 1467 1487; x_wconf 85' lang='lat' dir='ltr'><strong>III,</strong></span> <span class='ocrx_word' id='word_1_614' title='bbox 1484 1464 1509 1490; x_wconf 88' lang='lat' dir='ltr'><strong>p.</strong></span> <span class='ocrx_word' id='word_1_615' title='bbox 1522 1456 1585 1488; x_wconf 73' lang='lat'><strong>585,</strong></span> <span class='ocrx_word' id='word_1_616' title='bbox 1598 1461 1638 1483; x_wconf 75' lang='lat' dir='ltr'><strong>est</strong></span> <span class='ocrx_word' id='word_1_617' title='bbox 1654 1460 1680 1483; x_wconf 82' lang='lat' dir='ltr'><strong>et</strong></span> <span class='ocrx_word' id='word_1_618' title='bbox 1697 1456 1764 1491; x_wconf 79' lang='lat' dir='ltr'><strong>Aug.</strong></span> 
     </span>
    </p>
   </div>
   <div class='ocr_carea' id='block_1_81' title="bbox 977 1501 1758 1537">
    <p class='ocr_par' dir='ltr' id='par_1_81' title="bbox 977 1501 1758 1537">
     <span class='ocr_line' id='line_1_81' title="bbox 977 1501 1758 1537; baseline -0.004 -8"><span class='ocrx_word' id='word_1_619' title='bbox 977 1503 1038 1529; x_wconf 82' lang='lat' dir='ltr'><strong>Maii</strong></span> <span class='ocrx_word' id='word_1_620' title='bbox 1056 1503 1073 1529; x_wconf 94' lang='lat' dir='ltr'><strong>l.</strong></span> <span class='ocrx_word' id='word_1_621' title='bbox 1091 1503 1122 1532; x_wconf 83' lang='lat' dir='ltr'><strong>l.,</strong></span> <span class='ocrx_word' id='word_1_622' title='bbox 1143 1503 1162 1535; x_wconf 88' lang='grc' dir='ltr'>Ι,</span> <span class='ocrx_word' id='word_1_623' title='bbox 1186 1510 1212 1537; x_wconf 93' lang='lat' dir='ltr'><strong>p.</strong></span> <span class='ocrx_word' id='word_1_624' title='bbox 1240 1510 1297 1532; x_wconf 73' lang='lat' dir='ltr'><strong>ut.</strong></span> <span class='ocrx_word' id='word_1_625' title='bbox 1319 1502 1423 1536; x_wconf 89' lang='lat' dir='ltr'><strong>opinio.</strong></span> <span class='ocrx_word' id='word_1_626' title='bbox 1442 1509 1502 1536; x_wconf 65' lang='lat' dir='ltr'><strong>qum</strong></span> <span class='ocrx_word' id='word_1_627' title='bbox 1526 1501 1577 1528; x_wconf 83' lang='lat' dir='ltr'><strong>hoc</strong></span> <span class='ocrx_word' id='word_1_628' title='bbox 1595 1509 1660 1531; x_wconf 86' lang='lat' dir='ltr'><strong>uno,</strong></span> <span class='ocrx_word' id='word_1_629' title='bbox 1686 1501 1758 1527; x_wconf 85' lang='lat' dir='ltr'><strong>nullo</strong></span> 
     </span>
    </p>
   </div>
   <div class='ocr_carea' id='block_1_82' title="bbox 978 1545 1764 1581">
    <p class='ocr_par' dir='ltr' id='par_1_82' title="bbox 978 1545 1764 1581">
     <span class='ocr_line' id='line_1_82' title="bbox 978 1545 1764 1581; baseline -0.004 -6"><span class='ocrx_word' id='word_1_630' title='bbox 978 1555 1042 1575; x_wconf 85' lang='lat' dir='ltr'><strong>sane</strong></span> <span class='ocrx_word' id='word_1_631' title='bbox 1055 1548 1332 1581; x_wconf 76' lang='lat' dir='ltr'><strong>nititurargumenlo,</strong></span> <span class='ocrx_word' id='word_1_632' title='bbox 1344 1547 1415 1581; x_wconf 89' lang='lat' dir='ltr'><strong>quod</strong></span> <span class='ocrx_word' id='word_1_633' title='bbox 1432 1547 1458 1573; x_wconf 91' lang='lat' dir='ltr'><strong>in</strong></span> <span class='ocrx_word' id='word_1_634' title='bbox 1475 1546 1535 1574; x_wconf 85' lang='lat' dir='ltr'><strong>Cat.</strong></span> <span class='ocrx_word' id='word_1_635' title='bbox 1547 1546 1609 1573; x_wconf 83' lang='lat' dir='ltr'><strong>cod.</strong></span> <span class='ocrx_word' id='word_1_636' title='bbox 1625 1546 1656 1577; x_wconf 82' lang='lat' dir='ltr'><strong>V,</strong></span> <span class='ocrx_word' id='word_1_637' title='bbox 1670 1546 1706 1581; x_wconf 90' lang='lat' dir='ltr'><strong>pl.</strong></span> <span class='ocrx_word' id='word_1_638' title='bbox 1722 1545 1764 1577; x_wconf 77' lang='lat' dir='ltr'><strong>Vl.</strong></span> 
     </span>
    </p>
   </div>
   <div class='ocr_carea' id='block_1_83' title="bbox 980 1591 1767 1626">
    <p class='ocr_par' dir='ltr' id='par_1_83' title="bbox 980 1591 1767 1626">
     <span class='ocr_line' id='line_1_83' title="bbox 980 1591 1767 1626; baseline -0.003 -6"><span class='ocrx_word' id='word_1_639' title='bbox 980 1593 1045 1621; x_wconf 86' lang='lat' dir='ltr'><strong>bibl.</strong></span> <span class='ocrx_word' id='word_1_640' title='bbox 1071 1592 1151 1619; x_wconf 81' lang='lat' dir='ltr'><strong>Laur.</strong></span> <span class='ocrx_word' id='word_1_641' title='bbox 1180 1592 1249 1619; x_wconf 83' lang='lat' dir='ltr'><strong>Med.</strong></span> <span class='ocrx_word' id='word_1_642' title='bbox 1269 1593 1339 1619; x_wconf 81' lang='lat' dir='ltr'><strong>inter</strong></span> <span class='ocrx_word' id='word_1_643' title='bbox 1361 1591 1543 1626; x_wconf 74' lang='lat' dir='ltr'><strong>explicatores</strong></span> <span class='ocrx_word' id='word_1_644' title='bbox 1567 1591 1675 1618; x_wconf 81' lang='lat' dir='ltr'><strong>illarum</strong></span> <span class='ocrx_word' id='word_1_645' title='bbox 1702 1591 1767 1626; x_wconf 84' lang='lat' dir='ltr'><strong>Epi-</strong></span> 
     </span>
    </p>
   </div>
   <div class='ocr_carea' id='block_1_84' title="bbox 980 1637 1763 1668">
    <p class='ocr_par' dir='ltr' id='par_1_84' title="bbox 980 1637 1763 1668">
     <span class='ocr_line' id='line_1_84' title="bbox 980 1637 1763 1668; baseline 0 -4"><span class='ocrx_word' id='word_1_646' title='bbox 980 1639 1112 1665; x_wconf 84' lang='lat' dir='ltr'><strong>stolarum</strong></span> <span class='ocrx_word' id='word_1_647' title='bbox 1131 1641 1317 1665; x_wconf 88' lang='lat' dir='ltr'><strong>memorantur</strong></span> <span class='ocrx_word' id='word_1_648' title='bbox 1333 1637 1384 1664; x_wconf 88' lang='lat' dir='ltr'><strong>Th.</strong></span> <span class='ocrx_word' id='word_1_649' title='bbox 1402 1637 1521 1668; x_wconf 81' lang='lat' dir='ltr'><strong>licracl.,</strong></span> <span class='ocrx_word' id='word_1_650' title='bbox 1546 1637 1596 1665; x_wconf 82' lang='lat' dir='ltr'><strong>Th.</strong></span> <span class='ocrx_word' id='word_1_651' title='bbox 1618 1637 1705 1668; x_wconf 79' lang='lat' dir='ltr'><strong>alter;</strong></span> <span class='ocrx_word' id='word_1_652' title='bbox 1727 1637 1763 1664; x_wconf 87' lang='lat' dir='ltr'><strong>cf.</strong></span> 
     </span>
    </p>
   </div>
   <div class='ocr_carea' id='block_1_85' title="bbox 983 1683 1764 1718">
    <p class='ocr_par' dir='ltr' id='par_1_85' title="bbox 983 1683 1764 1718">
     <span class='ocr_line' id='line_1_85' title="bbox 983 1683 1764 1718; baseline -0.001 -7"><span class='ocrx_word' id='word_1_653' title='bbox 983 1685 1064 1711; x_wconf 81' lang='lat' dir='ltr'><strong>Band.</strong></span> <span class='ocrx_word' id='word_1_654' title='bbox 1085 1684 1103 1711; x_wconf 93' lang='lat' dir='ltr'><strong>l.</strong></span> <span class='ocrx_word' id='word_1_655' title='bbox 1126 1684 1156 1715; x_wconf 87' lang='lat' dir='ltr'><strong>l.,</strong></span> <span class='ocrx_word' id='word_1_656' title='bbox 1176 1683 1194 1715; x_wconf 93' lang='lat' dir='ltr'><strong>I,</strong></span> <span class='ocrx_word' id='word_1_657' title='bbox 1221 1691 1246 1718; x_wconf 93' lang='lat' dir='ltr'><strong>p.</strong></span> <span class='ocrx_word' id='word_1_658' title='bbox 1266 1683 1323 1710; x_wconf 58' lang='lat'><strong>102,</strong></span> <span class='ocrx_word' id='word_1_659' title='bbox 1354 1684 1424 1717; x_wconf 84' lang='lat' dir='ltr'><strong>Quid</strong></span> <span class='ocrx_word' id='word_1_660' title='bbox 1452 1684 1524 1718; x_wconf 88' lang='lat' dir='ltr'><strong>quod</strong></span> <span class='ocrx_word' id='word_1_661' title='bbox 1548 1684 1662 1711; x_wconf 83' lang='lat' dir='ltr'><strong>Cusmas</strong></span> <span class='ocrx_word' id='word_1_662' title='bbox 1679 1684 1764 1711; x_wconf 84' lang='lat' dir='ltr'><strong>ludic.</strong></span> 
     </span>
    </p>
   </div>
   <div class='ocr_carea' id='block_1_86' title="bbox 981 1727 1765 1764">
    <p class='ocr_par' dir='ltr' id='par_1_86' title="bbox 981 1727 1765 1764">
     <span class='ocr_line' id='line_1_86' title="bbox 981 1727 1765 1764; baseline 0 -8"><span class='ocrx_word' id='word_1_663' title='bbox 981 1730 998 1756; x_wconf 92' lang='lat' dir='ltr'><strong>I.</strong></span> <span class='ocrx_word' id='word_1_664' title='bbox 1016 1730 1046 1760; x_wconf 87' lang='grc'><strong>1..</strong></span> <span class='ocrx_word' id='word_1_665' title='bbox 1071 1738 1096 1764; x_wconf 93' lang='lat' dir='ltr'><strong>p.</strong></span> <span class='ocrx_word' id='word_1_666' title='bbox 1121 1730 1185 1760; x_wconf 71' lang='lat'><strong>535,</strong></span> <span class='ocrx_word' id='word_1_667' title='bbox 1206 1744 1241 1749; x_wconf 89' lang='lat'><strong>-—</strong></span> <span class='ocrx_word' id='word_1_668' title='bbox 1257 1729 1319 1756; x_wconf 76' lang='grc' dir='ltr'><strong>οὒτε</strong></span> <span class='ocrx_word' id='word_1_669' title='bbox 1339 1727 1389 1761; x_wconf 79' lang='grc' dir='ltr'>εἷς,</span> <span class='ocrx_word' id='word_1_670' title='bbox 1414 1730 1512 1764; x_wconf 85' lang='lat' dir='ltr'><strong>inquit,</strong></span> <span class='ocrx_word' id='word_1_671' title='bbox 1534 1729 1624 1756; x_wconf 81' lang='grc' dir='ltr'>αὐτῶν</span> <span class='ocrx_word' id='word_1_672' title='bbox 1646 1730 1765 1764; x_wconf 76' lang='grc' dir='ltr'><strong>(πάντων</strong></span> 
     </span>
    </p>
   </div>
   <div class='ocr_carea' id='block_1_87' title="bbox 980 1774 1766 1811">
    <p class='ocr_par' dir='ltr' id='par_1_87' title="bbox 980 1774 1766 1811">
     <span class='ocr_line' id='line_1_87' title="bbox 980 1774 1766 1811; baseline 0.001 -10"><span class='ocrx_word' id='word_1_673' title='bbox 980 1775 1033 1802; x_wconf 80' lang='grc' dir='ltr'><strong>τῶν</strong></span> <span class='ocrx_word' id='word_1_674' title='bbox 1057 1775 1339 1810; x_wconf 73' lang='grc' dir='ltr'><strong>ὐπομνηματισάντων</strong></span> <span class='ocrx_word' id='word_1_675' title='bbox 1361 1775 1411 1806; x_wconf 82' lang='grc' dir='ltr'><strong>τὰς</strong></span> <span class='ocrx_word' id='word_1_676' title='bbox 1438 1774 1512 1806; x_wconf 83' lang='grc' dir='ltr'>θείας</span> <span class='ocrx_word' id='word_1_677' title='bbox 1531 1775 1663 1811; x_wconf 80' lang='grc' dir='ltr'>Γραφὰς)</span> <span class='ocrx_word' id='word_1_678' title='bbox 1688 1775 1766 1810; x_wconf 74' lang='grc' dir='ltr'>λόγον</span> 
     </span>
    </p>
   </div>
   <div class='ocr_carea' id='block_1_88' title="bbox 981 1820 1765 1855">
    <p class='ocr_par' dir='ltr' id='par_1_88' title="bbox 981 1820 1765 1855">
     <span class='ocr_line' id='line_1_88' title="bbox 981 1820 1765 1855; baseline 0.001 -8"><span class='ocrx_word' id='word_1_679' title='bbox 981 1821 1126 1855; x_wconf 74' lang='grc' dir='ltr'><strong>ἐποιήσατο</strong></span> <span class='ocrx_word' id='word_1_680' title='bbox 1147 1821 1200 1847; x_wconf 84' lang='grc' dir='ltr'><strong>τῶν</strong></span> <span class='ocrx_word' id='word_1_681' title='bbox 1222 1820 1399 1848; x_wconf 67' lang='grc' dir='ltr'><strong>Καθολικῶνῗ</strong></span> <span class='ocrx_word' id='word_1_682' title='bbox 1425 1821 1561 1848; x_wconf 74' lang='lat' dir='ltr'><strong>Caeterum</strong></span> <span class='ocrx_word' id='word_1_683' title='bbox 1579 1829 1632 1848; x_wconf 91' lang='lat' dir='ltr'><strong>non</strong></span> <span class='ocrx_word' id='word_1_684' title='bbox 1651 1821 1765 1848; x_wconf 88' lang='lat' dir='ltr'><strong>dubium</strong></span> 
     </span>
    </p>
   </div>
   <div class='ocr_carea' id='block_1_89' title="bbox 981 1865 1763 1901">
    <p class='ocr_par' dir='ltr' id='par_1_89' title="bbox 981 1865 1763 1901">
     <span class='ocr_line' id='line_1_89' title="bbox 981 1865 1763 1901; baseline -0.001 -8"><span class='ocrx_word' id='word_1_685' title='bbox 981 1867 1045 1901; x_wconf 90' lang='lat' dir='ltr'><strong>quin</strong></span> <span class='ocrx_word' id='word_1_686' title='bbox 1060 1865 1221 1894; x_wconf 86' lang='lat' dir='ltr'><strong>Theodorus</strong></span> <span class='ocrx_word' id='word_1_687' title='bbox 1239 1867 1262 1893; x_wconf 89' lang='lat' dir='ltr'><strong>si</strong></span> <span class='ocrx_word' id='word_1_688' title='bbox 1279 1874 1331 1893; x_wconf 89' lang='lat' dir='ltr'><strong>non</strong></span> <span class='ocrx_word' id='word_1_689' title='bbox 1346 1874 1441 1893; x_wconf 87' lang='lat' dir='ltr'><strong>omnes</strong></span> <span class='ocrx_word' id='word_1_690' title='bbox 1455 1866 1591 1901; x_wconf 85' lang='lat' dir='ltr'><strong>Epistolas</strong></span> <span class='ocrx_word' id='word_1_691' title='bbox 1605 1867 1763 1898; x_wconf 82' lang='lat' dir='ltr'><strong>catholicas,</strong></span> 
     </span>
    </p>
   </div>
   <div class='ocr_carea' id='block_1_90' title="bbox 981 1911 1765 1948">
    <p class='ocr_par' dir='ltr' id='par_1_90' title="bbox 981 1911 1765 1948">
     <span class='ocr_line' id='line_1_90' title="bbox 981 1911 1765 1948; baseline 0 -9"><span class='ocrx_word' id='word_1_692' title='bbox 981 1911 1086 1939; x_wconf 85' lang='lat' dir='ltr'><strong>Leontii</strong></span> <span class='ocrx_word' id='word_1_693' title='bbox 1106 1912 1178 1939; x_wconf 88' lang='lat' dir='ltr'><strong>enim</strong></span> <span class='ocrx_word' id='word_1_694' title='bbox 1199 1912 1292 1939; x_wconf 83' lang='lat' dir='ltr'><strong>verbis</strong></span> <span class='ocrx_word' id='word_1_695' title='bbox 1312 1912 1392 1946; x_wconf 87' lang='lat' dir='ltr'><strong>(Gali.</strong></span> <span class='ocrx_word' id='word_1_696' title='bbox 1404 1911 1475 1939; x_wconf 82' lang='lat' dir='ltr'><strong>Bibl.</strong></span> <span class='ocrx_word' id='word_1_697' title='bbox 1491 1913 1508 1938; x_wconf 92' lang='lat' dir='ltr'><strong>I.</strong></span> <span class='ocrx_word' id='word_1_698' title='bbox 1524 1920 1561 1943; x_wconf 88' lang='lat' dir='ltr'><strong>c.,</strong></span> <span class='ocrx_word' id='word_1_699' title='bbox 1576 1920 1602 1947; x_wconf 92' lang='lat' dir='ltr'><strong>p.</strong></span> <span class='ocrx_word' id='word_1_700' title='bbox 1619 1912 1692 1948; x_wconf 74' lang='lat'><strong>637),</strong></span> <span class='ocrx_word' id='word_1_701' title='bbox 1711 1923 1719 1938; x_wconf 74' lang='grc' dir='ltr'><strong>ε</strong></span> <span class='ocrx_word' id='word_1_702' title='bbox 1730 1913 1765 1938; x_wconf 83' lang='grc'><strong>01)</strong></span> 
     </span>
    </p>
   </div>
   <div class='ocr_carea' id='block_1_91' title="bbox 980 1956 1763 1993">
    <p class='ocr_par' dir='ltr' id='par_1_91' title="bbox 980 1956 1763 1993">
     <span class='ocr_line' id='line_1_91' title="bbox 980 1956 1763 1993; baseline 0.001 -9"><span class='ocrx_word' id='word_1_703' title='bbox 980 1966 1060 1992; x_wconf 79' lang='lat' dir='ltr'><strong>quam</strong></span> <span class='ocrx_word' id='word_1_704' title='bbox 1083 1965 1195 1984; x_wconf 83' lang='lat' dir='ltr'><strong>causam</strong></span> <span class='ocrx_word' id='word_1_705' title='bbox 1219 1958 1277 1993; x_wconf 87' lang='lat' dir='ltr'><strong>(sc.</strong></span> <span class='ocrx_word' id='word_1_706' title='bbox 1293 1958 1357 1992; x_wconf 86' lang='lat' dir='ltr'><strong>quia</strong></span> <span class='ocrx_word' id='word_1_707' title='bbox 1373 1957 1432 1984; x_wconf 81' lang='lat' dir='ltr'><strong>Jac.</strong></span> <span class='ocrx_word' id='word_1_708' title='bbox 1447 1966 1473 1989; x_wconf 88' lang='lat' dir='ltr'><strong>v,</strong></span> <span class='ocrx_word' id='word_1_709' title='bbox 1492 1959 1535 1989; x_wconf 79' lang='lat' dir='ltr'><strong>II,</strong></span> <span class='ocrx_word' id='word_1_710' title='bbox 1553 1958 1681 1992; x_wconf 79' lang='lat' dir='ltr'><strong>patientia</strong></span> <span class='ocrx_word' id='word_1_711' title='bbox 1703 1956 1763 1985; x_wconf 84' lang='lat' dir='ltr'><strong>Jobi</strong></span> 
     </span>
    </p>
   </div>
   <div class='ocr_carea' id='block_1_92' title="bbox 980 2002 1765 2038">
    <p class='ocr_par' dir='ltr' id='par_1_92' title="bbox 980 2002 1765 2038">
     <span class='ocr_line' id='line_1_92' title="bbox 980 2002 1765 2038; baseline -0.001 -7"><span class='ocrx_word' id='word_1_712' title='bbox 980 2003 1155 2038; x_wconf 78' lang='lat' dir='ltr'><strong>celebratur),</strong></span> <span class='ocrx_word' id='word_1_713' title='bbox 1171 2007 1201 2030; x_wconf 88' lang='lat' dir='ltr'><strong>ut</strong></span> <span class='ocrx_word' id='word_1_714' title='bbox 1216 2003 1344 2035; x_wconf 88' lang='lat' dir='ltr'><strong>arbitror,</strong></span> <span class='ocrx_word' id='word_1_715' title='bbox 1359 2003 1446 2037; x_wconf 85' lang='lat' dir='ltr'><strong>ipsam</strong></span> <span class='ocrx_word' id='word_1_716' title='bbox 1467 2002 1613 2037; x_wconf 79' lang='lat' dir='ltr'><strong>Epistolam</strong></span> <span class='ocrx_word' id='word_1_717' title='bbox 1627 2003 1720 2030; x_wconf 86' lang='lat' dir='ltr'><strong>Jacobi</strong></span> <span class='ocrx_word' id='word_1_718' title='bbox 1737 2008 1765 2030; x_wconf 85' lang='lat' dir='ltr'><strong>et</strong></span> 
     </span>
    </p>
   </div>
   <div class='ocr_carea' id='block_1_93' title="bbox 981 2049 1765 2084">
    <p class='ocr_par' dir='ltr' id='par_1_93' title="bbox 981 2049 1765 2084">
     <span class='ocr_line' id='line_1_93' title="bbox 981 2049 1765 2084; baseline 0 -8"><span class='ocrx_word' id='word_1_719' title='bbox 981 2051 1050 2078; x_wconf 84' lang='lat' dir='ltr'><strong>alias</strong></span> <span class='ocrx_word' id='word_1_720' title='bbox 1065 2050 1195 2084; x_wconf 87' lang='lat' dir='ltr'><strong>deinceps</strong></span> <span class='ocrx_word' id='word_1_721' title='bbox 1220 2049 1336 2076; x_wconf 87' lang='lat' dir='ltr'><strong>aliorum</strong></span> <span class='ocrx_word' id='word_1_722' title='bbox 1359 2049 1511 2076; x_wconf 85' lang='lat' dir='ltr'><strong>catholicas</strong></span> <span class='ocrx_word' id='word_1_723' title='bbox 1526 2050 1638 2084; x_wconf 74' lang='lat' dir='ltr'><strong>abrogat</strong></span> <span class='ocrx_word' id='word_1_724' title='bbox 1652 2053 1678 2076; x_wconf 89' lang='lat' dir='ltr'><strong>et</strong></span> <span class='ocrx_word' id='word_1_725' title='bbox 1693 2050 1765 2076; x_wconf 89' lang='lat' dir='ltr'><strong>anti-</strong></span> 
     </span>
    </p>
   </div>
   <div class='ocr_carea' id='block_1_94' title="bbox 980 2094 1764 2131">
    <p class='ocr_par' dir='ltr' id='par_1_94' title="bbox 980 2094 1764 2131">
     <span class='ocr_line' id='line_1_94' title="bbox 980 2094 1764 2131; baseline -0.001 -9"><span class='ocrx_word' id='word_1_726' title='bbox 980 2101 1055 2131; x_wconf 84' lang='lat' dir='ltr'><strong>quat,</strong></span> <span class='ocrx_word' id='word_1_727' title='bbox 1074 2104 1084 2121; x_wconf 71' lang='grc' dir='ltr'><strong><em>ι</em></strong></span> <span class='ocrx_word' id='word_1_728' title='bbox 1102 2099 1177 2122; x_wconf 88' lang='lat' dir='ltr'><strong>certo</strong></span> <span class='ocrx_word' id='word_1_729' title='bbox 1192 2095 1242 2122; x_wconf 89' lang='lat' dir='ltr'><strong>niti</strong></span> <span class='ocrx_word' id='word_1_730' title='bbox 1258 2102 1312 2122; x_wconf 90' lang='lat' dir='ltr'><strong>non</strong></span> <span class='ocrx_word' id='word_1_731' title='bbox 1332 2095 1403 2126; x_wconf 83' lang='lat' dir='ltr'><strong>licet,</strong></span> <span class='ocrx_word' id='word_1_732' title='bbox 1416 2098 1533 2130; x_wconf 84' lang='lat' dir='ltr'><strong>quatuor</strong></span> <span class='ocrx_word' id='word_1_733' title='bbox 1545 2100 1617 2122; x_wconf 87' lang='lat' dir='ltr'><strong>certe</strong></span> <span class='ocrx_word' id='word_1_734' title='bbox 1628 2099 1657 2121; x_wconf 90' lang='lat' dir='ltr'><strong>ut</strong></span> <span class='ocrx_word' id='word_1_735' title='bbox 1671 2094 1764 2121; x_wconf 83' lang='lat' dir='ltr'><strong>Eccle-</strong></span> 
     </span>
    </p>
   </div>
   <div class='ocr_carea' id='block_1_95' title="bbox 981 2140 1762 2178">
    <p class='ocr_par' dir='ltr' id='par_1_95' title="bbox 981 2140 1762 2178">
     <span class='ocr_line' id='line_1_95' title="bbox 981 2140 1762 2178; baseline -0.001 -9"><span class='ocrx_word' id='word_1_736' title='bbox 981 2142 1021 2169; x_wconf 90' lang='lat' dir='ltr'><strong>sia</strong></span> <span class='ocrx_word' id='word_1_737' title='bbox 1045 2142 1213 2178; x_wconf 83' lang='lat' dir='ltr'><strong>Autiocheua</strong></span> <span class='ocrx_word' id='word_1_738' title='bbox 1242 2142 1298 2177; x_wconf 87' lang='lat' dir='ltr'><strong>(cf.</strong></span> <span class='ocrx_word' id='word_1_739' title='bbox 1324 2142 1418 2170; x_wconf 83' lang='lat' dir='ltr'><strong>Montf.</strong></span> <span class='ocrx_word' id='word_1_740' title='bbox 1454 2141 1522 2178; x_wconf 88' lang='lat' dir='ltr'><strong>Opp.</strong></span> <span class='ocrx_word' id='word_1_741' title='bbox 1563 2143 1681 2177; x_wconf 85' lang='lat' dir='ltr'><strong>Chrys.,</strong></span> <span class='ocrx_word' id='word_1_742' title='bbox 1717 2140 1762 2173; x_wconf 85' lang='lat' dir='ltr'><strong>VI,</strong></span> 
     </span>
    </p>
   </div>
   <div class='ocr_carea' id='block_1_96' title="bbox 982 2188 1327 2223">
    <p class='ocr_par' dir='ltr' id='par_1_96' title="bbox 982 2188 1327 2223">
     <span class='ocr_line' id='line_1_96' title="bbox 982 2188 1327 2223; baseline 0 -8"><span class='ocrx_word' id='word_1_743' title='bbox 982 2197 1007 2223; x_wconf 92' lang='lat' dir='ltr'><strong>p.</strong></span> <span class='ocrx_word' id='word_1_744' title='bbox 1023 2189 1084 2220; x_wconf 81' lang='grc'><strong>508,</strong></span> <span class='ocrx_word' id='word_1_745' title='bbox 1101 2188 1175 2223; x_wconf 78' lang='grc'>509),</span> <span class='ocrx_word' id='word_1_746' title='bbox 1190 2189 1327 2223; x_wconf 80' lang='lat' dir='ltr'><strong>rejecerit.</strong></span> 
     </span>
    </p>
   </div>
   <div class='ocr_carea' id='block_1_97' title="bbox 980 2275 1761 2309">
    <p class='ocr_par' dir='ltr' id='par_1_97' title="bbox 980 2275 1761 2309">
     <span class='ocr_line' id='line_1_97' title="bbox 980 2275 1761 2309; baseline 0.006 -8"><span class='ocrx_word' id='word_1_747' title='bbox 980 2275 1127 2302; x_wconf 72' lang='lat' dir='ltr'><strong>sacerdotio</strong></span> <span class='ocrx_word' id='word_1_748' title='bbox 1145 2277 1372 2309; x_wconf 86' lang='lat' dir='ltr'><strong>commemorari,</strong></span> <span class='ocrx_word' id='word_1_749' title='bbox 1395 2277 1623 2306; x_wconf 84' lang='lat' dir='ltr'><strong>verisimillimum</strong></span> <span class='ocrx_word' id='word_1_750' title='bbox 1641 2283 1692 2305; x_wconf 79' lang='lat' dir='ltr'><strong>est.</strong></span> <span class='ocrx_word' id='word_1_751' title='bbox 1717 2277 1761 2306; x_wconf 79' lang='lat' dir='ltr'><strong>Cf.</strong></span> 
     </span>
    </p>
   </div>
   <div class='ocr_carea' id='block_1_98' title="bbox 982 2310 1487 2348">
    <p class='ocr_par' dir='ltr' id='par_1_98' title="bbox 982 2310 1487 2348">
     <span class='ocr_line' id='line_1_98' title="bbox 982 2310 1487 2348; baseline 0.008 -12"><span class='ocrx_word' id='word_1_752' title='bbox 982 2310 1074 2338; x_wconf 74' lang='grc' dir='ltr'><strong>Μυηιῆ</strong></span> <span class='ocrx_word' id='word_1_753' title='bbox 1091 2311 1159 2346; x_wconf 88' lang='lat' dir='ltr'><strong>Opp.</strong></span> <span class='ocrx_word' id='word_1_754' title='bbox 1177 2311 1332 2347; x_wconf 82' lang='lat' dir='ltr'><strong>Chrysost.,</strong></span> <span class='ocrx_word' id='word_1_755' title='bbox 1347 2313 1367 2345; x_wconf 91' lang='lat' dir='ltr'><strong>l,</strong></span> <span class='ocrx_word' id='word_1_756' title='bbox 1383 2320 1410 2348; x_wconf 89' lang='lat' dir='ltr'><strong>p.</strong></span> <span class='ocrx_word' id='word_1_757' title='bbox 1426 2313 1487 2340; x_wconf 77' lang='grc'><strong>561.</strong></span> 
     </span>
    </p>
   </div>
  </div>
