1940 3064
181 112 216 141 57
575 115 617 142 DE
633 115 810 143 THEODORI
822 115 1067 145 MOPSUESTENI
1082 116 1160 144 VITA
1172 116 1217 144 ET
1236 116 1404 144 SCRIPTIS.
1777 114 1811 143 58

179 170 378 204 Apollinarium
394 170 469 206 (Fac.
484 179 523 204 111,
535 171 574 207 Ξ),
588 177 711 208 apparet.
725 173 897 201 Theodorum
910 178 971 209 post
985 177 1006 204 Α
1023 182 1077 202 non
1094 175 1177 202 etiam
1198 175 1362 210 Apollinarii
1379 182 1477 202 vanam
1505 173 1746 209 pra-sumptionem
1764 181 1813 209 per

179 215 266 243 libros
287 215 324 243 De
337 217 523 244 incarnatione
538 218 610 245 intra
628 226 681 246 xxx
699 226 788 246 annos
805 227 893 254 usque
907 219 970 245 dum

179 261 214 288 de
229 261 402 296 Apollinario
421 263 536 297 ejusque
552 264 648 292 haeresi
671 264 815 296 scriberet.
834 265 924 292 nullos
938 265 971 291 li-

180 307 246 334 bros
269 308 404 335 adversus
428 309 628 344 Apollinarium
647 309 776 337 edidisse.
802 310 872 343 Quid
887 311 973 338 vero?

179 352 252 380 Num
263 355 349 382 statui
362 359 464 390 potest,
480 364 542 384 eum
559 361 653 391 postea
671 357 726 385 illis
741 358 817 384 libris
833 358 972 392 Apollina-

181 397 254 424 rium
283 398 480 434 impugnasse?
514 399 568 428 Nec
596 401 697 429 rectius
725 402 886 433 contendas.
910 410 972 429 eum

180 445 302 478 primum
319 449 414 471 contra
431 446 640 480 Apollinarium,
658 451 714 474 tum
733 448 767 475 de
784 447 973 474 incarnatione

181 491 342 525 scripsisse.
360 491 480 519 Facund.
497 492 606 527 quidem
625 492 704 525 nl.2.
722 508 757 514 --
772 493 800 520 in
815 501 889 527 opere
903 493 972 528 quod

181 540 277 561 contra
301 535 482 569 Apollinarem
505 536 609 569 edidit;
630 551 663 555 —
684 544 721 567 111,
740 537 768 568 6,
791 543 884 567 quarto
912 536 971 563 adv.

180 581 300 614 Apollin.
325 581 364 612 l.;
388 586 414 609 et
435 581 530 609 Leont.
557 581 630 617 (Mai.
646 583 664 609 l.
681 582 689 609 l
705 602 712 614 ,
727 582 772 615 VI,
788 591 814 618 p.
832 582 894 614 510,
909 583 972 615 511)

180 627 217 652 ἐκ
242 626 295 653 τοῦ
313 628 343 653 .1.
362 626 421 653 τῶν
435 627 510 654 κατὰ
539 627 744 662 Ἀπολινσρίου
767 627 848 660 αὐτῷ
867 627 974 662 προφέ-

182 680 274 703 ιτων,
292 671 338 698 ἐκ.
350 680 378 698 τ.
391 673 421 698 λ.
437 671 498 698 τῶν
512 673 587 700 κατὰ
611 673 683 704 Ἀπ..
708 673 853 701 manifesto
867 673 917 701 hos
939 673 972 700 li-

183 717 248 744 bros
263 725 278 744 a
295 717 374 745 libris
390 717 429 745 De
446 718 549 747 incarn.
572 719 729 748 discernere
750 720 898 753 videntur;
926 719 973 747 sed

184 771 246 790 cum
261 764 319 798 ipse
338 764 470 792 Leontius
497 766 515 792 l.
534 773 571 798 c.,
591 774 618 801 p.
641 766 704 798 299,
725 775 755 794 se
770 767 878 794 nonnisi
897 766 974 794 libris

184 808 223 836 De
239 810 346 838 incarn.
364 818 444 837 usum
461 819 522 838 esse
537 816 630 839 narret
655 812 758 847 (ἐπειδὴ
779 812 808 839 δὲ
829 813 906 848 μόλις
925 813 973 839 καὶ

186 855 256 889 μετὰ
273 855 372 883 πολλοῦ
390 857 475 883 κόπου
491 856 618 884 ὲπινθιῶν
640 866 669 884 τε
695 857 799 893 μυρίων
821 858 870 893 τὴν
894 859 975 886 Κατὰ
990 853 1011 881 Β

185 899 241 934 τῆς
267 900 523 936 ἐνανθριικτήσεως
548 902 638 937 βίϐλον
661 903 752 939 εὑρεῖν
785 904 974 940 δεδυνήμεθα,

185 947 289 982 σφόδρα
303 947 358 984 γὰρ
371 949 664 984 παραπεφυλαγμένως
677 949 711 976 τὰ
723 949 806 977 αὑτοῦ
818 951 873 982 τοῖς
887 951 975 986 ἀμυή-

184 1001 242 1024 τοις
256 993 386 1020 ἐκδιδόναι
401 994 543 1031 θαῤῥοῦσι,
559 995 654 1022 τούτου
671 996 764 1022 ἕνεκεν
781 995 816 1022 τὰ
828 996 909 1023 Κατὰ
922 996 976 1030 τῆς

184 1041 306 1075 ὲνανθρ.
323 1043 377 1070 τοῦ
399 1043 536 1077 Σωτῆρος
555 1043 630 1079 αὐτῷ
648 1044 780 1079 εἰρημένα
796 1043 863 1078 μόνα.
882 1045 912 1070 ὲν
936 1043 976 1079 τῷ

186 1090 302 1123 παρόντι
327 1090 505 1123 συλλέξασθαι
539 1090 732 1126 δεδυνήμεθα),
760 1096 790 1117 ut
817 1091 897 1118 aliter
919 1096 976 1117 sta-

186 1140 262 1162 tuam
278 1136 385 1163 illorum
401 1136 565 1164 auctoritate
580 1144 634 1163 non
650 1143 771 1164 moveor.
805 1136 888 1163 Multa
911 1144 976 1164 vero

187 1181 274 1217 ﬁngas
286 1201 294 1213 ,
319 1189 379 1216 qua:
395 1189 515 1209 errorem
532 1190 624 1210 eorum
641 1189 736 1217 parere
757 1187 914 1217 potuerunt.
932 1182 977 1209 Sic

187 1228 246 1255 ﬁeri
262 1229 352 1263 potuit
368 1232 397 1254 ut
414 1227 548 1256 Theodori
571 1230 696 1259 asseclaz,
714 1229 843 1256 cautione
856 1229 898 1256 vel
913 1228 976 1255 aliis

189 1275 224 1301 de
234 1275 327 1302 causis
342 1274 464 1307 adducti,
475 1274 546 1302 duos
563 1275 623 1302 illos
639 1275 724 1302 libros
738 1274 872 1302 adversus
892 1274 977 1309 Apol-

189 1320 317 1347 linarium
337 1320 543 1356 (potissimum?
560 1321 676 1355 solum?)
696 1320 813 1356 scriptos
830 1321 976 1355 separatim

189 1365 372 1399 diuulgarent.
399 1365 560 1401 Fragmenta
583 1365 640 1400 ipsa
661 1365 719 1392 ha‘c
737 1369 802 1393 sunt
820 1373 827 1390 :
846 1365 976 1392 tredecim

188 1420 202 1439 ι
216 1412 236 1439 ι.
255 1413 332 1439 tertio
348 1416 409 1440 Act.
434 1421 460 1439 c.
482 1412 513 1440 C.
537 1420 567 1445 11,
593 1420 631 1443 tv.
650 1412 660 1439 1
690 1412 733 1447 (ea;
756 1420 784 1439 Ill
810 1413 877 1439 libro
898 1421 921 1440 c.
943 1427 980 1433 -—

189 1459 405 1492 Apolﬁnarium;
421 1458 481 1494 Vig.
493 1458 546 1486 (ΣΡ.
564 1459 576 1485 1
593 1467 600 1492 ;
618 1458 767 1486 Iustiniani
787 1466 842 1494 ep..
861 1457 978 1486 Bandin.

190 1505 210 1532 I.
225 1506 255 1536 l..
280 1506 301 1551 Ir.
323 1513 351 1540 p.
371 1504 431 1536 174.
449 1504 512 1534 I75.
530 1503 625 1531 Leont.
644 1504 663 1531 l.
685 1504 717 1535 l..
735 1511 762 1539 p.
776 1503 856 1538 510);
885 1503 943 1536 2-7.
961 1504 978 1532 9
991 1522 1012 1551 ε

191 1551 263 1586 (Vig.
281 1550 335 1579 CI’.
348 1550 407 1583 2-7.
424 1550 470 1585 9);
492 1551 526 1577 10
545 1549 617 1586 (Vig.
633 1550 685 1578 (ΣΡ.
702 1550 754 1584 10;
777 1550 874 1578 Leont.
890 1549 909 1577 1.
929 1557 977 1583 c.;

191 1597 339 1625 Iustiniani
354 1605 410 1633 ep.,
426 1596 510 1624 Band.
527 1598 544 1624 1.
563 1597 592 1627 1.,
606 1595 626 1627 1,
643 1605 672 1632 p.
690 1597 769 1631 HI);
791 1596 834 1628 11,
853 1595 886 1622 12
905 1595 977 1632 (Vig.

190 1643 245 1671 CP.
262 1644 305 1675 11,
323 1643 384 1677 I2);
410 1642 472 1672 Fac.
490 1651 531 1675 tu,
549 1643 580 1676 2;
606 1642 750 1671 Iustiniani
772 1650 828 1677 ep..
842 1642 938 1675 Band..
957 1643 978 1675 I,

193 1698 222 1724 p.
241 1689 309 1722 I75;
327 1698 373 1716 sex
391 1698 414 1718 ε.
434 1692 453 1717 t.
467 1695 572 1724 quarto.
592 1689 654 1717 Fac.
675 1697 713 1723 Ix,
731 1690 765 1724 ις
793 1689 887 1718 Leoni.
910 1693 926 1717 I.
942 1699 978 1723 c.,

192 1744 220 1770 p.
238 1735 290 1763 509
309 1735 464 1771 (Iustiniani
478 1744 532 1770 ep..
547 1735 644 1768 Band.,
659 1735 679 1768 l,
692 1743 718 1770 p.
737 1735 818 1770 I70);
834 1735 893 1763 Act.
911 1744 936 1764 c.
948 1735 978 1763 C.

191 1790 223 1814 11,
237 1789 275 1815 tv,
291 1782 308 1810 8
322 1780 394 1817 (νίς.
406 1780 458 1809 CP.
470 1781 500 1815 8;
519 1781 615 1809 Leont.
628 1781 647 1807 l.
660 1789 698 1813 c..
710 1789 737 1816 p.
751 1781 817 1815 3H);
833 1780 979 1808 Iustiniani

191 1837 248 1862 111,,
265 1827 362 1859 11111111..
378 1827 397 1858 l.
411 1835 438 1862 p.
456 1827 533 1862 I72);
557 1826 654 1854 Leont.
674 1826 691 1853 l.
712 1834 748 1860 c.,
764 1835 791 1862 p.
809 1827 858 1854 3H
884 1825 979 1861 (Iusti-

192 1874 268 1900 niani
281 1881 338 1908 rp..
353 1872 483 1905 Band.,l.
497 1881 523 1908 p.
541 1872 606 1906 I77;
627 1872 741 1900 alterum
759 1872 860 1900 dicitur
878 1873 914 1899 ἐκ
926 1872 981 1907 τῆς

191 1919 351 1953 ἑρμηνείας
369 1918 422 1945 τοῦ
437 1921 463 1952 η’
476 1920 510 1952 ψ.
524 1923 663 1953 sumptum
679 1925 757 1950 esse;
778 1918 838 1945 Act.
861 1925 886 1946 c.
902 1918 933 1945 C.
950 1926 980 1950 11,

193 1972 232 1996 tv,
245 1965 279 1991 19
296 1964 369 2000 [Vig.
385 1964 437 1991 ΟΡ.
453 1963 511 1999 20],
530 1963 568 1990 De
588 1963 725 1998 interpret.
746 1964 832 1991 octavi
853 1971 914 1998 pL;
934 1964 981 1991 sed

193 2019 260 2038 cave
272 2010 406 2038 Theodori
418 2011 446 2036 in
463 2009 585 2036 Psalmos
601 2010 812 2038 commentarios
823 2010 980 2046 intelligas),

193 2057 343 2084 Iustiniani
364 2065 421 2090 ep.,
436 2055 535 2088 Band.,
549 2055 569 2086 I.
585 2063 612 2090 p.
633 2055 693 2082 182.

231 2103 319 2136 Quam
330 2103 403 2129 viam
418 2101 580 2129 Theodorus
597 2103 624 2129 111
645 2102 763 2137 singulis
783 2101 860 2129 libris
875 2101 982 2137 ingres-

194 2156 244 2175 sus
261 2148 297 2174 sit
309 2147 364 2174 dici
381 2155 436 2174 non
452 2151 552 2182 potest.
575 2146 737 2181 Fragmenta
754 2147 826 2174 enim
841 2154 903 2173 cum
923 2147 983 2181 ejus

1022 223 1110 246 totum
1126 228 1195 254 opus
1212 219 1250 247 De
1274 221 1457 247 incarnatione
1472 219 1657 249 examinasse.
1676 223 1705 246 ut
1729 219 1811 249 nihil.

1023 266 1094 293 sicut
1111 274 1160 293 sua
1179 266 1261 293 ferret
1278 267 1383 301 opinio,
1403 266 1582 301 prmteriisset
1599 273 1631 292 ex
1655 265 1698 293 his
1711 274 1773 300 quae
1785 270 1813 292 et

1023 309 1055 335 ad
1072 310 1227 337 ﬁrmitatem
1243 310 1438 337 ecclesiastica:
1454 310 1624 337 orthodoxi-aa
1642 310 1812 344 pertinerent

1022 358 1049 382 et
1064 354 1097 382 ad
1119 355 1335 382 convincendum
1357 363 1453 383 eorum
1474 355 1653 390 impietatem.
1671 364 1680 380 1
1703 354 1812 382 Genna-

1022 401 1068 429 dio
1082 406 1173 429 autem
1189 406 1267 433 teste,
1285 402 1303 428 l.
1316 402 1346 434 l.,
1363 402 1390 428 in
1407 401 1485 429 libris
1503 401 1539 428 De
1555 402 1658 428 incum.
1678 411 1687 427 1
1707 401 1812 428 ratione

1023 449 1169 483 purissima
1194 454 1220 476 et
1241 448 1409 476 testimoniis
1427 447 1632 483 Scripturarum
1651 457 1661 473 1
1681 447 1811 478 ostendit.

1022 493 1114 521 Iesum
1130 493 1271 521 Christum
1295 503 1303 519 1
1324 493 1522 529 plenitudinem
1544 498 1571 520 et
1590 492 1703 520 deitatis
1719 497 1748 520 et
1762 493 1811 519 hu-

1024 540 1164 567 manitatis
1181 540 1340 571 habuisse.»
1355 543 1382 567 et
1401 539 1495 567 docuit
1512 547 1522 564 1
1541 538 1680 566 hominem
1704 539 1814 566 duabus

1023 592 1131 614 tantum
1157 586 1328 614 substantiis.
1351 585 1370 612 i.
1397 593 1423 613 e.
1440 585 1530 612 anima
1553 587 1580 611 et
1597 592 1725 619 corpore,
1743 592 1812 611 con-

1023 638 1108 663 stare.
1128 640 1298 668 sensumque
1319 636 1346 660 et
1372 631 1500 667 spiritum
1523 630 1613 658 oﬁlcia
1629 638 1692 658 esse
1717 631 1815 658 anima:

1023 679 1151 714 ingenita.
1171 688 1180 704 1
1202 677 1274 705 Idem
1302 677 1386 708 addit.
1406 684 1468 704 eum
1489 686 1497 702 1
1518 680 1646 711 quartum
1670 675 1809 702 decimum

1024 726 1122 753 librum
1141 724 1250 759 proprie
1264 724 1298 751 de
1319 724 1441 751 increata
1460 726 1487 750 et
1505 722 1563 750 sola
1585 722 1748 756 incorporea
1768 720 1816 747 do-

1024 771 1153 806 minaque
1165 770 1288 797 omnium
1303 769 1332 796 8.
1350 767 1496 795 Trinitatis
1512 771 1611 794 natura
1628 766 1662 794 de
1676 771 1815 794 creatura-

1024 826 1084 845 rum
1103 817 1210 844 ratione
1233 816 1412 843 disserentem
1429 822 1478 850 pro
1499 822 1582 841 sensu
1606 821 1667 840 cum
1695 813 1816 840 auctori-

1027 869 1080 892 tate
1098 864 1127 890 S.
1147 862 1353 896 Scripturarum
1382 861 1561 896 explicuisse.
1589 860 1687 894 quinto
1707 859 1816 886 deamo

1025 917 1091 938 vero
1115 909 1255 935 volumine
1283 911 1370 934 totum
1397 906 1490 942 operis
1521 906 1563 933 sui
1590 913 1691 940 corpus
1722 905 1816 932 citatis

1025 957 1107 984 etiam
1125 955 1237 982 Patrum
1249 953 1446 981 traditionibus
1459 952 1639 980 conﬁrmasse
1656 957 1682 978 et
1693 958 1817 978 commu-

1027 1003 1138 1030 nirisse.
1155 1010 1165 1027 1
1184 1001 1221 1028 Ex
1238 1001 1280 1028 his
1295 1007 1377 1035 quam
1389 998 1549 1033 disputandi
1566 999 1700 1025 rationem
1714 997 1742 1024 in
1759 997 1818 1024 uni-

1026 1055 1134 1075 versum
1154 1052 1265 1075 secutus
1283 1046 1318 1074 sit
1336 1045 1517 1082 perspicitur.
1535 1043 1574 1071 Ita
1588 1051 1653 1071 vero
1669 1051 1729 1070 meo
1742 1042 1817 1077 judi-

1027 1095 1070 1122 cio
1086 1101 1143 1121 rem
1158 1093 1288 1123 instituit.
1308 1096 1338 1118 111
1353 1098 1429 1118 suam
1447 1090 1534 1125 ipsius
1550 1089 1715 1117 sententiam
1734 1096 1817 1116 accu-

1028 1141 1113 1167 ratius
1133 1139 1213 1174 explit
1223 1142 1293 1168 aret.
1311 1136 1480 1168 defenderet.
1500 1135 1817 1166 ﬁrmaret,adversario-

1027 1193 1088 1212 rum
1106 1191 1194 1212 autem
1212 1185 1321 1211 decreta
1333 1191 1386 1210 111111
1401 1186 1478 1209 certo
1499 1181 1617 1216 quodam
1633 1181 1740 1212 ordine,
1763 1182 1811 1208 sed

1029 1232 1073 1259 hic
1092 1231 1148 1258 illic
1171 1231 1204 1258 de
1221 1230 1355 1257 industria
1384 1228 1550 1256 adoriretur.
1573 1226 1601 1253 In
1626 1226 1724 1254 ultimo
1747 1226 1820 1253 libro

1028 1285 1106 1306 suam
1122 1277 1275 1304 doctrinam
1293 1275 1404 1302 Patrum
1423 1273 1588 1301 testimoniis
1612 1273 1730 1300 ﬁrmavit
1746 1277 1774 1300 et
1790 1281 1819 1300 re
1840 1286 1847 1298 1

1029 1325 1086 1359 ipsa
1101 1326 1256 1350 conunotus
1269 1325 1296 1349 et
1309 1321 1371 1348 ideo
1385 1319 1458 1356 quod
1476 1319 1627 1346 adversarii
1641 1326 1699 1346 suae
1711 1323 1820 1345 senten-

1029 1371 1073 1398 tite
1085 1369 1197 1397 Patrum
1213 1366 1482 1395 commendationem
1496 1366 1677 1400 adjunxerant
1692 1364 1741 1399 (α).
1755 1364 1820 1391 Exi-

1029 1417 1111 1444 stimo
1133 1419 1236 1446 autem,
1260 1422 1322 1442 eum
1346 1412 1509 1448 Apollinarii
1539 1411 1683 1443 doctrina,
1709 1418 1770 1446 quze
1791 1411 1819 1437 in

1030 1467 1107 1490 tanto
1121 1462 1272 1497 praesertim
1293 1462 1414 1486 auctoris
1431 1458 1532 1485 lumine
1546 1457 1730 1493 periculosior
1746 1456 1822 1483 vide-

1030 1514 1117 1540 retur.
1143 1508 1230 1542 magis
1257 1514 1340 1542 quam
1362 1505 1489 1532 Eunomii
1517 1504 1649 1532 rationem
1678 1504 1818 1530 habuisse.

1029 1555 1140 1583 Relellit
1160 1560 1250 1581 tamen
1272 1553 1354 1580 etiam
1374 1551 1538 1578 Eunomium
1560 1550 1641 1585 idque
1656 1550 1704 1584 qui
1718 1549 1819 1576 factum

1030 1602 1065 1630 Sil
1084 1599 1257 1635 conjicienda
1276 1599 1340 1625 licet
1365 1596 1492 1632 assequi.
1521 1596 1691 1631 probabilius
1715 1600 1819 1626 tamen.

1029 1648 1076 1683 qui
1091 1646 1291 1682 Apollinarium
1312 1642 1512 1678 impugnaverit
1526 1642 1662 1677 disputes.
1679 1641 1820 1676 Apollina-

1030 1695 1088 1721 rius
1103 1699 1177 1724 vero,
1194 1692 1237 1719 vir
1258 1689 1358 1717 litteris
1372 1688 1475 1716 Graecis
1490 1695 1573 1724 quam
1593 1688 1711 1714 maxime
1732 1687 1822 1714 imbu-

1031 1743 1086 1770 tus.
1101 1736 1244 1765 aﬁlrmavit
1257 1735 1367 1771 quidem
1380 1734 1501 1764 Christo.
1515 1733 1570 1761 Deo
1583 1737 1610 1759 et
1627 1732 1742 1762 homini.
1760 1739 1822 1767 per—

1030 1793 1107 1813 sonte
1127 1784 1259 1810 unitatem
1281 1780 1453 1808 tribuendam
1477 1787 1549 1811 esse.
1568 1779 1615 1807 sed
1629 1786 1712 1814 quam
1735 1778 1823 1805 ratio-

1031 1838 1092 1858 nem
1115 1833 1144 1856 ut
1167 1828 1326 1864 mysterium
1343 1827 1434 1854 animo
1459 1825 1630 1861 perciperent
1651 1824 1677 1852 in
1697 1824 1821 1851 Ecclesia

1031 1881 1088 1904 tum
1109 1875 1226 1903 inierant
1241 1873 1415 1908 improbavit.
1437 1872 1476 1900 Ex
1493 1871 1602 1898 duobus
1622 1870 1750 1906 perfectis
1765 1870 1821 1905 (τε-

1031 1921 1122 1955 λείοις)
1135 1927 1219 1948 unum
1235 1919 1303 1947 eﬁici
1327 1926 1381 1946 non
1398 1925 1489 1953 posse,
1507 1918 1533 1944 11.
1557 1926 1582 1944 e.
1597 1917 1665 1944 du:=s
1690 1924 1821 1950 personas

1032 1975 1114 1995 unam
1129 1966 1185 1994 ﬁeri
1203 1973 1257 1993 non
1273 1972 1355 2000 posse
1367 1971 1430 1991 cum
1451 1964 1502 1991 sibi
1522 1963 1716 1998 persuasisset.
1731 1962 1822 1989 ecclc-

1033 2013 1145 2042 siastica
1166 2011 1284 2039 formula
1306 2009 1367 2037 ideo
1390 2009 1415 2037 ei
1436 2009 1586 2044 displicuit,
1608 2007 1681 2043 quod
1703 2015 1734 2034 ea
1752 2007 1822 2034 duce

1032 2060 1144 2087 Christo
1159 2057 1268 2085 nonnisi
1284 2056 1374 2084 Verbo
1387 2055 1477 2081 unitas
1492 2057 1659 2088 competeret
1672 2053 1823 2087 duplicem-

1033 2115 1087 2142 que
1101 2105 1240 2133 Christum
1257 2107 1284 2130 et
1297 2102 1367 2129 duos
1383 2100 1453 2127 ﬁlios
1469 2107 1531 2127 esse
1546 2099 1721 2126 statuendum
1737 2101 1822 2125 esset.

1035 2153 1129 2186 Itaque
1154 2149 1315 2178 orthodoxis
1341 2145 1574 2183 ἀνθρωπολατρῶν
1605 2145 1756 2180 (Athanas.
1785 2143 1824 2171 De

194 2199 242 2221 aut
255 2193 432 2229 impugnandi
441 2199 487 2221 aut
506 2192 763 2220 defendendicausa
778 2193 899 2220 exhibita
916 2194 982 2225 sint.
1001 2195 1022 2222 D
1036 2199 1139 2225 incum.
1158 2196 1209 2223 sub
1223 2195 1282 2226 ﬁn..
1302 2193 1416 2229 Gregor.
1429 2192 1495 2220 Naz.
1509 2200 1551 2219 or.
1568 2191 1613 2223 51,
1629 2191 1649 2224 Ι,
1666 2199 1692 2226 p.
1712 2190 1763 2217 7:52
1777 2190 1823 2217 ed.

196 2242 224 2266 in
236 2248 290 2266 una
308 2239 366 2266 fere
376 2239 527 2273 eademque
539 2246 568 2265 re
581 2242 727 2265 versantur
738 2242 766 2266 et
779 2238 846 2265 nihil
858 2238 910 2266 nisi
927 2239 986 2266 bre-

196 2286 304 2313 vissimi
318 2285 484 2312 Theodoreaa
497 2284 691 2318 disputationis
706 2285 788 2318 panni
805 2289 878 2311 sunt.
891 2283 986 2317 Quan-

195 2341 279 2368 quam
299 2332 436 2360 verbosus
460 2331 621 2358 Theodorus
636 2330 680 2358 hic
699 2330 739 2358 rei
762 2335 925 2366 argumento
937 2331 986 2358 ad-

195 2380 298 2407 ductus
322 2377 389 2413 quid
415 2377 509 2405 eadem
532 2377 630 2404 iterum
654 2377 810 2411 iterumque
838 2378 986 2412 repetendo

196 2428 292 2460 posset
311 2424 420 2451 videtur
437 2427 567 2458 expertus
584 2431 656 2451 esse.
675 2422 734 2458 Ipse
754 2426 848 2450 narrat
863 2422 938 2458 (Fac.
957 2431 985 2455 κ,

199 2472 225 2506 1)
240 2479 268 2498 se
288 2481 297 2496 ι
313 2469 372 2497 Arii
387 2474 414 2497 et
428 2469 557 2496 Eunomii
571 2468 604 2497 de
616 2469 807 2496 incarnatione
820 2469 918 2496 delicta
935 2477 986 2497 nec

197 2547 315 2582 genuina
341 2547 493 2582 probantur
521 2548 556 2581 (ν.
573 2555 596 2575 s.
614 2551 640 2575 et
657 2547 730 2580 Inl'.).
755 2546 828 2582 quod
856 2547 928 2575 idem
954 2549 986 2576 de

198 2582 310 2610 Diodori
338 2583 402 2614 illis.
429 2590 490 2617 qua:
515 2583 623 2616 quidem
648 2591 682 2610 ex
705 2582 765 2616 ejus
789 2583 859 2610 libro
885 2582 986 2610 Contra

199 2618 377 2653 Synusiaslas
407 2619 448 2645 vel
481 2618 689 2652 Apollinaristas
715 2620 874 2653 deprompta
908 2623 986 2650 sunt.

199 2654 280 2680 Valet.
298 2653 369 2679 Sunt
384 2657 473 2680 autem
489 2654 546 2680 haec
561 2653 691 2680 Dio-lorea
706 2661 714 2679 :
729 2653 789 2679 Act.
804 2653 834 2680 (ὲ.
853 2653 883 2680 C.
900 2661 930 2685 II.
949 2662 985 2686 tv,

198 2687 253 2718 ﬂ:
288 2696 315 2718 v.
341 2695 367 2722 p.
393 2688 428 2714 93
458 2688 513 2722 (cf.
539 2687 634 2715 Lennt.
658 2687 782 2715 Galland.
809 2687 879 2715 Bibl.
906 2689 925 2715 l.
949 2696 986 2720 c..

200 2731 227 2758 p.
242 2723 323 2756 696);
339 2722 442 2758 “34:3;
461 2731 486 2753 ν.
503 2731 528 2758 p.
547 2723 581 2750 92
597 2722 647 2758 (cf.
663 2723 759 2750 Leont.
777 2723 794 2750 Ι.
809 2731 845 2753 ο..
862 2731 890 2757 p.
908 2723 987 2758 697);

200 2757 227 2789 ἢ,
243 2766 271 2793 p.
285 2758 321 2785 92
346 2757 392 2790 (cl‘.
410 2757 511 2785 Leonti
523 2759 540 2785 Ι.
561 2760 609 2792 c.).
634 2757 693 2785 Iam
711 2759 765 2785 duo
784 2763 898 2788 restant.
920 2767 988 2793 quo-

201 2801 262 2820 rum
287 2793 453 2828 alterumieo
470 2793 581 2822 Diodori
594 2801 657 2821 esse
684 2793 831 2824 evincitur,
856 2795 929 2828 quod
954 2802 987 2821 ex

201 2827 272 2863 libro
288 2826 391 2856 Contra
399 2827 505 2863 rSynus.
525 2828 565 2855 vt-l
590 2828 705 2863 Apollin.
731 2826 872 2863 sumptum
887 2829 988 2856 dicitur

203 2862 249 2898 lci.
263 2864 325 2892 Act.
343 2863 374 2891 ϐ.
389 2862 418 2891 C.
433 2871 463 2898 11,
478 2871 515 2897 iv.
529 2863 578 2898 ‘28;
595 2862 621 2895 s.
639 2871 663 2898 ρ.
678 2863 734 2899 95),
748 2862 860 2891 alterum
872 2871 904 2892 eo
916 2865 987 2899 quod

1033 2244 1214 2272 Clemencet.,
1241 2240 1482 2270 hominicolarum.
1503 2238 1568 2265 Fac.
1597 2245 1636 2269 111,
1662 2237 1702 2271 3.)
1723 2244 1823 2264 nomen

1034 2298 1088 2318 non
1112 2287 1302 2323 denegandum
1324 2285 1441 2314 censuit.
1465 2286 1526 2319 Ipse
1547 2288 1638 2311 autem
1660 2289 1685 2309 111
1707 2283 1824 2316 conjun-

1034 2337 1122 2364 ctione
1143 2335 1285 2368 utriusque
1304 2333 1405 2360 (Jhristi
1420 2335 1524 2358 natura!
1537 2330 1669 2358 unitatem
1695 2336 1823 2364 persona:

1035 2381 1147 2410 Christo
1164 2380 1328 2409 vindicaret.
1345 2378 1426 2413 idque
1443 2376 1593 2404 intellectui
1614 2376 1734 2402 humano
1749 2378 1824 2409 apta-

1036 2431 1088 2459 ret,
1105 2426 1174 2453 duce
1193 2424 1363 2459 philosophia
1391 2423 1542 2452 Platonica.
1559 2428 1640 2456 quam
1667 2420 1822 2448 imbiberat.

1036 2472 1156 2499 fortasse
1167 2476 1290 2497 veterum
1305 2470 1385 2496 etiam
1402 2467 1511 2494 Patrum
1528 2466 1683 2500 exemplum
1696 2466 1824 2496 intuitus.

1035 2550 1061 2576 in
1076 2549 1172 2577 mediis
1191 2548 1333 2575 Diodore-is
1348 2547 1510 2574 collocatum
1521 2550 1571 2573 est.
1582 2545 1823 2572 Cmterumlihrum

1036 2586 1111 2612 illum
1135 2584 1230 2619 Cyrilli
1257 2591 1319 2619 esse
1339 2581 1573 2619 tenteremegavit
1600 2580 1664 2607 Fac.
1686 2587 1729 2611 111,
1751 2579 1778 2610 6.
1796 2578 1823 2610 5,

1035 2628 1061 2647 v.
1081 2628 1106 2646 v.
1123 2617 1386 2646 (ζωῇσι-11113110..
1404 2625 1428 2645 c.
1448 2617 1490 2644 10.

1073 2655 1111 2689 (a)
1124 2654 1166 2681 Cf.
1187 2654 1301 2681 Eunoni.
1319 2652 1483 2689 ApatLOpp.
1500 2651 1582 2689 Basil.
1654 2648 1821 2689 (ξιξ-911111³

1037 2690 1058 2720 1,
1076 2683 1190 2725 pisse;
1206 2683 1366 2725 11³1111111.
1385 2683 1467 2725 sui;
1484 2687 1525 2716 1.Ι
1556 2687 1586 2717 1.,
1603 2685 1623 2715 1,
1638 2693 1664 2720 ρ.
1683 2685 1746 2725 sit.
1761 2683 1824 2724 ste.

1041 2719 1136 2759 Ma'jori
1159 2719 1222 2758 jure
1241 2723 1427 2758 Apollinarius
1449 2721 1559 2759 Patrum
1586 2721 1776 2759 auctoritatem
1798 2719 1824 2744 in

1040 2754 1172 2787 auiiiliutn
1199 2754 1299 2786 vocare
1322 2761 1438 2793 poterat.
1466 2757 1596 2791 Origenes
1619 2755 1691 2793 enim
1721 2754 1826 2793 ptimus

1039 2795 1150 2822 Christo
1162 2794 1311 2822 humanum
1323 2789 1387 2820 ῖθοῦν
1404 2793 1486 2820 etiam
1503 2789 1586 2826 atque
1606 2791 1687 2817 etiam
1703 2789 1827 2826 vindica-

1038 2830 1088 2862 vit,
1102 2834 1184 2863 atque
1200 2830 1256 2857 haec
1270 2828 1407 2859 doctrina,
1421 2834 1482 2861 quae
1501 2823 1554 2863 non
1570 2827 1687 2863 poterat
1701 2831 1754 2851 non
1769 2823 1827 2863 pla-

1040 2873 1112 2898 cei‘c.
1128 2861 1174 2893 illo
1193 2865 1366 2901 potissimum
1382 2862 1451 2891 duce
1466 2862 1493 2889 in
1515 2861 1637 2889 Ecclesia
1652 2864 1761 2895 recepta
1771 2861 1822 2886 est.
