1940 3064
147 116 184 144 5f;
583 115 732 142 OT'f‘ONlS
753 115 844 143 FRID.
866 112 1062 142 FRITZSCHE
1074 113 1318 142 COMMENTATIO
1736 115 1772 141 (ἰο

152 174 230 201 facile
245 173 271 201 in
283 181 342 201 eain
362 173 526 202 sententiam
546 173 646 201 ductus
659 178 710 205 est,
729 177 758 200 nt
776 180 837 200 cum
853 172 935 199 homo
951 173 974 202 Δ
988 174 1043 199 tur.
1067 170 1113 198 Ille
1129 171 1249 206 optinms
1271 170 1439 203 Platonicus,
1453 170 1498 198 ltic
1522 178 1576 198 non
1596 170 1663 198 satis
1679 177 1774 199 acutus

148 219 238 246 trihtts
256 219 380 253 partibus
394 222 542 250 constaret,
563 219 710 245 humanam
731 219 829 246 Christi
854 222 935 245 natu-

151 272 208 291 ram
233 264 342 291 dualms
359 268 464 290 tanttnn
491 264 649 291 constitisse
661 264 711 299 (τῷ
734 264 838 299 σώματι
859 268 885 291 et
904 265 936 299 τῇ

149 310 219 346 ψυχῇ
234 311 344 346 ἀλόγῳ),
365 311 484 337 divinant
499 319 563 338 vero
587 311 674 337 locum
696 310 741 337 τοῦ
754 310 811 344 νοῦ,
826 311 874 345 τῆς
885 311 937 344 ψυ-

149 356 203 390 ψῆς
219 357 332 392 λογικῆς
346 364 496 391 occupasse
517 356 650 388 crederet,
668 357 703 383 ita
721 361 750 383 ut
774 357 787 382 ὁ
808 356 938 391 κυριακδς

150 401 291 437 ἄνθρωπος
307 411 388 429 unam
408 410 551 437 personam
574 402 719 429 effecisset.
741 402 816 429 Hanc
835 403 938 429 doctri-

151 457 212 475 nam
227 458 279 476 non
293 449 404 484 quidem
423 457 454 476 ex
471 450 612 484 Scriptura
628 457 707 475 sacra
725 449 863 481 haustam,
878 458 938 484 qme

150 499 241 522 tamen
264 497 292 522 in
318 497 460 524 nonnullis
491 495 552 523 Scr.
579 495 606 522 S.
635 496 702 523 locis
731 495 820 529 (Joan.
846 504 864 526 ι,
894 496 939 529 14,

150 540 159 566 1
175 540 238 566 Cor.
257 549 301 571 xv.
318 541 362 573 47,
378 541 426 575 al.)
440 541 513 568 clare
525 541 615 568 inesse
630 541 780 570 videretur.
800 542 872 568 facili
890 549 936 568 tte-

151 586 226 620 gotio
241 594 303 613 cum
317 587 377 613 Ser.
399 587 427 613 ὃ.
445 587 612 619 conciliavit,
626 594 687 613 cum
705 588 857 622 pnrsertim
879 596 938 623 qua:

151 635 198 657 aut
210 631 309 658 divinze
320 636 366 658 aut
377 632 502 659 humana:
512 633 612 660 Christi
625 637 729 660 natura:
740 639 937 668 (mtupetcrent,

150 676 185 703 de
205 680 261 703 toto
275 676 384 704 Christo
397 678 547 712 praedicare
560 679 669 705 soleret.
688 679 739 706 Sed
756 679 817 706 hinc
836 681 937 706 factum

151 727 204 753 est,
223 727 251 749 ttt
264 723 413 750 adversarii
429 724 609 758 Apollinario,
627 733 706 759 quent
721 733 773 751 non
788 725 939 752 intellexis-

151 772 223 798 sent,
244 769 336 802 plures
349 769 492 803 opiniones
509 770 729 805 triltucrentqure
747 771 780 797 ab
795 779 826 797 eo
842 772 939 798 aliena:

152 818 229 840 erant
247 814 295 848 (ιι).
316 814 477 848 Quanquam
507 823 580 847 eum,
601 822 629 842 ut
656 816 842 844 Theodorctus
870 817 936 844 Fab.

153 859 217 885 luer.
238 868 273 891 tv,
291 861 306 886 8
318 869 324 893 ;
336 860 369 886 ΙΙ.
385 869 407 888 e.
423 869 447 892 v,
462 862 487 892 5,
500 862 583 888 refert
599 862 646 891 (cf.
660 862 740 895 Greg.
758 862 823 889 ΝΜ.
838 871 895 897 ριιρ.
905 863 938 890 ad

153 903 263 932 (Σιυάοη.
296 905 376 941 1..11),
405 907 468 942 περὶ
500 907 549 942 τῆς
575 907 648 938 Θείας
674 909 778 941 φύσεως
805 909 940 944 κιϐδήλοις

153 950 324 985 χρηπάμενον
341 951 429 984 λύγοις
457 951 577 986 βαθμούς
606 962 679 984 τινας
700 953 861 988 ἀξιωμάτων
879 963 940 988 γεν-

153 997 241 1031 νῆσαι,
252 1002 333 1031 atque
349 997 384 1023 ita
404 998 540 1032 vulgarent
557 1003 678 1025 vett-rum
695 1000 868 1031 sententiam,
886 1009 940 1035 qua

153 1042 282 1070 Christus
298 1047 323 1070 et
343 1043 415 1077 Spir.
479 1044 533 1071 Deo
548 1044 628 1071 Patre
641 1045 783 1073 inferiores
803 1046 940 1074 habeban-

153 1093 210 1121 tur,
227 1097 372 1117 revocasse
398 1098 448 1117 cur
464 1099 546 1126 neges
561 1100 615 1118 non
632 1092 722 1119 video.
746 1093 798 1119 Sed
820 1095 940 1126 protuie-

154 1134 209 1160 rittt
223 1135 373 1162 adversarii
393 1136 569 1169 ('l‘heodoret.
591 1137 658 1164 Fab.
675 1138 740 1164 ltwr.
758 1147 794 1168 tv.
810 1139 849 1174 8.)
862 1148 939 1175 aspe-

154 1182 237 1212 riore,
252 1190 334 1216 quant
359 1191 413 1218 qtto
433 1183 620 1218 Apollinarius
636 1185 732 1218 voluit,
756 1194 838 1213 sensu
866 1187 938 1214 illam

153 1228 329 1255 sententiam.

188 1271 261 1298 Inter
276 1279 323 1299 eos
333 1272 378 1306 qui
391 1276 447 1299 tum
461 1273 659 1307 Apollinarium
675 1275 839 1308 refutarunt,
857 1277 941 1305 Theo-

154 1316 239 1343 dorus
267 1318 468 1351 quodammodo
489 1319 615 1353 eminuit,
632 1321 712 1355 cujus
735 1327 764 1348 ut
782 1323 887 1351 indoles
914 1329 940 1351 et

154 1363 290 1394 doctrina,
308 1364 344 1389 ita
371 1364 454 1391 etiam
475 1365 651 1400 impugnandi
679 1367 750 1393 ratio
773 1369 807 1395 ab
830 1369 885 1396 illis
900 1371 936 1396 tif-

155 1414 232 1433 vet-sa
249 1412 311 1449 lerat
326 1408 374 1443 (ό).
394 1408 496 1436 Vereor
510 1414 600 1437 autem
615 1418 648 1438 ne
660 1411 717 1438 luce
731 1421 819 1448 pugna
834 1416 857 1441 ei
873 1415 941 1442 fata-

156 1454 190 1482 lis
203 1455 349 1483 exstiterit.
361 1455 428 1483 Nam
440 1464 502 1483 cum
515 1457 700 1491 Apollinarius
712 1459 814 1488 Christi
828 1467 940 1490 naturas

155 1508 261 1527 summa
281 1502 486 1530 necessitudine
507 1504 711 1536 connexuisset,
730 1506 784 1533 imo
801 1507 939 1536 confudis-
953 1509 974 1537 (Ἰ

156 1551 208 1578 set,
230 1547 392 1576 Theodorus
410 1556 465 1583 quo
481 1549 571 1576 indole
594 1557 644 1577 sua
661 1550 822 1585 ducebatur,
844 1554 941 1588 majori

156 1592 238 1617 etiam
260 1592 374 1620 rationis
388 1593 581 1628 perspicuitate
599 1601 645 1621 eas
661 1595 697 1621 ita
711 1596 831 1626 diremit.
847 1604 874 1624 ut
886 1599 942 1626 ha:—

157 1637 271 1663 retit'um
279 1645 400 1665 errorem
413 1646 468 1666 non
481 1639 622 1675 effugeret.
633 1639 750 1670 Omnino
759 1651 823 1671 vero
834 1653 941 1672 summa

156 1687 216 1709 erat
235 1683 380 1718 utriusque
401 1685 453 1711 viri
468 1685 625 1713 diversitas.
642 1687 757 1715 Inferior
772 1694 830 1716 erat
853 1690 942 1718 Theo-

157 1732 242 1760 dorus
264 1734 417 1762 eruditione
439 1736 578 1770 animique
601 1738 819 1772 perspicacitate.
844 1737 941 1764 doctus

159 1781 249 1804 tamen
265 1783 291 1805 et
308 1779 477 1814 ingeniosus.
494 1782 679 1816 Apollinarius
695 1791 744 1818 pro
760 1784 868 1818 ingenio
891 1792 942 1810 suo

160 1830 240 1852 acula
255 1833 286 1853 ac
303 1827 409 1861 poetica
424 1827 548 1856 Platonis
568 1831 660 1865 regula
687 1831 832 1863 formatus,
853 1831 941 1858 Theo—

159 1871 243 1899 dorus
255 1877 350 1899 natura
363 1881 412 1900 sua
425 1874 458 1902 ad
473 1874 629 1903 Aristotelis
644 1876 818 1904 sobrietatem
836 1877 939 1904 fereba-

196 1973 234 2009 (a)
251 1975 384 2012 Cmterum
409 1979 511 2003 veteres
528 1985 580 2003 non
602 1977 694 2007 miror.
718 1978 790 2012 quod
808 1978 944 2010 Apollina-

160 2010 231 2047 rium
251 2010 464 2047 l'lutychianisnti
476 2017 660 2047 accusarunt.
674 2010 788 2039 Sobrius
805 2013 879 2047 Sahg
893 2013 943 2045 (De

161 2044 377 2082 Eutychimtismo
392 2052 451 2073 ante
469 2046 590 2080 Eutych”
614 2047 748 2074 Wolfenb.
765 2048 840 2074 “'25.
857 2044 882 2082 ιῖ.
898 2048 942 2080 97)

160 2081 374 2113 Apollinaristas
402 2081 578 2116 Eutyrhianis
602 2084 740 2114 proximos
762 2081 865 2109 habuit.
890 2082 941 2108 Sed

161 2122 256 2150 magna
267 2115 398 2152 doctrinae
412 2115 505 2143 eorum
519 2121 560 2142 est
569 2117 726 2144 divursitas.
739 2117 857 2152 [terque
870 2118 941 2144 enim

161 2158 255 2176 eorum
273 2151 340 2179 duv.
361 2159 375 2177 a
398 2152 515 2178 diversis
544 2152 631 2178 initiis
651 2153 799 2185 profectus,
814 2151 945 2179 diversis

164 2187 379 2213 necessitatibus
393 2191 419 2212 et
434 2187 585 2213 rationibus
599 2187 699 2214 dttctus
715 2192 767 2214 est.

989 217 1192 244 Aristotelicas.
1210 216 1256 243 Ille
1268 218 1359 243 minus
1376 217 1543 251 pra-judicati
1557 217 1660 248 attulit,
1676 217 1720 243 hic
1737 216 1770 243 fa.

988 262 1040 290 cile
1058 263 1215 289 auctoritati
1231 262 1325 289 cessit.
1346 262 1506 289 Theodorus
1524 270 1586 290 vero
1609 267 1683 290 recte
1699 262 1767 289 evin-

989 316 1053 336 cere
1078 309 1193 340 studuit,
1222 309 1359 335 hominem
1385 307 1492 336 duabus
1517 313 1622 335 tatttum
1650 309 1774 343 partibus

989 354 1176 389 (substantiis)
1193 357 1331 381 constare.
1349 353 1404 380 Hoc
1417 354 1488 380 enim
1508 354 1622 388 probato
1636 353 1774 387 Apollina-

990 399 1022 425 rii
1039 399 1162 425 doctrina
1186 399 1259 425 nulla
1281 402 1349 424 erat.
1368 398 1419 424 Sed
1437 406 1470 424 an
1488 398 1514 424 in
1530 398 1580 424 hac
1599 398 1701 424 lubrtra
1716 399 1772 425 (115⁴

989 445 1138 479 quisitione
1154 445 1221 471 satis
1241 444 1355 470 feliciter
1370 447 1494 470 versatus
1512 444 1547 470 sit
1567 443 1773 470 tlubitarelicet.

988 490 1122 517 Przeterea
1144 490 1305 517 aretissima:
1321 489 1358 516 illi
1381 494 1541 515 naturarum
1555 488 1656 515 Christi
1674 497 1774 515 conne-

988 537 1064 563 xioni
1092 536 1134 563 vel
1158 537 1248 570 potius
1271 535 1455 566 conversioni,
1480 542 1561 569 quam
1589 534 1774 569 Apollinarius

989 583 1151 615 sontniarct,
1171 590 1232 609 cum
1252 582 1336 608 multa
1354 581 1492 608 adversari
1510 586 1565 606 tum
1586 580 1671 614 ipsam
1694 585 1774 607 uatu-

990 635 1047 654 rant
1067 627 1186 654 divinam
1205 627 1300 654 multis
1315 627 1448 661 probavit.
1465 625 1517 653 Sed
1532 634 1593 652 eum
1615 630 1774 661 argumenta

990 682 1023 702 ex
1051 682 1133 709 opere
1159 674 1260 701 Christi
1284 680 1378 700 contra
1404 673 1602 708 Apollinarium
1633 673 1774 707 repetiisse

989 728 1044 746 non
1061 719 1153 746 credo.
1180 719 1294 746 Maxime
1319 719 1378 747 Scr.
1395 719 1424 745 S.
1446 718 1609 745 auctoritate
1626 718 1772 745 nitebatur.

991 765 1072 793 Suam
1097 766 1248 793 doctrinam
1272 773 1334 792 cum
1352 764 1412 792 Scr.
1429 765 1458 791 S.
1479 765 1550 791 belle
1566 765 1720 795 convenire,
1746 764 1774 790 in

990 821 1041 848 qua
1056 814 1089 840 de
1105 813 1250 840 Servatore
1264 812 1336 839 dicta
1353 812 1434 838 tuodo
1447 811 1481 838 ad
1499 811 1631 842 divinant,
1648 810 1727 837 modo
1740 810 1774 837 ad

991 860 1135 886 humanam
1149 859 1209 892 ejus
1225 863 1361 889 naturam,
1380 858 1461 892 ithuc
1474 857 1590 884 maxime
1608 856 1773 890 pertineant,

990 912 1052 930 cum
1081 904 1247 938 Apollinario
1271 907 1354 930 totam
1381 903 1442 930 Scr.
1467 902 1496 931 S.
1527 910 1657 938 pugnare.
1679 901 1730 929 Sed
1755 901 1772 929 l.

988 949 1067 976 Joau.
1085 957 1104 980 ι,
1122 949 1165 980 14,
1188 950 1298 977 nonnisi
1315 955 1445 977 accurata
1467 950 1651 985 disputatione
1675 950 1708 977 de
1730 958 1774 977 ra-

989 995 1063 1021 tione
1078 994 1158 1021 Verbi
1183 994 1230 1022 Dei
1253 995 1391 1022 hominem
1409 995 1589 1024 inhabitantis
1605 996 1774 1031 Apollinario

989 1048 1005 1068 e
1019 1041 1145 1068 manibus
1159 1046 1323 1076 extorquere
1339 1043 1436 1077 potuit.

1177 1121 1206 1148 Β.
1223 1121 1297 1148 Libri
1313 1127 1403 1149 contra
1419 1122 1587 1150 Eunomium.

1025 1187 1161 1215 Ebediesu
1179 1188 1197 1214 Ι.
1215 1204 1246 1219 ι..
1268 1196 1294 1222 p.
1313 1189 1357 1220 55,
1376 1188 1421 1220 54,
1444 1188 1578 1216 Theodori
1602 1188 1668 1214 duo:
1692 1192 1774 1215 tomos

991 1235 1115 1262 adversus
1138 1234 1297 1261 Eunomium
1323 1240 1349 1262 et
1370 1243 1450 1261 unum
1475 1239 1574 1261 tantum.
1601 1241 1647 1268 pro
1672 1233 1776 1260 Basilio

990 1285 1133 1312 memorat,
1152 1289 1221 1316 quos
1235 1282 1354 1316 amplum
1371 1281 1446 1308 illutn
1463 1286 1555 1307 contra
1568 1280 1725 1307 Eunomium
1741 1281 1771 1306 li-

990 1327 1081 1359 brum,
1098 1335 1178 1362 quem
1200 1327 1313 1354 Photius
1337 1335 1366 1354 se
1383 1327 1482 1361 legisse
1503 1330 1620 1354 testatur
1635 1326 1670 1361 (c)
1682 1326 1776 1360 cuius-

991 1380 1044 1406 que
1061 1372 1240 1407 fragmentum
1256 1373 1283 1399 in
1306 1371 1368 1399 Fac.
1388 1381 1424 1403 ix,
1442 1372 1458 1399 5
1476 1372 1520 1406 (-
1532 1371 1566 1398 ab
1584 1379 1666 1406 opere
1680 1372 1717 1398 De
1733 1372 1774 1398 ἰη-

990 1427 1065 1446 carn.
1081 1433 1116 1438 —
1131 1419 1165 1445 ad
1183 1419 1265 1449 aliud,
1286 1418 1358 1453 quod
1379 1423 1475 1445 contra
1500 1417 1662 1444 Eunomium
1689 1417 1775 1445 edidit

990 1479 1025 1484 —
1044 1465 1090 1491 nhi
1122 1464 1229 1491 decimo
1259 1465 1329 1491 libro
1345 1463 1388 1497 —)
1406 1465 1515 1498 legitur,
1541 1464 1634 1495 fuisse,
1662 1468 1688 1490 et
1714 1463 1776 1490 ideo

991 1509 1073 1538 credo
1088 1510 1161 1545 quod
1177 1510 1340 1536 Eunomium
1358 1510 1402 1536 vix
1420 1514 1474 1536 tam
1489 1509 1583 1537 multis
1598 1509 1734 1541 refutavit,
1748 1513 1776 1536 et

991 1564 1054 1591 qtna
1067 1561 1096 1583 ut
1110 1564 1124 1582 a
1138 1555 1311 1583 Nestorianis
1322 1557 1349 1583 in
1363 1557 1416 1583 dtto
1429 1563 1511 1591 opera
1525 1555 1700 1587 divideretur,
1715 1555 1775 1582 libri

992 1602 1077 1628 moles
1092 1607 1117 1628 et
1135 1606 1325 1636 argumentum
1341 1601 1447 1629 videtur
1468 1602 1600 1630 effecisse.
1616 1601 1777 1636 Quanquam

991 1647 1062 1674 lianc
1071 1647 1234 1674 sententiam
1248 1647 1305 1681 ipsa
1318 1648 1399 1674 etiam
1410 1648 1499 1674 Photii
1508 1648 1591 1675 verba
1603 1652 1714 1675 tuentur
1725 1649 1774 1682 ((1).

992 1691 1029 1718 De
1043 1691 1104 1717 libri
1120 1690 1225 1725 origine
1238 1695 1265 1718 et
1279 1691 1370 1719 indole
1390 1692 1447 1719 hac
1463 1692 1565 1727 accipe.

1029 1737 1196 1770 Eunomius,
1225 1744 1340 1772 magnus
1362 1737 1408 1764 ille
1430 1737 1593 1764 Arianorum
1617 1737 1775 1771 antesigna-

994 1791 1046 1810 nus
1061 1783 1106 1818 (e),
1122 1790 1182 1809 cuin
1198 1783 1353 1818 Apologiam
1371 1783 1416 1818 (f),
1434 1791 1515 1817 quam
1532 1782 1611 1817 paulo
1627 1786 1773 1816 antequant

993 1829 1085 1863 Cyzici
1107 1829 1252 1863 episcopus
1277 1829 1353 1855 fieret
1391 1829 1464 1864 (560)
1482 1828 1530 1863 (g),
1558 1828 1651 1854 nescio
1672 1835 1725 1861 qua
1747 1834 1776 1852 re

994 1880 1159 1910 provocatus
1170 1875 1206 1909 Ut)
1224 1875 1384 1910 scripserat.
1401 1882 1415 1902 a
1431 1874 1530 1901 Basilio
1544 1873 1613 1900 male
1632 1871 1776 1899 refutatazn

991 1979 1087 2005 σιλείου
1103 1978 1148 2005 τοῦ
1162 1978 1242 2010 πάνυ,
1257 1978 1328 2005 οὕτω
1339 1978 1392 2013 γὰρ
1408 1978 1460 2012 ἐγὼ
1473 1978 1544 2004 καλῶ
1555 1977 1603 2013 τὴν
1616 1977 1704 2013 πάσης
1727 1985 1777 2003 κει-

990 2014 1118 2048 τηγορίας
1135 2014 1236 2049 μεστὴν
1252 2014 1322 2048 ὑπὲρ
1343 2014 1423 2040 αὑτοῦ
1433 2014 1587 2049 ᾀπολογίαν.

1027 2047 1064 2082 (τι)
1097 2047 1250 2076 Vanissima
1269 2047 1313 2075 est
1329 2050 1410 2075 Cavei
1435 2048 1453 2075 Ι.
1471 2056 1507 2076 c..
1526 2057 1551 2080 p.
1568 2048 1629 2077 248,
1643 2047 1744 2081 opinio,
1761 2054 1777 2073 a

991 2084 1067 2110 libris
1081 2089 1174 2110 contra
1197 2083 1356 2110 Eunomium
1379 2091 1426 2117 pro
1453 2083 1554 2109 Basilio
1583 2083 1699 2110 fortasse
1721 2090 1777 2109 non

991 2118 1114 2145 diversos
1130 2119 1214 2145 fuisse
1231 2119 1314 2145 libros
1329 2124 1422 2145 contra
1438 2118 1644 2152 Apollinarium.
1656 2120 1692 2152 (ν.
1706 2118 1741 2152 s.)

1028 2155 1062 2185 te)
1082 2153 1168 2186 llnjns
1184 2153 1246 2184 viri,
1266 2153 1292 2180 in
1305 2154 1398 2180 multis
1415 2153 1527 2187 egregii.
1545 2160 1587 2179 res
1602 2152 1776 2180 inimicorum

993 2189 1167 2222 potissimum
1188 2189 1263 2214 rabie
1290 2188 1386 2215 multis
1412 2187 1518 2215 nebulis
1539 2187 1674 2213 obvolutae
1703 2193 1776 2217 suttt.

197 2228 234 2264 ib)
248 2227 355 2261 Optime
372 2229 550 2255 Athanasium
572 2229 719 2263 dogmatice
732 2229 940 2264 Apollinaristas

996 2220 1053 2257 qtae
1069 2229 1097 2250 ut
1111 2223 1280 2264 quoad_fieri
1299 2227 1388 2264 potest
1404 2223 1512 2264 tandem
1533 2222 1680 2264 aliqgapdo
1694 2222 1778 2264 dissi-

161 2262 295 2289 refutasse
318 2265 444 2290 existimo
463 2264 499 2297 (ν.
523 2262 634 2290 Mueltler
656 2262 801 2292 ΑιΙιοη.’ίΙ.
820 2265 877 2295 σν..
905 2265 936 2295 11,

161 2305 187 2334 p.
203 2298 250 2334 2H
270 2299 334 2331 sq.).
354 2298 490 2331 Gregorii,
509 2298 696 2326 Natianzenus
710 2301 746 2334 (ν.
763 2299 890 2327 Ullntann
919 2301 936 2327 l.

161 2332 192 2363 1.,
208 2333 252 2358 MM
272 2335 326 2367 sq.)
351 2338 378 2359 et
397 2333 536 2368 Nyssenus
561 2341 598 2366 (ν.
617 2332 764 2362 Scbrmckh
783 2336 800 2361 1.
822 2336 851 2364 1.,
868 2334 937 2365 XIV,

161 2367 239 2404 p.758
258 2371 324 2402 sq.).
346 2367 524 2403 prooratoria
539 2377 587 2395 sua
607 2369 696 2396 indole
715 2371 869 2403 hujusmodi
888 2378 938 2404 pu—

161 2403 221 2436 guis
235 2404 323 2430 minus
336 2404 401 2438 apti,
418 2404 577 2438 Apoliittarii
595 2404 701 2431 decreta
723 2414 771 2431 nec
782 2413 812 2431 ea
827 2403 940 2439 qnapar

160 2441 219 2475 erat
235 2446 300 2464 cura
321 2438 518 2475 investigarunt
540 2447 588 2465 nec
613 2440 799 2475 profligarunt.
825 2438 941 2475 Epipha-

162 2473 223 2499 nius
247 2477 336 2500 autem
361 2474 425 2500 luer.
442 2481 532 2500 Lxxt'tt
561 2482 636 2501 more
658 2473 708 2502 suo
728 2476 761 2502 de
790 2473 941 2502 Diiu‘oit'itis

162 2508 241 2534 etiam
254 2509 392 2535 disseruit.

198 2545 232 2581 tr)
251 2543 328 2581 P_h_ot.
344 2552 369 2581 (ξ.
385 2544 411 2569 4.
427 2545 513 2581 Δ-Δθν.
532 2544 690 2579 ’Λντιοχέως
709 2545 778 2581 ὑπὲρ
803 2545 941 2581 Βασιλεὶρυ

163 2578 232 2605 κατὰ
262 2579 393 2611 Εὑνομίου
425 2579 453 2604 ὲν
479 2579 568 2613 λόγοις
585 2578 637 2607 κε(
663 2588 687 2607 c.
711 2578 840 2610 177ξ1θύ.
856 2580 941 2606 Andr.

164 2613 270 2649 Scbott.
285 2613 410 2649 ltothont.
434 2614 512 2643 165.3.
526 2624 551 2649 p.
566 2616 640 2649 599.)
659 2630 695 2634 —
718 2616 733 2640 ὁ
756 2616 802 2641 καὶ
817 2616 879 2641 κατ’
894 2616 945 2640 Εὑ-

163 2648 254 2683 νομίου
266 2649 301 2685 ἐν
316 2648 402 2675 εἴκοσι
417 2649 463 2675 καὶ
473 2648 544 2676 ὀκτὼ
562 2651 650 2684 λόγοις
665 2652 729 2685 (κη’.
756 2650 856 2677 Facilis
887 2655 946 2677 erat

164 2691 250 2719 error.
266 2683 331 2711 Utra
357 2685 437 2711 lectio
455 2693 518 2711 vera
543 2686 578 2711 sit
597 2683 787 2716 nondix'erim)
806 2686 855 2712 οὐκ
867 2687 946 2719 ἀγεν-

143 2725 157 2757 ϊ,
167 2718 430 2757 ιιρεὰγωςξισάμενρς
439 2720 488 2757 atat
501 2720 546 2746 τοῦ
564 2721 702 2746 Βατι).είου
716 2721 771 2757 ντοῦ
797 2718 946 2757 (immotam),

133 2753 265 2791 ,ἐμᾷλλωξ
279 2754 308 2780 δὲ
328 2753 377 2791 τῆς
395 2755 521 2790 ἀληθείας
549 2756 687 2791 κρατύνων
711 2756 798 2788 δόξαν.
821 2756 947 2782 Photiunt

166 2778 208 2815 itis
221 2790 237 2814 1.
250 2789 319 2818 duos
331 2778 456 2818 diversos
478 2778 697 2818 liln'osrinuuere
716 2778 783 2818 va‘na
803 2796 845 2818 est
866 2792 948 2817 Asse-

167 2824 238 2861 tuani
252 2824 315 2861 l_.wl.,
332 2834 357 2860 p.
373 2826 417 2855 55.
431 2827 561 2861 opinatio.
584 2825 678 2852 Leont.
696 2827 747 2853 Le.
774 2828 854 2861 (Aug.
875 2826 948 2858 Mai.,

166 2857 187 2885 ί.
203 2859 234 2887 1..
254 2859 295 2893 γι,
353 2861 428 2897 299.)
439 2857 474 2882 '—
489 2862 523 2888 τά
538 2870 565 2888 τε
578 2861 647 2895 ὑπὲρ
662 2862 792 2900 Εξὺνομίου
810 2857 880 2888 κᾶτὰ
895 2861 948 2888 Βα-

991 2262 1090 2291 peutnr
1113 2258 1275 2292 optandum.
1307 2258 1376 2284 Cum
1410 2258 1499 2284 fructu
1520 2258 1556 2284 cl'.
1583 2257 1690 2284 Fabric.
1708 2258 1724 2283 l.
1745 2259 1776 2288 1.,

991 2292 1034 2323 IX,
1055 2301 1080 2327 p.
1096 2293 1148 2320 ‘20?
1170 2301 1223 2326 sq.,
1247 2293 1293 2326 qui
1312 2293 1442 2326 plurima,
1475 2300 1536 2327 qua:
1556 2292 1609 2319 Ituc
1631 2293 1776 2326 pertinent,

989 2329 1147 2361 congessit;
1162 2328 1278 2359 Basnag.
1297 2327 1424 2353 Tltesaur.
1436 2336 1552 2354 manum.
1577 2328 1681 2358 eadem,
1706 2328 1726 2358 l,
1749 2336 1775 2361 p.

991 2363 1041 2389 172
1056 2371 1098 2396 sq.
1112 2363 1203 2397 (νομί,
1219 2363 1289 2390 Ιίὶὺι.
1300 2363 1392 2389 Iurres.
1410 2363 1429 2393 1,
1447 2370 1471 2396 p.
1488 2363 1542 2389 484
1559 2363 1629 2396 ειι.);
1643 2363 1674 2397 ᾼ.
1692 2362 1778 2388 Nean-

991 2371 1041 2389 112
1056 2371 1098 2396 sq.
1112 2371 1203 2398 (νοω,
1219 2371 1392 2390 mut.mrres.
1411 2371 1429 2393 ι,
1447 2371 1471 2396 p.
1488 2371 1542 2389 μδ
1559 2371 1674 2396 511.);5.
1692 2371 1776 2388 nean-

990 2398 1038 2423 der
1053 2398 1069 2423 l.
1088 2398 1117 2427 1.,
1132 2399 1162 2429 ll;
1177 2399 1207 2424 (Σ.
1227 2397 1296 2424 liud.
1307 2396 1339 2423 G.
1352 2397 1434 2425 Klosc
1455 2396 1549 2425 Gesch.
1570 2397 1623 2423 und
1638 2396 1720 2424 Lehre
1731 2397 1776 2424 des

992 2433 1145 2461 lc‘tmomius.
1160 2433 1227 2464 ΚίυΙ,
1245 2433 1322 2459 1855.

1025 2467 1056 2500 (f)
1084 2468 1202 2494 Primum
1229 2469 1302 2494 edita
1332 2471 1373 2494 est
1389 2475 1403 2493 a
1426 2466 1552 2494 Fabricio
1577 2467 1594 2493 l.
1621 2467 1651 2497 l..
1668 2465 1735 2497 Vlll.
1751 2475 1777 2502 p.

990 2502 1053 2534 “262,
1063 2503 1160 2530 deinde
1173 2503 1200 2529 in
1215 2502 1262 2536 Op.
1275 2503 1356 2530 Basil.
1366 2503 1409 2529 ed.
1421 2502 1518 2533 Garn..
1531 2502 1549 2534 Ι,
1561 2511 1586 2536 p.
1600 2502 1651 2528 618
1667 2510 1708 2536 sq.

1029 2544 1063 2578 (g)
1083 2544 1200 2571 Basilius
1213 2553 1236 2570 ο.
1256 2544 1322 2570 Eun.
1343 2543 1391 2576 l.l,
1413 2543 1473 2578 (Op.
1492 2552 1511 2574 ι.
1526 2552 1552 2579 p.
1569 2544 1631 2580 209.
1644 2544 1706 2580 2l0)
1725 2544 1778 2573 Eu-

993 2580 1145 2606 nmnionec
1157 2580 1298 2609 Selettcizr.
1314 2580 1342 2606 itt
1363 2587 1444 2614 quam
1464 2581 1560 2606 urbem
1579 2579 1672 2606 Ariani
1692 2582 1779 2608 vocati

994 2622 1048 2640 non
1061 2615 1200 2642 venissent
1214 2622 1251 2647 ta.
1269 2614 1343 2649 559),
1364 2622 1451 2649 neque
1467 2614 1717 2648 Constantinopoli,
1730 2617 1776 2643 ubi

994 2649 1087 2675 Ariani
1105 2650 1260 2683 superiores
1279 2650 1394 2677 finissent
1411 2652 1447 2683 (a.
1467 2650 1528 2685 569)
1546 2654 1573 2676 et
1596 2651 1719 2677 civitates
1736 2651 1779 2676 iit--

995 2688 1037 2720 ter
1052 2692 1080 2710 se
1100 2685 1190 2718 partiti
1206 2688 1307 2715 essent,
1323 2686 1380 2719 ipse
1394 2689 1483 2711 autem
1502 2683 1582 2711 ἆθλον
1591 2685 1640 2720 τῆς
1653 2685 1779 2720 ἀσεσείας

995 2719 1045 2753 τὴν
1057 2719 1175 2750 Κύζικον
1193 2720 1340 2750 retulisset.
1361 2719 1485 2754 apologia
1508 2727 1577 2754 opus
1603 2719 1687 2746 fuisse
1701 2719 1778 2752 dicitI

998 2759 1028 2780 ut
1043 2755 1105 2781 dolo
1117 2762 1175 2781 eam
1186 2755 1338 2782 confertam
1356 2762 1416 2781 esse
1433 2755 1611 2782 demonstret.
1640 2754 1708 2781 Hinc
1726 2755 1778 2782 ttisi

998 2789 1134 2816 claudicat
1152 2789 1243 2816 Basilii
1256 2790 1463 2822 demonstratio,
1482 2790 1530 2817 illo
1545 2796 1666 2824 tempore
1681 2790 1779 2824 Apolo-

999 2824 1069 2859 giam
1088 2824 1216 2858 scriptam
1231 2832 1291 2851 esse
1302 2825 1424 2859 emergit.

1038 2860 1076 2895 (lt)
1105 2860 1162 2888 Doli
1184 2860 1338 2894 postulatur
1364 2868 1378 2887 a
1404 2859 1507 2888 Basilio
1523 2859 1541 2887 1.
1556 2865 1578 2893 t,
1600 2867 1628 2895 p.
1643 2859 1695 2889 209
1709 2868 1716 2894 ;
1730 2859 1777 2888 sed
