1940 3064
184 135 220 162 67

185 189 230 223 ιν,
245 198 271 225 p.
288 189 353 221 .l'l);
371 189 443 215 Dial.
467 187 515 215 III
537 190 597 215 adv.
627 189 729 223 Pelag.,
755 188 828 219 init.,
849 195 874 222 p.
901 186 970 216 553;
986 190 1007 217 Α

186 236 224 263 De
237 236 358 269 scriptor.
373 235 448 265 βίαι..
472 243 495 262 s.
510 243 533 261 ν.
552 234 645 261 Jacab.
676 234 716 261 Cf.
734 234 838 260 St'HOll.
855 233 927 266 lsng.
944 233 970 258 in

187 281 265 307 libros
281 280 318 307 Ν.
332 280 375 310 Τ..
394 288 420 314 p.
438 280 453 306 8
471 288 513 314 sq.
527 288 534 311 ;
561 278 689 306 Crelneri
705 279 824 312 Beitrr’tge
839 284 884 303 ευτ’
897 277 969 305 Einl.

187 328 213 352 in
235 326 279 352 die
305 326 366 352 bibl.
385 324 470 356 δύη,
486 324 505 357 1,
523 333 548 360 p.
562 325 614 351 588
628 332 670 359 sq.
686 323 758 350 Nova
775 328 863 350 autem
878 323 972 350 Hiero-

187 373 260 407 nymi
280 372 427 398 bibliorum
443 371 588 397 translatio
608 370 726 396 inimicis
742 369 801 403 ejus
816 369 883 395 satis
896 376 972 395 com-

187 418 295 444 modam
310 417 483 451 vituperandi
501 417 674 443 occasionem
691 415 776 442 dedit.
796 413 824 440 V.
837 423 863 441 ν.
877 423 899 440 c.
915 414 972 440 Hu—

187 463 234 490 lin.
256 463 348 489 inrcct.
366 462 396 493 ll,
414 461 483 496 Opp.
507 461 580 488 Hier.
600 461 643 493 IV,
664 469 691 495 p.
705 461 768 487 Ml.
791 460 866 493 Quos
887 460 973 487 libros

188 510 220 535 de
236 516 305 535 nova
321 509 416 535 hatresi
433 509 459 534 in
470 509 583 542 patriam
601 507 710 534 misisse
726 507 826 534 dicitur
842 506 973 540 Hierony-

193 563 268 588 mus,
287 556 353 582 nulli
369 555 412 581 alii
431 563 492 582 esse
507 559 622 588 possunt
641 562 722 588 qualn
740 559 795 580 tres
811 553 916 587 Dialogi
928 552 974 578 ad-

189 610 279 628 versus
295 601 453 635 Pelagianos
473 599 529 635 (IV,
545 608 570 634 p.
588 599 639 626 483
661 600 726 634 sq.),
744 599 837 632 scripti
860 606 885 624 a.
909 597 972 624 415.

188 647 354 680 lntelligitur
369 654 400 672 ex
420 646 474 672 illis
488 653 548 680 qua:
560 645 674 672 Pbotius
685 645 789 676 retulit,
800 644 973 670 Theodorum

189 696 287 720 contra
304 691 496 719 Occidentales
508 691 535 717 in
546 690 656 718 Oriente
667 684 808 718 versantes
818 690 972 723 scripsisse.

189 745 221 765 ac
236 746 322 769 ηυνξ,
340 745 421 772 quam
446 741 556 772 putaret
572 738 700 769 hairesin,
723 730 861 763 auctorem
879 735 973 761 Hiero-

189 792 313 819 nymum.
330 784 375 818 qui
393 782 568 811 Occidentem
585 784 667 810 etiam
685 783 743 810 viro
758 790 808 810 suo
824 782 973 812 iniecisset,

190 829 330 856 habuisse.
351 829 465 856 Photius
486 833 576 856 autem
592 829 637 856 ubi
655 829 701 855 illa
721 827 869 862 perhibuit,
887 827 973 854 Incre—

190 875 229 901 sis
241 875 316 901 illius
331 874 485 901 doctrinam
499 874 673 901 Theodorum
690 877 802 901 secutus
820 874 864 900 his
882 873 975 907 paucis

190 920 349 954 complexus
368 925 408 947 est
422 929 428 946 :
445 920 471 955 1)
490 920 614 946 homines
625 919 703 953 φύσει
716 920 848 954 πρότερον
859 918 975 953 ἀγαθοὺς

191 968 220 992 ὲν
237 967 269 1001 τῇ
289 965 378 1000 φύσει,
403 969 532 1000 corrupta
560 965 615 999 jam
645 969 672 991 et
692 964 800 991 mortali
830 964 901 990 facta
930 971 977 998 per

193 1011 289 1038 Adami
308 1015 463 1046 peccatum,
479 1010 526 1037 καὶ
541 1011 590 1037 οὐκ
611 1012 639 1037 ἐν
653 1012 686 1045 τῇ
700 1010 856 1046 πρῡαιρέσει
880 1011 977 1045 κεκτῆ-

193 1057 255 1083 σθαι
268 1058 319 1092 τὴν
333 1057 482 1092 ἁμαρτίαν.
503 1056 530 1092 2)
549 1056 586 1083 Ne
602 1064 697 1084 recens
717 1060 796 1084 natos
810 1056 918 1090 quidem
936 1057 978 1082 in-

192 1103 283 1130 fantes
303 1109 317 1128 a
332 1107 443 1141 peccato
463 1095 565 1129 liberos
582 1109 654 1132 esse,
669 1109 731 1128 cum
747 1102 782 1128 ob
799 1101 896 1128 Adami
915 1109 978 1136 pec-

192 1151 282 1174 catum
294 1151 392 1174 natura
406 1147 557 1182 ἁμαρτωλή
576 1146 648 1173 facta
662 1147 694 1173 ad
708 1155 804 1174 omnes
819 1147 878 1181 ejus
891 1151 979 1181 poste-

191 1201 237 1219 ros
255 1198 426 1228 propagetur.
454 1192 496 1219 Cf.
517 1200 559 1227 ps.
578 1200 604 1224 L,
621 1192 647 1224 7,
670 1193 718 1218 aL.
745 1192 887 1227 Baptism.
905 1200 976 1219 cum.

192 1245 284 1269 sacr.,
313 1237 385 1272 quod
421 1241 568 1272 utrumque
596 1242 795 1264 sacramentum
829 1237 979 1263 infantibus

192 1285 356 1318 praebeatur.
375 1283 402 1317 5)
419 1282 528 1309 Nullum
555 1282 692 1309 hominem
722 1283 826 1316 justum
848 1289 920 1308 esse.
935 1280 978 1308 Cf.

192 1337 236 1364 ps.
256 1336 340 1358 cun.
355 1329 382 1359 Ξ.
403 1329 438 1355 al.
455 1329 482 1363 4)
505 1328 543 1355 Ne
559 1329 699 1356 Christum
718 1329 827 1363 quidem
845 1333 980 1363 quatenus

194 1379 320 1402 naturam
336 1375 519 1410 peccatricem
540 1375 745 1408 assutnpsisset.
762 1375 864 1409 peccati
882 1375 980 1401 innitu-

194 1428 255 1447 nem
271 1428 342 1450 esse.
370 1427 526 1454 quanquam
543 1419 567 1447 ei
591 1420 655 1446 alibi
673 1421 792 1455 σχήματι
806 1420 878 1455 μόνῳ
891 1419 980 1446 incar-

194 1467 334 1493 nationem
352 1466 526 1494 tribuissent.
544 1465 569 1500 5)
598 1465 812 1499 Matrimonium,
840 1467 880 1493 vel
907 1471 980 1493 certe

194 1513 283 1538 coitus
301 1511 478 1546 cupiditatem
496 1515 524 1538 et
539 1511 652 1538 seminis
677 1511 852 1538 emissionem
875 1513 979 1538 omnia-
994 1525 1014 1553 ε

195 1566 248 1592 que
266 1557 433 1591 bujusmodi,
450 1556 550 1591 quibus
561 1564 647 1591 genus
661 1561 785 1583 nostrum
802 1561 976 1592 propagetur,

195 1607 332 1637 corruptte
343 1607 405 1628 natu
411 1609 447 1628 rw
457 1609 528 1628 esse.
537 1601 684 1636 Postquam
697 1601 794 1628 deinde
805 1601 977 1628 Theodorum

195 1650 299 1682 optime
321 1647 457 1674 interdum
477 1647 611 1681 praecipue
628 1646 747 1682 legitima
767 1646 828 1674 Scr.
851 1647 879 1673 S.
896 1648 978 1674 inter-

197 1695 354 1729 pt'clatlmte
367 1694 425 1720 haec
438 1693 584 1723 refutasse,
604 1692 652 1719 Sed
669 1693 695 1719 in
711 1691 828 1719 Nestorii
844 1697 870 1719 et
885 1692 980 1727 Orige-

197 1741 240 1767 nis
255 1747 362 1767 errores
386 1739 514 1765 incidisse
529 1738 696 1770 observavit,
717 1738 752 1764 de
781 1739 823 1764 bis
839 1739 981 1765 sententiis

197 1784 364 1810 'l'heodoreis
388 1783 524 1810 disserit:
555 1783 590 1809 ab
613 1783 690 1810 initio
718 1783 826 1816 quidem
849 1783 981 1809 Adamqu

196 1830 341 1856 mortalem
358 1829 459 1855 factum
476 1835 547 1860 esse,
565 1829 611 1856 sed
629 1834 658 1855 ut
675 1834 815 1864 peccatum
829 1829 982 1855 odissemus

197 1876 282 1902 Deum
309 1875 466 1905 simulasse,
484 1875 564 1909 quasi
592 1879 704 1910 propter
730 1879 871 1909 peccatum
897 1882 983 1908 preme

197 1922 257 1948 loco
274 1927 348 1946 mors
364 1919 492 1954 imposita
510 1924 583 1946 esset
599 1930 606 1947 ι
631 1921 766 1954 duplicem
781 1928 842 1947 esse
859 1926 983 1954 peccato-

198 1975 257 1994 rum
272 1966 470 1993 remissioncm.
488 1965 609 2001 Denique
623 1966 760 1994 Theodori
778 1975 863 2001 genus
874 1966 982 1993 dicendi

198 2019 270 2041 recte
287 2013 443 2047 descripsit.

991 858 1011 884 Β

233 2070 268 2095 At
285 2075 350 2095 vero
363 2067 462 2094 Photio
478 2074 531 2093 non
553 2074 666 2101 prorsus
680 2068 808 2094 convenit
820 2075 880 2094 cum
900 2068 984 2095 lllario

198 2115 361 2145 Mercatore,
383 2113 429 2148 qui
447 2123 455 2139 ε
478 2113 614 2140 Theodori
633 2113 666 2140 de
678 2113 799 2140 secundo
811 2115 904 2141 codice
921 2115 983 2141 libr.

199 2170 226 2188 tv
260 2167 286 2188 et
300 2169 330 2187 ut
345 2164 443 2188 contra
460 2168 484 2187 s.
500 2160 683 2194 Augustinum
698 2159 888 2187 defendentem
902 2162 986 2197 origi-

198 2208 262 2235 nale
278 2210 422 2242 peecatum
435 2209 462 2232 et
477 2205 563 2232 Adam
583 2213 630 2240 per
649 2206 897 2240 transgressionem
916 2215 985 2234 mor-

198 2254 280 2280 talem
313 2252 415 2279 factuin
451 2252 586 2279 catholice
619 2252 820 2286 disserentem,
841 2264 849 2279 ›
867 2258 985 2289 quatuor

200 2298 351 2333 fragmenta
365 2297 459 2324 Latine
476 2298 558 2324 vertit
574 2297 591 2323 l.
610 2306 647 2328 ρ..
668 2306 694 2332 p.
715 2298 764 2325 702
787 2307 827 2333 sq.
847 2300 986 2335 (leguntur

200 2343 282 2370 etiam
300 2344 327 2370 in
341 2342 433 2370 Noris.
450 2343 468 2369 l.
492 2343 524 2374 l.,
542 2343 561 2374 l,
581 2351 606 2378 p.
631 2344 666 2370 95
680 2343 746 2378 sq.).
765 2344 865 2372 Tribus
887 2347 985 2380 priori-

200 2390 252 2416 bus
277 2389 437 2424 fragmentis
461 2389 540 2416 docet
567 2390 739 2424 Tbeodorus,
758 2391 867 2419 biblicis
895 2392 988 2426 impri-

201 2434 254 2461 mis
275 2434 366 2462 nitcns
388 2435 567 2469 argumentis,
585 2435 717 2461 Adamnm
745 2437 884 2462 mortalem
909 2444 986 2463 erea-

202 2483 259 2506 tuin
289 2480 450 2514 nullumque
471 2487 532 2507 esse
558 2484 701 2514 peccatum
727 2481 874 2515 originale;
893 2482 988 2508 ultimo

203 2533 268 2552 vero
293 2531 394 2552 :eterna
418 2529 481 2559 post
509 2526 738 2552 resurrectionem
765 2527 899 2560 supplicia
928 2535 989 2554 esse

205 2576 294 2606 negat.

1001 2194 1022 2221 D

242 2617 270 2643 In
294 2616 346 2643 hac
363 2615 452 2642 Pholii
476 2620 502 2642 et
531 2615 610 2642 Marii
633 2615 793 2643 lllercatoris
818 2616 989 2643 dissensione

205 2660 365 2698 disputatur
386 2670 401 2689 τι
426 2662 494 2688 viris
520 2662 619 2694 doctis,
642 2668 733 2689 utrum
747 2668 840 2689 contra
859 2662 989 2697 Hierony-

206 2717 281 2737 mum
295 2717 328 2734 an
352 2711 446 2735 contra
470 2707 651 2742 Augustinum
674 2708 833 2735 Theodorus
848 2709 989 2742 scripserit

207 2809 305 2844 pariter
320 2815 351 2834 ac
367 2809 554 2839 celeberrimo,
571 2815 630 2843 qua:
642 2808 668 2834 in
685 2808 797 2842 hcptade
812 2810 931 2836 dissertt.
942 2817 986 2844 ap-

208 2843 311 2879 pendiei
325 2843 436 2872 diSsr-rt.
456 2844 492 2870 De
507 2843 690 2870 htrresiarc/tis
709 2845 755 2870 tri-1'
767 2845 905 2877 apostolici
923 2843 986 2872 sub-

207 2881 308 2915 juncta,
319 2887 345 2912 p.
356 2879 407 2906 406
419 2888 458 2915 sq.
473 2880 586 2914 legatur,
599 2883 696 2906 auctor
711 2879 775 2905 mibi
793 2885 832 2906 cst
845 2880 867 2907 .l.
887 2880 982 2906 Franc.

629 130 778 159 OT'I‘ONIS
798 131 887 158 FRH).
909 129 1101 157 FHlTZSCHE
1120 128 1371 158 (ΣΟΜΜΕΝΤΑΤΙΟ

1780 129 1826 156 (i8

1024 186 1071 221 (cf.
1089 186 1155 214 Cav.
1169 187 1188 214 l.
1205 187 1328 219 l.,Basn.
1346 187 1365 213 l.
1382 186 1413 217 l.,
1427 185 1552 213 Neander
1564 185 1621 216 l.l.,
1635 185 1667 218 ll,
1685 193 1710 220 p.
1729 186 1824 218 I360,

1022 232 1119 267 1561);
1147 231 1211 266 quid
1228 232 1300 266 quod
1326 231 1478 258 Garnerius
1502 231 1660 264 conjectura
1680 231 1823 258 Themin-

1022 286 1082 305 rum
1098 278 1234 304 mendacii
1254 278 1295 305 vel
1308 278 1386 304 mala:
1403 277 1518 308 fraudis,
1534 285 1587 312 qua
1608 277 1691 303 libros
1713 282 1826 304 contra

1023 324 1216 358 Hieronymum
1251 324 1370 357 scriptos
1399 327 1461 358 post
1488 323 1644 350 immutatos
1677 323 1825 350 adversus

1023 371 1206 405 Augustinum
1234 370 1383 400 edidisset,
1410 369 1571 396 accusavit?
1599 369 1732 396 Garnerio
1763 370 1826 395 ali-

1023 423 1125 451 quanto
1142 417 1238 444 melius
1251 416 1376 443 Norisius
1395 417 1413 443 l.
1430 417 1460 447 l.,
1479 416 1500 446 1,
1519 423 1545 450 p.
1571 416 1604 442 88
1620 424 1662 450 sq.
1680 425 1687 443 :
1704 425 1712 441 ι
1731 415 1820 443 Pela-

1024 463 1096 497 giani
1113 470 1174 489 cum
1192 471 1221 489 se
1238 463 1271 490 ab
1291 462 1454 497 Hieronymo
1471 466 1497 489 et
1512 461 1664 497 Augustino
1683 463 1825 489 adversa-

1025 508 1073 535 riis
1090 508 1199 542 scriptis
1217 509 1335 535 vellicari
1352 509 1554 543 cognovissent,
1568 508 1702 535 Theodori
1721 508 1824 543 Mops-

1024 555 1129 581 uesteni
1150 555 1327 588 patrocinium
1355 554 1548 588 imploraruntI
1572 554 1604 580 ad
1626 561 1706 589 quem
1727 556 1821 581 etiam

1025 601 1183 637 Hieronymi
1203 601 1331 635 Dialogus
1352 610 1448 629 recens
1466 601 1576 636 quidem
1591 602 1744 636 pubiicatos
1763 602 1818 628 dev

1025 647 1120 673 tulere.
1142 646 1187 673 llle
1208 647 1322 674 scientia
1339 647 1470 679 tumidus,
1488 655 1543 681 quo
1561 648 1636 674 solus
1658 655 1755 682 sapere
1771 647 1801 673 vi

1024 692 1143 725 deretur,
1168 693 1283 719 aliorum
1311 693 1419 728 ingenia
1445 693 1612 728 despiciens,
1628 701 1676 720 sua
1704 698 1819 720 tantum

1025 738 1172 772 probabat:
1192 747 1276 772 quare
1290 743 1386 765 contra
1401 744 1455 766 tres
1469 739 1623 774 Hieronymi
1641 740 1727 766 libros
1743 741 1820 766 satis

1024 785 1127 818 justum
1149 784 1272 811 volumen
1299 785 1324 811 in
1343 785 1464 819 quinque
1486 785 1570 812 libros
1587 785 1721 820 digestum
1749 793 1820 820 pro-

1026 825 1110 852 cutlit.
1133 835 1142 850 ι
1161 826 1189 853 Ρ.
1209 826 1253 853 88,
1275 826 1347 853 Idem
1368 834 1394 852 ν.
1411 825 1438 852 d.
1465 826 1610 861 Augustini
1630 828 1711 853 etiam
1728 827 1819 862 libros

1028 870 1064 897 De
1080 876 1179 904 peccat.
1192 872 1277 897 merit.
1289 877 1313 898 et
1328 873 1442 903 remiss.,
1457 875 1484 898 et
1497 879 1540 906 ep.
1553 872 1597 903 89,
1612 872 1646 898 ad
1661 871 1817 902 Hilarium,

1027 916 1199 943 Theodorum
1213 918 1388 952 impugnasse
1399 921 1488 951 putat.
1506 927 1515 942 ι
1534 917 1728 953 Hieronymum
1737 918 1816 944 enim

1028 963 1055 989 in
1077 962 1129 989 fine
1147 963 1320 998 Dialogorum
1337 969 1429 998 pauea‘
1441 967 1547 990 tantum
1576 965 1658 990 verba
1680 971 1728 998 pro
1754 960 1820 998 prc-

1027 1013 1089 1036 cato
1111 1009 1235 1043 originali
1260 1010 1408 1036 astruendo
1424 1010 1533 1042 habere,
1551 1010 1662 1036 laudare
1684 1017 1748 1036 vero
1765 1017 1818 1044 pro

1028 1062 1058 1082 ea
1076 1063 1105 1082 re
1127 1062 1241 1090 operosa
1258 1055 1403 1089 Augustini
1420 1054 1559 1080 volumina
1579 1054 1617 1080 De
1639 1061 1709 1088 pecc.
1726 1062 1763 1081 τη.
1790 1058 1816 1080 et

1028 1109 1104 1131 ηιηιη
1128 1101 1154 1127 iu
1181 1100 1274 1127 Asiam
1290 1100 1323 1126 ad
1348 1107 1377 1127 se
1398 1100 1504 1132 delata;
1533 1099 1706 1127 Theodorum
1723 1105 1816 1126 autem

1028 1154 1090 1174 cum
1108 1146 1165 1172 lnee
1186 1145 1381 1180 legissetJiaud
1399 1145 1483 1172 dubie
1500 1145 1545 1171 illa
1560 1146 1729 1179 quaesivisse,
1744 1152 1818 1180 pra:-

1029 1193 1121 1220 sertim
1142 1199 1203 1219 eum
1224 1200 1257 1219 ex
1276 1191 1364 1218 Photii
1387 1192 1524 1226 excerptis
1546 1195 1664 1222 constet,
1690 1199 1752 1218 eum
1782 1198 1816 1218 ea

1030 1239 1216 1273 impugnasse,
1233 1246 1294 1273 qua:
1309 1238 1379 1273 apud
1392 1239 1575 1273 Augustinum
1589 1243 1694 1264 tantum
1714 1237 1746 1264 de
1759 1237 1818 1264 ori-

1030 1285 1100 1320 ginis
1119 1288 1195 1311 reatu
1216 1284 1353 1318 explicata
1376 1283 1512 1318 legantur.
1530 1282 1656 1310 Profecto
1675 1282 1815 1317 Pelagium

1030 1332 1143 1366 ejusque
1155 1330 1307 1364 discipulos
1321 1329 1430 1356 laudata
1445 1329 1590 1364 Augustini
1608 1329 1744 1355 volumina
1761 1336 1815 1354 una

1030 1386 1091 1404 cum
1112 1377 1226 1412 cpistola
1246 1377 1279 1403 ad
1296 1375 1440 1406 Hilarium,
1461 1376 1487 1401 in
1504 1375 1610 1410 synodo
1629 1375 1814 1409 [)iospolitana

1032 1425 1109 1455 lecta,
1122 1423 1153 1450 ad
1168 1431 1267 1449 novum
1290 1427 1372 1450 secta:
1386 1427 1531 1457 patronum
1551 1422 1671 1449 misisse.
1692 1431 1701 1447 ›
1722 1421 1751 1447 I’.
1770 1422 1812 1448 Eltl.

1032 1469 1153 1504 Denique
1167 1469 1227 1496 illos
1252 1468 1388 1495 Theodori
1411 1468 1496 1495 libros
1514 1475 1588 1494 anno
1603 1467 1659 1495 fere
1681 1467 1732 1495 416
1749 1475 1815 1493 con-

1033 1516 1148 1549 seriptos
1162 1523 1224 1543 esse
1239 1515 1379 1542 existimat
1400 1517 1511 1549 propter
1527 1513 1616 1540 Photii
1633 1513 1715 1540 verba
1727 1528 1761 1532 —
1773 1512 1815 1539 λό-

1029 1571 1093 1596 γους
1110 1561 1179 1595 ὑπὲρ
1200 1561 1250 1595 τῆς
1271 1559 1510 1595 καινοποιηϐείσης
1531 1559 1604 1594 αὐτῷ
1619 1559 1749 1594 αἱρέσεως
1764 1573 1814 1589 --,

1029 1611 1056 1633 et
1067 1607 1126 1633 ideo
1144 1606 1207 1640 quia
1223 1605 1324 1632 Zosimi
1339 1604 1438 1631 litteris
1454 1602 1610 1638 encyclicis,
1631 1611 1675 1629 an.
1699 1602 1750 1629 418
1765 1609 1814 1636 pu—

1034 1652 1150 1682 blicatis.
1161 1656 1198 1681 et.
1216 1650 1301 1677 lllario
1315 1649 1397 1677 Merc.
1413 1653 1492 1680 teste,
1510 1649 1543 1676 ad
1558 1648 1711 1676 Orientales
1723 1647 1815 1674 Eccle-

1033 1699 1088 1725 sias
1109 1698 1198 1725 missis
1218 1705 1249 1724 ac
1266 1705 1312 1731 per
1335 1700 1422 1723 totum
1440 1696 1534 1723 orbem
1562 1694 1814 1730 subscriptionibus

1033 1745 1083 1771 SS.
1099 1745 1208 1771 Patrum
1228 1742 1374 1772 roboratis.
1385 1741 1544 1768 Theodorus
1559 1741 1603 1769 vix
1615 1748 1699 1767 ausus
1715 1739 1810 1767 fuisset

1033 1795 1126 1817 contra
1145 1789 1325 1815 orthodoxam
1342 1787 1505 1815 sententiam
1519 1791 1574 1813 tam
1587 1787 1671 1813 multa
1686 1786 1811 1813 scribere.

1033 1837 1206 1864 Theodorum
1221 1835 1379 1862 Caeli-stium
1393 1839 1490 1861 contra
1509 1833 1706 1866 Hieronymum
1723 1832 1811 1858 defen~

1033 1884 1106 1910 disse
1121 1882 1203 1908 verbo
1219 1881 1324 1908 monuit
1341 1879 1659 1915 Baumgarten-Crusius.
1683 1877 1813 1904 Lehrbuc/t

1033 1927 1079 1954 der
1093 1927 1193 1954 cltristl.
1215 1926 1428 1962 Dumnorigem/2.,
1445 1935 1472 1961 p.
1490 1925 1552 1952 5‘35.
1570 1925 1617 1952 Vir
1631 1925 1711 1959 plane
1726 1925 1815 1958 singu-

1034 1974 1101 2001 laris
1118 1973 1200 2000 latius
1215 1973 1310 2000 vellem
1327 1980 1404 1999 suam
1420 1971 1582 1999 sententiam
1600 1971 1779 2004 exposuisset.

1070 2030 1104 2057 Ut
1124 2031 1179 2064 jam
1200 2029 1264 2064 quid
1288 2029 1354 2056 mihi
1370 2029 1497 2056 videatur
1521 2028 1620 2059 dicam,
1643 2028 1811 2054 Theodorum

1034 2078 1115 2112 paulo
1132 2081 1193 2111 post
1216 2081 1339 2103 exortam
1362 2076 1436 2102 litem
1462 2075 1633 2109 Pelagianam
1658 2075 1741 2101 libros
1757 2074 1812 2101 illos

1035 2123 1199 2152 confecisse,
1224 2122 1271 2149 sed
1286 2129 1374 2156 neque
1396 2121 1552 2156 Hieronymi
1569 2129 1656 2155 neque
1672 2121 1811 2155 Augustini

1036 2170 1137 2203 scripta
1158 2169 1258 2203 legisse
1275 2167 1388 2194 allirmo.
1411 2167 1478 2193 Illud
1503 2166 1659 2200 Hieronymi
1687 2166 1811 2193 memoria

1037 2215 1216 2241 indubitatum
1240 2213 1376 2244 redditur,
1399 2212 1450 2239 hoc
1471 2219 1535 2239 vero
1549 2219 1610 2239 cum
1632 2211 1694 2238 inde
1715 2215 1810 2246 pateat,

1035 2261 1107 2295 quod
1127 2260 1286 2287 Theodorus
1314 2259 1411 2285 Latine
1433 2258 1559 2289 nescivit,
1578 2262 1635 2284 tum
1654 2265 1686 2284 eo
1711 2262 1810 2284 certum

1036 2310 1087 2337 est,
1103 2305 1174 2340 quod
1195 2312 1281 2339 neque
1295 2305 1322 2330 in
1339 2303 1498 2338 fragmentis
1515 2311 1603 2338 neque
1619 2304 1644 2330 in
1660 2303 1693 2330 iis
1711 2311 1769 2337 quae
1783 2303 1812 2329 de

1036 2350 1114 2377 libris
1134 2350 1188 2376 illis
1216 2348 1373 2383 accepimus
1400 2347 1483 2382 hujus
1508 2348 1546 2374 rei
1568 2349 1651 2374 ullum
1678 2348 1810 2382 vestigium

1037 2400 1090 2423 est.
1107 2394 1267 2429 Quanquam
1288 2393 1468 2428 Hieronymus
1493 2393 1612 2428 Dialoyis
1629 2393 1686 2420 suis
1704 2397 1813 2420 tantum-

1037 2441 1118 2469 modo
1135 2441 1253 2475 negavit,
1270 2448 1351 2475 posse
1374 2440 1512 2467 hominem
1527 2440 1549 2467 si
1564 2440 1646 2466 vellet
1670 2441 1729 2466 sine
1757 2447 1812 2474 pec-

1038 2493 1099 2515 cato
1111 2495 1171 2514 esse
1187 2491 1214 2513 et
1229 2486 1321 2513 facilia
1345 2493 1406 2513 esse
1419 2485 1464 2513 Dei
1479 2490 1624 2521 prascepta.
1636 2486 1691 2511 lnm
1708 2485 1728 2511 si
1739 2493 1810 2520 quam

1037 2534 1170 2560 rationem
1191 2531 1352 2558 Theodorus
1381 2532 1407 2558 in
1435 2531 1599 2565 disputando
1634 2537 1745 2557 secutus
1772 2531 1811 2562 sit,

1038 2580 1123 2613 probe
1138 2577 1307 2609 memineris,
1323 2576 1449 2603 dubitare
1465 2583 1518 2602 non
1535 2575 1595 2601 licet
1612 2576 1676 2609 quin
1687 2575 1811 2610 Pelagiani

1043 2625 1133 2652 statim
1149 2629 1210 2658 post
1221 2623 1355 2658 synodum
1368 2622 1489 2656 Diospoli
1501 2630 1593 2648 mense
1606 2621 1746 2648 Decembr.
1758 2621 1810 2648 anni

1042 2669 1093 2695 MS
1118 2669 1239 2695 habitam
1256 2676 1316 2702 qua:
1331 2667 1405 2694 litem
1431 2667 1504 2693 illam
1533 2667 1703 2694 continerent
1727 2667 1750 2694 ei
1773 2674 1811 2701 μοι·

1043 2716 1146 2742 litteras
1163 2714 1201 2750 (η)
1216 2715 1438 2750 signiticaverint,
1453 2714 1485 2740 iis
1505 2714 1618 2748 adjectis
1646 2722 1707 2748 qua:
1723 2715 1748 2741 in
1773 2716 1810 2740 illa

1041 2809 1168 2837 Bttdtleus
1183 2810 1252 2845 lsng.
1269 2812 1294 2837 in
1310 2810 1387 2836 theol.
1405 2812 1508 2837 univers
1525 2832 1530 2840 .
1552 2820 1577 2845 p.
1594 2813 1653 2839 95-2.

1078 2846 1114 2879 (η)
1137 2845 1206 2871 Fieri
1233 2846 1319 2880 putuit
1342 2851 1370 2871 ut
1394 2846 1440 2872 illo
1466 2853 1585 2880 ten‘qmrc
1603 2856 1658 2880 ipse
1681 2847 1811 2876 C(X'lesliizs

1039 2879 1213 2909 Theodorum
1231 2879 1332 2910 adiret:
1351 2881 1415 2908 nihil
1433 2879 1646 2911 tamenallirnio.
