1940 3064
153 134 187 160 ω
551 135 595 162 DE
615 134 789 163 THEODOBI
811 134 1050 163 MOPSUESTENI
1073 135 1152 163 VlTA
1174 137 1216 164 ET
1237 137 1407 164 SCRIPTlS.
1743 139 1776 166 70

153 193 260 229 synodo
276 199 339 220 acta
356 198 434 221 erant
447 193 483 229 (ν.
497 198 556 222 acta
570 202 601 221 ex
617 195 770 230 Augustino
787 195 901 221 collecta
916 195 943 221 in
959 198 981 225 Α
995 195 1043 222 sed
1063 197 1253 224 tantummodo
1272 198 1358 227 taciti.
1376 197 1422 231 qui
1442 196 1497 224 div.
1513 196 1716 232 Scripturarnm
1730 198 1774 226 ha-

155 241 289 268 Ilardnin.
309 241 327 267 l.
345 241 376 272 l..
393 241 412 271 1,
435 249 461 275 p.
476 241 546 268 2009
561 249 616 276 sq.,
637 240 737 272 Fuclts,
753 240 878 268 Bibliotli.
896 241 942 267 der

155 284 355 316 Kirchenvers..
383 287 426 319 lll,
454 295 479 321 p.
504 287 555 314 5‘28
580 286 646 321 sq.).
669 286 829 314 Theodorus
852 291 942 313 autem

155 340 235 360 suum
246 333 381 367 putaverit.
391 333 471 367 impia
481 334 671 360 nonnullorum
682 334 839 361 deltumana
847 338 941 360 natura

156 377 267 404 decreta
291 378 440 406 scribendo
461 378 574 406 diluere.
600 379 661 406 llasc
682 380 826 411 sententia.
852 387 898 414 per
914 387 943 405 se

157 424 320 457 probabilis,
336 424 379 450 his
405 424 520 451 maxime
538 425 634 451 nititttr
655 425 823 459 argumentis
843 434 848 451 :
869 424 944 451 Pela-

158 467 231 500 gium
248 466 281 493 de
298 467 368 494 actis
388 467 462 495 illius
475 469 573 503 synodi
591 471 770 504 execrpsisse,
782 478 842 504 qua:
855 470 943 495 divul-

157 516 300 547 gerentur,
318 517 422 540 certutn
438 519 479 540 est
493 513 540 548 (cf.
556 514 671 549 August.
687 514 725 541 De
737 515 814 550 gestis
832 515 942 549 Pelagii.

157 566 182 584 c.
199 558 243 590 5‘2)
256 566 263 590 ;
278 567 338 585 eam
355 558 516 586 Theodorus
533 561 712 595 ᾳιιειλειίοιιιιειι
733 566 788 588 tum
808 565 942 588 motarum

159 606 344 640 cognitionem
366 605 469 635 habuit.
487 614 566 640 quam
583 606 691 633 nonnisi
707 614 739 633 ex
757 607 862 637 litteris,
884 615 943 641 qnze

159 651 279 677 breviter
289 658 336 678 eas
349 657 518 682 enarrarent.
531 652 652 679 hauserit
666 662 671 678 ε
687 653 867 683 contumeliae.
884 654 944 688 qui-

158 696 211 723 bus
230 697 427 732 Hieronymum
450 697 540 724 affecit
564 697 724 725 Theodorus
747 706 781 725 ex
806 699 857 725 hoc
883 699 943 726 solo

158 741 235 768 fonte
257 743 438 769 tnanaverint.
457 742 534 775 Quod
550 750 613 770 vero
629 743 748 777 pessime
762 751 828 770 sane
847 743 942 770 llicro-

158 794 258 821 nymus
271 787 346 813 illius
361 787 473 814 ltazresis
488 787 620 822 ἀρχηγός.
641 787 695 813 imo
712 792 816 818 auctor,
833 788 878 822 qni
895 795 942 814 sua

156 832 218 859 labe
243 831 434 860 Occidentales
455 833 536 860 etiam
564 832 701 860 Ecclesias
718 833 941 861 contaminasset.

157 880 321 914 appellatur,
354 887 387 906 ne
407 879 458 906 hoc
479 879 588 914 quidem
613 880 692 913 quale
719 880 754 906 sit
782 879 940 906 obscurum.
959 876 978 903 Β

158 925 296 960 Pelagiani
321 925 404 956 enim,
421 925 467 959 qui
491 925 523 952 ad
544 924 714 952 Theodorum
741 925 844 952 litteras
863 925 943 951 dede-

156 974 220 995 runt
245 974 272 995 et
293 977 408 1004 qttorttut
423 969 497 995 furor
511 973 566 996 ttun
585 969 611 996 in
632 969 824 1004 Hieronymum
843 970 868 996 in
882 970 944 1004 pri—

155 1015 209 1042 mis
225 1023 378 1042 eonrersus
392 1019 461 1044 erat.
480 1023 523 1042 res
545 1019 624 1042 antea
643 1016 668 1042 in
686 1016 832 1043 Occidente
852 1021 943 1050 gestas

155 1070 237 1095 quatit
254 1062 311 1088 fieri
330 1065 423 1096 posset
445 1063 561 1089 maxime
580 1062 710 1089 oblivioni
727 1061 834 1089 tradere
851 1062 944 1089 studt-—

155 1107 231 1139 bant,
249 1115 283 1134 ne
293 1107 454 1135 Occidentis
470 1109 620 1136 auctoritas
635 1108 739 1135 Orienti
757 1107 844 1135 fraudi
860 1112 942 1135 esset.

155 1153 290 1180 Caeterum
309 1153 381 1180 haud
401 1154 563 1188 importunae
585 1153 700 1181 fortasse
722 1153 865 1180 Theodoro
893 1153 944 1180 illae

155 1198 315 1234 Hieronymi
328 1200 500 1226 contumelia:
516 1203 605 1231 erant,
622 1199 648 1226 in
663 1199 742 1233 cujus
754 1199 877 1225 notitiam
890 1207 942 1226 non

155 1250 213 1271 tum
231 1246 351 1280 primum
371 1245 484 1272 venerit.
503 1245 581 1272 Certe
596 1250 637 1272 ter
653 1245 834 1280 Hieronymus
846 1246 943 1272 Antio-

157 1290 224 1316 chia!
245 1290 404 1316 morabatur
421 1290 457 1325 (a.
479 1290 541 1323 571,
556 1291 620 1321 378.
641 1291 682 1317 vel
699 1290 760 1322 579.
784 1291 858 1325 585),
879 1294 905 1317 et
920 1291 942 1317 si

116 1359 123 1367 ,
157 1338 213 1360 tntn
228 1333 375 1360 Theodoro
400 1334 527 1365 innotttit,
545 1334 605 1369 ejus
620 1335 712 1361 odium
736 1343 768 1362 eo
785 1335 856 1369 quod
875 1334 943 1360 Pau-

157 1379 203 1406 lini
220 1384 312 1414 partes
324 1379 631 1414 sequebatut',inCttrrit.
646 1380 711 1407 Post
724 1388 787 1407 vero
798 1379 942 1416 Origenem

156 1429 257 1452 temere
269 1424 386 1452 adortus
400 1429 451 1452 est.

192 1488 256 1520 Qua:
280 1488 303 1514 si
323 1491 397 1514 recte
419 1488 629 1522 disputavimus.
644 1488 818 1516 Theodorum
835 1497 859 1516 a.
879 1489 942 1519 516.

157 1538 202 1559 aut
214 1535 313 1559 saltem
327 1542 354 1560 a.
371 1534 434 1564 517,
461 1534 494 1560 de
519 1539 632 1568 peccato
647 1535 773 1569 originali
797 1535 942 1570 scripsisse
956 1544 976 1572 ο

158 1579 334 1605 manili-stum
352 1583 393 1606 est
410 1579 459 1613 (α).
477 1579 563 1606 Aliter
578 1587 642 1606 vero
657 1580 812 1607 Tilleinont.
830 1580 845 1606 l.
864 1580 894 1611 l.,
916 1588 942 1614 p.

158 1624 220 1655 449,
237 1623 403 1651 Garneriutn
422 1625 519 1659 partim
538 1629 650 1651 secutus
666 1634 672 1652 :
692 1635 700 1650 ι
722 1624 740 1651 11
760 1625 782 1651 le
804 1625 943 1659 (ottvrage)

159 1670 187 1696 fit
203 1669 285 1704 apres
305 1670 344 1697 les
361 1670 414 1696 loix
433 1671 466 1697 de
488 1671 539 1697 l‘an
557 1671 610 1698 M8
624 1675 719 1698 contre
744 1671 782 1697 lcs
802 1670 945 1705 Pelagiens

159 1718 327 1751 (rescriptum
345 1717 467 1746 Honorii.
486 1718 570 1751 pridie
585 1716 648 1743 Kal.
667 1716 753 1743 Maius
770 1717 821 1743 MS
841 1718 944 1747 datum.

158 1763 259 1796 legitur
280 1763 306 1789 in
318 1763 433 1797 August.
459 1762 525 1796 Opp.
546 1761 580 1790 Χ.
606 1770 680 1797 app..
701 1770 725 1796 p.
751 1762 798 1791 70;
825 1761 944 1788 Salviani

159 1809 218 1843 Opp
232 1829 240 1840 .
259 1808 364 1836 Brema:
383 1809 462 1840 1688,
487 1810 512 1839 4,
535 1817 560 1842 p.
578 1808 629 1834 571
646 1810 712 1842 sq.).
736 1807 863 1842 puisqn'il
889 1808 946 1842 pre.-

159 1855 264 1882 tendoit
286 1863 341 1889 que
360 1855 384 1881 la
398 1855 502 1881 crainte
522 1855 555 1881 de
573 1855 596 1880 la
616 1854 761 1888 puissancc
776 1855 945 1888 empcsrhoit

159 1902 191 1928 tie
215 1901 308 1936 parler
323 1905 420 1927 contre
442 1909 486 1928 ses
507 1900 697 1933 adversaires;
717 1905 743 1926 et
761 1908 793 1927 ce
811 1900 851 1927 fut
868 1908 944 1928 asset

158 1946 445 1975 Vraisembiablemcut
458 1946 536 1981 aprés
550 1947 602 1973 l'an
617 1946 681 1977 421,
702 1947 803 1972 durant
819 1947 842 1973 le
857 1951 908 1973 tein
915 1955 944 1981 ps

159 2001 211 2026 que
229 2001 280 2020 son
296 1992 405 2020 diocese
421 1992 522 2019 servoit
539 1992 571 2020 de
585 1993 694 2019 retraite
712 1993 726 2019 it
742 1992 830 2019 Julien
843 1997 870 2019 et
890 2002 943 2021 aux

159 2045 251 2066 autres
268 2039 402 2072 évesques
421 2037 574 2073 Pelagiens,
591 2042 618 2065 ct
644 2042 796 2073 petit-cstre
809 2038 823 2065 ἐι
848 2037 945 2074 Pelago

161 2092 272 2111 mesme.
290 2084 336 2118 qui
362 2083 444 2110 cstoit
465 2083 720 2117 particulierement
744 2085 835 2113 aninté
851 2091 946 2112 matre

161 2129 189 2156 S.
213 2129 323 2156 Jérome
340 2133 366 2155 et
381 2129 491 2163 pouroit
507 2129 567 2155 bien
600 2130 640 2164 s‘y
656 2135 728 2157 estre
750 2131 841 2162 retiré,
866 2132 946 2165 apres

160 2175 236 2202 avoir
249 2175 307 2202 esté
325 2175 421 2202 chassé
435 2174 467 2202 de
486 2174 645 2202 Jerusalem.
670 2176 730 2209 Quo
744 2177 765 2202 si
783 2177 806 2203 la
825 2177 946 2204 manierc

160 2219 486 2256 doutPhotiusrapporte
502 2221 568 2255 qu‘il
591 2229 605 2255 y
624 2222 720 2255 parloit
737 2223 770 2249 de
788 2222 817 2249 S.
835 2221 945 2249 Jérome
962 2219 982 2245 Ι)

161 2276 229 2294 nous
243 2268 374 2302 obligeoit
391 2267 424 2293 de
449 2267 538 2294 croire
562 2267 626 2301 qu‘il
654 2275 687 2294 cn
716 2269 814 2302 parloit
840 2277 945 2295 eomme

161 2313 224 2340 d‘un
241 2314 350 2340 homine
368 2314 468 2345 vivant,
486 2313 503 2340 il
519 2313 637 2340 faudroit
650 2319 747 2342 metire
764 2319 807 2341 eet
825 2313 945 2350 onvra'gc

161 2367 192 2386 en
208 2359 261 2386 M9
280 2367 315 2385 on
330 2359 391 2386 4‘20.
409 2369 417 2384 ι
434 2358 534 2387 Verum
546 2360 680 2388 Theodori
698 2361 741 2388 ille
754 2362 829 2388 locus
846 2361 941 2395 (Marc.

163 2405 244 2432 Merc.
257 2407 276 2432 i.
292 2413 328 2437 c..
341 2413 366 2440 p.
384 2406 455 2438 705),
477 2407 503 2433 in
520 2414 584 2441 quo.
600 2408 644 2434 ubi
678 2408 825 2434 mirabilth
841 2408 945 2440 peccati

162 2451 299 2486 originalis
320 2456 477 2478 assertorem
496 2452 620 2479 absurdze
632 2453 866 2487 interpretationis
881 2453 942 2480 Scr.

163 2496 191 2523 S.
209 2497 423 2532 dogmatumque
438 2498 624 2532 perversitatis
647 2500 798 2530 accusavit,
814 2509 823 2525 ‹
846 2503 946 2534 poteti-

164 2543 215 2574 ti:e,
236 2543 336 2578 inquit,
359 2548 447 2570 metus
471 2544 576 2570 nullum
601 2550 696 2573 contra
722 2545 830 2572 sinebat
854 2546 942 2578 effari,

197 2644 235 2679 (τι)
255 2642 328 2669 Nihil
347 2643 398 2670 huc
421 2645 547 2679 pertinet.
573 2645 644 2680 quod
669 2645 696 2671 in
721 2644 818 2672 Chron.
850 2645 942 2673 Edess.

163 2678 277 2706 hzeresis
292 2681 471 2715 asserentiutn
484 2678 622 2715 peccatum
637 2685 739 2707 natura:
749 2682 857 2706 insitum
871 2689 942 2712 esse,

163 2715 264 2750 dicitur
284 2721 310 2740 a.
329 2714 380 2740 iis
403 2714 555 2742 emersisse.
580 2715 621 2742 Cf.
644 2718 750 2742 Assem.
773 2716 789 2742 l.
817 2717 846 2745 l..
871 2715 890 2745 1,
918 2724 944 2750 p.

163 2749 225 2785 {0:2,
244 2748 301 2774 Hoc
315 2756 349 2785 eq
369 2750 448 2775 credo
468 2751 574 2780 nititttr.
590 2750 661 2784 quod
683 2751 729 2776 illo
751 2750 804 2777 fere
823 2748 945 2785 hrtnpore

164 2783 459 2820 Caelestius..inlianus
476 2786 574 2820 aliique
588 2783 725 2820 Pelagiani
743 2794 772 2813 se
789 2783 945 2813 Constanti-

163 2819 277 2853 nopolin
295 2819 327 2844 ad
341 2818 492 2846 Nestorium
506 2818 655 2847 conualere.

197 2855 235 2887 (b)
253 2853 390 2879 lulianum
409 2855 587 2889 Mopsuestize.
610 2857 653 2882 ubi
674 2860 735 2882 octo
752 2856 834 2883 libros
850 2861 944 2882 contra

165 2889 348 2925 Augustinum
369 2891 491 2926 scripsit,
509 2899 594 2926 usque
614 2891 646 2919 ad
668 2891 801 2920 Theodori
829 2896 944 2918 mortem

995 241 1095 267 bebant
1118 242 1254 272 notitiam.
1280 242 1472 273 detrahebant,
1494 252 1501 268 ι
1532 242 1599 269 nihil
1624 243 1676 269 huc
1703 244 1775 272 facit.

994 285 1086 321 Neque
1097 287 1170 313 enim
1183 287 1270 322 legum
1281 287 1452 322 publicarunt
1463 288 1581 322 polentia
1592 287 1775 322 intelligenda.

994 331 1042 357 sed
1056 332 1226 358 austeritatis
1246 332 1404 366 Hieronymi
1422 337 1502 366 atque
1521 333 1703 362 auctoritatis.
1724 341 1776 367 qua

995 377 1020 403 in
1037 377 1162 403 homines
1180 378 1374 411 grassabatur;
1394 386 1419 404 ν.
1436 378 1516 404 etiam
1545 378 1637 404 statim
1669 386 1745 412 seqq.
1765 387 1772 405 :

1003 437 1011 448 ι
1031 422 1181 449 Novissime
1200 431 1264 449 vero
1282 423 1308 450 in
1324 423 1395 450 hanc
1410 423 1544 458 dogmatis
1564 423 1662 450 recidit
1675 428 1778 451 novita-

994 473 1058 499 tem.
1078 476 1130 502 qua
1145 469 1293 494 diceret—~.
1310 477 1319 492 ι

1029 521 1063 546 At
1088 528 1152 547 vero
1170 520 1289 547 nondum
1309 521 1343 547 de
1364 521 1453 547 Mario
1476 520 1626 547 Mercatore
1645 521 1775 548 diximus.

994 565 1156 599 Quanquam
1172 565 1215 592 hic
1229 565 1350 600 quidem,
1365 565 1408 591 cui
1426 565 1499 592 facili
1511 573 1603 592 errore
1618 565 1778 593 Theodorus

994 613 1028 638 de
1055 615 1165 646 peccato
1191 611 1316 646 originali
1345 611 1452 638 nonnisi
1476 615 1571 638 contra
1598 612 1778 645 Augustinum

993 657 1134 691 disputare
1158 658 1281 692 potuisse
1298 657 1454 688 rideretur,
1471 657 1571 683 morari
1590 665 1640 684 nos
1658 665 1711 684 non
1731 665 1778 691 po-

994 708 1058 731 teSI.
1076 704 1127 731 Sed
1143 708 1276 731 memorat
1288 708 1378 731 tamen
1392 704 1553 731 Theodorus
1569 705 1778 737 sapientissimos

993 751 1144 784 defensores
1167 751 1269 784 peccati
1290 751 1428 785 originalis
1446 751 1462 777 l.
1480 758 1504 778 ο.
1530 750 1619 777 Potuit
1634 749 1667 776 de
1685 751 1778 783 Augu-

995 797 1066 824 stino
1081 797 1203 832 quaedam
1215 798 1396 832 comperisse;
1412 797 1463 823 hoc
1473 796 1588 827 afﬁrmo,
1600 804 1661 823 eum
1675 796 1702 822 in
1717 795 1780 822 llic-

997 850 1139 876 ronymnm
1160 842 1349 875 potissimum,
1376 845 1468 876 utpote
1495 841 1608 867 bmresis
1631 840 1706 867 illius
1728 838 1780 865 du-

994 895 1065 919 cem,
1079 889 1131 915 tela
1149 895 1197 914 sua
1213 888 1373 922 conjecisse.

1030 933 1058 959 Si
1075 933 1236 960 Theodorus
1250 933 1366 967 singulis
1380 932 1503 967 quinque
1519 931 1597 958 libris
1611 931 1732 966 qttinque
1749 931 1780 958 il-

995 978 1034 1004 las
1050 978 1272 1004 adversariorum
1291 977 1453 1008 sententias.
1465 985 1534 1011 quas
1545 977 1635 1003 attulit
1651 977 1778 1007 Pltotius,

993 1023 1090 1054 diluit,
1108 1024 1146 1049 rei
1164 1027 1326 1057 argumento
1341 1022 1475 1049 adductus
1500 1022 1594 1049 eadem
1614 1022 1715 1057 sapius
1737 1030 1781 1049 re-

994 1070 1081 1104 petiit.
1104 1069 1216 1096 Sumnta
1239 1069 1373 1103 qua‘stio,
1399 1076 1414 1095 a
1438 1075 1490 1102 qua
1516 1069 1620 1102 reliqua
1646 1075 1779 1102 suspensa

994 1121 1082 1146 erant,
1092 1115 1118 1142 in
1127 1115 1231 1141 Adamo
1241 1114 1412 1146 versabatur,
1422 1122 1500 1148 queui
1512 1113 1650 1140 mortalem
1659 1117 1779 1140 creatum

996 1161 1063 1187 nihil
1081 1161 1227 1195 importuni
1246 1161 1372 1187 humana:
1388 1165 1491 1186 natura:
1507 1159 1668 1193 importasse
1681 1159 1782 1185 doceo-

994 1207 1061 1232 dum
1081 1211 1150 1233 erat.
1169 1206 1345 1241 Argumentis
1366 1214 1432 1232 usus
1459 1209 1501 1232 est
1524 1205 1642 1231 maxime
1661 1204 1782 1238 exegeti—

994 1253 1050 1284 eis;
1068 1253 1196 1279 titubavit
1213 1258 1302 1279 tamen
1320 1252 1381 1286 ejus
1396 1252 1412 1278 1.
1428 1251 1526 1278 Cenes.
1544 1259 1573 1282 tt.
1590 1251 1631 1283 l7,
1649 1251 1781 1284 interpre-

995 1299 1064 1325 tatio
1074 1303 1101 1325 et
1113 1307 1173 1326 eam
1186 1299 1349 1326 sententiam
1363 1298 1498 1332 procudit,
1511 1304 1573 1332 qua
1587 1297 1665 1324 facile
1680 1297 1780 1323 multos

994 1344 1152 1372 oll'euderet.
1171 1344 1247 1378 Aptae
1266 1348 1344 1370 erant
1361 1344 1394 1369 ab
1413 1344 1456 1370 illa
1474 1343 1626 1377 quzcstioue
1643 1342 1798 1377 nonnullae,

995 1390 1065 1420 alize.
1086 1398 1110 1416 ν.
1129 1398 1154 1415 c.
1179 1389 1212 1416 de
1228 1389 1357 1423 baptismi
1381 1390 1418 1420 vi.
1437 1390 1462 1415 in
1485 1395 1554 1423 quas
1573 1388 1690 1416 fortasse
1711 1395 1781 1414 non—

994 1435 1058 1462 dntn
1080 1435 1147 1462 satis
1163 1440 1288 1462 accurate
1309 1435 1479 1469 inquisierat.
1509 1435 1627 1461 Omnino
1648 1434 1708 1461 lites
1730 1434 1780 1460 Pe-

995 1479 1108 1514 lagianae
1123 1479 1182 1513 ejus
1197 1479 1350 1506 doctrinam
1368 1480 1579 1514 amplificarunt.
1601 1479 1713 1506 Summa
1729 1487 1780 1505 an-

996 1529 1050 1551 tem
1073 1524 1220 1551 diversitas
1249 1523 1421 1551 Tbeodorum
1449 1525 1519 1551 inter
1544 1525 1701 1559 peccatique
1726 1524 1782 1550 ori-

995 1570 1093 1606 ginalis
1122 1573 1274 1597 assertores
1301 1570 1466 1596 intercessit.
1496 1569 1542 1597 Ille
1573 1570 1718 1605 augustius
1747 1570 1781 1597 de

995 1621 1093 1643 natura
1111 1617 1228 1642 humana
1246 1616 1348 1643 sentire
1364 1621 1470 1647 suetus,
1489 1616 1634 1650 exegeticis
1648 1620 1674 1642 et
1690 1617 1722 1642 iis
1737 1623 1781 1642 ar-

995 1664 1133 1698 gumentis
1150 1671 1210 1698 qua:
1232 1664 1323 1690 sobria
1344 1663 1413 1690 ratio
1435 1663 1636 1698 suppeditasset
1655 1671 1712 1691 rcm
1732 1664 1781 1690 ab-

996 1710 1095 1742 solvit;
1118 1710 1143 1736 lii
1161 1710 1282 1744 pectoris
1298 1710 1418 1737 motibus
1433 1710 1533 1736 conciti
1551 1714 1577 1736 et
1596 1710 1675 1735 rebus
1692 1710 1781 1737 ecrle-

996 1755 1115 1782 siasticis
1127 1755 1199 1782 ducti
1215 1755 1256 1782 via
1270 1762 1300 1782 ac
1314 1756 1419 1782 ratione
1431 1755 1592 1790 philosopha
1608 1755 1716 1782 decreta
1730 1763 1780 1782 sua

997 1801 1133 1835 persecuti
1150 1805 1225 1827 sunt.

1031 1855 1135 1886 Restat,
1153 1860 1181 1881 ut
1204 1855 1237 1882 de
1258 1855 1410 1881 rationibus
1429 1855 1517 1882 dicam
1535 1855 1635 1890 quibus
1654 1855 1782 1883 Theodo-

996 1910 1042 1928 rus
1055 1907 1114 1936 post
1127 1909 1188 1928 eum
1203 1901 1356 1935 Pelagianis
1368 1901 1481 1935 junctus
1495 1907 1564 1928 erat.
1581 1901 1676 1929 Plures
1688 1907 1778 1929 autem

995 1949 1132 1983 Pelagiani
1149 1948 1224 1975 Italia
1248 1949 1329 1983 pulsi.
1350 1949 1411 1974 aliis
1429 1949 1496 1975 locis
1517 1949 1615 1982 pressi,
1633 1956 1658 1974 a.
1676 1949 1728 1975 ηιξ
1747 1949 1780 1975 ad

995 1993 1167 2020 Theodorum
1182 2013 1189 2024 .
1205 2001 1285 2028 quem
1305 1993 1356 2019 sibi
1378 1992 1469 2019 favere
1491 1993 1697 2028 eogumissent.
1718 2001 1783 2027 pro-

996 2041 1056 2068 fecti
1074 2045 1147 2067 sunt.
1162 2040 1311 2068 .luliannm.
1328 2047 1370 2074 ep.
1388 2039 1576 2071 Eclanensem,
1596 2049 1605 2064 ‹
1622 2047 1683 2066 Clltll
1698 2039 1782 2066 sociis

995 2093 1021 2113 et
1033 2086 1211 2121 participibus
1220 2091 1246 2112 ct
1258 2085 1487 2120 συνταλαιπώροις
1500 2086 1557 2112 suis
1567 2093 1664 2120 magno
1675 2085 1735 2112 nisu
1748 2087 1781 2113 ad

995 2140 1056 2158 eum
1072 2135 1202 2160 tanquam
1220 2130 1252 2156 ad
1269 2130 1489 2156 Christianorum
1506 2130 1663 2164 dogmatqu
1683 2131 1781 2165 praedi-

996 2182 1086 2204 catum
1111 2177 1272 2211 magistrum
1290 2176 1438 2203 tetendisse
1453 2176 1490 2211 (ὁ)
1512 2187 1520 2201 ι
1545 2176 1644 2203 Marius
1663 2176 1745 2207 Merc.
1761 2176 1782 2209 1,

998 2232 1034 2253 c..
1050 2231 1076 2256 p.
1089 2223 1152 2254 625,
1171 2226 1296 2253 testatur,
1311 2222 1357 2248 sed
1371 2221 1531 2248 Ctelestium
1548 2221 1630 2249 etiam
1647 2225 1654 2256 (
1672 2230 1695 2248 v.
1712 2230 1738 2248 ν.
1755 2230 1780 2248 (ι.

999 2268 1165 2296 Scliroectlr
1193 2268 1210 2294 l.
1238 2268 1258 2298 Ι,
1278 2267 1334 2299 XV,
1356 2276 1381 2302 p.
1398 2268 1442 2297 ΟΞ,
1470 2267 1782 2302 Baumgarten-Crusius

998 2315 1016 2342 l.
1037 2316 1056 2343 I.
1072 2315 1081 2348 )
1098 2320 1125 2342 et
1147 2314 1282 2348 Pelagium
1306 2314 1342 2344 (ν.
1363 2313 1468 2340 Tilletn.
1486 2314 1504 2341 Ι,
1523 2322 1548 2339 (τ.
1564 2315 1571 2345 )
1587 2313 1780 2348 Mopsuestiam

997 2370 1027 2388 se
1052 2361 1202 2388 contulisse
1227 2360 1296 2387 haud
1320 2360 1437 2387 absurde
1455 2360 1598 2393 conjicias.
1623 2359 1692 2386 Tum
1716 2368 1782 2387 vero

998 2409 1114 2442 primum
1135 2407 1297 2441 Pelagianos
1323 2406 1446 2433 Nestorio
1470 2406 1621 2434 innotuisse
1644 2410 1725 2441 atque
1742 2407 1782 2433 in-

999 2454 1117 2480 faustum
1142 2460 1204 2479 cum
1222 2460 1254 2480 co
1271 2452 1465 2479 commercium
1492 2452 1588 2479 iniisse
1611 2453 1704 2480 credo.
1729 2452 1782 2480 Sed

997 2499 1157 2526 Theodorus
1176 2507 1261 2533 usque
1275 2498 1308 2525 ad
1327 2503 1441 2524 mortem
1457 2506 1519 2525 cum
1539 2499 1571 2525 iis
1585 2498 1648 2525 fecit
1665 2499 1711 2533 (ε).
1733 2507 1782 2525 nc-

998 2552 1050 2578 que
1067 2551 1198 2578 unquam.
1216 2544 1288 2578 quod
1311 2543 1362 2570 sibi
1383 2543 1572 2570 Tillctnontius
1596 2544 1612 2570 1.
1632 2543 1652 2576 1,
1674 2553 1700 2579 p.
1719 2544 1782 2576 Mt),

995 2649 1130 2671 versatum
1153 2652 1214 2672 esse
1234 2645 1304 2671 male,
1321 2645 1448 2679 opinatus
1472 2650 1512 2671 est
1530 2645 1655 2673 Norisius
1677 2646 1694 2672 l.
1713 2647 1743 2677 l.,
1762 2647 1781 2678 Ι,

995 2689 1021 2715 p.
1036 2681 1086 2706 ’2111
1116 2680 1158 2706 Cl'.
1175 2680 1237 2706 Mar.
1261 2680 1341 2715 Merc.
1360 2681 1376 2705 1.
1391 2689 1427 2710 c..
1451 2689 1474 2714 p.
1491 2681 1552 2707 623'.

1031 2715 1067 2750 lc)
1083 2715 1108 2741 In
1126 2718 1282 2741 universum
1299 2714 1398 2747 Pelagii
1419 2717 1569 2742 doctrinam
1587 2715 1656 2741 haud
1680 2716 1782 2749 impro-

995 2751 1078 2777 bavit.
1106 2750 1311 2784 Peiagiauorum
1336 2755 1411 2784 pater
1436 2759 1512 2785 anule
1537 2751 1606 2776 male
1625 2751 1726 2776 dicitur
1752 2759 1783 2777 ac

995 2785 1095 2820 Pelagii
1113 2786 1245 2810 asseclam
1262 2793 1323 2811 euut
1347 2787 1475 2820 appelles.
1494 2785 1611 2812 Omnino
1626 2785 1732 2811 Nestori
1746 2787 1779 2811 ini

995 2829 1056 2847 eam
1075 2821 1157 2847 secuti
1181 2825 1244 2846 sunt
1264 2821 1440 2854 pluribusque
1461 2821 1626 2847 Assctuattlts
1645 2821 1661 2846 l.
1681 2830 1703 2846 c.
1721 2830 1782 2854 pui—

1000 2857 1088 2886 bavit,
1108 2855 1251 2890 Chaldaeos
1276 2855 1453 2883 Nestor-ianos
1477 2857 1511 2883 de
1533 2856 1648 2890 originis
1672 2862 1784 2890 [tt-erato

1001 2899 1086 2920 usque
1106 2888 1192 2918 adhuc
1213 2891 1280 2918 male
1299 2891 1412 2918 sentire.
