1940 3064
123 157 161 185 73
512 155 558 183 DE
577 154 754 184 TllEODORl
773 153 1016 183 MOPSUESTENI
1037 152 1114 181 \‘ITA
1134 151 1177 179 ΕΤ
1192 151 1362 181 SCRIPTIS.
1718 149 1754 177 τι

329 213 361 240 C.
377 212 472 240 Oratio
485 213 516 240 ile
535 213 712 249 legislationc.

157 257 332 286 Theodorum
356 259 407 286 hac
424 259 549 286 oratione
567 258 648 286 ﬁnem
667 258 727 286 suis
744 257 915 285 lucubratio-

123 305 205 330 nibus
221 303 392 338 imposuisse
405 304 530 338 perhibet
543 303 638 331 Ebedi.
655 303 673 330 l.
688 311 727 336 c.,
742 311 770 338 p.
783 303 916 330 35.Asse-

123 358 222 376 manus
239 350 258 376 I.
269 357 296 376 c.
310 349 426 377 innuere
439 349 550 377 videtur
577 350 729 377 oralionem
740 349 781 376 ὃτι
795 349 916 380 Παλαιᾱς

122 396 170 421 καὶ
186 394 292 428 Καινῆς
306 394 444 430 Διαθήκης
462 393 502 426 εἷς
513 395 528 422 ὁ
553 395 702 430 νομοθέτης
721 395 748 422 in
771 395 914 430 Chrysost.

121 439 174 474 0p.
190 439 233 467 ed.
249 439 359 472 Montl'.,
376 439 420 473 Vl,
433 448 459 475 p.
474 440 528 468 ‘03
541 448 597 475 sq.,
611 440 634 468 si
649 448 702 468 non
713 440 913 476 Chrysostomi,

122 492 182 512 eam
199 485 339 513 Theodori
351 493 422 518 esse,
435 494 518 521 quam
531 486 665 513 Ebediesu
677 489 867 514 memorasset.
881 486 916 513 At

122 538 189 558 vero
200 539 287 566 neque
301 531 492 567 Chrysostomi
506 532 554 567 (cf.
569 531 664 560 Monti.
680 531 698 558 l.
712 532 743 564 l.,
755 539 781 566 p.
795 533 847 558 400
859 532 914 567 sq.)

123 585 175 604 nec
189 576 328 604 Theodori
344 581 396 605 est.
411 577 453 604 Ab
466 577 518 604 hoc
536 578 607 604 enim
623 577 697 604 illius
717 577 823 605 indoles
835 578 915 612 plane

123 623 264 650 abhorret.
286 622 387 650 Orator
402 622 447 650 ille
466 623 558 650 nescio
572 623 635 657 quis
651 623 700 658 τὴν
716 623 796 656 ἁγίαν
813 623 915 658 παρθέ-

122 677 168 694 νον
183 669 230 695 καὶ
250 668 376 695 θεοτόχον
398 669 509 704 Μαρίαν
524 668 728 704 πρεσϐεύουσαν
746 669 816 704 ὑπὲρ
837 668 915 703 ἡμῶν

120 714 282 749 appellarit,
303 722 331 749 p.
348 714 412 746 415,
429 720 455 741 et
474 714 609 749 πολέμους
632 721 663 741 ac
680 714 844 750 βαρῆἁρους,
867 715 914 750 qui

123 758 318 794 exstinguendi
341 763 436 787 essent
452 760 613 787 memoravit
632 767 660 794 p.
678 760 740 791 “3,
757 764 838 795 atque
857 760 914 788 haec

121 804 233 838 quidem
249 809 276 831 et
299 805 354 832 alia
379 805 538 840 hujusrnodi
559 807 710 833 orationem
735 806 808 833 illam
826 805 913 834 Iusti-

123 850 197 877 niani
213 855 295 878 :etate
315 855 363 878 aut
385 859 439 878 non
460 852 546 878 multo
565 857 626 880 nost
646 852 831 888 conscriptam
852 860 913 881 esse

123 901 285 931 argumento
304 902 381 926 sunt.

330 943 360 970 Β.
376 943 456 970 Liber
470 943 504 970 (ιιι
517 944 704 978 baptisamlos.

157 988 240 1017 Liber
253 990 301 1024 qui
318 990 345 1017 in
358 991 418 1017 Act.
435 997 513 1017 conc.
529 990 625 1018 Const.
645 999 662 1018 ιι
678 990 713 1017 ad
728 990 912 1024 baptizandos,

121 1035 253 1063 Facundo
270 1043 309 1069 ix,
325 1036 353 1068 3,
366 1036 447 1069 male,
463 1036 497 1062 ad
512 1036 670 1070 baptizatos,
685 1040 712 1063 et
724 1035 807 1063 Mario
819 1035 912 1068 Merc,

123 1082 256 1110 v0cabulo
274 1081 443 1117 χατηχισμός
459 1089 602 1117 perperam
619 1081 714 1108 Latine
732 1082 815 1115 facto,
835 1087 914 1108 cata-

123 1127 220 1154 n'smm
241 1128 343 1155 dicitur
357 1127 407 1163 (a),
425 1135 568 1156 sermones
591 1132 671 1156 erant
687 1128 720 1155 ad
735 1127 914 1163 baptizandos

124 1176 207 1203 habiti
224 1175 274 1210 (ὑ).
294 1176 320 1202 in
335 1176 437 1210 quibus
451 1175 614 1204 Theodorus
629 1180 784 1211 temporum
800 1176 915 1204 rationi-

124 1221 174 1248 bus
189 1220 325 1248 adductus
345 1221 411 1248 illud
432 1222 525 1248 multis
549 1222 631 1253 cavit,
650 1229 685 1249 ne
706 1222 862 1256 baptizandi
882 1223 915 1250 de

122 1267 226 1294 Christi
240 1268 350 1295 naturis
367 1275 399 1295 ac
414 1276 532 1303 persona
547 1269 616 1296 male
631 1269 777 1296 sentirem.
794 1270 834 1296 lta
851 1276 914 1296 vero

124 1313 151 1339 in
167 1312 391 1340 adversariorum
406 1313 648 1348 reprehensionem
659 1314 785 1345 incurrit.
797 1322 913 1350 quorum

120 1358 216 1385 studio
231 1358 289 1385 haec
302 1358 363 1386 libri
376 1359 450 1386 illius
462 1359 562 1395 fragm.
579 1359 710 1387 debemus
725 1369 732 1386 :
748 1359 816 1387 Mar.
829 1359 912 1388 Merc.

122 1404 142 1430 l.
155 1411 192 1434 c..
208 1411 234 1438 p.
252 1404 304 1431 706
324 1404 435 1440 (prima
450 1405 504 1432 alia
523 1406 650 1433 versione
669 1406 733 1433 Fac.
751 1414 787 1437 Ix,
803 1407 830 1437 5,
849 1407 913 1434 item

123 1450 214 1478 inedia
235 1450 299 1478 Act.
320 1451 350 1478 C.
373 1451 404 1478 (Ζ.
429 1460 461 1482 ιι,
477 1459 514 1482 Iv.
538 1451 590 1483 35;
611 1451 672 1487 νίς.
699 1452 729 1479 C.
754 1452 829 1484 55);
853 1452 912 1478 Act.

121 1495 155 1522 ο.
172 1495 192 1522 c
218 1503 248 1524 ιι.
262 1504 298 1527 ιν,
310 1496 396 1523 56-59
411 1495 490 1531 (Vig.
502 1496 533 1523 c.
549 1496 670 1532 36-39);
684 1496 729 1527 ιι,
743 1497 777 1524 42
794 1496 865 1531 (νεα.
882 1496 912 1523 ‹;.

124 1541 243 1575 ιι-ιδ);
258 1541 293 1568 40
310 1541 419 1575 (Verbis
441 1549 473 1568 ex
490 1542 600 1576 interpr.
616 1550 668 1569 sec.
692 1541 792 1569 Matth.
813 1541 859 1569 liv.
881 1550 914 1570 ne
927 1555 949 1583 ο

123 1586 283 1621 decipiaris.
304 1585 365 1621 Vig.
385 1586 418 1613 C.
435 1586 510 1621 ﬁ);
530 1587 589 1614 Act.
608 1595 634 1619 ν.
651 1595 677 1623 p.
697 1588 741 1615 98.
762 1587 790 1614 Si
811 1595 864 1615 non
887 1589 914 1615 in

122 1632 264 1661 omnibus,
280 1632 307 1658 in
327 1632 452 1666 pluribus
465 1636 555 1660 tamen
572 1633 653 1667 hujus
669 1633 731 1660 libri
751 1635 915 1669 exemplari-

124 1678 175 1705 hus
186 1682 299 1712 propter
314 1677 469 1713 argumenti
484 1679 715 1706 necessitudinem
731 1679 816 1706 fuisse
833 1679 916 1706 credo

124 1722 262 1750 Theodori
275 1732 282 1749 :

213 1769 240 1803 1)
262 1767 508 1802 lnterpretationem
536 1768 649 1803 syniboli
671 1768 844 1796 CCCXVIII
861 1769 913 1797 SS.

268 1813 390 1845 Patrum,
405 1814 484 1848 cujus
498 1814 681 1849 fragmentum
699 1815 797 1850 legitur
811 1816 838 1842 in
852 1815 913 1843 Act.

266 1859 297 1886 C.
319 1859 350 1886 (Σ.
365 1867 394 1892 ιι,
409 1867 444 1890 iv,
458 1859 489 1885 3|
508 1858 580 1894 (Vig.
597 1859 627 1886 C.
644 1860 675 1887 3|
694 1869 702 1893 ;
720 1859 811 1896 Pelag.
826 1867 871 1896 ep.
886 1861 913 1894 3,

266 1904 306 1930 Ad
322 1904 422 1936 Etiam,
436 1905 454 1931 l.
471 1913 510 1938 c.,
532 1913 558 1940 p.
577 1905 652 1940 450),
668 1910 696 1933 et

210 1949 240 1984 2)
259 1948 425 1985 Symbolum.
453 1950 511 1978 lloe
530 1955 604 1979 certe
626 1951 653 1978 in
679 1951 726 1978 illo
744 1951 816 1979 libro
831 1952 915 1980 fuisse

265 1995 402 2023 Theodori
418 1995 568 2024 adversarii
585 2001 730 2029 testantur,
743 1997 807 2025 Fac.
825 2006 866 2030 In,
887 1999 913 2031 5,

265 2041 489 2076 quandoquidem
505 2043 668 2070 sermonibus
684 2044 794 2071 nonnisi
813 2052 916 2072 sermo-

266 2095 315 2114 nes
340 2087 373 2114 ad
393 2087 571 2122 baptizandos
584 2089 748 2125 intelligunt.
766 2089 826 2117 Jam
851 2099 915 2118 vero

265 2131 340 2158 hunc
355 2131 454 2159 librum
469 2140 553 2159 unum
571 2133 750 2169 eutndemque
761 2134 845 2162 fuisse
857 2136 916 2162 exi-

266 2176 360 2208 stimo,
389 2176 435 2210 qui
456 2176 491 2204 ab
514 2177 606 2205 Ebedi.
626 2178 642 2204 l.
671 2185 708 2210 c.,
724 2187 752 2213 p.
769 2179 804 2206 55
829 2185 914 2207 tomus

931 216 954 244 Α
1002 211 1139 240 Antonius
1151 210 1316 243 etlacobus,
1328 209 1492 245 presbyteri,
1507 208 1553 244 qui
1570 215 1634 238 cum
1653 207 1754 235 litteris

966 257 1197 284 commendatitiis
1213 257 1248 283 ab
1264 255 1409 283 Anastasio
1422 258 1449 283 et
1463 254 1572 287 Photio,
1584 250 1753 289 presbyteris

966 301 1192 330 Nestorianarum
1204 301 1322 336 partium
1336 299 1479 332 studiosis,
1489 299 1609 334 acceptis
1623 298 1752 326 Constan-

966 348 1080 384 tinopoli
1097 348 1314 382 Philadelphiam
1329 350 1479 378 venerant,
1497 345 1605 372 ἔκθεσιν
1625 353 1686 372 τινα
1708 344 1754 370 lio-

967 394 1081 428 γμάτων
1096 393 1202 420 ἀσεϐῶν
1225 400 1319 420 secum
1338 392 1499 424 attulerunt,
1516 390 1560 419 cui
1578 394 1609 418 ut
1632 389 1754 418 haeretici

966 439 1091 466 nonnulli
1104 438 1186 474 (τινὲς
1203 438 1258 465 τῶν
1281 437 1336 464 ἀπὸ
1351 437 1450 468 Λυδίας
1465 436 1633 472 ὁρμωμένων
1650 435 1754 471 αἱρετι-

966 484 1035 517 κῶν,
1050 484 1304 519 Quartodecimani)
1331 484 1366 511 ad
1381 482 1594 511 ecclesiasticam
1610 481 1754 508 formulam

965 530 1080 558 redituri
1093 530 1298 558 subscriberent
1313 532 1456 557 curarunt.
1482 527 1545 555 lhec
1572 535 1588 554 a
1615 526 1752 558 Charisio,

965 577 1126 612 presbytero
1141 580 1169 604 et
1178 582 1326 603 (θεοηοωο
1337 575 1460 603 ecclesia
1470 573 1753 608 Pbiladelphensium,

964 623 998 650 ad
1014 623 1162 650 concilium
1180 622 1348 657 Ephesinum
1367 621 1467 653 delata,
1480 619 1554 656 quod
1570 627 1651 655 poma
1666 619 1753 646 inter-

965 668 1054 702 posita
1073 668 1157 700 cavit,
1175 676 1209 695 ne
1224 667 1287 703 quis
1302 667 1461 696 haereticum
1479 665 1512 693 ad
1527 665 1602 693 aliud
1619 672 1651 692 ac
1665 664 1754 692 Nicat-

965 721 1031 740 num
1047 713 1208 749 Symbolum
1226 713 1376 741 adduceret
1393 719 1461 740 neve
1482 719 1544 747 quae
1563 711 1616 739 ista
1630 710 1692 738 ﬁdei
1707 717 1755 738 ex-

965 760 1065 794 positio
1077 760 1246 795 praeciperet,
1258 760 1384 787 sentiret.
1397 757 1440 786 Cf.
1457 758 1519 785 Act.
1533 757 1566 785 Β.
1582 756 1682 792 Ephes.
1699 760 1752 783 act.

963 813 1001 839 vt,
1017 805 1102 834 llard.
1120 806 1138 832 Ι.
1164 806 1195 838 l.,
1209 805 1228 838 ι,
1244 813 1271 841 p.
1288 805 1353 833 t5“
1369 812 1430 840 sqq.
1442 803 1498 831 Hae
1513 803 1547 831 de
1560 811 1589 831 re
1598 807 1659 830 acta
1673 801 1755 829 Chal-

964 851 1069 879 cedone
1097 859 1193 879 rursus
1206 851 1320 882 relecta.
1339 851 1376 878 cf.
1396 851 1458 878 Act.
1476 849 1508 877 Ο.
1527 849 1622 876 Chalc.
1645 849 1665 876 |.
1682 848 1702 875 l.
1720 847 1752 879 ll,

967 906 992 932 p.
1010 897 1063 925 2&6
1085 905 1126 933 sq.
1148 897 1201 925 Sed
1216 905 1277 932 quae
1294 897 1321 924 in
1339 896 1393 923 illis
1407 896 1476 923 actis
1498 895 1644 923 exhibetur
1670 900 1753 929 prava

965 943 1028 971 lidei
1055 943 1206 979 expositio,
1224 950 1256 971 ea
1279 943 1306 970 in
1332 942 1394 969 Act.
1418 941 1450 969 C.
1475 940 1572 968 Const.
1601 947 1632 970 ιι,
1655 947 1691 972 ιν,
1709 939 1753 970 7t,

965 989 1101 1017 Theodori
1130 989 1316 1025 Mopsuesteni
1339 988 1451 1016 all'ertur
1471 991 1553 1022 atque
1573 986 1606 1013 ad
1629 985 1753 1013 eamdem

965 1034 1037 1062 haud
1052 1034 1134 1062 dubie
1151 1034 1231 1061 etiam
1244 1033 1339 1061 Leont.
1353 1033 1429 1068 Bys.,
1440 1032 1458 1059 l.
1477 1039 1514 1063 c.,
1534 1039 1562 1066 p.
1579 1030 1645 1060 687.
1659 1037 1754 1064 respe-

965 1080 1013 1107 xit.
1034 1080 1069 1107 At
1084 1087 1147 1107 vero
1164 1079 1298 1108 Theodori
1322 1085 1382 1106 eam
1399 1085 1460 1105 esse
1483 1077 1592 1112 negavit
1617 1075 1682 1103 Fac.
1706 1083 1752 1107 In,

964 1126 992 1158 2,
1012 1134 1075 1153 cum
1097 1126 1125 1153 in
1141 1125 1202 1152 Act.
1216 1133 1274 1161 syn.
1292 1123 1392 1160 Eph.ei
1408 1131 1463 1150 non
1475 1123 1644 1150 tribueretur
1658 1125 1686 1149 et
1701 1120 1754 1156 Cy-

965 1173 1044 1200 rtllus
1062 1171 1250 1199 Orientalibus
1266 1169 1427 1204 scripsisset
1445 1178 1452 1195 ε
1470 1177 1480 1193 ί
1492 1167 1602 1194 Prolata
1617 1170 1659 1194 est
1674 1166 1702 1192 in
1731 1173 1754 1193 ε.

965 1225 1025 1253 syn.
1055 1217 1123 1252 Eph.
1143 1216 1267 1244 diﬂinitio
1282 1216 1365 1243 veluti
1391 1224 1406 1243 a
1435 1215 1579 1243 Theodoro
1607 1213 1753 1249 deposita.

964 1265 1046 1294 sicuti
1065 1264 1210 1293 otl'erentes
1230 1263 1361 1291 dicebant
1381 1274 1390 1290 ι
1405 1266 1444 1295 (v.
1459 1263 1542 1290 etiam
1569 1261 1666 1297 Cyrill.
1681 1259 1752 1295 Opp.

964 1311 984 1338 l.
1003 1318 1028 1338 c.
1044 1318 1072 1346 p.
1086 1310 1160 1345 200).
1185 1309 1266 1337 Addit
1291 1314 1424 1344 praeterea
1449 1316 1490 1341 nt,
1518 1308 1544 1340 5,
1567 1307 1753 1338 Theodorum,

964 1356 1044 1391 cujus
1062 1360 1157 1383 centra
1175 1355 1318 1383 hereticos
1337 1361 1443 1390 pugnas
1457 1358 1486 1382 et
1513 1353 1636 1380 studium
1662 1356 1753 1380 recto-

964 1410 1025 1429 rum
1039 1402 1198 1437 dogmatum
1216 1400 1337 1436 Cyrillus
1361 1400 1512 1430 laudasset,
1531 1398 1691 1425 Trinitatem
1706 1404 1755 1425 ne-

964 1455 1029 1483 gare
1044 1455 1098 1474 non
1119 1447 1254 1483 potuisse.
1270 1445 1363 1481 Nugae.
1389 1444 1482 1480 Neque
1506 1444 1580 1472 enim
1603 1443 1753 1471 obscurum

964 1497 1017 1525 est,
1034 1501 1084 1521 cur
1100 1492 1262 1521 Theodorus
1290 1492 1390 1526 Ephesi
1410 1492 1456 1518 illo
1483 1491 1565 1518 modo
1581 1495 1691 1518 laxatus
1708 1490 1753 1518 sit.

965 1539 1032 1566 Nam
1048 1539 1170 1566 nondum
1184 1546 1217 1566 eo
1242 1546 1328 1574 usque
1342 1538 1490 1567 clarissimi
1506 1538 1556 1566 viri
1569 1558 1576 1570 ,
1595 1539 1690 1574 paucis
1705 1546 1756 1566 an-

966 1588 1009 1615 nis
1024 1591 1088 1615 ante
1112 1587 1230 1618 mortui,
1245 1587 1400 1614 reverentia
1419 1590 1579 1618 evanuerat.
1594 1590 1624 1614 ut
1638 1594 1692 1614 non
1711 1594 1756 1614 sa-

965 1634 1021 1661 tius
1035 1634 1175 1660 videretur
1195 1632 1256 1667 ejus
1273 1633 1405 1659 mem0ria
1421 1632 1522 1660 intacta
1538 1631 1693 1659 doctrinam
1711 1640 1756 1661 re-

963 1680 1061 1714 jicere.
1074 1679 1156 1713 idque
1170 1686 1233 1706 vere
1241 1677 1345 1705 dictum
1355 1686 1418 1705 esse
1433 1678 1492 1713 ipsa
1507 1677 1603 1713 Cyrilli
1614 1678 1660 1705 illa
1671 1678 1755 1707 verba

965 1727 1132 1753 documento
1153 1729 1230 1752 sunt.
1254 1725 1416 1759 Quanquam
1428 1724 1484 1759 jam
1501 1724 1604 1752 Marius
1619 1724 1756 1754 Mercator

966 1770 985 1796 l.
1000 1777 1038 1802 c.,
1052 1777 1080 1805 p.
1103 1768 1166 1803 626,
1182 1769 1249 1796 illud
1266 1769 1420 1804 Symbolum
1441 1769 1578 1797 Theodori
1593 1777 1656 1798 esse
1675 1771 1756 1799 testis

966 1819 1008 1842 est
1027 1814 1217 1849 gravissimus.
1243 1813 1303 1848 Ipsa
1330 1818 1421 1840 autent
1449 1813 1569 1848 Symboli
1585 1814 1623 1850 (ι)
1649 1815 1756 1844 indoles

966 1868 1081 1896 prorsus
1095 1859 1254 1887 Theodorea
1267 1863 1320 1891 est,
1329 1859 1387 1887 sive
1399 1859 1432 1887 ad
1449 1859 1600 1887 doctrinam
1621 1861 1754 1896 respicis;

966 1906 1077 1934 attende
1089 1914 1116 1933 ν.
1134 1913 1158 1932 c.
1183 1905 1217 1932 ad
1234 1911 1310 1932 voce.
1332 1904 1476 1940 δεσπότης,
1495 1905 1636 1940 συνάφεια,
1654 1907 1688 1933 ad
1711 1915 1756 1935 ra-

967 1954 1068 1981 tionem
1086 1959 1139 1987 qua
1152 1951 1253 1986 duplex
1267 1950 1370 1978 Christi
1388 1958 1506 1986 persona
1524 1955 1650 1988 negatur.
1670 1957 1698 1981 et
1720 1953 1755 1982 ad

965 2004 997 2024 ca
1012 2004 1073 2031 quae
1087 1995 1120 2023 de
1135 1999 1253 2030 utroque
1272 1995 1377 2022 Adamo
1390 2002 1423 2022 ac
1439 1995 1474 2023 de
1486 1999 1603 2032 utraque
1618 1999 1757 2026 καταστά-

966 2051 1008 2069 σει
1022 2042 1228 2077 prmeipiuntur;
1249 2041 1307 2068 sive
1327 2040 1361 2067 ad
1384 2041 1533 2070 orationem
1549 2042 1600 2078 (ά).
1619 2043 1754 2071 Cancrum

966 2096 1020 2115 non
1038 2092 1141 2115 temere
1156 2086 1319 2114 Theodorus
1334 2091 1498 2122 potestatem
1525 2087 1646 2123 Symboli
1668 2090 1753 2117 conli-

964 2133 1054 2161 ciendi
1073 2132 1125 2160 sibi
1147 2131 1300 2167 sumpsisse
1325 2131 1526 2160 existimandus
1550 2138 1601 2160 est.
1620 2133 1663 2162 Cl.
1691 2134 1757 2162 Bina

965 2179 1057 2220 gliami
1081 2177 1183 2213 Origin.
1201 2178 1265 2205 εισι.
1288 2186 1362 2205 conv.
1390 2177 1526 2206 Criulzov.
1547 2179 1653 2214 I,Hal.,
1674 2180 1754 2214 1751.

264 2222 297 2247 de
322 2221 374 2255 ﬁde
390 2221 502 2249 dicitur.
520 2221 574 2250 Sed
593 2223 627 2251 de
653 2223 758 2252 famoso
774 2225 820 2252 illo
836 2224 915 2260 Sym-
931 2222 953 2250 ι)
968 2233 994 2259 p.
1013 2224 1063 2252 “8
1085 2231 1127 2259 sq.
1143 2223 1211 2251 Illud
1227 2227 1318 2252 autem
1334 2224 1398 2258 egit,
1413 2227 1444 2251 ut
1458 2232 1558 2252 novum
1572 2233 1654 2254 suum
1678 2225 1757 2262 Sym-

267 2266 326 2293 bolo
341 2267 466 2301 pluribus
479 2267 635 2295 dicendum.

158 2334 198 2368 (at
213 2332 399 2372 Titulnslibri
412 2335 457 2362 hic
469 2334 522 2372 fuit
537 2345 544 2363 :
560 2337 737 2372 Ks-rqxtaitb;
751 2336 803 2372 (vel
819 2337 912 2372 Κατη-

125 2369 229 2405 χήᾳεις,
245 2368 283 2395 cf.
297 2369 491 2405 Chrysostom.
505 2370 573 2405 Opp.
587 2368 744 2398 ed."Mo'ntf.
755 2368 792 2403 'll,
806 2379 829 2405 p.
846 2368 911 2405 2-25)

126 2404 192 2439 πρὸς
207 2405 272 2435 τοὺς
294 2403 570 2439 ρᾳπὲιζομένουςίῆ.
587 2414 625 2436 e..
655 2406 718 2437 τοὺς
735 2403 912 2439 βαπτῖζεσθαὶ

161 2438 284 2476 λλον-τες.
300 2437 581 2476 V,__tijiai_disputavit
597 2439 712 2468 Touttée
730 2437 799 2476 Opp.
815 2437 910 2476 Cyrill.

150 2475 231 2500 ieros.
242 2472 309 2508 Par.
331 2473 410 2504 1720,
425 2472 446 2505 1,
459 2472 486 2508 ρξ
498 2483 570 2502 ωινι.

161 2508 198 2542 (b)
212 2507 337 2544 CLVMar.
351 2507 467 2544 Mercii.
477 2516 514 2541 c.,
527 2518 551 2544 p.
569 2510 631 2542 7M,
644 2518 677 2538 ea:
687 2515 779 2538 octaua
794 2519 912 2538 sermone

126 2543 274 2580 eatacismi.
289 2558 329 2580 ——_
344 2543 405 2570 Act.
422 2543 455 2580 βε
471 2544 502 2571 C.
521 2543 551 2577 Iri,
570 2554 595 2576 v,
616 2554 642 2580 p.
659 2546 704 2576 98,
722 2546 750 2573 in
766 2546 911 2573 allocutio-

127 2579 212 2608 m‘bn,
228 2585 295 2613 quas
316 2578 378 2613 fecit
393 2578 427 2604 ad
447 2578 631 2613 baptizandos'.
648 2595 685 2601 —
703 2580 758 2608 Nec
773 2582 843 2608 alius
858 2581 911 2608 nisi

126 2613 251 2651 hie‘tiber
266 2612 406 2651 Theodori
417 2621 549 2651 sermones
564 2620 641 2648 sunt,
657 2623 727 2650 quos
741 2616 801 2651 ejus
816 2616 913 2644 adver-

127 2648 190 2674 sarii
206 2652 370 2674 memorant.
386 2647 450 2674 Fac.
467 2655 508 2679 ιιι,
524 2649 554 2676 5.

159 2681 311 2720 (e)__(_}r_ae_ce
327 2683 431 2720 legitur
445 2683 549 2720 in_Act.
566 2683 598 2712 Ο.
617 2684 688 2720 Eph.
705 2685 724 2713 1.
743 2693 780 2717 c..
796 2693 822 2720 p.
842 2686 910 2713 f5l5

127 2716 306 2755 sq._LV_Valeh.
322 2716 394 2755 pibl.
412 2718 497 2755 symb.
515 2723 597 2746 vetus.
616 2716 768 2755 Lemgovize
789 2716 867 2752 {770,
886 2722 913 2752 8,

128 2759 152 2784 p.
170 2751 223 2778 205
240 2751 309 2813 squ.
324 2751 435 2784 Latine,
447 2752 561 2780 diversa:
576 2758 667 2782 autem
683 2751 747 2783 Eunt
761 2751 913 2786 versiones.

128 2793 169 2813 an.
190 2786 257 2813 Mar.
303 2794 361 2813 erc.
389 2787 406 2813 l.
423 2794 461 2813 c..
481 2795 508 2813 n.
525 2788 577 2813 626
593 2788 713 2813 [WalﬂiL
730 2790 747 2813 1.
760 2790 779 2813 1.
791 2810 797 2813 .
814 2799 840 2813 η.
860 2790 913 2813 906

128 2793 181 2831 ap.‘
190 2786 361 2831 Marabi‘erg.
380 2787 510 2831 λὶς...ῃῖ
525 2788 577 2829 ὃῆϐ
593 2788 713 2831 [Ῡνξιιειι.
729 2790 747 2817 l.
790 2799 840 2831 ,_p.
860 2790 914 2818 206

129 2820 192 2856 Iq.],
210 2823 238 2848 in
255 2822 316 2848 Act.
332 2821 362 2848 ο.
380 2821 448 2857 Eph.
464 2820 487 2849 l.‘
499 2830 537 2856 c.,
555 2824 582 2850 in
593 2820 706 2857 "iisdem,
720 2825 768 2852 sed
786 2820 839 2852 alia
854 2833 914 2852 ver-

129 2857 204 2884 sione
223 2857 252 2884 in
277 2857 376 2888 Steph.
406 2856 510 2883 Baluzii
540 2857 617 2886 Nova
645 2861 707 2886 coll.
735 2861 831 2888 cowcil.
851 2867 913 2886 cum

130 2891 215 2926 suppl.
233 2892 267 2919 ad
293 2889 358 2920 coll.
383 2889 456 2917 Phil.
473 2890 597 2925 Lahbei.,
613 2894 702 2922 Paris.
720 2895 799 2929 1707,
815 2903 843 2928 υ.
860 2894 913 2923 532

224 2939 364 2973 ΡΔτιιοι..
391 2936 450 2968 Gn.
471 2938 578 2970 LXVI.

968 2270 1057 2296 bolum
1075 2269 1108 2296 ad
1123 2268 1255 2304 temporis
1270 2269 1450 2297 necessitates
1463 2269 1546 2305 plane
1561 2272 1756 2306 compositum,

963 2345 1006 2371 sq.
1025 2339 1053 2363 et
1083 2343 1145 2371 app.
1163 2335 1231 2362 Mar.
1248 2335 1330 2364 Merc.
1348 2335 1366 2362 l.
1384 2343 1423 2370 c.,
1447 2343 1474 2370 p.
1501 2335 1564 2364 666.
1585 2336 1611 2364 in
1633 2336 1695 2366 Act.
1721 2337 1754 2366 C.

961 2370 1092 2412 Chalced.
1104 2379 1145 2412 In.-
1163 2371 1235 2412 Ῑλθπ
1250 2379 1277 2406 p.
1292 2371 1346 2412 247
1362 2379 1405 2412 sq.
1427 2370 1545 2412 [walch
1565 2372 1584 2398 l.
1595 2379 1643 2412 c.,
1658 2379 1685 2407 p.
1703 2373 1756 2412 ξω

962 2405 1038 2440 sq.l;
1057 2406 1084 2432 in
1098 2406 1159 2433 Act.
1170 2406 1202 2433 C.
1215 2405 1310 2433 Const.
1323 2414 1354 2437 ιι,
1370 2406 1388 2433 Ι.
1403 2405 1544 2433 εῘυΙιίηη
1555 2410 1647 2434 autem
1659 2405 1755 2440 verba,

963 2442 1017 2472 πᾶς
1036 2442 1050 2467 ὸ
1074 2440 1111 2477 μέι
1136 2441 1221 2477 ποιῶν
1248 2441 1297 2476 τὴν
1320 2441 1400 2477 ἁγίαν
1424 2441 1533 2475 ἡμέραν
1547 2441 1594 2468 τοῦ
1610 2441 1706 2477 Πᾴσχα
1720 2458 1756 2464 -

962 2492 997 2497 —
1009 2483 1065 2511 non
1082 2475 1221 2511 Theodori
1242 2475 1304 2511 esse
1315 2495 1323 2507 ,
1340 2476 1387 2503 sed
1405 2480 1517 2510 propter
1532 2484 1614 2504 usum
1624 2475 1756 2511 ,Syntboli

965 2511 992 2538 in
1016 2510 1137 2538 Ecclesia
1154 2510 1377 2545 Philadelphensi
1403 2518 1464 2538 esse
1488 2510 1594 2545 adjecta
1619 2510 1699 2540 facile
1713 2513 1756 2540 in-

966 2545 1111 2580 telligitur.
1135 2545 1239 2573 Desunt
1259 2545 1391 2580 etiamrin
1411 2553 1497 2573 verss.
1515 2553 1560 2580 ap.
1582 2545 1652 2573 Mar.
1668 2546 1753 2576 Merc.

965 2581 985 2608 l.
998 2579 1038 2610 c.,
1058 2588 1084 2615 p.
1100 2579 1163 2612 626.
1179 2580 1245 2615 etin
1263 2581 1324 2606 Aet.
1338 2579 1370 2607 C.
1387 2580 1418 2607 C.
1436 2587 1467 2612 ιι,
1485 2581 1503 2606 l.
1515 2579 1540 2608 οξ

1003 2615 1043 2649 (d)
1058 2614 1210 2650 Theodoro
1221 2614 1377 2650 Symbolgtm
1392 2620 1464 2642 recte
1474 2616 1629 2644 tribuerunt
1637 2616 1753 2645 Garner.

967 2650 1001 2678 ad
1014 2649 1086 2678 Mar.
1103 2649 1186 2677 Merc.
1202 2649 1306 2685 ;Zorn.
1320 2649 1451 2685 βραδυ-8
1475 2650 1496 2682 l,
1507 2658 1534 2685 p.
1550 2651 1603 2679 202
1618 2660 1625 2685 ;
1644 2651 1753 2680 Walch.

965 2686 984 2721 ι.
1003 2694 1041 2718 c.,
1059 2693 1085 2720 ι).
1103 2685 1156 2713 213
1171 2693 1178 2717 ;
1198 2684 1355 2712 Schroeckh
1375 2685 1394 2712 l.
1410 2693 1455 2721 c.,
1478 2684 1564 2721 xviii.
1579 2694 1605 2721 p.
1622 2686 1696 2719 28‘;
1716 2687 1753 2714 al.

965 2720 1040 2748 Vana
1049 2725 1113 2747 sunt
1120 2727 1181 2755 quae
1191 2723 1286 2755 contra
1295 2721 1400 2747 monuit
1407 2720 1524 2755 Basnag.
1534 2720 1612 2749 Thes.
1620 2730 1753 2754 menum,

963 2755 985 2787 Ι,
1002 2764 1027 2790 p.
1049 2755 1094 2785 14.
1110 2753 1196 2791 5]οε
1217 2764 1226 2780 ι
1244 2753 1372 2791 διέξιθι-ιο
1389 2755 1487 2791 tribuit
1501 2753 1754 2791 flrymbolum)Ma-

965 2788 1028 2817 nuel
1044 2788 1142 2818 Caleca
1160 2791 1179 2818 l.
1198 2798 1217 2817 ιι
1241 2788 1343 2817 Contra
1368 2789 1487 2821 Grecae,
1502 2788 1646 2822 Béllarm..
1669 2788 1710 2820 ιίι.
1725 2791 1754 2823 5.

964 2824 1130 2863 ρε-(Σὴιςίδι-ο,
1141 2830 1169 2853 et
1185 2825 1280 2863 ξεί-πί
1293 2825 1311 2852 l.
1318 2825 1400 2863 galle
1415 2824 1518 2863 lacer:
1529 2844 1536 2855 .
1551 2834 1577 2854 c.
1591 2825 1618 2863 9,
1629 2826 1693 2863 μ.»
1703 2825 1755 2863 Ea:

969 2861 1038 2896 brie.
1061 2861 1079 2888 1.
1100 2861 1132 2896 l.,
1145 2860 1252 2896 p.360.
1270 2860 1300 2887 In
1318 2860 1447 2889 Bellarm.
1462 2864 1489 2888 et
1499 2858 1595 2888 Petav.
1609 2858 1670 2889 I.'c.
1685 2861 1755 2890 nihil

969 2895 1151 2931 hujusmodi.’
1163 2895 1268 2924 Calecxe
1287 2903 1349 2930 quae
1370 2899 1424 2922 nuc
1439 2895 1595 2930 pertineant
1611 2903 1666 2924 non
1690 2896 1754 2932 legi.

1593 2943 1614 2972 3
