1940 3064
139 179 170 206 Ὶῗ
546 177 590 206 EX
608 177 732 207 LEONIS
748 177 884 206 ALLATII
902 176 1064 205 DIATRIBA
1079 177 1123 205 DE
1140 176 1348 205 THEODORIS.
1734 175 1768 204 7S

141 238 187 268 sit.
202 237 340 272 integram
355 243 411 264 non
428 244 489 265 esse
504 235 554 273 (τι),
572 244 728 273 quanquam
743 244 804 272 quae
820 237 927 272 dempta
942 240 964 268 Α
979 237 1101 272 antiqua.
1124 236 1172 264 sed
1188 235 1316 264 Nestorio
1341 242 1483 271 perperam
1509 234 1650 263 tribuitur.
1673 235 1768 269 Quan-

139 291 232 319 quaeve
259 282 354 309 addita
369 283 425 311 sint
438 283 584 311 incertum.
610 282 646 310 Ut
670 290 733 311 vero
747 283 813 318 quid
830 282 863 310 de
878 290 929 309 au-
980 291 1060 318 quam
1074 291 1124 310 cur
1142 283 1195 310 hoc
1218 282 1320 309 factum
1337 281 1383 314 sit,
1397 281 1511 316 vestigia
1526 281 1650 316 quaedam
1664 281 1767 309 veteris

140 329 245 355 thentia
259 328 438 355 statuendum
452 328 634 363 explicemus,
653 329 734 363 paulo
751 328 835 355 altius
854 335 929 362 repe—

140 373 261 400 tendum.
294 373 526 400 Nestorianorum
554 377 672 408 quatuor
700 377 764 401 sunt
790 373 927 407 liturgize,

138 426 255 452 quarunt
275 419 365 453 prima
389 417 440 446 SS.
473 419 664 453 apostolorum
681 419 767 452 (Adaei
784 422 813 446 et
834 418 929 452 Maris)

138 463 240 491 dicitur
252 463 291 499 (γ.
309 463 434 490 Renaud.
451 464 469 490 l.
483 464 502 491 Ι.
520 463 583 498 l|,p.
600 463 929 497 584-597).Usitatissima

138 512 191 540 est,
208 509 323 542 antiqua
346 509 427 535 etiam
441 528 448 541 ,
467 510 514 536 sed
531 514 684 543 temporum
712 509 830 536 decursu
852 509 930 535 valde

139 559 241 580 mutata
258 554 305 588 (cf.
323 562 350 581 v.
366 561 391 582 c.
403 562 429 589 p.
445 554 509 586 588,
520 554 567 581 ubi
580 554 711 582 sacerdos
732 554 843 581 Mariam
857 558 928 586 orat,

138 606 169 627 ut
186 608 235 635 pro
247 609 277 628 se
295 600 393 627 Filium
411 600 593 635 deprecetur).
607 599 735 627 Secunda
752 604 795 627 est
809 600 930 631 Diodori,

138 647 260 674 nondum
283 651 417 682 quantum
449 646 509 673 scio
531 646 614 673 edita.
641 644 840 672 Renandotinm
855 665 862 677 ,
883 645 929 680 qui

139 693 242 719 nullam
260 691 371 718 Diodori
398 690 536 725 liturgiam
558 690 643 718 fuisse
666 690 774 718 dixerat
795 691 814 716 l.
839 690 869 722 1.,
897 691 929 721 ll,

137 747 166 771 p.
185 738 248 769 569,
276 738 341 769 575,
368 737 441 769 622,
459 744 597 770 quemque
622 735 659 762 La
689 736 776 763 Croze
799 736 870 762 Hist.
894 736 930 762 du

139 782 239 808 Christ.
255 782 301 809 des
322 782 412 814 ludes,
429 782 448 814 1⁷
465 790 491 816 p.
508 781 561 809 322
573 780 625 811 (Cf.
637 781 697 815 ejus
715 781 871 816 Remarques
886 789 932 808 sur

139 828 221 854 l‘ltiu.
244 828 279 854 du
296 828 358 854 Cltr.
378 828 423 854 des
447 827 539 858 Index,
562 826 639 853 Halle
661 826 739 857 1757,
751 835 777 861 p.
796 827 838 856 15)
852 834 932 854 secu-

137 878 184 900 tus
211 877 270 899 erat
283 893 290 903 ,
310 872 439 900 refutavit
464 873 566 899 Assem.
584 872 601 898 Ι.
619 872 636 898 Ι.
654 871 697 902 lll,
723 880 747 903 ι,
765 880 790 907 p.
809 872 852 904 29,
872 872 906 899 50
924 880 931 904 ;

980 329 1097 364 liturgize
1115 327 1429 362 Constantinopolitanae
1450 327 1581 362 produnt,
1599 334 1660 362 qua:
1681 327 1709 354 in
1734 335 1766 354 ea

980 376 1106 403 videntur
1122 375 1222 402 inesse.
1238 374 1298 401 lam
1311 381 1373 400 cum
1384 373 1471 407 prima
1490 373 1535 400 illa
1558 376 1585 400 et
1607 377 1704 408 quarta
1722 373 1767 407 (de

980 420 1100 448 secunda
1126 420 1194 447 nihil
1217 418 1367 454 loquimur)
1391 418 1461 445 falso
1477 418 1512 445 ad
1540 423 1666 446 auctores
1679 426 1766 453 quos-

979 466 1041 493 dam
1058 466 1223 494 referantur.
1240 464 1311 491 idem
1325 464 1352 491 in
1368 464 1476 491 tertiam
1501 463 1599 491 cadere
1611 464 1682 491 male
1698 471 1765 491 con-

980 511 1084 538 cludas.
1098 510 1165 536 illud
1178 510 1250 537 enim
1266 517 1318 536 non
1339 508 1432 543 nugati
1443 512 1509 535 sunt
1529 507 1694 540 Nestoriani,
1711 508 1767 534 itno

982 556 1087 583 facilem
1103 563 1225 583 errorem
1240 554 1420 582 admiserunt.
1439 553 1567 588 Vulgaris
1582 553 1627 580 illa
1641 558 1667 580 et
1682 561 1696 580 a
1717 552 1768 579 Pa-

979 603 1071 630 tribus
1086 606 1198 637 accepta
1216 600 1326 635 liturgia
1350 599 1432 627 facile
1451 600 1486 626 ab
1514 599 1656 634 apostolis,
1681 599 1766 626 altera

981 648 1090 675 aliunde
1102 651 1131 674 ut
1144 647 1251 674 videtur
1272 647 1353 673 allata
1375 646 1454 673 facile
1466 653 1481 673 a
1497 644 1624 673 Nestorio
1640 646 1765 680 repetita.

982 693 1035 720 Sed
1055 701 1117 720 cum
1142 692 1315 719 Theodorum
1332 692 1469 726 litnrgiam
1494 691 1685 726 composuisse
1698 698 1766 718 con-

982 742 1044 770 stet,
1059 745 1110 772 ego
1123 737 1232 772 quidem
1250 737 1321 763 illam
1336 737 1362 764 ei
1374 737 1560 771 ascripserim.
1577 735 1653 763 Ultra
1674 739 1765 763 tamen

981 783 1202 819 probabilitatem
1227 783 1352 818 progredi
1375 790 1429 810 non
1444 783 1542 810 audeo.
1555 781 1593 808 Ex
1610 782 1716 809 interna
1734 781 1767 808 li-

980 829 1077 864 tnrgia:
1093 828 1182 856 indole
1199 828 1269 855 bane
1279 829 1305 855 in
1318 835 1374 855 rem
1389 827 1456 854 nihil
1469 827 1591 855 edicitur.
1604 827 1672 855 Nam
1688 831 1717 855 ut
1732 828 1767 855 de

982 875 1074 910 lingua
1092 875 1198 906 sileam,
1211 874 1335 901 doctrina
1353 874 1379 900 in
1406 873 1482 901 libris
1499 874 1632 908 liturgicis
1647 881 1697 901 nec
1717 873 1767 901 do-

138 919 201 945 vide
230 918 311 945 etiam
342 926 366 952 p.
390 917 453 944 256.
483 918 572 945 Tertia
590 917 725 944 Theodori
751 925 766 944 a
792 917 929 944 Dominica
948 913 967 940 Β
982 921 1096 955 ginatica
1114 920 1308 955 perspicuitate
1327 920 1486 946 enucleatur
1502 927 1590 954 neque
1608 927 1640 946 ea
1655 919 1767 946 all'ertur

137 965 226 998 prima
241 964 469 990 Anuunliationis
483 972 570 998 usque
582 964 614 991 ad
632 963 801 991 Dominieatn
824 962 929 990 Palma-

139 1017 199 1035 rum
226 1009 375 1040 celebrata,
395 1017 428 1035 eo
457 1009 592 1042 imprimis
610 1016 624 1035 a
640 1009 725 1043 prima
740 1008 841 1039 differt,
855 1009 927 1042 quod

138 1053 270 1080 sacerdos
292 1053 427 1088 prolixius
457 1054 587 1088 loquitur.
606 1053 711 1086 Quana
738 1053 854 1087 denique
878 1053 929 1081 Ne-

137 1098 216 1124 storii
234 1098 372 1131 (Renaud.
392 1099 409 1124 Ι.
423 1098 440 1124 1.
454 1098 487 1128 ll,
505 1107 529 1133 p.
555 1098 694 1133 626—658),
714 1099 858 1133 quinquies
877 1098 930 1125 sin-

139 1142 209 1176 gulis
224 1143 304 1169 annis
327 1143 475 1174 celebrata,
490 1143 612 1170 eamdem
634 1151 716 1178 quant
733 1142 867 1170 Theodori
886 1143 929 1169 in-

135 1187 228 1215 dolem
245 1188 340 1219 refert,
363 1189 415 1215 nisi
430 1189 502 1223 quod
523 1189 666 1216 verbosior
685 1192 737 1216 est.
757 1188 804 1216 Est
821 1188 929 1223 quidem

174 1288 213 1322 (tt)
230 1287 292 1315 ":ec
303 1287 471 1321 conjectura,
486 1287 619 1322 siquidem
642 1287 828 1321 conjecturam
845 1287 924 1319 dicis,

133 1323 210 1358 quod
239 1331 286 1358 per
304 1331 335 1350 se
352 1327 456 1349 certum
480 1327 531 1352 est,
549 1323 684 1349 immerito
709 1322 879 1358 Renaudotio
905 1323 922 1348 Ι.

134 1356 170 1391 λζ,
184 1366 211 1393 p.
236 1356 298 1389 578,
313 1357 400 1384 futilis
426 1364 513 1392 neque
535 1358 597 1383 ullis
622 1357 790 1392 argumentis
813 1356 925 1383 fundata

980 966 1032 993 nisi
1047 974 1107 1000 qua:
1122 967 1148 993 in
1172 971 1256 998 cmlu,
1269 966 1312 992 cui
1336 966 1462 993 destinati
1489 969 1564 997 sunt,
1588 970 1696 1000 recepta
1713 970 1765 992 est.

979 1009 1188 1038 Nestorianismi
1214 1014 1303 1037 autem
1324 1010 1424 1037 indicia
1444 1009 1588 1037 tnanifesta
1603 1017 1657 1037 non
1677 1010 1765 1037 solum

980 1053 1097 1081 Nestorii
1117 1055 1164 1081 illa
1188 1054 1310 1089 liturgia,
1331 1057 1360 1081 ut
1379 1054 1502 1082 lienaud-
1522 1054 1540 1081 Ι.
1554 1054 1572 1082 1.
1591 1062 1617 1089 p.
1632 1054 1765 1087 διδωμι,

980 1100 1127 1131 existimat,
1142 1100 1188 1127 sed
1203 1100 1312 1135 reliqua:
1328 1100 1409 1126 etiam
1425 1100 1575 1130 continent.
1590 1107 1622 1126 ut
1639 1100 1765 1127 nimirum

981 1153 1042 1180 quae
1054 1145 1082 1172 in
1097 1145 1222 1180 liturgias
1233 1145 1332 1172 cadere
1346 1149 1471 1180 possunt.

979 1288 1266 1324 dicitur.Argttmenta
1285 1287 1368 1315 credo
1389 1292 1432 1315 sat
1451 1289 1535 1316 multa
1554 1289 1766 1324 suppeditabunt

980 1325 1047 1350 varii
1061 1323 1288 1351 Nestorianorum
1305 1323 1366 1350 libri
1380 1323 1516 1351 missalcs.

147 1427 1758 1449 mm

713 1518 1195 1581 EXCERPTUM

231 1645 318 1689 EX
355 1643 574 1690 LEONIS
601 1642 837 1686 ALLATII
868 1641 1146 1686 DIATRIBA
1186 1641 1258 1684 DE
1296 1640 1649 1687 THEODOBIS

836 1738 928 1770 (Non.
947 1738 1053 1778 LXV.)

355 1823 449 1855 (Edidit.
460 1826 486 1848 et
497 1823 561 1848 nolis
573 1823 703 1847 illustravit
715 1822 779 1847 card.
794 1822 891 1853 Angela
906 1821 962 1850 MAI,
973 1821 997 1845 in
1011 1820 1155 1846 Bibliotheca
1165 1829 1225 1848 nova
1237 1823 1348 1852 Patrum,
1363 1827 1380 1848 t.
1393 1823 1433 1853 Vl,
1445 1831 1469 1855 p.
1486 1823 1549 1854 “6.)

173 1981 338 2010 Theodorus
361 1980 570 2015 Mopsuestenus
590 1979 737 2006 Diodorum
761 1978 839 2006 Tarsi
867 1980 926 2013 epi-
942 1973 962 2001 C
980 1983 1038 2006 tum
1057 1979 1120 2006 vitat
1147 1979 1303 2008 institutum
1329 1981 1419 2008 denuo
1438 1982 1613 2009 exosculatus
1626 2002 1633 2014 ,
1661 1990 1762 2019 usque-

136 2034 254 2061 scopum
270 2025 376 2058 audiit,
391 2029 417 2052 et
430 2024 589 2051 Flavianum
604 2024 780 2051 Antiochenae
800 2025 928 2052 Ecclesia:

136 2073 312 2104 antistitem;
325 2078 475 2105 eorumque
485 2070 657 2104 dogmatibus
666 2071 802 2097 enutritus
815 2074 842 2097 et
855 2071 928 2096 clare

136 2122 222 2153 atque
248 2117 358 2144 fortiter
379 2117 521 2144 elaborare
539 2116 669 2148 edoctus,
693 2120 723 2142 ut
747 2117 785 2142 ait
807 2116 929 2145 Domnus

135 2164 330 2191 Antiochenus
348 2163 382 2189 ad
397 2162 571 2190 Theodosium
584 2163 768 2195 imperalorem
779 2182 786 2193 .
807 2168 833 2190 et
847 2162 928 2190 Joan-

133 2217 188 2238 nes
205 2209 233 2236 in
246 2215 297 2236 sua
313 2208 347 2235 ad
363 2208 502 2235 concilium
515 2207 692 2234 Orientalium
706 2209 827 2241 epistola,
841 2209 928 2236 lucre-

133 2257 258 2283 ticorum
274 2255 394 2282 catervis
419 2253 560 2281 immissus
576 2257 628 2281 est.
645 2252 706 2280 Fuit
726 2253 841 2281 Joannis
856 2254 928 2281 Cou-

134 2300 380 2335 stantinopolitani
397 2299 520 2334 episcopi
537 2299 757 2334 condiscipulus,
774 2299 928 2334 erudiitque

135 2347 311 2378 Nestorium,
332 2349 363 2372 ut
378 2350 475 2379 praeter
493 2344 561 2371 alios
576 2344 657 2370 habet
674 2343 805 2379 Evagrius
824 2343 926 2371 Ilistor.

134 2393 234 2420 τίσιες.
250 2391 297 2418 lib.
314 2399 333 2423 ι,
351 2397 411 2424 cap.
429 2389 455 2422 ‘2,
472 2393 500 2416 et
515 2389 710 2416 Anthiochena:
727 2389 855 2417 Ecclesia:
871 2395 927 2416 tum

135 2439 200 2472 ipse
216 2436 391 2466 Theodorus,
411 2439 469 2461 tum
492 2434 650 2466 Nestorius,
666 2435 795 2462 exstitere
817 2435 930 2470 presby-

134 2484 204 2511 teri.
217 2482 270 2509 Sed
280 2481 454 2508 Tbeodorum
467 2480 686 2515 Mopsuestenum
696 2479 852 2514 episcopum
867 2487 929 2507 con-

135 2517 300 2556 cidnantem
337 2526 487 2553 Antiochia
517 2525 644 2552 audiebat
667 2524 811 2552 Nestorius
839 2525 929 2552 adhuc

132 2574 295 2610 presbyter,
314 2571 430 2605 insignis
449 2575 475 2598 et
491 2571 550 2605 ipse
569 2570 596 2596 in
616 2569 755 2601 docendo,
773 2574 802 2597 ut
818 2569 928 2597 Genna-

130 2621 200 2648 dius
223 2626 287 2654 cap.
314 2618 351 2644 53
371 2620 497 2648 testatur,
512 2619 539 2643 et
558 2623 590 2642 ex
606 2619 727 2650 tempore
748 2615 924 2643 declamator.
941 2633 964 2659 Β

131 2666 294 2699 Antequam
316 2661 486 2697 episcopatui
503 2664 643 2696 przeesset,
661 2661 687 2687 in
704 2668 827 2687 ercmum
849 2668 926 2688 sece-

130 2712 206 2738 dens
227 2708 381 2736 solitariam
402 2706 486 2733 vitam
511 2706 584 2741 egit,
604 2705 651 2732 sed
676 2705 769 2732 mundi
792 2705 928 2733 illecebris

130 2761 162 2783 et
184 2754 302 2782 luxuriae
329 2751 458 2779 sordibus
482 2751 627 2786 pellectus,
651 2757 733 2785 quant
758 2751 927 2784 amplexatus

131 2802 228 2828 fuerat
239 2799 302 2825 vita
324 2797 386 2823 vale
406 2795 518 2827 dicens,
540 2796 567 2822 in
591 2795 722 2822 mundum
746 2795 876 2830 confugit,
901 2800 928 2823 et

131 2846 262 2873 desertor
276 2844 370 2870 factus
384 2844 427 2868 est
439 2849 447 2868 :
460 2841 631 2875 postmodum
645 2840 727 2867 dictis
738 2839 925 2875 Chrysostomi

132 2890 317 2926 resipiscens,
333 2887 498 2916 delictorum
513 2887 619 2916 veniam
635 2887 773 2921 impetrat,
790 2890 817 2914 et
834 2886 926 2915 deser-

978 2031 1033 2058 quo
1055 2024 1132 2051 licuit
1151 2025 1330 2052 continuavit.
1352 2025 1473 2052 Tandem
1488 2026 1634 2062 episcopus
1651 2027 1740 2056 factus
1754 2049 1761 2059 ,

979 2069 1005 2095 in
1021 2076 1086 2103 pace
1108 2069 1249 2097 catholicae
1268 2071 1486 2104 communionis,
1507 2079 1562 2098 non
1589 2073 1677 2099 solum
1704 2074 1763 2101 sine

979 2117 1033 2143 ulla
1051 2117 1170 2152 querela,
1191 2118 1237 2145 sed
1261 2119 1343 2145 etiam
1360 2126 1423 2145 cum
1442 2119 1527 2153 gloria
1549 2126 1645 2154 magna
1663 2118 1763 2145 defun-

979 2166 1040 2189 ctus
1052 2182 1060 2193 ,
1078 2166 1107 2189 ut
1126 2167 1203 2189 notat
1227 2163 1373 2190 Facundus
1391 2163 1597 2191 liermianensis
1615 2172 1663 2198 pro
1683 2165 1762 2190 trium

980 2206 1155 2240 capitulorum
1174 2207 1324 2242 defensione
1339 2208 1386 2235 lib.
1404 2215 1465 2239 vnt,
1482 2215 1543 2243 cap.
1562 2208 1587 2240 Ι,
1613 2216 1645 2235 ex
1659 2207 1763 2235 Joanne

980 2251 1167 2284 Autioclteno,
1182 2253 1316 2287 agonibus
1333 2253 1464 2281 adversus
1482 2254 1614 2285 Arianos,
1630 2258 1657 2281 et
1669 2253 1763 2280 Euno-

979 2299 1103 2330 mianos,
1122 2302 1149 2325 et
1174 2298 1242 2324 alios
1270 2297 1413 2325 hzereticos
1437 2297 1562 2332 plurimis
1581 2306 1629 2332 per
1655 2305 1761 2324 omnem

979 2352 1056 2372 suam
1071 2345 1152 2371 vitam
1166 2344 1267 2379 ubique
1282 2344 1439 2376 decoratur,
1453 2349 1480 2371 et
1498 2351 1513 2370 a
1529 2345 1633 2380 synodo
1649 2344 1762 2372 Chalce-

979 2390 1110 2421 donensi,
1127 2398 1141 2416 a
1158 2389 1262 2417 Joanne
1275 2389 1579 2423 Constantinopolitano
1599 2393 1678 2424 atque
1692 2389 1762 2417 Gre-

978 2436 1056 2470 gorio
1082 2434 1270 2467 Nazianzeno,
1289 2439 1446 2469 superstes,
1462 2438 1489 2461 et
1513 2438 1575 2469 post
1598 2434 1703 2461 obitum
1717 2454 1724 2466 ,
1746 2442 1762 2462 a

979 2480 1081 2507 Joanne
1095 2485 1121 2508 et
1133 2480 1236 2507 Domno
1247 2479 1434 2512 Antiochenis,
1449 2483 1476 2506 et
1487 2483 1542 2506 tota
1551 2479 1655 2514 synodo
1666 2479 1762 2507 Orien-

979 2526 1025 2557 tis,
1042 2530 1123 2559 atque
1139 2525 1241 2560 Cyrillo
1255 2524 1450 2556 Alexandrino,
1468 2527 1495 2551 et
1511 2523 1608 2551 Proclo
1627 2524 1762 2552 Constan-

980 2571 1157 2605 tinopolitano
1174 2576 1269 2597 contra
1287 2569 1506 2596 adversariorum
1520 2569 1675 2600 calumnias,
1688 2569 1762 2596 mul-

978 2615 1063 2650 tiplici
1083 2615 1189 2642 ratione
1212 2615 1378 2642 defenditur.
1400 2614 1433 2640 Et
1455 2622 1535 2646 sane,
1551 2622 1613 2641 cum
1628 2614 1718 2641 adhuc
1732 2614 1761 2641 in

979 2659 1047 2686 vivis
1058 2663 1142 2691 esset,
1159 2659 1194 2685 ob
1206 2659 1331 2694 dogmata
1347 2658 1464 2685 neminis
1477 2657 1653 2685 offensionem
1668 2657 1761 2684 incur-

977 2704 1048 2731 risse
1067 2704 1164 2738 probat
1180 2712 1289 2739 quoque
1303 2703 1433 2731 Leontius
1447 2703 1486 2730 De
1508 2703 1585 2729 sectis
1601 2707 1655 2729 act.
1680 2711 1716 2734 tv,
1733 2703 1760 2729 5.

977 2749 1043 2783 Περὶ
1065 2748 1092 2774 δὲ
1107 2749 1170 2779 τοὺς
1186 2748 1296 2783 χρόνους
1318 2748 1438 2779 ἐκείνους
1460 2747 1583 2781 ἐγένοντο
1599 2746 1645 2774 δύο
1665 2747 1762 2780 ἄνδρες

978 2794 1099 2829 μεγάλοι,
1114 2793 1243 2829 Διόδωρος
1253 2795 1267 2820 ὁ
1279 2793 1385 2829 Ταρσοῦ
1400 2793 1556 2826 ἐπίσκοπος,
1570 2792 1616 2819 καὶ
1625 2791 1762 2828 Θεόδωρος

978 2841 993 2866 ὁ
1007 2839 1200 2874 Μωψουεστίας,
1214 2840 1240 2865 οἵ
1252 2848 1322 2870 τινες
1337 2840 1553 2874 ἀντηγωνίσαντο
1569 2838 1637 2873 πρὸς
1655 2838 1763 2873 ’Δρειαμ

980 2886 1051 2917 νοῦς,
1059 2885 1106 2912 καὶ
1117 2884 1289 2917 Μακεδόνων,
1304 2886 1351 2912 καὶ
1367 2884 1630 2921 ’Δτωλλινάριον,κσὶ
1636 2884 1685 2919 τὴν
1696 2883 1761 2919 ὃλην
