1947 3071
175 165 212 194 79
809 164 852 192 EX
871 164 993 193 LEONIS
1013 164 1151 192 ALLATII
1771 163 1809 191 80

176 222 287 259 Γραφὴν
302 221 539 258 ὕπεμνημάτισαν,
559 221 606 249 καὶ
628 222 658 249 ὲν
674 223 741 258 τιμῇ
758 222 834 254 δντες
860 222 966 258 μεγάλῃ
981 224 1003 252 Α
1016 222 1062 248 τὸν
1077 222 1231 257 Θεόδωρον;
1245 222 1305 248 ’Ότι
1317 221 1454 248 καὶτοῦτο
1467 222 1599 258 πρότερον
1613 221 1713 256 μᾶλλον
1727 222 1810 255 ὲγκα-

175 268 320 300 ἀπέθανον,
329 269 375 295 καὶ
389 267 477 300 οὐδεὶς
494 269 523 295 ὲν
538 269 571 303 τῇ
587 267 644 304 ζωῇ
659 268 749 294 αὐτῶν
763 267 911 295 ἐπελάϐετό
923 277 964 294 τι-

175 322 220 346 νος
238 313 339 345 αὐτῶν,
349 313 406 340 ἀλλ’
418 312 544 348 ἐγκώμια
557 313 680 348 ἔγραψαν
692 313 732 344 εἰς
748 313 846 345 αὐτοὺς
860 313 962 339 πολλοί·

175 359 223 386 καὶ
238 358 377 390 Βασίλειος
386 358 441 394 γὰρ
455 359 554 390 αὐτοὺς
570 358 739 394 ἐγκωμιάζει
749 379 756 391 ,
770 359 818 385 καὶ
838 358 964 393 Ἰωάννης

173 405 189 431 δ
196 403 397 440 Χρυσόστομος.
409 404 543 440 ’Ὕστερον
553 404 580 431 δὲ
591 404 751 439 κινουμένου
758 403 804 430 τοῦ
816 403 964 439 Neo-109w.-

174 449 221 476 νοῦ
236 449 380 484 δόγματος.
394 449 555 484 ἠναγκάσθη
570 448 710 484 Κύριλλος,
725 449 739 475 ὁ
756 447 852 484 πρώην
867 448 966 480 αὐτοὺς

174 493 303 526 ἐπαινῶν,
319 493 388 520 κατὰ
403 493 457 520 τῶν
474 492 699 527 συγγραμμάτων
727 492 816 519 αὐτῶν
841 492 964 528 γράψαι,

175 539 268 574 ἐπειδὴ
282 540 329 566 ἀπ’
340 539 429 566 αὐτῶν
440 538 595 574 ἰσχυρίζετο
605 538 636 564 τὸ
648 537 737 572 δόγμα
748 537 831 564 αὑτοῦ
840 539 854 564 ὁ
866 537 966 563 Νεστό-

175 593 243 621 ριος·
261 585 535 621 ὑπομνηματίσαντες
547 584 602 620 γὰρ
612 580 686 610 οὗτοι
693 584 742 619 τὴν
754 583 833 618 ἁγίαν
843 582 964 618 Γραφὴν,

174 631 224 658 οὐκ
234 631 350 666 ἔστησαν
367 631 432 666 ἄχρι
448 630 496 658 τοῦ
513 630 628 662 δέοντος·
644 629 712 657 ἀλλὰ
730 629 905 664 βουληθέντες
919 637 966 664 με·

175 677 249 712 ρίσαι
264 677 314 709 τὰς
332 677 362 704 έν
373 678 406 712 τῇ
422 677 488 712 ἁγίᾳ
503 677 609 712 Γραφῇ,
621 675 725 710 φωνὰς,
741 674 790 706 τὰς
803 675 852 710 μὲν
863 676 896 710 τῇ
907 674 966 701 θεό-

173 730 245 758 τητι,
255 722 336 753 τὰςδὲ
344 723 376 757 τῇ
385 721 433 748 ἀνθ
437 721 584 757 ρωπότητι,
591 719 742 756 εὑρέθησαν
748 719 796 746 δύο
804 719 966 750 ὑποστάσεις

174 767 221 794 τοῦ
234 767 352 802 Χριστοῦ
369 767 416 794 καὶ
434 766 566 802 διαίρεσιν
582 766 747 799 εἰσάγοντες.
763 765 819 792 Καὶ
840 765 874 791 δι’
899 764 968 791 αὐτὸ

173 812 354 848 ἠναγκάσθη)
367 812 499 848 Κύριλλος
507 812 567 839 κατ’
578 811 668 838 αὐτῶν
687 810 799 846 γράψαι,
809 809 902 846 ἐπειδὴ
916 809 965 836 ἀπ’

174 859 265 886 αὐτῶν
282 858 435 894 ἰσχυρίζετο
454 857 484 885 τὺ
497 857 586 893 δόγμα
609 857 692 884 αὑτοῦ
713 858 728 884 ὁ
743 856 898 892 Νεστόριος.
915 855 964 882 Διὰ

1018 268 1092 294 λέσαι
1107 267 1144 302 τῷ
1166 267 1236 302 ἁγίῳ
1252 268 1378 304 Κυρίλλῳ
1394 268 1519 303 ὤφειλον,
1542 269 1614 304 ἥπερ
1635 270 1668 304 τῇ
1689 268 1807 304 συνόδῳ·

1017 312 1098 344 αὐτὸς
1113 310 1159 339 οὖν
1174 314 1188 339 ὁ
1207 312 1236 339 ὲν
1259 313 1348 347 ἁγίοις
1369 314 1502 349 Κύριλλος
1527 314 1702 349 ζητησάντων
1727 313 1808 340 τινῶν

1017 357 1069 392 ήδη
1074 356 1271 392 ἁναθεματίσαι
1279 357 1325 384 τὸν
1330 358 1476 393 Θεόδωρον,
1487 357 1609 392 φαίνεται
1618 357 1731 392 γράφων
1739 356 1808 392 πρὸς

1018 401 1151 437 Πρόκλον,
1161 402 1202 428 δτι
1212 402 1243 428 οὑ
1253 402 1294 429 δεῖ
1303 401 1523 437 ἀναθεματίζειν
1535 402 1559 428 οἱ
1570 401 1625 437 γὰρ
1643 401 1808 428 ’Δνατολικοὶ

1018 447 1131 479 πάντες,
1142 448 1220 483 φησι,
1234 447 1322 483 μέγαν
1335 447 1426 482 ἔχουσι
1434 447 1593 474 διδάσκαλον
1604 447 1649 473 τὸν
1659 446 1806 482 Θεόδωρον·

1019 493 1067 520 καὶ
1081 492 1129 520 ἐὰν
1142 493 1223 520 αὐτὸν
1241 493 1496 528 ἁναθεματίσωμεν,
1511 493 1583 528 μέγα
1598 493 1701 528 σχίσμα
1716 492 1808 519 ποιοῦ-

1020 546 1070 573 μεν
1091 539 1120 565 ὲν
1141 540 1175 574 τῇ
1201 539 1349 574 Ἐκκλησία
1372 539 1425 566 τῶν
1446 539 1637 566 Ἀνατολικῶν·
1653 536 1690 566 ὧν
1707 535 1748 570 εἷς
1761 539 1808 565 καὶ

1020 583 1096 615 Ἴδας
1111 584 1149 619 μὴ
1165 584 1348 620 ἀνασχόμενος
1366 585 1447 612 αὐτὸν
1468 584 1680 620 ἀναθεματίσαι.
1696 585 1728 611 ’Ὀ
1741 584 1809 619 γοῦν

1018 628 1032 654 ὁ
1045 629 1121 663 ἅγιος
1137 629 1271 665 Κύριλλος
1279 629 1381 657 ἐκώλυε
1393 650 1402 664 ,
1418 629 1476 662 πῶς
1490 630 1568 656 τοῦτο
1580 630 1693 665 ποιῆσαι
1706 627 1779 664 εἶχεν
1789 630 1808 664 ἡ

1019 674 1145 708 σύνοδος
1161 674 1212 702 Sed
1223 683 1315 702 rursus
1328 675 1467 710 objiciunt,
1477 684 1525 702 cur
1538 676 1570 702 ab
1578 684 1608 703 eo
1616 684 1668 702 non
1680 676 1807 710 requisie-

1019 721 1064 751 rit,
1077 725 1105 746 ut
1117 721 1282 748 Theodorum
1297 722 1548 753 anathematizaret,
1564 722 1616 749 imo
1630 722 1756 756 scriptant
1771 721 1807 748 ad

1018 765 1117 793 Marim
1124 767 1261 801 epistolam
1269 768 1439 802 receperit,_in
1449 776 1502 803 qua
1511 767 1676 795 Theodorum
1688 768 1808 803 frequen-

1019 815 1058 838 ter
1072 811 1134 838 Ibus
1151 813 1301 846 pradicet?
1314 814 1437 840 nimirum
1453 817 1478 840 et
1493 813 1541 840 hoc
1563 814 1650 847 potius
1669 813 1701 840 de
1714 818 1809 840 sancto

1019 856 1120 892 Cyrillo
1133 859 1207 893 queri
1220 859 1357 890 debebant,
1373 867 1452 894 quant
1462 859 1494 886 de
1504 859 1623 894 synodo;
1634 867 1696 885 nam
1707 863 1809 886 sancta:

173 904 254 932 τοῦτο
277 904 306 932 δὲ
325 906 354 931 ὲν
368 906 402 940 τῇ
419 903 475 939 ζωῇ
494 903 583 930 αὐτῶν
602 903 689 935 οὐδεὶς
715 903 807 934 αὐτοῖς
829 903 964 929 ἀντεῖπεν·

1018 904 1152 930 memoriae
1166 903 1309 938 Cyrillum,
1326 913 1385 931 cum
1399 904 1521 931 nonnulli
1537 905 1586 931 hoc
1601 905 1686 939 ipsunt
1703 913 1807 939 qurere-

175 950 269 986 ὲπειδὴ
278 950 307 977 τὸ
319 949 451 986 μάχεσθαι
462 949 531 986 πρὸς
540 950 589 982 τὰς
602 949 711 985 μείζους
722 949 854 984 αἱρέσεις,
865 948 966 975 ἔσκεπε

173 999 210 1027 τὰ
221 999 332 1027 τοιαῦτα
345 999 477 1034 δόγματα.
492 998 570 1026 Μετὰ
580 998 609 1025 δὲ
624 998 720 1033 χρόνον
733 997 822 1031 ὀλίγον
837 996 885 1023 τοῦ
898 997 965 1023 ἁπο-

175 1047 264 1074 θανετν
280 1046 417 1082 Θεόδωρον
430 1046 478 1073 καὶ
493 1045 635 1080 Διόδωρον,
650 1044 776 1079 ἀνέστηή
792 1044 899 1079 αἵρεσις
914 1044 965 1070 Νε-

175 1093 294 1128 στορίου·
319 1091 486 1119 Exstilerunt
509 1092 541 1118 iis
559 1090 720 1126 temporibus
747 1091 836 1125 magni
856 1090 965 1125 quidam

174 1139 226 1166 duo
242 1138 303 1170 uiri,
324 1137 462 1164 Diodorus
488 1136 624 1171 episcopus
645 1135 738 1168 Tarsi,
759 1139 783 1162 et
811 1134 964 1162 Theodorus

174 1183 354 1218 Mopsuestiw,
366 1182 411 1217 qui
420 1186 445 1209 et
459 1182 585 1209 adversus
597 1181 724 1213 Arianos,
737 1184 763 1208 et
776 1179 965 1207 Macedoniam

173 1233 199 1257 et
226 1228 408 1263 Apollinarem
438 1227 606 1262 pugnabant,
636 1226 822 1261 universasque
848 1225 964 1252 Litteras

174 1283 267 1302 sacras
282 1273 478 1301 commentariis
497 1273 685 1303 illustrarunt.
698 1276 722 1298 et
739 1271 767 1298 in
781 1271 865 1305 pretio
881 1271 964 1297 habiti

174 1324 284 1347 mortem
299 1319 474 1353 oppetierunt,
490 1325 538 1344 nec
551 1317 615 1351 ipsis
631 1317 694 1343 vivis
709 1317 848 1351 quisquam
863 1315 964 1342 dictum

175 1365 281 1400 aliquod
297 1373 389 1392 eorum
405 1362 621 1397 reprehendebat,
633 1362 686 1389 imo
698 1363 845 1396 complures
858 1362 964 1395 scriptis

173 1411 297 1438 encomiis
313 1419 358 1438 eos
372 1409 538 1437 celebrarunt
549 1416 558 1439 ;
571 1416 634 1435 nam
652 1413 677 1435 et
693 1408 822 1441 Basilius,
833 1414 858 1435 et
877 1407 964 1434 Joan-

173 1465 219 1484 nes
233 1456 436 1491 Chrysostomus
447 1463 490 1482 eos
501 1453 660 1489 pradicant.
683 1453 777 1481 Verum
790 1459 882 1488 postea
894 1459 966 1481 moto

173 1502 296 1537 dogmate
312 1500 484 1531 Nestoriano,
506 1503 613 1526 coactus
627 1503 665 1525 est
678 1497 796 1533 Cyrillus
815 1499 860 1533 qui
873 1503 897 1525 et
910 1499 964 1532 ipse

173 1548 275 1583 pridem
293 1555 337 1574 eos
355 1547 509 1577 laudasset,
529 1545 654 1571 adversus
680 1552 771 1571 eorum
793 1552 873 1578 opera
895 1544 964 1571 scri-

175 1594 234 1621 bere
249 1592 298 1628 (a),
317 1592 379 1627 quia
395 1591 492 1626 dogma
506 1598 584 1617 suum
605 1589 749 1617 Nestorius
766 1597 798 1617 ex
816 1591 849 1617 iis
869 1590 966 1624 con/ir-

174 1643 271 1670 maret;
287 1644 399 1672 namque
409 1635 488 1664 editis
502 1635 545 1662 illi
559 1635 586 1661 in
598 1643 690 1661 sacras
706 1634 822 1662 Litteras
836 1642 968 1661 commen-

175 1684 252 1710 tariis
260 1684 332 1709 intra
341 1682 406 1716 fines
419 1689 471 1707 non
480 1680 663 1711 constiterant,
679 1679 723 1706 sed
736 1687 796 1706 cum
809 1679 969 1706 distribuere

174 1727 267 1754 uellent
282 1733 422 1753 sacrarunt
445 1724 607 1751 Litterarum
623 1731 707 1755 voces,
726 1723 797 1750 alias
814 1723 848 1749 ad
865 1723 965 1750 divini-

176 1777 266 1804 tatem,
284 1771 352 1798 alias
368 1769 402 1797 ad
426 1774 550 1796 naturam
576 1768 720 1794 humanam
743 1768 845 1795 relatas
856 1788 864 1800 ,
880 1768 967 1802 depre-

175 1819 283 1846 hensum
296 1821 336 1844 est
349 1824 393 1843 eos
410 1815 480 1842 duas
496 1815 596 1842 Christi
610 1816 763 1849 hypostases
776 1818 800 1840 et
811 1814 966 1841 divisionem

173 1862 317 1898 quamdam
342 1859 519 1887 introducere.
540 1858 627 1892 Quam
654 1858 685 1885 ob
709 1866 820 1885 causam
842 1858 966 1893 Cyrillus

167 1907 299 1934 adversus
317 1905 387 1939 ipsos
403 1903 516 1932 scribere
531 1908 639 1930 coactus
656 1902 718 1937 fuit.
733 1904 907 1936 con/irritante
919 1903 966 1930 do-

173 1960 235 1988 gma
255 1959 332 1979 suum
349 1958 382 1978 ea:
400 1951 433 1977 iis
455 1949 592 1977 Nestorio.
621 1949 692 1976 Vivis
716 1948 820 1983 quidem
838 1949 902 1983 ipsis
918 1958 966 1976 cur

174 2006 249 2025 nemo
273 1996 482 2027 contradizcrit,
503 1995 603 2030 factum
628 1994 708 2026 ideo,
736 1994 804 2029 quod
829 1995 965 2030 pugnandi

174 2048 267 2071 contra
284 2047 369 2070 sectas
387 2040 500 2075 majores
524 2039 665 2066 necessitas
682 2038 814 2073 ejusmodi
839 2038 965 2074 dogmata

174 2093 280 2124 tegeret.
294 2088 327 2114 At
342 2087 422 2122 paulo
441 2090 581 2120 postquam
601 2084 671 2111 diem
686 2083 839 2112 Theodorus
854 2093 886 2112 ac
903 2084 965 2112 Dio-

175 2135 256 2162 dorus
272 2133 407 2164 obiissent,
421 2131 553 2159 suscitata
568 2128 689 2157 Nestorii
702 2129 754 2165 fuit
767 2130 884 2158 haeresis.
898 2130 964 2158 Post

174 2183 290 2207 mortem
302 2178 383 2205 etiam
396 2184 410 2203 a
426 2176 518 2203 multis
529 2174 681 2207 laudatum.
693 2179 732 2207 et,
744 2175 807 2203 licet
823 2175 850 2203 id
864 2183 879 2203 a
893 2176 963 2203 mul-

1016 953 1084 980 rent,
1099 954 1127 976 ut
1147 949 1298 977 Theodorus
1315 950 1478 977 anathemati
1491 950 1674 985 subjiceretur,
1695 950 1729 976 ad
1743 950 1808 977 Pro-

1016 993 1086 1021 clum
1102 995 1242 1029 scripsisse
1255 1000 1376 1028 constat,
1390 997 1498 1023 minimc
1514 996 1681 1024 Theodorum
1696 997 1807 1023 anathe»

1016 1040 1143 1066 matizari
1165 1039 1257 1067 debere
1270 1049 1280 1067 :
1305 1049 1367 1068 nam
1385 1040 1550 1074 Orientales,
1567 1042 1668 1076 inquit,
1691 1043 1806 1069 uniuersi

1016 1084 1176 1112 Theodorum
1188 1094 1237 1120 pro
1252 1095 1347 1122 magno
1366 1087 1474 1114 doctore
1488 1088 1593 1119 habent,
1609 1096 1685 1122 quem
1699 1088 1723 1115 si
1738 1096 1806 1115 ana—

1016 1130 1124 1157 themati
1137 1131 1335 1165 subjecerimus,
1352 1133 1378 1158 in
1394 1131 1571 1159 Orientalium
1585 1133 1705 1160 Ecclesia
1724 1133 1807 1160 dissi-

1015 1175 1088 1202 dium
1100 1177 1189 1212 ingens
1204 1177 1380 1204 excitabimus
1393 1186 1402 1204 :
1414 1186 1524 1213 quorum
1539 1186 1607 1206 unus
1619 1184 1658 1205 est
1673 1178 1747 1211 lbas,
1761 1178 1807 1214 qui

1014 1230 1073 1248 eum
1085 1222 1312 1250 anathematizari
1329 1232 1379 1250 non
1391 1224 1516 1258 patietur.
1532 1224 1608 1257 Quod
1624 1233 1683 1260 ergo
1697 1229 1808 1252 sanctus

1015 1267 1132 1302 Cyrillus
1152 1268 1211 1302 ﬁeri
1232 1269 1402 1303 prohibebat,
1417 1277 1468 1304 quo
1483 1275 1562 1304 pacto
1581 1270 1698 1304 synodus
1716 1270 1806 1304 facere

1014 1315 1140 1346 poterat?
1155 1312 1209 1340 Nec
1223 1313 1297 1341 aliud
1319 1314 1442 1342 immisse
1460 1315 1567 1342 videtur
1591 1315 1722 1350 Eulogius
1743 1316 1806 1343 Ale-

1015 1359 1164 1386 xandrinus
1182 1359 1208 1386 in
1221 1360 1346 1387 oratione
1362 1359 1399 1387 De
1413 1361 1510 1388 unione
1527 1360 1768 1388 Theodosianorum
1780 1367 1806 1389 et

1016 1403 1183 1431 Gainitarum
1195 1405 1268 1440 apud
1281 1405 1405 1433 Photium
1420 1406 1482 1434 cod.
1497 1406 1560 1433 227.
1574 1406 1706 1442 Κύριλλος
1719 1407 1747 1434 δὲ
1758 1407 1806 1434 τοῦ

1014 1449 1201 1484 Μοψουεστίας
1224 1451 1362 1486 Θεοδώρου
1386 1451 1457 1478 κατὰ
1484 1452 1534 1487 τὴν
1564 1451 1652 1487 Ἓῲαν
1675 1452 1807 1485 ὡσαύτως

1014 1496 1272 1532 ἀνακηρυττομένου
1289 1498 1340 1532 τῆς
1354 1499 1496 1530 κοινωνίας
1511 1499 1561 1525 οὐκ
1573 1499 1714 1533 ἀφίστατο·
1734 1501 1807 1536 ἐώρα

1016 1542 1071 1577 γὰρ
1095 1543 1245 1578 ἀκηράτοις
1263 1543 1404 1579 σωζόμενα
1427 1544 1543 1579 δόγμασι
1556 1546 1589 1572 τὰ
1603 1546 1652 1581 τῆς
1667 1546 1807 1577 εὐσεϐείας

1019 1587 1205 1623 καιριώτατα’
1223 1588 1340 1623 Cyr-illus
1361 1598 1421 1617 vero
1444 1599 1461 1616 a
1485 1590 1616 1618 Theodori
1637 1591 1806 1625 Mopsuestia:

1017 1633 1132 1668 episcopi
1153 1641 1199 1668 per
1227 1634 1359 1661 Orientem
1385 1635 1476 1663 eodem
1499 1636 1667 1664 anathemate
1689 1639 1808 1671 percussi

1017 1681 1198 1707 communione
1223 1689 1273 1707 non
1296 1681 1442 1713 abstinuit;
1470 1682 1574 1708 videbat
1599 1683 1667 1709 enim
1695 1684 1807 1711 sinceris

1016 1724 1184 1759 dogmatibus
1202 1727 1302 1752 servari
1317 1727 1463 1760 pra'cipuos
1480 1727 1616 1761 religionis
1631 1728 1768 1754 articulos.

1052 1769 1187 1805 Quidquid
1202 1774 1292 1798 tamen
1312 1771 1339 1797 hi
1364 1776 1498 1804 asserunt,
1521 1776 1626 1799 certum
1651 1777 1692 1800 est
1714 1773 1805 1800 Theo-

1016 1815 1076 1842 dori
1095 1816 1169 1843 dicta
1193 1824 1253 1850 qua:
1275 1816 1445 1844 Nestorium:
1472 1817 1568 1845 hasrcsi
1590 1818 1735 1849 favebant.
1763 1819 1804 1847 vel

1015 1865 1093 1888 extra
1111 1861 1254 1889 catholicae
1270 1862 1330 1890 ﬁdei
1348 1870 1483 1895 normam,
1499 1864 1557 1890 sive
1572 1864 1667 1891 suisin
1684 1865 1805 1899 scriptis,

1016 1906 1074 1934 sive
1090 1907 1118 1933 in
1133 1906 1250 1934 aliorum
1268 1908 1473 1936 commentariis
1490 1908 1597 1935 fuerant
1614 1909 1804 1942 disseminata,

1015 1960 1154 1988 nunquam
1170 1952 1255 1981 fuisse
1273 1954 1307 1981 ab
1323 1953 1486 1982 orthodoxis
1500 1954 1627 1983 Patribus
1642 1956 1804 1991 approbata,

1014 1999 1137 2034 quinimo
1148 2007 1162 2026 a
1176 1999 1300 2034 pluribus
1310 2000 1447 2035 privatim,
1463 2004 1520 2027 tum
1531 2001 1639 2028 demum
1651 2002 1677 2028 in
1688 2003 1806 2029 mncilio

1017 2044 1035 2071 V
1049 2045 1169 2080 generali
1188 2052 1242 2072 una
1258 2052 1320 2072 cum
1336 2045 1482 2074 Theodoro
1499 2047 1569 2082 ipso,
1588 2051 1617 2074 ut
1634 2048 1759 2075 lmretica
1777 2053 1805 2075 et

1014 2090 1156 2118 catholicis
1169 2090 1282 2118 auribus
1296 2091 1377 2118 noxia
1390 2092 1502 2125 rejecta,
1516 2096 1544 2120 et
1557 2093 1724 2122 anathemati
1740 2095 1804 2122 sub-

1011 2136 1094 2171 jecta,
1104 2139 1131 2163 et
1144 2135 1282 2163 Theodori
1293 2137 1452 2164 memoriam
1463 2146 1480 2163 οξ
1490 2137 1626 2173 diptychis
1634 2143 1802 2174 protrusam.

1013 2185 1043 2208 ut
1057 2181 1140 2208 tradit
1153 2180 1326 2209 Justinianus
1342 2181 1492 2216 imperator
1512 2183 1540 2210 in
1559 2184 1649 2211 edicto
1666 2185 1704 2220 (b)
1725 2185 1802 2212 ΕΙδό-

175 2225 210 2252 tis
218 2230 390 2258 summopere
401 2220 596 2257 postularetur,
605 2221 639 2248 ab
647 2220 706 2255 ejus
714 2220 889 2249 damnatione
900 2223 963 2250 abs-

1016 2235 1062 2259 τες
1076 2227 1116 2259 ὡς
1135 2225 1235 2253 οὐδέν.
1261 2226 1397 2262 Θεόδωρος
1407 2227 1434 2254 δὲ
1446 2229 1480 2263 τῇ
1503 2229 1591 2265 οἰκείᾳ
1610 2230 1805 2266 ὲντελευτήσας

175 2270 292 2297 tinuisse
306 2268 413 2298 Patres,
438 2270 534 2294 narrat
560 2266 631 2293 idem
660 2265 792 2294 Leontius
815 2268 959 2300 act.vt,4:

180 2316 210 2342 ὐ
228 2315 256 2342 δὲ
272 2313 346 2345 Ἴδας
356 2313 404 2339 καὶ
416 2312 497 2343 αὐτὸς
512 2311 705 2347 Νεστοριανὸς,
722 2312 760 2344 ὡς
776 2312 852 2347 δηλοῖ
864 2314 881 2348 ἡ
897 2322 962 2348 γρα-

176 2362 256 2395 φεῖσα
269 2359 333 2395 παρ’
347 2357 428 2385 αὑτοῦ
446 2357 574 2392 ἐπιστολὴ
592 2357 660 2391 πρὸς
673 2357 764 2393 Μάριν
778 2357 824 2384 τὸν
841 2358 960 2394 Πέρσην,

175 2406 204 2431 ἑν
256 2404 311 2431 ἄνω
328 2403 374 2429 καὶ
392 2402 468 2429 κάτω
483 2403 590 2428 ἐπαινεῖ
602 2402 647 2428 τὸν
663 2401 810 2437 Θεόδωρον,
821 2402 868 2436 ἀφ’
882 2399 912 2429 οὗ
929 2403 962 2429 τὰ

141 2461 147 2488 a‘
176 2451 231 2476 ῐδια
244 2449 365 2484 δόγματα
386 2447 538 2482 ἰσχυρίζετο
552 2448 566 2473 δ
583 2445 740 2481 Νεστόριος.
757 2446 820 2474 lbos
838 2453 926 2474 autent
937 2453 962 2475 et

175 2495 231 2530 ipse
242 2493 418 2521 Nestorianus
430 2493 493 2527 fuit,
502 2492 722 2527 quemadmodum
734 2494 768 2519 ab
777 2501 806 2520 eo
817 2495 962 2528 perscripta

175 2540 210 2567 ad
222 2538 320 2566 Marim
333 2537 443 2565 Persam
454 2537 564 2571 epistola
575 2538 658 2570 docet,
671 2538 697 2565 in
705 2546 757 2573 qua
767 2546 873 2565 sursum
886 2539 962 2566 deor-

175 2593 234 2613 sum
256 2583 420 2611 Theodorum
437 2582 538 2615 laudat,
560 2583 635 2617 cujus
658 2584 816 2612 auctoritate
836 2585 961 2620 dogmata

176 2639 225 2658 sua
244 2629 385 2657 Nestorius
399 2628 583 2663 conﬁrmabat.
598 2628 632 2655 Ει
655 2629 726 2656 infra
743 2639 749 2657 :
778 2630 858 2657 Ἀλλὰ
881 2631 962 2658 πάλιν

176 2675 371 2710 ἑπαποροῦσιν,
385 2674 425 2701 ὅτι
439 2673 494 2700 Καὶ
506 2673 551 2701 διὰ
563 2674 590 2701 τί
601 2675 639 2710 μὴ
652 2675 793 2710 ἀπῄτησεν
805 2676 885 2703 αὐτὸν
897 2677 962 2704 ἀνα-

176 2721 322 2756 θεματίσαι
336 2719 483 2754 Θεόδωρον,
498 2719 556 2745 ἀλλ’
571 2719 680 2752 ἐδέξατο
693 2720 742 2756 τὴν
757 2721 900 2757 ἐπιστολὴν
914 2722 962 2749 αὺ-

175 2766 222 2793 τοῦ
238 2766 287 2802 τὴν
305 2766 373 2802 rupi);
386 2765 430 2792 τὸν
446 2765 547 2802 Μάριν,
565 2766 595 2792 ὲν
616 2763 634 2803 ᾖ
649 2766 734 2793 πολλά
747 2767 820 2793 ἔστιν
843 2768 962 2795 ἐπαινῶν

212 2838 251 2873 (a)
271 2838 309 2865 Ex
324 2838 417 2874 Cyrilli
443 2838 532 2869 libris,
551 2846 624 2866 nunc
638 2838 792 2874 ideperditis
803 2860 811 2872 ,
826 2839 959 2867 Adversus

178 2872 571 2906 Theodommvlopsuestenum
590 2878 615 2900 et
633 2872 777 2900 Diodorum
793 2873 958 2907 Tarsensem,

178 2909 329 2944 iragnienta
345 2916 395 2936 nos
418 2908 552 2936 edidimus
574 2908 602 2935 in
625 2907 702 2935 Nova
729 2907 842 2936 Patrum
866 2909 958 2937 biblio-

1013 2271 1141 2307 ἁσεὸεἱᾳ,
1157 2272 1211 2298 ἀπὸ
1226 2272 1317 2308 πάσης
1345 2273 1507 2308 Ἐκκλησίας
1523 2274 1664 2311 ὲξεὸλήοη.
1694 2277 1805 2311 Ἀμέλει

1012 2325 1054 2343 τοι
1069 2317 1116 2344 καὶ
1130 2318 1184 2343 πᾶν
1198 2317 1228 2343 τὸ
1242 2317 1379 2353 πλήρωμα
1393 2319 1442 2354 τῆς
1455 2320 1483 2347 ὲν
1494 2320 1668 2357 Μοψουεστίᾳ
1689 2323 1803 2358 Ἐκκλη-

1014 2362 1084 2394 σίας,
1099 2364 1128 2389 ὲν
1173 2363 1281 2397 λέγεται
1292 2363 1439 2395 ἐπίσκοπος
1451 2366 1613 2401 γεγενῆσθαι
1626 2367 1670 2393 διὰ
1679 2368 1728 2399 τὰς
1739 2368 1803 2402 βλα-

1014 2406 1147 2441 σφημίας,
1159 2406 1192 2432 δι’
1210 2407 1300 2443 ἇσπερ
1324 2407 1438 2443 Ἕλλησί
1463 2418 1493 2436 τε
1511 2411 1556 2436 καὶ
1583 2411 1728 2444 Ἰουδαίοις,
1755 2414 1802 2439 καὶ

1015 2452 1172 2487 Σοδομίταις
1185 2453 1258 2488 παρὰ
1273 2453 1328 2480 τῶν
1344 2454 1429 2488 ἁγίων
1447 2456 1576 2492 Πατέρων
1599 2458 1799 2494 συνηριθμήοη,

1014 2497 1166 2533 ἀπήλειψαν
1180 2498 1209 2531 ἐξ
1226 2498 1330 2525 ἐκείνου
1345 2499 1398 2526 τῶν
1416 2500 1496 2535 ἱερῶν
1512 2501 1562 2535 τῆς
1585 2501 1747 2538 Ἐκκλησίας
1761 2505 1801 2530 δι-

1015 2544 1125 2578 πτύχων
1137 2544 1186 2579 τὴν
1199 2544 1294 2570 τούτου
1311 2545 1507 2580 προσηγορίαν,
1525 2546 1563 2578 ὼς
1578 2546 1613 2573 τὰ
1626 2549 1691 2584 περὶ
1705 2549 1801 2575 τούτου

1016 2589 1151 2616 συστάντα
1169 2589 1238 2615 κατὰ
1254 2589 1306 2625 τὴν
1317 2591 1401 2626 αὐτὴν
1414 2591 1490 2617 πόλιν
1504 2592 1579 2627 παρὰ
1592 2595 1625 2629 τῇ
1638 2595 1741 2628 συνόδῳ
1753 2596 1801 2630 τῆς

1015 2634 1151 2669 ἐπαρχίας
1170 2635 1354 2670 ὑπομνήματα
1367 2635 1512 2664 δείκνυσιν.
1536 2637 1687 2667 Theodorus
1701 2649 1760 2667 vero
1775 2642 1800 2667 in

1015 2687 1064 2706 sua
1087 2679 1220 2714 impietate
1237 2684 1375 2710 mortuus,
1390 2680 1423 2706 ab
1446 2683 1568 2709 universa
1596 2683 1716 2711 Ecclesia
1737 2693 1800 2718 pro-

1015 2723 1129 2757 scriptus
1139 2728 1188 2751 est.
1202 2723 1273 2756 Quin
1285 2729 1309 2751 et
1318 2729 1373 2750 tota
1385 2723 1505 2752 Ecclesia
1519 2725 1713 2760 Hopsuestena,
1723 2729 1801 2762 cujus

1014 2770 1149 2803 episcopus
1173 2769 1255 2803 fuisse
1273 2769 1382 2803 dicitur,
1401 2774 1506 2804 propter
1524 2771 1581 2805 ejus
1601 2771 1777 2806 blasphemia:
1789 2793 1798 2806 ,

1014 2843 1099 2881 theca,
1114 2847 1134 2870 t.
1148 2842 1193 2881 l_V,
1209 2843 1385 2881 p._45l_-455;
1400 2843 1486 2878 deque
1499 2851 1530 2872 ea
1546 2852 1576 2873 re
1585 2849 1663 2881 plura
1676 2846 1713 2874 ibi
1729 2847 1800 2878 dixie

1012 2885 1073 2905 Inus
1089 2879 1116 2904 in
1131 2878 1361 2905 adnotationibus.

1048 2913 1086 2947 (b)
1103 2912 1183 2939 Cone.
1202 2911 1287 2940 Labb.
1301 2917 1320 2939 ι.
1338 2911 1370 2944 V,
1386 2913 1438 2940 col.
1456 2913 1517 2941 716.
