1947 3071
137 214 174 244 83
758 212 804 240 EX
830 212 954 240 LEONIS
991 212 1131 242 ALLATII
1732 212 1768 242 se

137 281 230 308 quam
245 273 331 301 denuo
350 282 427 301 suam
442 273 563 302 htcresim
578 275 737 309 conﬁrmare
747 274 836 301 certati
850 278 923 306 sunt,
940 276 960 303 Α
976 275 1080 308 ptione,
1106 275 1296 310 Interpretatio
1315 275 1474 304 creation'rs.
1499 274 1577 302 Liber
1598 275 1700 310 primus
1727 283 1768 302 se-

138 329 217 355 opera
247 320 379 347 Theodori
410 319 610 354 Mopsuesteni,
637 321 681 356 qui
710 320 793 348 multo
823 321 925 354 pejora,

137 374 217 400 quam
236 364 377 392 Nestorius
392 365 449 399 ejus
475 365 624 400 discipulus
642 365 845 399 blasphemavit.
869 363 927 391 Nos

141 411 224 445 igitur
240 415 376 445 sequentes
392 416 498 438 sanctos
515 410 611 438 Patres
629 416 735 438 nostros
747 432 755 444 ,
771 416 795 438 et
814 411 928 438 volentes

140 461 238 483 rectam
254 456 332 490 ﬁdem
346 457 402 484 sine
417 457 474 484 ulla
488 457 594 484 macula
609 465 775 490 conservare,
790 457 929 484 hortamur

139 510 193 534 cos,
205 505 233 528 ut
248 501 327 536 hujus
340 510 440 537 quoque
455 502 631 537 blasphemias
643 504 835 535 nominantes,
853 504 884 530 de
898 512 928 531 eo

139 552 163 573 et
178 547 354 575 sectatoribus
369 548 425 583 ejus
442 550 600 576 sententiam
624 549 718 583 [eratis
734 558 743 576 :
759 558 820 576 nam
832 555 929 583 pra’ter

140 594 279 620 innumera
290 594 356 626 alia,
369 602 428 628 quia
439 595 517 629 impie
526 596 552 621 in
566 594 702 622 Christum
716 595 799 622 Deum
809 601 928 622 nostrum

141 640 282 667 maledicta
306 641 429 672 evomuit,
459 641 486 668 id
505 649 607 676 quoque
624 642 750 676 protulit,
771 642 856 668 alium
873 650 930 669 esse

140 686 223 713 Deunt
240 685 365 718 Verbum,
381 686 464 713 aliaat
478 686 612 714 Christum
623 688 668 721 qui
683 687 714 713 ab
726 687 810 714 animi
823 693 928 721 pertur-

140 731 290 759 bationibus
302 753 309 764 ,
333 738 358 760 et
374 733 462 760 carnis
482 734 686 767 cupiditatibus,
703 734 855 761 molestiam
878 734 929 768 ipsi

140 777 323 805 eshibentibus
337 798 345 810 ,
367 779 498 812 paulatim
515 785 544 805 ut
563 788 579 806 α
592 779 768 806 deterioribus
785 779 927 810 desistens,

142 828 248 850 actuum
264 824 385 859 profectu
412 825 440 852 in
465 825 559 853 melius
578 827 691 853 euaserit
705 846 712 857 ,
741 825 929 860 inculpataque

141 871 247 903 optima:
263 871 322 898 t-itte
337 871 440 898 ratione
453 880 516 899 usus
524 872 569 904 sit,
585 873 630 907 qui
651 877 679 898 ut
696 880 778 906 purus
796 872 884 903 homo,
901 871 928 897 in

142 915 246 942 nomine
260 914 361 948 Patris,
374 922 398 943 et
410 917 486 949 Filii,
498 923 521 944 et
533 917 650 950 Spiritus
664 918 751 944 sancti
765 917 927 951 baptizatus,

142 968 186 993 per
199 960 358 994 baptismum
376 963 493 996 gratiam
517 961 635 996 Spiritus
658 963 745 989 sancti
760 966 926 992 consecutus,

142 1006 282 1041 adoptione
299 1008 334 1035 sit
356 1009 499 1043 dignatus,
526 1015 550 1035 et
573 1010 607 1035 ad
627 1008 829 1036 similitudinem
851 1008 930 1042 regia:

143 1054 270 1089 imaginis
288 1054 409 1081 Christus
430 1055 456 1081 in
475 1063 586 1089 persona
603 1055 651 1082 Dei
685 1054 762 1081 Verbi
781 1055 929 1085 adoratus;

144 1105 169 1125 et
177 1104 235 1132 post
246 1101 461 1127 resurrectionem
472 1102 561 1127 animo
573 1100 717 1132 constanti,
730 1105 754 1127 et
764 1105 930 1134 peccatorum

142 1153 223 1171 vacuo
232 1145 323 1179 fuerit.
339 1145 475 1173 Prteterea
486 1147 668 1180 pronuntiavit
680 1154 739 1173 eam
754 1146 838 1180 fuisse
855 1144 930 1172 Verbi

142 1199 201 1217 cum
214 1190 320 1218 Christo
336 1192 469 1224 unionem,
482 1201 542 1228 qua:
557 1199 596 1220 est
606 1193 639 1220 ab
651 1193 778 1228 Apostolo
794 1192 867 1219 dicta
882 1193 932 1219 viri

141 1244 201 1262 cum
217 1237 364 1264 mulierem
383 1237 415 1264 Et
431 1243 508 1265 erunt
519 1239 571 1265 duo
586 1239 613 1265 in
630 1247 683 1265 una
698 1246 788 1265 carne.
811 1248 820 1263 ι
842 1238 931 1265 Theo-

142 1282 204 1308 dori
233 1283 298 1309 item
317 1290 402 1317 prava
419 1282 546 1318 dogmata
580 1282 758 1318 prosequitur
780 1281 932 1318 Hesychius

146 1325 285 1360 presbyter
298 1326 558 1363 llierosolymitanus
575 1328 601 1355 in
611 1328 733 1355 Historia
741 1328 931 1361 ecclesiastica,

144 1372 223 1405 cujus
239 1373 320 1399 verba
337 1373 487 1400 recitantur
500 1374 526 1400 in
538 1373 559 1400 V
571 1375 789 1409 synodo,collat.
803 1375 829 1407 5,
841 1375 932 1402 etalii.

180 1414 297 1449 Scripsit
307 1415 450 1442 innumera
463 1423 546 1451 prope
556 1417 705 1449 volumina,
719 1418 746 1444 in
758 1417 859 1452 quibus
871 1425 932 1444 cum

143 1459 260 1486 aliorum
276 1459 395 1487 haereses
415 1467 570 1496 oppugnat,
586 1467 642 1489 tum
666 1462 724 1498 ipse
745 1463 813 1490 alias
834 1467 861 1490 et
875 1463 935 1498 μεί-

145 1504 201 1534 ζονι
228 1504 267 1539 τῷ
295 1505 386 1540 μέτρῳ
403 1506 531 1540 parturit,
552 1511 580 1534 et
595 1514 657 1534 cum
683 1507 872 1542 Apollinarem
889 1514 934 1534 re-

145 1550 221 1582 fellit,
248 1549 366 1577 Nestorii
389 1551 463 1586 impii
482 1551 608 1587 dogmata
639 1554 786 1587 expromit.
811 1552 933 1580 Joannes

144 1595 340 1628 Antiochenus,
356 1601 382 1623 et
402 1597 524 1632 synodus
536 1597 656 1626 Orientis
670 1599 708 1624 Ad
721 1598 847 1626 Proclum
860 1599 931 1627 Con-
945 1613 969 1644 ο

144 1641 421 1674 stantinopolitanum,
440 1647 468 1669 ut
481 1647 523 1669 est
537 1642 609 1677 apud
626 1642 784 1670 Facundum
801 1644 849 1671 lib.
870 1652 930 1677 vm,

144 1693 206 1720 cap.
222 1686 253 1712 1:
272 1685 360 1713 Nimis
381 1688 478 1714 aniuue
500 1692 598 1715 nostrtc
613 1689 757 1716 vulneratw
779 1694 850 1720 sunt,
868 1691 931 1725 quia

146 1738 196 1757 non
209 1730 295 1757 solum
313 1739 360 1758 nos
379 1732 491 1759 virentes
505 1731 572 1759 tales
592 1733 741 1760 calunmias
758 1734 791 1760 ab
807 1734 846 1761 his
859 1754 866 1766 ,
888 1735 933 1769 qui

147 1777 304 1804 conturbare
316 1777 405 1804 volunt
418 1777 554 1806 Ecclesias
573 1780 696 1806 continue
711 1781 932 1812 sustinemus,scd

145 1824 227 1851 etiam
236 1824 280 1859 qui
294 1826 356 1851 bene
365 1824 396 1851 de
405 1825 458 1852 vita
467 1825 599 1860 profectus
614 1830 652 1853 est
666 1826 756 1853 beatus
769 1827 931 1859 Theodorus,

147 1869 191 1903 qui
204 1869 316 1904 quinque
340 1875 364 1896 et
381 1870 562 1905 quadraginta
578 1871 655 1898 annis
675 1872 746 1898 clare
763 1873 790 1898 in
811 1873 933 1900 doctrina

146 1914 290 1948 praefulsit,
306 1919 330 1941 et
346 1923 448 1941 omnem
468 1916 589 1943 lueresim
606 1918 776 1952 expugnavit,
795 1923 819 1944 et
831 1919 933 1945 nullam

150 1959 246 1987 alicubi
269 1960 462 1987 detractionem
483 1961 514 1988 ab
540 1962 694 1989 orthodoxis
718 1964 745 1990 in
769 1965 822 1990 vita
847 1966 934 1992 susci-

146 2004 219 2037 piens
232 2023 239 2036 ,
254 2009 312 2039 post
329 2004 402 2040 longi
417 2007 542 2041 temporis
560 2007 620 2034 hinc
641 2008 806 2041 discessum,
833 2014 858 2036 et
875 2016 933 2044 post

149 2050 233 2077 multa
247 2051 404 2083 certamina,
419 2056 443 2078 et
459 2056 518 2085 post
534 2052 622 2079 decem
638 2053 725 2081 millia
743 2054 873 2082 librorum
887 2057 936 2083 ad-

147 2102 236 2121 versus
263 2093 375 2121 hereses
398 2096 515 2129 scripta,
535 2100 559 2122 et
583 2101 724 2130 postquam
752 2099 779 2125 in
795 2106 934 2134 conspectu

147 2140 315 2167 sacerdotum
329 2144 354 2167 et
375 2141 567 2174 imperatorum
583 2147 607 2168 et
624 2143 782 2176 populorum
807 2146 934 2179 probatus

148 2190 198 2216 est,
216 2186 382 2218 periclitatur
396 2195 455 2221 qua:
470 2187 657 2215 hcereticorum
675 2196 736 2216 sunt
754 2192 894 2225 sustinere,
908 2199 933 2220 et

147 2232 202 2259 illis
210 2232 346 2266 proximus
359 2232 513 2266 prazdicari.
527 2233 582 2262 Nos
595 2243 629 2262 ex
642 2239 682 2262 tot
693 2236 781 2270 libris,
792 2237 852 2265 illos
864 2246 934 2273 quos

147 2276 280 2302 adnotare
296 2274 391 2302 datum
412 2276 475 2308 fuit,
490 2279 783 2307 commemorabimus.
798 2279 934 2309 Primum-

147 2330 201 2356 que
214 2321 266 2349 sibi
289 2322 378 2349 locum
392 2322 490 2350 habeat.
509 2324 658 2359 Ἑρμηνεία
675 2325 726 2360 τῆς
742 2326 867 2358 κτίσεως.
887 2327 935 2355 In-

149 2368 302 2401 terpretatio
315 2369 469 2395 creationis.
483 2368 560 2404 Legit
575 2378 634 2397 eam
654 2369 768 2400 Photius
786 2373 812 2399 in
831 2373 934 2401 Biblio-

150 2413 223 2439 theca
237 2413 298 2440 cod.
310 2413 355 2440 58.
377 2414 547 2449 Ἀνεγνώτθη
567 2415 706 2451 Θεοδώρου
728 2416 888 2453 ’Δντιοχέως
904 2416 934 2446 οὗ

149 2459 165 2492 ἡ
182 2459 340 2494 ἐπιγραφὴ,
362 2459 520 2494 Ἐρμηνεία
545 2460 601 2495 τῆς
620 2462 755 2494 κτίσεως.
781 2463 824 2490 Ἐν
842 2465 936 2500 τόμοις

149 2504 219 2530 ἑπτὰ
231 2504 248 2537 ἡ
262 2503 357 2539 πρώτη
370 2505 460 2539 βίϐλος
474 2506 644 2541 ἐπεραίνετο.
653 2507 709 2543 Τὴν
724 2509 752 2535 δὲ
764 2510 864 2544 φράσιν
876 2511 936 2538 οὐδὲ

148 2550 274 2585 λαμπρὸς
288 2570 296 2581 ,
311 2549 371 2576 οὐδὲ
385 2549 445 2578 λίαν
465 2552 564 2586 σαφὴς.
580 2552 690 2586 Φεὺγων
715 2553 744 2580 δὲ
765 2554 811 2581 τὸν
825 2555 936 2583 δυνατὸν

149 2594 224 2630 αὺτῷ
236 2595 337 2630 τρόπον
352 2595 401 2627 τὰς
415 2595 591 2632 ἀλληγορίας,
605 2598 653 2624 καὶ
671 2600 742 2626 κατὰ
754 2600 803 2634 τὴν
817 2601 937 2636 ἱστορίαν

148 2640 198 2675 τὴν
209 2640 356 2676 ἑρμηνείαν
370 2641 529 2676 ποιούμενος
540 2651 546 2657 ·
560 2644 717 2678 ταυτολογεῖ
727 2644 754 2670 δὲ
765 2645 798 2671 τὰ
813 2646 937 2679 πλεῖστα,

150 2685 197 2711 καὶ
212 2684 309 2720 ἄχαρίς
326 2694 384 2717 πως
399 2686 446 2712 καὶ
464 2687 548 2722 ἀηδὴς
565 2686 633 2715 εἶναι
650 2689 739 2716 δοκεῖ·
765 2690 834 2717 ἀλλὰ
847 2693 893 2719 καὶ
905 2693 935 2720 τὸ

150 2730 297 2766 Νεατορίου
316 2730 403 2767 δόγμα
416 2751 424 2762 ,
441 2732 465 2758 εἱ
484 2733 531 2759 καὶ
553 2734 607 2769 πρὸ
625 2735 773 2770 Νεοτορίου
800 2737 931 2773 ὑπῆρχεν,

150 2776 378 2812 ὑπερευγόμενος.
395 2773 480 2810 Οὗτος
491 2779 519 2806 se
533 2779 606 2806 ἔστιν
620 2781 633 2806 ὁ
650 2781 847 2815 Μοῲουεστίας.
866 2784 929 2812 Lec-

152 2825 194 2848 tus
216 2822 348 2850 Theodori
363 2824 520 2853 Antiocheui
536 2825 603 2853 liber
625 2831 664 2853 est
683 2835 743 2854 cum
763 2828 813 2855 hac
839 2830 933 2858 inscri-

186 2897 225 2938 (ᾳ)
237 2897 296 2925 Νοη
308 2899 335 2938 in
349 2901 515 2938 creationem
532 2903 730 2936 tantummodo,
747 2904 773 2930 id
783 2909 825 2932 est
838 2905 864 2932 in
879 2906 933 2934 Ge.

151 2935 386 2969 uesim,__scripsit
406 2935 579 2969 Theodorus,
606 2945 700 2964 verum
718 2935 799 2965 etiam
823 2939 849 2966 in
864 2941 933 2969 alios

154 2967 237 2996 libros
256 2967 286 2996 V.
312 2967 343 2996 Τζ
365 2969 430 2998 Mihi
447 2967 627 3000 occurrebant
646 2973 673 3000 in
694 2972 831 3002 Vaticanis
854 2967 930 3004 codi:

981 325 1051 355 ptent
1067 322 1146 348 tomis
1161 321 1356 349 absolvebatur.
1375 321 1466 356 Stylus
1486 321 1528 348 illi
1555 328 1636 355 neque
1652 320 1767 347 illustris

978 374 1059 400 neque
1080 367 1155 393 caldo
1173 367 1339 401 perspicuus.
1357 366 1475 401 Fugiens
1492 373 1552 392 vero
1565 386 1572 398 ,
1588 370 1718 400 quantum
1738 365 1767 391 in

978 412 1035 446 ipso
1050 417 1088 439 est
1104 412 1247 447 allegorias
1258 432 1265 444 ,
1282 417 1306 439 et
1323 412 1499 438 historiarum
1514 411 1647 437 duntaxat
1663 411 1769 444 exposi-

979 458 1075 484 tionem
1086 462 1215 489 tractans,
1226 457 1318 484 eadem
1332 457 1474 484 identidem
1492 457 1596 490 repetit,
1609 460 1634 482 et
1647 456 1768 490 ingratus

979 507 1056 537 atque
1070 503 1195 529 molestus
1213 503 1306 537 legenti
1321 502 1418 528 accidit
1433 510 1443 528 .'
1458 502 1521 536 quin
1536 506 1561 528 et
1576 500 1694 528 Nestorii
1709 509 1769 527 scn—

979 548 1098 579 tentiam,
1116 549 1235 582 quamvis
1249 548 1297 575 illo
1312 549 1386 582 prior
1398 548 1490 582 fuerit,
1512 547 1591 573 tacite
1608 547 1698 574 vomit.
1716 545 1768 572 llic

977 601 1015 622 est
1029 595 1179 623 Theodorus
1192 596 1237 623 ille
1253 596 1432 630 Mopsuestice.
1452 595 1534 622 Multa
1545 595 1662 630 hujusce
1674 594 1768 621 videre

978 645 1020 668 est
1032 641 1058 667 in
1071 641 1176 669 catenis
1189 641 1291 669 Grascis
1304 642 1332 668 in
1343 641 1473 668 Genesim.
1487 640 1573 676 llujus
1583 640 1769 675 expositiones

978 693 1033 712 non
1063 693 1259 721 usquequaque
1283 686 1404 721 probatae
1429 690 1494 714 sunt
1521 693 1536 712 a
1560 685 1711 719 Philopono
1739 684 1768 711 in

980 730 1138 758 Hexaemeri
1160 732 1332 767 expositione.
1361 731 1474 759 Photius
1499 730 1599 758 ibidem
1615 739 1621 756 :
1640 727 1723 761 Οὗτος
1739 729 1769 756 δέ

978 778 1052 804 ἐστιν
1066 779 1080 804 ὁ
1095 778 1294 812 Μοψουεστίας,
1305 778 1334 804 ὃν
1345 778 1391 804 καὶ
1404 778 1532 809 πλείστας
1545 777 1659 808 εὐθύνας
1679 776 1772 802 Ἰωάν-

979 832 1028 858 νης
1043 825 1057 850 ὁ
1069 824 1224 856 Φιλόπονος,
1239 824 1277 856 ὼς
1291 823 1371 855 αὐτός
1383 832 1461 859 φησι,
1473 824 1523 859 τῆς
1539 822 1669 857 τοιαύτης
1683 822 1772 857 ἑρμη-

978 870 1053 901 νείας
1070 871 1099 896 ὲν
1117 871 1209 905 οἰκείῳ
1222 869 1260 905 τῷ
1274 872 1318 903 εὶς
1331 869 1501 904 τὶιιθΚτίσιν
1515 870 1650 904 πονήματι
1663 867 1769 902 ἐδείχθη

981 917 1134 948 σπουδαίως
1158 916 1387 952 εἰσπραττόμενος
1405 925 1411 932 ·
1427 917 1477 943 Hic
1497 920 1536 942 est
1559 914 1709 942 Theodorus
1728 914 1772 940 ille

981 961 1173 997 Mopsucstitv,
1193 971 1209 989 a
1230 970 1281 997 quo
1305 970 1483 996 sa'penumero
1511 965 1615 987 constat
1638 960 1770 987 Joannem

982 1006 1169 1042 Philoponunt,
1185 1011 1213 1034 ut
1230 1008 1336 1041 ipsemet
1351 1006 1461 1040 fatetur,
1475 1006 1604 1032 rationem
1618 1004 1770 1039 hujusmodi

982 1053 1206 1087 interpretationis
1224 1053 1291 1080 bona
1314 1052 1366 1087 [ide
1393 1061 1424 1079 ac
1441 1052 1510 1079 serio
1534 1051 1652 1085 exegisse
1673 1050 1699 1076 in
1720 1057 1771 1076 suo

982 1098 1020 1126 De
1036 1098 1157 1126 universi
1175 1098 1315 1125 creatione
1332 1105 1419 1131 opere.
1438 1098 1470 1124 Et
1486 1097 1613 1131 apertius
1633 1095 1696 1122 cod.
1710 1094 1744 1121 45
1760 1103 1768 1120 :

982 1144 1037 1170 Kal
1053 1143 1207 1178 συμφωνῶν
1219 1144 1233 1170 ὁ
1249 1142 1393 1174 Φιλὸπονος
1412 1142 1504 1177 σχεδὸν
1522 1142 1549 1167 ἐν
1567 1142 1624 1171 τοῖς
1635 1140 1771 1170 πλείστοις

982 1190 1116 1224 Βασιλεὶῳ
1139 1188 1178 1224 τῷ
1205 1189 1333 1223 Μεγάλῳ,
1360 1188 1532 1215 ἀντιπίπτων
1553 1187 1581 1213 δὲ
1601 1187 1634 1213 δι’
1651 1186 1710 1213 ὅλου
1732 1185 1773 1221 τῷ

983 1235 1171 1270 Μοψουεστίας
1183 1234 1322 1270 Θεοδώρῳ,
1334 1234 1363 1266 ὃς
1376 1234 1424 1270 τὴν
1441 1234 1525 1269 αὐτὴν
1536 1233 1662 1260 ὑπόθεσιν
1673 1233 1770 1267 ἐνστη-

984 1281 1111 1316 σάμενος,
1132 1279 1310 1315 Ἰζρμηνείαν
1324 1280 1379 1315 τῆς
1396 1281 1521 1312 κτίσεως
1539 1279 1570 1306 τὸ
1588 1279 1689 1314 βιῆλξον
1704 1278 1770 1305 ἐπέ-

983 1327 1103 1362 γραψεν·
1122 1323 1153 1352 οὗ
1174 1327 1223 1357 τὰς
1244 1326 1322 1359 δόξας
1345 1325 1489 1360 διελέγχων
1517 1326 1531 1352 ὁ
1555 1325 1699 1355 Φιλόπονος
1721 1324 1771 1358 τὴν

984 1372 1108 1398 ἐναντίαν
1124 1372 1258 1407 ἐτράπετο
1275 1380 1281 1387 ·
1296 1373 1381 1406 Atque
1398 1376 1427 1397 ut
1446 1371 1549 1398 Basilio
1566 1369 1663 1405 Magno
1678 1369 1771 1395 l’hilo-

984 1425 1068 1451 ponus
1087 1417 1232 1451 plurimum
1248 1417 1301 1452 fere
1318 1418 1458 1448 consentit,
1474 1417 1511 1442 sic
1525 1424 1571 1450 per
1585 1415 1674 1442 omnia
1689 1414 1771 1441 Theo-

985 1464 1050 1491 doro
1072 1463 1241 1498 Mopsuestia:
1266 1468 1411 1497 repugnat,
1432 1463 1476 1497 qui
1495 1463 1565 1489 idem
1585 1466 1770 1496 argumentum

974 1517 1123 1544 aggressus
1136 1529 1144 1540 ,
1164 1508 1415 1543 interpretationem
1438 1507 1585 1535 creationis
1603 1507 1700 1534 librum
1728 1507 1771 1532 in-

986 1556 1103 1589 scripsit,
1123 1554 1199 1589 cujus
1230 1554 1363 1588 upiniones
1395 1553 1557 1588 Philoponus
1584 1552 1770 1588 reprehendens

986 1606 1078 1628 contra
1103 1602 1177 1627 nisus
1192 1605 1240 1628 est.
1263 1601 1295 1627 Et
1311 1601 1382 1635 quod
1403 1601 1488 1635 magis
1504 1606 1555 1632 est,
1581 1600 1608 1626 in
1629 1598 1649 1626 V
1667 1598 1772 1634 synodo

985 1647 1117 1683 generali,
1143 1647 1234 1673 coll-at.
1252 1647 1284 1678 4,
1304 1655 1335 1674 ea
1360 1651 1490 1681 tanquam
1517 1645 1642 1673 haeretica
1654 1665 1660 1676 ,
1678 1649 1705 1672 et
1720 1645 1772 1679 piis

986 1694 1098 1720 auribus
1115 1693 1195 1720 noxia
1209 1692 1434 1719 condemnamur.
1451 1690 1529 1719 Unde
1545 1692 1626 1718 etiam
1637 1690 1773 1725 colligitur

987 1733 1056 1772 opus
1069 1739 1094 1764 in
1111 1738 1202 1772 plures
1217 1737 1301 1763 libros
1321 1736 1404 1763 fuisse
1417 1737 1534 1764 divisum
1549 1735 1597 1771 (a).

1024 1783 1147 1810 Psalmos
1162 1790 1272 1818 quoque
1285 1782 1430 1810 Davidicos
1446 1782 1641 1810 commentario
1652 1787 1677 1808 el
1694 1789 1774 1816 expo-

988 1830 1134 1858 sitionibus
1152 1828 1305 1855 adornavit.
1323 1827 1361 1855 Ex
1377 1828 1452 1855 hisce
1470 1827 1686 1863 expositionibus
1700 1836 1774 1862 quac-

987 1876 1049 1902 dam
1063 1875 1223 1906 recitantur,
1241 1874 1339 1908 quibus
1355 1875 1427 1901 illius
1441 1874 1562 1906 haeresis,
1584 1879 1610 1901 et
1634 1881 1696 1901 cum
1714 1873 1775 1900 Ne-

994 1921 1078 1948 storio
1094 1928 1246 1948 consensus
1265 1921 1446 1953 convincitur,
1462 1929 1492 1948 ex
1509 1920 1705 1948 commentario
1718 1919 1774 1947 sci-

989 1967 1052 1994 licet
1067 1967 1093 1993 in
1109 1967 1226 2000 psalmos
1250 1975 1314 2000 vni,
1335 1975 1379 1994 xxi
1391 1987 1398 1997 ,
1413 1971 1439 1994 et
1461 1974 1544 1994 vam
1557 1987 1564 2000 ,
1581 1966 1608 1993 in
1625 1966 1646 1992 V
1670 1965 1775 1999 synodo

989 2013 1117 2047 generali,
1130 2013 1221 2040 eollat.
1236 2013 1264 2044 4,
1278 2018 1305 2040 et
1319 2014 1346 2040 in
1360 2013 1491 2047 psalmum
1506 2020 1597 2044 XLVIII,
1616 2020 1630 2039 a
1646 2011 1776 2039 Facundo

991 2059 1180 2086 llermianensi
1196 2059 1242 2086 lib.
1261 2066 1298 2090 Ix,
1318 2066 1379 2094 cap.
1397 2059 1422 2091 i,
1436 2063 1466 2085 ut
1482 2058 1655 2086 Theodorum
1671 2057 1705 2085 ab
1721 2058 1776 2084 har:

989 2105 1042 2132 resi
1058 2104 1272 2137 defendat.Quod
1282 2112 1316 2131 an
1328 2108 1401 2131 recte
1415 2104 1579 2139 praestiterit,
1590 2103 1704 2130 aliorum
1716 2107 1776 2131 esto

986 2150 1129 2184 judicium.
1140 2147 1195 2176 Nos
1205 2149 1282 2176 aliter
1293 2149 1395 2176 sentire
1403 2149 1535 2184 cogimur,
1547 2150 1593 2183 qui
1608 2149 1710 2176 scimus
1724 2149 1775 2175 has

988 2197 1015 2222 in
1028 2195 1144 2230 psalmos
1155 2193 1338 2228 expositiones
1349 2193 1429 2220 etiam
1446 2193 1480 2220 ab
1492 2194 1550 2228 ipso
1566 2193 1710 2221 Theodoro
1719 2201 1774 2220 non

990 2242 1074 2269 fuisse
1089 2247 1285 2275 usquequaque
1299 2239 1437 2274 probatas.
1454 2239 1536 2266 Multa
1553 2239 1625 2266 enim
1638 2240 1690 2267 sibi
1706 2240 1776 2267 eli'u-

951 2290 973 2318 D
988 2288 1070 2322 gisse,
1089 2290 1118 2313 ut
1134 2285 1284 2320 incipienti.
1300 2293 1361 2320 qum
1374 2286 1524 2312 maturiore
1537 2286 1718 2320 castigatione
1733 2286 1775 2312 iu-

985 2334 1102 2368 digeanl,
1121 2332 1215 2359 scribit
1232 2331 1301 2358 idem
1317 2333 1375 2366 ipse
1399 2331 1432 2357 ad
1450 2331 1594 2358 Cerdonem
1612 2332 1658 2358 lib.
1678 2331 1714 2358 De
1733 2331 1774 2358 al-

985 2378 1083 2414 legoria
1097 2382 1121 2404 et
1136 2377 1247 2405 historia
1269 2377 1394 2403 adversus
1419 2376 1556 2411 Origenem
1574 2377 1644 2411 apud
1667 2376 1773 2403 Facun-

985 2426 1048 2452 dum
1067 2425 1114 2451 lib.
1135 2432 1175 2456 Ill,
1193 2431 1254 2458 cap.
1272 2423 1298 2452 6.
1312 2428 1338 2450 et
1357 2423 1403 2450 lib.
1421 2431 1447 2449 Χ.
1462 2432 1523 2458 cap.
1543 2423 1552 2449 l
1569 2433 1575 2450 ε
1595 2423 1651 2457 Ego
1666 2423 1771 2458 quidem

986 2471 1053 2505 quod
1075 2474 1165 2496 nostra
1186 2469 1224 2495 sic
1248 2469 1339 2495 laudes
1353 2488 1361 2500 ,
1385 2477 1436 2496 non
1453 2469 1500 2495 alii
1517 2469 1633 2503 cuipiam
1658 2469 1770 2503 imputo,

985 2522 1063 2550 quam
1078 2514 1220 2543 amicitiae,
1233 2521 1312 2548 quam
1328 2513 1400 2539 circa
1426 2521 1471 2539 nos
1487 2512 1566 2538 [tabes
1576 2532 1583 2543 ,
1598 2520 1678 2546 quant
1691 2512 1772 2538 etiam

986 2562 1013 2587 in
1036 2560 1128 2586 multis
1156 2564 1181 2586 et
1204 2559 1306 2593 magnis
1333 2558 1408 2585 rebus
1435 2566 1535 2591 semper
1558 2557 1720 2586 ostendisti:
1748 2561 1773 2584 et

987 2605 1103 2632 maxime
1118 2604 1244 2639 quoniam
1267 2611 1298 2630 ea
1321 2611 1379 2637 qua:
1402 2604 1501 2637 scripta
1524 2607 1584 2629 sunt
1602 2602 1629 2629 in
1652 2602 1773 2637 psalmos

989 2650 1109 2681 miraris,
1124 2657 1182 2683 qua:
1197 2649 1276 2676 etiam
1291 2649 1375 2682 primo
1399 2652 1553 2674 ca'terorum
1573 2648 1689 2674 omnium
1705 2649 1771 2674 scri-

986 2696 1097 2729 psimus.
1119 2693 1181 2720 Non
1209 2698 1296 2720 autent
1310 2697 1437 2727 quantam
1459 2697 1611 2726 oportuerat
1632 2692 1770 2718 habuimus

987 2742 1058 2768 circa
1073 2741 1152 2766 istam
1167 2747 1221 2766 rem
1231 2739 1413 2774 diligentiam;
1427 2738 1500 2772 passi
1513 2738 1582 2764 enim
1593 2746 1684 2764 sumus
1697 2746 1771 2772 qua:-

987 2794 1087 2820 cunque
1101 2786 1264 2819 incipientes,
1282 2789 1310 2810 ut
1325 2784 1407 2811 evenit
1422 2803 1430 2815 ,
1447 2784 1475 2810 in
1487 2783 1621 2817 imperitia
1639 2783 1772 2810 scribendi

987 2830 1126 2858 constituti
1143 2837 1152 2856 :
1169 2829 1298 2865 siquidem
1325 2833 1349 2855 et
1370 2828 1468 2855 multas
1490 2829 1704 2861 immutationes,
1725 2829 1771 2855 illo

985 2907 1064 2934 cibus
1083 2906 1198 2940 sparsim
1223 2904 1345 2940 ejusdem
1366 2904 1486 2940 auctoris
1506 2903 1657 2940 fragmepta
1680 2908 1706 2931 id
1728 2909 1771 2932 est

987 2942 1013 2967 in
1029 2937 1168 2971 Erotium,
1187 2940 1213 2966 in
1229 2937 1360 2966 Numeros
1371 2959 1378 2971 ,
1395 2939 1421 2964 in
1439 2937 1538 2974 dasne,
1552 2937 1586 2966 Vin
1605 2938 1728 2974 Iudices,
1741 2940 1769 2967 in

988 2975 1071 3004 Isaia:
1088 2975 1257 3010 Ezechia'quc
1268 2982 1366 3010 preces.
1383 2974 1409 3000 in
1420 2973 1495 3001 odos.
