1947 3071
144 160 180 188 87
782 160 828 187 EX
847 159 972 188 LEONIS
991 159 1131 188 ALLATH
1733 158 1769 186 88

146 217 293 253 symbolum
320 217 480 249 Nicwnum,
499 217 651 246 sententias
670 217 782 246 Patrum
806 219 840 246 ad
865 226 931 247 suos

992 218 1031 251 τὰς
1047 219 1138 252 δόξας,
1159 220 1202 245 ὅτε
1219 220 1276 250 ταῖς
1300 218 1383 246 αὐτοῦ
1405 219 1633 255 περιτυγχάνουσι
1649 217 1767 253 βίϐλοις·

147 270 258 291 errores
292 261 514 297 comprobandos
549 263 724 298 detorquens.
759 263 934 292 Justinianus

148 308 295 343 imperator
307 309 333 335 in
350 307 448 335 Edicto
461 315 544 343 supra
556 309 681 336 laudato:
705 309 775 336 Ἀλλ’
789 310 849 336 οὐδὲ
869 309 934 336 Θεό-

146 351 232 387 δωρος
244 352 258 378 ό
276 351 408 387 Ἕλληνάς
425 359 454 378 τε
469 353 515 379 καὶ
535 353 677 385 Ἰουδαίους
688 354 734 381 καὶ
745 353 848 385 πάντας
858 354 934 389 αἱρε-

147 397 240 428 τικοὺς
261 397 295 432 τῇ
313 397 425 433 ἀσεϐείᾳ
441 398 673 434 ὑπερϐαλλόμενος
688 407 694 413 ·
710 395 786 430 οὗτος
799 399 853 435 γάρ
868 400 934 435 πρὸς

147 443 206 474 ταῖς
234 442 329 474 ἄλλαις
353 443 435 469 αὑτοῦ
463 443 657 479 βλασφημίαις,
687 445 736 471 οὐκ
757 445 877 480 ἠρκέσθη
896 445 934 480 τῷ

150 487 217 523 πρὸς
229 487 277 523 τὴν
292 488 360 515 ίδίαν
377 488 480 524 πλάνην
495 490 719 525 παρερμηνεῦσαι
735 490 868 524 σύμϐολον
879 490 934 516 τῶν

148 534 310 569 τριακοσίων
339 534 404 561 δέκα
434 536 479 562 καὶ
507 535 578 562 ὀκτὼ
601 535 685 570 ἁγίων
711 536 850 571 Πατέρων,
866 536 935 563 ἀλλὰ

149 579 196 605 καὶ
207 580 410 615 περιφρονήσας
425 579 532 612 τούτου,
549 580 599 606 καὶ
619 579 655 606 τὰ
666 579 749 614 ἑξῆς.
776 580 867 616 Neque
881 582 936 616 ipse

153 623 304 651 Theodorus
315 645 322 657 ,
341 625 385 660 qui
395 633 525 660 paganos,
538 625 663 658 Judwos,
679 634 710 652 ac
729 635 818 654 omnes
830 627 935 654 hwreti-

151 677 194 696 cos
208 670 341 704 impietate
354 671 506 704 superavit;
524 671 584 698 huic
604 672 673 698 enim
689 677 785 707 praeter
795 672 865 699 alias
876 673 934 699 bla—

151 714 281 748 sphemias
293 724 344 742 non
357 716 424 743 satis
437 717 486 751 fuit
508 721 566 750 apte
581 716 615 743 ad
633 725 710 744 suum
726 725 841 745 errorem
855 719 934 753 per/i-

151 759 224 786 diase
242 761 410 795 interpretari
432 762 579 797 symbolum
604 767 779 790 trecentorum
804 763 891 790 decem
910 768 934 790 et

152 809 211 832 octo
227 810 377 833 sanctorum
391 807 515 840 Patrum,
533 808 578 835 sed
591 814 736 843 contempto
748 809 805 840 illo.
827 813 880 836 etc.
896 809 934 836 Et

153 851 205 878 hac
223 852 339 888 symboli
355 853 458 881 Nicteni
476 854 700 889 interpretatione
715 855 838 890 quadam
864 856 934 883 reie—

152 903 251 925 runtur
266 898 293 925 in
308 897 328 925 ν
345 899 461 934 synodo.
478 900 569 927 collat.
585 900 721 935 saepejam
738 901 875 935 praedicta.

188 942 282 977 quue
308 944 417 970 tandem
441 948 610 979 contempto,
637 945 746 980 scripsit
771 945 829 981 ipse
850 950 937 973 marte

152 988 264 1023 proprio
280 990 432 1023 symbolum
452 991 526 1017 omni
554 991 691 1025 impietate
705 992 813 1026 plemtm
824 1012 832 1025 ,
847 991 874 1018 in
893 1000 937 1027 sy-

152 1032 224 1060 nodo
247 1033 383 1068 Ephesina
405 1038 432 1061 et
459 1034 673 1062 Chalcedonensi
696 1037 795 1063 lectum
821 1041 847 1064 et
870 1044 937 1064 con-

152 1077 321 1105 demnatum.
345 1079 416 1106 Idem
438 1079 611 1108 Justinianus
628 1081 746 1108 ibidem:
766 1082 845 1108 Ἀλλὰ
859 1091 938 1118 περι-

153 1124 290 1159 φρονήσας
316 1124 431 1158 τούτου,
455 1126 548 1161 ἓτερον
573 1126 707 1162 σύμϐολον
726 1127 832 1160 ἐξέθετο
848 1128 939 1162 πάσης

153 1169 279 1201 ἀσεϐείας
303 1170 528 1206 πεπληρωμένον,
555 1173 584 1198 ὲν
609 1170 631 1206 ᾧ
652 1172 848 1207 ἁναθεματίσαι
876 1174 939 1205 τοὺς

153 1214 252 1250 ἑτέρως
269 1215 434 1251 φρονοῦντας
447 1217 596 1253 ἐτόλμησεν
611 1226 619 1233 ⁸
641 1218 711 1244 ὥστε
727 1219 788 1246 ὅσον
805 1219 875 1246 κατὰ
890 1219 940 1254 τὴν

153 1259 257 1286 ἐκείνου
280 1260 380 1295 μανίαν
393 1262 496 1294 πάντας
511 1262 574 1294 τοὺς
591 1263 686 1297 ἁγίους
704 1263 867 1295 ἀποστόλους
893 1265 940 1290 καὶ

155 1305 279 1340 Πατέρας
297 1307 521 1342 κατακεκρίσθαι.
542 1307 627 1335 Τοῦτο
649 1308 678 1335 δὲ
700 1309 730 1335 τὸ
755 1309 852 1340 ἀσεϐὲς
876 1310 939 1336 Θεο-

155 1350 240 1388 δώρου
256 1352 389 1386 σύμϐολον
405 1353 451 1379 καὶ
467 1354 495 1380 ἐν
510 1355 544 1389 τῇ
564 1355 623 1380 κατ’
642 1355 757 1388 Ἔφεσον
773 1355 868 1391 πρώτῃ
881 1364 941 1381 συν-

155 1396 220 1432 όδῳ,
241 1397 287 1423 καὶ
316 1398 348 1424 ἐν
369 1397 520 1434 Χαλκηδόνι
538 1399 721 1434 ἀναγνωσθὲν,
745 1400 789 1434 ὑφ’
809 1401 942 1436 ἑκατέρας

155 1441 264 1468 συνόδου
279 1443 348 1478 μετὰ
361 1443 407 1469 τοῦ
421 1443 568 1479 ἐκθεμένου
585 1445 695 1471 καὶτῶν
709 1445 861 1480 δεξαμένων
877 1446 941 1473 αὐτὸ

157 1487 314 1523 κατεκρίθη.
332 1487 385 1515 Sed
399 1493 544 1523 contempto
559 1489 617 1522 illo,
638 1489 712 1517 aliud
728 1490 849 1524 procudit
871 1499 942 1525 sym-

156 1532 244 1559 bolum
262 1534 334 1560 omni
348 1534 481 1568 impietate
500 1535 625 1568 refertum
638 1555 645 1568 ,
659 1536 687 1562 in
703 1543 753 1570 quo
766 1537 846 1563 etiam
866 1536 942 1563 dam-

156 1586 220 1605 nare
237 1587 317 1606 ausus
328 1584 366 1606 est
384 1588 427 1606 eos
443 1579 488 1614 qui
505 1580 582 1606 aliter
599 1580 631 1606 ab
654 1581 711 1615 ipsa
734 1582 875 1613 sentirent,
894 1587 939 1615 ut,
954 1571 976 1599 ε

156 1630 283 1659 quantum
301 1626 328 1652 in
344 1633 372 1652 se
385 1625 466 1652 situm
479 1631 546 1658 erat,
559 1626 723 1653 damnarerit
739 1635 827 1654 omnes
837 1633 941 1653 sanctos

157 1671 289 1703 apostolos
306 1675 331 1697 et
349 1670 454 1697 Patres.
488 1670 544 1696 Hoc
565 1676 651 1697 autem
678 1672 786 1705 impium
813 1671 942 1698 Theodori

156 1715 303 1750 symbolum
321 1716 382 1742 etin
397 1715 498 1750 synodo
516 1717 603 1749 prima
622 1715 752 1750 Ephesina
768 1721 793 1743 et
814 1717 840 1742 in
863 1716 944 1743 Chal-

157 1760 295 1787 cedonensi
308 1761 421 1793 lectum,
437 1760 469 1787 ab
486 1766 598 1796 utraque
613 1769 666 1787 una
680 1770 737 1788 cum
754 1766 860 1788 auclore
875 1761 942 1795 ejus,

156 1809 182 1831 et
197 1804 224 1831 id
244 1804 428 1839 recipientibus
454 1804 611 1832 damnatum
630 1805 691 1839 fuit.
721 1806 839 1840 Cyrinus
854 1811 943 1833 tamen

157 1849 357 1878 Alexandrinus
370 1870 376 1881 ,
394 1851 437 1878 cui
456 1850 483 1877 in
497 1850 548 1878 hoc
567 1851 675 1886 negotio
692 1850 780 1884 major
801 1851 869 1878 lides
895 1851 944 1878 hac

158 1895 246 1923 benda
262 1899 317 1928 est,
331 1896 483 1930 symbolum
501 1900 605 1923 tantum
622 1897 648 1923 in
664 1895 801 1931 Ephesina
817 1897 946 1923 condem-

160 1946 253 1968 natum
269 1941 353 1973 dicit,
367 1942 440 1968 nulla
453 1941 523 1969 facta
537 1942 570 1969 de
581 1942 655 1969 illius
669 1945 781 1969 auctore
796 1941 942 1973 mentione,

159 1986 232 2021 quod
255 1987 310 2021 jam
334 1987 362 2014 in
386 1987 455 2015 vivis
489 1995 550 2015 esse
575 1987 713 2015 desiisset.
743 1987 789 2014 Sic
814 1987 886 2014 enim
916 1987 943 2013 in

163 2031 282 2066 Epistula
290 2032 324 2059 ad
334 2032 471 2065 Proclum,
488 2031 810 2067 Constantinopolitanum
827 2033 944 2066 patriar-

160 2079 236 2106 cham
253 2078 309 2112 (ed.
325 2078 446 2110 Aubert,
465 2082 485 2105 t.
501 2077 534 2111 V,
559 2082 630 2113 part.
655 2085 692 2109 η,
717 2085 743 2112 p.
761 2077 824 2112 200)
839 2086 844 2103 :
864 2078 945 2103 Ἰστω

159 2125 189 2152 δι
207 2125 223 2159 ἠ
241 2124 274 2160 σὴ
292 2123 400 2158 ὁσιότης
416 2124 457 2150 ὃτι
476 2123 703 2159 προσενεχθείσης
719 2124 752 2158 τῇ
765 2123 830 2158 ἁγία
844 2122 946 2158 συνόδῳ

161 2169 295 2201 ἐκθέσεως
315 2170 380 2204 παρ’
397 2169 480 2195 αὐτοῦ
495 2168 689 2204 συνταχθείσης
699 2188 706 2199 ,
722 2169 759 2200 ὼς
778 2169 801 2195 οἱ
817 2177 945 2202 προενεγ-

985 264 1032 290 καὶ
1050 264 1080 290 τὸ
1096 263 1249 299 περαιτέρω
1269 265 1382 300 χωρεῖν,
1405 263 1526 298 θορύϐων
1547 262 1603 289 ἐσθ’
1619 263 1662 289 ὅτε
1682 261 1770 288 τίκτει

984 308 1134 343 προφάσεις
1155 316 1161 322 ·
1190 307 1263 335 Sciat
1284 316 1342 335 rero
1363 308 1491 335 sanctitas
1515 312 1561 334 tua
1576 306 1644 342 quod
1663 306 1768 340 exposi-

985 355 1055 381 tione
1068 374 1076 386 ,
1092 362 1150 389 qua'
1163 354 1229 380 nihil
1246 354 1305 381 sani
1318 353 1440 386 habebat,
1462 353 1494 380 ab
1505 361 1534 380 eo
1548 353 1691 387 composita
1704 373 1711 384 ,
1728 351 1770 378 uti

984 400 1106 427 dicebant
1121 400 1140 426 ii
1150 401 1195 435 qui
1210 408 1268 427 eam
1284 401 1429 427 attulerant
1443 419 1450 431 ,
1466 398 1537 433 apud
1555 403 1675 425 sanctam
1689 405 1770 432 syno-

984 447 1047 473 dum
1059 446 1175 481 prolata,
1190 454 1247 473 eam
1264 445 1367 481 quidem
1385 444 1531 479 reprobavit
1545 449 1637 471 sancta
1653 442 1769 478 synodus

985 497 1073 526 utpote
1083 491 1210 525 perversis
1226 491 1391 525 conceptibus
1406 490 1530 525 refertam
1540 510 1547 523 ,
1562 494 1587 516 et
1609 488 1768 516 Nestoriana

985 538 1122 571 impietate
1133 538 1211 572 quasi
1225 537 1366 571 ﬂuentem;
1382 537 1420 563 eis
1437 540 1525 563 autent
1546 535 1591 570 qui
1605 536 1644 561 ita
1662 534 1769 568 sapiunt

985 582 1179 614 condemnatis,
1211 581 1386 615 dispensatire
1410 580 1512 607 nullam
1537 580 1586 607 viri
1612 579 1768 606 mentionem

985 628 1046 662 fecit
1062 648 1070 660 ,
1101 635 1146 654 nec
1180 627 1268 661 ipsum
1294 626 1451 652 nominatim
1474 625 1634 652 anathemati
1658 623 1769 657 subjecit

984 677 1091 706 propter
1110 671 1351 705 dispensationem,
1376 678 1408 696 ne
1422 669 1520 696 scilicet
1542 668 1624 703 aliqui
1646 675 1768 702 magnam

986 718 1036 745 siri
1053 717 1201 751 opinionem
1216 721 1380 750 spectantes,
1394 724 1421 742 se
1436 715 1506 750 ipsos
1517 715 1550 741 ab
1560 714 1676 742 ecclesiis
1691 720 1768 746 sepa—

986 768 1086 790 rarent.
1112 761 1144 790 In
1163 762 1205 789 his
1230 770 1288 789 vero
1314 761 1508 796 dispensatione
1527 760 1576 792 uti.
1596 759 1722 794 optimum
1737 764 1771 783 ac

984 808 1097 842 prudens
1115 813 1153 835 est
1173 807 1333 840 consilium;
1347 807 1370 834 si
1388 807 1458 834 enim
1477 806 1571 833 uiueret
1587 811 1673 835 nunc,
1688 807 1712 830 et
1724 801 1770 828 de-

986 853 1075 887 fensor
1090 857 1156 880 esset
1179 852 1402 888 blasphemiarum
1421 851 1540 878 Nestorii
1552 869 1559 882 .
1575 857 1621 877 seu
1639 848 1706 875 tueri
1721 854 1769 874 suo

951 903 972 930 Β
986 899 1134 933 patrocinio
1147 898 1222 925 uellet
1236 906 1278 931 ea,
1293 905 1351 932 qnte
1366 898 1420 930 ipse
1428 897 1581 932 scripserat,
1591 895 1679 930 utique
1688 894 1770 920 etiam

987 945 1013 971 in
1029 944 1137 979 propria
1154 951 1265 978 persona
1281 943 1447 970 anathemate
1459 943 1582 977 feriretur
1596 949 1604 968 :
1621 945 1647 967 at
1658 947 1717 966 cum
1735 937 1770 965 ad

987 990 1071 1017 Deum
1098 991 1262 1025 migraverit,
1286 995 1328 1016 sat
1350 994 1406 1020 est,
1431 993 1509 1023 prout
1525 996 1570 1022 ego
1586 995 1694 1018 censeo,
1711 991 1770 1020 qua

988 1036 1104 1063 absurda
1116 1040 1140 1063 et
1155 1037 1244 1070 inepta
1261 1035 1293 1062 ab
1313 1043 1343 1062 eo
1359 1035 1509 1068 conscripta
1524 1037 1596 1065 sunt,
1609 1032 1722 1066 expungi
1736 1033 1769 1058 ab

988 1083 1022 1109 iis
1033 1083 1078 1116 qui
1091 1087 1159 1109 recte
1174 1083 1304 1113 sentiunt,
1326 1079 1430 1112 quando
1449 1080 1506 1114 ejus
1529 1078 1590 1106 libri
1608 1081 1747 1104 occurrant
1761 1085 1771 1109 ;

989 1127 1099 1154 ulterius
1109 1131 1197 1154 autem
1211 1126 1345 1161 progredi,
1360 1131 1426 1153 esset
1438 1126 1516 1159 plane
1528 1124 1665 1151 turbarum
1676 1130 1771 1150 causas

989 1174 1113 1200 excitare.
1138 1171 1218 1199 Falso
1241 1172 1333 1206 itaque
1352 1171 1525 1198 Justinianus
1545 1173 1683 1196 auctorem
1699 1174 1773 1203 sym-

990 1219 1044 1246 boli
1069 1218 1226 1246 damnatum
1248 1225 1310 1245 esse
1331 1221 1481 1244 asseverat.
1502 1215 1647 1243 Facundos
1666 1213 1714 1241 lib.
1729 1220 1771 1245 ut,

990 1271 1050 1299 cap.
1061 1264 1089 1296 ‘2,
1105 1267 1185 1297 negat
1202 1267 1295 1298 aperte
1311 1262 1463 1298 symbolum
1483 1261 1548 1288 illud
1563 1260 1647 1287 fuisse
1662 1265 1773 1293 compo-

990 1311 1074 1338 situm
1089 1318 1104 1337 a
1124 1310 1282 1341 Theodoro,
1302 1313 1329 1336 et
1347 1308 1560 1343 conscriptorem
1578 1306 1638 1341 eius
1659 1304 1744 1332 fuisse
1757 1311 1773 1330 a

990 1358 1070 1385 dictis
1082 1357 1194 1392 synodis
1213 1355 1423 1384 condemnatum
1440 1363 1447 1381 :
1473 1353 1566 1380 Adhuc
1590 1356 1675 1378 tamen
1699 1349 1776 1377 aliud

991 1411 1114 1438 magnum
1134 1410 1166 1429 ac
1183 1402 1281 1436 duplex
1299 1409 1390 1428 eorum
1407 1399 1572 1427 mendacium
1590 1397 1748 1433 publicanus
1763 1404 1772 1422 :

991 1448 1059 1482 quod
1071 1446 1282 1474 Chalcedonense
1295 1445 1448 1476 concilium,
1462 1452 1514 1471 non
1527 1443 1650 1477 Ephesini
1660 1446 1773 1472 tantum,

991 1500 1079 1520 rerum
1104 1493 1183 1519 etiam
1212 1492 1294 1525 ipsius
1327 1488 1546 1517 Chalcedonensis
1565 1487 1667 1522 judicio
1693 1486 1778 1513 videri

993 1537 1109 1564 notabile
1123 1536 1261 1563 voluerunt
1275 1535 1390 1563 dicentes
1405 1543 1414 1561 :
1434 1533 1564 1561 Theodori
1578 1531 1726 1567 symbolum
1749 1534 1776 1557 et

993 1583 1019 1609 in
1035 1582 1138 1617 Epheso
1155 1582 1201 1609 sub
1216 1585 1308 1608 sancto
1323 1580 1425 1614 Cyrillo
1440 1579 1554 1614 synodus
1565 1599 1572 1611 ,
1592 1577 1655 1604 etin
1668 1575 1777 1603 Chalce-

992 1629 1058 1656 done
1075 1628 1310 1655 condemnaverunt
1320 1648 1327 1659 ,
1342 1631 1420 1660 atque
1430 1624 1592 1652 anathemati
1603 1622 1778 1650 subdiderunt

993 1682 1051 1700 cum
1064 1674 1241 1708 conscriptore
1255 1673 1331 1707 ejus;
1347 1679 1406 1699 cum
1429 1672 1457 1698 in
1478 1670 1608 1705 Ephesina
1622 1668 1722 1703 synodo
1736 1675 1778 1694 re-

994 1720 1096 1754 feratur
1111 1719 1218 1753 quidam
1236 1719 1340 1745 nomine
1361 1717 1498 1745 Charisius
1516 1715 1658 1751 presbyter,
1671 1717 1695 1741 et
1709 1721 1777 1740 arco-

994 1774 1086 1793 nomus
1102 1764 1303 1799 Philadelphia,
1321 1764 1407 1790 nescio
1417 1771 1482 1797 quos
1498 1761 1641 1788 Antonium
1657 1763 1682 1787 et
1694 1759 1776 1786 Jaco—

995 1811 1054 1837 bum
1070 1810 1236 1844 presbyteros
1252 1816 1392 1836 accusasse
1406 1808 1438 1834 de
1459 1807 1584 1834 societate
1599 1803 1716 1832 Nestorii
1728 1823 1736 1835 ,
1752 1808 1778 1829 et

994 1856 1113 1882 docuisse
1133 1854 1201 1890 quod
1224 1862 1276 1881 non
1296 1853 1423 1880 Ecclesia:
1441 1851 1607 1887 symbolum,
1625 1850 1670 1877 sed
1686 1849 1778 1881 aliud,

995 1901 1123 1928 conversis
1140 1899 1425 1927 Tessaresea'decatitis
1436 1897 1576 1928 Ita-reticis,
1593 1897 1638 1930 qui
1652 1903 1705 1922 non
1720 1902 1780 1921 cum

995 1946 1135 1977 Ecclesia,
1154 1945 1199 1972 sed
1226 1944 1425 1979 quartadecima
1449 1943 1513 1969 luna
1535 1941 1639 1968 Pascha
1665 1939 1780 1967 celebra-

995 1993 1077 2023 bant,
1102 1990 1290 2022 tradiderunt;
1318 1997 1363 2015 nec
1389 1988 1426 2015 ibi
1456 1988 1578 2019 dicatur,
1603 1986 1642 2013 rel
1668 1985 1700 2012 ab
1723 1985 1781 2017 ipso

996 2035 1130 2067 Charisio,
1148 2035 1186 2062 rel
1202 2044 1218 2062 a
1232 2041 1383 2070 quoquam.
1399 2033 1466 2060 illud
1482 2032 1629 2066 symbolum
1652 2030 1781 2057 Theodori
1827 2048 1832 2055 .

996 2083 1088 2116 fuisse.
1111 2081 1209 2108 Beatus
1228 2080 1345 2115 Cyrillus
1361 2079 1476 2106 scribens
1495 2076 1674 2104 Orientalibus
1691 2075 1754 2102 dicit
1770 2083 1781 2102 :

996 2127 1108 2154 Prolata
1121 2132 1158 2154 est
1175 2127 1202 2153 in
1217 2131 1310 2153 sancta
1325 2124 1425 2159 synodo
1442 2122 1573 2157 Ephesina
1592 2121 1722 2156 deﬁnitio,
1741 2129 1781 2147 rc-

998 2174 1046 2200 lnti
1061 2181 1077 2200 a
1099 2173 1233 2199 Theodoro
1247 2171 1376 2205 deposita,
1400 2169 1478 2196 sicuti
1494 2168 1629 2202 offerentes
1648 2165 1779 2194 dicebant.

161 2215 253 2246 κόντες
262 2215 389 2249 ἔφασκον,
406 2214 482 2241 οὐδὲν
494 2214 607 2249 ἐχούσης
620 2215 704 2248 ὑγιὲς,
720 2214 941 2250 κατεκιϐδήλευσε

999 2217 1054 2244 Nec
1069 2218 1188 2252 afﬁrmat
1203 2225 1261 2244 eam
1279 2215 1408 2243 Theodori
1421 2215 1512 2249 fuisse,
1525 2221 1613 2241 rerum
1630 2221 1709 2248 neque
1722 2220 1783 2238 cum

162 2259 214 2296 μὲν
232 2260 317 2296 αὐτὴν
329 2261 346 2295 ὴ
358 2261 422 2294 ἁγία
434 2259 551 2291 σύνοδος,
564 2260 602 2291 ὡς
613 2259 838 2295 διεστραμμένων
849 2260 947 2295 γέμου-

162 2313 213 2333 σαν
234 2305 357 2337 ἐννοιῶν,
379 2305 424 2332 καὶ
446 2306 494 2340 τὴν
516 2305 662 2340 Νεστορίου
684 2305 844 2332 δυσσέϐειαν
869 2305 948 2332 οἱονεί

163 2359 221 2382 πως
243 2351 417 2386 πηγάζουσαν
431 2359 438 2366 ο
454 2351 640 2386 κατακρίνασα
661 2350 689 2376 δὲ
712 2351 775 2381 τοὺς
789 2350 860 2376 οὕτω
883 2359 949 2386 φρο-

163 2395 276 2427 νοῦντας
287 2416 295 2428 ,
311 2395 490 2431 οἰκονομικῶς
504 2396 554 2423 οὐκ
568 2396 753 2432 ἐμνημόνευσε
768 2395 816 2422 τοῦ
837 2396 931 2431 ἀνδρὸς
940 2415 948 2428 ,

163 2441 224 2468 οὐδὲ
239 2441 319 2469 αὑτὸν
330 2441 467 2476 ὑπέθηκεν
486 2442 615 2477 όνομασετ)¹
630 2441 669 2477 τῷ
689 2441 902 2477 ἀναθεματισμῷ
917 2441 951 2468 δι’

163 2487 334 2521 οίκονομίαν,
359 2486 402 2513 ἵνα
426 2487 464 2522 μή
484 2495 557 2519 τινες
576 2489 609 2523 τῇ
631 2488 764 2524 ὑπολήψει
783 2488 830 2515 τοῦ
854 2488 950 2524 ἀνδρὸς

163 2531 382 2567 προσεσχηκότες
398 2531 572 2559 ἀποϐάλωσιν
587 2533 701 2565 ἑαυτοὺς
715 2534 770 2560 τῶν
784 2534 947 2569 ἐκκλησιῶν,

167 2577 201 2604 Ἢ
220 2577 248 2603 δὲ
270 2578 299 2603 ὲν
317 2576 422 2609 τούτοις
440 2578 580 2613 οἰκονομία
598 2579 708 2614 ἄριστόν
732 2588 759 2606 τι
782 2580 878 2614 χρῆμα
902 2580 950 2606 καὶ

163 2622 244 2656 σοφόν
263 2631 270 2637 ·
288 2622 314 2649 ει
333 2622 384 2658 μὲν
402 2622 456 2658 γὰρ
480 2620 514 2658 ἧν
532 2624 561 2649 ἐν
583 2625 639 2656 τοῖς
653 2624 735 2656 ζῶσιν
750 2624 789 2651 ἐτι
801 2645 809 2657 ,
827 2625 873 2651 καὶ
887 2625 948 2651 σύν-

162 2667 245 2698 οπλος
256 2664 291 2702 ἦν
303 2667 363 2698 ταῖς
378 2666 526 2702 Νεστορίου
542 2667 719 2703 δυσφημίαις,
728 2669 745 2704 ἦ
757 2669 947 2706 συναγορεύειν

162 2712 258 2747 ἤθελεν
275 2708 316 2743 οἷς
336 2712 455 2748 ἔγραφεν
467 2712 549 2744 αὐτὸς
559 2732 567 2744 ,
585 2713 716 2740 πέπονθεν
737 2714 769 2741 ἂν
785 2714 832 2741 καὶ
846 2714 891 2741 τὸν
907 2715 947 2746 είς

163 2757 228 2784 [διον
243 2756 387 2792 πρόσωπον
400 2756 621 2793 ἁναθεματισμόν
629 2766 636 2773 '
644 2759 738 2795 ἐπειδὴ
748 2760 777 2786 δὲ
789 2760 949 2796 ἀπεδήμησε

136 2808 142 2844 ς
163 2802 231 2838 πρὸς
246 2802 322 2834 Θεὸν,
336 2803 417 2839 ἀρκεῖ
429 2803 554 2839 καθάπερ
572 2800 678 2839 ἐγῷμαι
688 2804 723 2831 τὰ
737 2805 859 2838 ἐκτόπως
874 2806 949 2841 αὐτῷ

163 2847 344 2920 γεγρΙαμμένα
368 2848 545 2877 ἐκϐάλλεσθαι
568 2849 643 2886 παρὰ
662 2850 716 2878 τῶν
731 2850 818 2885 ὀρθῶς
833 2850 949 2886 ἑχόντων

200 2893 209 2908 ¹
240 2899 302 2920 oan.
319 2900 367 2920 vn.
386 2893 429 2920 5|.

200 2893 209 2908 ¹
223 2893 302 2920 toan.
319 2900 367 2928 vn,
386 2893 429 2920 5|.

100 2992 171 3010 ,ι

997 2264 1052 2298 ejus
1068 2264 1255 2295 conscriptore,
1274 2266 1302 2288 ut
1320 2261 1366 2288 isti
1378 2260 1528 2295 confingunt
1541 2259 1619 2292 refert
1635 2265 1691 2285 esse
1707 2256 1782 2283 dam-

997 2314 1100 2340 natam,
1113 2309 1176 2343 quia
1189 2315 1213 2335 et
1226 2308 1352 2342 necjnste
1367 2307 1450 2341 fieret.
1467 2315 1476 2331 ι
1493 2305 1547 2332 Lex
1565 2304 1635 2331 enim
1652 2307 1754 2332 nostra.
1768 2310 1778 2326 ι

998 2353 1067 2379 sicut
1085 2354 1112 2379 in
1126 2352 1267 2387 Evangelia
1283 2351 1408 2385 scriptum
1424 2355 1474 2382 est,
1493 2359 1502 2375 ι
1518 2358 1568 2376 non
1579 2348 1682 2383 judicat
1697 2346 1782 2373 Itami-

999 2406 1067 2430 nem,
1088 2399 1140 2425 nisi
1161 2398 1274 2424 audierit
1296 2397 1327 2423 ab
1349 2405 1379 2424 eo
1393 2397 1466 2431 prius
1479 2415 1487 2427 ,
1503 2400 1528 2422 et
1552 2394 1697 2429 cognoverit
1718 2390 1783 2427 quid

1000 2444 1084 2477 faciat
1099 2445 1119 2470 ¹.
1139 2452 1148 2468 ι
1168 2441 1281 2469 Falsum
1293 2450 1353 2477 ergo
1367 2446 1422 2474 est,
1437 2446 1462 2468 et
1479 2439 1547 2475 (μιιά
1566 2439 1633 2465 dixit
1655 2437 1724 2472 apud
1739 2445 1783 2471 sy-

1001 2488 1097 2515 nodum
1114 2487 1271 2522 Ephesinam
1281 2486 1410 2514 Theodori
1425 2485 1572 2521 symbolum
1585 2492 1644 2510 cum
1657 2491 1704 2509 suo
1716 2481 1783 2509 scri-

999 2538 1073 2566 ptore
1099 2533 1265 2560 damnatum.
1290 2531 1324 2559 In
1349 2531 1512 2559 Chalcedone
1539 2530 1618 2557 etiam
1644 2537 1694 2556 non
1718 2527 1783 2554 alibi

1000 2579 1098 2605 mentio
1111 2577 1240 2605 Theodori
1252 2577 1323 2611 facta
1335 2582 1384 2609 est,
1401 2577 1452 2604 nisi
1471 2576 1516 2602 ubi
1536 2583 1568 2603 ea:
1589 2574 1700 2608 epistola
1713 2581 1783 2600 vene-

1000 2624 1092 2651 rabilis
1115 2623 1169 2651 lbar:
1189 2623 1327 2651 recitatum
1348 2629 1386 2650 est
1412 2631 1504 2650 nomen
1525 2622 1594 2656 ejus.
1618 2621 1782 2655 Cognoscant

1000 2671 1089 2705 itaque
1099 2678 1125 2697 ss
1137 2670 1202 2697 nihil
1213 2671 1267 2698 suis
1280 2669 1488 2704 subreptionibus
1510 2667 1651 2702 profecisse
1665 2685 1671 2698 ,
1688 2664 1782 2700 quibus

1001 2717 1117 2744 obtinere
1143 2717 1231 2743 conati
1259 2719 1339 2748 sunt,
1367 2719 1396 2741 ut
1424 2712 1642 2741 Chalcedonensis
1667 2709 1782 2745 synodus

1001 2761 1053 2789 sibi
1076 2762 1213 2789 contraria
1236 2762 1376 2792 videretur,
1403 2760 1552 2794 approbans
1573 2756 1712 2792 epistolam
1725 2755 1784 2781 lau-

1001 2808 1107 2834 dantem
1121 2807 1282 2834 Theodorum
1293 2827 1301 2840 ,
1320 2814 1394 2842 quem
1414 2813 1472 2832 cum
1486 2803 1604 2839 symbolo
1618 2801 1784 2830 damnaverit

1003 2861 1059 2881 sua.
1080 2852 1149 2889 Lege
1165 2855 1246 2881 etiam
1262 2852 1384 2887 ejusdem
1399 2850 1460 2878 libri
1475 2849 1624 2885 rapitulum
1635 2848 1760 2884 quintum
1771 2865 1784 2881 ι
