1947 3071
186 143 222 173 89
767 147 927 176 DlATlilBA
949 147 993 175 DE
1010 146 1215 176 TllEODOl'llS.
1776 146 1813 175 90

189 204 237 231 ubi
255 203 388 238 probatur
406 204 580 232 adversatum
606 205 692 233 fuisse
706 205 843 237 Sabellio.
866 214 899 233 ac
924 210 980 232 tres
995 208 1016 236 Α
1029 204 1168 241 genitor-es
1184 203 1427 239 Eutychianorum,
1448 203 1521 239 quod
1538 202 1610 232 idem
1627 201 1675 231 isti
1695 201 1816 230 afﬁrma-

189 248 220 275 in
232 247 368 276 Trinitate
380 256 512 283 personas
521 250 677 284 agnovisse,
688 256 715 278 et
728 251 883 286 symbolum
895 250 978 282 istud,

193 295 220 320 in
244 301 299 328 quo
324 297 452 329 negatam
481 295 627 329 perhibent
647 295 830 327 Trinitatem,
857 296 980 331 priorum

191 338 349 366 testimonio
371 346 427 366 non
457 346 519 367 esse
534 339 689 373 Theodori,
720 348 771 368 nec
795 349 896 376 negare
920 348 980 368 eam

190 384 327 418 potuisse,
343 391 424 419 quem
441 385 536 412 beatus
548 384 667 420 Cyrillus
681 386 805 414 adversus
818 387 981 413 Arianorum

190 433 217 456 et
239 428 470 456 Eunomianorum
491 430 619 464 Iutrescs,
637 431 734 466 viginti
756 431 827 459 forte
846 435 872 459 et
891 431 981 459 adhuc

193 475 312 510 amplius
331 475 417 503 libros
429 495 436 508 ,
450 479 478 503 et
492 476 545 502 alia
564 476 646 504 tradit
665 477 873 512 conscripsisse.
897 477 982 510 Quid-

192 520 260 555 quid
275 525 366 548 tamen
380 521 437 553 sit,
450 521 503 548 hoc
520 521 675 557 symbolum
691 523 836 550 recitatum
857 527 898 551 est
913 524 941 550 in
959 523 981 550 ν

193 565 301 601 synodo
319 567 457 601 generali,
484 574 593 601 unaque
611 574 674 594 cum
697 567 770 596 illius
785 573 896 596 auctore
915 577 983 596 con-

192 610 365 643 demnatum,
381 612 473 639 collat.
488 612 514 640 4.
538 612 574 639 Et
594 617 733 647 postquam
752 613 826 641 lecta:
839 619 900 641 sunt
925 614 983 641 bla-

193 656 321 691 sphemia
336 657 661 692 TheodoriMopsuesleni,
671 663 696 686 et
707 659 817 693 impiam
831 659 888 694 ejus
904 668 983 695 sym—

196 702 285 729 bolum
297 721 306 735 ,
323 707 417 730 sancta
434 703 549 738 synodus
568 704 747 732 exclamauit:
766 704 823 732 Ilac
835 706 984 740 symbolum

196 748 316 775 Satanas
331 750 484 783 composuit.
500 749 648 776 Anathema
666 751 699 783 ei,
714 751 760 785 qui
777 750 825 777 hoc
836 751 984 785 symbolum

196 796 356 829 composuit.
377 794 436 822 Hoc
454 795 600 830 symbolum
621 795 752 830 Ephesina
767 796 853 830 prima
870 797 984 832 synodus

197 849 253 867 una
271 849 331 867 cum
351 846 458 868 auctore
475 842 531 876 ejus
551 841 796 868 anathematizauit.
818 840 906 868 Unum
924 845 986 868 tart-

1030 255 1101 282 rent,
1119 249 1186 277 dicti
1201 253 1275 277 sunt.
1299 248 1445 276 Facundus
1459 249 1507 276 lib.
1517 256 1578 281 vnt,
1593 255 1655 283 cap.
1668 248 1686 276 Δ
1698 257 1705 275 :
1716 248 1816 283 Agebat

1030 296 1099 323 enim
1119 295 1269 322 Theodorus
1282 295 1432 329 frequenter
1453 299 1508 322 tam
1523 294 1598 322 libris
1614 302 1694 330 quam
1717 301 1817 321 sermo-

1031 342 1107 368 nibus
1131 341 1159 368 in
1188 340 1314 375 populum
1334 339 1435 366 Contra
1458 339 1652 376 Synusiastas,
1668 340 1721 367 sive
1734 344 1764 366 ut
1782 339 1816 366 ab

1032 386 1149 413 auctoris
1163 386 1205 412 sui
1222 385 1327 412 nomine
1338 389 1399 412 sunt
1412 385 1508 417 vocati,
1523 384 1743 419 Apollinaristas,
1754 391 1817 418 pro-

1032 433 1162 467 genitores
1178 430 1352 466 Eutychiana:
1364 429 1515 463 dementire,
1529 430 1574 464 qui
1590 429 1750 464 temporibus
1759 428 1817 463 ejus

1032 478 1118 505 exorti
1135 484 1216 503 unam
1239 476 1340 504 Christi
1357 475 1479 503 dicebant
1494 483 1551 502 esse
1565 480 1706 508 naturam;
1722 476 1817 510 quibus

1031 522 1221 557 repugnans,si
1235 521 1305 555 forte
1320 529 1366 556 per
1378 521 1522 548 humanam
1540 520 1715 555 fragilitatem
1728 521 1818 555 lapsus

1032 568 1163 596 invenitur
1176 568 1203 594 in
1217 567 1303 600 verbo,
1320 566 1383 602 quid
1398 567 1508 600 impium
1525 565 1642 601 synodus
1655 566 1728 600 fecit,
1749 566 1819 600 quod

1033 622 1092 640 cum
1112 613 1194 640 tantis
1213 611 1400 639 attestantibus
1421 610 1534 638 credidit
1548 610 1575 637 in
1591 618 1670 637 sensu
1691 611 1820 637 mansisse

1033 659 1164 687 catholico
1175 660 1187 686 .9
1201 657 1247 685 Sic
1259 657 1303 692 qui
1318 660 1414 685 contra
1426 656 1638 691 Apollinaristas
1650 655 1819 686 scribebant,

1034 705 1105 732 κατά
1121 703 1321 731 συνουσιαστῶν
1336 702 1458 730 scribere
1472 701 1643 729 dicebantur.
1655 699 1700 728 Sic
1710 699 1821 727 Diodori

1034 750 1179 778 Tarsensis
1209 748 1288 776 Κατὰ
1316 746 1514 774 συνουσιαστῶν
1536 754 1551 773 a
1574 745 1689 774 Leontio
1712 746 1761 773 lib.
1779 753 1821 777 In,

1035 796 1179 828 laudatur,
1193 800 1219 823 et
1234 794 1329 830 Cyrilli
1343 792 1518 821 Alexandrini
1533 796 1560 819 et
1573 791 1710 819 Theodori
1722 791 1822 818 Antio-

1037 842 1116 870 clicni
1136 841 1231 869 eodem
1260 840 1340 867 titulo
1361 839 1395 866 ab
1422 838 1568 866 Anastasio
1590 837 1619 864 in
1643 837 1736 872 ecloge
1755 836 1824 871 χρή-

198 887 335 914 tummodo
348 887 409 922 ﬁdei
423 886 569 922 symbolum
581 887 688 919 scimus,
704 885 773 921 quod
786 885 890 914 Nicwni
899 886 986 914 sancti
1001 885 1022 912 Β
1038 895 1106 914 σεων
1123 895 1183 922 cap.
1198 887 1215 913 5
1231 886 1280 921 (α).
1305 884 1433 918 Quaedam
1451 891 1485 911 ex
1509 883 1560 911 hoc
1575 891 1657 918 opere
1671 883 1824 910 recitantur

197 931 296 960 Patres
317 937 491 967 exposuerunt
510 937 534 959 et
546 932 724 959 tradiderunt.

236 977 355 1012 Scripsit
375 982 506 1013 prseterea
528 982 622 1005 contra
645 977 845 1012 Apollinarem,
862 976 985 1012 illiusque

198 1025 310 1052 htereses
321 1044 329 1057 ,
349 1025 440 1059 plures
452 1024 538 1051 libros
550 1043 557 1055 ,
579 1031 648 1058 quos
660 1042 669 1055 ,
683 1023 730 1058 qui
745 1022 882 1050 Theodori
898 1022 986 1050 laudi--

199 1070 253 1097 bus
278 1070 381 1101 favent,
408 1076 580 1103 summopere
608 1068 767 1103 praedicant.
797 1067 986 1096 Theodoretus

199 1115 248 1142 lib.
273 1123 290 1142 ν
315 1114 416 1141 Histor.
446 1121 506 1148 cap.
528 1113 644 1140 ultimo:
674 1113 741 1140 Κατ’
763 1113 866 1140 ἐκεῖνον
888 1113 917 1140 δὲ
939 1113 986 1139 τὸν

200 1159 316 1194 χρόνον,
344 1158 405 1185 καθ’
425 1158 454 1184 ὃν
477 1159 491 1184 ὁ
513 1157 583 1189 θεῖος
608 1157 735 1189 Θεόδοτος
756 1157 806 1192 τὴν
827 1157 986 1192 Ἀντιοχέων

200 1205 291 1231 [θυνεν
313 1203 485 1238 Ἐκκλησίαν,
501 1203 638 1237 Θεόδωρος
652 1203 666 1229 ὁ
677 1202 862 1237 Μοψουεστίας
873 1202 985 1229 ἐπίσκο-

199 1259 251 1282 πος
268 1250 357 1285 πάσης
371 1249 420 1284 μὲν
441 1248 603 1283 Ἐκκλησίας
621 1248 796 1281 διδάσκαλος,
813 1248 883 1275 κατὰ
897 1248 986 1283 πάσης

199 1295 230 1321 δὲ
242 1294 382 1329 φάλαγγος
397 1293 538 1329 αίρετικῆς
551 1293 723 1328 ἀριστεύσας,
736 1292 783 1320 τοῦ
799 1293 857 1328 βίου
866 1293 897 1319 τὺ
910 1292 987 1324 τέλος

201 1340 320 1373 ἐδέξατο.
345 1336 430 1371 Οὗτος
442 1340 491 1374 τῆς
506 1339 554 1374 μὲν
568 1337 701 1374 Διοδώρου
713 1338 759 1365 τοῦ
777 1338 847 1365 πάνυ
861 1337 988 1365 διδασκα-

200 1386 262 1418 λίας
280 1385 447 1422 ἀπήλαυσεν,
473 1385 595 1412 Ἰωάννου
614 1385 643 1412 δὲ
656 1385 703 1411 τοῦ
718 1385 856 1411 θειοτάτου
872 1384 988 1420 γεγένη-

199 1441 246 1458 ται
261 1431 389 1462 κοινωνός
403 1439 432 1456 τε
446 1430 493 1457 καὶ
508 1429 637 1464 συνεργός
652 1438 658 1444 ·
674 1430 750 1464 κοινῇ
765 1429 819 1465 γὰρ
837 1429 892 1455 τῶν
905 1436 988 1454 πνευ-

202 1476 326 1512 ματικῶν
352 1475 484 1511 Διοδώρου
508 1475 637 1510 ναμάτων
659 1474 810 1509 ἀπήλαυον.
826 1473 874 1506 Ἓξ
893 1473 922 1500 δὲ
942 1473 989 1499 καὶ

203 1522 354 1558 τριάκοντα
369 1523 397 1548 ὲν
412 1522 445 1556 τῇ
463 1520 592 1555 προεδρίᾳ
604 1519 753 1546 διετέλεσεν
765 1519 811 1555 ἐτη
822 1538 829 1552 ,
848 1518 918 1546 κατὰ
937 1518 988 1553 τῆς

1037 934 1066 961 in
1083 933 1102 960 V
1123 933 1245 968 synodo,
1270 938 1330 966 qua:
1350 930 1479 958 dicuntur
1504 930 1641 965 proposita
1659 933 1686 956 ct
1704 928 1823 956 refutala

1038 978 1122 1006 fuisse
1136 985 1152 1004 a
1169 978 1248 1005 beato
1260 976 1361 1012 Cyrillo
1372 975 1463 1003 collat.
1481 975 1509 1002 ι.

1073 1024 1203 1050 Adversus
1220 1023 1381 1050 Arianorum
1404 1026 1428 1049 et
1451 1020 1680 1048 Eunomianorum
1695 1019 1822 1049 Inerases.

1038 1069 1134 1104 viginti
1149 1068 1219 1097 forte
1235 1071 1262 1096 et
1277 1067 1366 1095 adhuc
1379 1067 1496 1102 amplius
1514 1066 1608 1099 libros,
1621 1071 1648 1093 et
1662 1065 1714 1092 alia
1727 1068 1825 1099 praeter

1039 1115 1097 1143 haec
1124 1114 1280 1149 evangelica
1305 1117 1332 1142 et
1354 1112 1504 1148 apostolica
1535 1111 1607 1139 dicta
1632 1111 1827 1146 interpretatus

1039 1167 1096 1196 est,
1111 1163 1145 1191 de
1159 1163 1259 1198 quibus
1283 1161 1441 1198 S.Cyril|us
1466 1161 1549 1189 refert
1573 1160 1643 1196 apud
1666 1159 1826 1187 Facundum

1039 1209 1087 1236 lib.
1107 1216 1148 1240 tt;,
1164 1215 1225 1243 cap.
1246 1208 1263 1235 5
1275 1214 1282 1233 :
1294 1207 1328 1234 Et
1341 1207 1387 1234 hos
1404 1206 1507 1242 quidem
1524 1205 1625 1232 labores
1646 1203 1734 1231 nullus
1745 1212 1827 1231 ausus

1039 1259 1078 1282 est
1095 1255 1232 1288 increpare
1244 1273 1251 1286 ,
1273 1252 1317 1280 sed
1332 1253 1424 1280 dextro
1439 1252 1541 1280 decreto
1563 1251 1692 1278 honorare
1706 1249 1826 1277 studium

1040 1304 1170 1326 rectorum
1189 1298 1341 1333 dogmatum
1357 1318 1365 1331 ,
1390 1297 1459 1332 quod
1482 1298 1510 1324 in
1533 1298 1570 1325 eis
1594 1302 1650 1330 est;
1668 1305 1728 1332 qua:
1745 1297 1826 1324 etiam

1041 1345 1194 1372 recitantur
1209 1345 1237 1371 in
1254 1343 1277 1370 V
1295 1343 1411 1379 synodo,
1429 1347 1512 1378 atque
1527 1343 1554 1370 in
1572 1343 1615 1371 his
1636 1344 1680 1370 illa
1699 1350 1758 1378 qua:
1779 1341 1828 1368 Fa-

1041 1390 1148 1417 cundus
1163 1392 1373 1420 commemorat,
1390 1389 1442 1416 hoc
1458 1388 1537 1416 titulo
1553 1397 1560 1415 :
1578 1387 1619 1415 Ex
1634 1388 1748 1415 secumlo
1761 1387 1831 1413 libro

1041 1432 1136 1467 Cyrilli
1164 1432 1277 1466 episcopi
1298 1431 1469 1458 Alexandriae
1500 1431 1532 1458 de
1550 1439 1580 1458 eo
1606 1431 1675 1466 quod
1700 1438 1767 1457 unus
1789 1434 1829 1457 est

1042 1477 1163 1506 Christus
1181 1482 1274 1504 contra
1292 1476 1468 1504 Theodorum.
1499 1476 1551 1504 Sed
1568 1477 1648 1511 longe
1663 1476 1770 1504 diversa
1787 1479 1830 1503 est

1042 1524 1123 1552 lectio
1152 1523 1264 1559 synodi,
1294 1530 1347 1558 qua
1372 1522 1531 1550 Theodorus
1556 1522 1758 1557 perstringitur,
1775 1529 1829 1548 non

208 1566 314 1602 Ἄρειον
346 1566 392 1593 καὶ
413 1565 546 1600 Εὺνομίου
575 1564 814 1600 παραταττόμενος
840 1563 989 1599 φάλαγγος,

1042 1571 1178 1598 laudatur.
1209 1569 1255 1597 Sic
1281 1569 1352 1597 enim
1383 1570 1487 1597 habet:
1520 1570 1592 1603 Quos
1618 1568 1722 1604 quidem
1747 1567 1830 1595 libros

203 1612 252 1639 καὶ
276 1611 322 1638 τὸν
348 1611 492 1648 λῃστρικὸν
519 1610 721 1646 Ἀπολλιναρίου
739 1610 990 1645 καταγωνιζόμενος

202 1658 293 1693 λόχον,
306 1658 352 1684 καὶ
365 1658 415 1692 τὴν
436 1657 552 1692 ἀρίστην
571 1656 639 1682 πόαν
658 1657 714 1688 τοῖς
742 1656 824 1688 θείοις
844 1655 991 1691 προϐάτοις

206 1703 370 1738 προσφέρων
383 1711 390 1717 ·
413 1701 465 1728 Per
480 1701 507 1728 id
523 1706 624 1735 tempus
634 1721 641 1732 ,
655 1709 706 1736 quo
721 1701 825 1727 divinus
844 1700 991 1727 Theodotus

204 1749 394 1775 Antiochenam
408 1747 512 1782 regebat
525 1745 682 1778 Ecclesium,
694 1745 845 1773 Theodorus
856 1745 991 1780 episcopus

205 1793 394 1828 Mopsuestiaz,
416 1793 460 1828 qui
475 1798 558 1820 totam
581 1790 681 1819 Christi
711 1789 857 1817 Ecclesium
880 1798 929 1817 sua
947 1789 991 1817 do-

207 1841 296 1867 ctrina
310 1839 456 1871 erudierat,
482 1842 507 1865 et
529 1843 623 1864 contra
648 1837 784 1864 universas
809 1836 992 1863 haereticorum

205 1886 348 1921 phalanges
358 1885 497 1912 victoriam
512 1887 704 1918 reportaverat,
722 1888 833 1910 mortem
846 1882 921 1909 obiit.
937 1881 993 1908 Iste

206 1937 232 1960 et
254 1931 367 1958 Diodori
393 1931 443 1958 viri
464 1929 690 1961 excellentissimi,
713 1929 842 1956 doctrina:
857 1929 992 1963 particeps

208 1980 295 2014 factus
311 1983 361 2008 est,
377 1981 401 2004 et
412 1976 576 2004 sanctissimi
589 1974 702 2002 Joannis
717 1975 803 2002 socius
815 1979 840 2002 et
859 1974 968 2006 adiutor
983 1982 992 2001 :

206 2024 302 2051 etenim
316 2021 393 2049 ambo
415 2020 577 2055 conjunctim
593 2019 729 2054 sapientia:
743 2023 873 2053 prtecepta
891 2025 923 2045 ex
938 2017 993 2052 spi-

208 2068 333 2095 ritalibus
361 2066 473 2094 Diodori
498 2065 604 2099 ﬂuentis
628 2065 783 2091 hauserunt.
804 2064 925 2099 Triginta
949 2070 995 2090 sex

209 2114 287 2141 annis
303 2112 477 2147 prwsulalum
492 2111 573 2146 gessit
590 2110 760 2141 Theodorus;
783 2118 863 2144 neque
878 2117 994 2144 unquam

1041 1616 1122 1643 nollet
1139 1616 1236 1651 aliquis
1257 1616 1410 1650 increpare,
1424 1615 1508 1650 magis
1530 1619 1617 1642 autem
1633 1614 1791 1644 honoraret,
1807 1613 1832 1639 si

1041 1663 1137 1690 inesset
1156 1663 1193 1689 eis
1208 1662 1362 1697 dogmatum
1375 1660 1513 1688 rectitude.
1526 1659 1642 1687 Laudari
1659 1660 1697 1686 ait
1710 1659 1832 1694 potuisse

1042 1708 1128 1735 libros
1143 1707 1291 1740 Theodori,
1307 1707 1330 1736 si
1346 1707 1413 1734 nihil
1425 1706 1501 1741 pravi
1518 1705 1668 1733 docerent:
1683 1712 1748 1732 mox
1766 1711 1833 1731 vero

1043 1755 1167 1790 quaedam
1180 1754 1206 1782 in
1224 1754 1278 1781 illis
1293 1754 1375 1789 impia
1391 1753 1482 1780 inesse
1494 1752 1708 1780 demonstratur.

1078 1800 1143 1827 ltem
1157 1799 1281 1827 adversus
1296 1798 1456 1826 Eunomium
1477 1806 1525 1832 pro
1544 1797 1604 1825 diro
1629 1796 1731 1824 Basilio
1747 1794 1833 1822 libros

1042 1845 1279 1880 vigintiquinque.
1292 1844 1369 1880 Legit
1381 1843 1495 1871 Photius
1506 1843 1533 1870 in
1546 1842 1709 1870 Bibliotheca
1721 1841 1781 1869 cod.
1793 1840 1811 1867 4
1823 1849 1834 1868 :

1049 1890 1219 1926 Ἀνεγνώσθη
1234 1889 1372 1926 Θεοδώρου
1395 1889 1552 1924 Ἀντιοχέως
1571 1887 1646 1922 ὑπὲρ
1671 1885 1834 1914 Βασιλείου

1043 1937 1108 1964 κατ’
1131 1936 1280 1971 Εὑνομίου
1302 1936 1332 1962 ὲν
1360 1934 1450 1968 λόγοις
1479 1937 1529 1961 κε’.
1562 1933 1640 1959 Ἐστι
1661 1932 1689 1958 δὲ
1709 1931 1759 1965 τὴν
1783 1930 1836 1965 μὲν

1045 1982 1145 2017 φράσιν
1162 1982 1192 2008 οὐ
1209 1982 1279 2008 πάνυ
1294 1980 1431 2015 λαμπρὸς,
1446 1980 1507 2010 ταῖς
1525 1978 1553 2005 δὲ
1572 1977 1702 2008 διανοίαις
1717 1976 1764 2003 καὶ
1777 1977 1835 2007 τοῖς

1044 2027 1305 2063 ἑπιχειρήμασιλίαν
1315 2026 1425 2058 πυκνὸς,
1437 2025 1484 2053 καὶ
1493 2026 1553 2057 ταῖς
1568 2024 1717 2060 γραφικαίς
1734 2022 1836 2057 ἄριστα

1046 2073 1168 2100 πλουτῶν
1191 2071 1355 2108 μαρτυρίαις
1371 2080 1378 2088 ·
1398 2071 1469 2098 κατὰ
1482 2070 1556 2103 λέξιν
1567 2069 1594 2096 δὲ
1605 2068 1699 2104 σχεδον
1710 2067 1763 2094 τῶν
1780 2066 1834 2093 Εὐ-

1045 2118 1140 2153 νομίου
1166 2117 1252 2152 λόγων
1275 2118 1323 2153 τὴν
1347 2115 1502 2152 άνασκευὴν
1527 2116 1663 2146 ποιεῖται,
1683 2112 1775 2148 ἀμαθῆ
1804 2119 1836 2138 τε

209 2159 321 2187 cessavit
337 2163 392 2184 tum
404 2162 498 2184 contra
512 2157 642 2183 Arianam
653 2161 677 2182 et
691 2155 886 2182 Eunomianam
897 2159 990 2182 sectam

1047 2163 1106 2190 λίαν
1123 2163 1177 2189 τῶν
1190 2172 1220 2189 τε
1232 2162 1350 2198 θύραθεν
1369 2161 1549 2197 μαθημάτων,
1565 2159 1613 2186 καὶ
1630 2157 1719 2192 πολλῷ
1736 2155 1836 2192 μᾶλλον

208 2206 280 2233 velut
297 2206 324 2231 in
343 2205 398 2231 acie
417 2203 555 2234 dimicare,
577 2206 632 2228 tum
650 2201 843 2228 clandestinum
859 2200 996 2235 Apollina-

209 2252 250 2278 ris
279 2250 443 2284 manipulum
469 2250 642 2284 impugnare,
661 2252 716 2274 tum
742 2247 868 2281 optimam
890 2245 998 2273 herbam

210 2297 310 2325 sanctis
323 2295 426 2323 Christi
440 2295 531 2322 ovibus
549 2293 728 2328 suppeditare.
750 2291 872 2319 Meminit
890 2299 999 2326 quoque

211 2342 342 2371 Leontius
366 2340 514 2376 Byzantius
537 2339 638 2367 Contra
655 2337 810 2365 Nestoriqu
824 2341 848 2364 et
869 2337 998 2372 Eutyche-

212 2395 274 2417 tem.
307 2387 346 2415 Ex
375 2387 457 2414 tertio
482 2389 510 2414 et
541 2388 639 2421 quarto
667 2384 737 2411 libro
762 2383 884 2418 ejusdem
908 2383 1000 2417 operis

212 2435 297 2462 milita
313 2433 465 2461 recitantur
481 2434 509 2460 in
523 2431 545 2459 ν
561 2431 682 2467 synodo_,
703 2430 775 2458 dicta
789 2429 880 2457 collat.
893 2428 1001 2456 Profert

211 2479 294 2506 etiam
323 2478 455 2505 nonnulla
481 2477 647 2509 Facundus,
671 2476 720 2504 lib.
749 2483 795 2509 tu,
821 2483 883 2510 cap.
910 2475 947 2506 2,
975 2479 1003 2502 ct

213 2525 261 2552 lib.
277 2532 321 2558 Ix,
338 2532 399 2559 cap.
415 2524 449 2556 4,
464 2528 492 2551 et
504 2523 552 2550 lib.
565 2530 583 2550 ι
597 2542 603 2554 ,
625 2530 685 2558 cap.
699 2523 725 2549 l.
753 2521 794 2548 An
815 2521 953 2549 diversum
968 2520 1003 2547 ab

213 2571 265 2598 hoc
277 2570 358 2598 fuerit
370 2570 445 2597 aliud
459 2577 529 2605 opus
545 2568 669 2604 ejusdem
685 2572 778 2595 contra
789 2567 964 2601 Synusiastas
978 2570 1003 2593 et

213 2617 442 2651 Apollinaristas?
467 2615 637 2650 Synusiastae
661 2614 728 2641 dicti
744 2617 809 2641 sunt
832 2612 1004 2647 Apollinari—

213 2667 280 2695 ειη,
294 2663 367 2698 quod
393 2662 440 2690 Dei
453 2666 482 2689 et
498 2660 620 2689 hominis
642 2659 746 2688 Christi
771 2666 853 2687 unam
873 2658 1004 2686 docerent

212 2716 276 2736 esse
307 2713 434 2735 naturam
465 2706 632 2742 σύγκρατον,
658 2705 684 2732 id
713 2709 755 2732 est
778 2703 951 2731 commistam
977 2707 1004 2729 et

213 2754 407 2789 compositam,
425 2753 574 2780 humanam
590 2755 617 2779 et
632 2751 752 2779 divinam
770 2759 777 2777 :
796 2749 912 2784 ideoque
935 2755 999 2783 pro-

250 2817 290 2851 (a)
309 2816 376 2844 ltem
402 2816 521 2851 Cyrillus
542 2815 641 2851 Contra
655 2814 834 2851 VSyrtusiaslas
845 2813 924 2851 apud
935 2820 997 2851 _rios

215 2848 316 2885 satis.
330 2855 380 2879 vet.
393 2848 486 2881 LVII,
502 2859 548 2886 pp.
562 2850 611 2882 ιο,
628 2848 740 2886 ἈΞ-,ὟΞᾉ
757 2849 826 2886 290,
843 2848 915 2886 eos.
934 2848 996 2875 502.

216 2883 294 2920 Quod
311 2887 382 2915 idem
396 2890 437 2915 est
453 2883 535 2921 atque
549 2891 639 2913 contra
657 2883 845 2920 Syncliyticos.
866 2883 925 2910 Bib.
938 2891 998 2911 nov.

1046 2209 1095 2244 τῆς
1108 2209 1167 2236 καθ’
1185 2209 1258 2244 ἡμᾶς
1275 2208 1418 2242 θεοσοφίας
1436 2207 1480 2234 διὰ
1504 2205 1609 2233 πολλῶν
1628 2201 1781 2234 ἐπιδεικνύς
1796 2209 1804 2216 ·
1820 2201 1838 2228 ὁ

1047 2256 1075 2283 δὲ
1107 2255 1292 2290 Μοψουεστίας
1317 2254 1437 2289 γεγονὼς
1469 2253 1617 2284 ἐπίσκοπος
1642 2248 1718 2281 οὗτός
1740 2249 1834 2280 ἐστιν,

1048 2299 1125 2336 οἶμαι
1138 2310 1144 2316 ·
1169 2300 1243 2327 Lecti
1260 2305 1321 2327 sunt
1343 2300 1474 2327 Theodori
1490 2297 1647 2325 Antiocheni
1669 2304 1717 2331 pro
1734 2294 1837 2322 Basilio

1048 2346 1179 2373 adversus
1205 2345 1370 2372 Eunomium
1396 2345 1456 2372 libri
1479 2343 1570 2378 viginti
1592 2343 1714 2378 quinque.
1732 2340 1781 2367 Est
1795 2339 1839 2367 illi

1047 2392 1152 2426 phrasis
1169 2399 1222 2418 non
1238 2398 1422 2425 usquequaque
1435 2390 1578 2424 conspicua
1592 2388 1730 2415 :sensibus
1749 2392 1837 2413 tamen

1048 2441 1073 2463 et
1090 2436 1251 2470 argumentis
1269 2435 1381 2462 nimium
1396 2439 1523 2470 quantum
1537 2433 1634 2460 densus
1645 2452 1652 2464 ,
1665 2440 1749 2459 sacra:
1763 2431 1837 2459 Scri-

1050 2485 1134 2516 ptum
1158 2481 1314 2507 testimoniis
1335 2480 1436 2515 egregie
1452 2478 1581 2506 abundat.
1600 2477 1641 2505 Ad
1659 2476 1764 2505 verbum
1783 2475 1838 2505 fere

1052 2526 1177 2554 Eunomii
1196 2528 1313 2554 rationes
1329 2525 1437 2561 refellit,
1453 2525 1604 2560 imperitans
1620 2532 1678 2551 eum
1697 2522 1773 2550 valde
1788 2529 1837 2550 :1-

1051 2577 1187 2599 ternarum
1212 2572 1433 2607 disciplinarum,
1465 2571 1597 2605 multoque
1630 2569 1714 2605 magis
1739 2572 1838 2595 nostrte

1051 2617 1189 2653 theologiae
1202 2617 1322 2652 pluribus
1340 2617 1490 2644 ostendens.
1505 2615 1556 2642 Hic
1573 2622 1633 2642 vero
1656 2613 1835 2648 Mopsuestia,

1051 2668 1079 2689 ut
1094 2667 1167 2697 puto,
1185 2664 1321 2697 episcopus
1338 2663 1399 2696 fuit.
1418 2661 1515 2689 Libros
1529 2660 1601 2688 infra
1616 2659 1678 2687 cod.
1694 2659 1755 2691 177,
1771 2657 1837 2685 dicit

1051 2708 1136 2735 fuisse
1156 2708 1253 2743 viginti
1279 2712 1351 2735 octo.
1381 2708 1458 2734 Ἔστι
1484 2707 1532 2742 μὲν
1549 2703 1627 2737 οὗτος
1645 2706 1660 2732 ὁ
1672 2704 1808 2738 Θεόδωρος
1823 2703 1838 2729 ὁ

1054 2753 1102 2780 καὶ
1118 2755 1178 2781 κατ’
1196 2755 1329 2790 Εὑνομίου
1347 2755 1376 2781 ὲν
1397 2754 1484 2780 εἰκοσι
1510 2752 1558 2780 καὶ
1582 2750 1655 2778 ὀκτὼ
1671 2750 1762 2784 λόγοις
1784 2748 1836 2775 οὔκ

1050 2809 1109 2836 PP.
1123 2814 1143 2836 t.
1160 2809 1204 2842 IV,
1219 2817 1246 2844 p.
1261 2809 1323 2836 “5.
1338 2809 1427 2844 Atque
1445 2805 1638 2844 huicuscilicet
1655 2803 1748 2839 Cyrilli
1767 2801 1836 2844 scri-

1050 2848 1102 2907 pttl)l
1126 2837 1309 2906 t‘estimonium
1339 2837 1421 2871 dabat
1446 2841 1574 2877 praedicta
1593 2837 1688 2876 quinta
1715 2837 1835 2873 synodus

1050 2887 1080 2907 cc
1107 2899 1114 2907 .
1146 2898 1153 2906 .

1049 2887 1114 2907 Coll.
1127 2887 1153 2906 εὖ.
