  <div class='ocr_page' id='page_1' title='image "/cluster/home/n/w/nwhite01/storage/ocr_20150623/66/njp.32101077772695/051.png"; bbox 0 0 1947 3071; ppageno 0'>
   <div class='ocr_carea' id='block_1_1' title="bbox 143 149 174 177">
    <p class='ocr_par' dir='ltr' id='par_1_1' title="bbox 143 149 174 177">
     <span class='ocr_line' id='line_1_1' title="bbox 143 149 174 177; baseline -0.032 0"><span class='ocrx_word' id='word_1_1' title='bbox 143 149 174 177; x_wconf 84' lang='grc'><strong><em>91</em></strong></span> 
     </span>
    </p>
   </div>
   <div class='ocr_carea' id='block_1_2' title="bbox 776 147 1114 177">
    <p class='ocr_par' dir='ltr' id='par_1_2' title="bbox 776 147 1114 177">
     <span class='ocr_line' id='line_1_2' title="bbox 776 147 1114 177; baseline 0.006 -2"><span class='ocrx_word' id='word_1_2' title='bbox 776 147 822 175; x_wconf 82' lang='lat' dir='ltr'><strong><em>EX</em></strong></span> <span class='ocrx_word' id='word_1_3' title='bbox 834 147 958 176; x_wconf 83' lang='lat' dir='ltr'><strong>LEONIS</strong></span> <span class='ocrx_word' id='word_1_4' title='bbox 977 147 1114 177; x_wconf 74' lang='lat' dir='ltr'><strong><em>ALLATII</em></strong></span> 
     </span>
    </p>
   </div>
   <div class='ocr_carea' id='block_1_3' title="bbox 1733 149 1771 175">
    <p class='ocr_par' dir='ltr' id='par_1_3' title="bbox 1733 149 1771 175">
     <span class='ocr_line' id='line_1_3' title="bbox 1733 149 1771 175; baseline 0 0"><span class='ocrx_word' id='word_1_5' title='bbox 1733 149 1771 175; x_wconf 63' lang='grc' dir='ltr'><strong><em>ί)εέ</em></strong></span> 
     </span>
    </p>
   </div>
   <div class='ocr_carea' id='block_1_4' title="bbox 145 198 942 244">
    <p class='ocr_par' dir='ltr' id='par_1_4' title="bbox 145 207 928 243">
     <span class='ocr_line' id='line_1_4' title="bbox 145 207 928 243; baseline -0.001 -8"><span class='ocrx_word' id='word_1_6' title='bbox 145 207 268 242; x_wconf 77' lang='grc' dir='ltr'>ἀγεννῶς</span> <span class='ocrx_word' id='word_1_7' title='bbox 295 207 516 242; x_wconf 72' lang='grc' dir='ltr'><strong><em>ἀγωνισάμενος,</em></strong></span> <span class='ocrx_word' id='word_1_8' title='bbox 545 207 591 233; x_wconf 74' lang='grc' dir='ltr'>καὶ</span> <span class='ocrx_word' id='word_1_9' title='bbox 627 208 677 243; x_wconf 80' lang='grc' dir='ltr'>τὴν</span> <span class='ocrx_word' id='word_1_10' title='bbox 707 207 846 234; x_wconf 78' lang='grc' dir='ltr'>Βασιλείου</span> <span class='ocrx_word' id='word_1_11' title='bbox 882 208 928 234; x_wconf 82' lang='grc' dir='ltr'>τοῦ</span> 
     </span>
    </p>
   </div>
   <div class='ocr_carea' id='block_1_5' title="bbox 995 198 1769 244">
    <p class='ocr_par' dir='ltr' id='par_1_5' title="bbox 995 207 1769 244">
     <span class='ocr_line' id='line_1_5' title="bbox 995 207 1769 244; baseline 0.003 -10"><span class='ocrx_word' id='word_1_12' title='bbox 995 209 1029 236; x_wconf 69' lang='lat' dir='ltr'><strong><em>tit.</em></strong></span> <span class='ocrx_word' id='word_1_13' title='bbox 1048 208 1084 236; x_wconf 85' lang='lat' dir='ltr'><strong><em>Ex</em></strong></span> <span class='ocrx_word' id='word_1_14' title='bbox 1103 217 1135 236; x_wconf 79' lang='lat' dir='ltr'><strong><em>co</em></strong></span> <span class='ocrx_word' id='word_1_15' title='bbox 1153 209 1284 237; x_wconf 82' lang='lat' dir='ltr'><strong><em>nonnulla</em></strong></span> <span class='ocrx_word' id='word_1_16' title='bbox 1306 209 1480 237; x_wconf 80' lang='lat' dir='ltr'><strong><em>adducuntur</em></strong></span> <span class='ocrx_word' id='word_1_17' title='bbox 1498 209 1525 235; x_wconf 91' lang='lat' dir='ltr'><strong><em>in</em></strong></span> <span class='ocrx_word' id='word_1_18' title='bbox 1552 208 1670 236; x_wconf 89' lang='lat' dir='ltr'><strong><em>concilio</em></strong></span> <span class='ocrx_word' id='word_1_19' title='bbox 1688 207 1707 235; x_wconf 74' lang='grc' dir='ltr'><strong>Υ</strong></span> <span class='ocrx_word' id='word_1_20' title='bbox 1723 218 1769 244; x_wconf 75' lang='lat' dir='ltr'><strong><em>ge—</em></strong></span> 
     </span>
    </p>
   </div>
   <div class='ocr_carea' id='block_1_6' title="bbox 147 252 931 289">
    <p class='ocr_par' dir='ltr' id='par_1_6' title="bbox 147 252 931 289">
     <span class='ocr_line' id='line_1_6' title="bbox 147 252 931 289; baseline 0 -9"><span class='ocrx_word' id='word_1_21' title='bbox 147 254 302 285; x_wconf 78' lang='grc' dir='ltr'>οεσπεσίου,</span> <span class='ocrx_word' id='word_1_22' title='bbox 321 253 419 288; x_wconf 80' lang='grc' dir='ltr'>μᾶλλον</span> <span class='ocrx_word' id='word_1_23' title='bbox 428 252 456 278; x_wconf 80' lang='grc' dir='ltr'><strong><em>δὲ</em></strong></span> <span class='ocrx_word' id='word_1_24' title='bbox 471 252 520 288; x_wconf 79' lang='grc' dir='ltr'>τῆς</span> <span class='ocrx_word' id='word_1_25' title='bbox 533 252 670 288; x_wconf 73' lang='grc' dir='ltr'><strong><em>ἀληθείας,</em></strong></span> <span class='ocrx_word' id='word_1_26' title='bbox 689 253 828 289; x_wconf 82' lang='grc' dir='ltr'><strong><em>κρατύνων</em></strong></span> <span class='ocrx_word' id='word_1_27' title='bbox 843 253 931 286; x_wconf 70' lang='grc' dir='ltr'>δόξαν.</span> 
     </span>
    </p>
   </div>
   <div class='ocr_carea' id='block_1_7' title="bbox 149 299 932 335">
    <p class='ocr_par' dir='ltr' id='par_1_7' title="bbox 149 299 932 335">
     <span class='ocr_line' id='line_1_7' title="bbox 149 299 932 335; baseline 0 -8"><span class='ocrx_word' id='word_1_28' title='bbox 149 299 225 327; x_wconf 85' lang='lat' dir='ltr'><strong><em>Idem</em></strong></span> <span class='ocrx_word' id='word_1_29' title='bbox 249 300 291 326; x_wconf 85' lang='lat' dir='ltr'><strong><em>hic</em></strong></span> <span class='ocrx_word' id='word_1_30' title='bbox 317 299 464 326; x_wconf 86' lang='lat' dir='ltr'><strong><em>Theodorus</em></strong></span> <span class='ocrx_word' id='word_1_31' title='bbox 490 299 534 326; x_wconf 85' lang='lat' dir='ltr'><strong><em>ille</em></strong></span> <span class='ocrx_word' id='word_1_32' title='bbox 556 304 595 326; x_wconf 84' lang='lat' dir='ltr'><strong><em>est</em></strong></span> <span class='ocrx_word' id='word_1_33' title='bbox 608 321 615 333; x_wconf 95' lang='lat'><strong><em>,</em></strong></span> <span class='ocrx_word' id='word_1_34' title='bbox 631 300 676 335; x_wconf 88' lang='lat' dir='ltr'><strong><em>qui</em></strong></span> <span class='ocrx_word' id='word_1_35' title='bbox 694 300 825 328; x_wconf 81' lang='lat' dir='ltr'><strong><em>adversus</em></strong></span> <span class='ocrx_word' id='word_1_36' title='bbox 840 301 932 328; x_wconf 77' lang='lat' dir='ltr'><strong><em>Euno—</em></strong></span> 
     </span>
    </p>
   </div>
   <div class='ocr_carea' id='block_1_8' title="bbox 149 345 934 382">
    <p class='ocr_par' dir='ltr' id='par_1_8' title="bbox 149 345 934 382">
     <span class='ocr_line' id='line_1_8' title="bbox 149 345 934 382; baseline 0.001 -10"><span class='ocrx_word' id='word_1_37' title='bbox 149 345 234 372; x_wconf 88' lang='lat' dir='ltr'><strong><em>mium</em></strong></span> <span class='ocrx_word' id='word_1_38' title='bbox 250 345 325 371; x_wconf 87' lang='lat' dir='ltr'><strong><em>libris</em></strong></span> <span class='ocrx_word' id='word_1_39' title='bbox 344 349 402 371; x_wconf 90' lang='lat' dir='ltr'><strong><em>octo</em></strong></span> <span class='ocrx_word' id='word_1_40' title='bbox 419 349 444 371; x_wconf 88' lang='lat' dir='ltr'><strong><em>et</em></strong></span> <span class='ocrx_word' id='word_1_41' title='bbox 461 345 552 380; x_wconf 79' lang='lat' dir='ltr'><strong><em>uiginti</em></strong></span> <span class='ocrx_word' id='word_1_42' title='bbox 570 354 621 372; x_wconf 89' lang='lat' dir='ltr'><strong><em>non</em></strong></span> <span class='ocrx_word' id='word_1_43' title='bbox 637 347 751 380; x_wconf 73' lang='lat' dir='ltr'><strong><em>segniter</em></strong></span> <span class='ocrx_word' id='word_1_44' title='bbox 765 347 934 382; x_wconf 85' lang='lat' dir='ltr'><strong><em>depugnavit,</em></strong></span> 
     </span>
    </p>
   </div>
   <div class='ocr_carea' id='block_1_9' title="bbox 148 388 935 424">
    <p class='ocr_par' dir='ltr' id='par_1_9' title="bbox 148 388 935 424">
     <span class='ocr_line' id='line_1_9' title="bbox 148 388 935 424; baseline 0.005 -10"><span class='ocrx_word' id='word_1_45' title='bbox 148 393 174 415; x_wconf 80' lang='lat' dir='ltr'><strong><em>et</em></strong></span> <span class='ocrx_word' id='word_1_46' title='bbox 186 389 272 415; x_wconf 85' lang='lat' dir='ltr'><strong><em>sancti</em></strong></span> <span class='ocrx_word' id='word_1_47' title='bbox 292 388 390 415; x_wconf 87' lang='lat' dir='ltr'><strong><em>Basilii</em></strong></span> <span class='ocrx_word' id='word_1_48' title='bbox 409 389 448 416; x_wconf 87' lang='lat' dir='ltr'><strong><em>cel</em></strong></span> <span class='ocrx_word' id='word_1_49' title='bbox 468 389 602 423; x_wconf 88' lang='lat' dir='ltr'><strong><em>ipsiusmet</em></strong></span> <span class='ocrx_word' id='word_1_50' title='bbox 628 391 746 417; x_wconf 86' lang='lat' dir='ltr'><strong><em>veritatis</em></strong></span> <span class='ocrx_word' id='word_1_51' title='bbox 770 392 857 424; x_wconf 94' lang='lat' dir='ltr'><strong><em>potius</em></strong></span> <span class='ocrx_word' id='word_1_52' title='bbox 875 400 935 419; x_wconf 81' lang='lat' dir='ltr'><strong><em>scn-</em></strong></span> 
     </span>
    </p>
   </div>
   <div class='ocr_carea' id='block_1_10' title="bbox 151 434 935 471">
    <p class='ocr_par' dir='ltr' id='par_1_10' title="bbox 151 434 935 471">
     <span class='ocr_line' id='line_1_10' title="bbox 151 434 935 471; baseline 0.006 -12"><span class='ocrx_word' id='word_1_53' title='bbox 151 434 260 460; x_wconf 82' lang='lat' dir='ltr'><strong><em>tentiam</em></strong></span> <span class='ocrx_word' id='word_1_54' title='bbox 275 434 452 468; x_wconf 79' lang='lat' dir='ltr'><strong><em>conﬁrmavit.</em></strong></span> <span class='ocrx_word' id='word_1_55' title='bbox 485 435 516 462; x_wconf 83' lang='lat' dir='ltr'><strong><em>Et</em></strong></span> <span class='ocrx_word' id='word_1_56' title='bbox 534 435 595 462; x_wconf 89' lang='lat' dir='ltr'><strong><em>cod.</em></strong></span> <span class='ocrx_word' id='word_1_57' title='bbox 617 435 668 462; x_wconf 78' lang='lat'><strong><em>138</em></strong></span> <span class='ocrx_word' id='word_1_58' title='bbox 682 455 688 466; x_wconf 87' lang='lat'><strong><em>,</em></strong></span> <span class='ocrx_word' id='word_1_59' title='bbox 703 436 826 470; x_wconf 86' lang='lat' dir='ltr'><strong><em>ejusdem</em></strong></span> <span class='ocrx_word' id='word_1_60' title='bbox 843 438 935 471; x_wconf 82' lang='lat' dir='ltr'><strong><em>operis</em></strong></span> 
     </span>
    </p>
   </div>
   <div class='ocr_carea' id='block_1_11' title="bbox 149 479 935 517">
    <p class='ocr_par' dir='ltr' id='par_1_11' title="bbox 149 479 935 517">
     <span class='ocr_line' id='line_1_11' title="bbox 149 479 935 517; baseline 0.005 -12"><span class='ocrx_word' id='word_1_61' title='bbox 149 479 291 511; x_wconf 80' lang='lat' dir='ltr'><strong><em>meminit,</em></strong></span> <span class='ocrx_word' id='word_1_62' title='bbox 321 479 355 506; x_wconf 84' lang='lat' dir='ltr'><strong><em>de</em></strong></span> <span class='ocrx_word' id='word_1_63' title='bbox 378 479 502 506; x_wconf 81' lang='lat' dir='ltr'><strong><em>Eunomii</em></strong></span> <span class='ocrx_word' id='word_1_64' title='bbox 525 479 650 507; x_wconf 78' lang='lat' dir='ltr'><strong><em>adversus</em></strong></span> <span class='ocrx_word' id='word_1_65' title='bbox 675 481 806 508; x_wconf 83' lang='lat' dir='ltr'><strong><em>Basilium</em></strong></span> <span class='ocrx_word' id='word_1_66' title='bbox 834 483 935 517; x_wconf 89' lang='lat' dir='ltr'><strong><em>scriplo</em></strong></span> 
     </span>
    </p>
   </div>
   <div class='ocr_carea' id='block_1_12' title="bbox 149 522 936 563">
    <p class='ocr_par' dir='ltr' id='par_1_12' title="bbox 149 522 936 563">
     <span class='ocr_line' id='line_1_12' title="bbox 149 522 936 563; baseline 0.004 -11"><span class='ocrx_word' id='word_1_67' title='bbox 149 524 303 552; x_wconf 69' lang='lat' dir='ltr'><strong><em>edisset-ens</em></strong></span> <span class='ocrx_word' id='word_1_68' title='bbox 321 534 327 552; x_wconf 91' lang='lat'><strong>:</strong></span> <span class='ocrx_word' id='word_1_69' title='bbox 351 522 387 552; x_wconf 73' lang='grc' dir='ltr'>Οὗ</span> <span class='ocrx_word' id='word_1_70' title='bbox 415 526 606 561; x_wconf 75' lang='grc' dir='ltr'><strong><em>περιτυχόντες</em></strong></span> <span class='ocrx_word' id='word_1_71' title='bbox 632 526 784 563; x_wconf 78' lang='grc' dir='ltr'>θεόδωρος,</span> <span class='ocrx_word' id='word_1_72' title='bbox 799 529 846 554; x_wconf 79' lang='grc' dir='ltr'>καὶ</span> <span class='ocrx_word' id='word_1_73' title='bbox 866 529 936 563; x_wconf 86' lang='grc' dir='ltr'>Γρη-</span> 
     </span>
    </p>
   </div>
   <div class='ocr_carea' id='block_1_13' title="bbox 148 569 936 609">
    <p class='ocr_par' dir='ltr' id='par_1_13' title="bbox 148 569 936 609">
     <span class='ocr_line' id='line_1_13' title="bbox 148 569 936 609; baseline 0.004 -12"><span class='ocrx_word' id='word_1_74' title='bbox 148 570 241 605; x_wconf 86' lang='grc' dir='ltr'>γόριος</span> <span class='ocrx_word' id='word_1_75' title='bbox 254 570 373 606; x_wconf 74' lang='grc' dir='ltr'>Νύσσης,</span> <span class='ocrx_word' id='word_1_76' title='bbox 387 572 434 598; x_wconf 74' lang='grc' dir='ltr'>καὶ</span> <span class='ocrx_word' id='word_1_77' title='bbox 444 572 606 607; x_wconf 78' lang='grc' dir='ltr'>Σιυφρὸνιος,</span> <span class='ocrx_word' id='word_1_78' title='bbox 625 569 662 599; x_wconf 85' lang='grc' dir='ltr'>ὧν</span> <span class='ocrx_word' id='word_1_79' title='bbox 674 573 849 609; x_wconf 76' lang='grc' dir='ltr'><strong><em>ἐμνήσθημεν</em></strong></span> <span class='ocrx_word' id='word_1_80' title='bbox 866 574 936 600; x_wconf 85' lang='grc' dir='ltr'>ἄνω-</span> 
     </span>
    </p>
   </div>
   <div class='ocr_carea' id='block_1_14' title="bbox 149 616 936 653">
    <p class='ocr_par' dir='ltr' id='par_1_14' title="bbox 149 616 936 653">
     <span class='ocr_line' id='line_1_14' title="bbox 149 616 936 653; baseline 0.004 -11"><span class='ocrx_word' id='word_1_81' title='bbox 149 616 215 649; x_wconf 78' lang='grc' dir='ltr'>Θεν,</span> <span class='ocrx_word' id='word_1_82' title='bbox 245 617 355 647; x_wconf 84' lang='grc' dir='ltr'>πολλαῖς</span> <span class='ocrx_word' id='word_1_83' title='bbox 380 617 484 648; x_wconf 80' lang='grc' dir='ltr'><strong><em>αἰκίαις</em></strong></span> <span class='ocrx_word' id='word_1_84' title='bbox 512 617 598 651; x_wconf 85' lang='grc' dir='ltr'>λόγων</span> <span class='ocrx_word' id='word_1_85' title='bbox 623 617 831 653; x_wconf 79' lang='grc' dir='ltr'>λωϐησάμενοι,</span> <span class='ocrx_word' id='word_1_86' title='bbox 860 618 936 645; x_wconf 76' lang='grc' dir='ltr'>οὐδὲν</span> 
     </span>
    </p>
   </div>
   <div class='ocr_carea' id='block_1_15' title="bbox 149 659 936 697">
    <p class='ocr_par' dir='ltr' id='par_1_15' title="bbox 149 659 936 697">
     <span class='ocr_line' id='line_1_15' title="bbox 149 659 936 697; baseline 0.004 -10"><span class='ocrx_word' id='word_1_87' title='bbox 149 659 230 697; x_wconf 79' lang='grc' dir='ltr'>ἦττον</span> <span class='ocrx_word' id='word_1_88' title='bbox 259 661 305 688; x_wconf 83' lang='grc' dir='ltr'>τοῦ</span> <span class='ocrx_word' id='word_1_89' title='bbox 330 662 463 697; x_wconf 78' lang='grc' dir='ltr'><strong><em>προτέρου</em></strong></span> <span class='ocrx_word' id='word_1_90' title='bbox 484 663 594 697; x_wconf 83' lang='grc' dir='ltr'>νεκρὸν,</span> <span class='ocrx_word' id='word_1_91' title='bbox 620 663 667 689; x_wconf 76' lang='grc' dir='ltr'>καὶ</span> <span class='ocrx_word' id='word_1_92' title='bbox 691 663 781 697; x_wconf 81' lang='grc' dir='ltr'><strong><em>πάσης</em></strong></span> <span class='ocrx_word' id='word_1_93' title='bbox 801 663 936 695; x_wconf 77' lang='grc' dir='ltr'><strong><em>ἀπόζοντα</em></strong></span> 
     </span>
    </p>
   </div>
   <div class='ocr_carea' id='block_1_16' title="bbox 150 707 936 744">
    <p class='ocr_par' dir='ltr' id='par_1_16' title="bbox 150 707 936 744">
     <span class='ocr_line' id='line_1_16' title="bbox 150 707 936 744; baseline 0.004 -11"><span class='ocrx_word' id='word_1_94' title='bbox 150 707 318 742; x_wconf 71' lang='grc' dir='ltr'><strong><em>ἀκαθαρσίας</em></strong></span> <span class='ocrx_word' id='word_1_95' title='bbox 342 707 381 742; x_wconf 83' lang='grc' dir='ltr'>τῷ</span> <span class='ocrx_word' id='word_1_96' title='bbox 408 708 582 743; x_wconf 75' lang='grc' dir='ltr'>γεγεννηκότι</span> <span class='ocrx_word' id='word_1_97' title='bbox 609 709 764 744; x_wconf 73' lang='grc' dir='ltr'>ἀπέρριψαν</span> <span class='ocrx_word' id='word_1_98' title='bbox 781 717 787 724; x_wconf 95' lang='grc'>·</span> <span class='ocrx_word' id='word_1_99' title='bbox 807 709 840 736; x_wconf 88' lang='lat' dir='ltr'><strong><em>In</em></strong></span> <span class='ocrx_word' id='word_1_100' title='bbox 867 711 936 744; x_wconf 88' lang='lat' dir='ltr'><strong><em>quod</em></strong></span> 
     </span>
    </p>
   </div>
   <div class='ocr_carea' id='block_1_17' title="bbox 151 751 937 790">
    <p class='ocr_par' dir='ltr' id='par_1_17' title="bbox 151 751 937 790">
     <span class='ocr_line' id='line_1_17' title="bbox 151 751 937 790; baseline 0.005 -13"><span class='ocrx_word' id='word_1_101' title='bbox 151 751 291 778; x_wconf 77' lang='lat' dir='ltr'><strong><em>incidentes</em></strong></span> <span class='ocrx_word' id='word_1_102' title='bbox 309 751 470 783; x_wconf 84' lang='lat' dir='ltr'><strong><em>Theodorus,</em></strong></span> <span class='ocrx_word' id='word_1_103' title='bbox 488 757 512 778; x_wconf 88' lang='lat' dir='ltr'><strong><em>et</em></strong></span> <span class='ocrx_word' id='word_1_104' title='bbox 534 752 673 788; x_wconf 80' lang='lat' dir='ltr'><strong><em>Gregorius</em></strong></span> <span class='ocrx_word' id='word_1_105' title='bbox 687 753 832 788; x_wconf 77' lang='lat' dir='ltr'><strong><em>Ngssenus,</em></strong></span> <span class='ocrx_word' id='word_1_106' title='bbox 860 761 937 790; x_wconf 87' lang='lat' dir='ltr'><strong><em>atque</em></strong></span> 
     </span>
    </p>
   </div>
   <div class='ocr_carea' id='block_1_18' title="bbox 151 796 935 834">
    <p class='ocr_par' dir='ltr' id='par_1_18' title="bbox 151 796 935 834">
     <span class='ocr_line' id='line_1_18' title="bbox 151 796 935 834; baseline 0.004 -10"><span class='ocrx_word' id='word_1_107' title='bbox 151 796 324 830; x_wconf 69' lang='lat' dir='ltr'><strong><em>Sophronias.</em></strong></span> <span class='ocrx_word' id='word_1_108' title='bbox 337 806 448 832; x_wconf 82' lang='lat' dir='ltr'><strong><em>quarunt</em></strong></span> <span class='ocrx_word' id='word_1_109' title='bbox 460 806 539 832; x_wconf 87' lang='lat' dir='ltr'><strong><em>supra</em></strong></span> <span class='ocrx_word' id='word_1_110' title='bbox 552 803 590 825; x_wconf 88' lang='lat' dir='ltr'><strong><em>est</em></strong></span> <span class='ocrx_word' id='word_1_111' title='bbox 613 807 629 824; x_wconf 87' lang='lat' dir='ltr'><strong><em>a</em></strong></span> <span class='ocrx_word' id='word_1_112' title='bbox 651 799 726 826; x_wconf 83' lang='lat' dir='ltr'><strong><em>nobis</em></strong></span> <span class='ocrx_word' id='word_1_113' title='bbox 742 799 814 834; x_wconf 83' lang='lat' dir='ltr'><strong><em>facta</em></strong></span> <span class='ocrx_word' id='word_1_114' title='bbox 828 801 935 831; x_wconf 85' lang='lat' dir='ltr'><strong><em>mentio.</em></strong></span> 
     </span>
    </p>
   </div>
   <div class='ocr_carea' id='block_1_19' title="bbox 152 842 937 879">
    <p class='ocr_par' dir='ltr' id='par_1_19' title="bbox 152 842 937 879">
     <span class='ocr_line' id='line_1_19' title="bbox 152 842 937 879; baseline 0.005 -11"><span class='ocrx_word' id='word_1_115' title='bbox 152 842 242 869; x_wconf 85' lang='lat' dir='ltr'><strong><em>multis</em></strong></span> <span class='ocrx_word' id='word_1_116' title='bbox 253 851 402 870; x_wconf 74' lang='lat' dir='ltr'><strong><em>sermonum</em></strong></span> <span class='ocrx_word' id='word_1_117' title='bbox 417 844 503 878; x_wconf 81' lang='lat' dir='ltr'><strong><em>plagis</em></strong></span> <span class='ocrx_word' id='word_1_118' title='bbox 516 852 567 871; x_wconf 87' lang='lat' dir='ltr'><strong><em>non</em></strong></span> <span class='ocrx_word' id='word_1_119' title='bbox 585 852 659 870; x_wconf 89' lang='lat' dir='ltr'><strong><em>secus</em></strong></span> <span class='ocrx_word' id='word_1_120' title='bbox 672 852 751 879; x_wconf 90' lang='lat' dir='ltr'><strong><em>quam</em></strong></span> <span class='ocrx_word' id='word_1_121' title='bbox 767 845 840 878; x_wconf 83' lang='lat' dir='ltr'><strong><em>prius</em></strong></span> <span class='ocrx_word' id='word_1_122' title='bbox 864 846 937 872; x_wconf 85' lang='lat' dir='ltr'><strong><em>aliud</em></strong></span> 
     </span>
    </p>
   </div>
   <div class='ocr_carea' id='block_1_20' title="bbox 984 250 1522 289">
    <p class='ocr_par' dir='ltr' id='par_1_20' title="bbox 984 250 1522 289">
     <span class='ocr_line' id='line_1_20' title="bbox 984 250 1522 289; baseline 0 -9"><span class='ocrx_word' id='word_1_123' title='bbox 984 255 1081 286; x_wconf 80' lang='lat' dir='ltr'><strong><em>ncrali,</em></strong></span> <span class='ocrx_word' id='word_1_124' title='bbox 1092 250 1238 281; x_wconf 72' lang='lat' dir='ltr'><strong><em>collatione</em></strong></span> <span class='ocrx_word' id='word_1_125' title='bbox 1254 255 1270 281; x_wconf 74' lang='grc'><strong>4</strong></span> <span class='ocrx_word' id='word_1_126' title='bbox 1284 255 1384 289; x_wconf 64' lang='lat' dir='ltr'><strong><em>saepius</em></strong></span> <span class='ocrx_word' id='word_1_127' title='bbox 1402 254 1522 281; x_wconf 81' lang='lat' dir='ltr'><strong><em>laudata.</em></strong></span> 
     </span>
    </p>
   </div>
   <div class='ocr_carea' id='block_1_21' title="bbox 1019 299 1768 334">
    <p class='ocr_par' dir='ltr' id='par_1_21' title="bbox 1019 299 1768 334">
     <span class='ocr_line' id='line_1_21' title="bbox 1019 299 1768 334; baseline -0.001 -7"><span class='ocrx_word' id='word_1_128' title='bbox 1019 299 1129 327; x_wconf 88' lang='lat' dir='ltr'><strong><em>Librum</em></strong></span> <span class='ocrx_word' id='word_1_129' title='bbox 1148 301 1211 327; x_wconf 91' lang='lat' dir='ltr'><strong><em>item</em></strong></span> <span class='ocrx_word' id='word_1_130' title='bbox 1231 300 1265 327; x_wconf 84' lang='lat' dir='ltr'><strong><em>ad</em></strong></span> <span class='ocrx_word' id='word_1_131' title='bbox 1292 300 1477 334; x_wconf 73' lang='lat' dir='ltr'><strong><em>baptizandus.</em></strong></span> <span class='ocrx_word' id='word_1_132' title='bbox 1493 299 1532 326; x_wconf 79' lang='lat' dir='ltr'><strong><em>Ex</em></strong></span> <span class='ocrx_word' id='word_1_133' title='bbox 1555 307 1609 334; x_wconf 91' lang='lat' dir='ltr'><strong><em>quo</em></strong></span> <span class='ocrx_word' id='word_1_134' title='bbox 1636 301 1768 327; x_wconf 81' lang='lat' dir='ltr'><strong><em>nonnulla</em></strong></span> 
     </span>
    </p>
   </div>
   <div class='ocr_carea' id='block_1_22' title="bbox 985 345 1770 382">
    <p class='ocr_par' dir='ltr' id='par_1_22' title="bbox 985 345 1770 382">
     <span class='ocr_line' id='line_1_22' title="bbox 985 345 1770 382; baseline -0.003 -9"><span class='ocrx_word' id='word_1_135' title='bbox 985 347 1136 374; x_wconf 72' lang='lat' dir='ltr'><strong><em>alieruntur</em></strong></span> <span class='ocrx_word' id='word_1_136' title='bbox 1151 347 1177 373; x_wconf 93' lang='lat' dir='ltr'><strong><em>in</em></strong></span> <span class='ocrx_word' id='word_1_137' title='bbox 1199 346 1221 373; x_wconf 85' lang='lat' dir='ltr'><strong>V</strong></span> <span class='ocrx_word' id='word_1_138' title='bbox 1238 346 1353 382; x_wconf 84' lang='lat' dir='ltr'><strong><em>synodo,</em></strong></span> <span class='ocrx_word' id='word_1_139' title='bbox 1366 346 1457 373; x_wconf 77' lang='lat' dir='ltr'><strong><em>collat.</em></strong></span> <span class='ocrx_word' id='word_1_140' title='bbox 1474 345 1558 378; x_wconf 82' lang='lat' dir='ltr'><strong><em>dicta,</em></strong></span> <span class='ocrx_word' id='word_1_141' title='bbox 1577 349 1603 373; x_wconf 85' lang='lat' dir='ltr'><strong><em>et</em></strong></span> <span class='ocrx_word' id='word_1_142' title='bbox 1619 345 1708 380; x_wconf 81' lang='lat' dir='ltr'><strong><em>aliqua</em></strong></span> <span class='ocrx_word' id='word_1_143' title='bbox 1727 353 1770 372; x_wconf 57' lang='lat' dir='ltr'><strong><em>re.</em></strong></span> 
     </span>
    </p>
   </div>
   <div class='ocr_carea' id='block_1_23' title="bbox 984 390 1772 426">
    <p class='ocr_par' dir='ltr' id='par_1_23' title="bbox 984 390 1772 426">
     <span class='ocr_line' id='line_1_23' title="bbox 984 390 1772 426; baseline -0.001 -8"><span class='ocrx_word' id='word_1_144' title='bbox 984 392 1052 418; x_wconf 80' lang='lat' dir='ltr'><strong><em>citat</em></strong></span> <span class='ocrx_word' id='word_1_145' title='bbox 1068 391 1213 419; x_wconf 81' lang='lat' dir='ltr'><strong><em>Facundus</em></strong></span> <span class='ocrx_word' id='word_1_146' title='bbox 1225 391 1272 419; x_wconf 93' lang='lat' dir='ltr'><strong><em>lib.</em></strong></span> <span class='ocrx_word' id='word_1_147' title='bbox 1293 400 1328 423; x_wconf 83' lang='lat' dir='ltr'><strong><em>Ix,</em></strong></span> <span class='ocrx_word' id='word_1_148' title='bbox 1344 399 1405 426; x_wconf 83' lang='lat' dir='ltr'><strong><em>cap.</em></strong></span> <span class='ocrx_word' id='word_1_149' title='bbox 1420 391 1447 423; x_wconf 80' lang='lat'><strong><em>3,</em></strong></span> <span class='ocrx_word' id='word_1_150' title='bbox 1462 398 1495 417; x_wconf 74' lang='lat' dir='ltr'><strong><em>ex</em></strong></span> <span class='ocrx_word' id='word_1_151' title='bbox 1512 391 1582 418; x_wconf 87' lang='lat' dir='ltr'><strong><em>libro</em></strong></span> <span class='ocrx_word' id='word_1_152' title='bbox 1601 390 1635 417; x_wconf 88' lang='lat' dir='ltr'><strong><em>ad</em></strong></span> <span class='ocrx_word' id='word_1_153' title='bbox 1651 391 1772 424; x_wconf 71' lang='lat' dir='ltr'><strong><em>baptiza-</em></strong></span> 
     </span>
    </p>
   </div>
   <div class='ocr_carea' id='block_1_24' title="bbox 987 434 1617 469">
    <p class='ocr_par' dir='ltr' id='par_1_24' title="bbox 987 434 1617 469">
     <span class='ocr_line' id='line_1_24' title="bbox 987 434 1617 469; baseline 0.002 -9"><span class='ocrx_word' id='word_1_154' title='bbox 987 439 1036 461; x_wconf 87' lang='lat' dir='ltr'><strong><em>tos.</em></strong></span> <span class='ocrx_word' id='word_1_155' title='bbox 1052 434 1161 462; x_wconf 87' lang='lat' dir='ltr'><strong><em>Idemne</em></strong></span> <span class='ocrx_word' id='word_1_156' title='bbox 1181 435 1208 461; x_wconf 93' lang='lat' dir='ltr'><strong><em>id</em></strong></span> <span class='ocrx_word' id='word_1_157' title='bbox 1225 435 1315 467; x_wconf 80' lang='lat' dir='ltr'><strong><em>fuerit,</em></strong></span> <span class='ocrx_word' id='word_1_158' title='bbox 1333 442 1368 461; x_wconf 80' lang='lat' dir='ltr'><strong><em>an</em></strong></span> <span class='ocrx_word' id='word_1_159' title='bbox 1380 435 1518 462; x_wconf 85' lang='lat' dir='ltr'><strong><em>diversum</em></strong></span> <span class='ocrx_word' id='word_1_160' title='bbox 1529 435 1617 469; x_wconf 85' lang='lat' dir='ltr'><strong><em>opus?</em></strong></span> 
     </span>
    </p>
   </div>
   <div class='ocr_carea' id='block_1_25' title="bbox 1021 480 1770 515">
    <p class='ocr_par' dir='ltr' id='par_1_25' title="bbox 1021 480 1770 515">
     <span class='ocr_line' id='line_1_25' title="bbox 1021 480 1770 515; baseline 0.001 -9"><span class='ocrx_word' id='word_1_161' title='bbox 1021 480 1058 507; x_wconf 90' lang='lat' dir='ltr'><strong><em>De</em></strong></span> <span class='ocrx_word' id='word_1_162' title='bbox 1068 480 1256 508; x_wconf 85' lang='lat' dir='ltr'><strong><em>lncarnatione</em></strong></span> <span class='ocrx_word' id='word_1_163' title='bbox 1267 481 1352 509; x_wconf 87' lang='lat' dir='ltr'><strong><em>libros</em></strong></span> <span class='ocrx_word' id='word_1_164' title='bbox 1363 489 1408 508; x_wconf 88' lang='lat' dir='ltr'><strong><em>xv.</em></strong></span> <span class='ocrx_word' id='word_1_165' title='bbox 1423 481 1531 508; x_wconf 88' lang='lat' dir='ltr'><strong><em>Decimo</em></strong></span> <span class='ocrx_word' id='word_1_166' title='bbox 1542 481 1638 515; x_wconf 91' lang='lat' dir='ltr'><strong><em>quinto</em></strong></span> <span class='ocrx_word' id='word_1_167' title='bbox 1653 488 1770 515; x_wconf 81' lang='lat' dir='ltr'><strong><em>namque</em></strong></span> 
     </span>
    </p>
   </div>
   <div class='ocr_carea' id='block_1_26' title="bbox 986 525 1769 560">
    <p class='ocr_par' dir='ltr' id='par_1_26' title="bbox 986 525 1769 560">
     <span class='ocr_line' id='line_1_26' title="bbox 986 525 1769 560; baseline -0.003 -8"><span class='ocrx_word' id='word_1_168' title='bbox 986 525 1057 552; x_wconf 86' lang='lat' dir='ltr'><strong><em>libro</em></strong></span> <span class='ocrx_word' id='word_1_169' title='bbox 1073 526 1160 560; x_wconf 85' lang='lat' dir='ltr'><strong><em>ipsum</em></strong></span> <span class='ocrx_word' id='word_1_170' title='bbox 1174 530 1259 552; x_wconf 85' lang='lat' dir='ltr'><strong><em>totum</em></strong></span> <span class='ocrx_word' id='word_1_171' title='bbox 1277 533 1346 560; x_wconf 87' lang='lat' dir='ltr'><strong><em>opus</em></strong></span> <span class='ocrx_word' id='word_1_172' title='bbox 1360 525 1398 552; x_wconf 89' lang='lat' dir='ltr'><strong><em>De</em></strong></span> <span class='ocrx_word' id='word_1_173' title='bbox 1416 525 1602 552; x_wconf 86' lang='lat' dir='ltr'><strong><em>Incarnatione</em></strong></span> <span class='ocrx_word' id='word_1_174' title='bbox 1623 525 1769 556; x_wconf 90' lang='lat' dir='ltr'><strong><em>conclusit,</em></strong></span> 
     </span>
    </p>
   </div>
   <div class='ocr_carea' id='block_1_27' title="bbox 988 570 1771 605">
    <p class='ocr_par' dir='ltr' id='par_1_27' title="bbox 988 570 1771 605">
     <span class='ocr_line' id='line_1_27' title="bbox 988 570 1771 605; baseline 0 -8"><span class='ocrx_word' id='word_1_175' title='bbox 988 575 1017 597; x_wconf 87' lang='lat' dir='ltr'><strong><em>ut</em></strong></span> <span class='ocrx_word' id='word_1_176' title='bbox 1038 570 1120 598; x_wconf 80' lang='lat' dir='ltr'><strong><em>refert</em></strong></span> <span class='ocrx_word' id='word_1_177' title='bbox 1140 570 1284 598; x_wconf 79' lang='lat' dir='ltr'><strong><em>Facundus</em></strong></span> <span class='ocrx_word' id='word_1_178' title='bbox 1305 572 1352 598; x_wconf 89' lang='lat' dir='ltr'><strong><em>lib.</em></strong></span> <span class='ocrx_word' id='word_1_179' title='bbox 1378 579 1414 604; x_wconf 79' lang='lat' dir='ltr'><strong><em>ix,</em></strong></span> <span class='ocrx_word' id='word_1_180' title='bbox 1437 578 1498 605; x_wconf 85' lang='lat' dir='ltr'><strong><em>cap.</em></strong></span> <span class='ocrx_word' id='word_1_181' title='bbox 1520 572 1547 598; x_wconf 79' lang='grc'><strong><em>5.</em></strong></span> <span class='ocrx_word' id='word_1_182' title='bbox 1569 570 1667 598; x_wconf 88' lang='lat' dir='ltr'><strong><em>Eorum</em></strong></span> <span class='ocrx_word' id='word_1_183' title='bbox 1689 578 1771 605; x_wconf 77' lang='lat' dir='ltr'><strong><em>argu-</em></strong></span> 
     </span>
    </p>
   </div>
   <div class='ocr_carea' id='block_1_28' title="bbox 987 615 1769 649">
    <p class='ocr_par' dir='ltr' id='par_1_28' title="bbox 987 615 1769 649">
     <span class='ocr_line' id='line_1_28' title="bbox 987 615 1769 649; baseline -0.003 -7"><span class='ocrx_word' id='word_1_184' title='bbox 987 619 1079 642; x_wconf 78' lang='lat' dir='ltr'><strong><em>menta</em></strong></span> <span class='ocrx_word' id='word_1_185' title='bbox 1104 620 1228 642; x_wconf 82' lang='lat' dir='ltr'><strong>recenset</strong></span> <span class='ocrx_word' id='word_1_186' title='bbox 1256 615 1414 642; x_wconf 82' lang='lat' dir='ltr'><strong><em>Gennadius</em></strong></span> <span class='ocrx_word' id='word_1_187' title='bbox 1441 615 1477 641; x_wconf 90' lang='lat' dir='ltr'><strong><em>De</em></strong></span> <span class='ocrx_word' id='word_1_188' title='bbox 1500 615 1562 641; x_wconf 83' lang='lat' dir='ltr'><strong><em>viris</em></strong></span> <span class='ocrx_word' id='word_1_189' title='bbox 1577 615 1618 642; x_wconf 86' lang='lat' dir='ltr'><strong><em>ill.</em></strong></span> <span class='ocrx_word' id='word_1_190' title='bbox 1632 622 1693 649; x_wconf 76' lang='lat' dir='ltr'><strong><em>cap.</em></strong></span> <span class='ocrx_word' id='word_1_191' title='bbox 1712 615 1769 640; x_wconf 70' lang='lat' dir='ltr'><strong><em>l2:</em></strong></span> 
     </span>
    </p>
   </div>
   <div class='ocr_carea' id='block_1_29' title="bbox 990 660 1773 695">
    <p class='ocr_par' dir='ltr' id='par_1_29' title="bbox 990 660 1773 695">
     <span class='ocr_line' id='line_1_29' title="bbox 990 660 1773 695; baseline 0.001 -10"><span class='ocrx_word' id='word_1_192' title='bbox 990 660 1139 687; x_wconf 84' lang='lat' dir='ltr'><strong><em>Theodorus</em></strong></span> <span class='ocrx_word' id='word_1_193' title='bbox 1154 660 1323 687; x_wconf 75' lang='lat' dir='ltr'><strong><em>Antiochein</em></strong></span> <span class='ocrx_word' id='word_1_194' title='bbox 1340 660 1464 687; x_wconf 60' lang='lat' dir='ltr'><strong><em>Ecclesia</em></strong></span> <span class='ocrx_word' id='word_1_195' title='bbox 1477 660 1616 695; x_wconf 81' lang='lat' dir='ltr'><strong><em>presbyter.</em></strong></span> <span class='ocrx_word' id='word_1_196' title='bbox 1636 660 1675 686; x_wconf 72' lang='lat' dir='ltr'><strong><em>vir</em></strong></span> <span class='ocrx_word' id='word_1_197' title='bbox 1687 660 1773 686; x_wconf 83' lang='lat' dir='ltr'><strong><em>scien-</em></strong></span> 
     </span>
    </p>
   </div>
   <div class='ocr_carea' id='block_1_30' title="bbox 989 703 1772 739">
    <p class='ocr_par' dir='ltr' id='par_1_30' title="bbox 989 703 1772 739">
     <span class='ocr_line' id='line_1_30' title="bbox 989 703 1772 739; baseline -0.003 -8"><span class='ocrx_word' id='word_1_198' title='bbox 989 705 1027 731; x_wconf 70' lang='lat' dir='ltr'><strong><em>tia</em></strong></span> <span class='ocrx_word' id='word_1_199' title='bbox 1041 710 1145 736; x_wconf 87' lang='lat' dir='ltr'><strong><em>cautus,</em></strong></span> <span class='ocrx_word' id='word_1_200' title='bbox 1159 710 1182 732; x_wconf 87' lang='lat' dir='ltr'><strong><em>et</em></strong></span> <span class='ocrx_word' id='word_1_201' title='bbox 1197 705 1286 739; x_wconf 80' lang='lat' dir='ltr'><strong><em>lingua</em></strong></span> <span class='ocrx_word' id='word_1_202' title='bbox 1298 705 1423 735; x_wconf 88' lang='lat' dir='ltr'><strong><em>disertus.</em></strong></span> <span class='ocrx_word' id='word_1_203' title='bbox 1435 705 1540 738; x_wconf 85' lang='lat' dir='ltr'><strong><em>scripsit</em></strong></span> <span class='ocrx_word' id='word_1_204' title='bbox 1552 703 1674 731; x_wconf 83' lang='lat' dir='ltr'><strong><em>adversus</em></strong></span> <span class='ocrx_word' id='word_1_205' title='bbox 1690 703 1772 736; x_wconf 85' lang='lat' dir='ltr'><strong><em>Apol-</em></strong></span> 
     </span>
    </p>
   </div>
   <div class='ocr_carea' id='block_1_31' title="bbox 989 749 1771 778">
    <p class='ocr_par' dir='ltr' id='par_1_31' title="bbox 989 749 1771 778">
     <span class='ocr_line' id='line_1_31' title="bbox 989 749 1771 778; baseline -0.001 -2"><span class='ocrx_word' id='word_1_206' title='bbox 989 751 1126 777; x_wconf 82' lang='lat' dir='ltr'><strong><em>linaristas</em></strong></span> <span class='ocrx_word' id='word_1_207' title='bbox 1144 755 1169 778; x_wconf 90' lang='lat' dir='ltr'><strong><em>et</em></strong></span> <span class='ocrx_word' id='word_1_208' title='bbox 1189 750 1369 777; x_wconf 84' lang='lat' dir='ltr'><strong><em>Eunomianos</em></strong></span> <span class='ocrx_word' id='word_1_209' title='bbox 1389 749 1426 777; x_wconf 89' lang='lat' dir='ltr'><strong><em>De</em></strong></span> <span class='ocrx_word' id='word_1_210' title='bbox 1450 749 1639 777; x_wconf 86' lang='lat' dir='ltr'><strong><em>lncarnatione</em></strong></span> <span class='ocrx_word' id='word_1_211' title='bbox 1663 749 1771 775; x_wconf 82' lang='lat' dir='ltr'><strong><em>Domini</em></strong></span> 
     </span>
    </p>
   </div>
   <div class='ocr_carea' id='block_1_32' title="bbox 988 795 1773 831">
    <p class='ocr_par' dir='ltr' id='par_1_32' title="bbox 988 795 1773 831">
     <span class='ocr_line' id='line_1_32' title="bbox 988 795 1773 831; baseline -0.003 -9"><span class='ocrx_word' id='word_1_212' title='bbox 988 796 1071 822; x_wconf 87' lang='lat' dir='ltr'><strong><em>libros</em></strong></span> <span class='ocrx_word' id='word_1_213' title='bbox 1084 795 1243 831; x_wconf 75' lang='lat' dir='ltr'><strong><em>quindecim.</em></strong></span> <span class='ocrx_word' id='word_1_214' title='bbox 1263 795 1297 822; x_wconf 89' lang='lat' dir='ltr'><strong><em>ad</em></strong></span> <span class='ocrx_word' id='word_1_215' title='bbox 1311 795 1458 831; x_wconf 80' lang='lat' dir='ltr'><strong><em>quindecim</em></strong></span> <span class='ocrx_word' id='word_1_216' title='bbox 1474 795 1558 822; x_wconf 86' lang='lat' dir='ltr'><strong><em>millia</em></strong></span> <span class='ocrx_word' id='word_1_217' title='bbox 1572 803 1693 822; x_wconf 82' lang='lat' dir='ltr'><strong><em>versuum</em></strong></span> <span class='ocrx_word' id='word_1_218' title='bbox 1709 802 1773 820; x_wconf 88' lang='lat' dir='ltr'><strong><em>con--</em></strong></span> 
     </span>
    </p>
   </div>
   <div class='ocr_carea' id='block_1_33' title="bbox 989 839 1771 876">
    <p class='ocr_par' dir='ltr' id='par_1_33' title="bbox 989 839 1771 876">
     <span class='ocr_line' id='line_1_33' title="bbox 989 839 1771 876; baseline -0.004 -8"><span class='ocrx_word' id='word_1_219' title='bbox 989 841 1108 868; x_wconf 71' lang='lat' dir='ltr'><strong><em>timentes.</em></strong></span> <span class='ocrx_word' id='word_1_220' title='bbox 1127 841 1159 868; x_wconf 83' lang='lat' dir='ltr'><strong><em>In</em></strong></span> <span class='ocrx_word' id='word_1_221' title='bbox 1182 841 1275 876; x_wconf 80' lang='lat' dir='ltr'><strong><em>quibus</em></strong></span> <span class='ocrx_word' id='word_1_222' title='bbox 1290 841 1392 868; x_wconf 75' lang='lat' dir='ltr'><strong><em>ratione</em></strong></span> <span class='ocrx_word' id='word_1_223' title='bbox 1409 841 1552 875; x_wconf 82' lang='lat' dir='ltr'><strong><em>purissima</em></strong></span> <span class='ocrx_word' id='word_1_224' title='bbox 1574 845 1597 867; x_wconf 87' lang='lat' dir='ltr'><strong><em>et</em></strong></span> <span class='ocrx_word' id='word_1_225' title='bbox 1614 839 1771 866; x_wconf 72' lang='lat' dir='ltr'><strong><em>testimoniis</em></strong></span> 
     </span>
    </p>
   </div>
   <div class='ocr_carea' id='block_1_34' title="bbox 151 875 1772 924">
    <p class='ocr_par' dir='ltr' id='par_1_34' title="bbox 151 875 1772 924">
     <span class='ocr_line' id='line_1_34' title="bbox 151 875 1772 924; baseline -0.002 -10"><span class='ocrx_word' id='word_1_226' title='bbox 151 888 332 922; x_wconf 76' lang='lat' dir='ltr'><strong><em>conficientes,</em></strong></span> <span class='ocrx_word' id='word_1_227' title='bbox 351 889 409 923; x_wconf 82' lang='lat' dir='ltr'><strong><em>jam</em></strong></span> <span class='ocrx_word' id='word_1_228' title='bbox 417 898 472 923; x_wconf 69' lang='lat' dir='ltr'><strong><em>prae</em></strong></span> <span class='ocrx_word' id='word_1_229' title='bbox 483 890 635 924; x_wconf 83' lang='lat' dir='ltr'><strong><em>impuritate</em></strong></span> <span class='ocrx_word' id='word_1_230' title='bbox 646 890 746 917; x_wconf 86' lang='lat' dir='ltr'><strong><em>alidum</em></strong></span> <span class='ocrx_word' id='word_1_231' title='bbox 760 892 785 918; x_wconf 86' lang='lat' dir='ltr'><strong><em>in</em></strong></span> <span class='ocrx_word' id='word_1_232' title='bbox 804 897 936 920; x_wconf 79' lang='lat' dir='ltr'><strong><em>auctorem</em></strong></span> <span class='ocrx_word' id='word_1_233' title='bbox 954 875 973 902; x_wconf 74' lang='grc' dir='ltr'><strong>Β</strong></span> <span class='ocrx_word' id='word_1_234' title='bbox 989 885 1185 920; x_wconf 83' lang='lat' dir='ltr'><strong><em>Scripturarum</em></strong></span> <span class='ocrx_word' id='word_1_235' title='bbox 1196 886 1307 912; x_wconf 75' lang='lat' dir='ltr'><strong><em>ostendit</em></strong></span> <span class='ocrx_word' id='word_1_236' title='bbox 1319 885 1458 912; x_wconf 86' lang='lat' dir='ltr'><strong><em>Dominum</em></strong></span> <span class='ocrx_word' id='word_1_237' title='bbox 1466 885 1567 915; x_wconf 74' lang='lat' dir='ltr'><strong><em>Iesum,</em></strong></span> <span class='ocrx_word' id='word_1_238' title='bbox 1577 885 1644 912; x_wconf 82' lang='lat' dir='ltr'><strong><em>sicut</em></strong></span> <span class='ocrx_word' id='word_1_239' title='bbox 1656 884 1772 917; x_wconf 86' lang='lat' dir='ltr'><strong><em>plenitu-</em></strong></span> 
     </span>
    </p>
   </div>
   <div class='ocr_carea' id='block_1_35' title="bbox 152 934 937 971">
    <p class='ocr_par' dir='ltr' id='par_1_35' title="bbox 152 934 937 971">
     <span class='ocr_line' id='line_1_35' title="bbox 152 934 937 971; baseline 0.005 -12"><span class='ocrx_word' id='word_1_240' title='bbox 152 940 229 959; x_wconf 77' lang='lat' dir='ltr'><strong><em>suum</em></strong></span> <span class='ocrx_word' id='word_1_241' title='bbox 248 934 424 967; x_wconf 86' lang='lat' dir='ltr'><strong><em>projecerunt.</em></strong></span> <span class='ocrx_word' id='word_1_242' title='bbox 447 934 488 960; x_wconf 84' lang='lat' dir='ltr'><strong>An</strong></span> <span class='ocrx_word' id='word_1_243' title='bbox 509 942 541 961; x_wconf 78' lang='lat' dir='ltr'><strong><em>ex</em></strong></span> <span class='ocrx_word' id='word_1_244' title='bbox 562 934 613 961; x_wconf 87' lang='lat' dir='ltr'><strong><em>hoc</em></strong></span> <span class='ocrx_word' id='word_1_245' title='bbox 631 935 670 961; x_wconf 76' lang='lat' dir='ltr'><strong><em>vel</em></strong></span> <span class='ocrx_word' id='word_1_246' title='bbox 698 935 832 969; x_wconf 83' lang='lat' dir='ltr'><strong><em>superiori</em></strong></span> <span class='ocrx_word' id='word_1_247' title='bbox 855 944 937 971; x_wconf 88' lang='lat' dir='ltr'><strong><em>opere</em></strong></span> 
     </span>
    </p>
   </div>
   <div class='ocr_carea' id='block_1_36' title="bbox 152 977 935 1016">
    <p class='ocr_par' dir='ltr' id='par_1_36' title="bbox 152 977 935 1016">
     <span class='ocr_line' id='line_1_36' title="bbox 152 977 935 1016; baseline 0.008 -13"><span class='ocrx_word' id='word_1_248' title='bbox 152 977 280 1013; x_wconf 80' lang='lat' dir='ltr'><strong><em>decerpta</em></strong></span> <span class='ocrx_word' id='word_1_249' title='bbox 296 983 369 1011; x_wconf 87' lang='lat' dir='ltr'><strong><em>sunt,</em></strong></span> <span class='ocrx_word' id='word_1_250' title='bbox 386 987 446 1013; x_wconf 50' lang='lat' dir='ltr'><strong><em>qua).</em></strong></span> <span class='ocrx_word' id='word_1_251' title='bbox 462 980 558 1006; x_wconf 76' lang='lat' dir='ltr'><strong><em>recitat</em></strong></span> <span class='ocrx_word' id='word_1_252' title='bbox 571 979 715 1007; x_wconf 77' lang='lat' dir='ltr'><strong><em>Fucundus</em></strong></span> <span class='ocrx_word' id='word_1_253' title='bbox 730 981 822 1012; x_wconf 78' lang='lat' dir='ltr'><strong><em>lib.1x,</em></strong></span> <span class='ocrx_word' id='word_1_254' title='bbox 838 989 896 1016; x_wconf 81' lang='lat' dir='ltr'><strong><em>cap.</em></strong></span> <span class='ocrx_word' id='word_1_255' title='bbox 909 983 935 1014; x_wconf 82' lang='grc'>5,</span> 
     </span>
    </p>
   </div>
   <div class='ocr_carea' id='block_1_37' title="bbox 152 1021 748 1058">
    <p class='ocr_par' dir='ltr' id='par_1_37' title="bbox 152 1021 748 1058">
     <span class='ocr_line' id='line_1_37' title="bbox 152 1021 748 1058; baseline 0.008 -10"><span class='ocrx_word' id='word_1_256' title='bbox 152 1021 226 1056; x_wconf 84' lang='lat' dir='ltr'><strong><em>quis,</em></strong></span> <span class='ocrx_word' id='word_1_257' title='bbox 240 1029 300 1049; x_wconf 82' lang='lat' dir='ltr'><strong><em>cum</em></strong></span> <span class='ocrx_word' id='word_1_258' title='bbox 316 1027 442 1050; x_wconf 89' lang='lat' dir='ltr'><strong><em>neutrum</em></strong></span> <span class='ocrx_word' id='word_1_259' title='bbox 455 1027 552 1055; x_wconf 78' lang='lat' dir='ltr'><strong><em>exstet,</em></strong></span> <span class='ocrx_word' id='word_1_260' title='bbox 568 1024 748 1058; x_wconf 75' lang='lat' dir='ltr'><strong><em>dijudicabit?</em></strong></span> 
     </span>
    </p>
   </div>
   <div class='ocr_carea' id='block_1_38' title="bbox 189 1078 939 1115">
    <p class='ocr_par' dir='ltr' id='par_1_38' title="bbox 189 1078 939 1115">
     <span class='ocr_line' id='line_1_38' title="bbox 189 1078 939 1115; baseline 0.012 -11"><span class='ocrx_word' id='word_1_261' title='bbox 189 1078 319 1105; x_wconf 77' lang='lat' dir='ltr'><strong><em>Adversus</em></strong></span> <span class='ocrx_word' id='word_1_262' title='bbox 336 1079 473 1113; x_wconf 79' lang='lat' dir='ltr'><strong><em>Origenem</em></strong></span> <span class='ocrx_word' id='word_1_263' title='bbox 489 1080 520 1107; x_wconf 84' lang='lat' dir='ltr'><strong><em>de</em></strong></span> <span class='ocrx_word' id='word_1_264' title='bbox 530 1082 657 1115; x_wconf 79' lang='lat' dir='ltr'><strong><em>allegoria</em></strong></span> <span class='ocrx_word' id='word_1_265' title='bbox 669 1089 692 1109; x_wconf 90' lang='lat' dir='ltr'><strong><em>et</em></strong></span> <span class='ocrx_word' id='word_1_266' title='bbox 708 1085 819 1112; x_wconf 73' lang='lat' dir='ltr'><strong><em>historia</em></strong></span> <span class='ocrx_word' id='word_1_267' title='bbox 832 1086 865 1112; x_wconf 86' lang='lat' dir='ltr'><strong><em>ad</em></strong></span> <span class='ocrx_word' id='word_1_268' title='bbox 879 1087 939 1114; x_wconf 77' lang='lat' dir='ltr'><strong><em>Cer-</em></strong></span> 
     </span>
    </p>
   </div>
   <div class='ocr_carea' id='block_1_39' title="bbox 153 1123 937 1160">
    <p class='ocr_par' dir='ltr' id='par_1_39' title="bbox 153 1123 937 1160">
     <span class='ocr_line' id='line_1_39' title="bbox 153 1123 937 1160; baseline 0.013 -11"><span class='ocrx_word' id='word_1_269' title='bbox 153 1123 258 1150; x_wconf 82' lang='lat' dir='ltr'><strong><em>donem.</em></strong></span> <span class='ocrx_word' id='word_1_270' title='bbox 288 1123 364 1151; x_wconf 84' lang='lat' dir='ltr'><strong><em>Unde</em></strong></span> <span class='ocrx_word' id='word_1_271' title='bbox 386 1129 413 1152; x_wconf 88' lang='lat' dir='ltr'><strong><em>et</em></strong></span> <span class='ocrx_word' id='word_1_272' title='bbox 441 1125 670 1160; x_wconf 80' lang='lat' dir='ltr'><strong><em>Origenianorum</em></strong></span> <span class='ocrx_word' id='word_1_273' title='bbox 697 1131 788 1157; x_wconf 78' lang='lat' dir='ltr'><strong><em>odium</em></strong></span> <span class='ocrx_word' id='word_1_274' title='bbox 813 1132 937 1159; x_wconf 85' lang='lat' dir='ltr'><strong><em>incurrit.</em></strong></span> 
     </span>
    </p>
   </div>
   <div class='ocr_carea' id='block_1_40' title="bbox 154 1166 538 1203">
    <p class='ocr_par' dir='ltr' id='par_1_40' title="bbox 154 1166 538 1203">
     <span class='ocr_line' id='line_1_40' title="bbox 154 1166 538 1203; baseline 0.01 -10"><span class='ocrx_word' id='word_1_275' title='bbox 154 1166 300 1194; x_wconf 81' lang='lat' dir='ltr'><strong><em>Facundus</em></strong></span> <span class='ocrx_word' id='word_1_276' title='bbox 315 1168 362 1195; x_wconf 87' lang='lat' dir='ltr'><strong><em>lib.</em></strong></span> <span class='ocrx_word' id='word_1_277' title='bbox 380 1177 419 1201; x_wconf 86' lang='grc' dir='ltr'>ιιι,</span> <span class='ocrx_word' id='word_1_278' title='bbox 432 1177 492 1203; x_wconf 80' lang='lat' dir='ltr'><strong><em>cap.</em></strong></span> <span class='ocrx_word' id='word_1_279' title='bbox 511 1171 538 1198; x_wconf 82' lang='lat'><strong><em>6.</em></strong></span> 
     </span>
    </p>
   </div>
   <div class='ocr_carea' id='block_1_41' title="bbox 190 1224 941 1263">
    <p class='ocr_par' dir='ltr' id='par_1_41' title="bbox 190 1224 941 1263">
     <span class='ocr_line' id='line_1_41' title="bbox 190 1224 941 1263; baseline 0.017 -14"><span class='ocrx_word' id='word_1_280' title='bbox 190 1224 322 1251; x_wconf 75' lang='lat' dir='ltr'><strong><em>Aduersus</em></strong></span> <span class='ocrx_word' id='word_1_281' title='bbox 341 1233 384 1252; x_wconf 89' lang='lat' dir='ltr'><strong><em>eos</em></strong></span> <span class='ocrx_word' id='word_1_282' title='bbox 398 1227 442 1260; x_wconf 85' lang='lat' dir='ltr'><strong><em>qui</em></strong></span> <span class='ocrx_word' id='word_1_283' title='bbox 472 1234 593 1255; x_wconf 84' lang='lat' dir='ltr'><strong><em>asserunt</em></strong></span> <span class='ocrx_word' id='word_1_284' title='bbox 617 1239 724 1263; x_wconf 75' lang='lat' dir='ltr'><strong><em>recture</em></strong></span> <span class='ocrx_word' id='word_1_285' title='bbox 741 1232 870 1260; x_wconf 84' lang='lat' dir='ltr'><strong><em>hominem</em></strong></span> <span class='ocrx_word' id='word_1_286' title='bbox 893 1243 941 1261; x_wconf 85' lang='lat' dir='ltr'><strong><em>na-</em></strong></span> 
     </span>
    </p>
   </div>
   <div class='ocr_carea' id='block_1_42' title="bbox 156 1271 939 1312">
    <p class='ocr_par' dir='ltr' id='par_1_42' title="bbox 156 1271 939 1312">
     <span class='ocr_line' id='line_1_42' title="bbox 156 1271 939 1312; baseline 0.015 -17"><span class='ocrx_word' id='word_1_287' title='bbox 156 1274 216 1296; x_wconf 84' lang='lat' dir='ltr'><strong><em>tura</em></strong></span> <span class='ocrx_word' id='word_1_288' title='bbox 229 1278 279 1297; x_wconf 91' lang='lat' dir='ltr'><strong><em>non</em></strong></span> <span class='ocrx_word' id='word_1_289' title='bbox 292 1271 432 1304; x_wconf 79' lang='lat' dir='ltr'><strong><em>voluntate,</em></strong></span> <span class='ocrx_word' id='word_1_290' title='bbox 450 1273 535 1301; x_wconf 86' lang='lat' dir='ltr'><strong><em>libros</em></strong></span> <span class='ocrx_word' id='word_1_291' title='bbox 549 1275 680 1310; x_wconf 87' lang='lat' dir='ltr'><strong><em>quinque.</em></strong></span> <span class='ocrx_word' id='word_1_292' title='bbox 696 1277 772 1312; x_wconf 68' lang='lat' dir='ltr'><strong><em>Legit</em></strong></span> <span class='ocrx_word' id='word_1_293' title='bbox 788 1278 900 1306; x_wconf 69' lang='lat' dir='ltr'><strong><em>[’lioiius</em></strong></span> <span class='ocrx_word' id='word_1_294' title='bbox 913 1281 939 1307; x_wconf 91' lang='lat' dir='ltr'><strong><em>in</em></strong></span> 
     </span>
    </p>
   </div>
   <div class='ocr_carea' id='block_1_43' title="bbox 155 1316 942 1360">
    <p class='ocr_par' dir='ltr' id='par_1_43' title="bbox 155 1316 942 1360">
     <span class='ocr_line' id='line_1_43' title="bbox 155 1316 942 1360; baseline 0.014 -18"><span class='ocrx_word' id='word_1_295' title='bbox 155 1316 319 1344; x_wconf 81' lang='lat' dir='ltr'><strong><em>Bibliotheca</em></strong></span> <span class='ocrx_word' id='word_1_296' title='bbox 333 1318 395 1344; x_wconf 87' lang='lat' dir='ltr'><strong><em>cod.</em></strong></span> <span class='ocrx_word' id='word_1_297' title='bbox 415 1319 466 1345; x_wconf 84' lang='grc'><strong><em>177</em></strong></span> <span class='ocrx_word' id='word_1_298' title='bbox 481 1329 488 1346; x_wconf 93' lang='lat'><strong>:</strong></span> <span class='ocrx_word' id='word_1_299' title='bbox 511 1321 679 1357; x_wconf 74' lang='grc' dir='ltr'>’Δνεγνώσοη</span> <span class='ocrx_word' id='word_1_300' title='bbox 693 1323 793 1357; x_wconf 78' lang='grc' dir='ltr'>βίϐλιον</span> <span class='ocrx_word' id='word_1_301' title='bbox 810 1322 839 1351; x_wconf 74' lang='grc' dir='ltr'><strong><em>οὔ</em></strong></span> <span class='ocrx_word' id='word_1_302' title='bbox 855 1328 869 1360; x_wconf 85' lang='grc' dir='ltr'><strong>ή</strong></span> <span class='ocrx_word' id='word_1_303' title='bbox 885 1327 942 1353; x_wconf 73' lang='grc' dir='ltr'>ἑπι-</span> 
     </span>
    </p>
   </div>
   <div class='ocr_carea' id='block_1_44' title="bbox 155 1363 941 1402">
    <p class='ocr_par' dir='ltr' id='par_1_44' title="bbox 155 1363 941 1402">
     <span class='ocr_line' id='line_1_44' title="bbox 155 1363 941 1402; baseline 0.014 -15"><span class='ocrx_word' id='word_1_304' title='bbox 155 1363 258 1397; x_wconf 65' lang='grc' dir='ltr'>γραφὴ,</span> <span class='ocrx_word' id='word_1_305' title='bbox 290 1363 439 1398; x_wconf 80' lang='grc' dir='ltr'><strong><em>Θεοδώρου</em></strong></span> <span class='ocrx_word' id='word_1_306' title='bbox 470 1365 652 1401; x_wconf 75' lang='grc' dir='ltr'><strong><em>Ἀντιοχέως,</em></strong></span> <span class='ocrx_word' id='word_1_307' title='bbox 680 1369 693 1394; x_wconf 82' lang='grc' dir='ltr'><strong>ό</strong></span> <span class='ocrx_word' id='word_1_308' title='bbox 715 1370 888 1402; x_wconf 65' lang='grc' dir='ltr'>Μοψουστῐας</span> <span class='ocrx_word' id='word_1_309' title='bbox 913 1373 941 1398; x_wconf 76' lang='grc' dir='ltr'>δέ</span> 
     </span>
    </p>
   </div>
   <div class='ocr_carea' id='block_1_45' title="bbox 155 1409 942 1450">
    <p class='ocr_par' dir='ltr' id='par_1_45' title="bbox 155 1409 942 1450">
     <span class='ocr_line' id='line_1_45' title="bbox 155 1409 942 1450; baseline 0.011 -16"><span class='ocrx_word' id='word_1_310' title='bbox 155 1409 239 1440; x_wconf 70' lang='grc' dir='ltr'>ἐστιν,</span> <span class='ocrx_word' id='word_1_311' title='bbox 251 1409 288 1440; x_wconf 83' lang='grc' dir='ltr'>ὡς</span> <span class='ocrx_word' id='word_1_312' title='bbox 301 1409 354 1435; x_wconf 77' lang='grc' dir='ltr'>ἀπό</span> <span class='ocrx_word' id='word_1_313' title='bbox 368 1419 447 1437; x_wconf 88' lang='grc' dir='ltr'>τινων</span> <span class='ocrx_word' id='word_1_314' title='bbox 459 1411 607 1438; x_wconf 72' lang='grc' dir='ltr'>ἐπιστολῶν</span> <span class='ocrx_word' id='word_1_315' title='bbox 621 1413 765 1449; x_wconf 72' lang='grc' dir='ltr'>ἐμάθομεν,</span> <span class='ocrx_word' id='word_1_316' title='bbox 778 1416 856 1449; x_wconf 74' lang='grc' dir='ltr'><strong><em>Πρός</em></strong></span> <span class='ocrx_word' id='word_1_317' title='bbox 872 1418 942 1450; x_wconf 77' lang='grc' dir='ltr'>τοὺς</span> 
     </span>
    </p>
   </div>
   <div class='ocr_carea' id='block_1_46' title="bbox 155 1455 941 1495">
    <p class='ocr_par' dir='ltr' id='par_1_46' title="bbox 155 1455 941 1495">
     <span class='ocr_line' id='line_1_46' title="bbox 155 1455 941 1495; baseline 0.01 -13"><span class='ocrx_word' id='word_1_318' title='bbox 155 1455 311 1490; x_wconf 67' lang='grc' dir='ltr'>λέγοι-τας,</span> <span class='ocrx_word' id='word_1_319' title='bbox 333 1457 423 1492; x_wconf 71' lang='grc' dir='ltr'>φύσει</span> <span class='ocrx_word' id='word_1_320' title='bbox 435 1458 483 1484; x_wconf 79' lang='grc' dir='ltr'>καὶ</span> <span class='ocrx_word' id='word_1_321' title='bbox 502 1460 537 1485; x_wconf 87' lang='grc' dir='ltr'>οὑ</span> <span class='ocrx_word' id='word_1_322' title='bbox 554 1459 653 1494; x_wconf 74' lang='grc' dir='ltr'>γνώμῃ</span> <span class='ocrx_word' id='word_1_323' title='bbox 667 1462 782 1488; x_wconf 78' lang='grc' dir='ltr'>πταίειν</span> <span class='ocrx_word' id='word_1_324' title='bbox 798 1463 868 1495; x_wconf 75' lang='grc' dir='ltr'>τοὺς</span> <span class='ocrx_word' id='word_1_325' title='bbox 887 1465 941 1490; x_wconf 79' lang='grc' dir='ltr'>ἀι·-</span> 
     </span>
    </p>
   </div>
   <div class='ocr_carea' id='block_1_47' title="bbox 156 1500 941 1543">
    <p class='ocr_par' dir='ltr' id='par_1_47' title="bbox 156 1500 941 1543">
     <span class='ocr_line' id='line_1_47' title="bbox 156 1500 941 1543; baseline 0.01 -16"><span class='ocrx_word' id='word_1_326' title='bbox 156 1500 301 1535; x_wconf 78' lang='grc' dir='ltr'><strong><em>θρὼπους.</em></strong></span> <span class='ocrx_word' id='word_1_327' title='bbox 322 1503 528 1537; x_wconf 82' lang='grc' dir='ltr'>Διαπεραίνεται</span> <span class='ocrx_word' id='word_1_328' title='bbox 550 1504 599 1539; x_wconf 86' lang='grc' dir='ltr'>μὲν</span> <span class='ocrx_word' id='word_1_329' title='bbox 624 1505 697 1539; x_wconf 79' lang='grc' dir='ltr'>αὐτῷ</span> <span class='ocrx_word' id='word_1_330' title='bbox 720 1507 734 1533; x_wconf 82' lang='grc' dir='ltr'><strong>ὀ</strong></span> <span class='ocrx_word' id='word_1_331' title='bbox 755 1507 821 1543; x_wconf 71' lang='grc' dir='ltr'>πρὸς</span> <span class='ocrx_word' id='word_1_332' title='bbox 844 1509 941 1541; x_wconf 73' lang='grc' dir='ltr'>αὐτοὺς</span> 
     </span>
    </p>
   </div>
   <div class='ocr_carea' id='block_1_48' title="bbox 156 1545 942 1586">
    <p class='ocr_par' dir='ltr' id='par_1_48' title="bbox 156 1545 942 1586">
     <span class='ocr_line' id='line_1_48' title="bbox 156 1545 942 1586; baseline 0.011 -13"><span class='ocrx_word' id='word_1_333' title='bbox 156 1545 231 1581; x_wconf 87' lang='grc' dir='ltr'>ἀγὼν</span> <span class='ocrx_word' id='word_1_334' title='bbox 241 1548 270 1574; x_wconf 83' lang='grc' dir='ltr'>ὲν</span> <span class='ocrx_word' id='word_1_335' title='bbox 280 1546 369 1581; x_wconf 84' lang='grc' dir='ltr'>λόγοις</span> <span class='ocrx_word' id='word_1_336' title='bbox 383 1548 472 1581; x_wconf 79' lang='grc' dir='ltr'>πέντε,</span> <span class='ocrx_word' id='word_1_337' title='bbox 487 1549 553 1584; x_wconf 79' lang='grc' dir='ltr'>πρὸς</span> <span class='ocrx_word' id='word_1_338' title='bbox 563 1550 592 1576; x_wconf 79' lang='grc' dir='ltr'><strong><em>δὲ</em></strong></span> <span class='ocrx_word' id='word_1_339' title='bbox 601 1551 663 1582; x_wconf 80' lang='grc' dir='ltr'>τοὺς</span> <span class='ocrx_word' id='word_1_340' title='bbox 680 1552 733 1578; x_wconf 74' lang='grc' dir='ltr'>ἀπὸ</span> <span class='ocrx_word' id='word_1_341' title='bbox 748 1553 848 1586; x_wconf 80' lang='grc' dir='ltr'><strong><em>δύσεως</em></strong></span> <span class='ocrx_word' id='word_1_342' title='bbox 863 1555 942 1582; x_wconf 75' lang='grc' dir='ltr'>τοῦτο</span> 
     </span>
    </p>
   </div>
   <div class='ocr_carea' id='block_1_49' title="bbox 157 1593 943 1633">
    <p class='ocr_par' dir='ltr' id='par_1_49' title="bbox 157 1593 943 1633">
     <span class='ocr_line' id='line_1_49' title="bbox 157 1593 943 1633; baseline 0.013 -15"><span class='ocrx_word' id='word_1_343' title='bbox 157 1593 187 1618; x_wconf 77' lang='grc' dir='ltr'>τὸ</span> <span class='ocrx_word' id='word_1_344' title='bbox 203 1593 308 1628; x_wconf 78' lang='grc' dir='ltr'>νόσημα</span> <span class='ocrx_word' id='word_1_345' title='bbox 334 1594 511 1630; x_wconf 75' lang='grc' dir='ltr'>νενοσηκότας</span> <span class='ocrx_word' id='word_1_346' title='bbox 536 1595 636 1631; x_wconf 78' lang='grc' dir='ltr'>γράφει</span> <span class='ocrx_word' id='word_1_347' title='bbox 660 1597 690 1624; x_wconf 82' lang='grc' dir='ltr'>τὸ</span> <span class='ocrx_word' id='word_1_348' title='bbox 714 1598 824 1633; x_wconf 79' lang='grc' dir='ltr'>βιὸλίον,</span> <span class='ocrx_word' id='word_1_349' title='bbox 840 1597 877 1627; x_wconf 82' lang='grc' dir='ltr'>ὧν</span> <span class='ocrx_word' id='word_1_350' title='bbox 896 1602 943 1628; x_wconf 72' lang='grc' dir='ltr'>καὶ</span> 
     </span>
    </p>
   </div>
   <div class='ocr_carea' id='block_1_50' title="bbox 156 1639 943 1682">
    <p class='ocr_par' dir='ltr' id='par_1_50' title="bbox 156 1639 943 1682">
     <span class='ocr_line' id='line_1_50' title="bbox 156 1639 943 1682; baseline 0.011 -18"><span class='ocrx_word' id='word_1_351' title='bbox 156 1640 207 1673; x_wconf 80' lang='grc' dir='ltr'>τῆς</span> <span class='ocrx_word' id='word_1_352' title='bbox 224 1639 354 1674; x_wconf 80' lang='grc' dir='ltr'>αἱρέσεως</span> <span class='ocrx_word' id='word_1_353' title='bbox 372 1640 492 1676; x_wconf 83' lang='grc' dir='ltr'>ἀρχηγὸν</span> <span class='ocrx_word' id='word_1_354' title='bbox 507 1641 580 1675; x_wconf 82' lang='grc' dir='ltr'>λέγει</span> <span class='ocrx_word' id='word_1_355' title='bbox 600 1643 734 1677; x_wconf 77' lang='grc' dir='ltr'>γενέσθαι.</span> <span class='ocrx_word' id='word_1_356' title='bbox 756 1645 874 1672; x_wconf 79' lang='grc' dir='ltr'>Ἐκεῖθεν</span> <span class='ocrx_word' id='word_1_357' title='bbox 894 1647 943 1682; x_wconf 73' lang='grc' dir='ltr'>μὲν</span> 
     </span>
    </p>
   </div>
   <div class='ocr_carea' id='block_1_51' title="bbox 158 1683 945 1725">
    <p class='ocr_par' dir='ltr' id='par_1_51' title="bbox 158 1683 945 1725">
     <span class='ocr_line' id='line_1_51' title="bbox 158 1683 945 1725; baseline 0.013 -15"><span class='ocrx_word' id='word_1_358' title='bbox 158 1683 326 1720; x_wconf 82' lang='grc' dir='ltr'>ὁρμώμενον,</span> <span class='ocrx_word' id='word_1_359' title='bbox 341 1687 397 1718; x_wconf 85' lang='grc' dir='ltr'>τοῖς</span> <span class='ocrx_word' id='word_1_360' title='bbox 410 1687 438 1712; x_wconf 79' lang='grc' dir='ltr'><strong><em>δὲ</em></strong></span> <span class='ocrx_word' id='word_1_361' title='bbox 454 1687 503 1722; x_wconf 84' lang='grc' dir='ltr'>τῆς</span> <span class='ocrx_word' id='word_1_362' title='bbox 522 1688 653 1723; x_wconf 73' lang='grc' dir='ltr'>ἀνατολῆς</span> <span class='ocrx_word' id='word_1_363' title='bbox 667 1690 882 1725; x_wconf 76' lang='grc' dir='ltr'>ἐπιχωριάζοντα</span> <span class='ocrx_word' id='word_1_364' title='bbox 902 1694 945 1719; x_wconf 86' lang='grc' dir='ltr'>τό-</span> 
     </span>
    </p>
   </div>
   <div class='ocr_carea' id='block_1_52' title="bbox 159 1731 946 1772">
    <p class='ocr_par' dir='ltr' id='par_1_52' title="bbox 159 1731 946 1772">
     <span class='ocr_line' id='line_1_52' title="bbox 159 1731 946 1772; baseline 0.013 -17"><span class='ocrx_word' id='word_1_365' title='bbox 159 1738 232 1761; x_wconf 84' lang='grc' dir='ltr'>ποις,</span> <span class='ocrx_word' id='word_1_366' title='bbox 248 1731 295 1757; x_wconf 60' lang='lat' dir='ltr'><strong><em>xui.</em></strong></span> <span class='ocrx_word' id='word_1_367' title='bbox 309 1732 488 1759; x_wconf 77' lang='grc' dir='ltr'>συντάττοντα</span> <span class='ocrx_word' id='word_1_368' title='bbox 501 1733 595 1767; x_wconf 77' lang='grc' dir='ltr'>λόγους</span> <span class='ocrx_word' id='word_1_369' title='bbox 609 1735 678 1770; x_wconf 80' lang='grc' dir='ltr'>ὑπὲρ</span> <span class='ocrx_word' id='word_1_370' title='bbox 690 1736 740 1770; x_wconf 80' lang='grc' dir='ltr'>τῆς</span> <span class='ocrx_word' id='word_1_371' title='bbox 752 1739 946 1772; x_wconf 73' lang='grc' dir='ltr'>καινοποιηθεί-</span> 
     </span>
    </p>
   </div>
   <div class='ocr_carea' id='block_1_53' title="bbox 161 1775 944 1816">
    <p class='ocr_par' dir='ltr' id='par_1_53' title="bbox 161 1775 944 1816">
     <span class='ocr_line' id='line_1_53' title="bbox 161 1775 944 1816; baseline 0.009 -16"><span class='ocrx_word' id='word_1_372' title='bbox 161 1782 210 1808; x_wconf 82' lang='grc' dir='ltr'><strong><em>σης</em></strong></span> <span class='ocrx_word' id='word_1_373' title='bbox 223 1775 297 1810; x_wconf 85' lang='grc' dir='ltr'>αὐτῷ</span> <span class='ocrx_word' id='word_1_374' title='bbox 312 1776 451 1811; x_wconf 74' lang='grc' dir='ltr'>αἱρέσεως,</span> <span class='ocrx_word' id='word_1_375' title='bbox 465 1777 626 1813; x_wconf 71' lang='grc' dir='ltr'>διαπέμπειν</span> <span class='ocrx_word' id='word_1_376' title='bbox 638 1780 692 1810; x_wconf 82' lang='grc' dir='ltr'>τοῖς</span> <span class='ocrx_word' id='word_1_377' title='bbox 702 1780 732 1805; x_wconf 83' lang='grc' dir='ltr'>τὸ</span> <span class='ocrx_word' id='word_1_378' title='bbox 743 1781 868 1816; x_wconf 78' lang='grc' dir='ltr'>πατρῷον</span> <span class='ocrx_word' id='word_1_379' title='bbox 884 1782 944 1807; x_wconf 69' lang='grc' dir='ltr'>ἔδει·</span> 
     </span>
    </p>
   </div>
   <div class='ocr_carea' id='block_1_54' title="bbox 161 1819 946 1862">
    <p class='ocr_par' dir='ltr' id='par_1_54' title="bbox 161 1819 946 1862">
     <span class='ocr_line' id='line_1_54' title="bbox 161 1819 946 1862; baseline 0.011 -17"><span class='ocrx_word' id='word_1_380' title='bbox 161 1827 210 1853; x_wconf 67' lang='grc' dir='ltr'><strong><em>φος</em></strong></span> <span class='ocrx_word' id='word_1_381' title='bbox 233 1820 364 1847; x_wconf 74' lang='grc' dir='ltr'>οἰκοῦσιν·</span> <span class='ocrx_word' id='word_1_382' title='bbox 382 1822 426 1857; x_wconf 74' lang='grc' dir='ltr'><strong><em>ὑφ’</em></strong></span> <span class='ocrx_word' id='word_1_383' title='bbox 447 1819 484 1849; x_wconf 87' lang='grc' dir='ltr'>ὧν</span> <span class='ocrx_word' id='word_1_384' title='bbox 510 1824 557 1849; x_wconf 82' lang='grc' dir='ltr'>καὶ</span> <span class='ocrx_word' id='word_1_385' title='bbox 584 1824 697 1856; x_wconf 80' lang='grc' dir='ltr'>πολλοὺς</span> <span class='ocrx_word' id='word_1_386' title='bbox 719 1826 807 1852; x_wconf 75' lang='grc' dir='ltr'>ἐκεῖσε</span> <span class='ocrx_word' id='word_1_387' title='bbox 827 1827 894 1862; x_wconf 57' lang='grc' dir='ltr'>προς</span> <span class='ocrx_word' id='word_1_388' title='bbox 916 1828 946 1854; x_wconf 83' lang='grc' dir='ltr'>τὸ</span> 
     </span>
    </p>
   </div>
   <div class='ocr_carea' id='block_1_55' title="bbox 160 1865 946 1905">
    <p class='ocr_par' dir='ltr' id='par_1_55' title="bbox 160 1865 946 1905">
     <span class='ocr_line' id='line_1_55' title="bbox 160 1865 946 1905; baseline 0.009 -14"><span class='ocrx_word' id='word_1_389' title='bbox 160 1866 258 1892; x_wconf 77' lang='grc' dir='ltr'>οἰκεῖον</span> <span class='ocrx_word' id='word_1_390' title='bbox 278 1865 404 1901; x_wconf 74' lang='grc' dir='ltr'>φρόνημα</span> <span class='ocrx_word' id='word_1_391' title='bbox 428 1867 549 1898; x_wconf 68' lang='grc' dir='ltr'>ἑλκύσαι,</span> <span class='ocrx_word' id='word_1_392' title='bbox 573 1868 610 1897; x_wconf 74' lang='grc' dir='ltr'>ὡς</span> <span class='ocrx_word' id='word_1_393' title='bbox 634 1869 680 1895; x_wconf 80' lang='grc' dir='ltr'>καὶ</span> <span class='ocrx_word' id='word_1_394' title='bbox 701 1870 862 1905; x_wconf 78' lang='grc' dir='ltr'>Ἑκκλησίας</span> <span class='ocrx_word' id='word_1_395' title='bbox 884 1871 946 1903; x_wconf 78' lang='grc' dir='ltr'>ὅλας</span> 
     </span>
    </p>
   </div>
   <div class='ocr_carea' id='block_1_56' title="bbox 159 1910 946 1950">
    <p class='ocr_par' dir='ltr' id='par_1_56' title="bbox 159 1910 946 1950">
     <span class='ocr_line' id='line_1_56' title="bbox 159 1910 946 1950; baseline 0.009 -14"><span class='ocrx_word' id='word_1_396' title='bbox 159 1910 207 1937; x_wconf 80' lang='grc' dir='ltr'>τοῦ</span> <span class='ocrx_word' id='word_1_397' title='bbox 222 1911 395 1949; x_wconf 78' lang='grc' dir='ltr'>ἀτοπήματος</span> <span class='ocrx_word' id='word_1_398' title='bbox 407 1911 579 1947; x_wconf 80' lang='grc' dir='ltr'>πληρωθῆναι</span> <span class='ocrx_word' id='word_1_399' title='bbox 593 1922 599 1929; x_wconf 89' lang='grc'><strong>·</strong></span> <span class='ocrx_word' id='word_1_400' title='bbox 617 1913 723 1940; x_wconf 83' lang='lat' dir='ltr'><strong><em>Lectum</em></strong></span> <span class='ocrx_word' id='word_1_401' title='bbox 737 1919 775 1941; x_wconf 85' lang='lat' dir='ltr'><strong><em>est</em></strong></span> <span class='ocrx_word' id='word_1_402' title='bbox 787 1924 850 1950; x_wconf 85' lang='lat' dir='ltr'><strong><em>opus</em></strong></span> <span class='ocrx_word' id='word_1_403' title='bbox 865 1916 946 1943; x_wconf 88' lang='lat' dir='ltr'><strong><em>Theo-</em></strong></span> 
     </span>
    </p>
   </div>
   <div class='ocr_carea' id='block_1_57' title="bbox 161 1956 947 1995">
    <p class='ocr_par' dir='ltr' id='par_1_57' title="bbox 161 1956 947 1995">
     <span class='ocr_line' id='line_1_57' title="bbox 161 1956 947 1995; baseline 0.008 -13"><span class='ocrx_word' id='word_1_404' title='bbox 161 1956 220 1983; x_wconf 89' lang='lat' dir='ltr'><strong><em>dori</em></strong></span> <span class='ocrx_word' id='word_1_405' title='bbox 241 1957 405 1989; x_wconf 79' lang='lat' dir='ltr'><strong><em>Antiocheni,</em></strong></span> <span class='ocrx_word' id='word_1_406' title='bbox 421 1959 464 1993; x_wconf 85' lang='lat' dir='ltr'><strong><em>qui</em></strong></span> <span class='ocrx_word' id='word_1_407' title='bbox 480 1958 679 1992; x_wconf 81' lang='lat' dir='ltr'><strong><em>Mopsuestenus</em></strong></span> <span class='ocrx_word' id='word_1_408' title='bbox 694 1961 739 1987; x_wconf 87' lang='lat' dir='ltr'><strong><em>ille</em></strong></span> <span class='ocrx_word' id='word_1_409' title='bbox 750 1962 883 1995; x_wconf 80' lang='lat' dir='ltr'><strong><em>episcopus</em></strong></span> <span class='ocrx_word' id='word_1_410' title='bbox 896 1968 947 1994; x_wconf 82' lang='lat' dir='ltr'><strong><em>est,</em></strong></span> 
     </span>
    </p>
   </div>
   <div class='ocr_carea' id='block_1_58' title="bbox 161 2003 946 2039">
    <p class='ocr_par' dir='ltr' id='par_1_58' title="bbox 161 2003 946 2039">
     <span class='ocr_line' id='line_1_58' title="bbox 161 2003 946 2039; baseline 0.008 -11"><span class='ocrx_word' id='word_1_411' title='bbox 161 2006 190 2028; x_wconf 86' lang='lat' dir='ltr'><strong><em>ut</em></strong></span> <span class='ocrx_word' id='word_1_412' title='bbox 205 2009 238 2029; x_wconf 74' lang='lat' dir='ltr'><strong><em>ex</em></strong></span> <span class='ocrx_word' id='word_1_413' title='bbox 254 2003 411 2037; x_wconf 86' lang='lat' dir='ltr'><strong><em>quibusdam</em></strong></span> <span class='ocrx_word' id='word_1_414' title='bbox 434 2004 552 2035; x_wconf 77' lang='lat' dir='ltr'><strong><em>epistolis</em></strong></span> <span class='ocrx_word' id='word_1_415' title='bbox 576 2005 754 2039; x_wconf 82' lang='lat' dir='ltr'><strong><em>cognovimus,</em></strong></span> <span class='ocrx_word' id='word_1_416' title='bbox 771 2006 819 2032; x_wconf 83' lang='lat' dir='ltr'><strong><em>hoc</em></strong></span> <span class='ocrx_word' id='word_1_417' title='bbox 848 2007 946 2034; x_wconf 85' lang='lat' dir='ltr'><strong><em>titulo:</em></strong></span> 
     </span>
    </p>
   </div>
   <div class='ocr_carea' id='block_1_59' title="bbox 161 2048 946 2084">
    <p class='ocr_par' dir='ltr' id='par_1_59' title="bbox 161 2048 946 2084">
     <span class='ocr_line' id='line_1_59' title="bbox 161 2048 946 2084; baseline 0.006 -10"><span class='ocrx_word' id='word_1_418' title='bbox 161 2048 263 2075; x_wconf 78' lang='lat' dir='ltr'><strong><em>Contra</em></strong></span> <span class='ocrx_word' id='word_1_419' title='bbox 289 2053 444 2076; x_wconf 79' lang='lat' dir='ltr'><strong><em>asserentes</em></strong></span> <span class='ocrx_word' id='word_1_420' title='bbox 464 2057 580 2084; x_wconf 84' lang='lat' dir='ltr'><strong><em>peccare</em></strong></span> <span class='ocrx_word' id='word_1_421' title='bbox 603 2051 728 2077; x_wconf 83' lang='lat' dir='ltr'><strong><em>homines</em></strong></span> <span class='ocrx_word' id='word_1_422' title='bbox 759 2056 866 2083; x_wconf 68' lang='lat' dir='ltr'><strong><em>natura,</em></strong></span> <span class='ocrx_word' id='word_1_423' title='bbox 892 2061 946 2079; x_wconf 91' lang='lat' dir='ltr'><strong><em>non</em></strong></span> 
     </span>
    </p>
   </div>
   <div class='ocr_carea' id='block_1_60' title="bbox 163 2093 946 2130">
    <p class='ocr_par' dir='ltr' id='par_1_60' title="bbox 163 2093 946 2130">
     <span class='ocr_line' id='line_1_60' title="bbox 163 2093 946 2130; baseline 0.006 -11"><span class='ocrx_word' id='word_1_424' title='bbox 163 2093 311 2120; x_wconf 75' lang='lat' dir='ltr'><strong><em>voluntate.</em></strong></span> <span class='ocrx_word' id='word_1_425' title='bbox 333 2093 372 2120; x_wconf 82' lang='lat' dir='ltr'><strong><em>Ea</em></strong></span> <span class='ocrx_word' id='word_1_426' title='bbox 396 2094 541 2128; x_wconf 85' lang='lat' dir='ltr'><strong><em>disputatio</em></strong></span> <span class='ocrx_word' id='word_1_427' title='bbox 558 2096 669 2130; x_wconf 87' lang='lat' dir='ltr'><strong><em>quinque</em></strong></span> <span class='ocrx_word' id='word_1_428' title='bbox 694 2096 768 2123; x_wconf 84' lang='lat' dir='ltr'><strong><em>libris</em></strong></span> <span class='ocrx_word' id='word_1_429' title='bbox 786 2098 946 2129; x_wconf 85' lang='lat' dir='ltr'><strong><em>absoluitur,</em></strong></span> 
     </span>
    </p>
   </div>
   <div class='ocr_carea' id='block_1_61' title="bbox 162 2139 945 2176">
    <p class='ocr_par' dir='ltr' id='par_1_61' title="bbox 162 2139 945 2176">
     <span class='ocr_line' id='line_1_61' title="bbox 162 2139 945 2176; baseline 0.006 -11"><span class='ocrx_word' id='word_1_430' title='bbox 162 2147 227 2174; x_wconf 86' lang='lat' dir='ltr'><strong><em>quos</em></strong></span> <span class='ocrx_word' id='word_1_431' title='bbox 243 2139 367 2166; x_wconf 84' lang='lat' dir='ltr'><strong><em>adrersus</em></strong></span> <span class='ocrx_word' id='word_1_432' title='bbox 382 2141 555 2168; x_wconf 81' lang='lat' dir='ltr'><strong><em>occidentales</em></strong></span> <span class='ocrx_word' id='word_1_433' title='bbox 571 2141 619 2167; x_wconf 88' lang='lat' dir='ltr'><strong><em>hac</em></strong></span> <span class='ocrx_word' id='word_1_434' title='bbox 635 2142 693 2168; x_wconf 83' lang='lat' dir='ltr'><strong><em>labe</em></strong></span> <span class='ocrx_word' id='word_1_435' title='bbox 706 2142 816 2176; x_wconf 70' lang='lat' dir='ltr'><strong><em>infectos</em></strong></span> <span class='ocrx_word' id='word_1_436' title='bbox 831 2144 945 2176; x_wconf 73' lang='lat' dir='ltr'><strong><em>scripsit.</em></strong></span> 
     </span>
    </p>
   </div>
   <div class='ocr_carea' id='block_1_62' title="bbox 164 2185 942 2239">
    <p class='ocr_par' dir='ltr' id='par_1_62' title="bbox 164 2185 942 2220">
     <span class='ocr_line' id='line_1_62' title="bbox 164 2185 942 2220; baseline 0.004 -8"><span class='ocrx_word' id='word_1_437' title='bbox 164 2185 230 2212; x_wconf 86' lang='lat' dir='ltr'><strong><em>Inde</em></strong></span> <span class='ocrx_word' id='word_1_438' title='bbox 237 2186 307 2212; x_wconf 87' lang='lat' dir='ltr'><strong><em>enim</em></strong></span> <span class='ocrx_word' id='word_1_439' title='bbox 320 2185 461 2212; x_wconf 81' lang='lat' dir='ltr'><strong><em>oriundum</em></strong></span> <span class='ocrx_word' id='word_1_440' title='bbox 472 2186 578 2213; x_wconf 72' lang='lat' dir='ltr'><strong><em>hwresis</em></strong></span> <span class='ocrx_word' id='word_1_441' title='bbox 590 2186 668 2220; x_wconf 87' lang='lat' dir='ltr'><strong><em>hujus</em></strong></span> <span class='ocrx_word' id='word_1_442' title='bbox 682 2192 815 2214; x_wconf 85' lang='lat' dir='ltr'><strong><em>auctorem</em></strong></span> <span class='ocrx_word' id='word_1_443' title='bbox 824 2189 850 2214; x_wconf 93' lang='lat' dir='ltr'><strong><em>in</em></strong></span> <span class='ocrx_word' id='word_1_444' title='bbox 865 2190 942 2216; x_wconf 55' lang='lat' dir='ltr'><strong><em>orien.</em></strong></span> 
     </span>
    </p>
   </div>
   <div class='ocr_carea' id='block_1_63' title="bbox 995 2185 1306 2239">
    <p class='ocr_par' dir='ltr' id='par_1_63' title="bbox 1002 2185 1306 2239">
     <span class='ocr_line' id='line_1_63' title="bbox 1002 2185 1306 2239; baseline -0.01 -9"><span class='ocrx_word' id='word_1_445' title='bbox 1002 2185 1096 2239; x_wconf 68' lang='grc' dir='ltr'>μένους</span> <span class='ocrx_word' id='word_1_446' title='bbox 1107 2185 1188 2229; x_wconf 60' lang='grc' dir='ltr'>αὑτὸν</span> <span class='ocrx_word' id='word_1_447' title='bbox 1203 2203 1306 2236; x_wconf 75' lang='grc' dir='ltr'>ἀποστρ</span> 
     </span>
    </p>
   </div>
   <div class='ocr_carea' id='block_1_64' title="bbox 165 2231 948 2267">
    <p class='ocr_par' dir='ltr' id='par_1_64' title="bbox 165 2231 948 2267">
     <span class='ocr_line' id='line_1_64' title="bbox 165 2231 948 2267; baseline 0.004 -9"><span class='ocrx_word' id='word_1_448' title='bbox 165 2232 198 2258; x_wconf 89' lang='lat' dir='ltr'><strong><em>tis</em></strong></span> <span class='ocrx_word' id='word_1_449' title='bbox 213 2231 290 2258; x_wconf 89' lang='lat' dir='ltr'><strong><em>modo</em></strong></span> <span class='ocrx_word' id='word_1_450' title='bbox 305 2232 455 2267; x_wconf 80' lang='lat' dir='ltr'><strong><em>regionibus</em></strong></span> <span class='ocrx_word' id='word_1_451' title='bbox 476 2233 586 2262; x_wconf 79' lang='lat' dir='ltr'><strong><em>versari.</em></strong></span> <span class='ocrx_word' id='word_1_452' title='bbox 605 2232 736 2267; x_wconf 81' lang='lat' dir='ltr'><strong><em>librosque</em></strong></span> <span class='ocrx_word' id='word_1_453' title='bbox 751 2233 783 2259; x_wconf 87' lang='lat' dir='ltr'><strong><em>de</em></strong></span> <span class='ocrx_word' id='word_1_454' title='bbox 798 2241 886 2261; x_wconf 82' lang='lat' dir='ltr'><strong><em>recens</em></strong></span> <span class='ocrx_word' id='word_1_455' title='bbox 902 2234 948 2261; x_wconf 83' lang='lat' dir='ltr'><strong><em>abs</em></strong></span> 
     </span>
    </p>
   </div>
   <div class='ocr_carea' id='block_1_65' title="bbox 164 2277 950 2312">
    <p class='ocr_par' dir='ltr' id='par_1_65' title="bbox 164 2277 950 2312">
     <span class='ocr_line' id='line_1_65' title="bbox 164 2277 950 2312; baseline 0.003 -8"><span class='ocrx_word' id='word_1_456' title='bbox 164 2285 192 2304; x_wconf 83' lang='lat' dir='ltr'><strong><em>se</em></strong></span> <span class='ocrx_word' id='word_1_457' title='bbox 202 2277 350 2312; x_wconf 65' lang='lat' dir='ltr'><strong><em>excogitata</em></strong></span> <span class='ocrx_word' id='word_1_458' title='bbox 361 2277 455 2304; x_wconf 67' lang='lat' dir='ltr'><strong><em>haeresi</em></strong></span> <span class='ocrx_word' id='word_1_459' title='bbox 469 2279 627 2312; x_wconf 84' lang='lat' dir='ltr'><strong><em>compositos</em></strong></span> <span class='ocrx_word' id='word_1_460' title='bbox 644 2278 678 2304; x_wconf 86' lang='lat' dir='ltr'><strong><em>ad</em></strong></span> <span class='ocrx_word' id='word_1_461' title='bbox 694 2279 831 2312; x_wconf 85' lang='lat' dir='ltr'><strong><em>populares</em></strong></span> <span class='ocrx_word' id='word_1_462' title='bbox 847 2288 908 2306; x_wconf 85' lang='lat' dir='ltr'><strong><em>suos</em></strong></span> <span class='ocrx_word' id='word_1_463' title='bbox 923 2281 950 2306; x_wconf 89' lang='lat' dir='ltr'><strong><em>in</em></strong></span> 
     </span>
    </p>
   </div>
   <div class='ocr_carea' id='block_1_66' title="bbox 163 2323 951 2358">
    <p class='ocr_par' dir='ltr' id='par_1_66' title="bbox 163 2323 951 2358">
     <span class='ocr_line' id='line_1_66' title="bbox 163 2323 951 2358; baseline 0 -8"><span class='ocrx_word' id='word_1_464' title='bbox 163 2323 278 2357; x_wconf 88' lang='lat' dir='ltr'><strong><em>patriam</em></strong></span> <span class='ocrx_word' id='word_1_465' title='bbox 296 2324 474 2350; x_wconf 83' lang='lat' dir='ltr'><strong><em>transmittere</em></strong></span> <span class='ocrx_word' id='word_1_466' title='bbox 489 2328 610 2354; x_wconf 87' lang='lat' dir='ltr'><strong><em>narrant,</em></strong></span> <span class='ocrx_word' id='word_1_467' title='bbox 627 2327 654 2349; x_wconf 90' lang='lat' dir='ltr'><strong><em>ut</em></strong></span> <span class='ocrx_word' id='word_1_468' title='bbox 666 2323 725 2357; x_wconf 82' lang='lat' dir='ltr'><strong><em>jam</em></strong></span> <span class='ocrx_word' id='word_1_469' title='bbox 741 2323 777 2350; x_wconf 86' lang='lat' dir='ltr'><strong><em>ibi</em></strong></span> <span class='ocrx_word' id='word_1_470' title='bbox 792 2325 888 2351; x_wconf 85' lang='lat' dir='ltr'><strong><em>multos</em></strong></span> <span class='ocrx_word' id='word_1_471' title='bbox 905 2332 951 2358; x_wconf 87' lang='lat' dir='ltr'><strong><em>per</em></strong></span> 
     </span>
    </p>
   </div>
   <div class='ocr_carea' id='block_1_67' title="bbox 164 2368 950 2401">
    <p class='ocr_par' dir='ltr' id='par_1_67' title="bbox 164 2368 950 2401">
     <span class='ocr_line' id='line_1_67' title="bbox 164 2368 950 2401; baseline 0.001 -6"><span class='ocrx_word' id='word_1_472' title='bbox 164 2368 231 2395; x_wconf 86' lang='lat' dir='ltr'><strong><em>hanc</em></strong></span> <span class='ocrx_word' id='word_1_473' title='bbox 253 2373 337 2395; x_wconf 86' lang='lat' dir='ltr'><strong><em>artem</em></strong></span> <span class='ocrx_word' id='word_1_474' title='bbox 353 2369 381 2395; x_wconf 86' lang='lat' dir='ltr'><strong><em>in</em></strong></span> <span class='ocrx_word' id='word_1_475' title='bbox 407 2377 483 2395; x_wconf 89' lang='lat' dir='ltr'><strong><em>suam</em></strong></span> <span class='ocrx_word' id='word_1_476' title='bbox 509 2369 668 2401; x_wconf 66' lang='lat' dir='ltr'><strong><em>pertraxerit</em></strong></span> <span class='ocrx_word' id='word_1_477' title='bbox 693 2371 863 2400; x_wconf 83' lang='lat' dir='ltr'><strong><em>sententiam,</em></strong></span> <span class='ocrx_word' id='word_1_478' title='bbox 884 2370 950 2396; x_wconf 88' lang='lat' dir='ltr'><strong><em>inte-</em></strong></span> 
     </span>
    </p>
   </div>
   <div class='ocr_carea' id='block_1_68' title="bbox 166 2413 952 2450">
    <p class='ocr_par' dir='ltr' id='par_1_68' title="bbox 166 2413 952 2450">
     <span class='ocr_line' id='line_1_68' title="bbox 166 2413 952 2450; baseline 0.003 -10"><span class='ocrx_word' id='word_1_479' title='bbox 166 2422 278 2448; x_wconf 82' lang='lat' dir='ltr'><strong><em>grosque</em></strong></span> <span class='ocrx_word' id='word_1_480' title='bbox 298 2414 364 2442; x_wconf 88' lang='lat' dir='ltr'><strong><em>adeo</em></strong></span> <span class='ocrx_word' id='word_1_481' title='bbox 383 2413 515 2441; x_wconf 83' lang='lat' dir='ltr'><strong><em>Ecclesias</em></strong></span> <span class='ocrx_word' id='word_1_482' title='bbox 532 2414 654 2441; x_wconf 85' lang='lat' dir='ltr'><strong><em>absurdis</em></strong></span> <span class='ocrx_word' id='word_1_483' title='bbox 675 2414 730 2441; x_wconf 80' lang='lat' dir='ltr'><strong><em>illis</em></strong></span> <span class='ocrx_word' id='word_1_484' title='bbox 749 2415 871 2441; x_wconf 83' lang='lat' dir='ltr'><strong><em>imbuerit</em></strong></span> <span class='ocrx_word' id='word_1_485' title='bbox 895 2416 952 2450; x_wconf 87' lang='lat' dir='ltr'><strong><em>opi-</em></strong></span> 
     </span>
    </p>
   </div>
   <div class='ocr_carea' id='block_1_69' title="bbox 167 2459 950 2496">
    <p class='ocr_par' dir='ltr' id='par_1_69' title="bbox 167 2459 950 2496">
     <span class='ocr_line' id='line_1_69' title="bbox 167 2459 950 2496; baseline 0.001 -10"><span class='ocrx_word' id='word_1_486' title='bbox 167 2459 287 2487; x_wconf 84' lang='lat' dir='ltr'><strong><em>nionibus</em></strong></span> <span class='ocrx_word' id='word_1_487' title='bbox 299 2460 349 2496; x_wconf 90' lang='lat' dir='ltr'><strong><em>(a).</em></strong></span> <span class='ocrx_word' id='word_1_488' title='bbox 364 2459 428 2487; x_wconf 81' lang='lat' dir='ltr'><strong><em>Pete</em></strong></span> <span class='ocrx_word' id='word_1_489' title='bbox 452 2460 555 2494; x_wconf 89' lang='lat' dir='ltr'><strong><em>reliqua</em></strong></span> <span class='ocrx_word' id='word_1_490' title='bbox 572 2459 606 2486; x_wconf 87' lang='lat' dir='ltr'><strong><em>ab</em></strong></span> <span class='ocrx_word' id='word_1_491' title='bbox 626 2459 732 2486; x_wconf 85' lang='lat' dir='ltr'><strong><em>eodem.</em></strong></span> <span class='ocrx_word' id='word_1_492' title='bbox 754 2460 783 2486; x_wconf 94' lang='lat' dir='ltr'><strong><em>ln</em></strong></span> <span class='ocrx_word' id='word_1_493' title='bbox 800 2459 852 2487; x_wconf 82' lang='lat' dir='ltr'><strong><em>hoc</em></strong></span> <span class='ocrx_word' id='word_1_494' title='bbox 868 2461 950 2487; x_wconf 84' lang='lat' dir='ltr'><strong><em>etiam</em></strong></span> 
     </span>
    </p>
   </div>
   <div class='ocr_carea' id='block_1_70' title="bbox 167 2504 952 2540">
    <p class='ocr_par' dir='ltr' id='par_1_70' title="bbox 167 2504 952 2540">
     <span class='ocr_line' id='line_1_70' title="bbox 167 2504 952 2540; baseline 0.001 -9"><span class='ocrx_word' id='word_1_495' title='bbox 167 2505 251 2532; x_wconf 85' lang='lat' dir='ltr'><strong><em>multa</em></strong></span> <span class='ocrx_word' id='word_1_496' title='bbox 265 2512 321 2532; x_wconf 89' lang='lat' dir='ltr'><strong><em>non</em></strong></span> <span class='ocrx_word' id='word_1_497' title='bbox 331 2512 396 2532; x_wconf 78' lang='lat' dir='ltr'><strong><em>sana</em></strong></span> <span class='ocrx_word' id='word_1_498' title='bbox 412 2505 578 2540; x_wconf 81' lang='lat' dir='ltr'><strong><em>inspersisse</em></strong></span> <span class='ocrx_word' id='word_1_499' title='bbox 591 2504 661 2532; x_wconf 90' lang='lat' dir='ltr'><strong><em>idem</em></strong></span> <span class='ocrx_word' id='word_1_500' title='bbox 675 2505 789 2533; x_wconf 80' lang='lat' dir='ltr'><strong><em>Pliotius</em></strong></span> <span class='ocrx_word' id='word_1_501' title='bbox 800 2506 952 2538; x_wconf 77' lang='lat' dir='ltr'><strong><em>adnotavit,</em></strong></span> 
     </span>
    </p>
   </div>
   <div class='ocr_carea' id='block_1_71' title="bbox 166 2550 773 2586">
    <p class='ocr_par' dir='ltr' id='par_1_71' title="bbox 166 2550 773 2586">
     <span class='ocr_line' id='line_1_71' title="bbox 166 2550 773 2586; baseline -0.002 -8"><span class='ocrx_word' id='word_1_502' title='bbox 166 2554 193 2578; x_wconf 85' lang='lat' dir='ltr'><strong><em>et</em></strong></span> <span class='ocrx_word' id='word_1_503' title='bbox 208 2550 363 2586; x_wconf 85' lang='lat' dir='ltr'><strong><em>qualisnam</em></strong></span> <span class='ocrx_word' id='word_1_504' title='bbox 380 2550 431 2577; x_wconf 84' lang='lat' dir='ltr'><strong><em>l&#39;uit</em></strong></span> <span class='ocrx_word' id='word_1_505' title='bbox 445 2551 473 2578; x_wconf 91' lang='lat' dir='ltr'><strong><em>in</em></strong></span> <span class='ocrx_word' id='word_1_506' title='bbox 486 2558 518 2578; x_wconf 89' lang='lat' dir='ltr'><strong><em>eo</em></strong></span> <span class='ocrx_word' id='word_1_507' title='bbox 529 2558 612 2585; x_wconf 86' lang='lat' dir='ltr'><strong><em>opere</em></strong></span> <span class='ocrx_word' id='word_1_508' title='bbox 626 2551 773 2586; x_wconf 78' lang='lat' dir='ltr'><strong><em>expressit.</em></strong></span> 
     </span>
    </p>
   </div>
   <div class='ocr_carea' id='block_1_72' title="bbox 203 2605 951 2641">
    <p class='ocr_par' dir='ltr' id='par_1_72' title="bbox 203 2605 951 2641">
     <span class='ocr_line' id='line_1_72' title="bbox 203 2605 951 2641; baseline 0 -7"><span class='ocrx_word' id='word_1_509' title='bbox 203 2606 276 2641; x_wconf 86' lang='lat' dir='ltr'><strong><em>Opus</em></strong></span> <span class='ocrx_word' id='word_1_510' title='bbox 291 2606 442 2641; x_wconf 77' lang='lat' dir='ltr'><strong><em>mysticum.</em></strong></span> <span class='ocrx_word' id='word_1_511' title='bbox 455 2605 494 2632; x_wconf 80' lang='lat' dir='ltr'><strong><em>Ex</em></strong></span> <span class='ocrx_word' id='word_1_512' title='bbox 511 2607 591 2641; x_wconf 89' lang='lat' dir='ltr'><strong><em>cujus</em></strong></span> <span class='ocrx_word' id='word_1_513' title='bbox 606 2606 678 2633; x_wconf 87' lang='lat' dir='ltr'><strong><em>libro</em></strong></span> <span class='ocrx_word' id='word_1_514' title='bbox 694 2606 776 2633; x_wconf 87' lang='lat' dir='ltr'><strong><em>tertio</em></strong></span> <span class='ocrx_word' id='word_1_515' title='bbox 787 2605 893 2634; x_wconf 85' lang='lat' dir='ltr'><strong><em>decimo</em></strong></span> <span class='ocrx_word' id='word_1_516' title='bbox 907 2614 951 2634; x_wconf 87' lang='lat' dir='ltr'><strong><em>re-</em></strong></span> 
     </span>
    </p>
   </div>
   <div class='ocr_carea' id='block_1_73' title="bbox 167 2650 952 2686">
    <p class='ocr_par' dir='ltr' id='par_1_73' title="bbox 167 2650 952 2686">
     <span class='ocr_line' id='line_1_73' title="bbox 167 2650 952 2686; baseline -0.003 -7"><span class='ocrx_word' id='word_1_517' title='bbox 167 2651 235 2679; x_wconf 71' lang='lat' dir='ltr'><strong><em>citat</em></strong></span> <span class='ocrx_word' id='word_1_518' title='bbox 246 2651 392 2679; x_wconf 83' lang='lat' dir='ltr'><strong><em>Faeundus</em></strong></span> <span class='ocrx_word' id='word_1_519' title='bbox 404 2651 452 2678; x_wconf 87' lang='lat' dir='ltr'><strong><em>lib.</em></strong></span> <span class='ocrx_word' id='word_1_520' title='bbox 467 2659 508 2682; x_wconf 86' lang='grc' dir='ltr'>ιιι.</span> <span class='ocrx_word' id='word_1_521' title='bbox 518 2659 577 2686; x_wconf 79' lang='lat' dir='ltr'><strong><em>cap.</em></strong></span> <span class='ocrx_word' id='word_1_522' title='bbox 592 2651 619 2684; x_wconf 82' lang='lat' dir='ltr'><strong><em>l,</em></strong></span> <span class='ocrx_word' id='word_1_523' title='bbox 633 2651 714 2678; x_wconf 83' lang='lat' dir='ltr'><strong><em>verba</em></strong></span> <span class='ocrx_word' id='word_1_524' title='bbox 729 2655 825 2678; x_wconf 87' lang='lat' dir='ltr'><strong><em>contra</em></strong></span> <span class='ocrx_word' id='word_1_525' title='bbox 840 2650 952 2678; x_wconf 80' lang='lat' dir='ltr'><strong><em>Paulum</em></strong></span> 
     </span>
    </p>
   </div>
   <div class='ocr_carea' id='block_1_74' title="bbox 169 2694 390 2723">
    <p class='ocr_par' dir='ltr' id='par_1_74' title="bbox 169 2694 390 2723">
     <span class='ocr_line' id='line_1_74' title="bbox 169 2694 390 2723; baseline 0.005 -1"><span class='ocrx_word' id='word_1_526' title='bbox 169 2694 390 2723; x_wconf 80' lang='lat' dir='ltr'><strong><em>Samosatenum.</em></strong></span> 
     </span>
    </p>
   </div>
   <div class='ocr_carea' id='block_1_75' title="bbox 205 2749 952 2784">
    <p class='ocr_par' dir='ltr' id='par_1_75' title="bbox 205 2749 952 2784">
     <span class='ocr_line' id='line_1_75' title="bbox 205 2749 952 2784; baseline 0 -8"><span class='ocrx_word' id='word_1_527' title='bbox 205 2749 284 2783; x_wconf 82' lang='lat' dir='ltr'><strong><em>Quod</em></strong></span> <span class='ocrx_word' id='word_1_528' title='bbox 301 2749 371 2777; x_wconf 85' lang='lat' dir='ltr'><strong><em>Deus</em></strong></span> <span class='ocrx_word' id='word_1_529' title='bbox 386 2754 522 2784; x_wconf 84' lang='lat' dir='ltr'><strong><em>peccatum</em></strong></span> <span class='ocrx_word' id='word_1_530' title='bbox 542 2750 642 2784; x_wconf 81' lang='lat' dir='ltr'><strong><em>docuit,</em></strong></span> <span class='ocrx_word' id='word_1_531' title='bbox 655 2755 680 2777; x_wconf 91' lang='lat' dir='ltr'><strong><em>et</em></strong></span> <span class='ocrx_word' id='word_1_532' title='bbox 702 2755 811 2778; x_wconf 90' lang='lat' dir='ltr'><strong><em>mortem</em></strong></span> <span class='ocrx_word' id='word_1_533' title='bbox 831 2750 952 2778; x_wconf 83' lang='lat' dir='ltr'><strong><em>introdu-</em></strong></span> 
     </span>
    </p>
   </div>
   <div class='ocr_carea' id='block_1_76' title="bbox 956 1539 978 1568">
    <p class='ocr_par' dir='ltr' id='par_1_76' title="bbox 956 1539 978 1568">
     <span class='ocr_line' id='line_1_76' title="bbox 956 1539 978 1568; baseline 0 0"><span class='ocrx_word' id='word_1_534' title='bbox 956 1539 978 1568; x_wconf 89' lang='lat' dir='ltr'><strong><em>C</em></strong></span> 
     </span>
    </p>
   </div>
   <div class='ocr_carea' id='block_1_77' title="bbox 987 929 1770 963">
    <p class='ocr_par' dir='ltr' id='par_1_77' title="bbox 987 929 1770 963">
     <span class='ocr_line' id='line_1_77' title="bbox 987 929 1770 963; baseline -0.003 -7"><span class='ocrx_word' id='word_1_535' title='bbox 987 930 1073 956; x_wconf 86' lang='lat' dir='ltr'><strong><em>dinem</em></strong></span> <span class='ocrx_word' id='word_1_536' title='bbox 1083 930 1201 961; x_wconf 82' lang='lat' dir='ltr'><strong><em>deitatis,</em></strong></span> <span class='ocrx_word' id='word_1_537' title='bbox 1211 931 1248 956; x_wconf 89' lang='lat' dir='ltr'><strong><em>ita</em></strong></span> <span class='ocrx_word' id='word_1_538' title='bbox 1261 930 1449 963; x_wconf 84' lang='lat' dir='ltr'><strong><em>plenitudinem</em></strong></span> <span class='ocrx_word' id='word_1_539' title='bbox 1457 929 1629 956; x_wconf 86' lang='lat' dir='ltr'><strong><em>humanitatis</em></strong></span> <span class='ocrx_word' id='word_1_540' title='bbox 1638 929 1770 955; x_wconf 74' lang='lat' dir='ltr'><strong><em>habuisse.</em></strong></span> 
     </span>
    </p>
   </div>
   <div class='ocr_carea' id='block_1_78' title="bbox 990 975 1770 1005">
    <p class='ocr_par' dir='ltr' id='par_1_78' title="bbox 990 975 1770 1005">
     <span class='ocr_line' id='line_1_78' title="bbox 990 975 1770 1005; baseline -0.001 -3"><span class='ocrx_word' id='word_1_541' title='bbox 990 975 1067 1002; x_wconf 84' lang='lat' dir='ltr'><strong><em>Docet</em></strong></span> <span class='ocrx_word' id='word_1_542' title='bbox 1077 981 1100 1002; x_wconf 86' lang='lat' dir='ltr'><strong><em>et</em></strong></span> <span class='ocrx_word' id='word_1_543' title='bbox 1109 976 1238 1002; x_wconf 83' lang='lat' dir='ltr'><strong><em>hominem</em></strong></span> <span class='ocrx_word' id='word_1_544' title='bbox 1251 975 1352 1002; x_wconf 87' lang='lat' dir='ltr'><strong><em>duabus</em></strong></span> <span class='ocrx_word' id='word_1_545' title='bbox 1360 980 1461 1002; x_wconf 83' lang='lat' dir='ltr'><strong><em>tantum</em></strong></span> <span class='ocrx_word' id='word_1_546' title='bbox 1471 975 1628 1002; x_wconf 83' lang='lat' dir='ltr'><strong><em>substantiis</em></strong></span> <span class='ocrx_word' id='word_1_547' title='bbox 1639 980 1770 1005; x_wconf 80' lang='lat' dir='ltr'><strong><em>constare,</em></strong></span> 
     </span>
    </p>
   </div>
   <div class='ocr_carea' id='block_1_79' title="bbox 987 1022 1773 1056">
    <p class='ocr_par' dir='ltr' id='par_1_79' title="bbox 987 1022 1773 1056">
     <span class='ocr_line' id='line_1_79' title="bbox 987 1022 1773 1056; baseline -0.001 -8"><span class='ocrx_word' id='word_1_548' title='bbox 987 1022 1015 1048; x_wconf 86' lang='lat' dir='ltr'><strong><em>id</em></strong></span> <span class='ocrx_word' id='word_1_549' title='bbox 1029 1027 1067 1048; x_wconf 85' lang='lat' dir='ltr'><strong><em>est</em></strong></span> <span class='ocrx_word' id='word_1_550' title='bbox 1086 1023 1176 1048; x_wconf 86' lang='lat' dir='ltr'><strong><em>animo</em></strong></span> <span class='ocrx_word' id='word_1_551' title='bbox 1193 1027 1217 1047; x_wconf 81' lang='lat' dir='ltr'><strong><em>et</em></strong></span> <span class='ocrx_word' id='word_1_552' title='bbox 1235 1029 1358 1054; x_wconf 84' lang='lat' dir='ltr'><strong><em>corpore,</em></strong></span> <span class='ocrx_word' id='word_1_553' title='bbox 1370 1029 1523 1056; x_wconf 86' lang='lat' dir='ltr'><strong><em>sensumque</em></strong></span> <span class='ocrx_word' id='word_1_554' title='bbox 1533 1026 1557 1048; x_wconf 84' lang='lat' dir='ltr'><strong><em>et</em></strong></span> <span class='ocrx_word' id='word_1_555' title='bbox 1578 1022 1700 1055; x_wconf 88' lang='lat' dir='ltr'><strong><em>spiritum</em></strong></span> <span class='ocrx_word' id='word_1_556' title='bbox 1721 1029 1773 1047; x_wconf 83' lang='lat' dir='ltr'><strong><em>non</em></strong></span> 
     </span>
    </p>
   </div>
   <div class='ocr_carea' id='block_1_80' title="bbox 988 1067 1774 1101">
    <p class='ocr_par' dir='ltr' id='par_1_80' title="bbox 988 1067 1774 1101">
     <span class='ocr_line' id='line_1_80' title="bbox 988 1067 1774 1101; baseline -0.003 -8"><span class='ocrx_word' id='word_1_557' title='bbox 988 1068 1099 1094; x_wconf 85' lang='lat' dir='ltr'><strong><em>alteram</em></strong></span> <span class='ocrx_word' id='word_1_558' title='bbox 1118 1067 1308 1099; x_wconf 83' lang='lat' dir='ltr'><strong><em>substantiam,</em></strong></span> <span class='ocrx_word' id='word_1_559' title='bbox 1335 1067 1379 1093; x_wconf 85' lang='lat' dir='ltr'><strong><em>sed</em></strong></span> <span class='ocrx_word' id='word_1_560' title='bbox 1394 1067 1477 1101; x_wconf 61' lang='lat' dir='ltr'><strong><em>ofﬁcia</em></strong></span> <span class='ocrx_word' id='word_1_561' title='bbox 1504 1075 1560 1094; x_wconf 79' lang='lat' dir='ltr'><strong><em>esse</em></strong></span> <span class='ocrx_word' id='word_1_562' title='bbox 1583 1068 1679 1094; x_wconf 79' lang='lat' dir='ltr'><strong><em>anima:</em></strong></span> <span class='ocrx_word' id='word_1_563' title='bbox 1695 1067 1774 1101; x_wconf 74' lang='lat' dir='ltr'><strong><em>inge—</em></strong></span> 
     </span>
    </p>
   </div>
   <div class='ocr_carea' id='block_1_81' title="bbox 989 1112 1773 1147">
    <p class='ocr_par' dir='ltr' id='par_1_81' title="bbox 989 1112 1773 1147">
     <span class='ocr_line' id='line_1_81' title="bbox 989 1112 1773 1147; baseline -0.001 -9"><span class='ocrx_word' id='word_1_564' title='bbox 989 1113 1056 1144; x_wconf 85' lang='lat' dir='ltr'><strong><em>nita,</em></strong></span> <span class='ocrx_word' id='word_1_565' title='bbox 1079 1113 1171 1147; x_wconf 86' lang='lat' dir='ltr'><strong><em>quibus</em></strong></span> <span class='ocrx_word' id='word_1_566' title='bbox 1197 1113 1290 1145; x_wconf 84' lang='lat' dir='ltr'><strong><em>spirat,</em></strong></span> <span class='ocrx_word' id='word_1_567' title='bbox 1313 1112 1406 1146; x_wconf 86' lang='lat' dir='ltr'><strong><em>quibus</em></strong></span> <span class='ocrx_word' id='word_1_568' title='bbox 1432 1112 1570 1138; x_wconf 80' lang='lat' dir='ltr'><strong><em>rationalis</em></strong></span> <span class='ocrx_word' id='word_1_569' title='bbox 1597 1117 1654 1142; x_wconf 90' lang='lat' dir='ltr'><strong><em>est,</em></strong></span> <span class='ocrx_word' id='word_1_570' title='bbox 1678 1112 1773 1144; x_wconf 84' lang='lat' dir='ltr'><strong><em>quibus</em></strong></span> 
     </span>
    </p>
   </div>
   <div class='ocr_carea' id='block_1_82' title="bbox 989 1156 1774 1191">
    <p class='ocr_par' dir='ltr' id='par_1_82' title="bbox 989 1156 1774 1191">
     <span class='ocr_line' id='line_1_82' title="bbox 989 1156 1774 1191; baseline -0.004 -7"><span class='ocrx_word' id='word_1_571' title='bbox 989 1157 1112 1184; x_wconf 75' lang='lat' dir='ltr'><strong><em>sensibile</em></strong></span> <span class='ocrx_word' id='word_1_572' title='bbox 1130 1157 1193 1191; x_wconf 79' lang='lat' dir='ltr'><strong><em>facit</em></strong></span> <span class='ocrx_word' id='word_1_573' title='bbox 1210 1164 1313 1190; x_wconf 83' lang='lat' dir='ltr'><strong><em>corpus.</em></strong></span> <span class='ocrx_word' id='word_1_574' title='bbox 1330 1156 1461 1188; x_wconf 80' lang='lat' dir='ltr'><strong><em>Quartum</em></strong></span> <span class='ocrx_word' id='word_1_575' title='bbox 1474 1157 1601 1183; x_wconf 78' lang='lat' dir='ltr'><strong><em>decimum</em></strong></span> <span class='ocrx_word' id='word_1_576' title='bbox 1619 1162 1706 1182; x_wconf 82' lang='lat' dir='ltr'><strong><em>autem</em></strong></span> <span class='ocrx_word' id='word_1_577' title='bbox 1724 1156 1774 1181; x_wconf 85' lang='lat' dir='ltr'><strong><em>hu-</em></strong></span> 
     </span>
    </p>
   </div>
   <div class='ocr_carea' id='block_1_83' title="bbox 986 1201 1773 1237">
    <p class='ocr_par' dir='ltr' id='par_1_83' title="bbox 986 1201 1773 1237">
     <span class='ocr_line' id='line_1_83' title="bbox 986 1201 1773 1237; baseline -0.004 -8"><span class='ocrx_word' id='word_1_578' title='bbox 986 1203 1031 1237; x_wconf 86' lang='lat' dir='ltr'><strong><em>jus</em></strong></span> <span class='ocrx_word' id='word_1_579' title='bbox 1045 1203 1129 1237; x_wconf 75' lang='lat' dir='ltr'><strong><em>operis</em></strong></span> <span class='ocrx_word' id='word_1_580' title='bbox 1147 1203 1242 1228; x_wconf 82' lang='lat' dir='ltr'><strong><em>librant</em></strong></span> <span class='ocrx_word' id='word_1_581' title='bbox 1259 1203 1363 1236; x_wconf 81' lang='lat' dir='ltr'><strong><em>proprie</em></strong></span> <span class='ocrx_word' id='word_1_582' title='bbox 1382 1201 1413 1228; x_wconf 79' lang='lat' dir='ltr'><strong><em>de</em></strong></span> <span class='ocrx_word' id='word_1_583' title='bbox 1430 1204 1547 1228; x_wconf 85' lang='lat' dir='ltr'><strong><em>increuta</em></strong></span> <span class='ocrx_word' id='word_1_584' title='bbox 1561 1207 1584 1228; x_wconf 92' lang='lat' dir='ltr'><strong><em>et</em></strong></span> <span class='ocrx_word' id='word_1_585' title='bbox 1601 1202 1658 1228; x_wconf 88' lang='lat' dir='ltr'><strong><em>sola</em></strong></span> <span class='ocrx_word' id='word_1_586' title='bbox 1684 1202 1773 1228; x_wconf 81' lang='lat' dir='ltr'><strong><em>incor—</em></strong></span> 
     </span>
    </p>
   </div>
   <div class='ocr_carea' id='block_1_84' title="bbox 990 1246 1773 1282">
    <p class='ocr_par' dir='ltr' id='par_1_84' title="bbox 990 1246 1773 1282">
     <span class='ocr_line' id='line_1_84' title="bbox 990 1246 1773 1282; baseline -0.004 -8"><span class='ocrx_word' id='word_1_587' title='bbox 990 1257 1068 1282; x_wconf 83' lang='lat' dir='ltr'><strong><em>porea</em></strong></span> <span class='ocrx_word' id='word_1_588' title='bbox 1085 1248 1242 1281; x_wconf 78' lang='lat' dir='ltr'><strong><em>dominoque</em></strong></span> <span class='ocrx_word' id='word_1_589' title='bbox 1257 1248 1373 1274; x_wconf 88' lang='lat' dir='ltr'><strong><em>omnium</em></strong></span> <span class='ocrx_word' id='word_1_590' title='bbox 1395 1252 1487 1272; x_wconf 87' lang='lat' dir='ltr'><strong><em>sancta</em></strong></span> <span class='ocrx_word' id='word_1_591' title='bbox 1505 1246 1644 1272; x_wconf 83' lang='lat' dir='ltr'><strong><em>Trinitatis</em></strong></span> <span class='ocrx_word' id='word_1_592' title='bbox 1666 1251 1773 1277; x_wconf 81' lang='lat' dir='ltr'><strong><em>natura,</em></strong></span> 
     </span>
    </p>
   </div>
   <div class='ocr_carea' id='block_1_85' title="bbox 990 1289 1775 1323">
    <p class='ocr_par' dir='ltr' id='par_1_85' title="bbox 990 1289 1775 1323">
     <span class='ocr_line' id='line_1_85' title="bbox 990 1289 1775 1323; baseline -0.006 -4"><span class='ocrx_word' id='word_1_593' title='bbox 990 1298 1014 1320; x_wconf 87' lang='lat' dir='ltr'><strong><em>et</em></strong></span> <span class='ocrx_word' id='word_1_594' title='bbox 1029 1293 1060 1319; x_wconf 86' lang='lat' dir='ltr'><strong><em>de</em></strong></span> <span class='ocrx_word' id='word_1_595' title='bbox 1080 1298 1262 1318; x_wconf 84' lang='lat' dir='ltr'><strong><em>creaturarum</em></strong></span> <span class='ocrx_word' id='word_1_596' title='bbox 1278 1292 1379 1317; x_wconf 88' lang='lat' dir='ltr'><strong><em>ratione</em></strong></span> <span class='ocrx_word' id='word_1_597' title='bbox 1400 1289 1539 1321; x_wconf 75' lang='lat' dir='ltr'><strong><em>disserens,</em></strong></span> <span class='ocrx_word' id='word_1_598' title='bbox 1560 1290 1603 1323; x_wconf 87' lang='lat' dir='ltr'><strong><em>pio</em></strong></span> <span class='ocrx_word' id='word_1_599' title='bbox 1624 1297 1701 1315; x_wconf 86' lang='lat' dir='ltr'><strong><em>sensu</em></strong></span> <span class='ocrx_word' id='word_1_600' title='bbox 1715 1296 1775 1314; x_wconf 85' lang='lat' dir='ltr'><strong><em>cum</em></strong></span> 
     </span>
    </p>
   </div>
   <div class='ocr_carea' id='block_1_86' title="bbox 991 1335 1776 1371">
    <p class='ocr_par' dir='ltr' id='par_1_86' title="bbox 991 1335 1776 1371">
     <span class='ocr_line' id='line_1_86' title="bbox 991 1335 1776 1371; baseline -0.006 -6"><span class='ocrx_word' id='word_1_601' title='bbox 991 1339 1148 1366; x_wconf 87' lang='lat' dir='ltr'><strong><em>auctoritate</em></strong></span> <span class='ocrx_word' id='word_1_602' title='bbox 1159 1343 1312 1365; x_wconf 85' lang='lat' dir='ltr'><strong><em>sanctarum</em></strong></span> <span class='ocrx_word' id='word_1_603' title='bbox 1322 1337 1520 1371; x_wconf 81' lang='lat' dir='ltr'><strong><em>Scripturarum</em></strong></span> <span class='ocrx_word' id='word_1_604' title='bbox 1532 1335 1655 1368; x_wconf 72' lang='lat' dir='ltr'><strong><em>expliciti!</em></strong></span> <span class='ocrx_word' id='word_1_605' title='bbox 1665 1342 1673 1366; x_wconf 88' lang='lat'><strong><em>;</em></strong></span> <span class='ocrx_word' id='word_1_606' title='bbox 1685 1335 1776 1369; x_wconf 86' lang='lat' dir='ltr'><strong><em>quinto</em></strong></span> 
     </span>
    </p>
   </div>
   <div class='ocr_carea' id='block_1_87' title="bbox 991 1380 1777 1416">
    <p class='ocr_par' dir='ltr' id='par_1_87' title="bbox 991 1380 1777 1416">
     <span class='ocr_line' id='line_1_87' title="bbox 991 1380 1777 1416; baseline -0.006 -6"><span class='ocrx_word' id='word_1_607' title='bbox 991 1385 1091 1411; x_wconf 82' lang='lat' dir='ltr'><strong><em>decimo</em></strong></span> <span class='ocrx_word' id='word_1_608' title='bbox 1106 1392 1164 1410; x_wconf 78' lang='lat' dir='ltr'><strong><em>vero</em></strong></span> <span class='ocrx_word' id='word_1_609' title='bbox 1179 1384 1317 1415; x_wconf 79' lang='lat' dir='ltr'><strong><em>volumine,</em></strong></span> <span class='ocrx_word' id='word_1_610' title='bbox 1334 1387 1417 1410; x_wconf 86' lang='lat' dir='ltr'><strong><em>totum</em></strong></span> <span class='ocrx_word' id='word_1_611' title='bbox 1433 1382 1517 1416; x_wconf 78' lang='lat' dir='ltr'><strong><em>operis</em></strong></span> <span class='ocrx_word' id='word_1_612' title='bbox 1541 1381 1582 1407; x_wconf 85' lang='lat' dir='ltr'><strong><em>sui</em></strong></span> <span class='ocrx_word' id='word_1_613' title='bbox 1597 1388 1699 1414; x_wconf 83' lang='lat' dir='ltr'><strong><em>corpus,</em></strong></span> <span class='ocrx_word' id='word_1_614' title='bbox 1714 1380 1777 1405; x_wconf 81' lang='lat' dir='ltr'><strong><em>cita-</em></strong></span> 
     </span>
    </p>
   </div>
   <div class='ocr_carea' id='block_1_88' title="bbox 993 1425 1778 1462">
    <p class='ocr_par' dir='ltr' id='par_1_88' title="bbox 993 1425 1778 1462">
     <span class='ocr_line' id='line_1_88' title="bbox 993 1425 1778 1462; baseline -0.009 -6"><span class='ocrx_word' id='word_1_615' title='bbox 993 1431 1026 1456; x_wconf 83' lang='lat' dir='ltr'><strong><em>tis</em></strong></span> <span class='ocrx_word' id='word_1_616' title='bbox 1045 1430 1156 1456; x_wconf 82' lang='lat' dir='ltr'><strong><em>Patrum</em></strong></span> <span class='ocrx_word' id='word_1_617' title='bbox 1179 1428 1377 1458; x_wconf 84' lang='lat' dir='ltr'><strong><em>traditionibus,</em></strong></span> <span class='ocrx_word' id='word_1_618' title='bbox 1399 1427 1565 1462; x_wconf 80' lang='lat' dir='ltr'><strong><em>conﬁrmavit</em></strong></span> <span class='ocrx_word' id='word_1_619' title='bbox 1589 1430 1613 1452; x_wconf 89' lang='lat' dir='ltr'><strong><em>et</em></strong></span> <span class='ocrx_word' id='word_1_620' title='bbox 1633 1425 1778 1451; x_wconf 84' lang='lat' dir='ltr'><strong><em>communi-</em></strong></span> 
     </span>
    </p>
   </div>
   <div class='ocr_carea' id='block_1_89' title="bbox 993 1470 1776 1506">
    <p class='ocr_par' dir='ltr' id='par_1_89' title="bbox 993 1470 1776 1506">
     <span class='ocr_line' id='line_1_89' title="bbox 993 1470 1776 1506; baseline -0.009 -4"><span class='ocrx_word' id='word_1_621' title='bbox 993 1475 1163 1502; x_wconf 62' lang='lat' dir='ltr'><strong><em>t&#39;itJleminil</em></strong></span> <span class='ocrx_word' id='word_1_622' title='bbox 1175 1473 1346 1500; x_wconf 73' lang='lat' dir='ltr'><strong><em>Justinianns</em></strong></span> <span class='ocrx_word' id='word_1_623' title='bbox 1360 1474 1385 1499; x_wconf 93' lang='lat' dir='ltr'><strong><em>in</em></strong></span> <span class='ocrx_word' id='word_1_624' title='bbox 1397 1472 1491 1499; x_wconf 86' lang='lat' dir='ltr'><strong><em>Edicto</em></strong></span> <span class='ocrx_word' id='word_1_625' title='bbox 1505 1472 1541 1498; x_wconf 84' lang='lat' dir='ltr'><strong><em>De</em></strong></span> <span class='ocrx_word' id='word_1_626' title='bbox 1551 1471 1602 1506; x_wconf 82' lang='lat' dir='ltr'><strong><em>ﬁde</em></strong></span> <span class='ocrx_word' id='word_1_627' title='bbox 1615 1470 1776 1497; x_wconf 73' lang='lat' dir='ltr'><strong><em>orthodoxa:</em></strong></span> 
     </span>
    </p>
   </div>
   <div class='ocr_carea' id='block_1_90' title="bbox 999 1516 1778 1553">
    <p class='ocr_par' dir='ltr' id='par_1_90' title="bbox 999 1516 1778 1553">
     <span class='ocr_line' id='line_1_90' title="bbox 999 1516 1778 1553; baseline -0.006 -6"><span class='ocrx_word' id='word_1_628' title='bbox 999 1520 1078 1547; x_wconf 78' lang='grc' dir='ltr'>Ἀλλὰ</span> <span class='ocrx_word' id='word_1_629' title='bbox 1091 1522 1137 1547; x_wconf 75' lang='grc' dir='ltr'>καὶ</span> <span class='ocrx_word' id='word_1_630' title='bbox 1152 1519 1204 1546; x_wconf 80' lang='grc' dir='ltr'>τῶν</span> <span class='ocrx_word' id='word_1_631' title='bbox 1220 1519 1266 1545; x_wconf 77' lang='grc' dir='ltr'><strong><em>δύο</em></strong></span> <span class='ocrx_word' id='word_1_632' title='bbox 1279 1519 1384 1553; x_wconf 77' lang='grc' dir='ltr'>φύσεων</span> <span class='ocrx_word' id='word_1_633' title='bbox 1403 1518 1465 1552; x_wconf 73' lang='grc' dir='ltr'>μίαν</span> <span class='ocrx_word' id='word_1_634' title='bbox 1486 1518 1608 1552; x_wconf 82' lang='grc' dir='ltr'>δύναμιν,</span> <span class='ocrx_word' id='word_1_635' title='bbox 1629 1516 1686 1552; x_wconf 76' lang='grc' dir='ltr'>ἤτοι</span> <span class='ocrx_word' id='word_1_636' title='bbox 1700 1516 1778 1542; x_wconf 73' lang='grc' dir='ltr'>δυνα-</span> 
     </span>
    </p>
   </div>
   <div class='ocr_carea' id='block_1_91' title="bbox 995 1563 1777 1600">
    <p class='ocr_par' dir='ltr' id='par_1_91' title="bbox 995 1563 1777 1600">
     <span class='ocr_line' id='line_1_91' title="bbox 995 1563 1777 1600; baseline -0.01 -6"><span class='ocrx_word' id='word_1_637' title='bbox 995 1568 1085 1594; x_wconf 79' lang='grc' dir='ltr'>στείαν</span> <span class='ocrx_word' id='word_1_638' title='bbox 1099 1566 1196 1600; x_wconf 81' lang='grc' dir='ltr'>λέγων,</span> <span class='ocrx_word' id='word_1_639' title='bbox 1206 1566 1220 1591; x_wconf 84' lang='grc' dir='ltr'>ὁ</span> <span class='ocrx_word' id='word_1_640' title='bbox 1231 1564 1337 1600; x_wconf 76' lang='grc' dir='ltr'>γράψας</span> <span class='ocrx_word' id='word_1_641' title='bbox 1349 1564 1396 1599; x_wconf 78' lang='grc' dir='ltr'><strong><em>τὴν</em></strong></span> <span class='ocrx_word' id='word_1_642' title='bbox 1411 1563 1554 1598; x_wconf 81' lang='grc' dir='ltr'>ἐπιστολὴν</span> <span class='ocrx_word' id='word_1_643' title='bbox 1569 1563 1682 1598; x_wconf 76' lang='grc' dir='ltr'>φανερός</span> <span class='ocrx_word' id='word_1_644' title='bbox 1693 1563 1777 1592; x_wconf 72' lang='grc' dir='ltr'>ἐστιν,</span> 
     </span>
    </p>
   </div>
   <div class='ocr_carea' id='block_1_92' title="bbox 994 1609 1777 1645">
    <p class='ocr_par' dir='ltr' id='par_1_92' title="bbox 994 1609 1777 1645">
     <span class='ocr_line' id='line_1_92' title="bbox 994 1609 1777 1645; baseline -0.008 -7"><span class='ocrx_word' id='word_1_645' title='bbox 994 1613 1031 1644; x_wconf 74' lang='grc' dir='ltr'>ὡς</span> <span class='ocrx_word' id='word_1_646' title='bbox 1050 1613 1095 1638; x_wconf 75' lang='grc' dir='ltr'>καὶ</span> <span class='ocrx_word' id='word_1_647' title='bbox 1110 1613 1138 1638; x_wconf 80' lang='grc' dir='ltr'>ὲν</span> <span class='ocrx_word' id='word_1_648' title='bbox 1162 1611 1247 1645; x_wconf 84' lang='grc' dir='ltr'>τούτῳ</span> <span class='ocrx_word' id='word_1_649' title='bbox 1264 1609 1404 1636; x_wconf 75' lang='grc' dir='ltr'>ἀκολουθεῖ</span> <span class='ocrx_word' id='word_1_650' title='bbox 1424 1610 1480 1641; x_wconf 79' lang='grc' dir='ltr'>τοῖς</span> <span class='ocrx_word' id='word_1_651' title='bbox 1500 1609 1652 1643; x_wconf 68' lang='grc' dir='ltr'>εἰρημένοις</span> <span class='ocrx_word' id='word_1_652' title='bbox 1675 1609 1777 1642; x_wconf 75' lang='grc' dir='ltr'>αἱρετι-</span> 
     </span>
    </p>
   </div>
   <div class='ocr_carea' id='block_1_93' title="bbox 995 1653 1779 1691">
    <p class='ocr_par' dir='ltr' id='par_1_93' title="bbox 995 1653 1779 1691">
     <span class='ocr_line' id='line_1_93' title="bbox 995 1653 1779 1691; baseline -0.006 -8"><span class='ocrx_word' id='word_1_653' title='bbox 995 1659 1061 1689; x_wconf 78' lang='grc' dir='ltr'>κοῖς,</span> <span class='ocrx_word' id='word_1_654' title='bbox 1076 1656 1205 1691; x_wconf 84' lang='grc' dir='ltr'>Θεοδώρῳ</span> <span class='ocrx_word' id='word_1_655' title='bbox 1226 1655 1275 1690; x_wconf 74' lang='grc' dir='ltr'>μὲν</span> <span class='ocrx_word' id='word_1_656' title='bbox 1290 1655 1394 1688; x_wconf 82' lang='grc' dir='ltr'>λέγοντι</span> <span class='ocrx_word' id='word_1_657' title='bbox 1411 1656 1439 1680; x_wconf 74' lang='grc' dir='ltr'>ὲν</span> <span class='ocrx_word' id='word_1_658' title='bbox 1455 1655 1510 1685; x_wconf 85' lang='grc' dir='ltr'>τοῖς</span> <span class='ocrx_word' id='word_1_659' title='bbox 1527 1654 1590 1689; x_wconf 75' lang='grc' dir='ltr'>περὶ</span> <span class='ocrx_word' id='word_1_660' title='bbox 1606 1653 1779 1687; x_wconf 81' lang='grc' dir='ltr'>ὲνανθρωπή-</span> 
     </span>
    </p>
   </div>
   <div class='ocr_carea' id='block_1_94' title="bbox 995 1698 1779 1734">
    <p class='ocr_par' dir='ltr' id='par_1_94' title="bbox 995 1698 1779 1734">
     <span class='ocr_line' id='line_1_94' title="bbox 995 1698 1779 1734; baseline -0.006 -6"><span class='ocrx_word' id='word_1_661' title='bbox 995 1711 1064 1733; x_wconf 82' lang='grc' dir='ltr'>σεως</span> <span class='ocrx_word' id='word_1_662' title='bbox 1078 1701 1159 1728; x_wconf 75' lang='grc' dir='ltr'>αὑτοῦ</span> <span class='ocrx_word' id='word_1_663' title='bbox 1176 1700 1312 1734; x_wconf 71' lang='grc' dir='ltr'>διαφόροις</span> <span class='ocrx_word' id='word_1_664' title='bbox 1332 1699 1420 1733; x_wconf 78' lang='grc' dir='ltr'>λόγοις</span> <span class='ocrx_word' id='word_1_665' title='bbox 1442 1698 1546 1730; x_wconf 73' lang='grc' dir='ltr'>ἀσεϐῶς</span> <span class='ocrx_word' id='word_1_666' title='bbox 1569 1699 1710 1728; x_wconf 83' lang='grc' dir='ltr'>ὲκτεΟεῖσι,</span> <span class='ocrx_word' id='word_1_667' title='bbox 1728 1698 1779 1723; x_wconf 77' lang='grc' dir='ltr'><strong><em>Νε-</em></strong></span> 
     </span>
    </p>
   </div>
   <div class='ocr_carea' id='block_1_95' title="bbox 996 1744 1779 1782">
    <p class='ocr_par' dir='ltr' id='par_1_95' title="bbox 996 1744 1779 1782">
     <span class='ocr_line' id='line_1_95' title="bbox 996 1744 1779 1782; baseline -0.006 -8"><span class='ocrx_word' id='word_1_668' title='bbox 996 1748 1096 1782; x_wconf 75' lang='grc' dir='ltr'>στορίῳ</span> <span class='ocrx_word' id='word_1_669' title='bbox 1111 1747 1140 1773; x_wconf 80' lang='grc' dir='ltr'><strong><em>δὲ</em></strong></span> <span class='ocrx_word' id='word_1_670' title='bbox 1164 1746 1192 1772; x_wconf 85' lang='grc' dir='ltr'>ὲν</span> <span class='ocrx_word' id='word_1_671' title='bbox 1213 1745 1320 1776; x_wconf 80' lang='grc' dir='ltr'>πολλοῖς</span> <span class='ocrx_word' id='word_1_672' title='bbox 1341 1744 1571 1779; x_wconf 73' lang='grc' dir='ltr'>συγγράμμασιν·</span> <span class='ocrx_word' id='word_1_673' title='bbox 1594 1744 1662 1776; x_wconf 87' lang='lat' dir='ltr'><strong><em>Quin</em></strong></span> <span class='ocrx_word' id='word_1_674' title='bbox 1677 1748 1700 1769; x_wconf 86' lang='lat' dir='ltr'><strong><em>et</em></strong></span> <span class='ocrx_word' id='word_1_675' title='bbox 1720 1751 1779 1769; x_wconf 84' lang='lat' dir='ltr'><strong><em>cum</em></strong></span> 
     </span>
    </p>
   </div>
   <div class='ocr_carea' id='block_1_96' title="bbox 995 1789 1780 1822">
    <p class='ocr_par' dir='ltr' id='par_1_96' title="bbox 995 1789 1780 1822">
     <span class='ocr_line' id='line_1_96' title="bbox 995 1789 1780 1822; baseline -0.006 -2"><span class='ocrx_word' id='word_1_676' title='bbox 995 1794 1108 1820; x_wconf 87' lang='lat' dir='ltr'><strong><em>duarum</em></strong></span> <span class='ocrx_word' id='word_1_677' title='bbox 1135 1796 1292 1819; x_wconf 85' lang='lat' dir='ltr'><strong><em>naturarum</em></strong></span> <span class='ocrx_word' id='word_1_678' title='bbox 1310 1799 1389 1818; x_wconf 84' lang='lat' dir='ltr'><strong><em>unam</em></strong></span> <span class='ocrx_word' id='word_1_679' title='bbox 1418 1790 1537 1816; x_wconf 69' lang='lat' dir='ltr'><strong><em>virtutem</em></strong></span> <span class='ocrx_word' id='word_1_680' title='bbox 1561 1790 1614 1816; x_wconf 82' lang='lat' dir='ltr'><strong><em>sive</em></strong></span> <span class='ocrx_word' id='word_1_681' title='bbox 1639 1789 1780 1822; x_wconf 80' lang='lat' dir='ltr'><strong><em>potentiam</em></strong></span> 
     </span>
    </p>
   </div>
   <div class='ocr_carea' id='block_1_97' title="bbox 997 1834 1780 1873">
    <p class='ocr_par' dir='ltr' id='par_1_97' title="bbox 997 1834 1780 1873">
     <span class='ocr_line' id='line_1_97' title="bbox 997 1834 1780 1873; baseline -0.009 -7"><span class='ocrx_word' id='word_1_682' title='bbox 997 1845 1089 1867; x_wconf 87' lang='lat' dir='ltr'><strong><em>auctor</em></strong></span> <span class='ocrx_word' id='word_1_683' title='bbox 1106 1838 1223 1873; x_wconf 73' lang='lat' dir='ltr'><strong><em>epistola:</em></strong></span> <span class='ocrx_word' id='word_1_684' title='bbox 1237 1837 1343 1868; x_wconf 83' lang='lat' dir='ltr'><strong><em>asserit,</em></strong></span> <span class='ocrx_word' id='word_1_685' title='bbox 1357 1836 1435 1870; x_wconf 88' lang='lat' dir='ltr'><strong><em>plane</em></strong></span> <span class='ocrx_word' id='word_1_686' title='bbox 1449 1843 1476 1862; x_wconf 88' lang='lat' dir='ltr'><strong><em>se</em></strong></span> <span class='ocrx_word' id='word_1_687' title='bbox 1493 1834 1580 1868; x_wconf 85' lang='lat' dir='ltr'><strong><em>prodit</em></strong></span> <span class='ocrx_word' id='word_1_688' title='bbox 1597 1835 1780 1861; x_wconf 79' lang='lat' dir='ltr'><strong><em>ha&#39;reticarum</em></strong></span> 
     </span>
    </p>
   </div>
   <div class='ocr_carea' id='block_1_98' title="bbox 997 1879 1781 1914">
    <p class='ocr_par' dir='ltr' id='par_1_98' title="bbox 997 1879 1781 1914">
     <span class='ocr_line' id='line_1_98' title="bbox 997 1879 1781 1914; baseline -0.009 -2"><span class='ocrx_word' id='word_1_689' title='bbox 997 1885 1173 1912; x_wconf 86' lang='lat' dir='ltr'><strong><em>assertionum</em></strong></span> <span class='ocrx_word' id='word_1_690' title='bbox 1192 1887 1356 1913; x_wconf 85' lang='lat' dir='ltr'><strong><em>sectatorem,</em></strong></span> <span class='ocrx_word' id='word_1_691' title='bbox 1374 1880 1501 1908; x_wconf 85' lang='lat' dir='ltr'><strong><em>Theodori</em></strong></span> <span class='ocrx_word' id='word_1_692' title='bbox 1515 1879 1630 1914; x_wconf 78' lang='lat' dir='ltr'><strong><em>quidem,</em></strong></span> <span class='ocrx_word' id='word_1_693' title='bbox 1647 1880 1690 1914; x_wconf 91' lang='lat' dir='ltr'><strong><em>qui</em></strong></span> <span class='ocrx_word' id='word_1_694' title='bbox 1713 1879 1781 1905; x_wconf 78' lang='lat' dir='ltr'><strong><em>idem</em></strong></span> 
     </span>
    </p>
   </div>
   <div class='ocr_carea' id='block_1_99' title="bbox 997 1925 1781 1959">
    <p class='ocr_par' dir='ltr' id='par_1_99' title="bbox 997 1925 1781 1959">
     <span class='ocr_line' id='line_1_99' title="bbox 997 1925 1781 1959; baseline -0.01 -1"><span class='ocrx_word' id='word_1_695' title='bbox 997 1931 1106 1958; x_wconf 81' lang='lat' dir='ltr'><strong><em>diversis</em></strong></span> <span class='ocrx_word' id='word_1_696' title='bbox 1121 1929 1158 1956; x_wconf 89' lang='lat' dir='ltr'><strong><em>De</em></strong></span> <span class='ocrx_word' id='word_1_697' title='bbox 1171 1928 1359 1956; x_wconf 81' lang='lat' dir='ltr'><strong><em>lncarnatione</em></strong></span> <span class='ocrx_word' id='word_1_698' title='bbox 1374 1926 1450 1953; x_wconf 86' lang='lat' dir='ltr'><strong><em>libris</em></strong></span> <span class='ocrx_word' id='word_1_699' title='bbox 1463 1926 1541 1959; x_wconf 86' lang='lat' dir='ltr'><strong><em>impie</em></strong></span> <span class='ocrx_word' id='word_1_700' title='bbox 1553 1925 1631 1952; x_wconf 89' lang='lat' dir='ltr'><strong><em>editis</em></strong></span> <span class='ocrx_word' id='word_1_701' title='bbox 1647 1925 1760 1959; x_wconf 77' lang='lat' dir='ltr'><strong><em>aﬁirmat</em></strong></span> <span class='ocrx_word' id='word_1_702' title='bbox 1771 1932 1781 1951; x_wconf 90' lang='lat'><em>:</em></span> 
     </span>
    </p>
   </div>
   <div class='ocr_carea' id='block_1_100' title="bbox 999 1971 1782 2007">
    <p class='ocr_par' dir='ltr' id='par_1_100' title="bbox 999 1971 1782 2007">
     <span class='ocr_line' id='line_1_100' title="bbox 999 1971 1782 2007; baseline -0.008 -3"><span class='ocrx_word' id='word_1_703' title='bbox 999 1977 1117 2004; x_wconf 82' lang='lat' dir='ltr'><strong><em>Nestorii</em></strong></span> <span class='ocrx_word' id='word_1_704' title='bbox 1145 1984 1204 2003; x_wconf 82' lang='lat' dir='ltr'><strong><em>vero</em></strong></span> <span class='ocrx_word' id='word_1_705' title='bbox 1231 1975 1259 2002; x_wconf 86' lang='lat' dir='ltr'><strong><em>in</em></strong></span> <span class='ocrx_word' id='word_1_706' title='bbox 1285 1974 1364 2001; x_wconf 81' lang='lat' dir='ltr'><strong><em>uariis</em></strong></span> <span class='ocrx_word' id='word_1_707' title='bbox 1382 1973 1498 2007; x_wconf 81' lang='lat' dir='ltr'><strong><em>scriptis,</em></strong></span> <span class='ocrx_word' id='word_1_708' title='bbox 1523 1975 1577 1999; x_wconf 81' lang='lat' dir='ltr'><strong><em>etc.</em></strong></span> <span class='ocrx_word' id='word_1_709' title='bbox 1605 1971 1638 1998; x_wconf 86' lang='lat' dir='ltr'><strong><em>Et</em></strong></span> <span class='ocrx_word' id='word_1_710' title='bbox 1662 1971 1782 2006; x_wconf 84' lang='lat' dir='ltr'><strong><em>Cyrillus</em></strong></span> 
     </span>
    </p>
   </div>
   <div class='ocr_carea' id='block_1_101' title="bbox 998 2017 1782 2055">
    <p class='ocr_par' dir='ltr' id='par_1_101' title="bbox 998 2017 1782 2055">
     <span class='ocr_line' id='line_1_101' title="bbox 998 2017 1782 2055; baseline -0.009 -5"><span class='ocrx_word' id='word_1_711' title='bbox 998 2022 1199 2050; x_wconf 75' lang='lat' dir='ltr'><strong><em>Alexandrinus</em></strong></span> <span class='ocrx_word' id='word_1_712' title='bbox 1217 2021 1248 2055; x_wconf 86' lang='grc' dir='ltr'>(ι.</span> <span class='ocrx_word' id='word_1_713' title='bbox 1269 2020 1302 2053; x_wconf 82' lang='grc' dir='ltr'><strong><em>ν,</em></strong></span> <span class='ocrx_word' id='word_1_714' title='bbox 1318 2023 1389 2055; x_wconf 80' lang='lat' dir='ltr'><strong><em>part.</em></strong></span> <span class='ocrx_word' id='word_1_715' title='bbox 1410 2027 1440 2051; x_wconf 93' lang='grc' dir='ltr'><strong><em>ιι,</em></strong></span> <span class='ocrx_word' id='word_1_716' title='bbox 1467 2027 1493 2053; x_wconf 88' lang='lat' dir='ltr'><strong><em>p.</em></strong></span> <span class='ocrx_word' id='word_1_717' title='bbox 1521 2018 1592 2052; x_wconf 85' lang='lat' dir='ltr'><strong><em>I98),</em></strong></span> <span class='ocrx_word' id='word_1_718' title='bbox 1619 2018 1646 2044; x_wconf 92' lang='lat' dir='ltr'><strong><em>in</em></strong></span> <span class='ocrx_word' id='word_1_719' title='bbox 1667 2017 1782 2052; x_wconf 86' lang='lat' dir='ltr'><strong><em>epistola</em></strong></span> 
     </span>
    </p>
   </div>
   <div class='ocr_carea' id='block_1_102' title="bbox 999 2064 1782 2101">
    <p class='ocr_par' dir='ltr' id='par_1_102' title="bbox 999 2064 1782 2101">
     <span class='ocr_line' id='line_1_102' title="bbox 999 2064 1782 2101; baseline -0.009 -5"><span class='ocrx_word' id='word_1_720' title='bbox 999 2069 1030 2095; x_wconf 74' lang='lat' dir='ltr'><strong><em>ad</em></strong></span> <span class='ocrx_word' id='word_1_721' title='bbox 1049 2069 1163 2096; x_wconf 85' lang='lat' dir='ltr'><strong><em>clericos</em></strong></span> <span class='ocrx_word' id='word_1_722' title='bbox 1182 2071 1206 2095; x_wconf 88' lang='lat' dir='ltr'><strong><em>el</em></strong></span> <span class='ocrx_word' id='word_1_723' title='bbox 1232 2067 1396 2101; x_wconf 82' lang='lat' dir='ltr'><strong><em>Lampouem</em></strong></span> <span class='ocrx_word' id='word_1_724' title='bbox 1421 2065 1627 2101; x_wconf 83' lang='lat' dir='ltr'><strong><em>presbyterum:</em></strong></span> <span class='ocrx_word' id='word_1_725' title='bbox 1655 2064 1782 2099; x_wconf 80' lang='grc' dir='ltr'>ᾙτιῶντο</span> 
     </span>
    </p>
   </div>
   <div class='ocr_carea' id='block_1_103' title="bbox 998 2109 1776 2146">
    <p class='ocr_par' dir='ltr' id='par_1_103' title="bbox 998 2109 1776 2146">
     <span class='ocr_line' id='line_1_103' title="bbox 998 2109 1776 2146; baseline -0.009 -5"><span class='ocrx_word' id='word_1_726' title='bbox 998 2114 1025 2141; x_wconf 81' lang='grc' dir='ltr'>δὲ</span> <span class='ocrx_word' id='word_1_727' title='bbox 1041 2115 1102 2145; x_wconf 70' lang='grc' dir='ltr'>τοὺς</span> <span class='ocrx_word' id='word_1_728' title='bbox 1118 2113 1282 2143; x_wconf 78' lang='grc' dir='ltr'>ἐπισκόπους</span> <span class='ocrx_word' id='word_1_729' title='bbox 1296 2111 1345 2146; x_wconf 84' lang='grc' dir='ltr'>τῆς</span> <span class='ocrx_word' id='word_1_730' title='bbox 1364 2111 1494 2145; x_wconf 83' lang='grc' dir='ltr'>ἀνατολῆς</span> <span class='ocrx_word' id='word_1_731' title='bbox 1514 2111 1551 2140; x_wconf 84' lang='grc' dir='ltr'>ὡς</span> <span class='ocrx_word' id='word_1_732' title='bbox 1576 2109 1776 2144; x_wconf 74' lang='grc' dir='ltr'>ἀποσιωπήσανι</span> 
     </span>
    </p>
   </div>
   <div class='ocr_carea' id='block_1_104' title="bbox 999 2155 1782 2194">
    <p class='ocr_par' dir='ltr' id='par_1_104' title="bbox 999 2155 1782 2194">
     <span class='ocr_line' id='line_1_104' title="bbox 999 2155 1782 2194; baseline -0.008 -8"><span class='ocrx_word' id='word_1_733' title='bbox 999 2168 1046 2190; x_wconf 75' lang='grc' dir='ltr'><strong><em>τας</em></strong></span> <span class='ocrx_word' id='word_1_734' title='bbox 1062 2159 1110 2194; x_wconf 80' lang='grc' dir='ltr'>μὲν</span> <span class='ocrx_word' id='word_1_735' title='bbox 1127 2158 1206 2192; x_wconf 76' lang='grc' dir='ltr'>δῆθεν</span> <span class='ocrx_word' id='word_1_736' title='bbox 1226 2158 1256 2184; x_wconf 82' lang='grc' dir='ltr'><strong><em>τὺ</em></strong></span> <span class='ocrx_word' id='word_1_737' title='bbox 1278 2156 1424 2191; x_wconf 82' lang='grc' dir='ltr'>Νεστορίου</span> <span class='ocrx_word' id='word_1_738' title='bbox 1445 2156 1539 2189; x_wconf 74' lang='grc' dir='ltr'>ὄνομα,</span> <span class='ocrx_word' id='word_1_739' title='bbox 1557 2155 1603 2181; x_wconf 73' lang='grc' dir='ltr'>καὶ</span> <span class='ocrx_word' id='word_1_740' title='bbox 1622 2162 1782 2189; x_wconf 83' lang='grc' dir='ltr'>προσποιου-</span> 
     </span>
    </p>
   </div>
   <div class='ocr_carea' id='block_1_105' title="bbox 1308 2199 1785 2235">
    <p class='ocr_par' dir='ltr' id='par_1_105' title="bbox 1308 2199 1785 2235">
     <span class='ocr_line' id='line_1_105' title="bbox 1308 2199 1785 2235; baseline -0.004 -8"><span class='ocrx_word' id='word_1_741' title='bbox 1308 2201 1429 2234; x_wconf 71' lang='grc' dir='ltr'>έφεσθαι,</span> <span class='ocrx_word' id='word_1_742' title='bbox 1446 2200 1686 2235; x_wconf 80' lang='grc' dir='ltr'>μεταπηδήσαντας</span> <span class='ocrx_word' id='word_1_743' title='bbox 1700 2199 1727 2226; x_wconf 78' lang='grc' dir='ltr'><strong><em>δὲ</em></strong></span> <span class='ocrx_word' id='word_1_744' title='bbox 1739 2199 1785 2225; x_wconf 77' lang='grc' dir='ltr'>ἐπὶ</span> 
     </span>
    </p>
   </div>
   <div class='ocr_carea' id='block_1_106' title="bbox 998 2246 1785 2283">
    <p class='ocr_par' dir='ltr' id='par_1_106' title="bbox 998 2246 1785 2283">
     <span class='ocr_line' id='line_1_106' title="bbox 998 2246 1785 2283; baseline -0.006 -7"><span class='ocrx_word' id='word_1_745' title='bbox 998 2250 1033 2276; x_wconf 79' lang='grc' dir='ltr'><strong><em>τὰ</em></strong></span> <span class='ocrx_word' id='word_1_746' title='bbox 1052 2248 1188 2283; x_wconf 82' lang='grc' dir='ltr'>Θεοδώρου</span> <span class='ocrx_word' id='word_1_747' title='bbox 1204 2247 1292 2282; x_wconf 79' lang='grc' dir='ltr'>βιϐλία</span> <span class='ocrx_word' id='word_1_748' title='bbox 1304 2247 1339 2273; x_wconf 78' lang='grc' dir='ltr'>τὰ</span> <span class='ocrx_word' id='word_1_749' title='bbox 1353 2246 1416 2281; x_wconf 78' lang='grc' dir='ltr'>περὶ</span> <span class='ocrx_word' id='word_1_750' title='bbox 1435 2246 1483 2280; x_wconf 75' lang='grc' dir='ltr'>τῆς</span> <span class='ocrx_word' id='word_1_751' title='bbox 1499 2246 1740 2282; x_wconf 80' lang='grc' dir='ltr'>ἐνανθρωπήσεως,</span> <span class='ocrx_word' id='word_1_752' title='bbox 1757 2246 1785 2271; x_wconf 84' lang='grc' dir='ltr'>ὲν</span> 
     </span>
    </p>
   </div>
   <div class='ocr_carea' id='block_1_107' title="bbox 999 2292 1785 2328">
    <p class='ocr_par' dir='ltr' id='par_1_107' title="bbox 999 2292 1785 2328">
     <span class='ocr_line' id='line_1_107' title="bbox 999 2292 1785 2328; baseline -0.005 -6"><span class='ocrx_word' id='word_1_753' title='bbox 999 2293 1040 2327; x_wconf 74' lang='grc' dir='ltr'>οἷς</span> <span class='ocrx_word' id='word_1_754' title='bbox 1063 2293 1151 2328; x_wconf 74' lang='grc' dir='ltr'>πολλῷ</span> <span class='ocrx_word' id='word_1_755' title='bbox 1172 2293 1357 2328; x_wconf 79' lang='grc' dir='ltr'>χαλεπώτεραι</span> <span class='ocrx_word' id='word_1_756' title='bbox 1372 2292 1424 2318; x_wconf 85' lang='grc' dir='ltr'>τῶν</span> <span class='ocrx_word' id='word_1_757' title='bbox 1453 2292 1599 2327; x_wconf 77' lang='grc' dir='ltr'>Νεστορίου</span> <span class='ocrx_word' id='word_1_758' title='bbox 1627 2292 1785 2327; x_wconf 80' lang='grc' dir='ltr'>δυσφημιῶν</span> 
     </span>
    </p>
   </div>
   <div class='ocr_carea' id='block_1_108' title="bbox 1000 2337 1784 2374">
    <p class='ocr_par' dir='ltr' id='par_1_108' title="bbox 1000 2337 1784 2374">
     <span class='ocr_line' id='line_1_108' title="bbox 1000 2337 1784 2374; baseline -0.005 -8"><span class='ocrx_word' id='word_1_759' title='bbox 1000 2341 1052 2366; x_wconf 76' lang='grc' dir='ltr'>εἰσι</span> <span class='ocrx_word' id='word_1_760' title='bbox 1068 2339 1206 2374; x_wconf 81' lang='grc' dir='ltr'>κείμεναι·</span> <span class='ocrx_word' id='word_1_761' title='bbox 1224 2338 1314 2373; x_wconf 81' lang='grc' dir='ltr'>πατὴρ</span> <span class='ocrx_word' id='word_1_762' title='bbox 1328 2338 1381 2372; x_wconf 75' lang='grc' dir='ltr'><strong><em>γὰρ</em></strong></span> <span class='ocrx_word' id='word_1_763' title='bbox 1398 2337 1493 2371; x_wconf 84' lang='grc' dir='ltr'>γέγονε</span> <span class='ocrx_word' id='word_1_764' title='bbox 1507 2337 1557 2371; x_wconf 78' lang='grc' dir='ltr'>τῆς</span> <span class='ocrx_word' id='word_1_765' title='bbox 1571 2337 1717 2371; x_wconf 67' lang='lat' dir='ltr'><strong><em>Nee-copim</em></strong></span> <span class='ocrx_word' id='word_1_766' title='bbox 1735 2345 1784 2362; x_wconf 78' lang='lat' dir='ltr'><strong><em>xa-</em></strong></span> 
     </span>
    </p>
   </div>
   <div class='ocr_carea' id='block_1_109' title="bbox 1000 2380 1784 2417">
    <p class='ocr_par' dir='ltr' id='par_1_109' title="bbox 1000 2380 1784 2417">
     <span class='ocr_line' id='line_1_109' title="bbox 1000 2380 1784 2417; baseline -0.006 -6"><span class='ocrx_word' id='word_1_767' title='bbox 1000 2384 1132 2417; x_wconf 79' lang='grc' dir='ltr'>κοδοξίας,</span> <span class='ocrx_word' id='word_1_768' title='bbox 1150 2383 1197 2410; x_wconf 74' lang='grc' dir='ltr'>καὶ</span> <span class='ocrx_word' id='word_1_769' title='bbox 1210 2383 1243 2409; x_wconf 80' lang='grc' dir='ltr'><strong><em>τὰ</em></strong></span> <span class='ocrx_word' id='word_1_770' title='bbox 1261 2382 1342 2409; x_wconf 77' lang='grc' dir='ltr'>αὑτοῦ</span> <span class='ocrx_word' id='word_1_771' title='bbox 1363 2382 1482 2417; x_wconf 83' lang='grc' dir='ltr'>λαλήσας</span> <span class='ocrx_word' id='word_1_772' title='bbox 1495 2382 1509 2407; x_wconf 82' lang='grc' dir='ltr'>ὁ</span> <span class='ocrx_word' id='word_1_773' title='bbox 1529 2381 1659 2416; x_wconf 72' lang='grc' dir='ltr'>δυσσεϐὴς</span> <span class='ocrx_word' id='word_1_774' title='bbox 1680 2383 1708 2407; x_wconf 82' lang='grc' dir='ltr'>ὲν</span> <span class='ocrx_word' id='word_1_775' title='bbox 1728 2380 1784 2407; x_wconf 85' lang='grc' dir='ltr'>τού-</span> 
     </span>
    </p>
   </div>
   <div class='ocr_carea' id='block_1_110' title="bbox 1001 2426 1785 2464">
    <p class='ocr_par' dir='ltr' id='par_1_110' title="bbox 1001 2426 1785 2464">
     <span class='ocr_line' id='line_1_110' title="bbox 1001 2426 1785 2464; baseline -0.008 -7"><span class='ocrx_word' id='word_1_776' title='bbox 1001 2439 1058 2462; x_wconf 75' lang='grc' dir='ltr'>τοις</span> <span class='ocrx_word' id='word_1_777' title='bbox 1072 2430 1193 2464; x_wconf 80' lang='grc' dir='ltr'>γέγονεν,</span> <span class='ocrx_word' id='word_1_778' title='bbox 1220 2429 1248 2454; x_wconf 78' lang='grc' dir='ltr'>ἐν</span> <span class='ocrx_word' id='word_1_779' title='bbox 1267 2426 1307 2459; x_wconf 78' lang='grc' dir='ltr'><strong><em>οἷς</em></strong></span> <span class='ocrx_word' id='word_1_780' title='bbox 1326 2427 1374 2455; x_wconf 79' lang='grc' dir='ltr'>νῦν</span> <span class='ocrx_word' id='word_1_781' title='bbox 1392 2428 1464 2455; x_wconf 74' lang='grc' dir='ltr'>ἐστιν</span> <span class='ocrx_word' id='word_1_782' title='bbox 1478 2435 1484 2442; x_wconf 91' lang='grc'><strong>·</strong></span> <span class='ocrx_word' id='word_1_783' title='bbox 1507 2427 1673 2454; x_wconf 78' lang='lat' dir='ltr'><strong><em>Accusabant</em></strong></span> <span class='ocrx_word' id='word_1_784' title='bbox 1700 2431 1785 2452; x_wconf 87' lang='lat' dir='ltr'><strong><em>autem</em></strong></span> 
     </span>
    </p>
   </div>
   <div class='ocr_carea' id='block_1_111' title="bbox 1003 2470 1785 2508">
    <p class='ocr_par' dir='ltr' id='par_1_111' title="bbox 1003 2470 1785 2508">
     <span class='ocr_line' id='line_1_111' title="bbox 1003 2470 1785 2508; baseline -0.008 -6"><span class='ocrx_word' id='word_1_785' title='bbox 1003 2474 1142 2502; x_wconf 82' lang='lat' dir='ltr'><strong><em>orientales</em></strong></span> <span class='ocrx_word' id='word_1_786' title='bbox 1156 2474 1304 2508; x_wconf 84' lang='lat' dir='ltr'><strong><em>episcopos,</em></strong></span> <span class='ocrx_word' id='word_1_787' title='bbox 1318 2472 1395 2506; x_wconf 84' lang='lat' dir='ltr'><strong><em>quasi</em></strong></span> <span class='ocrx_word' id='word_1_788' title='bbox 1417 2477 1530 2498; x_wconf 85' lang='lat' dir='ltr'><strong><em>tacentes</em></strong></span> <span class='ocrx_word' id='word_1_789' title='bbox 1545 2471 1648 2505; x_wconf 89' lang='lat' dir='ltr'><strong><em>quidem</em></strong></span> <span class='ocrx_word' id='word_1_790' title='bbox 1668 2470 1785 2497; x_wconf 81' lang='lat' dir='ltr'><strong><em>Nestorii</em></strong></span> 
     </span>
    </p>
   </div>
   <div class='ocr_carea' id='block_1_112' title="bbox 1003 2516 1786 2552">
    <p class='ocr_par' dir='ltr' id='par_1_112' title="bbox 1003 2516 1786 2552">
     <span class='ocr_line' id='line_1_112' title="bbox 1003 2516 1786 2552; baseline -0.006 -5"><span class='ocrx_word' id='word_1_791' title='bbox 1003 2528 1107 2552; x_wconf 86' lang='lat' dir='ltr'><strong><em>nomen,</em></strong></span> <span class='ocrx_word' id='word_1_792' title='bbox 1120 2523 1145 2546; x_wconf 85' lang='lat' dir='ltr'><strong><em>et</em></strong></span> <span class='ocrx_word' id='word_1_793' title='bbox 1166 2518 1363 2545; x_wconf 80' lang='lat' dir='ltr'><strong><em>dissimulantes</em></strong></span> <span class='ocrx_word' id='word_1_794' title='bbox 1380 2526 1439 2544; x_wconf 90' lang='lat' dir='ltr'><strong><em>eum</em></strong></span> <span class='ocrx_word' id='word_1_795' title='bbox 1462 2517 1589 2547; x_wconf 80' lang='lat' dir='ltr'><strong><em>aversari.</em></strong></span> <span class='ocrx_word' id='word_1_796' title='bbox 1610 2516 1786 2543; x_wconf 87' lang='lat' dir='ltr'><strong><em>transilientes</em></strong></span> 
     </span>
    </p>
   </div>
   <div class='ocr_carea' id='block_1_113' title="bbox 1003 2562 1786 2597">
    <p class='ocr_par' dir='ltr' id='par_1_113' title="bbox 1003 2562 1786 2597">
     <span class='ocr_line' id='line_1_113' title="bbox 1003 2562 1786 2597; baseline -0.005 -3"><span class='ocrx_word' id='word_1_797' title='bbox 1003 2571 1090 2594; x_wconf 81' lang='lat' dir='ltr'><strong><em>autent</em></strong></span> <span class='ocrx_word' id='word_1_798' title='bbox 1106 2565 1140 2592; x_wconf 87' lang='lat' dir='ltr'><strong><em>ad</em></strong></span> <span class='ocrx_word' id='word_1_799' title='bbox 1157 2564 1283 2592; x_wconf 84' lang='lat' dir='ltr'><strong><em>Theodori</em></strong></span> <span class='ocrx_word' id='word_1_800' title='bbox 1294 2563 1376 2590; x_wconf 89' lang='lat' dir='ltr'><strong><em>libros</em></strong></span> <span class='ocrx_word' id='word_1_801' title='bbox 1393 2563 1430 2591; x_wconf 88' lang='lat' dir='ltr'><strong><em>De</em></strong></span> <span class='ocrx_word' id='word_1_802' title='bbox 1442 2563 1641 2594; x_wconf 81' lang='lat' dir='ltr'><strong><em>lncarnatione,</em></strong></span> <span class='ocrx_word' id='word_1_803' title='bbox 1654 2563 1681 2589; x_wconf 88' lang='lat' dir='ltr'><strong><em>in</em></strong></span> <span class='ocrx_word' id='word_1_804' title='bbox 1695 2562 1786 2597; x_wconf 74' lang='lat' dir='ltr'><strong><em>quibus</em></strong></span> 
     </span>
    </p>
   </div>
   <div class='ocr_carea' id='block_1_114' title="bbox 1005 2609 1787 2645">
    <p class='ocr_par' dir='ltr' id='par_1_114' title="bbox 1005 2609 1787 2645">
     <span class='ocr_line' id='line_1_114' title="bbox 1005 2609 1787 2645; baseline -0.005 -7"><span class='ocrx_word' id='word_1_805' title='bbox 1005 2612 1087 2639; x_wconf 86' lang='lat' dir='ltr'><strong><em>multo</em></strong></span> <span class='ocrx_word' id='word_1_806' title='bbox 1100 2610 1200 2645; x_wconf 84' lang='lat' dir='ltr'><strong><em>pejores</em></strong></span> <span class='ocrx_word' id='word_1_807' title='bbox 1214 2609 1331 2637; x_wconf 84' lang='lat' dir='ltr'><strong><em>Nestorii</em></strong></span> <span class='ocrx_word' id='word_1_808' title='bbox 1349 2609 1516 2643; x_wconf 83' lang='lat' dir='ltr'><strong><em>blasphemiis</em></strong></span> <span class='ocrx_word' id='word_1_809' title='bbox 1535 2610 1627 2641; x_wconf 71' lang='lat' dir='ltr'><strong><em>positae</em></strong></span> <span class='ocrx_word' id='word_1_810' title='bbox 1642 2614 1723 2640; x_wconf 86' lang='lat' dir='ltr'><strong><em>sunt;</em></strong></span> <span class='ocrx_word' id='word_1_811' title='bbox 1740 2617 1787 2642; x_wconf 81' lang='lat' dir='ltr'><strong><em>pa-</em></strong></span> 
     </span>
    </p>
   </div>
   <div class='ocr_carea' id='block_1_115' title="bbox 1007 2655 1788 2690">
    <p class='ocr_par' dir='ltr' id='par_1_115' title="bbox 1007 2655 1788 2690">
     <span class='ocr_line' id='line_1_115' title="bbox 1007 2655 1788 2690; baseline -0.006 -6"><span class='ocrx_word' id='word_1_812' title='bbox 1007 2664 1045 2685; x_wconf 88' lang='lat' dir='ltr'><strong><em>ter</em></strong></span> <span class='ocrx_word' id='word_1_813' title='bbox 1061 2657 1130 2683; x_wconf 87' lang='lat' dir='ltr'><strong><em>enim</em></strong></span> <span class='ocrx_word' id='word_1_814' title='bbox 1155 2656 1207 2690; x_wconf 77' lang='lat' dir='ltr'><strong><em>fuit</em></strong></span> <span class='ocrx_word' id='word_1_815' title='bbox 1225 2655 1344 2682; x_wconf 71' lang='lat' dir='ltr'><strong><em>Nestor-ii</em></strong></span> <span class='ocrx_word' id='word_1_816' title='bbox 1366 2655 1494 2689; x_wconf 61' lang='lat' dir='ltr'><strong><em>perﬁdia,</em></strong></span> <span class='ocrx_word' id='word_1_817' title='bbox 1517 2659 1541 2681; x_wconf 84' lang='lat' dir='ltr'><strong><em>et</em></strong></span> <span class='ocrx_word' id='word_1_818' title='bbox 1566 2655 1638 2682; x_wconf 85' lang='lat' dir='ltr'><strong><em>illius</em></strong></span> <span class='ocrx_word' id='word_1_819' title='bbox 1665 2655 1788 2689; x_wconf 77' lang='lat' dir='ltr'><strong><em>dogmata</em></strong></span> 
     </span>
    </p>
   </div>
   <div class='ocr_carea' id='block_1_116' title="bbox 1006 2699 1786 2736">
    <p class='ocr_par' dir='ltr' id='par_1_116' title="bbox 1006 2699 1786 2736">
     <span class='ocr_line' id='line_1_116' title="bbox 1006 2699 1786 2736; baseline -0.006 -6"><span class='ocrx_word' id='word_1_820' title='bbox 1006 2704 1134 2734; x_wconf 80' lang='lat' dir='ltr'><strong><em>elocutus,</em></strong></span> <span class='ocrx_word' id='word_1_821' title='bbox 1149 2702 1312 2736; x_wconf 85' lang='lat' dir='ltr'><strong><em>irreligiosus</em></strong></span> <span class='ocrx_word' id='word_1_822' title='bbox 1321 2702 1347 2728; x_wconf 85' lang='lat' dir='ltr'><strong><em>in</em></strong></span> <span class='ocrx_word' id='word_1_823' title='bbox 1360 2702 1400 2728; x_wconf 90' lang='lat' dir='ltr'><strong><em>his</em></strong></span> <span class='ocrx_word' id='word_1_824' title='bbox 1411 2701 1498 2736; x_wconf 81' lang='lat' dir='ltr'><strong><em>[actus</em></strong></span> <span class='ocrx_word' id='word_1_825' title='bbox 1509 2705 1559 2732; x_wconf 79' lang='lat' dir='ltr'><strong><em>est,</em></strong></span> <span class='ocrx_word' id='word_1_826' title='bbox 1570 2701 1597 2727; x_wconf 89' lang='lat' dir='ltr'><strong><em>in</em></strong></span> <span class='ocrx_word' id='word_1_827' title='bbox 1608 2700 1700 2735; x_wconf 88' lang='lat' dir='ltr'><strong><em>quibus</em></strong></span> <span class='ocrx_word' id='word_1_828' title='bbox 1712 2699 1786 2726; x_wconf 84' lang='lat' dir='ltr'><strong><em>modo</em></strong></span> 
     </span>
    </p>
   </div>
   <div class='ocr_carea' id='block_1_117' title="bbox 1007 2746 1787 2782">
    <p class='ocr_par' dir='ltr' id='par_1_117' title="bbox 1007 2746 1787 2782">
     <span class='ocr_line' id='line_1_117' title="bbox 1007 2746 1787 2782; baseline -0.008 -5"><span class='ocrx_word' id='word_1_829' title='bbox 1007 2754 1055 2777; x_wconf 89' lang='lat' dir='ltr'><strong><em>est.</em></strong></span> <span class='ocrx_word' id='word_1_830' title='bbox 1076 2747 1159 2776; x_wconf 78' lang='lat' dir='ltr'><strong><em>Multa</em></strong></span> <span class='ocrx_word' id='word_1_831' title='bbox 1176 2746 1258 2782; x_wconf 84' lang='lat' dir='ltr'><strong><em>impia</em></strong></span> <span class='ocrx_word' id='word_1_832' title='bbox 1273 2755 1307 2775; x_wconf 81' lang='lat' dir='ltr'><strong><em>ex</em></strong></span> <span class='ocrx_word' id='word_1_833' title='bbox 1325 2747 1373 2774; x_wconf 89' lang='lat' dir='ltr'><strong><em>lib.</em></strong></span> <span class='ocrx_word' id='word_1_834' title='bbox 1392 2754 1411 2780; x_wconf 91' lang='grc' dir='ltr'><strong><em>ι,</em></strong></span> <span class='ocrx_word' id='word_1_835' title='bbox 1427 2754 1457 2778; x_wconf 89' lang='grc' dir='ltr'><strong><em>ιι,</em></strong></span> <span class='ocrx_word' id='word_1_836' title='bbox 1472 2754 1519 2778; x_wconf 91' lang='lat' dir='ltr'><strong><em>vn,</em></strong></span> <span class='ocrx_word' id='word_1_837' title='bbox 1537 2754 1597 2778; x_wconf 82' lang='lat' dir='ltr'><strong><em>vui,</em></strong></span> <span class='ocrx_word' id='word_1_838' title='bbox 1618 2754 1666 2778; x_wconf 79' lang='lat' dir='ltr'><strong><em>xu,</em></strong></span> <span class='ocrx_word' id='word_1_839' title='bbox 1683 2752 1741 2776; x_wconf 75' lang='lat' dir='ltr'><strong><em>sm,</em></strong></span> <span class='ocrx_word' id='word_1_840' title='bbox 1761 2748 1787 2772; x_wconf 87' lang='lat' dir='ltr'><strong><em>et</em></strong></span> 
     </span>
    </p>
   </div>
   <div class='ocr_carea' id='block_1_118' title="bbox 207 2831 1787 2877">
    <p class='ocr_par' dir='ltr' id='par_1_118' title="bbox 207 2831 1787 2877">
     <span class='ocr_line' id='line_1_118' title="bbox 207 2831 1787 2877; baseline -0.006 -8"><span class='ocrx_word' id='word_1_841' title='bbox 207 2843 246 2877; x_wconf 90' lang='lat' dir='ltr'><strong><em>(a)</em></strong></span> <span class='ocrx_word' id='word_1_842' title='bbox 263 2841 320 2870; x_wconf 88' lang='lat' dir='ltr'><strong><em>Hoc</em></strong></span> <span class='ocrx_word' id='word_1_843' title='bbox 333 2841 506 2869; x_wconf 84' lang='lat' dir='ltr'><strong><em>Theodorum</em></strong></span> <span class='ocrx_word' id='word_1_844' title='bbox 524 2841 593 2869; x_wconf 90' lang='lat' dir='ltr'><strong><em>libro</em></strong></span> <span class='ocrx_word' id='word_1_845' title='bbox 609 2842 778 2871; x_wconf 83' lang='lat' dir='ltr'><strong><em>vnlnerasse.</em></strong></span> <span class='ocrx_word' id='word_1_846' title='bbox 797 2841 820 2870; x_wconf 87' lang='lat' dir='ltr'><strong><em>si</em></strong></span> <span class='ocrx_word' id='word_1_847' title='bbox 835 2841 892 2870; x_wconf 82' lang='lat' dir='ltr'><strong><em>ﬁeri</em></strong></span> <span class='ocrx_word' id='word_1_848' title='bbox 905 2840 1049 2876; x_wconf 81' lang='lat' dir='ltr'><strong><em>potuisset,</em></strong></span> <span class='ocrx_word' id='word_1_849' title='bbox 1066 2837 1096 2866; x_wconf 86' lang='lat' dir='ltr'><strong><em>S.</em></strong></span> <span class='ocrx_word' id='word_1_850' title='bbox 1108 2837 1302 2873; x_wconf 79' lang='lat' dir='ltr'><strong><em>Hieronymum</em></strong></span> <span class='ocrx_word' id='word_1_851' title='bbox 1317 2834 1352 2863; x_wconf 90' lang='lat' dir='ltr'><strong><em>ob</em></strong></span> <span class='ocrx_word' id='word_1_852' title='bbox 1364 2841 1396 2863; x_wconf 81' lang='lat' dir='ltr'><strong><em>ea</em></strong></span> <span class='ocrx_word' id='word_1_853' title='bbox 1410 2841 1469 2870; x_wconf 75' lang='lat' dir='ltr'><strong><em>qua:</em></strong></span> <span class='ocrx_word' id='word_1_854' title='bbox 1485 2832 1615 2862; x_wconf 76' lang='lat' dir='ltr'><strong><em>adversus</em></strong></span> <span class='ocrx_word' id='word_1_855' title='bbox 1629 2831 1787 2867; x_wconf 70' lang='lat' dir='ltr'><strong><em>Pelagianos</em></strong></span> 
     </span>
    </p>
   </div>
   <div class='ocr_carea' id='block_1_119' title="bbox 173 2877 787 2914">
    <p class='ocr_par' dir='ltr' id='par_1_119' title="bbox 173 2877 787 2914">
     <span class='ocr_line' id='line_1_119' title="bbox 173 2877 787 2914; baseline -0.007 -7"><span class='ocrx_word' id='word_1_856' title='bbox 173 2878 326 2911; x_wconf 78' lang='lat' dir='ltr'><strong><em>scribebat,</em></strong></span> <span class='ocrx_word' id='word_1_857' title='bbox 341 2877 445 2914; x_wconf 78' lang='lat' dir='ltr'><strong><em>jamdiu</em></strong></span> <span class='ocrx_word' id='word_1_858' title='bbox 462 2877 590 2913; x_wconf 75' lang='lat' dir='ltr'><strong><em>philologi</em></strong></span> <span class='ocrx_word' id='word_1_859' title='bbox 611 2880 787 2913; x_wconf 70' lang='lat' dir='ltr'><strong><em>agnoverunt.</em></strong></span> 
     </span>
    </p>
   </div>
  </div>
