  <div class='ocr_page' id='page_1' title='image "/cluster/home/n/w/nwhite01/storage/ocr_20150623/66/njp.32101077772695/052.png"; bbox 0 0 1947 3071; ppageno 0'>
   <div class='ocr_carea' id='block_1_1' title="bbox 193 155 1824 196">
    <p class='ocr_par' dir='ltr' id='par_1_1' title="bbox 193 155 1824 196">
     <span class='ocr_line' id='line_1_1' title="bbox 193 155 1824 196; baseline 0.007 -12"><span class='ocrx_word' id='word_1_1' title='bbox 193 155 230 185; x_wconf 70' lang='grc'><strong>93</strong></span> <span class='ocrx_word' id='word_1_2' title='bbox 792 163 957 193; x_wconf 81' lang='lat' dir='ltr'><strong>DIATRIBA</strong></span> <span class='ocrx_word' id='word_1_3' title='bbox 972 164 1016 192; x_wconf 88' lang='lat' dir='ltr'><strong>DE</strong></span> <span class='ocrx_word' id='word_1_4' title='bbox 1034 163 1240 195; x_wconf 77' lang='lat' dir='ltr'><strong>THEODORiS.</strong></span> <span class='ocrx_word' id='word_1_5' title='bbox 1789 167 1824 196; x_wconf 63' lang='grc'><strong>94</strong></span> 
     </span>
    </p>
   </div>
   <div class='ocr_carea' id='block_1_2' title="bbox 195 214 1824 254">
    <p class='ocr_par' dir='ltr' id='par_1_2' title="bbox 195 214 1824 254">
     <span class='ocr_line' id='line_1_2' title="bbox 195 214 1824 254; baseline 0.004 -12"><span class='ocrx_word' id='word_1_6' title='bbox 195 222 243 242; x_wconf 73' lang='lat' dir='ltr'><strong>xlv</strong></span> <span class='ocrx_word' id='word_1_7' title='bbox 258 214 412 242; x_wconf 74' lang='lat' dir='ltr'><strong>recitantur</strong></span> <span class='ocrx_word' id='word_1_8' title='bbox 427 214 455 242; x_wconf 92' lang='lat' dir='ltr'><strong>in</strong></span> <span class='ocrx_word' id='word_1_9' title='bbox 469 214 491 242; x_wconf 82' lang='lat' dir='ltr'><strong>V</strong></span> <span class='ocrx_word' id='word_1_10' title='bbox 512 216 627 252; x_wconf 85' lang='lat' dir='ltr'><strong>synodo.</strong></span> <span class='ocrx_word' id='word_1_11' title='bbox 642 217 711 246; x_wconf 80' lang='lat' dir='ltr'><strong>Vide</strong></span> <span class='ocrx_word' id='word_1_12' title='bbox 724 218 808 246; x_wconf 83' lang='lat' dir='ltr'><strong>etiam</strong></span> <span class='ocrx_word' id='word_1_13' title='bbox 827 219 985 248; x_wconf 83' lang='lat' dir='ltr'><strong>Facundum</strong></span> <span class='ocrx_word' id='word_1_14' title='bbox 1001 225 1021 253; x_wconf 78' lang='grc' dir='ltr'><strong><em>Α</em></strong></span> <span class='ocrx_word' id='word_1_15' title='bbox 1037 219 1124 254; x_wconf 80' lang='lat' dir='ltr'><strong>posita</strong></span> <span class='ocrx_word' id='word_1_16' title='bbox 1139 219 1258 254; x_wconf 84' lang='lat' dir='ltr'><strong>falsitate</strong></span> <span class='ocrx_word' id='word_1_17' title='bbox 1277 225 1482 254; x_wconf 85' lang='lat' dir='ltr'><strong>corrumperent.</strong></span> <span class='ocrx_word' id='word_1_18' title='bbox 1499 222 1533 248; x_wconf 77' lang='lat' dir='ltr'><strong>At</strong></span> <span class='ocrx_word' id='word_1_19' title='bbox 1547 221 1592 249; x_wconf 88' lang='lat' dir='ltr'><strong>ille</strong></span> <span class='ocrx_word' id='word_1_20' title='bbox 1606 221 1667 249; x_wconf 87' lang='lat' dir='ltr'><strong>hinc</strong></span> <span class='ocrx_word' id='word_1_21' title='bbox 1681 221 1721 249; x_wconf 85' lang='lat' dir='ltr'><strong>vel</strong></span> <span class='ocrx_word' id='word_1_22' title='bbox 1733 230 1824 249; x_wconf 87' lang='lat' dir='ltr'><strong>eorum</strong></span> 
     </span>
    </p>
   </div>
   <div class='ocr_carea' id='block_1_3' title="bbox 194 260 989 297">
    <p class='ocr_par' dir='ltr' id='par_1_3' title="bbox 194 260 989 297">
     <span class='ocr_line' id='line_1_3' title="bbox 194 260 989 297; baseline 0.006 -9"><span class='ocrx_word' id='word_1_23' title='bbox 194 261 244 296; x_wconf 86' lang='lat' dir='ltr'><strong>qui</strong></span> <span class='ocrx_word' id='word_1_24' title='bbox 261 260 415 295; x_wconf 70' lang='lat' dir='ltr'><strong>saepiSsime</strong></span> <span class='ocrx_word' id='word_1_25' title='bbox 439 261 512 289; x_wconf 89' lang='lat' dir='ltr'><strong>illius</strong></span> <span class='ocrx_word' id='word_1_26' title='bbox 537 263 628 297; x_wconf 84' lang='lat' dir='ltr'><strong>operis</strong></span> <span class='ocrx_word' id='word_1_27' title='bbox 648 264 811 293; x_wconf 75' lang='lat' dir='ltr'><strong>testimoniis</strong></span> <span class='ocrx_word' id='word_1_28' title='bbox 836 267 931 293; x_wconf 88' lang='lat' dir='ltr'><strong>utitur.</strong></span> <span class='ocrx_word' id='word_1_29' title='bbox 951 266 989 293; x_wconf 85' lang='lat' dir='ltr'><strong>Ea</strong></span> 
     </span>
    </p>
   </div>
   <div class='ocr_carea' id='block_1_4' title="bbox 196 306 988 345">
    <p class='ocr_par' dir='ltr' id='par_1_4' title="bbox 196 306 988 345">
     <span class='ocr_line' id='line_1_4' title="bbox 196 306 988 345; baseline 0.006 -12"><span class='ocrx_word' id='word_1_30' title='bbox 196 311 291 333; x_wconf 77' lang='lat' dir='ltr'><strong>tamen</strong></span> <span class='ocrx_word' id='word_1_31' title='bbox 312 306 417 333; x_wconf 86' lang='lat' dir='ltr'><strong>inserta</strong></span> <span class='ocrx_word' id='word_1_32' title='bbox 440 314 501 335; x_wconf 84' lang='lat' dir='ltr'><strong>esse</strong></span> <span class='ocrx_word' id='word_1_33' title='bbox 517 308 552 335; x_wconf 88' lang='lat' dir='ltr'><strong>ab</strong></span> <span class='ocrx_word' id='word_1_34' title='bbox 575 309 721 342; x_wconf 74' lang='lat' dir='ltr'><strong>haereticis,</strong></span> <span class='ocrx_word' id='word_1_35' title='bbox 738 313 766 337; x_wconf 88' lang='lat' dir='ltr'><strong>et</strong></span> <span class='ocrx_word' id='word_1_36' title='bbox 784 310 988 345; x_wconf 81' lang='lat' dir='ltr'><strong>Apollinaristis</strong></span> 
     </span>
    </p>
   </div>
   <div class='ocr_carea' id='block_1_5' title="bbox 196 351 988 391">
    <p class='ocr_par' dir='ltr' id='par_1_5' title="bbox 196 351 988 391">
     <span class='ocr_line' id='line_1_5' title="bbox 196 351 988 391; baseline 0.008 -14"><span class='ocrx_word' id='word_1_37' title='bbox 196 351 388 385; x_wconf 84' lang='lat' dir='ltr'><strong>potissimum,</strong></span> <span class='ocrx_word' id='word_1_38' title='bbox 403 355 519 379; x_wconf 79' lang='lat' dir='ltr'><strong>testatur</strong></span> <span class='ocrx_word' id='word_1_39' title='bbox 534 353 664 382; x_wconf 83' lang='lat' dir='ltr'><strong>idemmet</strong></span> <span class='ocrx_word' id='word_1_40' title='bbox 680 353 851 387; x_wconf 87' lang='lat' dir='ltr'><strong>Theodorus,</strong></span> <span class='ocrx_word' id='word_1_41' title='bbox 866 356 892 383; x_wconf 94' lang='lat' dir='ltr'><strong>in</strong></span> <span class='ocrx_word' id='word_1_42' title='bbox 912 357 988 391; x_wconf 91' lang='lat' dir='ltr'><strong>prin-</strong></span> 
     </span>
    </p>
   </div>
   <div class='ocr_carea' id='block_1_6' title="bbox 196 395 988 433">
    <p class='ocr_par' dir='ltr' id='par_1_6' title="bbox 196 395 988 433">
     <span class='ocr_line' id='line_1_6' title="bbox 196 395 988 433; baseline 0.006 -11"><span class='ocrx_word' id='word_1_43' title='bbox 196 395 272 430; x_wconf 88' lang='lat' dir='ltr'><strong>cipio</strong></span> <span class='ocrx_word' id='word_1_44' title='bbox 289 396 393 431; x_wconf 84' lang='lat' dir='ltr'><strong>operis,</strong></span> <span class='ocrx_word' id='word_1_45' title='bbox 410 397 454 424; x_wconf 93' lang='lat' dir='ltr'><strong>cui</strong></span> <span class='ocrx_word' id='word_1_46' title='bbox 469 397 578 424; x_wconf 77' lang='lat' dir='ltr'><strong>titulum</strong></span> <span class='ocrx_word' id='word_1_47' title='bbox 596 397 698 425; x_wconf 84' lang='lat' dir='ltr'><strong>fecerat</strong></span> <span class='ocrx_word' id='word_1_48' title='bbox 714 408 720 425; x_wconf 93' lang='lat'>:</span> <span class='ocrx_word' id='word_1_49' title='bbox 740 399 779 426; x_wconf 87' lang='lat' dir='ltr'><strong>De</strong></span> <span class='ocrx_word' id='word_1_50' title='bbox 795 400 946 433; x_wconf 79' lang='lat' dir='ltr'><strong>Apollinari</strong></span> <span class='ocrx_word' id='word_1_51' title='bbox 964 405 988 427; x_wconf 88' lang='lat' dir='ltr'><strong>ct</strong></span> 
     </span>
    </p>
   </div>
   <div class='ocr_carea' id='block_1_7' title="bbox 196 441 988 477">
    <p class='ocr_par' dir='ltr' id='par_1_7' title="bbox 196 441 988 477">
     <span class='ocr_line' id='line_1_7' title="bbox 196 441 988 477; baseline 0.005 -9"><span class='ocrx_word' id='word_1_52' title='bbox 196 441 256 476; x_wconf 81' lang='lat' dir='ltr'><strong>ejus</strong></span> <span class='ocrx_word' id='word_1_53' title='bbox 273 441 379 469; x_wconf 65' lang='lat' dir='ltr'><strong>heresi.</strong></span> <span class='ocrx_word' id='word_1_54' title='bbox 395 442 484 470; x_wconf 82' lang='lat' dir='ltr'><strong>Verba</strong></span> <span class='ocrx_word' id='word_1_55' title='bbox 502 443 562 477; x_wconf 88' lang='lat' dir='ltr'><strong>ejus</strong></span> <span class='ocrx_word' id='word_1_56' title='bbox 585 443 745 471; x_wconf 78' lang='lat' dir='ltr'><strong>referuntur</strong></span> <span class='ocrx_word' id='word_1_57' title='bbox 761 452 776 471; x_wconf 86' lang='lat' dir='ltr'><strong>a</strong></span> <span class='ocrx_word' id='word_1_58' title='bbox 796 444 923 472; x_wconf 84' lang='lat' dir='ltr'><strong>Facundo</strong></span> <span class='ocrx_word' id='word_1_59' title='bbox 940 445 988 473; x_wconf 86' lang='lat' dir='ltr'><strong>lib.</strong></span> 
     </span>
    </p>
   </div>
   <div class='ocr_carea' id='block_1_8' title="bbox 198 488 988 524">
    <p class='ocr_par' dir='ltr' id='par_1_8' title="bbox 198 488 988 524">
     <span class='ocr_line' id='line_1_8' title="bbox 198 488 988 524; baseline 0.006 -10"><span class='ocrx_word' id='word_1_60' title='bbox 198 495 227 519; x_wconf 71' lang='grc' dir='ltr'><strong>ι.</strong></span> <span class='ocrx_word' id='word_1_61' title='bbox 243 495 305 522; x_wconf 85' lang='lat' dir='ltr'><strong>cap.</strong></span> <span class='ocrx_word' id='word_1_62' title='bbox 320 488 334 514; x_wconf 85' lang='grc'><strong>1</strong></span> <span class='ocrx_word' id='word_1_63' title='bbox 351 497 359 515; x_wconf 86' lang='lat'><strong>:</strong></span> <span class='ocrx_word' id='word_1_64' title='bbox 373 488 441 516; x_wconf 80' lang='lat' dir='ltr'><strong>Ante</strong></span> <span class='ocrx_word' id='word_1_65' title='bbox 456 489 565 524; x_wconf 88' lang='lat' dir='ltr'><strong>triginta</strong></span> <span class='ocrx_word' id='word_1_66' title='bbox 583 490 652 516; x_wconf 86' lang='lat' dir='ltr'><strong>enim</strong></span> <span class='ocrx_word' id='word_1_67' title='bbox 666 491 722 523; x_wconf 83' lang='lat' dir='ltr'><strong>iant</strong></span> <span class='ocrx_word' id='word_1_68' title='bbox 737 490 783 517; x_wconf 86' lang='lat' dir='ltr'><strong>hos</strong></span> <span class='ocrx_word' id='word_1_69' title='bbox 799 499 883 518; x_wconf 86' lang='lat' dir='ltr'><strong>annos</strong></span> <span class='ocrx_word' id='word_1_70' title='bbox 896 491 932 519; x_wconf 92' lang='lat' dir='ltr'><strong>De</strong></span> <span class='ocrx_word' id='word_1_71' title='bbox 945 491 988 519; x_wconf 94' lang='lat' dir='ltr'><strong>ln-</strong></span> 
     </span>
    </p>
   </div>
   <div class='ocr_carea' id='block_1_9' title="bbox 198 533 988 572">
    <p class='ocr_par' dir='ltr' id='par_1_9' title="bbox 198 533 988 572">
     <span class='ocr_line' id='line_1_9' title="bbox 198 533 988 572; baseline 0.005 -12"><span class='ocrx_word' id='word_1_72' title='bbox 198 533 359 561; x_wconf 83' lang='lat' dir='ltr'><strong>carnatione</strong></span> <span class='ocrx_word' id='word_1_73' title='bbox 373 533 480 562; x_wconf 84' lang='lat' dir='ltr'><strong>Domini</strong></span> <span class='ocrx_word' id='word_1_74' title='bbox 501 535 616 562; x_wconf 76' lang='lat' dir='ltr'><strong>codicem</strong></span> <span class='ocrx_word' id='word_1_75' title='bbox 637 537 840 570; x_wconf 74' lang='lat' dir='ltr'><strong>conscripsimus</strong></span> <span class='ocrx_word' id='word_1_76' title='bbox 862 545 942 572; x_wconf 86' lang='lat' dir='ltr'><strong>usque</strong></span> <span class='ocrx_word' id='word_1_77' title='bbox 955 539 988 564; x_wconf 83' lang='lat' dir='ltr'><strong>ad</strong></span> 
     </span>
    </p>
   </div>
   <div class='ocr_carea' id='block_1_10' title="bbox 197 578 990 618">
    <p class='ocr_par' dir='ltr' id='par_1_10' title="bbox 197 578 990 618">
     <span class='ocr_line' id='line_1_10' title="bbox 197 578 990 618; baseline 0.008 -14"><span class='ocrx_word' id='word_1_78' title='bbox 197 578 350 612; x_wconf 74' lang='lat' dir='ltr'><strong>quindecim</strong></span> <span class='ocrx_word' id='word_1_79' title='bbox 364 580 450 606; x_wconf 86' lang='lat' dir='ltr'><strong>millia</strong></span> <span class='ocrx_word' id='word_1_80' title='bbox 469 588 588 607; x_wconf 84' lang='lat' dir='ltr'><strong>uersuum</strong></span> <span class='ocrx_word' id='word_1_81' title='bbox 605 582 801 616; x_wconf 84' lang='lat' dir='ltr'><strong>pertingentem.</strong></span> <span class='ocrx_word' id='word_1_82' title='bbox 819 582 853 609; x_wconf 87' lang='lat' dir='ltr'><strong>In</strong></span> <span class='ocrx_word' id='word_1_83' title='bbox 866 591 916 618; x_wconf 88' lang='lat' dir='ltr'><strong>quo</strong></span> <span class='ocrx_word' id='word_1_84' title='bbox 931 583 990 610; x_wconf 78' lang='lat' dir='ltr'><strong>Arii</strong></span> 
     </span>
    </p>
   </div>
   <div class='ocr_carea' id='block_1_11' title="bbox 198 623 990 662">
    <p class='ocr_par' dir='ltr' id='par_1_11' title="bbox 198 623 990 662">
     <span class='ocr_line' id='line_1_11' title="bbox 198 623 990 662; baseline 0.006 -12"><span class='ocrx_word' id='word_1_85' title='bbox 198 629 222 650; x_wconf 85' lang='lat' dir='ltr'><strong>et</strong></span> <span class='ocrx_word' id='word_1_86' title='bbox 238 623 367 652; x_wconf 83' lang='lat' dir='ltr'><strong>Eunomii</strong></span> <span class='ocrx_word' id='word_1_87' title='bbox 378 626 411 652; x_wconf 86' lang='lat' dir='ltr'><strong>de</strong></span> <span class='ocrx_word' id='word_1_88' title='bbox 430 626 480 652; x_wconf 82' lang='lat' dir='ltr'><strong>hac</strong></span> <span class='ocrx_word' id='word_1_89' title='bbox 497 634 523 653; x_wconf 90' lang='lat' dir='ltr'><strong>re</strong></span> <span class='ocrx_word' id='word_1_90' title='bbox 544 627 650 658; x_wconf 90' lang='lat' dir='ltr'><strong>delicta,</strong></span> <span class='ocrx_word' id='word_1_91' title='bbox 665 635 764 654; x_wconf 82' lang='lat' dir='ltr'><strong>necnon</strong></span> <span class='ocrx_word' id='word_1_92' title='bbox 787 628 868 654; x_wconf 85' lang='lat' dir='ltr'><strong>etiam</strong></span> <span class='ocrx_word' id='word_1_93' title='bbox 886 628 990 662; x_wconf 80' lang='lat' dir='ltr'><strong>Apolli-</strong></span> 
     </span>
    </p>
   </div>
   <div class='ocr_carea' id='block_1_12' title="bbox 199 671 989 708">
    <p class='ocr_par' dir='ltr' id='par_1_12' title="bbox 199 671 989 708">
     <span class='ocr_line' id='line_1_12' title="bbox 199 671 989 708; baseline 0.004 -11"><span class='ocrx_word' id='word_1_94' title='bbox 199 671 273 697; x_wconf 79' lang='lat' dir='ltr'><strong>uarii</strong></span> <span class='ocrx_word' id='word_1_95' title='bbox 298 679 393 698; x_wconf 81' lang='lat' dir='ltr'><strong>vanam</strong></span> <span class='ocrx_word' id='word_1_96' title='bbox 410 673 638 706; x_wconf 68' lang='lat' dir='ltr'><strong>praesumptionem</strong></span> <span class='ocrx_word' id='word_1_97' title='bbox 663 681 709 707; x_wconf 82' lang='lat' dir='ltr'><strong>per</strong></span> <span class='ocrx_word' id='word_1_98' title='bbox 729 677 812 700; x_wconf 86' lang='lat' dir='ltr'><strong>totum</strong></span> <span class='ocrx_word' id='word_1_99' title='bbox 834 673 902 700; x_wconf 89' lang='lat' dir='ltr'><strong>illud</strong></span> <span class='ocrx_word' id='word_1_100' title='bbox 924 681 989 708; x_wconf 90' lang='lat' dir='ltr'><strong>opus</strong></span> 
     </span>
    </p>
   </div>
   <div class='ocr_carea' id='block_1_13' title="bbox 198 717 990 754">
    <p class='ocr_par' dir='ltr' id='par_1_13' title="bbox 198 717 990 754">
     <span class='ocr_line' id='line_1_13' title="bbox 198 717 990 754; baseline 0.004 -11"><span class='ocrx_word' id='word_1_101' title='bbox 198 717 420 750; x_wconf 60' lang='lat' dir='ltr'><strong>nominavimus,</strong></span> <span class='ocrx_word' id='word_1_102' title='bbox 438 723 467 744; x_wconf 93' lang='lat' dir='ltr'><strong>ut</strong></span> <span class='ocrx_word' id='word_1_103' title='bbox 482 718 559 750; x_wconf 88' lang='lat' dir='ltr'><strong>nihil,</strong></span> <span class='ocrx_word' id='word_1_104' title='bbox 579 719 648 745; x_wconf 87' lang='lat' dir='ltr'><strong>sicut</strong></span> <span class='ocrx_word' id='word_1_105' title='bbox 663 727 721 746; x_wconf 87' lang='lat' dir='ltr'><strong>mea</strong></span> <span class='ocrx_word' id='word_1_106' title='bbox 740 719 790 753; x_wconf 86' lang='lat' dir='ltr'><strong>fert</strong></span> <span class='ocrx_word' id='word_1_107' title='bbox 806 719 902 752; x_wconf 86' lang='lat' dir='ltr'><strong>opinio,</strong></span> <span class='ocrx_word' id='word_1_108' title='bbox 921 727 990 754; x_wconf 77' lang='lat' dir='ltr'><strong>prte-</strong></span> 
     </span>
    </p>
   </div>
   <div class='ocr_carea' id='block_1_14' title="bbox 201 763 987 798">
    <p class='ocr_par' dir='ltr' id='par_1_14' title="bbox 201 763 987 798">
     <span class='ocr_line' id='line_1_14' title="bbox 201 763 987 798; baseline 0.003 -8"><span class='ocrx_word' id='word_1_109' title='bbox 201 764 309 790; x_wconf 85' lang='lat' dir='ltr'><strong>tcrirem</strong></span> <span class='ocrx_word' id='word_1_110' title='bbox 322 771 355 790; x_wconf 73' lang='lat' dir='ltr'><strong>es:</strong></span> <span class='ocrx_word' id='word_1_111' title='bbox 366 763 406 790; x_wconf 85' lang='lat' dir='ltr'><strong>his</strong></span> <span class='ocrx_word' id='word_1_112' title='bbox 415 772 474 798; x_wconf 71' lang='lat' dir='ltr'><strong>quia</strong></span> <span class='ocrx_word' id='word_1_113' title='bbox 489 763 524 790; x_wconf 89' lang='lat' dir='ltr'><strong>ad</strong></span> <span class='ocrx_word' id='word_1_114' title='bbox 539 765 692 798; x_wconf 89' lang='lat' dir='ltr'><strong>ﬁrmitatem</strong></span> <span class='ocrx_word' id='word_1_115' title='bbox 709 764 892 792; x_wconf 72' lang='lat' dir='ltr'><strong>ecclesiasticae</strong></span> <span class='ocrx_word' id='word_1_116' title='bbox 902 765 987 792; x_wconf 89' lang='lat' dir='ltr'><strong>ortho-</strong></span> 
     </span>
    </p>
   </div>
   <div class='ocr_carea' id='block_1_15' title="bbox 200 808 990 844">
    <p class='ocr_par' dir='ltr' id='par_1_15' title="bbox 200 808 990 844">
     <span class='ocr_line' id='line_1_15' title="bbox 200 808 990 844; baseline 0.003 -9"><span class='ocrx_word' id='word_1_117' title='bbox 200 808 289 836; x_wconf 71' lang='grc' dir='ltr'><strong>ἀπίω</strong></span> <span class='ocrx_word' id='word_1_118' title='bbox 302 810 472 843; x_wconf 84' lang='lat' dir='ltr'><strong>pertinerent.</strong></span> <span class='ocrx_word' id='word_1_119' title='bbox 486 815 510 836; x_wconf 86' lang='lat' dir='ltr'><strong>et</strong></span> <span class='ocrx_word' id='word_1_120' title='bbox 525 810 559 836; x_wconf 88' lang='lat' dir='ltr'><strong>ad</strong></span> <span class='ocrx_word' id='word_1_121' title='bbox 572 810 776 837; x_wconf 87' lang='lat' dir='ltr'><strong>convincendam</strong></span> <span class='ocrx_word' id='word_1_122' title='bbox 791 818 881 837; x_wconf 86' lang='lat' dir='ltr'><strong>eorum</strong></span> <span class='ocrx_word' id='word_1_123' title='bbox 898 811 990 844; x_wconf 85' lang='lat' dir='ltr'><strong>impie-</strong></span> 
     </span>
    </p>
   </div>
   <div class='ocr_carea' id='block_1_16' title="bbox 201 854 988 890">
    <p class='ocr_par' dir='ltr' id='par_1_16' title="bbox 201 854 988 890">
     <span class='ocr_line' id='line_1_16' title="bbox 201 854 988 890; baseline 0.003 -10"><span class='ocrx_word' id='word_1_124' title='bbox 201 859 294 881; x_wconf 90' lang='lat' dir='ltr'><strong>tatem.</strong></span> <span class='ocrx_word' id='word_1_125' title='bbox 313 854 366 882; x_wconf 90' lang='lat' dir='ltr'><strong>Sed</strong></span> <span class='ocrx_word' id='word_1_126' title='bbox 389 855 415 881; x_wconf 90' lang='lat' dir='ltr'><strong>hi</strong></span> <span class='ocrx_word' id='word_1_127' title='bbox 441 856 488 890; x_wconf 91' lang='lat' dir='ltr'><strong>qui</strong></span> <span class='ocrx_word' id='word_1_128' title='bbox 501 857 590 883; x_wconf 85' lang='lat' dir='ltr'><strong>omnia</strong></span> <span class='ocrx_word' id='word_1_129' title='bbox 614 856 743 890; x_wconf 76' lang='lat' dir='ltr'><strong>facillime</strong></span> <span class='ocrx_word' id='word_1_130' title='bbox 769 861 943 889; x_wconf 80' lang='lat' dir='ltr'><strong>pra-sumunt,</strong></span> <span class='ocrx_word' id='word_1_131' title='bbox 963 860 988 882; x_wconf 89' lang='lat' dir='ltr'><strong>et</strong></span> 
     </span>
    </p>
   </div>
   <div class='ocr_carea' id='block_1_17' title="bbox 1040 265 1825 302">
    <p class='ocr_par' dir='ltr' id='par_1_17' title="bbox 1040 265 1825 302">
     <span class='ocr_line' id='line_1_17' title="bbox 1040 265 1825 302; baseline 0.004 -11"><span class='ocrx_word' id='word_1_132' title='bbox 1040 265 1182 297; x_wconf 79' lang='lat' dir='ltr'><strong>malitiam,</strong></span> <span class='ocrx_word' id='word_1_133' title='bbox 1208 265 1246 292; x_wconf 80' lang='lat' dir='ltr'><strong>rel</strong></span> <span class='ocrx_word' id='word_1_134' title='bbox 1268 265 1425 299; x_wconf 80' lang='lat' dir='ltr'><strong>facilitatem</strong></span> <span class='ocrx_word' id='word_1_135' title='bbox 1446 267 1636 294; x_wconf 87' lang='lat' dir='ltr'><strong>catholicorum</strong></span> <span class='ocrx_word' id='word_1_136' title='bbox 1662 267 1825 302; x_wconf 81' lang='lat' dir='ltr'><strong>ﬁduciuliter</strong></span> 
     </span>
    </p>
   </div>
   <div class='ocr_carea' id='block_1_18' title="bbox 1039 311 1824 346">
    <p class='ocr_par' dir='ltr' id='par_1_18' title="bbox 1039 311 1824 346">
     <span class='ocr_line' id='line_1_18' title="bbox 1039 311 1824 346; baseline 0.003 -8"><span class='ocrx_word' id='word_1_137' title='bbox 1039 312 1176 346; x_wconf 81' lang='lat' dir='ltr'><strong>arguebat,</strong></span> <span class='ocrx_word' id='word_1_138' title='bbox 1193 313 1260 346; x_wconf 88' lang='lat' dir='ltr'><strong>quod</strong></span> <span class='ocrx_word' id='word_1_139' title='bbox 1272 311 1361 346; x_wconf 88' lang='lat' dir='ltr'><strong>palam</strong></span> <span class='ocrx_word' id='word_1_140' title='bbox 1372 311 1529 346; x_wconf 78' lang='lat' dir='ltr'><strong>prwdicuret</strong></span> <span class='ocrx_word' id='word_1_141' title='bbox 1542 313 1569 339; x_wconf 90' lang='lat' dir='ltr'><strong>in</strong></span> <span class='ocrx_word' id='word_1_142' title='bbox 1590 312 1709 339; x_wconf 75' lang='lat' dir='ltr'><strong>Ecclesia</strong></span> <span class='ocrx_word' id='word_1_143' title='bbox 1724 312 1824 340; x_wconf 88' lang='lat' dir='ltr'><strong>Christi</strong></span> 
     </span>
    </p>
   </div>
   <div class='ocr_carea' id='block_1_19' title="bbox 1038 356 1825 392">
    <p class='ocr_par' dir='ltr' id='par_1_19' title="bbox 1038 356 1825 392">
     <span class='ocr_line' id='line_1_19' title="bbox 1038 356 1825 392; baseline 0.001 -9"><span class='ocrx_word' id='word_1_144' title='bbox 1038 365 1096 391; x_wconf 80' lang='lat' dir='ltr'><strong>qua:</strong></span> <span class='ocrx_word' id='word_1_145' title='bbox 1109 364 1181 383; x_wconf 80' lang='lat' dir='ltr'><strong>sana:</strong></span> <span class='ocrx_word' id='word_1_146' title='bbox 1196 356 1324 383; x_wconf 76' lang='lat' dir='ltr'><strong>doctrina:</strong></span> <span class='ocrx_word' id='word_1_147' title='bbox 1342 361 1522 391; x_wconf 77' lang='lat' dir='ltr'><strong>congruerent,</strong></span> <span class='ocrx_word' id='word_1_148' title='bbox 1538 361 1562 383; x_wconf 89' lang='lat' dir='ltr'><strong>et</strong></span> <span class='ocrx_word' id='word_1_149' title='bbox 1582 365 1631 384; x_wconf 69' lang='lat' dir='ltr'><strong>vos:</strong></span> <span class='ocrx_word' id='word_1_150' title='bbox 1647 358 1705 392; x_wconf 86' lang='lat' dir='ltr'><strong>ejus</strong></span> <span class='ocrx_word' id='word_1_151' title='bbox 1719 357 1825 392; x_wconf 88' lang='lat' dir='ltr'><strong>ﬁdelior</strong></span> 
     </span>
    </p>
   </div>
   <div class='ocr_carea' id='block_1_20' title="bbox 1039 401 1821 435">
    <p class='ocr_par' dir='ltr' id='par_1_20' title="bbox 1039 401 1821 435">
     <span class='ocr_line' id='line_1_20' title="bbox 1039 401 1821 435; baseline 0.004 -8"><span class='ocrx_word' id='word_1_152' title='bbox 1039 402 1146 435; x_wconf 76' lang='lat' dir='ltr'><strong>scriptis</strong></span> <span class='ocrx_word' id='word_1_153' title='bbox 1157 406 1223 428; x_wconf 80' lang='lat' dir='ltr'><strong>esset</strong></span> <span class='ocrx_word' id='word_1_154' title='bbox 1241 401 1275 427; x_wconf 91' lang='lat' dir='ltr'><strong>ad</strong></span> <span class='ocrx_word' id='word_1_155' title='bbox 1286 401 1471 428; x_wconf 85' lang='lat' dir='ltr'><strong>documentum</strong></span> <span class='ocrx_word' id='word_1_156' title='bbox 1488 410 1543 428; x_wconf 70' lang='lat' dir='ltr'><strong>sua:</strong></span> <span class='ocrx_word' id='word_1_157' title='bbox 1559 403 1704 430; x_wconf 75' lang='lat' dir='ltr'><strong>sententiae.</strong></span> <span class='ocrx_word' id='word_1_158' title='bbox 1723 403 1821 430; x_wconf 85' lang='lat' dir='ltr'><strong>Absen-</strong></span> 
     </span>
    </p>
   </div>
   <div class='ocr_carea' id='block_1_21' title="bbox 1040 446 1823 481">
    <p class='ocr_par' dir='ltr' id='par_1_21' title="bbox 1040 446 1823 481">
     <span class='ocr_line' id='line_1_21' title="bbox 1040 446 1823 481; baseline 0.001 -8"><span class='ocrx_word' id='word_1_159' title='bbox 1040 447 1072 473; x_wconf 86' lang='lat' dir='ltr'><strong>tis</strong></span> <span class='ocrx_word' id='word_1_160' title='bbox 1085 447 1153 473; x_wconf 87' lang='lat' dir='ltr'><strong>enim</strong></span> <span class='ocrx_word' id='word_1_161' title='bbox 1167 447 1278 480; x_wconf 86' lang='lat' dir='ltr'><strong>scripta,</strong></span> <span class='ocrx_word' id='word_1_162' title='bbox 1296 454 1354 481; x_wconf 73' lang='lat' dir='ltr'><strong>qua:</strong></span> <span class='ocrx_word' id='word_1_163' title='bbox 1368 446 1501 480; x_wconf 81' lang='lat' dir='ltr'><strong>corrumpi</strong></span> <span class='ocrx_word' id='word_1_164' title='bbox 1519 446 1551 472; x_wconf 88' lang='lat' dir='ltr'><strong>ab</strong></span> <span class='ocrx_word' id='word_1_165' title='bbox 1566 447 1681 474; x_wconf 87' lang='lat' dir='ltr'><strong>inimicis</strong></span> <span class='ocrx_word' id='word_1_166' title='bbox 1698 447 1823 475; x_wconf 74' lang='lat' dir='ltr'><strong>Ecclesia:</strong></span> 
     </span>
    </p>
   </div>
   <div class='ocr_carea' id='block_1_22' title="bbox 1039 491 1822 526">
    <p class='ocr_par' dir='ltr' id='par_1_22' title="bbox 1039 491 1822 526">
     <span class='ocr_line' id='line_1_22' title="bbox 1039 491 1822 526; baseline 0.003 -8"><span class='ocrx_word' id='word_1_167' title='bbox 1039 496 1159 526; x_wconf 87' lang='lat' dir='ltr'><strong>possunt,</strong></span> <span class='ocrx_word' id='word_1_168' title='bbox 1174 493 1242 518; x_wconf 85' lang='lat' dir='ltr'><strong>vocis</strong></span> <span class='ocrx_word' id='word_1_169' title='bbox 1254 491 1310 526; x_wconf 83' lang='lat' dir='ltr'><strong>ejus</strong></span> <span class='ocrx_word' id='word_1_170' title='bbox 1320 491 1468 518; x_wconf 86' lang='lat' dir='ltr'><strong>testimonio</strong></span> <span class='ocrx_word' id='word_1_171' title='bbox 1478 492 1597 525; x_wconf 65' lang='lat' dir='ltr'><strong>praeferri</strong></span> <span class='ocrx_word' id='word_1_172' title='bbox 1609 501 1658 519; x_wconf 91' lang='lat' dir='ltr'><strong>non</strong></span> <span class='ocrx_word' id='word_1_173' title='bbox 1669 493 1822 520; x_wconf 84' lang='lat' dir='ltr'><strong>debuerant.</strong></span> 
     </span>
    </p>
   </div>
   <div class='ocr_carea' id='block_1_23' title="bbox 1040 537 1824 574">
    <p class='ocr_par' dir='ltr' id='par_1_23' title="bbox 1040 537 1824 574">
     <span class='ocr_line' id='line_1_23' title="bbox 1040 537 1824 574; baseline 0.003 -9"><span class='ocrx_word' id='word_1_174' title='bbox 1040 539 1073 565; x_wconf 84' lang='lat' dir='ltr'><strong>Et</strong></span> <span class='ocrx_word' id='word_1_175' title='bbox 1092 539 1141 566; x_wconf 85' lang='lat' dir='ltr'><strong>lib.</strong></span> <span class='ocrx_word' id='word_1_176' title='bbox 1159 546 1197 570; x_wconf 84' lang='lat' dir='ltr'><strong>Ix,</strong></span> <span class='ocrx_word' id='word_1_177' title='bbox 1211 546 1271 573; x_wconf 85' lang='lat' dir='ltr'><strong>cap.</strong></span> <span class='ocrx_word' id='word_1_178' title='bbox 1289 539 1305 565; x_wconf 75' lang='lat'><strong>5</strong></span> <span class='ocrx_word' id='word_1_179' title='bbox 1320 547 1326 565; x_wconf 92' lang='lat'><strong>:</strong></span> <span class='ocrx_word' id='word_1_180' title='bbox 1345 537 1416 564; x_wconf 81' lang='lat' dir='ltr'><strong>Nam</strong></span> <span class='ocrx_word' id='word_1_181' title='bbox 1431 537 1472 564; x_wconf 86' lang='lat' dir='ltr'><strong>cui</strong></span> <span class='ocrx_word' id='word_1_182' title='bbox 1487 537 1548 564; x_wconf 90' lang='lat' dir='ltr'><strong>bene</strong></span> <span class='ocrx_word' id='word_1_183' title='bbox 1562 539 1682 565; x_wconf 86' lang='lat' dir='ltr'><strong>sentienti</strong></span> <span class='ocrx_word' id='word_1_184' title='bbox 1696 547 1748 566; x_wconf 88' lang='lat' dir='ltr'><strong>non</strong></span> <span class='ocrx_word' id='word_1_185' title='bbox 1766 540 1824 574; x_wconf 74' lang='lat' dir='ltr'><strong>suf~</strong></span> 
     </span>
    </p>
   </div>
   <div class='ocr_carea' id='block_1_24' title="bbox 1040 581 1825 618">
    <p class='ocr_par' dir='ltr' id='par_1_24' title="bbox 1040 581 1825 618">
     <span class='ocr_line' id='line_1_24' title="bbox 1040 581 1825 618; baseline 0.003 -9"><span class='ocrx_word' id='word_1_186' title='bbox 1040 584 1128 618; x_wconf 83' lang='lat' dir='ltr'><strong>ﬁceret</strong></span> <span class='ocrx_word' id='word_1_187' title='bbox 1142 583 1187 609; x_wconf 85' lang='lat' dir='ltr'><strong>ad.</strong></span> <span class='ocrx_word' id='word_1_188' title='bbox 1200 584 1406 618; x_wconf 83' lang='lat' dir='ltr'><strong>cognoscendam</strong></span> <span class='ocrx_word' id='word_1_189' title='bbox 1424 581 1553 609; x_wconf 87' lang='lat' dir='ltr'><strong>Theodori</strong></span> <span class='ocrx_word' id='word_1_190' title='bbox 1577 582 1665 616; x_wconf 89' lang='lat' dir='ltr'><strong>ﬁdem,</strong></span> <span class='ocrx_word' id='word_1_191' title='bbox 1683 583 1737 617; x_wconf 82' lang='lat' dir='ltr'><strong>ipse</strong></span> <span class='ocrx_word' id='word_1_192' title='bbox 1752 585 1825 611; x_wconf 84' lang='lat' dir='ltr'><strong>solus</strong></span> 
     </span>
    </p>
   </div>
   <div class='ocr_carea' id='block_1_25' title="bbox 1039 627 1826 662">
    <p class='ocr_par' dir='ltr' id='par_1_25' title="bbox 1039 627 1826 662">
     <span class='ocr_line' id='line_1_25' title="bbox 1039 627 1826 662; baseline 0.003 -8"><span class='ocrx_word' id='word_1_193' title='bbox 1039 627 1156 659; x_wconf 78' lang='lat' dir='ltr'><strong>eiusdem</strong></span> <span class='ocrx_word' id='word_1_194' title='bbox 1170 628 1254 662; x_wconf 86' lang='lat' dir='ltr'><strong>operis</strong></span> <span class='ocrx_word' id='word_1_195' title='bbox 1267 627 1380 655; x_wconf 80' lang='lat' dir='ltr'><strong>titulus?</strong></span> <span class='ocrx_word' id='word_1_196' title='bbox 1396 627 1461 660; x_wconf 83' lang='lat' dir='ltr'><strong>Quis</strong></span> <span class='ocrx_word' id='word_1_197' title='bbox 1476 629 1544 654; x_wconf 86' lang='lat' dir='ltr'><strong>enim</strong></span> <span class='ocrx_word' id='word_1_198' title='bbox 1562 635 1622 654; x_wconf 89' lang='lat' dir='ltr'><strong>eum</strong></span> <span class='ocrx_word' id='word_1_199' title='bbox 1637 627 1746 655; x_wconf 85' lang='lat' dir='ltr'><strong>audiens</strong></span> <span class='ocrx_word' id='word_1_200' title='bbox 1764 637 1826 656; x_wconf 47' lang='lat' dir='ltr'><strong>con.</strong></span> 
     </span>
    </p>
   </div>
   <div class='ocr_carea' id='block_1_26' title="bbox 1039 673 1824 707">
    <p class='ocr_par' dir='ltr' id='par_1_26' title="bbox 1039 673 1824 707">
     <span class='ocr_line' id='line_1_26' title="bbox 1039 673 1824 707; baseline 0.001 -8"><span class='ocrx_word' id='word_1_201' title='bbox 1039 673 1138 700; x_wconf 86' lang='lat' dir='ltr'><strong>didisse</strong></span> <span class='ocrx_word' id='word_1_202' title='bbox 1151 673 1231 700; x_wconf 88' lang='lat' dir='ltr'><strong>libras</strong></span> <span class='ocrx_word' id='word_1_203' title='bbox 1247 673 1284 700; x_wconf 81' lang='lat' dir='ltr'><strong>De</strong></span> <span class='ocrx_word' id='word_1_204' title='bbox 1294 673 1491 705; x_wconf 81' lang='lat' dir='ltr'><strong>incarnatione,</strong></span> <span class='ocrx_word' id='word_1_205' title='bbox 1501 678 1588 705; x_wconf 87' lang='lat' dir='ltr'><strong>aut,ut</strong></span> <span class='ocrx_word' id='word_1_206' title='bbox 1597 673 1701 707; x_wconf 85' lang='lat' dir='ltr'><strong>proprie</strong></span> <span class='ocrx_word' id='word_1_207' title='bbox 1715 673 1763 701; x_wconf 87' lang='lat' dir='ltr'><strong>hoc</strong></span> <span class='ocrx_word' id='word_1_208' title='bbox 1775 682 1824 701; x_wconf 75' lang='lat' dir='ltr'><strong>ea:-</strong></span> 
     </span>
    </p>
   </div>
   <div class='ocr_carea' id='block_1_27' title="bbox 1039 717 1825 753">
    <p class='ocr_par' dir='ltr' id='par_1_27' title="bbox 1039 717 1825 753">
     <span class='ocr_line' id='line_1_27' title="bbox 1039 717 1825 753; baseline 0 -9"><span class='ocrx_word' id='word_1_209' title='bbox 1039 719 1164 753; x_wconf 86' lang='lat' dir='ltr'><strong>primam,</strong></span> <span class='ocrx_word' id='word_1_210' title='bbox 1179 719 1266 745; x_wconf 86' lang='lat' dir='ltr'><strong>minus</strong></span> <span class='ocrx_word' id='word_1_211' title='bbox 1279 719 1383 753; x_wconf 84' lang='lat' dir='ltr'><strong>quidem</strong></span> <span class='ocrx_word' id='word_1_212' title='bbox 1397 717 1504 751; x_wconf 84' lang='lat' dir='ltr'><strong>Latino,</strong></span> <span class='ocrx_word' id='word_1_213' title='bbox 1521 719 1565 745; x_wconf 82' lang='lat' dir='ltr'><strong>sed</strong></span> <span class='ocrx_word' id='word_1_214' title='bbox 1577 719 1722 745; x_wconf 75' lang='lat' dir='ltr'><strong>necessario</strong></span> <span class='ocrx_word' id='word_1_215' title='bbox 1739 718 1825 750; x_wconf 81' lang='lat' dir='ltr'><strong>verbo,</strong></span> 
     </span>
    </p>
   </div>
   <div class='ocr_carea' id='block_1_28' title="bbox 1040 763 1825 797">
    <p class='ocr_par' dir='ltr' id='par_1_28' title="bbox 1040 763 1825 797">
     <span class='ocr_line' id='line_1_28' title="bbox 1040 763 1825 797; baseline -0.001 -6"><span class='ocrx_word' id='word_1_216' title='bbox 1040 765 1109 791; x_wconf 84' lang='lat' dir='ltr'><strong>sicut</strong></span> <span class='ocrx_word' id='word_1_217' title='bbox 1126 772 1141 790; x_wconf 94' lang='lat' dir='ltr'><strong>a</strong></span> <span class='ocrx_word' id='word_1_218' title='bbox 1158 763 1258 791; x_wconf 68' lang='lat' dir='ltr'><strong>Graecis</strong></span> <span class='ocrx_word' id='word_1_219' title='bbox 1277 764 1386 797; x_wconf 89' lang='lat' dir='ltr'><strong>dicitur,</strong></span> <span class='ocrx_word' id='word_1_220' title='bbox 1403 764 1435 790; x_wconf 89' lang='lat' dir='ltr'><strong>de</strong></span> <span class='ocrx_word' id='word_1_221' title='bbox 1455 763 1671 790; x_wconf 83' lang='lat' dir='ltr'><strong>inhumanatione</strong></span> <span class='ocrx_word' id='word_1_222' title='bbox 1690 763 1755 790; x_wconf 81' lang='lat' dir='ltr'><strong>Filii</strong></span> <span class='ocrx_word' id='word_1_223' title='bbox 1766 763 1825 796; x_wconf 90' lang='lat' dir='ltr'><strong>Dei,</strong></span> 
     </span>
    </p>
   </div>
   <div class='ocr_carea' id='block_1_29' title="bbox 1040 808 1842 844">
    <p class='ocr_par' dir='ltr' id='par_1_29' title="bbox 1040 808 1842 844">
     <span class='ocr_line' id='line_1_29' title="bbox 1040 808 1842 844; baseline 0 -8"><span class='ocrx_word' id='word_1_224' title='bbox 1040 810 1106 836; x_wconf 89' lang='lat' dir='ltr'><strong>duos</strong></span> <span class='ocrx_word' id='word_1_225' title='bbox 1120 818 1177 837; x_wconf 91' lang='lat' dir='ltr'><strong>eum</strong></span> <span class='ocrx_word' id='word_1_226' title='bbox 1194 814 1266 844; x_wconf 86' lang='lat' dir='ltr'><strong>putet</strong></span> <span class='ocrx_word' id='word_1_227' title='bbox 1285 810 1357 844; x_wconf 80' lang='lat' dir='ltr'><strong>ﬁlios</strong></span> <span class='ocrx_word' id='word_1_228' title='bbox 1370 809 1548 843; x_wconf 77' lang='lat' dir='ltr'><strong>prmdicasse?</strong></span> <span class='ocrx_word' id='word_1_229' title='bbox 1563 808 1634 836; x_wconf 80' lang='lat' dir='ltr'><strong>Nam</strong></span> <span class='ocrx_word' id='word_1_230' title='bbox 1646 809 1760 844; x_wconf 87' lang='lat' dir='ltr'><strong>qualiter</strong></span> <span class='ocrx_word' id='word_1_231' title='bbox 1778 809 1842 836; x_wconf 31' lang='lat' dir='ltr'><strong>Fi-‘</strong></span> 
     </span>
    </p>
   </div>
   <div class='ocr_carea' id='block_1_30' title="bbox 1041 854 1828 889">
    <p class='ocr_par' dir='ltr' id='par_1_30' title="bbox 1041 854 1828 889">
     <span class='ocr_line' id='line_1_30' title="bbox 1041 854 1828 889; baseline -0.001 -8"><span class='ocrx_word' id='word_1_232' title='bbox 1041 854 1106 881; x_wconf 89' lang='lat' dir='ltr'><strong>lium</strong></span> <span class='ocrx_word' id='word_1_233' title='bbox 1118 855 1176 886; x_wconf 83' lang='lat' dir='ltr'><strong>Dei,</strong></span> <span class='ocrx_word' id='word_1_234' title='bbox 1193 854 1220 881; x_wconf 90' lang='lat' dir='ltr'><strong>id</strong></span> <span class='ocrx_word' id='word_1_235' title='bbox 1228 859 1266 881; x_wconf 83' lang='lat' dir='ltr'><strong>est</strong></span> <span class='ocrx_word' id='word_1_236' title='bbox 1283 854 1367 881; x_wconf 83' lang='lat' dir='ltr'><strong>Deum</strong></span> <span class='ocrx_word' id='word_1_237' title='bbox 1386 854 1505 887; x_wconf 84' lang='lat' dir='ltr'><strong>Verbum,</strong></span> <span class='ocrx_word' id='word_1_238' title='bbox 1520 862 1570 881; x_wconf 90' lang='lat' dir='ltr'><strong>non</strong></span> <span class='ocrx_word' id='word_1_239' title='bbox 1582 854 1711 880; x_wconf 80' lang='lat' dir='ltr'><strong>hominem</strong></span> <span class='ocrx_word' id='word_1_240' title='bbox 1727 862 1828 889; x_wconf 77' lang='lat' dir='ltr'><strong>quoque</strong></span> 
     </span>
    </p>
   </div>
   <div class='ocr_carea' id='block_1_31' title="bbox 200 893 1828 936">
    <p class='ocr_par' dir='ltr' id='par_1_31' title="bbox 200 893 1828 936">
     <span class='ocr_line' id='line_1_31' title="bbox 200 893 1828 936; baseline 0.001 -11"><span class='ocrx_word' id='word_1_241' title='bbox 200 903 332 933; x_wconf 69' lang='lat' dir='ltr'><strong>praterea</strong></span> <span class='ocrx_word' id='word_1_242' title='bbox 347 907 452 926; x_wconf 86' lang='lat' dir='ltr'><strong>rursum</strong></span> <span class='ocrx_word' id='word_1_243' title='bbox 469 899 502 926; x_wconf 80' lang='lat' dir='ltr'><strong>ab</strong></span> <span class='ocrx_word' id='word_1_244' title='bbox 524 900 701 934; x_wconf 84' lang='lat' dir='ltr'><strong>Apollinario,</strong></span> <span class='ocrx_word' id='word_1_245' title='bbox 714 901 759 935; x_wconf 86' lang='lat' dir='ltr'><strong>qui</strong></span> <span class='ocrx_word' id='word_1_246' title='bbox 778 901 896 935; x_wconf 85' lang='lat' dir='ltr'><strong>princeps</strong></span> <span class='ocrx_word' id='word_1_247' title='bbox 910 900 987 934; x_wconf 81' lang='lat' dir='ltr'><strong>hujus</strong></span> <span class='ocrx_word' id='word_1_248' title='bbox 1006 893 1026 921; x_wconf 77' lang='grc' dir='ltr'><strong>Β</strong></span> <span class='ocrx_word' id='word_1_249' title='bbox 1040 901 1223 936; x_wconf 86' lang='lat' dir='ltr'><strong>diceret,quem</strong></span> <span class='ocrx_word' id='word_1_250' title='bbox 1231 900 1326 927; x_wconf 86' lang='lat' dir='ltr'><strong>diceret</strong></span> <span class='ocrx_word' id='word_1_251' title='bbox 1335 900 1685 928; x_wconf 86' lang='lat' dir='ltr'><strong>inhumanatum?Detitulo</strong></span> <span class='ocrx_word' id='word_1_252' title='bbox 1694 900 1745 927; x_wconf 86' lang='lat' dir='ltr'><strong>hoc</strong></span> <span class='ocrx_word' id='word_1_253' title='bbox 1752 901 1828 934; x_wconf 69' lang='grc' dir='ltr'><strong>Σαρ-</strong></span> 
     </span>
    </p>
   </div>
   <div class='ocr_carea' id='block_1_32' title="bbox 201 944 991 980">
    <p class='ocr_par' dir='ltr' id='par_1_32' title="bbox 201 944 991 980">
     <span class='ocr_line' id='line_1_32' title="bbox 201 944 991 980; baseline 0.003 -10"><span class='ocrx_word' id='word_1_254' title='bbox 201 944 310 972; x_wconf 79' lang='lat' dir='ltr'><strong>Itteresis</strong></span> <span class='ocrx_word' id='word_1_255' title='bbox 334 945 429 978; x_wconf 85' lang='lat' dir='ltr'><strong>fuerat,</strong></span> <span class='ocrx_word' id='word_1_256' title='bbox 453 945 580 978; x_wconf 83' lang='lat' dir='ltr'><strong>instituti,</strong></span> <span class='ocrx_word' id='word_1_257' title='bbox 599 945 719 972; x_wconf 87' lang='lat' dir='ltr'><strong>omnibus</strong></span> <span class='ocrx_word' id='word_1_258' title='bbox 741 945 844 980; x_wconf 79' lang='lat' dir='ltr'><strong>quidem</strong></span> <span class='ocrx_word' id='word_1_259' title='bbox 867 946 991 972; x_wconf 83' lang='lat' dir='ltr'><strong>similiter</strong></span> 
     </span>
    </p>
   </div>
   <div class='ocr_carea' id='block_1_33' title="bbox 201 989 989 1026">
    <p class='ocr_par' dir='ltr' id='par_1_33' title="bbox 201 989 989 1026">
     <span class='ocr_line' id='line_1_33' title="bbox 201 989 989 1026; baseline 0.003 -11"><span class='ocrx_word' id='word_1_260' title='bbox 201 989 373 1016; x_wconf 75' lang='lat' dir='ltr'><strong>sentientibus</strong></span> <span class='ocrx_word' id='word_1_261' title='bbox 384 997 447 1023; x_wconf 87' lang='lat' dir='ltr'><strong>opus</strong></span> <span class='ocrx_word' id='word_1_262' title='bbox 463 995 582 1016; x_wconf 89' lang='lat' dir='ltr'><strong>nostrum</strong></span> <span class='ocrx_word' id='word_1_263' title='bbox 593 991 761 1026; x_wconf 84' lang='lat' dir='ltr'><strong>manifestum</strong></span> <span class='ocrx_word' id='word_1_264' title='bbox 772 991 898 1024; x_wconf 85' lang='lat' dir='ltr'><strong>fecerunt,</strong></span> <span class='ocrx_word' id='word_1_265' title='bbox 907 991 929 1017; x_wconf 79' lang='lat' dir='ltr'><strong>si</strong></span> <span class='ocrx_word' id='word_1_266' title='bbox 939 999 989 1025; x_wconf 87' lang='lat' dir='ltr'><strong>quo</strong></span> 
     </span>
    </p>
   </div>
   <div class='ocr_carea' id='block_1_34' title="bbox 202 1034 990 1069">
    <p class='ocr_par' dir='ltr' id='par_1_34' title="bbox 202 1034 990 1069">
     <span class='ocr_line' id='line_1_34' title="bbox 202 1034 990 1069; baseline 0.003 -9"><span class='ocrx_word' id='word_1_267' title='bbox 202 1034 281 1061; x_wconf 85' lang='lat' dir='ltr'><strong>modo</strong></span> <span class='ocrx_word' id='word_1_268' title='bbox 299 1035 389 1069; x_wconf 88' lang='lat' dir='ltr'><strong>aliqua</strong></span> <span class='ocrx_word' id='word_1_269' title='bbox 403 1035 548 1062; x_wconf 75' lang='lat' dir='ltr'><strong>invenirent</strong></span> <span class='ocrx_word' id='word_1_270' title='bbox 567 1035 682 1062; x_wconf 84' lang='lat' dir='ltr'><strong>valentia</strong></span> <span class='ocrx_word' id='word_1_271' title='bbox 694 1035 728 1062; x_wconf 89' lang='lat' dir='ltr'><strong>ad</strong></span> <span class='ocrx_word' id='word_1_272' title='bbox 742 1036 944 1063; x_wconf 79' lang='lat' dir='ltr'><strong>convincendum</strong></span> <span class='ocrx_word' id='word_1_273' title='bbox 959 1044 990 1063; x_wconf 87' lang='lat' dir='ltr'><strong>ea</strong></span> 
     </span>
    </p>
   </div>
   <div class='ocr_carea' id='block_1_35' title="bbox 201 1080 990 1115">
    <p class='ocr_par' dir='ltr' id='par_1_35' title="bbox 201 1080 990 1115">
     <span class='ocr_line' id='line_1_35' title="bbox 201 1080 990 1115; baseline 0.003 -9"><span class='ocrx_word' id='word_1_274' title='bbox 201 1087 262 1114; x_wconf 74' lang='lat' dir='ltr'><strong>quc</strong></span> <span class='ocrx_word' id='word_1_275' title='bbox 277 1080 306 1106; x_wconf 89' lang='lat' dir='ltr'><strong>in</strong></span> <span class='ocrx_word' id='word_1_276' title='bbox 323 1088 352 1107; x_wconf 89' lang='lat' dir='ltr'><strong>ea</strong></span> <span class='ocrx_word' id='word_1_277' title='bbox 367 1085 428 1107; x_wconf 84' lang='lat' dir='ltr'><strong>sunt</strong></span> <span class='ocrx_word' id='word_1_278' title='bbox 444 1081 553 1115; x_wconf 86' lang='lat' dir='ltr'><strong>scripta.</strong></span> <span class='ocrx_word' id='word_1_279' title='bbox 572 1080 703 1113; x_wconf 82' lang='lat' dir='ltr'><strong>Quoniam</strong></span> <span class='ocrx_word' id='word_1_280' title='bbox 720 1089 779 1108; x_wconf 89' lang='lat' dir='ltr'><strong>vero</strong></span> <span class='ocrx_word' id='word_1_281' title='bbox 794 1082 882 1108; x_wconf 83' lang='lat' dir='ltr'><strong>nullus</strong></span> <span class='ocrx_word' id='word_1_282' title='bbox 899 1086 990 1108; x_wconf 87' lang='lat' dir='ltr'><strong>contra</strong></span> 
     </span>
    </p>
   </div>
   <div class='ocr_carea' id='block_1_36' title="bbox 203 1126 989 1161">
    <p class='ocr_par' dir='ltr' id='par_1_36' title="bbox 203 1126 989 1161">
     <span class='ocr_line' id='line_1_36' title="bbox 203 1126 989 1161; baseline 0.003 -10"><span class='ocrx_word' id='word_1_283' title='bbox 203 1130 335 1152; x_wconf 76' lang='lat' dir='ltr'><strong>certamen</strong></span> <span class='ocrx_word' id='word_1_284' title='bbox 349 1126 453 1160; x_wconf 83' lang='lat' dir='ltr'><strong>scriptis</strong></span> <span class='ocrx_word' id='word_1_285' title='bbox 469 1127 599 1160; x_wconf 79' lang='lat' dir='ltr'><strong>suscipere</strong></span> <span class='ocrx_word' id='word_1_286' title='bbox 616 1127 802 1161; x_wconf 65' lang='lat' dir='ltr'><strong>prarsumebat,</strong></span> <span class='ocrx_word' id='word_1_287' title='bbox 816 1127 916 1154; x_wconf 80' lang='lat' dir='ltr'><strong>imitati</strong></span> <span class='ocrx_word' id='word_1_288' title='bbox 929 1131 989 1154; x_wconf 87' lang='lat' dir='ltr'><strong>sunt</strong></span> 
     </span>
    </p>
   </div>
   <div class='ocr_carea' id='block_1_37' title="bbox 203 1171 990 1208">
    <p class='ocr_par' dir='ltr' id='par_1_37' title="bbox 203 1171 990 1208">
     <span class='ocr_line' id='line_1_37' title="bbox 203 1171 990 1208; baseline 0.004 -11"><span class='ocrx_word' id='word_1_289' title='bbox 203 1171 325 1204; x_wconf 84' lang='lat' dir='ltr'><strong>inﬁrmas</strong></span> <span class='ocrx_word' id='word_1_290' title='bbox 339 1172 452 1199; x_wconf 86' lang='lat' dir='ltr'><strong>athletas</strong></span> <span class='ocrx_word' id='word_1_291' title='bbox 465 1178 490 1198; x_wconf 91' lang='lat' dir='ltr'><strong>et</strong></span> <span class='ocrx_word' id='word_1_292' title='bbox 512 1172 636 1203; x_wconf 86' lang='lat' dir='ltr'><strong>callidos,</strong></span> <span class='ocrx_word' id='word_1_293' title='bbox 663 1174 717 1208; x_wconf 89' lang='lat' dir='ltr'><strong>qui,</strong></span> <span class='ocrx_word' id='word_1_294' title='bbox 735 1173 797 1200; x_wconf 91' lang='lat' dir='ltr'><strong>dum</strong></span> <span class='ocrx_word' id='word_1_295' title='bbox 811 1182 863 1200; x_wconf 85' lang='lat' dir='ltr'><strong>non</strong></span> <span class='ocrx_word' id='word_1_296' title='bbox 881 1177 990 1208; x_wconf 86' lang='lat' dir='ltr'><strong>possunt</strong></span> 
     </span>
    </p>
   </div>
   <div class='ocr_carea' id='block_1_38' title="bbox 203 1217 991 1252">
    <p class='ocr_par' dir='ltr' id='par_1_38' title="bbox 203 1217 991 1252">
     <span class='ocr_line' id='line_1_38' title="bbox 203 1217 991 1252; baseline 0.004 -9"><span class='ocrx_word' id='word_1_297' title='bbox 203 1223 298 1244; x_wconf 87' lang='lat' dir='ltr'><strong>contra</strong></span> <span class='ocrx_word' id='word_1_298' title='bbox 312 1217 434 1252; x_wconf 85' lang='lat' dir='ltr'><strong>fortiores</strong></span> <span class='ocrx_word' id='word_1_299' title='bbox 449 1224 560 1250; x_wconf 88' lang='lat' dir='ltr'><strong>certare,</strong></span> <span class='ocrx_word' id='word_1_300' title='bbox 575 1219 679 1246; x_wconf 86' lang='lat' dir='ltr'><strong>insidiis</strong></span> <span class='ocrx_word' id='word_1_301' title='bbox 692 1227 735 1246; x_wconf 91' lang='lat' dir='ltr'><strong>eos</strong></span> <span class='ocrx_word' id='word_1_302' title='bbox 753 1224 777 1246; x_wconf 89' lang='lat' dir='ltr'><strong>et</strong></span> <span class='ocrx_word' id='word_1_303' title='bbox 793 1220 991 1246; x_wconf 86' lang='lat' dir='ltr'><strong>machinamen-</strong></span> 
     </span>
    </p>
   </div>
   <div class='ocr_carea' id='block_1_39' title="bbox 205 1263 991 1300">
    <p class='ocr_par' dir='ltr' id='par_1_39' title="bbox 205 1263 991 1300">
     <span class='ocr_line' id='line_1_39' title="bbox 205 1263 991 1300; baseline 0.003 -11"><span class='ocrx_word' id='word_1_304' title='bbox 205 1263 240 1290; x_wconf 87' lang='lat' dir='ltr'><strong>tis</strong></span> <span class='ocrx_word' id='word_1_305' title='bbox 266 1263 360 1298; x_wconf 85' lang='lat' dir='ltr'><strong>quibus</strong></span> <span class='ocrx_word' id='word_1_306' title='bbox 383 1269 494 1297; x_wconf 86' lang='lat' dir='ltr'><strong>possunt</strong></span> <span class='ocrx_word' id='word_1_307' title='bbox 521 1269 651 1291; x_wconf 83' lang='lat' dir='ltr'><strong>conantur</strong></span> <span class='ocrx_word' id='word_1_308' title='bbox 676 1269 796 1291; x_wconf 77' lang='lat' dir='ltr'><strong>evertere.</strong></span> <span class='ocrx_word' id='word_1_309' title='bbox 825 1264 991 1300; x_wconf 85' lang='lat' dir='ltr'><strong>Scripserunt</strong></span> 
     </span>
    </p>
   </div>
   <div class='ocr_carea' id='block_1_40' title="bbox 204 1308 992 1346">
    <p class='ocr_par' dir='ltr' id='par_1_40' title="bbox 204 1308 992 1346">
     <span class='ocr_line' id='line_1_40' title="bbox 204 1308 992 1346; baseline 0.005 -12"><span class='ocrx_word' id='word_1_310' title='bbox 204 1308 275 1335; x_wconf 80' lang='lat' dir='ltr'><strong>enim</strong></span> <span class='ocrx_word' id='word_1_311' title='bbox 289 1310 338 1343; x_wconf 85' lang='lat' dir='ltr'><strong>ipsi</strong></span> <span class='ocrx_word' id='word_1_312' title='bbox 354 1310 423 1337; x_wconf 87' lang='lat' dir='ltr'><strong>inter</strong></span> <span class='ocrx_word' id='word_1_313' title='bbox 435 1318 463 1337; x_wconf 82' lang='lat' dir='ltr'><strong>se</strong></span> <span class='ocrx_word' id='word_1_314' title='bbox 479 1311 662 1344; x_wconf 88' lang='lat' dir='ltr'><strong>proculdubio</strong></span> <span class='ocrx_word' id='word_1_315' title='bbox 679 1311 801 1345; x_wconf 71' lang='lat' dir='ltr'><strong>qua-dam</strong></span> <span class='ocrx_word' id='word_1_316' title='bbox 817 1312 915 1346; x_wconf 85' lang='lat' dir='ltr'><strong>inepta,</strong></span> <span class='ocrx_word' id='word_1_317' title='bbox 934 1319 992 1346; x_wconf 78' lang='lat' dir='ltr'><strong>qua:</strong></span> 
     </span>
    </p>
   </div>
   <div class='ocr_carea' id='block_1_41' title="bbox 205 1354 992 1391">
    <p class='ocr_par' dir='ltr' id='par_1_41' title="bbox 205 1354 992 1391">
     <span class='ocr_line' id='line_1_41' title="bbox 205 1354 992 1391; baseline 0.004 -11"><span class='ocrx_word' id='word_1_318' title='bbox 205 1363 221 1380; x_wconf 70' lang='grc' dir='ltr'><strong>τι</strong></span> <span class='ocrx_word' id='word_1_319' title='bbox 237 1354 311 1381; x_wconf 88' lang='lat' dir='ltr'><strong>nobis</strong></span> <span class='ocrx_word' id='word_1_320' title='bbox 323 1363 438 1389; x_wconf 87' lang='lat' dir='ltr'><strong>unquam</strong></span> <span class='ocrx_word' id='word_1_321' title='bbox 452 1356 560 1382; x_wconf 82' lang='lat' dir='ltr'><strong>minime</strong></span> <span class='ocrx_word' id='word_1_322' title='bbox 569 1356 727 1383; x_wconf 85' lang='lat' dir='ltr'><strong>dicerentur.</strong></span> <span class='ocrx_word' id='word_1_323' title='bbox 739 1357 856 1391; x_wconf 82' lang='lat' dir='ltr'><strong>Denique</strong></span> <span class='ocrx_word' id='word_1_324' title='bbox 871 1357 924 1384; x_wconf 73' lang='lat' dir='ltr'><strong>lucc</strong></span> <span class='ocrx_word' id='word_1_325' title='bbox 936 1357 992 1391; x_wconf 86' lang='lat' dir='ltr'><strong>ipsa</strong></span> 
     </span>
    </p>
   </div>
   <div class='ocr_carea' id='block_1_42' title="bbox 205 1401 993 1437">
    <p class='ocr_par' dir='ltr' id='par_1_42' title="bbox 205 1401 993 1437">
     <span class='ocr_line' id='line_1_42' title="bbox 205 1401 993 1437; baseline 0.004 -10"><span class='ocrx_word' id='word_1_326' title='bbox 205 1401 232 1427; x_wconf 89' lang='lat' dir='ltr'><strong>in</strong></span> <span class='ocrx_word' id='word_1_327' title='bbox 248 1401 332 1428; x_wconf 88' lang='lat' dir='ltr'><strong>medio</strong></span> <span class='ocrx_word' id='word_1_328' title='bbox 351 1406 502 1428; x_wconf 88' lang='lat' dir='ltr'><strong>nostrorum</strong></span> <span class='ocrx_word' id='word_1_329' title='bbox 519 1402 674 1436; x_wconf 87' lang='lat' dir='ltr'><strong>scriptorum</strong></span> <span class='ocrx_word' id='word_1_330' title='bbox 687 1403 715 1429; x_wconf 91' lang='lat' dir='ltr'><strong>in</strong></span> <span class='ocrx_word' id='word_1_331' title='bbox 729 1403 842 1437; x_wconf 87' lang='lat' dir='ltr'><strong>quadam</strong></span> <span class='ocrx_word' id='word_1_332' title='bbox 863 1408 937 1437; x_wconf 85' lang='lat' dir='ltr'><strong>parte</strong></span> <span class='ocrx_word' id='word_1_333' title='bbox 951 1404 993 1430; x_wconf 85' lang='lat' dir='ltr'><strong>in-</strong></span> 
     </span>
    </p>
   </div>
   <div class='ocr_carea' id='block_1_43' title="bbox 206 1448 992 1482">
    <p class='ocr_par' dir='ltr' id='par_1_43' title="bbox 206 1448 992 1482">
     <span class='ocr_line' id='line_1_43' title="bbox 206 1448 992 1482; baseline 0.004 -9"><span class='ocrx_word' id='word_1_334' title='bbox 206 1451 398 1480; x_wconf 83' lang='lat' dir='ltr'><strong>terposuerunt,</strong></span> <span class='ocrx_word' id='word_1_335' title='bbox 413 1452 438 1474; x_wconf 88' lang='lat' dir='ltr'><strong>et</strong></span> <span class='ocrx_word' id='word_1_336' title='bbox 459 1448 515 1475; x_wconf 85' lang='lat' dir='ltr'><strong>suis</strong></span> <span class='ocrx_word' id='word_1_337' title='bbox 528 1448 708 1482; x_wconf 83' lang='lat' dir='ltr'><strong>familiaribus</strong></span> <span class='ocrx_word' id='word_1_338' title='bbox 730 1449 992 1482; x_wconf 78' lang='lat' dir='ltr'><strong>demonstraverunt;</strong></span> 
     </span>
    </p>
   </div>
   <div class='ocr_carea' id='block_1_44' title="bbox 206 1492 992 1529">
    <p class='ocr_par' dir='ltr' id='par_1_44' title="bbox 206 1492 992 1529">
     <span class='ocr_line' id='line_1_44' title="bbox 206 1492 992 1529; baseline 0 -10"><span class='ocrx_word' id='word_1_339' title='bbox 206 1492 350 1527; x_wconf 76' lang='lat' dir='ltr'><strong>aliquando</strong></span> <span class='ocrx_word' id='word_1_340' title='bbox 365 1498 452 1520; x_wconf 89' lang='lat' dir='ltr'><strong>autem</strong></span> <span class='ocrx_word' id='word_1_341' title='bbox 465 1499 488 1520; x_wconf 87' lang='lat' dir='ltr'><strong>et</strong></span> <span class='ocrx_word' id='word_1_342' title='bbox 501 1495 609 1526; x_wconf 81' lang='lat' dir='ltr'><strong>nostris,</strong></span> <span class='ocrx_word' id='word_1_343' title='bbox 625 1495 670 1529; x_wconf 87' lang='lat' dir='ltr'><strong>qui</strong></span> <span class='ocrx_word' id='word_1_344' title='bbox 686 1502 732 1529; x_wconf 86' lang='lat' dir='ltr'><strong>per</strong></span> <span class='ocrx_word' id='word_1_345' title='bbox 746 1494 904 1528; x_wconf 80' lang='lat' dir='ltr'><strong>facilitatem</strong></span> <span class='ocrx_word' id='word_1_346' title='bbox 916 1502 992 1520; x_wconf 88' lang='lat' dir='ltr'><strong>suam</strong></span> 
     </span>
    </p>
   </div>
   <div class='ocr_carea' id='block_1_45' title="bbox 207 1539 993 1575">
    <p class='ocr_par' dir='ltr' id='par_1_45' title="bbox 207 1539 993 1575">
     <span class='ocr_line' id='line_1_45' title="bbox 207 1539 993 1575; baseline 0.001 -10"><span class='ocrx_word' id='word_1_347' title='bbox 207 1539 297 1566; x_wconf 87' lang='lat' dir='ltr'><strong>omnia</strong></span> <span class='ocrx_word' id='word_1_348' title='bbox 314 1540 405 1573; x_wconf 84' lang='lat' dir='ltr'><strong>pronis</strong></span> <span class='ocrx_word' id='word_1_349' title='bbox 425 1540 521 1566; x_wconf 85' lang='lat' dir='ltr'><strong>animis</strong></span> <span class='ocrx_word' id='word_1_350' title='bbox 538 1539 690 1573; x_wconf 87' lang='lat' dir='ltr'><strong>audiebant,</strong></span> <span class='ocrx_word' id='word_1_351' title='bbox 706 1544 730 1566; x_wconf 92' lang='lat' dir='ltr'><strong>et</strong></span> <span class='ocrx_word' id='word_1_352' title='bbox 750 1540 798 1567; x_wconf 89' lang='lat' dir='ltr'><strong>hoc</strong></span> <span class='ocrx_word' id='word_1_353' title='bbox 817 1541 893 1575; x_wconf 76' lang='lat' dir='ltr'><strong>quasi</strong></span> <span class='ocrx_word' id='word_1_354' title='bbox 912 1540 993 1567; x_wconf 89' lang='lat' dir='ltr'><strong>docu-</strong></span> 
     </span>
    </p>
   </div>
   <div class='ocr_carea' id='block_1_46' title="bbox 207 1585 993 1620">
    <p class='ocr_par' dir='ltr' id='par_1_46' title="bbox 207 1585 993 1620">
     <span class='ocr_line' id='line_1_46' title="bbox 207 1585 993 1620; baseline 0.003 -10"><span class='ocrx_word' id='word_1_355' title='bbox 207 1590 335 1618; x_wconf 85' lang='lat' dir='ltr'><strong>mentum,</strong></span> <span class='ocrx_word' id='word_1_356' title='bbox 351 1586 417 1612; x_wconf 83' lang='lat' dir='ltr'><strong>sicut</strong></span> <span class='ocrx_word' id='word_1_357' title='bbox 428 1585 567 1620; x_wconf 85' lang='lat' dir='ltr'><strong>putabant,</strong></span> <span class='ocrx_word' id='word_1_358' title='bbox 581 1590 678 1613; x_wconf 78' lang='lat' dir='ltr'><strong>nostrte</strong></span> <span class='ocrx_word' id='word_1_359' title='bbox 689 1586 993 1620; x_wconf 83' lang='lat' dir='ltr'><strong>impietatis,videntibus</strong></span> 
     </span>
    </p>
   </div>
   <div class='ocr_carea' id='block_1_47' title="bbox 206 1631 994 1666">
    <p class='ocr_par' dir='ltr' id='par_1_47' title="bbox 206 1631 994 1666">
     <span class='ocr_line' id='line_1_47' title="bbox 206 1631 994 1666; baseline 0.001 -8"><span class='ocrx_word' id='word_1_360' title='bbox 206 1631 368 1665; x_wconf 72' lang='lat' dir='ltr'><strong>prwbebant.</strong></span> <span class='ocrx_word' id='word_1_361' title='bbox 391 1631 478 1658; x_wconf 88' lang='lat' dir='ltr'><strong>Unum</strong></span> <span class='ocrx_word' id='word_1_362' title='bbox 502 1636 589 1658; x_wconf 84' lang='lat' dir='ltr'><strong>autent</strong></span> <span class='ocrx_word' id='word_1_363' title='bbox 604 1639 635 1658; x_wconf 79' lang='lat' dir='ltr'><strong>e1:</strong></span> <span class='ocrx_word' id='word_1_364' title='bbox 657 1632 697 1658; x_wconf 85' lang='lat' dir='ltr'><strong>Itis</strong></span> <span class='ocrx_word' id='word_1_365' title='bbox 714 1632 819 1666; x_wconf 82' lang='lat' dir='ltr'><strong>scriptis</strong></span> <span class='ocrx_word' id='word_1_366' title='bbox 841 1637 910 1664; x_wconf 85' lang='lat' dir='ltr'><strong>erat,</strong></span> <span class='ocrx_word' id='word_1_367' title='bbox 928 1633 994 1659; x_wconf 85' lang='lat' dir='ltr'><strong>duos</strong></span> 
     </span>
    </p>
   </div>
   <div class='ocr_carea' id='block_1_48' title="bbox 207 1677 993 1712">
    <p class='ocr_par' dir='ltr' id='par_1_48' title="bbox 207 1677 993 1712">
     <span class='ocr_line' id='line_1_48' title="bbox 207 1677 993 1712; baseline 0.001 -9"><span class='ocrx_word' id='word_1_368' title='bbox 207 1677 279 1711; x_wconf 86' lang='lat' dir='ltr'><strong>ﬁlios</strong></span> <span class='ocrx_word' id='word_1_369' title='bbox 293 1677 387 1704; x_wconf 80' lang='lat' dir='ltr'><strong>dicere.</strong></span> <span class='ocrx_word' id='word_1_370' title='bbox 405 1677 451 1704; x_wconf 88' lang='lat' dir='ltr'><strong>Sic</strong></span> <span class='ocrx_word' id='word_1_371' title='bbox 470 1677 538 1704; x_wconf 89' lang='lat' dir='ltr'><strong>enim</strong></span> <span class='ocrx_word' id='word_1_372' title='bbox 554 1686 600 1704; x_wconf 87' lang='lat' dir='ltr'><strong>nos</strong></span> <span class='ocrx_word' id='word_1_373' title='bbox 617 1678 732 1712; x_wconf 61' lang='lat' dir='ltr'><strong>fecerunt</strong></span> <span class='ocrx_word' id='word_1_374' title='bbox 748 1679 774 1704; x_wconf 88' lang='lat' dir='ltr'><strong>in</strong></span> <span class='ocrx_word' id='word_1_375' title='bbox 797 1678 846 1704; x_wconf 88' lang='lat' dir='ltr'><strong>ltoc</strong></span> <span class='ocrx_word' id='word_1_376' title='bbox 864 1686 939 1712; x_wconf 88' lang='lat' dir='ltr'><strong>opere</strong></span> <span class='ocrx_word' id='word_1_377' title='bbox 951 1678 993 1704; x_wconf 91' lang='lat' dir='ltr'><strong>di-</strong></span> 
     </span>
    </p>
   </div>
   <div class='ocr_carea' id='block_1_49' title="bbox 207 1721 994 1758">
    <p class='ocr_par' dir='ltr' id='par_1_49' title="bbox 207 1721 994 1758">
     <span class='ocr_line' id='line_1_49' title="bbox 207 1721 994 1758; baseline 0.003 -10"><span class='ocrx_word' id='word_1_378' title='bbox 207 1726 306 1753; x_wconf 83' lang='lat' dir='ltr'><strong>centes,</strong></span> <span class='ocrx_word' id='word_1_379' title='bbox 322 1721 392 1756; x_wconf 88' lang='lat' dir='ltr'><strong>quod</strong></span> <span class='ocrx_word' id='word_1_380' title='bbox 406 1727 525 1755; x_wconf 83' lang='lat' dir='ltr'><strong>oporteat</strong></span> <span class='ocrx_word' id='word_1_381' title='bbox 537 1727 631 1757; x_wconf 84' lang='lat' dir='ltr'><strong>putare</strong></span> <span class='ocrx_word' id='word_1_382' title='bbox 647 1728 670 1749; x_wconf 91' lang='lat' dir='ltr'><strong>et</strong></span> <span class='ocrx_word' id='word_1_383' title='bbox 687 1723 774 1750; x_wconf 89' lang='lat' dir='ltr'><strong>dicere</strong></span> <span class='ocrx_word' id='word_1_384' title='bbox 785 1723 852 1750; x_wconf 81' lang='lat' dir='ltr'><strong>duos</strong></span> <span class='ocrx_word' id='word_1_385' title='bbox 873 1723 954 1758; x_wconf 84' lang='lat' dir='ltr'><strong>ﬁlios,</strong></span> <span class='ocrx_word' id='word_1_386' title='bbox 970 1728 994 1750; x_wconf 92' lang='lat' dir='ltr'><strong>et</strong></span> 
     </span>
    </p>
   </div>
   <div class='ocr_carea' id='block_1_50' title="bbox 208 1766 995 1802">
    <p class='ocr_par' dir='ltr' id='par_1_50' title="bbox 208 1766 995 1802">
     <span class='ocr_line' id='line_1_50' title="bbox 208 1766 995 1802; baseline 0.003 -10"><span class='ocrx_word' id='word_1_387' title='bbox 208 1766 368 1793; x_wconf 68' lang='lat' dir='ltr'><strong>vehementer</strong></span> <span class='ocrx_word' id='word_1_388' title='bbox 388 1775 434 1793; x_wconf 80' lang='lat' dir='ltr'><strong>nos</strong></span> <span class='ocrx_word' id='word_1_389' title='bbox 449 1767 528 1793; x_wconf 84' lang='lat' dir='ltr'><strong>istum</strong></span> <span class='ocrx_word' id='word_1_390' title='bbox 544 1775 689 1794; x_wconf 83' lang='lat' dir='ltr'><strong>sermonem</strong></span> <span class='ocrx_word' id='word_1_391' title='bbox 704 1767 851 1802; x_wconf 79' lang='lat' dir='ltr'><strong>defendere,</strong></span> <span class='ocrx_word' id='word_1_392' title='bbox 864 1769 926 1794; x_wconf 85' lang='lat' dir='ltr'><strong>dum</strong></span> <span class='ocrx_word' id='word_1_393' title='bbox 948 1776 995 1794; x_wconf 86' lang='lat' dir='ltr'><strong>nos</strong></span> 
     </span>
    </p>
   </div>
   <div class='ocr_carea' id='block_1_51' title="bbox 208 1811 996 1848">
    <p class='ocr_par' dir='ltr' id='par_1_51' title="bbox 208 1811 996 1848">
     <span class='ocr_line' id='line_1_51' title="bbox 208 1811 996 1848; baseline 0.003 -10"><span class='ocrx_word' id='word_1_394' title='bbox 208 1812 236 1838; x_wconf 90' lang='lat' dir='ltr'><strong>in</strong></span> <span class='ocrx_word' id='word_1_395' title='bbox 246 1811 295 1838; x_wconf 85' lang='lat' dir='ltr'><strong>illa</strong></span> <span class='ocrx_word' id='word_1_396' title='bbox 307 1812 438 1845; x_wconf 87' lang='lat' dir='ltr'><strong>scriptura</strong></span> <span class='ocrx_word' id='word_1_397' title='bbox 447 1811 541 1846; x_wconf 88' lang='lat' dir='ltr'><strong>ubique</strong></span> <span class='ocrx_word' id='word_1_398' title='bbox 551 1812 689 1847; x_wconf 85' lang='lat' dir='ltr'><strong>manifeste</strong></span> <span class='ocrx_word' id='word_1_399' title='bbox 699 1812 856 1843; x_wconf 83' lang='lat' dir='ltr'><strong>diceremus.</strong></span> <span class='ocrx_word' id='word_1_400' title='bbox 865 1813 934 1848; x_wconf 90' lang='lat' dir='ltr'><strong>quod</strong></span> <span class='ocrx_word' id='word_1_401' title='bbox 944 1821 996 1840; x_wconf 88' lang='lat' dir='ltr'><strong>non</strong></span> 
     </span>
    </p>
   </div>
   <div class='ocr_carea' id='block_1_52' title="bbox 209 1857 996 1893">
    <p class='ocr_par' dir='ltr' id='par_1_52' title="bbox 209 1857 996 1893">
     <span class='ocr_line' id='line_1_52' title="bbox 209 1857 996 1893; baseline 0.003 -10"><span class='ocrx_word' id='word_1_402' title='bbox 209 1861 327 1892; x_wconf 84' lang='lat' dir='ltr'><strong>oporteat</strong></span> <span class='ocrx_word' id='word_1_403' title='bbox 339 1857 404 1884; x_wconf 84' lang='lat' dir='ltr'><strong>duos</strong></span> <span class='ocrx_word' id='word_1_404' title='bbox 413 1858 484 1892; x_wconf 86' lang='lat' dir='ltr'><strong>ﬁlios</strong></span> <span class='ocrx_word' id='word_1_405' title='bbox 491 1858 587 1885; x_wconf 87' lang='lat' dir='ltr'><strong>dicere.</strong></span> <span class='ocrx_word' id='word_1_406' title='bbox 596 1858 707 1885; x_wconf 80' lang='lat' dir='ltr'><strong>Necesse</strong></span> <span class='ocrx_word' id='word_1_407' title='bbox 714 1863 769 1885; x_wconf 89' lang='lat' dir='ltr'><strong>erat</strong></span> <span class='ocrx_word' id='word_1_408' title='bbox 781 1866 899 1893; x_wconf 86' lang='lat' dir='ltr'><strong>ergonon</strong></span> <span class='ocrx_word' id='word_1_409' title='bbox 911 1859 996 1886; x_wconf 86' lang='lat' dir='ltr'><strong>solum</strong></span> 
     </span>
    </p>
   </div>
   <div class='ocr_carea' id='block_1_53' title="bbox 209 1903 997 1938">
    <p class='ocr_par' dir='ltr' id='par_1_53' title="bbox 209 1903 997 1938">
     <span class='ocr_line' id='line_1_53' title="bbox 209 1903 997 1938; baseline 0.001 -9"><span class='ocrx_word' id='word_1_410' title='bbox 209 1903 308 1936; x_wconf 84' lang='lat' dir='ltr'><strong>inepta,</strong></span> <span class='ocrx_word' id='word_1_411' title='bbox 327 1903 372 1930; x_wconf 86' lang='lat' dir='ltr'><strong>sed</strong></span> <span class='ocrx_word' id='word_1_412' title='bbox 385 1904 466 1930; x_wconf 82' lang='lat' dir='ltr'><strong>etiam</strong></span> <span class='ocrx_word' id='word_1_413' title='bbox 482 1904 589 1938; x_wconf 87' lang='lat' dir='ltr'><strong>inﬁrma</strong></span> <span class='ocrx_word' id='word_1_414' title='bbox 601 1904 649 1930; x_wconf 88' lang='lat' dir='ltr'><strong>illa</strong></span> <span class='ocrx_word' id='word_1_415' title='bbox 661 1904 760 1938; x_wconf 88' lang='lat' dir='ltr'><strong>scripta</strong></span> <span class='ocrx_word' id='word_1_416' title='bbox 773 1904 938 1931; x_wconf 84' lang='lat' dir='ltr'><strong>audientibus</strong></span> <span class='ocrx_word' id='word_1_417' title='bbox 950 1912 997 1938; x_wconf 82' lang='lat' dir='ltr'><strong>ap-</strong></span> 
     </span>
    </p>
   </div>
   <div class='ocr_carea' id='block_1_54' title="bbox 209 1949 997 1984">
    <p class='ocr_par' dir='ltr' id='par_1_54' title="bbox 209 1949 997 1984">
     <span class='ocr_line' id='line_1_54' title="bbox 209 1949 997 1984; baseline 0.003 -9"><span class='ocrx_word' id='word_1_418' title='bbox 209 1957 311 1983; x_wconf 80' lang='lat' dir='ltr'><strong>parere,</strong></span> <span class='ocrx_word' id='word_1_419' title='bbox 332 1949 456 1983; x_wconf 87' lang='lat' dir='ltr'><strong>quoniam</strong></span> <span class='ocrx_word' id='word_1_420' title='bbox 479 1957 560 1984; x_wconf 85' lang='lat' dir='ltr'><strong>neque</strong></span> <span class='ocrx_word' id='word_1_421' title='bbox 579 1950 657 1982; x_wconf 85' lang='lat' dir='ltr'><strong>ﬁrma</strong></span> <span class='ocrx_word' id='word_1_422' title='bbox 680 1950 783 1976; x_wconf 87' lang='lat' dir='ltr'><strong>ratione</strong></span> <span class='ocrx_word' id='word_1_423' title='bbox 807 1957 888 1984; x_wconf 78' lang='lat' dir='ltr'><strong>neque</strong></span> <span class='ocrx_word' id='word_1_424' title='bbox 906 1958 997 1977; x_wconf 84' lang='lat' dir='ltr'><strong>conre-</strong></span> 
     </span>
    </p>
   </div>
   <div class='ocr_carea' id='block_1_55' title="bbox 210 1994 996 2029">
    <p class='ocr_par' dir='ltr' id='par_1_55' title="bbox 210 1994 996 2029">
     <span class='ocr_line' id='line_1_55' title="bbox 210 1994 996 2029; baseline 0.001 -8"><span class='ocrx_word' id='word_1_425' title='bbox 210 1994 292 2022; x_wconf 84' lang='lat' dir='ltr'><strong>nienti</strong></span> <span class='ocrx_word' id='word_1_426' title='bbox 312 1994 360 2021; x_wconf 85' lang='lat' dir='ltr'><strong>hoc</strong></span> <span class='ocrx_word' id='word_1_427' title='bbox 380 1995 506 2029; x_wconf 77' lang='lat' dir='ltr'><strong>possibile</strong></span> <span class='ocrx_word' id='word_1_428' title='bbox 521 1999 578 2022; x_wconf 88' lang='lat' dir='ltr'><strong>erat</strong></span> <span class='ocrx_word' id='word_1_429' title='bbox 597 1995 714 2026; x_wconf 83' lang='lat' dir='ltr'><strong>ostendi;</strong></span> <span class='ocrx_word' id='word_1_430' title='bbox 733 2000 758 2022; x_wconf 89' lang='lat' dir='ltr'><strong>et</strong></span> <span class='ocrx_word' id='word_1_431' title='bbox 780 1995 811 2022; x_wconf 89' lang='lat' dir='ltr'><strong>ab</strong></span> <span class='ocrx_word' id='word_1_432' title='bbox 824 1995 878 2022; x_wconf 83' lang='lat' dir='ltr'><strong>illis</strong></span> <span class='ocrx_word' id='word_1_433' title='bbox 898 1995 996 2022; x_wconf 86' lang='lat' dir='ltr'><strong>idcirco</strong></span> 
     </span>
    </p>
   </div>
   <div class='ocr_carea' id='block_1_56' title="bbox 210 2041 997 2078">
    <p class='ocr_par' dir='ltr' id='par_1_56' title="bbox 210 2041 997 2078">
     <span class='ocr_line' id='line_1_56' title="bbox 210 2041 997 2078; baseline 0.004 -11"><span class='ocrx_word' id='word_1_434' title='bbox 210 2041 324 2074; x_wconf 82' lang='lat' dir='ltr'><strong>infirmis</strong></span> <span class='ocrx_word' id='word_1_435' title='bbox 340 2045 399 2068; x_wconf 87' lang='lat' dir='ltr'><strong>erat</strong></span> <span class='ocrx_word' id='word_1_436' title='bbox 416 2041 603 2074; x_wconf 83' lang='lat' dir='ltr'><strong>conscriptum,</strong></span> <span class='ocrx_word' id='word_1_437' title='bbox 624 2047 752 2076; x_wconf 81' lang='lat' dir='ltr'><strong>quatenus</strong></span> <span class='ocrx_word' id='word_1_438' title='bbox 771 2043 815 2069; x_wconf 90' lang='lat' dir='ltr'><strong>ille</strong></span> <span class='ocrx_word' id='word_1_439' title='bbox 829 2043 873 2078; x_wconf 87' lang='lat' dir='ltr'><strong>qui</strong></span> <span class='ocrx_word' id='word_1_440' title='bbox 885 2044 997 2078; x_wconf 84' lang='lat' dir='ltr'><strong>scripse-</strong></span> 
     </span>
    </p>
   </div>
   <div class='ocr_carea' id='block_1_57' title="bbox 211 2088 998 2125">
    <p class='ocr_par' dir='ltr' id='par_1_57' title="bbox 211 2088 998 2125">
     <span class='ocr_line' id='line_1_57' title="bbox 211 2088 998 2125; baseline 0.003 -11"><span class='ocrx_word' id='word_1_441' title='bbox 211 2092 265 2120; x_wconf 86' lang='lat' dir='ltr'><strong>rat,</strong></span> <span class='ocrx_word' id='word_1_442' title='bbox 282 2088 387 2122; x_wconf 88' lang='lat' dir='ltr'><strong>facilius</strong></span> <span class='ocrx_word' id='word_1_443' title='bbox 404 2088 464 2115; x_wconf 89' lang='lat' dir='ltr'><strong>inde</strong></span> <span class='ocrx_word' id='word_1_444' title='bbox 488 2089 606 2115; x_wconf 74' lang='lat' dir='ltr'><strong>convinci</strong></span> <span class='ocrx_word' id='word_1_445' title='bbox 630 2090 766 2123; x_wconf 82' lang='lat' dir='ltr'><strong>potuisset.</strong></span> <span class='ocrx_word' id='word_1_446' title='bbox 788 2089 863 2117; x_wconf 88' lang='lat' dir='ltr'><strong>Unus</strong></span> <span class='ocrx_word' id='word_1_447' title='bbox 889 2099 950 2125; x_wconf 84' lang='lat' dir='ltr'><strong>ergo</strong></span> <span class='ocrx_word' id='word_1_448' title='bbox 965 2098 998 2117; x_wconf 72' lang='lat' dir='ltr'><strong>ea:</strong></span> 
     </span>
    </p>
   </div>
   <div class='ocr_carea' id='block_1_58' title="bbox 211 2135 997 2170">
    <p class='ocr_par' dir='ltr' id='par_1_58' title="bbox 211 2135 997 2170">
     <span class='ocr_line' id='line_1_58' title="bbox 211 2135 997 2170; baseline 0.001 -8"><span class='ocrx_word' id='word_1_449' title='bbox 211 2136 309 2162; x_wconf 80' lang='lat' dir='ltr'><strong>nostris</strong></span> <span class='ocrx_word' id='word_1_450' title='bbox 333 2139 439 2169; x_wconf 85' lang='lat' dir='ltr'><strong>propter</strong></span> <span class='ocrx_word' id='word_1_451' title='bbox 456 2135 566 2161; x_wconf 88' lang='lat' dir='ltr'><strong>multam</strong></span> <span class='ocrx_word' id='word_1_452' title='bbox 581 2135 739 2170; x_wconf 80' lang='lat' dir='ltr'><strong>facilitatem</strong></span> <span class='ocrx_word' id='word_1_453' title='bbox 753 2136 807 2163; x_wconf 76' lang='lat' dir='ltr'><strong>hwc</strong></span> <span class='ocrx_word' id='word_1_454' title='bbox 824 2142 916 2163; x_wconf 88' lang='lat' dir='ltr'><strong>nostra</strong></span> <span class='ocrx_word' id='word_1_455' title='bbox 941 2145 997 2163; x_wconf 86' lang='lat' dir='ltr'><strong>esse</strong></span> 
     </span>
    </p>
   </div>
   <div class='ocr_carea' id='block_1_59' title="bbox 212 2180 996 2216">
    <p class='ocr_par' dir='ltr' id='par_1_59' title="bbox 212 2180 996 2216">
     <span class='ocr_line' id='line_1_59' title="bbox 212 2180 996 2216; baseline 0.001 -9"><span class='ocrx_word' id='word_1_456' title='bbox 212 2180 322 2207; x_wconf 86' lang='lat' dir='ltr'><strong>credidit</strong></span> <span class='ocrx_word' id='word_1_457' title='bbox 338 2181 448 2214; x_wconf 84' lang='lat' dir='ltr'><strong>scripta,</strong></span> <span class='ocrx_word' id='word_1_458' title='bbox 471 2184 496 2207; x_wconf 88' lang='lat' dir='ltr'><strong>et</strong></span> <span class='ocrx_word' id='word_1_459' title='bbox 513 2180 590 2214; x_wconf 86' lang='lat' dir='ltr'><strong>hujus</strong></span> <span class='ocrx_word' id='word_1_460' title='bbox 612 2181 650 2207; x_wconf 86' lang='lat' dir='ltr'><strong>rei</strong></span> <span class='ocrx_word' id='word_1_461' title='bbox 671 2182 759 2215; x_wconf 84' lang='lat' dir='ltr'><strong>gratia</strong></span> <span class='ocrx_word' id='word_1_462' title='bbox 783 2181 877 2216; x_wconf 84' lang='lat' dir='ltr'><strong>dignus</strong></span> <span class='ocrx_word' id='word_1_463' title='bbox 899 2182 950 2216; x_wconf 87' lang='lat' dir='ltr'><strong>ﬁde</strong></span> <span class='ocrx_word' id='word_1_464' title='bbox 965 2183 996 2208; x_wconf 87' lang='lat' dir='ltr'><strong>ab</strong></span> 
     </span>
    </p>
   </div>
   <div class='ocr_carea' id='block_1_60' title="bbox 1041 945 1827 980">
    <p class='ocr_par' dir='ltr' id='par_1_60' title="bbox 1041 945 1827 980">
     <span class='ocr_line' id='line_1_60' title="bbox 1041 945 1827 980; baseline 0.001 -8"><span class='ocrx_word' id='word_1_465' title='bbox 1041 946 1159 979; x_wconf 79' lang='grc' dir='ltr'><strong>κώσεως</strong></span> <span class='ocrx_word' id='word_1_466' title='bbox 1165 946 1212 972; x_wconf 81' lang='grc' dir='ltr'><strong>καὶ</strong></span> <span class='ocrx_word' id='word_1_467' title='bbox 1221 945 1484 980; x_wconf 77' lang='grc' dir='ltr'><strong>ἐνανϐρωπήσεως,</strong></span> <span class='ocrx_word' id='word_1_468' title='bbox 1492 951 1519 974; x_wconf 88' lang='lat' dir='ltr'><strong>et</strong></span> <span class='ocrx_word' id='word_1_469' title='bbox 1527 946 1598 974; x_wconf 85' lang='lat' dir='ltr'><strong>deeo</strong></span> <span class='ocrx_word' id='word_1_470' title='bbox 1612 947 1682 973; x_wconf 86' lang='lat' dir='ltr'><strong>inter</strong></span> <span class='ocrx_word' id='word_1_471' title='bbox 1697 945 1827 973; x_wconf 87' lang='lat' dir='ltr'><strong>orthodo-</strong></span> 
     </span>
    </p>
   </div>
   <div class='ocr_carea' id='block_1_61' title="bbox 1042 992 1826 1027">
    <p class='ocr_par' dir='ltr' id='par_1_61' title="bbox 1042 992 1826 1027">
     <span class='ocr_line' id='line_1_61' title="bbox 1042 992 1826 1027; baseline 0.001 -9"><span class='ocrx_word' id='word_1_472' title='bbox 1042 1000 1090 1019; x_wconf 83' lang='lat' dir='ltr'><strong>xos</strong></span> <span class='ocrx_word' id='word_1_473' title='bbox 1105 996 1186 1027; x_wconf 83' lang='lat' dir='ltr'><strong>atque</strong></span> <span class='ocrx_word' id='word_1_474' title='bbox 1198 992 1378 1019; x_wconf 81' lang='lat' dir='ltr'><strong>heterodoxos</strong></span> <span class='ocrx_word' id='word_1_475' title='bbox 1390 992 1557 1024; x_wconf 86' lang='lat' dir='ltr'><strong>discrimine.</strong></span> <span class='ocrx_word' id='word_1_476' title='bbox 1570 997 1661 1027; x_wconf 85' lang='lat' dir='ltr'><strong>repete</strong></span> <span class='ocrx_word' id='word_1_477' title='bbox 1672 1000 1731 1027; x_wconf 66' lang='lat' dir='ltr'><strong>quae</strong></span> <span class='ocrx_word' id='word_1_478' title='bbox 1744 1000 1826 1027; x_wconf 89' lang='lat' dir='ltr'><strong>supra</strong></span> 
     </span>
    </p>
   </div>
   <div class='ocr_carea' id='block_1_62' title="bbox 1041 1038 1826 1070">
    <p class='ocr_par' dir='ltr' id='par_1_62' title="bbox 1041 1038 1826 1070">
     <span class='ocr_line' id='line_1_62' title="bbox 1041 1038 1826 1070; baseline 0.001 -6"><span class='ocrx_word' id='word_1_479' title='bbox 1041 1038 1169 1065; x_wconf 86' lang='lat' dir='ltr'><strong>diximus.</strong></span> <span class='ocrx_word' id='word_1_480' title='bbox 1187 1038 1389 1065; x_wconf 83' lang='lat' dir='ltr'><strong>Advertendum</strong></span> <span class='ocrx_word' id='word_1_481' title='bbox 1413 1039 1521 1065; x_wconf 85' lang='lat' dir='ltr'><strong>interim</strong></span> <span class='ocrx_word' id='word_1_482' title='bbox 1539 1043 1591 1070; x_wconf 88' lang='lat' dir='ltr'><strong>est,</strong></span> <span class='ocrx_word' id='word_1_483' title='bbox 1606 1047 1668 1065; x_wconf 89' lang='lat' dir='ltr'><strong>cum</strong></span> <span class='ocrx_word' id='word_1_484' title='bbox 1692 1038 1826 1066; x_wconf 82' lang='lat' dir='ltr'><strong>Geunadii</strong></span> 
     </span>
    </p>
   </div>
   <div class='ocr_carea' id='block_1_63' title="bbox 1041 1083 1829 1119">
    <p class='ocr_par' dir='ltr' id='par_1_63' title="bbox 1041 1083 1829 1119">
     <span class='ocr_line' id='line_1_63' title="bbox 1041 1083 1829 1119; baseline 0 -8"><span class='ocrx_word' id='word_1_485' title='bbox 1041 1084 1123 1111; x_wconf 80' lang='lat' dir='ltr'><strong>verba</strong></span> <span class='ocrx_word' id='word_1_486' title='bbox 1139 1084 1171 1110; x_wconf 83' lang='lat' dir='ltr'><strong>ad</strong></span> <span class='ocrx_word' id='word_1_487' title='bbox 1188 1083 1363 1111; x_wconf 85' lang='lat' dir='ltr'><strong>Theodorum</strong></span> <span class='ocrx_word' id='word_1_488' title='bbox 1378 1083 1541 1111; x_wconf 71' lang='lat' dir='ltr'><strong>[laithenum</strong></span> <span class='ocrx_word' id='word_1_489' title='bbox 1561 1084 1750 1119; x_wconf 81' lang='lat' dir='ltr'><strong>presbyterum</strong></span> <span class='ocrx_word' id='word_1_490' title='bbox 1764 1083 1829 1111; x_wconf 82' lang='lat' dir='ltr'><strong>Pos-</strong></span> 
     </span>
    </p>
   </div>
   <div class='ocr_carea' id='block_1_64' title="bbox 1042 1128 1828 1164">
    <p class='ocr_par' dir='ltr' id='par_1_64' title="bbox 1042 1128 1828 1164">
     <span class='ocr_line' id='line_1_64' title="bbox 1042 1128 1828 1164; baseline 0.001 -9"><span class='ocrx_word' id='word_1_491' title='bbox 1042 1129 1152 1156; x_wconf 84' lang='lat' dir='ltr'><strong>sevinus</strong></span> <span class='ocrx_word' id='word_1_492' title='bbox 1164 1128 1305 1160; x_wconf 81' lang='lat' dir='ltr'><strong>transfert,</strong></span> <span class='ocrx_word' id='word_1_493' title='bbox 1322 1129 1476 1164; x_wconf 85' lang='lat' dir='ltr'><strong>asseritque</strong></span> <span class='ocrx_word' id='word_1_494' title='bbox 1494 1129 1567 1156; x_wconf 82' lang='lat' dir='ltr'><strong>hunc</strong></span> <span class='ocrx_word' id='word_1_495' title='bbox 1584 1129 1683 1155; x_wconf 86' lang='lat' dir='ltr'><strong>librum</strong></span> <span class='ocrx_word' id='word_1_496' title='bbox 1698 1137 1713 1156; x_wconf 86' lang='lat' dir='ltr'><strong>c</strong></span> <span class='ocrx_word' id='word_1_497' title='bbox 1732 1129 1828 1156; x_wconf 69' lang='lat' dir='ltr'><strong>Graeco</strong></span> 
     </span>
    </p>
   </div>
   <div class='ocr_carea' id='block_1_65' title="bbox 1043 1174 1828 1206">
    <p class='ocr_par' dir='ltr' id='par_1_65' title="bbox 1043 1174 1828 1206">
     <span class='ocr_line' id='line_1_65' title="bbox 1043 1174 1828 1206; baseline -0.001 -5"><span class='ocrx_word' id='word_1_498' title='bbox 1043 1174 1071 1201; x_wconf 93' lang='lat' dir='ltr'><strong>in</strong></span> <span class='ocrx_word' id='word_1_499' title='bbox 1092 1174 1219 1202; x_wconf 83' lang='lat' dir='ltr'><strong>Latinum</strong></span> <span class='ocrx_word' id='word_1_500' title='bbox 1246 1174 1423 1202; x_wconf 85' lang='lat' dir='ltr'><strong>Godeiridum</strong></span> <span class='ocrx_word' id='word_1_501' title='bbox 1451 1174 1625 1201; x_wconf 85' lang='lat' dir='ltr'><strong>Tilmannum</strong></span> <span class='ocrx_word' id='word_1_502' title='bbox 1653 1175 1779 1206; x_wconf 75' lang='lat' dir='ltr'><strong>vertisse.</strong></span> <span class='ocrx_word' id='word_1_503' title='bbox 1801 1179 1828 1202; x_wconf 88' lang='lat' dir='ltr'><strong>et</strong></span> 
     </span>
    </p>
   </div>
   <div class='ocr_carea' id='block_1_66' title="bbox 1044 1220 1830 1255">
    <p class='ocr_par' dir='ltr' id='par_1_66' title="bbox 1044 1220 1830 1255">
     <span class='ocr_line' id='line_1_66' title="bbox 1044 1220 1830 1255; baseline 0.001 -8"><span class='ocrx_word' id='word_1_504' title='bbox 1044 1220 1226 1255; x_wconf 73' lang='lat' dir='ltr'><strong>Murgarinum</strong></span> <span class='ocrx_word' id='word_1_505' title='bbox 1246 1220 1422 1255; x_wconf 65' lang='lat' dir='ltr'><strong>llignaaumiu</strong></span> <span class='ocrx_word' id='word_1_506' title='bbox 1439 1225 1592 1247; x_wconf 82' lang='lat' dir='ltr'><strong>sanctorum</strong></span> <span class='ocrx_word' id='word_1_507' title='bbox 1609 1220 1720 1247; x_wconf 86' lang='lat' dir='ltr'><strong>Patrum</strong></span> <span class='ocrx_word' id='word_1_508' title='bbox 1738 1221 1830 1248; x_wconf 87' lang='lat' dir='ltr'><strong>biblio-</strong></span> 
     </span>
    </p>
   </div>
   <div class='ocr_carea' id='block_1_67' title="bbox 1043 1264 1827 1298">
    <p class='ocr_par' dir='ltr' id='par_1_67' title="bbox 1043 1264 1827 1298">
     <span class='ocr_line' id='line_1_67' title="bbox 1043 1264 1827 1298; baseline 0.005 -8"><span class='ocrx_word' id='word_1_509' title='bbox 1043 1264 1144 1291; x_wconf 84' lang='lat' dir='ltr'><strong>thecam</strong></span> <span class='ocrx_word' id='word_1_510' title='bbox 1162 1264 1314 1292; x_wconf 76' lang='lat' dir='ltr'><strong>inseruisse</strong></span> <span class='ocrx_word' id='word_1_511' title='bbox 1336 1265 1428 1291; x_wconf 89' lang='lat' dir='ltr'><strong>tom.l</strong></span> <span class='ocrx_word' id='word_1_512' title='bbox 1458 1265 1588 1293; x_wconf 83' lang='lat' dir='ltr'><strong>editionis</strong></span> <span class='ocrx_word' id='word_1_513' title='bbox 1615 1273 1634 1292; x_wconf 93' lang='grc' dir='ltr'>ιι</span> <span class='ocrx_word' id='word_1_514' title='bbox 1653 1265 1827 1298; x_wconf 82' lang='lat' dir='ltr'><strong>Parisiensis,</strong></span> 
     </span>
    </p>
   </div>
   <div class='ocr_carea' id='block_1_68' title="bbox 1042 1309 1827 1341">
    <p class='ocr_par' dir='ltr' id='par_1_68' title="bbox 1042 1309 1827 1341">
     <span class='ocr_line' id='line_1_68' title="bbox 1042 1309 1827 1341; baseline 0.001 -5"><span class='ocrx_word' id='word_1_515' title='bbox 1042 1317 1103 1337; x_wconf 85' lang='lat' dir='ltr'><strong>eum</strong></span> <span class='ocrx_word' id='word_1_516' title='bbox 1122 1317 1174 1336; x_wconf 92' lang='lat' dir='ltr'><strong>non</strong></span> <span class='ocrx_word' id='word_1_517' title='bbox 1188 1317 1243 1336; x_wconf 91' lang='lat' dir='ltr'><strong>uno</strong></span> <span class='ocrx_word' id='word_1_518' title='bbox 1260 1309 1341 1336; x_wconf 90' lang='lat' dir='ltr'><strong>modo</strong></span> <span class='ocrx_word' id='word_1_519' title='bbox 1356 1309 1422 1336; x_wconf 81' lang='lat' dir='ltr'><strong>labi.</strong></span> <span class='ocrx_word' id='word_1_520' title='bbox 1441 1309 1490 1336; x_wconf 85' lang='lat' dir='ltr'><strong>llic</strong></span> <span class='ocrx_word' id='word_1_521' title='bbox 1507 1310 1607 1336; x_wconf 83' lang='lat' dir='ltr'><strong>etenim</strong></span> <span class='ocrx_word' id='word_1_522' title='bbox 1630 1309 1827 1341; x_wconf 76' lang='lat' dir='ltr'><strong>Antiocltenus.</strong></span> 
     </span>
    </p>
   </div>
   <div class='ocr_carea' id='block_1_69' title="bbox 1041 1353 1829 1391">
    <p class='ocr_par' dir='ltr' id='par_1_69' title="bbox 1041 1353 1829 1391">
     <span class='ocr_line' id='line_1_69' title="bbox 1041 1353 1829 1391; baseline 0.001 -9"><span class='ocrx_word' id='word_1_523' title='bbox 1041 1354 1088 1390; x_wconf 91' lang='lat' dir='ltr'><strong>qui</strong></span> <span class='ocrx_word' id='word_1_524' title='bbox 1104 1354 1139 1381; x_wconf 89' lang='lat' dir='ltr'><strong>De</strong></span> <span class='ocrx_word' id='word_1_525' title='bbox 1151 1354 1333 1381; x_wconf 85' lang='lat' dir='ltr'><strong>incarnatione</strong></span> <span class='ocrx_word' id='word_1_526' title='bbox 1347 1353 1454 1380; x_wconf 87' lang='lat' dir='ltr'><strong>Domini</strong></span> <span class='ocrx_word' id='word_1_527' title='bbox 1471 1353 1554 1382; x_wconf 84' lang='lat' dir='ltr'><strong>libros</strong></span> <span class='ocrx_word' id='word_1_528' title='bbox 1572 1363 1606 1382; x_wconf 79' lang='lat' dir='ltr'><strong>xv</strong></span> <span class='ocrx_word' id='word_1_529' title='bbox 1622 1355 1740 1390; x_wconf 70' lang='lat' dir='ltr'><strong>scripsit,</strong></span> <span class='ocrx_word' id='word_1_530' title='bbox 1751 1356 1829 1391; x_wconf 78' lang='lat' dir='ltr'><strong>longe</strong></span> 
     </span>
    </p>
   </div>
   <div class='ocr_carea' id='block_1_70' title="bbox 1042 1399 1830 1428">
    <p class='ocr_par' dir='ltr' id='par_1_70' title="bbox 1042 1399 1830 1428">
     <span class='ocr_line' id='line_1_70' title="bbox 1042 1399 1830 1428; baseline 0 -1"><span class='ocrx_word' id='word_1_531' title='bbox 1042 1400 1167 1428; x_wconf 86' lang='lat' dir='ltr'><strong>diversus</strong></span> <span class='ocrx_word' id='word_1_532' title='bbox 1183 1403 1224 1427; x_wconf 89' lang='lat' dir='ltr'><strong>est</strong></span> <span class='ocrx_word' id='word_1_533' title='bbox 1241 1408 1255 1427; x_wconf 86' lang='lat' dir='ltr'><strong>a</strong></span> <span class='ocrx_word' id='word_1_534' title='bbox 1271 1399 1415 1427; x_wconf 87' lang='lat' dir='ltr'><strong>Theodoro</strong></span> <span class='ocrx_word' id='word_1_535' title='bbox 1433 1399 1566 1426; x_wconf 71' lang='lat' dir='ltr'><strong>llaitheno</strong></span> <span class='ocrx_word' id='word_1_536' title='bbox 1583 1408 1590 1426; x_wconf 90' lang='lat'><strong>:</strong></span> <span class='ocrx_word' id='word_1_537' title='bbox 1606 1404 1632 1426; x_wconf 88' lang='lat' dir='ltr'><strong>et</strong></span> <span class='ocrx_word' id='word_1_538' title='bbox 1657 1399 1725 1426; x_wconf 84' lang='lat' dir='ltr'><strong>liber</strong></span> <span class='ocrx_word' id='word_1_539' title='bbox 1738 1399 1830 1428; x_wconf 83' lang='lat' dir='ltr'><strong>Theo-</strong></span> 
     </span>
    </p>
   </div>
   <div class='ocr_carea' id='block_1_71' title="bbox 1043 1445 1830 1477">
    <p class='ocr_par' dir='ltr' id='par_1_71' title="bbox 1043 1445 1830 1477">
     <span class='ocr_line' id='line_1_71' title="bbox 1043 1445 1830 1477; baseline 0 -4"><span class='ocrx_word' id='word_1_540' title='bbox 1043 1445 1102 1473; x_wconf 91' lang='lat' dir='ltr'><strong>dori</strong></span> <span class='ocrx_word' id='word_1_541' title='bbox 1120 1445 1245 1473; x_wconf 82' lang='lat' dir='ltr'><strong>Raitheni</strong></span> <span class='ocrx_word' id='word_1_542' title='bbox 1263 1445 1299 1472; x_wconf 85' lang='lat' dir='ltr'><strong>De</strong></span> <span class='ocrx_word' id='word_1_543' title='bbox 1317 1445 1406 1472; x_wconf 88' lang='lat' dir='ltr'><strong>divina</strong></span> <span class='ocrx_word' id='word_1_544' title='bbox 1426 1445 1580 1477; x_wconf 78' lang='lat' dir='ltr'><strong>wconomia,</strong></span> <span class='ocrx_word' id='word_1_545' title='bbox 1600 1451 1626 1471; x_wconf 82' lang='lat' dir='ltr'><strong>et</strong></span> <span class='ocrx_word' id='word_1_546' title='bbox 1643 1445 1723 1472; x_wconf 89' lang='lat' dir='ltr'><strong>modo</strong></span> <span class='ocrx_word' id='word_1_547' title='bbox 1738 1446 1830 1474; x_wconf 85' lang='lat' dir='ltr'><strong>carnis</strong></span> 
     </span>
    </p>
   </div>
   <div class='ocr_carea' id='block_1_72' title="bbox 1044 1490 1830 1527">
    <p class='ocr_par' dir='ltr' id='par_1_72' title="bbox 1044 1490 1830 1527">
     <span class='ocr_line' id='line_1_72' title="bbox 1044 1490 1830 1527; baseline 0 -9"><span class='ocrx_word' id='word_1_548' title='bbox 1044 1500 1059 1518; x_wconf 85' lang='lat' dir='ltr'><strong>a</strong></span> <span class='ocrx_word' id='word_1_549' title='bbox 1074 1491 1128 1519; x_wconf 91' lang='lat' dir='ltr'><strong>Deo</strong></span> <span class='ocrx_word' id='word_1_550' title='bbox 1145 1495 1302 1527; x_wconf 58' lang='lat' dir='ltr'><strong>assumptus,</strong></span> <span class='ocrx_word' id='word_1_551' title='bbox 1318 1491 1346 1518; x_wconf 91' lang='lat' dir='ltr'><strong>in</strong></span> <span class='ocrx_word' id='word_1_552' title='bbox 1368 1498 1423 1525; x_wconf 84' lang='lat' dir='ltr'><strong>quo</strong></span> <span class='ocrx_word' id='word_1_553' title='bbox 1439 1495 1472 1518; x_wconf 85' lang='lat' dir='ltr'><strong>de</strong></span> <span class='ocrx_word' id='word_1_554' title='bbox 1492 1490 1608 1522; x_wconf 77' lang='lat' dir='ltr'><strong>Maneto,</strong></span> <span class='ocrx_word' id='word_1_555' title='bbox 1624 1490 1709 1518; x_wconf 86' lang='lat' dir='ltr'><strong>Paulo</strong></span> <span class='ocrx_word' id='word_1_556' title='bbox 1733 1491 1830 1518; x_wconf 83' lang='lat' dir='ltr'><strong>Samo-</strong></span> 
     </span>
    </p>
   </div>
   <div class='ocr_carea' id='block_1_73' title="bbox 1007 1534 1831 1585">
    <p class='ocr_par' dir='ltr' id='par_1_73' title="bbox 1007 1534 1831 1585">
     <span class='ocr_line' id='line_1_73' title="bbox 1007 1534 1831 1585; baseline -0.001 -21"><span class='ocrx_word' id='word_1_557' title='bbox 1007 1556 1028 1585; x_wconf 68' lang='grc' dir='ltr'><strong>ο</strong></span> <span class='ocrx_word' id='word_1_558' title='bbox 1045 1541 1151 1568; x_wconf 85' lang='lat' dir='ltr'><strong>sateno,</strong></span> <span class='ocrx_word' id='word_1_559' title='bbox 1166 1536 1328 1571; x_wconf 81' lang='lat' dir='ltr'><strong>Apollinari,</strong></span> <span class='ocrx_word' id='word_1_560' title='bbox 1351 1535 1494 1563; x_wconf 88' lang='lat' dir='ltr'><strong>Theodoro</strong></span> <span class='ocrx_word' id='word_1_561' title='bbox 1507 1535 1711 1570; x_wconf 84' lang='lat' dir='ltr'><strong>Mopsuesteno,</strong></span> <span class='ocrx_word' id='word_1_562' title='bbox 1735 1534 1831 1563; x_wconf 78' lang='lat' dir='ltr'><strong>Nesto-</strong></span> 
     </span>
    </p>
   </div>
   <div class='ocr_carea' id='block_1_74' title="bbox 1045 1581 1831 1618">
    <p class='ocr_par' dir='ltr' id='par_1_74' title="bbox 1045 1581 1831 1618">
     <span class='ocr_line' id='line_1_74' title="bbox 1045 1581 1831 1618; baseline -0.003 -9"><span class='ocrx_word' id='word_1_563' title='bbox 1045 1584 1085 1610; x_wconf 89' lang='lat' dir='ltr'><strong>rio</strong></span> <span class='ocrx_word' id='word_1_564' title='bbox 1111 1586 1138 1610; x_wconf 84' lang='lat' dir='ltr'><strong>ct</strong></span> <span class='ocrx_word' id='word_1_565' title='bbox 1161 1582 1311 1618; x_wconf 85' lang='lat' dir='ltr'><strong>Eutychete</strong></span> <span class='ocrx_word' id='word_1_566' title='bbox 1333 1582 1431 1618; x_wconf 76' lang='lat' dir='ltr'><strong>agitur,</strong></span> <span class='ocrx_word' id='word_1_567' title='bbox 1455 1587 1482 1610; x_wconf 85' lang='lat' dir='ltr'><strong>et</strong></span> <span class='ocrx_word' id='word_1_568' title='bbox 1509 1590 1605 1610; x_wconf 87' lang='lat' dir='ltr'><strong>versus</strong></span> <span class='ocrx_word' id='word_1_569' title='bbox 1629 1590 1643 1609; x_wconf 84' lang='lat' dir='ltr'><strong>a</strong></span> <span class='ocrx_word' id='word_1_570' title='bbox 1675 1581 1831 1613; x_wconf 83' lang='lat' dir='ltr'><strong>Tilmanno,</strong></span> 
     </span>
    </p>
   </div>
   <div class='ocr_carea' id='block_1_75' title="bbox 1045 1627 1831 1664">
    <p class='ocr_par' dir='ltr' id='par_1_75' title="bbox 1045 1627 1831 1664">
     <span class='ocr_line' id='line_1_75' title="bbox 1045 1627 1831 1664; baseline -0.004 -8"><span class='ocrx_word' id='word_1_571' title='bbox 1045 1629 1124 1664; x_wconf 81' lang='lat' dir='ltr'><strong>longe</strong></span> <span class='ocrx_word' id='word_1_572' title='bbox 1138 1629 1208 1656; x_wconf 87' lang='lat' dir='ltr'><strong>alius</strong></span> <span class='ocrx_word' id='word_1_573' title='bbox 1220 1633 1261 1656; x_wconf 84' lang='lat' dir='ltr'><strong>est</strong></span> <span class='ocrx_word' id='word_1_574' title='bbox 1276 1629 1310 1656; x_wconf 86' lang='lat' dir='ltr'><strong>ab</strong></span> <span class='ocrx_word' id='word_1_575' title='bbox 1324 1628 1375 1655; x_wconf 87' lang='lat' dir='ltr'><strong>hoc</strong></span> <span class='ocrx_word' id='word_1_576' title='bbox 1387 1628 1524 1655; x_wconf 87' lang='lat' dir='ltr'><strong>Theodori</strong></span> <span class='ocrx_word' id='word_1_577' title='bbox 1538 1627 1700 1655; x_wconf 74' lang='lat' dir='ltr'><strong>Antiocheni</strong></span> <span class='ocrx_word' id='word_1_578' title='bbox 1715 1627 1741 1654; x_wconf 92' lang='lat' dir='ltr'><strong>in</strong></span> <span class='ocrx_word' id='word_1_579' title='bbox 1757 1627 1831 1661; x_wconf 64' lang='lat' dir='ltr'><strong>quin</strong></span> 
     </span>
    </p>
   </div>
   <div class='ocr_carea' id='block_1_76' title="bbox 1044 1671 1832 1702">
    <p class='ocr_par' dir='ltr' id='par_1_76' title="bbox 1044 1671 1832 1702">
     <span class='ocr_line' id='line_1_76' title="bbox 1044 1671 1832 1702; baseline -0.004 0"><span class='ocrx_word' id='word_1_580' title='bbox 1044 1675 1132 1702; x_wconf 84' lang='lat' dir='ltr'><strong>decim</strong></span> <span class='ocrx_word' id='word_1_581' title='bbox 1156 1674 1241 1702; x_wconf 87' lang='lat' dir='ltr'><strong>libros</strong></span> <span class='ocrx_word' id='word_1_582' title='bbox 1261 1674 1359 1702; x_wconf 87' lang='lat' dir='ltr'><strong>diviso.</strong></span> <span class='ocrx_word' id='word_1_583' title='bbox 1376 1674 1409 1700; x_wconf 87' lang='lat' dir='ltr'><strong>Et</strong></span> <span class='ocrx_word' id='word_1_584' title='bbox 1425 1674 1626 1701; x_wconf 79' lang='lat' dir='ltr'><strong>Antioclicnum</strong></span> <span class='ocrx_word' id='word_1_585' title='bbox 1651 1673 1723 1700; x_wconf 87' lang='lat' dir='ltr'><strong>hunc</strong></span> <span class='ocrx_word' id='word_1_586' title='bbox 1741 1671 1832 1699; x_wconf 87' lang='lat' dir='ltr'><strong>Theo-</strong></span> 
     </span>
    </p>
   </div>
   <div class='ocr_carea' id='block_1_77' title="bbox 1045 1719 1831 1755">
    <p class='ocr_par' dir='ltr' id='par_1_77' title="bbox 1045 1719 1831 1755">
     <span class='ocr_line' id='line_1_77' title="bbox 1045 1719 1831 1755; baseline -0.004 -8"><span class='ocrx_word' id='word_1_587' title='bbox 1045 1721 1142 1748; x_wconf 91' lang='lat' dir='ltr'><strong>dorum</strong></span> <span class='ocrx_word' id='word_1_588' title='bbox 1156 1720 1377 1755; x_wconf 87' lang='lat' dir='ltr'><strong>Mopsuestcnum</strong></span> <span class='ocrx_word' id='word_1_589' title='bbox 1391 1727 1462 1752; x_wconf 88' lang='lat' dir='ltr'><strong>esse,</strong></span> <span class='ocrx_word' id='word_1_590' title='bbox 1475 1724 1502 1747; x_wconf 87' lang='lat' dir='ltr'><strong>et</strong></span> <span class='ocrx_word' id='word_1_591' title='bbox 1518 1727 1571 1746; x_wconf 90' lang='lat' dir='ltr'><strong>non</strong></span> <span class='ocrx_word' id='word_1_592' title='bbox 1587 1719 1761 1751; x_wconf 83' lang='lat' dir='ltr'><strong>Railhenum,</strong></span> <span class='ocrx_word' id='word_1_593' title='bbox 1773 1719 1831 1753; x_wconf 89' lang='lat' dir='ltr'><strong>plu-</strong></span> 
     </span>
    </p>
   </div>
   <div class='ocr_carea' id='block_1_78' title="bbox 1045 1764 1833 1800">
    <p class='ocr_par' dir='ltr' id='par_1_78' title="bbox 1045 1764 1833 1800">
     <span class='ocr_line' id='line_1_78' title="bbox 1045 1764 1833 1800; baseline -0.005 -7"><span class='ocrx_word' id='word_1_594' title='bbox 1045 1767 1122 1793; x_wconf 89' lang='lat' dir='ltr'><strong>ribus</strong></span> <span class='ocrx_word' id='word_1_595' title='bbox 1139 1765 1226 1793; x_wconf 90' lang='lat' dir='ltr'><strong>modis</strong></span> <span class='ocrx_word' id='word_1_596' title='bbox 1243 1774 1276 1793; x_wconf 81' lang='lat' dir='ltr'><strong>ex</strong></span> <span class='ocrx_word' id='word_1_597' title='bbox 1294 1765 1392 1793; x_wconf 88' lang='lat' dir='ltr'><strong>Photio</strong></span> <span class='ocrx_word' id='word_1_598' title='bbox 1408 1766 1524 1800; x_wconf 84' lang='lat' dir='ltr'><strong>aliisque</strong></span> <span class='ocrx_word' id='word_1_599' title='bbox 1547 1765 1688 1800; x_wconf 79' lang='lat' dir='ltr'><strong>probatur.</strong></span> <span class='ocrx_word' id='word_1_600' title='bbox 1709 1764 1741 1790; x_wconf 89' lang='lat' dir='ltr'><strong>Et</strong></span> <span class='ocrx_word' id='word_1_601' title='bbox 1755 1765 1833 1799; x_wconf 82' lang='lat' dir='ltr'><strong>plane</strong></span> 
     </span>
    </p>
   </div>
   <div class='ocr_carea' id='block_1_79' title="bbox 1045 1809 1832 1846">
    <p class='ocr_par' dir='ltr' id='par_1_79' title="bbox 1045 1809 1832 1846">
     <span class='ocr_line' id='line_1_79' title="bbox 1045 1809 1832 1846; baseline -0.005 -7"><span class='ocrx_word' id='word_1_602' title='bbox 1045 1812 1181 1839; x_wconf 82' lang='lat' dir='ltr'><strong>Theodori</strong></span> <span class='ocrx_word' id='word_1_603' title='bbox 1204 1811 1386 1846; x_wconf 85' lang='lat' dir='ltr'><strong>Mopsucsteni</strong></span> <span class='ocrx_word' id='word_1_604' title='bbox 1405 1812 1466 1838; x_wconf 87' lang='lat' dir='ltr'><strong>libri</strong></span> <span class='ocrx_word' id='word_1_605' title='bbox 1487 1811 1524 1838; x_wconf 88' lang='lat' dir='ltr'><strong>De</strong></span> <span class='ocrx_word' id='word_1_606' title='bbox 1547 1810 1737 1841; x_wconf 79' lang='lat' dir='ltr'><strong>incarnatione,</strong></span> <span class='ocrx_word' id='word_1_607' title='bbox 1761 1809 1832 1844; x_wconf 81' lang='lat' dir='ltr'><strong>quod</strong></span> 
     </span>
    </p>
   </div>
   <div class='ocr_carea' id='block_1_80' title="bbox 1046 1856 1832 1893">
    <p class='ocr_par' dir='ltr' id='par_1_80' title="bbox 1046 1856 1832 1893">
     <span class='ocr_line' id='line_1_80' title="bbox 1046 1856 1832 1893; baseline -0.006 -8"><span class='ocrx_word' id='word_1_608' title='bbox 1046 1859 1104 1893; x_wconf 80' lang='lat' dir='ltr'><strong>ipse</strong></span> <span class='ocrx_word' id='word_1_609' title='bbox 1123 1859 1218 1889; x_wconf 86' lang='lat' dir='ltr'><strong>sciam,</strong></span> <span class='ocrx_word' id='word_1_610' title='bbox 1244 1865 1297 1884; x_wconf 86' lang='lat' dir='ltr'><strong>non</strong></span> <span class='ocrx_word' id='word_1_611' title='bbox 1312 1861 1420 1884; x_wconf 74' lang='lat' dir='ltr'><strong>exstant</strong></span> <span class='ocrx_word' id='word_1_612' title='bbox 1440 1857 1507 1891; x_wconf 90' lang='lat' dir='ltr'><strong>(imo</strong></span> <span class='ocrx_word' id='word_1_613' title='bbox 1534 1863 1647 1891; x_wconf 82' lang='lat' dir='ltr'><strong>prorsus</strong></span> <span class='ocrx_word' id='word_1_614' title='bbox 1671 1856 1832 1889; x_wconf 84' lang='lat' dir='ltr'><strong>perierunt).</strong></span> 
     </span>
    </p>
   </div>
   <div class='ocr_carea' id='block_1_81' title="bbox 1046 1901 1779 1939">
    <p class='ocr_par' dir='ltr' id='par_1_81' title="bbox 1046 1901 1779 1939">
     <span class='ocr_line' id='line_1_81' title="bbox 1046 1901 1779 1939; baseline -0.005 -8"><span class='ocrx_word' id='word_1_615' title='bbox 1046 1904 1114 1932; x_wconf 73' lang='lat' dir='ltr'><strong>Vide</strong></span> <span class='ocrx_word' id='word_1_616' title='bbox 1130 1912 1190 1939; x_wconf 63' lang='lat' dir='ltr'><strong>quae</strong></span> <span class='ocrx_word' id='word_1_617' title='bbox 1205 1903 1275 1930; x_wconf 79' lang='lat' dir='ltr'><strong>infra</strong></span> <span class='ocrx_word' id='word_1_618' title='bbox 1293 1903 1409 1930; x_wconf 87' lang='lat' dir='ltr'><strong>dicimus</strong></span> <span class='ocrx_word' id='word_1_619' title='bbox 1425 1903 1459 1930; x_wconf 87' lang='lat' dir='ltr'><strong>de</strong></span> <span class='ocrx_word' id='word_1_620' title='bbox 1471 1901 1615 1929; x_wconf 86' lang='lat' dir='ltr'><strong>Theodoro</strong></span> <span class='ocrx_word' id='word_1_621' title='bbox 1633 1901 1779 1928; x_wconf 61' lang='lat' dir='ltr'><strong>liaitheno.</strong></span> 
     </span>
    </p>
   </div>
   <div class='ocr_carea' id='block_1_82' title="bbox 1084 1946 1833 1984">
    <p class='ocr_par' dir='ltr' id='par_1_82' title="bbox 1084 1946 1833 1984">
     <span class='ocr_line' id='line_1_82' title="bbox 1084 1946 1833 1984; baseline -0.008 -7"><span class='ocrx_word' id='word_1_622' title='bbox 1084 1951 1121 1977; x_wconf 87' lang='lat' dir='ltr'><strong>De</strong></span> <span class='ocrx_word' id='word_1_623' title='bbox 1141 1950 1283 1977; x_wconf 73' lang='lat' dir='ltr'><strong>Persarum</strong></span> <span class='ocrx_word' id='word_1_624' title='bbox 1300 1950 1388 1984; x_wconf 80' lang='lat' dir='ltr'><strong>magia</strong></span> <span class='ocrx_word' id='word_1_625' title='bbox 1404 1949 1488 1975; x_wconf 84' lang='lat' dir='ltr'><strong>libros</strong></span> <span class='ocrx_word' id='word_1_626' title='bbox 1504 1946 1569 1975; x_wconf 79' lang='lat' dir='ltr'><strong>tres.</strong></span> <span class='ocrx_word' id='word_1_627' title='bbox 1591 1947 1665 1981; x_wconf 78' lang='lat' dir='ltr'><strong>Legit.</strong></span> <span class='ocrx_word' id='word_1_628' title='bbox 1679 1946 1792 1973; x_wconf 86' lang='lat' dir='ltr'><strong>Photius</strong></span> <span class='ocrx_word' id='word_1_629' title='bbox 1808 1946 1833 1972; x_wconf 89' lang='lat' dir='ltr'><strong>in</strong></span> 
     </span>
    </p>
   </div>
   <div class='ocr_carea' id='block_1_83' title="bbox 1048 1991 1835 2028">
    <p class='ocr_par' dir='ltr' id='par_1_83' title="bbox 1048 1991 1835 2028">
     <span class='ocr_line' id='line_1_83' title="bbox 1048 1991 1835 2028; baseline -0.01 -4"><span class='ocrx_word' id='word_1_630' title='bbox 1048 1996 1210 2024; x_wconf 81' lang='lat' dir='ltr'><strong>Bibliotheca</strong></span> <span class='ocrx_word' id='word_1_631' title='bbox 1233 1995 1293 2023; x_wconf 78' lang='lat' dir='ltr'><strong>cmi.</strong></span> <span class='ocrx_word' id='word_1_632' title='bbox 1316 1995 1346 2021; x_wconf 81' lang='lat'><strong>8|</strong></span> <span class='ocrx_word' id='word_1_633' title='bbox 1365 2003 1371 2021; x_wconf 91' lang='lat'><strong>:</strong></span> <span class='ocrx_word' id='word_1_634' title='bbox 1395 1992 1563 2028; x_wconf 73' lang='grc' dir='ltr'><strong>’Λνεγνώςοη</strong></span> <span class='ocrx_word' id='word_1_635' title='bbox 1583 1991 1745 2027; x_wconf 69' lang='grc' dir='ltr'>βιϐλιδάριον</span> <span class='ocrx_word' id='word_1_636' title='bbox 1771 1991 1835 2017; x_wconf 73' lang='grc' dir='ltr'>Θεο-</span> 
     </span>
    </p>
   </div>
   <div class='ocr_carea' id='block_1_84' title="bbox 1046 2035 1833 2078">
    <p class='ocr_par' dir='ltr' id='par_1_84' title="bbox 1046 2035 1833 2078">
     <span class='ocr_line' id='line_1_84' title="bbox 1046 2035 1833 2078; baseline -0.009 -10"><span class='ocrx_word' id='word_1_637' title='bbox 1046 2042 1132 2078; x_wconf 80' lang='grc' dir='ltr'><strong>δώρου</strong></span> <span class='ocrx_word' id='word_1_638' title='bbox 1149 2041 1218 2075; x_wconf 77' lang='grc' dir='ltr'><strong>Περὶ</strong></span> <span class='ocrx_word' id='word_1_639' title='bbox 1243 2040 1298 2074; x_wconf 81' lang='grc' dir='ltr'><strong>τῆς</strong></span> <span class='ocrx_word' id='word_1_640' title='bbox 1313 2040 1348 2066; x_wconf 80' lang='grc' dir='ltr'>ἐν</span> <span class='ocrx_word' id='word_1_641' title='bbox 1375 2038 1497 2072; x_wconf 78' lang='grc' dir='ltr'><strong>Περσίδι</strong></span> <span class='ocrx_word' id='word_1_642' title='bbox 1516 2035 1657 2072; x_wconf 69' lang='grc' dir='ltr'><strong>μαγικῆς,</strong></span> <span class='ocrx_word' id='word_1_643' title='bbox 1676 2035 1725 2062; x_wconf 80' lang='grc' dir='ltr'><strong>καὶ</strong></span> <span class='ocrx_word' id='word_1_644' title='bbox 1746 2036 1792 2067; x_wconf 78' lang='grc' dir='ltr'><em>τίς</em></span> <span class='ocrx_word' id='word_1_645' title='bbox 1815 2035 1833 2068; x_wconf 70' lang='grc' dir='ltr'><strong><em>ἡ</em></strong></span> 
     </span>
    </p>
   </div>
   <div class='ocr_carea' id='block_1_85' title="bbox 1046 2081 1835 2124">
    <p class='ocr_par' dir='ltr' id='par_1_85' title="bbox 1046 2081 1835 2124">
     <span class='ocr_line' id='line_1_85' title="bbox 1046 2081 1835 2124; baseline -0.013 -8"><span class='ocrx_word' id='word_1_646' title='bbox 1046 2089 1103 2124; x_wconf 82' lang='grc' dir='ltr'><strong>τῆς</strong></span> <span class='ocrx_word' id='word_1_647' title='bbox 1113 2087 1268 2118; x_wconf 78' lang='grc' dir='ltr'><strong>εὐσεϐείας</strong></span> <span class='ocrx_word' id='word_1_648' title='bbox 1284 2085 1419 2119; x_wconf 66' lang='grc' dir='ltr'><strong>διαφορὰ,</strong></span> <span class='ocrx_word' id='word_1_649' title='bbox 1438 2084 1466 2110; x_wconf 82' lang='grc' dir='ltr'>ὲν</span> <span class='ocrx_word' id='word_1_650' title='bbox 1488 2083 1576 2117; x_wconf 79' lang='grc' dir='ltr'>λόγοις</span> <span class='ocrx_word' id='word_1_651' title='bbox 1592 2081 1681 2117; x_wconf 77' lang='grc' dir='ltr'><strong>τρισί·</strong></span> <span class='ocrx_word' id='word_1_652' title='bbox 1707 2089 1835 2116; x_wconf 78' lang='grc' dir='ltr'>προσφω-</span> 
     </span>
    </p>
   </div>
   <div class='ocr_carea' id='block_1_86' title="bbox 1047 2126 1834 2166">
    <p class='ocr_par' dir='ltr' id='par_1_86' title="bbox 1047 2126 1834 2166">
     <span class='ocr_line' id='line_1_86' title="bbox 1047 2126 1834 2166; baseline -0.014 -4"><span class='ocrx_word' id='word_1_653' title='bbox 1047 2136 1087 2162; x_wconf 82' lang='grc' dir='ltr'>νεῖ</span> <span class='ocrx_word' id='word_1_654' title='bbox 1102 2134 1130 2161; x_wconf 81' lang='grc' dir='ltr'><strong>δὲ</strong></span> <span class='ocrx_word' id='word_1_655' title='bbox 1143 2133 1240 2164; x_wconf 72' lang='grc' dir='ltr'>αὐτοὺς</span> <span class='ocrx_word' id='word_1_656' title='bbox 1263 2131 1332 2166; x_wconf 62' lang='grc' dir='ltr'>πρὸς</span> <span class='ocrx_word' id='word_1_657' title='bbox 1351 2129 1521 2157; x_wconf 79' lang='grc' dir='ltr'>Μοιστούϐιον</span> <span class='ocrx_word' id='word_1_658' title='bbox 1534 2127 1564 2160; x_wconf 75' lang='grc' dir='ltr'><strong>ἐξ</strong></span> <span class='ocrx_word' id='word_1_659' title='bbox 1586 2127 1730 2162; x_wconf 77' lang='grc' dir='ltr'>Ἀρμενίας</span> <span class='ocrx_word' id='word_1_660' title='bbox 1743 2126 1834 2161; x_wconf 82' lang='grc' dir='ltr'><strong>ὁρμώ-</strong></span> 
     </span>
    </p>
   </div>
   <div class='ocr_carea' id='block_1_87' title="bbox 1050 2171 1836 2217">
    <p class='ocr_par' dir='ltr' id='par_1_87' title="bbox 1050 2171 1836 2217">
     <span class='ocr_line' id='line_1_87' title="bbox 1050 2171 1836 2217; baseline -0.015 -9"><span class='ocrx_word' id='word_1_661' title='bbox 1050 2189 1138 2217; x_wconf 86' lang='grc' dir='ltr'>μενον,</span> <span class='ocrx_word' id='word_1_662' title='bbox 1155 2178 1361 2214; x_wconf 81' lang='grc' dir='ltr'>χωρεπίσκοπον</span> <span class='ocrx_word' id='word_1_663' title='bbox 1376 2176 1404 2203; x_wconf 84' lang='grc' dir='ltr'><strong>δὲ</strong></span> <span class='ocrx_word' id='word_1_664' title='bbox 1423 2175 1589 2210; x_wconf 78' lang='grc' dir='ltr'><strong>τυγχάνοντα</strong></span> <span class='ocrx_word' id='word_1_665' title='bbox 1600 2181 1606 2188; x_wconf 78' lang='grc'><em>’</em></span> <span class='ocrx_word' id='word_1_666' title='bbox 1621 2174 1668 2198; x_wconf 74' lang='grc' dir='ltr'><strong>καὶ</strong></span> <span class='ocrx_word' id='word_1_667' title='bbox 1680 2172 1709 2198; x_wconf 76' lang='grc' dir='ltr'>ἐν</span> <span class='ocrx_word' id='word_1_668' title='bbox 1730 2171 1777 2207; x_wconf 83' lang='grc' dir='ltr'><strong>μὲν</strong></span> <span class='ocrx_word' id='word_1_669' title='bbox 1797 2171 1836 2206; x_wconf 84' lang='grc' dir='ltr'><strong>τῷ</strong></span> 
     </span>
    </p>
   </div>
   <div class='ocr_carea' id='block_1_88' title="bbox 211 2217 993 2263">
    <p class='ocr_par' dir='ltr' id='par_1_88' title="bbox 211 2224 993 2260">
     <span class='ocr_line' id='line_1_88' title="bbox 211 2224 993 2260; baseline 0.004 -10"><span class='ocrx_word' id='word_1_670' title='bbox 211 2225 266 2251; x_wconf 87' lang='lat' dir='ltr'><strong>illis</strong></span> <span class='ocrx_word' id='word_1_671' title='bbox 286 2224 402 2251; x_wconf 85' lang='lat' dir='ltr'><strong>creditus</strong></span> <span class='ocrx_word' id='word_1_672' title='bbox 419 2229 457 2251; x_wconf 81' lang='lat' dir='ltr'><strong>est</strong></span> <span class='ocrx_word' id='word_1_673' title='bbox 481 2225 525 2259; x_wconf 87' lang='lat' dir='ltr'><strong>qui</strong></span> <span class='ocrx_word' id='word_1_674' title='bbox 540 2226 591 2251; x_wconf 88' lang='lat' dir='ltr'><strong>ista</strong></span> <span class='ocrx_word' id='word_1_675' title='bbox 614 2225 768 2260; x_wconf 86' lang='lat' dir='ltr'><strong>perlegerat,</strong></span> <span class='ocrx_word' id='word_1_676' title='bbox 786 2231 810 2252; x_wconf 89' lang='lat' dir='ltr'><strong>et</strong></span> <span class='ocrx_word' id='word_1_677' title='bbox 837 2227 993 2253; x_wconf 84' lang='lat' dir='ltr'><strong>renuntiavit</strong></span> 
     </span>
    </p>
   </div>
   <div class='ocr_carea' id='block_1_89' title="bbox 1045 2217 1837 2263">
    <p class='ocr_par' dir='ltr' id='par_1_89' title="bbox 1049 2217 1837 2263">
     <span class='ocr_line' id='line_1_89' title="bbox 1049 2217 1837 2263; baseline -0.011 -11"><span class='ocrx_word' id='word_1_678' title='bbox 1049 2226 1149 2263; x_wconf 83' lang='grc' dir='ltr'><strong>πρώτῳ</strong></span> <span class='ocrx_word' id='word_1_679' title='bbox 1162 2225 1233 2259; x_wconf 79' lang='grc' dir='ltr'><strong>λόγῳ</strong></span> <span class='ocrx_word' id='word_1_680' title='bbox 1247 2222 1382 2250; x_wconf 78' lang='grc' dir='ltr'><strong>ἐκτίθεται</strong></span> <span class='ocrx_word' id='word_1_681' title='bbox 1396 2221 1427 2248; x_wconf 88' lang='grc' dir='ltr'><strong>τὸ</strong></span> <span class='ocrx_word' id='word_1_682' title='bbox 1443 2220 1539 2256; x_wconf 72' lang='grc' dir='ltr'>μιαρὸν</span> <span class='ocrx_word' id='word_1_683' title='bbox 1554 2219 1607 2245; x_wconf 83' lang='grc' dir='ltr'><strong>τῶν</strong></span> <span class='ocrx_word' id='word_1_684' title='bbox 1626 2217 1737 2254; x_wconf 76' lang='grc' dir='ltr'><strong>Περσῶν</strong></span> <span class='ocrx_word' id='word_1_685' title='bbox 1748 2217 1837 2252; x_wconf 75' lang='grc' dir='ltr'>δόγμα</span> 
     </span>
    </p>
   </div>
   <div class='ocr_carea' id='block_1_90' title="bbox 212 2270 997 2306">
    <p class='ocr_par' dir='ltr' id='par_1_90' title="bbox 212 2270 997 2306">
     <span class='ocr_line' id='line_1_90' title="bbox 212 2270 997 2306; baseline 0.003 -9"><span class='ocrx_word' id='word_1_686' title='bbox 212 2271 285 2297; x_wconf 87' lang='lat' dir='ltr'><strong>nobis</strong></span> <span class='ocrx_word' id='word_1_687' title='bbox 300 2279 330 2297; x_wconf 86' lang='lat' dir='ltr'><strong>ea</strong></span> <span class='ocrx_word' id='word_1_688' title='bbox 344 2279 392 2305; x_wconf 91' lang='lat' dir='ltr'><strong>que</strong></span> <span class='ocrx_word' id='word_1_689' title='bbox 406 2270 511 2304; x_wconf 83' lang='lat' dir='ltr'><strong>fuerant</strong></span> <span class='ocrx_word' id='word_1_690' title='bbox 533 2271 643 2305; x_wconf 85' lang='lat' dir='ltr'><strong>scripta.</strong></span> <span class='ocrx_word' id='word_1_691' title='bbox 661 2270 728 2298; x_wconf 82' lang='lat' dir='ltr'><strong>Cant</strong></span> <span class='ocrx_word' id='word_1_692' title='bbox 746 2279 807 2306; x_wconf 84' lang='lat' dir='ltr'><strong>ergo</strong></span> <span class='ocrx_word' id='word_1_693' title='bbox 820 2272 997 2306; x_wconf 85' lang='lat' dir='ltr'><strong>audissemus,</strong></span> 
     </span>
    </p>
   </div>
   <div class='ocr_carea' id='block_1_91' title="bbox 211 2316 999 2351">
    <p class='ocr_par' dir='ltr' id='par_1_91' title="bbox 211 2316 999 2351">
     <span class='ocr_line' id='line_1_91' title="bbox 211 2316 999 2351; baseline 0.003 -9"><span class='ocrx_word' id='word_1_694' title='bbox 211 2316 373 2350; x_wconf 81' lang='lat' dir='ltr'><strong>culpavimus</strong></span> <span class='ocrx_word' id='word_1_695' title='bbox 389 2316 491 2351; x_wconf 88' lang='lat' dir='ltr'><strong>quidem</strong></span> <span class='ocrx_word' id='word_1_696' title='bbox 503 2316 589 2348; x_wconf 89' lang='lat' dir='ltr'><strong>illum,</strong></span> <span class='ocrx_word' id='word_1_697' title='bbox 605 2316 674 2351; x_wconf 89' lang='lat' dir='ltr'><strong>quod</strong></span> <span class='ocrx_word' id='word_1_698' title='bbox 689 2321 782 2344; x_wconf 89' lang='lat' dir='ltr'><strong>contra</strong></span> <span class='ocrx_word' id='word_1_699' title='bbox 795 2326 842 2344; x_wconf 85' lang='lat' dir='ltr'><strong>nos</strong></span> <span class='ocrx_word' id='word_1_700' title='bbox 855 2318 934 2344; x_wconf 88' lang='lat' dir='ltr'><strong>dictis</strong></span> <span class='ocrx_word' id='word_1_701' title='bbox 946 2326 999 2345; x_wconf 89' lang='lat' dir='ltr'><strong>ser-</strong></span> 
     </span>
    </p>
   </div>
   <div class='ocr_carea' id='block_1_92' title="bbox 211 2361 997 2398">
    <p class='ocr_par' dir='ltr' id='par_1_92' title="bbox 211 2361 997 2398">
     <span class='ocr_line' id='line_1_92' title="bbox 211 2361 997 2398; baseline 0.003 -10"><span class='ocrx_word' id='word_1_702' title='bbox 211 2361 333 2390; x_wconf 85' lang='lat' dir='ltr'><strong>monibus</strong></span> <span class='ocrx_word' id='word_1_703' title='bbox 351 2362 504 2390; x_wconf 78' lang='lat' dir='ltr'><strong>credidisset</strong></span> <span class='ocrx_word' id='word_1_704' title='bbox 518 2362 609 2392; x_wconf 87' lang='lat' dir='ltr'><strong>de_his</strong></span> <span class='ocrx_word' id='word_1_705' title='bbox 632 2363 719 2394; x_wconf 86' lang='lat' dir='ltr'><strong>rebus,</strong></span> <span class='ocrx_word' id='word_1_706' title='bbox 737 2371 803 2398; x_wconf 81' lang='lat' dir='ltr'><strong>quas</strong></span> <span class='ocrx_word' id='word_1_707' title='bbox 816 2364 912 2397; x_wconf 78' lang='lat' dir='ltr'><strong>swpius</strong></span> <span class='ocrx_word' id='word_1_708' title='bbox 932 2369 957 2390; x_wconf 89' lang='lat' dir='ltr'><strong>et</strong></span> <span class='ocrx_word' id='word_1_709' title='bbox 972 2365 997 2390; x_wconf 90' lang='lat' dir='ltr'><strong>in</strong></span> 
     </span>
    </p>
   </div>
   <div class='ocr_carea' id='block_1_93' title="bbox 213 2408 999 2444">
    <p class='ocr_par' dir='ltr' id='par_1_93' title="bbox 213 2408 999 2444">
     <span class='ocr_line' id='line_1_93' title="bbox 213 2408 999 2444; baseline 0.001 -9"><span class='ocrx_word' id='word_1_710' title='bbox 213 2408 333 2435; x_wconf 83' lang='lat' dir='ltr'><strong>Ecclesia</strong></span> <span class='ocrx_word' id='word_1_711' title='bbox 348 2413 372 2435; x_wconf 94' lang='lat' dir='ltr'><strong>et</strong></span> <span class='ocrx_word' id='word_1_712' title='bbox 385 2409 510 2443; x_wconf 84' lang='lat' dir='ltr'><strong>privatim</strong></span> <span class='ocrx_word' id='word_1_713' title='bbox 524 2409 638 2436; x_wconf 80' lang='lat' dir='ltr'><strong>dicentes</strong></span> <span class='ocrx_word' id='word_1_714' title='bbox 660 2417 707 2436; x_wconf 83' lang='lat' dir='ltr'><strong>nos</strong></span> <span class='ocrx_word' id='word_1_715' title='bbox 727 2409 837 2441; x_wconf 85' lang='lat' dir='ltr'><strong>audivit,</strong></span> <span class='ocrx_word' id='word_1_716' title='bbox 854 2418 912 2436; x_wconf 90' lang='lat' dir='ltr'><strong>cunt</strong></span> <span class='ocrx_word' id='word_1_717' title='bbox 934 2411 999 2444; x_wconf 87' lang='lat' dir='ltr'><strong>ﬁde-</strong></span> 
     </span>
    </p>
   </div>
   <div class='ocr_carea' id='block_1_94' title="bbox 211 2454 999 2490">
    <p class='ocr_par' dir='ltr' id='par_1_94' title="bbox 211 2454 999 2490">
     <span class='ocr_line' id='line_1_94' title="bbox 211 2454 999 2490; baseline 0.003 -10"><span class='ocrx_word' id='word_1_718' title='bbox 211 2454 304 2481; x_wconf 87' lang='lat' dir='ltr'><strong>liorem</strong></span> <span class='ocrx_word' id='word_1_719' title='bbox 321 2455 424 2488; x_wconf 83' lang='lat' dir='ltr'><strong>scriptis</strong></span> <span class='ocrx_word' id='word_1_720' title='bbox 444 2459 564 2482; x_wconf 90' lang='lat' dir='ltr'><strong>nostram</strong></span> <span class='ocrx_word' id='word_1_721' title='bbox 582 2463 668 2482; x_wconf 87' lang='lat' dir='ltr'><strong>vocem</strong></span> <span class='ocrx_word' id='word_1_722' title='bbox 684 2454 809 2490; x_wconf 86' lang='lat' dir='ltr'><strong>judicare</strong></span> <span class='ocrx_word' id='word_1_723' title='bbox 826 2455 944 2482; x_wconf 85' lang='lat' dir='ltr'><strong>debuerit</strong></span> <span class='ocrx_word' id='word_1_724' title='bbox 964 2455 999 2482; x_wconf 89' lang='lat' dir='ltr'><strong>ad</strong></span> 
     </span>
    </p>
   </div>
   <div class='ocr_carea' id='block_1_95' title="bbox 211 2499 998 2536">
    <p class='ocr_par' dir='ltr' id='par_1_95' title="bbox 211 2499 998 2536">
     <span class='ocr_line' id='line_1_95' title="bbox 211 2499 998 2536; baseline 0.003 -11"><span class='ocrx_word' id='word_1_725' title='bbox 211 2499 397 2526; x_wconf 84' lang='lat' dir='ltr'><strong>documentum</strong></span> <span class='ocrx_word' id='word_1_726' title='bbox 415 2504 514 2526; x_wconf 80' lang='lat' dir='ltr'><strong>nostra:</strong></span> <span class='ocrx_word' id='word_1_727' title='bbox 528 2500 674 2532; x_wconf 77' lang='lat' dir='ltr'><strong>sententiae,</strong></span> <span class='ocrx_word' id='word_1_728' title='bbox 689 2508 768 2534; x_wconf 89' lang='lat' dir='ltr'><strong>quam</strong></span> <span class='ocrx_word' id='word_1_729' title='bbox 788 2501 815 2527; x_wconf 90' lang='lat' dir='ltr'><strong>in</strong></span> <span class='ocrx_word' id='word_1_730' title='bbox 831 2500 998 2536; x_wconf 82' lang='lat' dir='ltr'><strong>dogmatibus</strong></span> 
     </span>
    </p>
   </div>
   <div class='ocr_carea' id='block_1_96' title="bbox 213 2544 1001 2572">
    <p class='ocr_par' dir='ltr' id='par_1_96' title="bbox 213 2544 1001 2572">
     <span class='ocr_line' id='line_1_96' title="bbox 213 2544 1001 2572; baseline 0.003 -2"><span class='ocrx_word' id='word_1_731' title='bbox 213 2548 332 2571; x_wconf 88' lang='lat' dir='ltr'><strong>nostrum</strong></span> <span class='ocrx_word' id='word_1_732' title='bbox 352 2548 440 2570; x_wconf 82' lang='lat' dir='ltr'><strong>votum</strong></span> <span class='ocrx_word' id='word_1_733' title='bbox 461 2548 498 2569; x_wconf 80' lang='lat' dir='ltr'><strong>est</strong></span> <span class='ocrx_word' id='word_1_734' title='bbox 519 2551 682 2571; x_wconf 71' lang='lat' dir='ltr'><strong>conservare.</strong></span> <span class='ocrx_word' id='word_1_735' title='bbox 698 2544 768 2572; x_wconf 86' lang='lat' dir='ltr'><strong>Hinc</strong></span> <span class='ocrx_word' id='word_1_736' title='bbox 789 2545 930 2572; x_wconf 86' lang='lat' dir='ltr'><strong>concludit</strong></span> <span class='ocrx_word' id='word_1_737' title='bbox 948 2544 1001 2572; x_wconf 85' lang='lat' dir='ltr'><strong>Fa-</strong></span> 
     </span>
    </p>
   </div>
   <div class='ocr_carea' id='block_1_97' title="bbox 212 2582 999 2626">
    <p class='ocr_par' dir='ltr' id='par_1_97' title="bbox 212 2582 999 2626">
     <span class='ocr_line' id='line_1_97' title="bbox 212 2582 999 2626; baseline 0.001 -10"><span class='ocrx_word' id='word_1_738' title='bbox 212 2589 319 2616; x_wconf 89' lang='lat' dir='ltr'><strong>cundus</strong></span> <span class='ocrx_word' id='word_1_739' title='bbox 343 2598 352 2616; x_wconf 89' lang='lat'><strong>:</strong></span> <span class='ocrx_word' id='word_1_740' title='bbox 381 2582 523 2622; x_wconf 78' lang='lat' dir='ltr'><strong>Accepisti,</strong></span> <span class='ocrx_word' id='word_1_741' title='bbox 551 2588 752 2616; x_wconf 83' lang='lat' dir='ltr'><strong>clementissime</strong></span> <span class='ocrx_word' id='word_1_742' title='bbox 775 2590 930 2624; x_wconf 86' lang='lat' dir='ltr'><strong>imperator,</strong></span> <span class='ocrx_word' id='word_1_743' title='bbox 949 2599 999 2626; x_wconf 84' lang='lat' dir='ltr'><strong>quo</strong></span> 
     </span>
    </p>
   </div>
   <div class='ocr_carea' id='block_1_98' title="bbox 211 2634 999 2671">
    <p class='ocr_par' dir='ltr' id='par_1_98' title="bbox 211 2634 999 2671">
     <span class='ocr_line' id='line_1_98' title="bbox 211 2634 999 2671; baseline 0.004 -10"><span class='ocrx_word' id='word_1_744' title='bbox 211 2635 295 2662; x_wconf 86' lang='lat' dir='ltr'><strong>livore</strong></span> <span class='ocrx_word' id='word_1_745' title='bbox 310 2641 421 2668; x_wconf 83' lang='lat' dir='ltr'><strong>semper,</strong></span> <span class='ocrx_word' id='word_1_746' title='bbox 437 2639 461 2661; x_wconf 89' lang='lat' dir='ltr'><strong>et</strong></span> <span class='ocrx_word' id='word_1_747' title='bbox 476 2642 529 2668; x_wconf 88' lang='lat' dir='ltr'><strong>qua</strong></span> <span class='ocrx_word' id='word_1_748' title='bbox 545 2634 658 2668; x_wconf 87' lang='lat' dir='ltr'><strong>fallacia</strong></span> <span class='ocrx_word' id='word_1_749' title='bbox 672 2635 838 2662; x_wconf 85' lang='lat' dir='ltr'><strong>institutores</strong></span> <span class='ocrx_word' id='word_1_750' title='bbox 855 2635 999 2671; x_wconf 81' lang='lat' dir='ltr'><strong>Eutychia-</strong></span> 
     </span>
    </p>
   </div>
   <div class='ocr_carea' id='block_1_99' title="bbox 209 2679 999 2714">
    <p class='ocr_par' dir='ltr' id='par_1_99' title="bbox 209 2679 999 2714">
     <span class='ocr_line' id='line_1_99' title="bbox 209 2679 999 2714; baseline 0.003 -7"><span class='ocrx_word' id='word_1_751' title='bbox 209 2688 307 2707; x_wconf 72' lang='lat' dir='ltr'><strong>norum</strong></span> <span class='ocrx_word' id='word_1_752' title='bbox 330 2680 492 2714; x_wconf 74' lang='lat' dir='ltr'><strong>synusiastw</strong></span> <span class='ocrx_word' id='word_1_753' title='bbox 506 2679 627 2706; x_wconf 82' lang='lat' dir='ltr'><strong>insidiati</strong></span> <span class='ocrx_word' id='word_1_754' title='bbox 647 2679 746 2713; x_wconf 86' lang='lat' dir='ltr'><strong>fuerint</strong></span> <span class='ocrx_word' id='word_1_755' title='bbox 759 2680 838 2708; x_wconf 78' lang='lat' dir='ltr'><strong>dictis</strong></span> <span class='ocrx_word' id='word_1_756' title='bbox 857 2680 999 2714; x_wconf 86' lang='lat' dir='ltr'><strong>Theodori,</strong></span> 
     </span>
    </p>
   </div>
   <div class='ocr_carea' id='block_1_100' title="bbox 211 2726 1010 2762">
    <p class='ocr_par' dir='ltr' id='par_1_100' title="bbox 211 2726 1010 2762">
     <span class='ocr_line' id='line_1_100' title="bbox 211 2726 1010 2762; baseline 0.001 -8"><span class='ocrx_word' id='word_1_757' title='bbox 211 2732 236 2754; x_wconf 83' lang='lat' dir='ltr'><strong>et</strong></span> <span class='ocrx_word' id='word_1_758' title='bbox 250 2726 382 2762; x_wconf 86' lang='lat' dir='ltr'><strong>quomodo</strong></span> <span class='ocrx_word' id='word_1_759' title='bbox 407 2727 564 2754; x_wconf 79' lang='lat' dir='ltr'><strong>tentaverint</strong></span> <span class='ocrx_word' id='word_1_760' title='bbox 593 2727 784 2755; x_wconf 87' lang='lat' dir='ltr'><strong>levissimorunt</strong></span> <span class='ocrx_word' id='word_1_761' title='bbox 809 2728 1010 2756; x_wconf 70' lang='lat' dir='ltr'><strong>cat&#39;ltolicorum‘</strong></span> 
     </span>
    </p>
   </div>
   <div class='ocr_carea' id='block_1_101' title="bbox 212 2772 1001 2810">
    <p class='ocr_par' dir='ltr' id='par_1_101' title="bbox 212 2772 1001 2810">
     <span class='ocr_line' id='line_1_101' title="bbox 212 2772 1001 2810; baseline 0.001 -9"><span class='ocrx_word' id='word_1_762' title='bbox 212 2778 310 2801; x_wconf 86' lang='lat' dir='ltr'><strong>mentes</strong></span> <span class='ocrx_word' id='word_1_763' title='bbox 327 2782 343 2800; x_wconf 91' lang='lat' dir='ltr'><strong>a</strong></span> <span class='ocrx_word' id='word_1_764' title='bbox 355 2772 480 2800; x_wconf 84' lang='lat' dir='ltr'><strong>doctrina</strong></span> <span class='ocrx_word' id='word_1_765' title='bbox 494 2773 550 2807; x_wconf 87' lang='lat' dir='ltr'><strong>ejus</strong></span> <span class='ocrx_word' id='word_1_766' title='bbox 567 2778 694 2807; x_wconf 81' lang='lat' dir='ltr'><strong>avertere,</strong></span> <span class='ocrx_word' id='word_1_767' title='bbox 709 2780 737 2801; x_wconf 89' lang='lat' dir='ltr'><strong>ut</strong></span> <span class='ocrx_word' id='word_1_768' title='bbox 754 2782 805 2801; x_wconf 88' lang='lat' dir='ltr'><strong>non</strong></span> <span class='ocrx_word' id='word_1_769' title='bbox 823 2774 907 2802; x_wconf 82' lang='lat' dir='ltr'><strong>solum</strong></span> <span class='ocrx_word' id='word_1_770' title='bbox 922 2783 1001 2810; x_wconf 74' lang='lat' dir='ltr'><strong>prave</strong></span> 
     </span>
    </p>
   </div>
   <div class='ocr_carea' id='block_1_102' title="bbox 213 2820 1000 2854">
    <p class='ocr_par' dir='ltr' id='par_1_102' title="bbox 213 2820 1000 2854">
     <span class='ocr_line' id='line_1_102' title="bbox 213 2820 1000 2854; baseline 0.001 -8"><span class='ocrx_word' id='word_1_771' title='bbox 213 2820 449 2854; x_wconf 81' lang='lat' dir='ltr'><strong>interpretarentur</strong></span> <span class='ocrx_word' id='word_1_772' title='bbox 461 2827 493 2846; x_wconf 88' lang='lat' dir='ltr'><strong>ea</strong></span> <span class='ocrx_word' id='word_1_773' title='bbox 508 2827 566 2854; x_wconf 65' lang='lat' dir='ltr'><strong>quae</strong></span> <span class='ocrx_word' id='word_1_774' title='bbox 585 2820 632 2846; x_wconf 90' lang='lat' dir='ltr'><strong>ille</strong></span> <span class='ocrx_word' id='word_1_775' title='bbox 647 2825 716 2847; x_wconf 88' lang='lat' dir='ltr'><strong>recto</strong></span> <span class='ocrx_word' id='word_1_776' title='bbox 734 2828 811 2847; x_wconf 83' lang='lat' dir='ltr'><strong>sensu</strong></span> <span class='ocrx_word' id='word_1_777' title='bbox 832 2820 940 2847; x_wconf 89' lang='lat' dir='ltr'><strong>docebat</strong></span> <span class='ocrx_word' id='word_1_778' title='bbox 953 2822 1000 2847; x_wconf 73' lang='grc' dir='ltr'><strong>οὺ·</strong></span> 
     </span>
    </p>
   </div>
   <div class='ocr_carea' id='block_1_103' title="bbox 215 2865 998 2902">
    <p class='ocr_par' dir='ltr' id='par_1_103' title="bbox 215 2865 998 2902">
     <span class='ocr_line' id='line_1_103' title="bbox 215 2865 998 2902; baseline 0.001 -9"><span class='ocrx_word' id='word_1_779' title='bbox 215 2866 271 2894; x_wconf 71' lang='lat' dir='ltr'><strong>vius</strong></span> <span class='ocrx_word' id='word_1_780' title='bbox 282 2874 373 2894; x_wconf 84' lang='lat' dir='ltr'><strong>eorum</strong></span> <span class='ocrx_word' id='word_1_781' title='bbox 386 2865 517 2899; x_wconf 66' lang='lat' dir='ltr'><strong>stultitia,</strong></span> <span class='ocrx_word' id='word_1_782' title='bbox 535 2873 623 2894; x_wconf 81' lang='lat' dir='ltr'><strong>verum</strong></span> <span class='ocrx_word' id='word_1_783' title='bbox 646 2866 725 2894; x_wconf 84' lang='lat' dir='ltr'><strong>etiam</strong></span> <span class='ocrx_word' id='word_1_784' title='bbox 744 2866 825 2895; x_wconf 84' lang='lat' dir='ltr'><strong>libros</strong></span> <span class='ocrx_word' id='word_1_785' title='bbox 842 2866 899 2902; x_wconf 78' lang='lat' dir='ltr'><strong>ejus</strong></span> <span class='ocrx_word' id='word_1_786' title='bbox 916 2867 998 2895; x_wconf 79' lang='lat' dir='ltr'><strong>inter-</strong></span> 
     </span>
    </p>
   </div>
   <div class='ocr_carea' id='block_1_104' title="bbox 1048 2262 1836 2306">
    <p class='ocr_par' dir='ltr' id='par_1_104' title="bbox 1048 2262 1836 2306">
     <span class='ocr_line' id='line_1_104' title="bbox 1048 2262 1836 2306; baseline -0.014 -7"><span class='ocrx_word' id='word_1_787' title='bbox 1048 2262 1219 2306; x_wconf 17' lang='grc' dir='ltr'><strong>ὃνΖασράδης</strong></span> <span class='ocrx_word' id='word_1_788' title='bbox 1239 2268 1414 2303; x_wconf 82' lang='grc' dir='ltr'><strong>εἰσηγήσατο,</strong></span> <span class='ocrx_word' id='word_1_789' title='bbox 1430 2267 1489 2302; x_wconf 72' lang='grc' dir='ltr'>ἦτοι</span> <span class='ocrx_word' id='word_1_790' title='bbox 1504 2265 1568 2300; x_wconf 68' lang='grc' dir='ltr'>περὶ</span> <span class='ocrx_word' id='word_1_791' title='bbox 1580 2264 1626 2291; x_wconf 74' lang='grc' dir='ltr'><strong>τοῦ</strong></span> <span class='ocrx_word' id='word_1_792' title='bbox 1651 2262 1789 2298; x_wconf 82' lang='grc' dir='ltr'>Ζαρουὰμ,</span> <span class='ocrx_word' id='word_1_793' title='bbox 1807 2263 1836 2289; x_wconf 84' lang='grc' dir='ltr'>ὃν</span> 
     </span>
    </p>
   </div>
   <div class='ocr_carea' id='block_1_105' title="bbox 1049 2309 1837 2352">
    <p class='ocr_par' dir='ltr' id='par_1_105' title="bbox 1049 2309 1837 2352">
     <span class='ocr_line' id='line_1_105' title="bbox 1049 2309 1837 2352; baseline -0.01 -9"><span class='ocrx_word' id='word_1_794' title='bbox 1049 2317 1168 2352; x_wconf 81' lang='grc' dir='ltr'><strong>ἀρχηγὸν</strong></span> <span class='ocrx_word' id='word_1_795' title='bbox 1190 2315 1297 2342; x_wconf 77' lang='grc' dir='ltr'>πάντων</span> <span class='ocrx_word' id='word_1_796' title='bbox 1321 2310 1436 2347; x_wconf 77' lang='grc' dir='ltr'><strong>εἰσάγει,</strong></span> <span class='ocrx_word' id='word_1_797' title='bbox 1461 2311 1490 2338; x_wconf 81' lang='grc' dir='ltr'>ὃν</span> <span class='ocrx_word' id='word_1_798' title='bbox 1509 2311 1556 2338; x_wconf 75' lang='grc' dir='ltr'><strong>καὶ</strong></span> <span class='ocrx_word' id='word_1_799' title='bbox 1574 2310 1658 2345; x_wconf 82' lang='grc' dir='ltr'><strong>τύχην</strong></span> <span class='ocrx_word' id='word_1_800' title='bbox 1674 2309 1766 2336; x_wconf 60' lang='grc' dir='ltr'><strong>καλά’</strong></span> <span class='ocrx_word' id='word_1_801' title='bbox 1791 2310 1837 2336; x_wconf 76' lang='grc' dir='ltr'><strong>καὶ</strong></span> 
     </span>
    </p>
   </div>
   <div class='ocr_carea' id='block_1_106' title="bbox 1049 2356 1838 2395">
    <p class='ocr_par' dir='ltr' id='par_1_106' title="bbox 1049 2356 1838 2395">
     <span class='ocr_line' id='line_1_106' title="bbox 1049 2356 1838 2395; baseline -0.008 -6"><span class='ocrx_word' id='word_1_802' title='bbox 1049 2364 1089 2390; x_wconf 79' lang='grc' dir='ltr'><strong>ὅτι</strong></span> <span class='ocrx_word' id='word_1_803' title='bbox 1106 2361 1234 2392; x_wconf 80' lang='grc' dir='ltr'><strong>σπένδων,</strong></span> <span class='ocrx_word' id='word_1_804' title='bbox 1255 2360 1299 2386; x_wconf 79' lang='grc' dir='ltr'><strong>ἵνα.</strong></span> <span class='ocrx_word' id='word_1_805' title='bbox 1313 2359 1379 2395; x_wconf 83' lang='grc' dir='ltr'><strong>τέκῃ</strong></span> <span class='ocrx_word' id='word_1_806' title='bbox 1391 2359 1436 2385; x_wconf 81' lang='grc' dir='ltr'><strong>τὸν</strong></span> <span class='ocrx_word' id='word_1_807' title='bbox 1453 2357 1609 2393; x_wconf 79' lang='grc' dir='ltr'>Ὁρμισδαν,</span> <span class='ocrx_word' id='word_1_808' title='bbox 1624 2356 1714 2382; x_wconf 75' lang='grc' dir='ltr'>ἔτεκεν</span> <span class='ocrx_word' id='word_1_809' title='bbox 1735 2356 1838 2383; x_wconf 76' lang='grc' dir='ltr'>ἐκεῖνον</span> 
     </span>
    </p>
   </div>
   <div class='ocr_carea' id='block_1_107' title="bbox 1049 2403 1836 2443">
    <p class='ocr_par' dir='ltr' id='par_1_107' title="bbox 1049 2403 1836 2443">
     <span class='ocr_line' id='line_1_107' title="bbox 1049 2403 1836 2443; baseline -0.01 -6"><span class='ocrx_word' id='word_1_810' title='bbox 1049 2411 1096 2438; x_wconf 73' lang='grc' dir='ltr'>καὶ</span> <span class='ocrx_word' id='word_1_811' title='bbox 1112 2410 1157 2436; x_wconf 82' lang='grc' dir='ltr'><strong>τὸν</strong></span> <span class='ocrx_word' id='word_1_812' title='bbox 1173 2409 1296 2436; x_wconf 80' lang='grc' dir='ltr'><strong>Σατανᾶν</strong></span> <span class='ocrx_word' id='word_1_813' title='bbox 1306 2417 1313 2424; x_wconf 69' lang='grc'><strong><em>⁸</em></strong></span> <span class='ocrx_word' id='word_1_814' title='bbox 1329 2408 1376 2434; x_wconf 73' lang='grc' dir='ltr'><strong>καὶ</strong></span> <span class='ocrx_word' id='word_1_815' title='bbox 1393 2407 1457 2443; x_wconf 81' lang='grc' dir='ltr'>περὶ</span> <span class='ocrx_word' id='word_1_816' title='bbox 1478 2406 1528 2440; x_wconf 79' lang='grc' dir='ltr'><strong>τῆς</strong></span> <span class='ocrx_word' id='word_1_817' title='bbox 1551 2405 1640 2432; x_wconf 80' lang='grc' dir='ltr'>αὐτῶν</span> <span class='ocrx_word' id='word_1_818' title='bbox 1662 2403 1819 2439; x_wconf 74' lang='grc' dir='ltr'><strong>αἱμομιξίας</strong></span> <span class='ocrx_word' id='word_1_819' title='bbox 1829 2413 1836 2421; x_wconf 80' lang='lat'><strong><em>~</em></strong></span> 
     </span>
    </p>
   </div>
   <div class='ocr_carea' id='block_1_108' title="bbox 1049 2448 1838 2486">
    <p class='ocr_par' dir='ltr' id='par_1_108' title="bbox 1049 2448 1838 2486">
     <span class='ocr_line' id='line_1_108' title="bbox 1049 2448 1838 2486; baseline -0.01 -4"><span class='ocrx_word' id='word_1_820' title='bbox 1049 2455 1097 2482; x_wconf 77' lang='grc' dir='ltr'><strong>καὶ</strong></span> <span class='ocrx_word' id='word_1_821' title='bbox 1110 2453 1201 2485; x_wconf 66' lang='grc' dir='ltr'><strong>ἁπλῶς</strong></span> <span class='ocrx_word' id='word_1_822' title='bbox 1215 2453 1246 2479; x_wconf 80' lang='grc' dir='ltr'>τὸ</span> <span class='ocrx_word' id='word_1_823' title='bbox 1257 2452 1386 2484; x_wconf 74' lang='grc' dir='ltr'><strong>δυσσεῦὲς</strong></span> <span class='ocrx_word' id='word_1_824' title='bbox 1405 2452 1451 2478; x_wconf 75' lang='grc' dir='ltr'>καὶ</span> <span class='ocrx_word' id='word_1_825' title='bbox 1468 2450 1651 2486; x_wconf 80' lang='grc' dir='ltr'><strong>ὑπέραισχρον</strong></span> <span class='ocrx_word' id='word_1_826' title='bbox 1665 2449 1752 2484; x_wconf 73' lang='grc' dir='ltr'><strong>δόγμα</strong></span> <span class='ocrx_word' id='word_1_827' title='bbox 1767 2448 1838 2475; x_wconf 81' lang='grc' dir='ltr'><strong>κατὰ</strong></span> 
     </span>
    </p>
   </div>
   <div class='ocr_carea' id='block_1_109' title="bbox 1049 2493 1839 2533">
    <p class='ocr_par' dir='ltr' id='par_1_109' title="bbox 1049 2493 1839 2533">
     <span class='ocr_line' id='line_1_109' title="bbox 1049 2493 1839 2533; baseline -0.011 -5"><span class='ocrx_word' id='word_1_828' title='bbox 1049 2501 1120 2533; x_wconf 77' lang='grc' dir='ltr'>λέξιν</span> <span class='ocrx_word' id='word_1_829' title='bbox 1137 2500 1226 2531; x_wconf 72' lang='grc' dir='ltr'>ἐκθεὶς</span> <span class='ocrx_word' id='word_1_830' title='bbox 1241 2498 1419 2530; x_wconf 77' lang='grc' dir='ltr'><strong>ἀνασκευάζει</strong></span> <span class='ocrx_word' id='word_1_831' title='bbox 1435 2497 1465 2523; x_wconf 82' lang='grc' dir='ltr'>ὲν</span> <span class='ocrx_word' id='word_1_832' title='bbox 1483 2496 1521 2532; x_wconf 87' lang='grc' dir='ltr'><strong>τῷ</strong></span> <span class='ocrx_word' id='word_1_833' title='bbox 1544 2495 1646 2531; x_wconf 82' lang='grc' dir='ltr'>πρώτῳ</span> <span class='ocrx_word' id='word_1_834' title='bbox 1662 2495 1749 2529; x_wconf 90' lang='grc' dir='ltr'><strong>λόγῳ·</strong></span> <span class='ocrx_word' id='word_1_835' title='bbox 1765 2495 1792 2520; x_wconf 82' lang='grc' dir='ltr'>ὲν</span> <span class='ocrx_word' id='word_1_836' title='bbox 1809 2493 1839 2519; x_wconf 85' lang='grc' dir='ltr'><strong>δὲ</strong></span> 
     </span>
    </p>
   </div>
   <div class='ocr_carea' id='block_1_110' title="bbox 1048 2538 1837 2579">
    <p class='ocr_par' dir='ltr' id='par_1_110' title="bbox 1048 2538 1837 2579">
     <span class='ocr_line' id='line_1_110' title="bbox 1048 2538 1837 2579; baseline -0.013 -5"><span class='ocrx_word' id='word_1_837' title='bbox 1048 2549 1106 2579; x_wconf 81' lang='grc' dir='ltr'>τοῖς</span> <span class='ocrx_word' id='word_1_838' title='bbox 1119 2546 1222 2577; x_wconf 82' lang='grc' dir='ltr'><strong>λοιποῖς</strong></span> <span class='ocrx_word' id='word_1_839' title='bbox 1236 2545 1295 2571; x_wconf 75' lang='grc' dir='ltr'><strong>δυσὶ</strong></span> <span class='ocrx_word' id='word_1_840' title='bbox 1317 2543 1405 2578; x_wconf 86' lang='grc' dir='ltr'>λόγοις</span> <span class='ocrx_word' id='word_1_841' title='bbox 1419 2543 1453 2570; x_wconf 83' lang='grc' dir='ltr'><strong>τὰ</strong></span> <span class='ocrx_word' id='word_1_842' title='bbox 1470 2544 1534 2578; x_wconf 76' lang='grc' dir='ltr'>περὶ</span> <span class='ocrx_word' id='word_1_843' title='bbox 1553 2541 1603 2576; x_wconf 79' lang='grc' dir='ltr'><strong>τῆς</strong></span> <span class='ocrx_word' id='word_1_844' title='bbox 1619 2540 1747 2571; x_wconf 78' lang='grc' dir='ltr'><strong>εὐσεϐοῦς</strong></span> <span class='ocrx_word' id='word_1_845' title='bbox 1766 2538 1837 2574; x_wconf 78' lang='grc' dir='ltr'>διέρ-</span> 
     </span>
    </p>
   </div>
   <div class='ocr_carea' id='block_1_111' title="bbox 1049 2585 1838 2628">
    <p class='ocr_par' dir='ltr' id='par_1_111' title="bbox 1049 2585 1838 2628">
     <span class='ocr_line' id='line_1_111' title="bbox 1049 2585 1838 2628; baseline -0.013 -8"><span class='ocrx_word' id='word_1_846' title='bbox 1049 2602 1123 2628; x_wconf 84' lang='grc' dir='ltr'><strong>χεται</strong></span> <span class='ocrx_word' id='word_1_847' title='bbox 1142 2592 1272 2623; x_wconf 76' lang='grc' dir='ltr'><strong>πίστεως,</strong></span> <span class='ocrx_word' id='word_1_848' title='bbox 1285 2590 1339 2617; x_wconf 83' lang='grc' dir='ltr'><strong>ἀπὸ</strong></span> <span class='ocrx_word' id='word_1_849' title='bbox 1357 2590 1406 2624; x_wconf 84' lang='grc' dir='ltr'><strong>τῆς</strong></span> <span class='ocrx_word' id='word_1_850' title='bbox 1418 2587 1595 2624; x_wconf 78' lang='grc' dir='ltr'>κοσμογονίας</span> <span class='ocrx_word' id='word_1_851' title='bbox 1609 2586 1771 2622; x_wconf 81' lang='grc' dir='ltr'>ἀρξάμενος,</span> <span class='ocrx_word' id='word_1_852' title='bbox 1790 2585 1838 2628; x_wconf 61' lang='lat' dir='ltr'><strong>uel</strong></span> 
     </span>
    </p>
   </div>
   <div class='ocr_carea' id='block_1_112' title="bbox 1050 2627 1838 2673">
    <p class='ocr_par' dir='ltr' id='par_1_112' title="bbox 1050 2627 1838 2673">
     <span class='ocr_line' id='line_1_112' title="bbox 1050 2627 1838 2673; baseline -0.013 -9"><span class='ocrx_word' id='word_1_853' title='bbox 1050 2627 1114 2673; x_wconf 62' lang='grc' dir='ltr'><strong>λτιερὶ</strong></span> <span class='ocrx_word' id='word_1_854' title='bbox 1136 2636 1222 2671; x_wconf 80' lang='grc' dir='ltr'><strong>αὐτῆς</strong></span> <span class='ocrx_word' id='word_1_855' title='bbox 1242 2635 1292 2669; x_wconf 81' lang='grc' dir='ltr'><strong>τῆς</strong></span> <span class='ocrx_word' id='word_1_856' title='bbox 1315 2634 1426 2669; x_wconf 80' lang='grc' dir='ltr'>χάριτος</span> <span class='ocrx_word' id='word_1_857' title='bbox 1448 2632 1557 2668; x_wconf 78' lang='grc' dir='ltr'><strong>ὁμοίως,</strong></span> <span class='ocrx_word' id='word_1_858' title='bbox 1584 2631 1631 2657; x_wconf 76' lang='grc' dir='ltr'><strong>καὶ</strong></span> <span class='ocrx_word' id='word_1_859' title='bbox 1658 2627 1838 2673; x_wconf 52' lang='grc' dir='ltr'><strong>ὲπιτροχάξην</strong></span> 
     </span>
    </p>
   </div>
   <div class='ocr_carea' id='block_1_113' title="bbox 1049 2671 1837 2713">
    <p class='ocr_par' dir='ltr' id='par_1_113' title="bbox 1049 2671 1837 2713">
     <span class='ocr_line' id='line_1_113' title="bbox 1049 2671 1837 2713; baseline -0.013 -4"><span class='ocrx_word' id='word_1_860' title='bbox 1049 2671 1175 2709; x_wconf 55' lang='grc' dir='ltr'>διελθών·</span> <span class='ocrx_word' id='word_1_861' title='bbox 1197 2677 1273 2712; x_wconf 68' lang='grc' dir='ltr'>οὗτος</span> <span class='ocrx_word' id='word_1_862' title='bbox 1296 2680 1318 2706; x_wconf 86' lang='grc' dir='ltr'><strong>δ’</strong></span> <span class='ocrx_word' id='word_1_863' title='bbox 1337 2680 1351 2705; x_wconf 84' lang='grc' dir='ltr'><strong>ὁ</strong></span> <span class='ocrx_word' id='word_1_864' title='bbox 1367 2678 1504 2713; x_wconf 81' lang='grc' dir='ltr'><strong>Θεόδωρος</strong></span> <span class='ocrx_word' id='word_1_865' title='bbox 1522 2678 1535 2703; x_wconf 83' lang='grc' dir='ltr'><strong>ὁ</strong></span> <span class='ocrx_word' id='word_1_866' title='bbox 1557 2675 1743 2711; x_wconf 67' lang='grc' dir='ltr'><strong>Μοψουεστίας</strong></span> <span class='ocrx_word' id='word_1_867' title='bbox 1769 2671 1837 2700; x_wconf 80' lang='grc' dir='ltr'>εἶναι</span> 
     </span>
    </p>
   </div>
   <div class='ocr_carea' id='block_1_114' title="bbox 1050 2719 1838 2762">
    <p class='ocr_par' dir='ltr' id='par_1_114' title="bbox 1050 2719 1838 2762">
     <span class='ocr_line' id='line_1_114' title="bbox 1050 2719 1838 2762; baseline -0.014 -7"><span class='ocrx_word' id='word_1_868' title='bbox 1050 2729 1137 2755; x_wconf 82' lang='grc' dir='ltr'>δοκεῖ·</span> <span class='ocrx_word' id='word_1_869' title='bbox 1152 2727 1200 2762; x_wconf 84' lang='grc' dir='ltr'><strong>τήν</strong></span> <span class='ocrx_word' id='word_1_870' title='bbox 1216 2734 1246 2752; x_wconf 83' lang='grc' dir='ltr'><strong>τε</strong></span> <span class='ocrx_word' id='word_1_871' title='bbox 1258 2725 1312 2760; x_wconf 85' lang='grc' dir='ltr'>γὰρ</span> <span class='ocrx_word' id='word_1_872' title='bbox 1325 2723 1472 2758; x_wconf 83' lang='grc' dir='ltr'>Νεστορίου</span> <span class='ocrx_word' id='word_1_873' title='bbox 1488 2722 1602 2758; x_wconf 76' lang='grc' dir='ltr'><strong>αἵρεσιν,</strong></span> <span class='ocrx_word' id='word_1_874' title='bbox 1618 2721 1664 2747; x_wconf 72' lang='grc' dir='ltr'><strong>καὶ</strong></span> <span class='ocrx_word' id='word_1_875' title='bbox 1679 2720 1794 2756; x_wconf 80' lang='grc' dir='ltr'><strong>μάλιστα</strong></span> <span class='ocrx_word' id='word_1_876' title='bbox 1808 2719 1838 2745; x_wconf 85' lang='grc' dir='ltr'>ὲν</span> 
     </span>
    </p>
   </div>
   <div class='ocr_carea' id='block_1_115' title="bbox 1049 2763 1838 2809">
    <p class='ocr_par' dir='ltr' id='par_1_115' title="bbox 1049 2763 1838 2809">
     <span class='ocr_line' id='line_1_115' title="bbox 1049 2763 1838 2809; baseline -0.014 -8"><span class='ocrx_word' id='word_1_877' title='bbox 1049 2774 1089 2809; x_wconf 85' lang='grc' dir='ltr'><strong>τῷ</strong></span> <span class='ocrx_word' id='word_1_878' title='bbox 1110 2772 1193 2809; x_wconf 81' lang='grc' dir='ltr'>τρίτῳ</span> <span class='ocrx_word' id='word_1_879' title='bbox 1216 2771 1288 2806; x_wconf 81' lang='grc' dir='ltr'>λόγῳ</span> <span class='ocrx_word' id='word_1_880' title='bbox 1313 2768 1501 2805; x_wconf 77' lang='grc' dir='ltr'>ὲπικρατύνων</span> <span class='ocrx_word' id='word_1_881' title='bbox 1527 2766 1750 2803; x_wconf 80' lang='grc' dir='ltr'>προσαναφωνεῖ-</span> <span class='ocrx_word' id='word_1_882' title='bbox 1770 2763 1838 2791; x_wconf 76' lang='grc' dir='ltr'>ἀλλὰ</span> 
     </span>
    </p>
   </div>
   <div class='ocr_carea' id='block_1_116' title="bbox 1051 2809 1837 2854">
    <p class='ocr_par' dir='ltr' id='par_1_116' title="bbox 1051 2809 1837 2854">
     <span class='ocr_line' id='line_1_116' title="bbox 1051 2809 1837 2854; baseline -0.015 -7"><span class='ocrx_word' id='word_1_883' title='bbox 1051 2821 1098 2847; x_wconf 71' lang='lat' dir='ltr'><strong>xu‘t</strong></span> <span class='ocrx_word' id='word_1_884' title='bbox 1120 2819 1168 2854; x_wconf 83' lang='grc' dir='ltr'><strong>τὴν</strong></span> <span class='ocrx_word' id='word_1_885' title='bbox 1188 2818 1242 2844; x_wconf 85' lang='grc' dir='ltr'><strong>τῶν</strong></span> <span class='ocrx_word' id='word_1_886' title='bbox 1263 2815 1430 2854; x_wconf 81' lang='grc' dir='ltr'><strong>ἁμαρτωλῶν</strong></span> <span class='ocrx_word' id='word_1_887' title='bbox 1450 2813 1671 2841; x_wconf 78' lang='grc' dir='ltr'><strong>ἀποκατάστασιν</strong></span> <span class='ocrx_word' id='word_1_888' title='bbox 1694 2809 1837 2846; x_wconf 81' lang='grc' dir='ltr'>τερατεύε-</span> 
     </span>
    </p>
   </div>
   <div class='ocr_carea' id='block_1_117' title="bbox 1052 2854 1838 2896">
    <p class='ocr_par' dir='ltr' id='par_1_117' title="bbox 1052 2854 1838 2896">
     <span class='ocr_line' id='line_1_117' title="bbox 1052 2854 1838 2896; baseline -0.013 -3"><span class='ocrx_word' id='word_1_889' title='bbox 1052 2875 1105 2895; x_wconf 74' lang='grc' dir='ltr'><strong>ται.</strong></span> <span class='ocrx_word' id='word_1_890' title='bbox 1127 2864 1198 2893; x_wconf 77' lang='lat' dir='ltr'><strong>Lecti</strong></span> <span class='ocrx_word' id='word_1_891' title='bbox 1217 2868 1277 2892; x_wconf 86' lang='lat' dir='ltr'><strong>sunt</strong></span> <span class='ocrx_word' id='word_1_892' title='bbox 1295 2861 1424 2891; x_wconf 83' lang='lat' dir='ltr'><strong>Theodori</strong></span> <span class='ocrx_word' id='word_1_893' title='bbox 1440 2860 1478 2889; x_wconf 86' lang='lat' dir='ltr'><strong>De</strong></span> <span class='ocrx_word' id='word_1_894' title='bbox 1495 2860 1600 2896; x_wconf 80' lang='lat' dir='ltr'><strong>persica</strong></span> <span class='ocrx_word' id='word_1_895' title='bbox 1612 2857 1711 2893; x_wconf 76' lang='lat' dir='ltr'><strong>magia,</strong></span> <span class='ocrx_word' id='word_1_896' title='bbox 1728 2860 1756 2884; x_wconf 86' lang='lat' dir='ltr'><strong>ct</strong></span> <span class='ocrx_word' id='word_1_897' title='bbox 1771 2854 1838 2891; x_wconf 69' lang='lat' dir='ltr'><strong>quid</strong></span> 
     </span>
    </p>
   </div>
  </div>
