1947 3071
147 140 186 170 95
788 139 832 166 EX
853 137 977 167 LEONIS
1002 139 1138 166 ALLATII
1737 141 1773 168 96

151 207 166 226 a
182 200 227 234 pio
241 199 316 226 cultu
333 198 451 229 dill'erat,
467 197 549 224 libelli
570 203 632 231 tres,
650 207 714 234 quos
731 197 862 225 Mastubio
882 196 936 223 Ar-
953 198 974 226 Α
990 196 1118 225 Nicolaus
1137 198 1314 231 Alemannus,
1330 198 1377 233 qui
1392 198 1477 225 risum
1493 199 1590 233 qumrit
1605 197 1631 224 in
1644 198 1773 233 lacrymis

151 254 244 278 meno,
268 245 479 278 cliorepiscopum
505 245 602 279 agenti.
629 244 759 271 inscribit.
787 243 823 270 Ac
848 244 935 278 primo

150 291 256 326 quidem
284 289 351 316 libro
366 290 473 324 exponit
497 289 640 324 nefandum
667 289 809 316 ['ersarum
827 289 935 324 dogma,

152 335 222 370 quod
237 334 369 361 Zasrades
387 335 491 361 induxit
503 343 512 367 ;
527 335 579 362 sive
593 335 624 362 de
636 334 766 366 Zaruam,
780 342 855 368 quem
867 335 937 368 prin-

151 381 234 414 cipem
255 381 371 407 omniunt
393 380 468 414 facit,
488 385 514 407 et
534 381 669 415 fortunam
692 381 773 407 etiam
802 380 936 413 appellat;

152 427 212 452 hinc
229 426 354 452 libatione
367 426 467 457 oblata.
481 432 510 452 ut
531 425 705 452 Hormisdam
723 426 847 460 gigneret,
864 430 889 452 et
903 425 937 451 il-

153 470 208 496 lum
221 475 244 497 et
259 470 388 498 Satanam
411 475 538 505 prarterea
552 470 688 505 genuisse;
703 470 734 496 de
757 477 845 496 eorum
864 470 937 496 insu-

152 525 198 551 per
223 517 360 551 sanguinis
383 517 503 544 mixtione
527 517 644 546 (incestis
671 515 798 549 nuptiis);
828 515 938 547 denique

153 561 198 588 ubi
209 562 363 596 simpliciter
375 562 483 595 impium
495 566 518 588 et
531 562 714 595 perobsrenum
726 560 821 595 dogma
832 560 869 586 ad
884 568 938 586 rer-

153 608 214 634 bum
231 609 377 641 proposuit,
399 608 486 641 priore
510 607 579 634 illud
600 607 668 634 libro
691 607 799 641 refellit.
820 606 937 638 Reliquis

151 653 254 680 duobus
278 653 309 679 de
333 653 394 686 ﬁdei
417 654 461 686 pia
489 653 611 680 doctrina
634 658 743 686 tractat,
772 653 900 687 ductoque
921 661 938 679 a

153 700 243 725 nmndi
271 699 401 725 creatione
425 698 543 730 exordio,
570 700 605 726 ad
632 700 716 733 ipsam
740 698 820 734 legem
844 699 938 733 gratia:

151 745 211 778 pari
240 744 317 771 modo
342 745 441 771 cursim
472 745 610 772 dilabitur.
640 745 689 772 llic
713 744 864 772 Theodorus
894 744 938 770 ille

154 788 352 823 Mopsuestenus
365 798 420 816 esse
442 790 575 822 creditur;
596 789 714 817 Nestorii
731 790 799 816 enim
816 789 937 816 ltwresint

154 835 268 861 maxime
284 834 351 861 libro
373 836 448 862 tertio
464 836 625 869 conﬁrmans
649 836 806 870 proclamat.
821 835 890 867 Quin
912 839 938 861 et

154 881 293 914 impiorum
319 881 346 907 in
372 881 514 916 pristinum
537 886 636 908 statum
663 881 855 908 restitutionem
878 889 938 908 con-

153 927 239 961 ﬁngit.
491 960 494 963 γ

189 972 321 999 Aduersus
337 972 441 999 Iuliani
455 972 590 1007 Apostattz
603 973 749 1000 calumnias
764 973 790 1000 in
805 972 938 1000 Christia-

155 1025 213 1050 nos,
231 1017 358 1044 laudatur
371 1018 397 1045 in
415 1023 509 1046 catena
525 1018 618 1046 Grieca
633 1019 667 1045 ad
681 1018 781 1046 Lucam
797 1019 834 1053 (a)
851 1029 857 1046 :
873 1019 939 1045 Θεο-

154 1063 239 1098 δώρου
253 1063 438 1098 Μοψουεστίας
453 1065 484 1090 ἐκ
501 1064 552 1090 τῶν
562 1064 642 1099 Πρὸς
654 1065 707 1098 τὰς
721 1065 795 1093 κατὰ
808 1073 939 1099 χριστια-

153 1107 215 1133 νῶν
228 1109 405 1143 κατηγορίας
425 1109 587 1136 Ἰουλιανοῦ
609 1109 662 1136 τοῦ
686 1110 875 1144 παραϐάτου·
899 1111 940 1137 Ea:

155 1155 350 1180 commentariis
363 1153 491 1181 Theodori
505 1153 681 1188 Hopsuesteni
696 1156 827 1184 adversus
837 1155 938 1183 Juliani

155 1199 304 1226 desertoris
318 1199 525 1227 criminationes
539 1200 566 1227 in
586 1200 766 1228 Christianos.

192 1243 342 1279 Epistolam
376 1245 411 1271 ad
439 1245 572 1272 Damnum
604 1246 696 1273 laudat
721 1246 883 1274 Anastasius
913 1247 939 1274 in

155 1291 248 1326 ecloge
263 1290 404 1324 Χρήσεων
417 1291 603 1326 δογματικῶν
617 1291 659 1319 his
673 1292 762 1319 verbis
778 1302 784 1319 :
802 1292 940 1328 Θεοδώρου

156 1336 343 1371 Μοψουεστίας
367 1337 399 1362 ἐκ
416 1337 464 1371 τῆς
481 1337 549 1372 πρὸς
563 1337 664 1372 Δόμνον
688 1337 845 1373 ἐπιστολῆς·
863 1339 942 1366 Theo-

156 1383 215 1409 dori
235 1381 413 1416 Mopsuesteni
426 1390 458 1409 ea;
472 1382 583 1416 epistola
596 1383 629 1409 ad
643 1382 775 1409 Damnum
790 1383 837 1418 (b).

192 1428 341 1463 Epistolam
357 1429 391 1454 ad
415 1428 563 1455 Artemium
583 1429 791 1456 Alexandrinum
810 1430 942 1465 presbyte-

157 1481 226 1500 rum.
241 1473 276 1500 Ex
297 1481 329 1500 ea
342 1473 437 1500 recitat
453 1474 543 1508 aliqua
562 1473 707 1502 Facundus
720 1475 766 1502 lib.
784 1483 825 1507 ιιι,
841 1483 900 1510 cap.
913 1476 940 1503 5.

987 241 1121 270 Theodori
1143 243 1312 278 paenitentis,
1336 243 1443 278 sibique
1463 243 1581 270 fortasse
1602 244 1726 278 permisit
1744 245 1772 271 in

987 288 1037 315 viri
1054 287 1127 316 docti
1148 289 1254 324 lugubri
1274 289 1466 317 lamentatione
1486 289 1619 316 facundiae
1636 289 1774 324 frigidiu-

986 338 1027 362 tes
1041 338 1069 362 et
1093 335 1214 370 leporum
1242 336 1369 370 ineptias.
1385 334 1485 362 Verum
1512 335 1592 362 siculi
1612 334 1773 363 Theodorus

987 381 1140 416 laerymans
1156 381 1208 408 hoc
1224 388 1293 416 opus
1313 379 1443 414 proludit,
1459 388 1546 415 neque
1570 380 1697 416 frigidum
1719 386 1771 412 est.

987 434 1075 461 neque
1090 427 1220 461 ineptum,
1238 426 1284 453 sed
1299 429 1329 452 ut
1345 425 1410 452 illud
1427 425 1545 454 Savilius
1560 427 1703 461 politulum
1721 428 1774 454 vel-

987 472 1023 499 let
1038 475 1120 507 atque
1139 472 1302 504 limatulum,
1318 472 1358 499 sic
1375 476 1447 500 esset
1467 471 1546 506 plane
1565 472 1722 500 ridiculum.

1021 517 1175 552 At,inquit,
1205 517 1374 545 Sozomenns
1404 517 1577 544 Theodorum
1608 518 1773 554 πολυϊστορσ.

988 562 1073 590 fuisse
1088 563 1193 594 scribit,
1214 562 1281 589 adde
1300 564 1380 590 etiam
1400 563 1522 598 ρητόρων
1540 563 1638 595 ἱκανῶς
1660 565 1772 599 ἐπιστή-

989 617 1067 644 μονα.
1094 608 1250 642 Respondet
1276 609 1443 636 Alemannus
1467 609 1647 637 doctissime:
1671 608 1771 637 Verum

988 654 1140 690 πολυῖστωρ
1169 655 1331 689 appellatur,
1347 662 1401 682 non
1420 655 1555 682 facundus
1579 658 1606 682 et
1629 655 1771 689 eloquens,

989 699 1035 726 sed
1053 699 1076 726 is
1089 699 1136 734 qui
1163 700 1261 727 litteris
1276 700 1369 727 multis
1383 700 1524 734 praeditus.
1548 707 1693 734 rerumque
1712 701 1774 734 pln-

988 745 1059 771 rium
1075 752 1107 771 ac
1123 745 1197 771 varia
1217 745 1330 772 scientia
1347 745 1394 776 sit,
1415 749 1443 772 ut
1458 746 1490 772 Α.
1507 745 1611 773 Gellius
1624 746 1661 772 ait
1675 745 1709 772 de
1719 745 1773 780 Ap-

989 791 1068 826 pione
1087 796 1183 818 vocato
1199 791 1352 826 πιιλυῖστωρ
1368 791 1542 827 (e).Cyrillus
1562 796 1652 818 autem
1669 792 1774 826 (contra

987 837 1045 864 Jul.
1058 838 1103 864 lib.
1122 845 1149 869 ιι,
1159 845 1184 872 p.
1194 837 1267 872 542),
1278 838 1461 865 ntClementis
1473 838 1649 865 Alexandrini
1659 837 1772 865 faculta-

989 887 1042 910 tem
1057 881 1178 913 dicendi,
1197 887 1225 909 et
1238 882 1419 910 eruditionem
1440 883 1497 910 suis
1514 882 1670 910 nominibus
1683 883 1770 917 expri-

990 933 1085 960 meret,
1100 927 1241 963 ἐλλόγιμον
1255 928 1330 955 illum
1347 929 1464 960 vocarit,
1479 932 1505 955 et
1519 928 1693 963 πολυῖστορα,
1705 936 1775 962 quas

989 981 1070 1002 voces
1089 974 1148 1009 ipse
1162 974 1280 1009 explicat
1301 974 1365 1001 alibi
1380 974 1440 1008 (lib.
1457 981 1504 1006 vn,
1521 982 1548 1008 p.
1564 973 1639 1008 251).
1658 974 1775 1009 Κλήμης

989 1020 1058 1056 ἀνὴρ
1077 1020 1217 1055 ἐλλόγιμος
1238 1020 1285 1046 καὶ
1307 1020 1474 1055 πολυμαθὴς,
1491 1020 1538 1046 καὶ
1556 1020 1777 1055 ἀναγνωσμάτων

990 1065 1137 1100 ἑλληνικῶν
1168 1065 1434 1100 πολυπραγμονήσας
1468 1065 1558 1099 βάθος.
1589 1063 1681 1099 Neque
1712 1072 1777 1091 vero

990 1111 1071 1138 etiam
1086 1110 1132 1145 qui
1154 1111 1181 1137 in
1206 1110 1363 1137 oratoribus
1388 1115 1512 1137 versatus
1526 1113 1578 1142 est,
1601 1113 1628 1137 et
1654 1117 1777 1137 summos

990 1158 1114 1184 rhetores
1137 1156 1251 1189 audivit,
1270 1157 1308 1183 uti
1333 1155 1495 1183 Theodorus
1514 1156 1668 1188 Libanium,
1686 1155 1776 1183 statim

990 1202 1120 1237 eloquens
1135 1201 1308 1236 disertusquc
1323 1201 1417 1229 evasit.
1433 1200 1489 1229 Nec
1499 1201 1572 1228 enim
1586 1201 1636 1230 ille,
1650 1205 1776 1228 naturam

991 1249 1024 1276 ad
1036 1248 1062 1275 id
1078 1247 1310 1275 accommodatam
1324 1247 1430 1278 habuit,
1449 1254 1537 1282 neque
1555 1255 1644 1282 opera:
1661 1247 1777 1281 pretium

991 1295 1069 1322 duxit
1083 1302 1142 1322 eam
1159 1298 1219 1321 arte
1234 1294 1339 1325 limare,
1354 1298 1384 1320 ut
1399 1293 1425 1320 in
1439 1293 1497 1320 suis
1510 1293 1564 1320 illis
1582 1292 1776 1322 monumentis.

991 1348 1051 1375 qua:
1071 1340 1201 1372 vidimus,
1224 1339 1304 1373 plane
1329 1339 1461 1366 declarat.
1479 1337 1607 1372 Legimus
1628 1345 1692 1364 vero
1705 1345 1779 1372 qua:-

991 1385 1053 1412 dam
1062 1385 1233 1411 diversorum
1248 1383 1307 1418 ejus
1321 1390 1433 1418 operum
1444 1382 1669 1417 ἀποσπασμάτια,
1679 1382 1780 1417 aliquot

991 1430 1160 1465 psalmorum
1180 1429 1380 1462 enarrationes,
1400 1432 1427 1455 et
1453 1428 1572 1463 integros
1597 1430 1625 1455 in
1640 1429 1779 1462 prophetas

992 1476 1105 1502 minores
1117 1475 1415 1509 commentarios,quos
1424 1474 1476 1501 nisi
1489 1474 1607 1502 Savilius
1617 1474 1642 1501 in
1654 1478 1779 1509 promptu

193 1518 342 1553 Epistulam
355 1518 389 1545 ad
400 1518 531 1546 Joannem
543 1519 771 1555 Chrysostomunt,
786 1529 839 1556 qua
851 1521 938 1558 Chry-
953 1526 975 1556 α
992 1522 1100 1554 habeat,
1114 1522 1240 1548 consulat
1258 1521 1283 1548 in
1300 1521 1391 1548 citatis
1409 1520 1476 1548 locis
1489 1519 1626 1552 Photium,
1643 1520 1690 1555 qui
1706 1520 1780 1555 ejus-

157 1565 332 1592 sostomianai
350 1565 496 1600 respondet
514 1570 574 1600 post
587 1567 702 1601 lapsum.
716 1566 793 1600 Quod
809 1575 870 1595 eum
887 1577 941 1596 non

159 1610 358 1638 intellexissent
384 1612 576 1646 epitomatores
594 1614 754 1641 Gesneriani
783 1619 940 1642 verterunt:

159 1656 343 1690 Antigrantma
359 1662 452 1683 contra
468 1656 597 1684 Joannem
623 1657 848 1693 Clirysostomum.
865 1661 941 1687 luve-

159 1702 289 1737 niturque
308 1710 360 1729 ms.
378 1703 478 1737 passim
499 1704 525 1730 in
542 1704 716 1732 bibliothecis
734 1704 816 1732 Italia:
830 1706 879 1733 sub
891 1706 943 1733 hoc

159 1748 239 1775 titulo
254 1757 261 1775 :
279 1748 416 1783 Θεοδώρου
439 1749 485 1776 τοῦ
504 1750 664 1781 ἐκπεσόντος
684 1750 860 1786 ἀντίγραμμα
877 1750 945 1786 πρὸς

160 1793 205 1819 τὸν
219 1793 248 1819 ὲν
260 1794 347 1827 ἁγίοις
362 1794 467 1829 πατέρα
483 1795 561 1830 ἡμῶν
584 1795 711 1830 Ἰωάννην
729 1795 774 1822 τὸν
791 1794 944 1830 Χρυσόπο-

162 1848 226 1874 μον·
243 1839 368 1866 Theodori
388 1841 457 1874 lapsi
478 1841 611 1874 responsio
627 1841 660 1867 ad
682 1841 784 1868 litteras
801 1841 831 1868 S.
849 1841 882 1869 P.
905 1841 943 1870 Ν.

160 1884 274 1911 Joannis
291 1884 482 1919 Cltrgsostomi.
502 1884 542 1917 P.,
556 1885 674 1912 Πάντοτε
688 1887 712 1913 οἱ
730 1887 758 1913 ὲν
783 1887 880 1918 εὐδίοις
904 1889 945 1914 λι-

163 1930 224 1964 μέσι
238 1929 422 1965 κομιζόμενοι,
440 1930 473 1957 Ει
489 1938 555 1958 sane
576 1932 777 1960 inconsiderate
797 1933 946 1968 loquuntur

161 1976 208 2010 qui
225 1977 328 2011 lapsum
346 1976 419 2003 hunc
435 1984 450 2004 a
476 1976 619 2004 Theodoro
635 1977 826 2011 Mopsuesteno
852 1980 946 2007 distin-

161 2027 257 2056 guunt.
275 2030 337 2049 cum
355 2030 427 2050 unus
453 2023 579 2058 idemque
604 2023 650 2056 sit,
671 2028 697 2051 et
722 2024 814 2059 lapsus
839 2026 900 2058 iste,
920 2031 945 2054 et

163 2068 324 2096 Theodorus
349 2068 567 2103 Mopsuestenns,
588 2077 693 2097 necnon
718 2070 876 2099 Theodorus
893 2072 948 2099 An-

163 2114 317 2147 tiochenus,
334 2116 405 2150 quod
423 2116 545 2150 plerique
569 2123 630 2142 cum
646 2124 700 2143 non
717 2122 810 2144 essent
826 2118 947 2146 subodo-

162 2161 226 2193 rati,
251 2160 391 2188 diversum
417 2161 516 2189 fecere.
546 2161 578 2188 Ει
592 2161 625 2189 de
652 2162 695 2190 his
720 2164 864 2197 postremis
881 2165 947 2192 satis

993 1569 1054 1596 dem
1070 1567 1171 1602 aliquot
1192 1574 1274 1602 opera
1290 1566 1364 1602 legit,
1381 1571 1463 1601 atque
1477 1566 1514 1593 ita
1539 1566 1644 1593 censuit
1660 1575 1667 1592 :
1683 1566 1738 1601 Τὴν
1752 1566 1780 1592 δὲ

994 1614 1093 1649 φράσιν
1114 1613 1174 1639 οὐδὲ
1191 1612 1327 1648 λαμπρὸς,
1343 1611 1403 1638 οὐδὲ
1429 1611 1488 1638 λίαν
1508 1611 1611 1646 σαφήςο
1626 1611 1781 1645 ταὺτολογεί

993 1659 1021 1686 δὲ
1047 1658 1081 1685 τὰ
1102 1658 1226 1688 πλεῖστα,
1245 1658 1292 1684 καὶ
1313 1657 1410 1692 ἄχαρίς
1437 1665 1505 1688 πως,
1531 1657 1578 1683 καὶ
1604 1656 1689 1692 ἀηδὴς
1712 1654 1780 1684 εἶναι

993 1705 1083 1731 δοκεῖ·
1100 1703 1192 1738 Stylus
1205 1703 1246 1730 illi
1262 1711 1342 1737 neque
1355 1702 1462 1734 nobilis,
1477 1710 1557 1736 neque
1568 1701 1710 1728 admodum
1723 1709 1782 1736 prr-

994 1751 1100 1785 spicuus
1127 1754 1177 1777 est.
1202 1749 1304 1776 Eadem
1327 1748 1468 1775 identidem
1495 1749 1597 1782 repetit,
1615 1752 1639 1775 et
1663 1748 1781 1782 ingratus

995 1802 1073 1832 atque
1084 1796 1208 1823 molestus
1222 1794 1364 1830 legentibus
1377 1794 1484 1821 accidit.
1496 1794 1529 1821 Et
1541 1794 1605 1821 alibi
1617 1794 1689 1828 (cod.
1702 1794 1763 1828 lTi)
1775 1803 1781 1820 :

1001 1842 1122 1877 Ἀσαςρὴς
1137 1841 1166 1867 δέ
1182 1841 1251 1873 ἐστι,
1265 1840 1312 1866 καί
1326 1848 1366 1866 τοι
1383 1839 1454 1872 λέξει
1475 1840 1505 1866 οὺ
1521 1839 1660 1875 ξενιζούσῃ
1676 1839 1783 1874 χρώμε-

995 1894 1049 1917 νος.
1069 1885 1136 1912 ἀλλὰ
1151 1885 1189 1920 τῷ
1207 1883 1385 1920 σχοινοτενέσι
1402 1883 1519 1919 χρῆσθαι
1533 1884 1565 1910 ἐκ
1587 1883 1633 1910 τοῦ
1647 1884 1694 1910 ἐπὶ
1708 1883 1782 1909 πλεῖ-

997 1940 1058 1958 στον
1074 1930 1208 1966 περιόδοις
1231 1930 1277 1956 καὶ
1301 1929 1487 1965 παρεμδολαῖς
1510 1929 1733 1964 ἁλλεπαλλήλοις,
1750 1928 1783 1955 δι’

996 1974 1033 2004 ὦν
1047 1977 1094 2004 καὶ
1108 1978 1148 2008 εἰς
1163 1977 1292 2012 μήκιστον
1306 1976 1321 2002 ὁ
1334 1976 1396 2007 νοῦς
1415 1975 1586 2002 ἀποτείνεται
1603 1975 1655 2002 τῶν
1672 1983 1785 2011 προκει-

999 2023 1099 2059 μένων,
1113 2022 1151 2057 τῷ
1162 2030 1192 2048 τε
1206 2021 1259 2048 τῶν
1279 2022 1418 2056 ὀνομάτων
1434 2023 1494 2052 ταῖς
1514 2021 1640 2054 πλαγίαις
1657 2021 1704 2047 καὶ
1726 2021 1784 2052 ταῖς

1000 2069 1155 2104 μετοχικαίς
1170 2067 1257 2100 λέξεσι
1280 2067 1446 2098 πλεονάζειν,
1463 2066 1496 2093 τὰ
1515 2066 1585 2093 αὐτὰ.
1600 2074 1630 2092 τε
1646 2066 1784 2097 πολλάκις,

998 2115 1045 2141 καὶ
1060 2113 1126 2149 μηδὲ
1146 2114 1193 2140 σὺν
1209 2113 1303 2148 κόσμῳ
1320 2111 1528 2142 ὲπανακυκλεῖν,
1551 2111 1596 2137 καὶ
1615 2110 1665 2142 τὰς
1686 2111 1785 2137 ἐπανα-

999 2160 1093 2195 λήψεις
1108 2159 1187 2186 πλέον
1207 2158 1260 2184 τῶν
1275 2158 1436 2193 διηγήσεων,
1452 2157 1518 2192 ὅπερ
1542 2156 1672 2191 ἀμέθοδον
1686 2165 1785 2182 παντε-

163 2207 324 2242 abundeque
339 2215 401 2235 esse
423 2208 530 2235 videtur
549 2208 706 2242 conjectura
725 2213 752 2236 et
773 2210 894 2244 suspicio
908 2210 943 2238 in-

1000 2206 1053 2237 λῶς
1064 2206 1123 2237 ταῖς
1147 2203 1322 2239 περιστάσεσι
1343 2202 1543 2238 μεμεστῶσθαι,
1560 2202 1607 2228 καὶ
1627 2203 1683 2233 τοῖς
1707 2201 1785 2228 retain

164 2256 206 2279 ter
220 2253 288 2280 alios
305 2252 405 2280 Photii.
425 2253 573 2287 Epistolam
590 2253 709 2282 Savilius
727 2255 753 2282 in
771 2256 947 2290 appendicem

164 2297 198 2324 ad
220 2305 302 2332 opera
330 2298 516 2333 Chrysostomi
543 2299 644 2330 retulit,
674 2307 791 2334 namque
817 2302 850 2327 ad
877 2301 949 2327 illam

164 2343 300 2376 pertinent
314 2343 368 2369 duo
384 2343 466 2370 libelli
482 2342 715 2378 Chrysostontiani
740 2343 818 2376 Πρὸς
832 2344 885 2370 τὸν
902 2344 951 2371 ὲκ-

164 2388 299 2414 πεσόντα
327 2388 380 2415 τοῦ
403 2388 545 2422 ἐναρέτου
568 2389 650 2420 βίου.
676 2388 735 2416 Non
766 2393 855 2424 potest
880 2397 950 2421 esse,

165 2433 255 2468 inquit
279 2434 382 2468 rigidus
399 2441 431 2460 ac
453 2435 567 2462 tetricus
592 2442 701 2466 censor,
717 2434 852 2462 Theodori
875 2435 952 2471 frigi-

165 2480 230 2506 dum
242 2480 294 2507 hoc
304 2481 424 2515 ineptum
435 2485 462 2507 et
471 2488 538 2515 pene
550 2480 695 2508 ridiculum
708 2480 858 2515 σύνταγμα,
871 2489 950 2516 quem

166 2525 336 2553 Sozomenus
354 2526 517 2561 πολυΐστορα
539 2526 634 2558 fuisse,
651 2530 678 2554 et
697 2526 855 2555 liberalibus
868 2527 952 2555 disci-

167 2572 249 2606 plinis
263 2572 400 2598 excultum
416 2572 550 2599 tradit.At
567 2573 646 2607 plane
657 2572 801 2600 ridiculum
811 2580 864 2600 non
880 2581 952 2607 esse,

167 2619 247 2646 tletus
267 2618 325 2652 ipse
345 2621 372 2645 ct
398 2618 524 2653 lacrymaa
547 2619 648 2654 quibus
674 2619 775 2654 ubique
793 2620 952 2652 inundatur,

169 2672 223 2692 non
240 2665 353 2700 patitur.
368 2664 462 2692 Potius
475 2664 608 2693 ridiculus
621 2670 663 2693 est
678 2665 808 2699 Savilius,
824 2671 852 2694 ut
866 2666 955 2694 aiebat

204 2743 243 2779 (a)
261 2742 366 2778 Reapse
377 2751 410 2771 ex
425 2748 521 2771 catena
537 2744 563 2770 in
577 2743 675 2770 Lucam
691 2743 794 2771 codicis
809 2742 868 2772 Pal.
889 2743 949 2771 Vat.

168 2777 330 2809 XX.‘edidit
354 2783 433 2806 aetate
452 2782 545 2806 nostra
567 2786 614 2806 sex
635 2786 695 2806 ante
712 2779 748 2805 ibi
766 2782 845 2805 erant
870 2779 953 2813 hujus

169 2814 260 2849 operis
275 2813 426 2849 fragmenta
435 2814 476 2841 vir
485 2814 631 2848 perdoctus
642 2813 662 2840 Γ
664 2813 706 2841 ed.
719 2813 873 2841 Muenterus
885 2822 953 2848 pra:-

170 2849 212 2876 sul
231 2847 395 2876 Ilai'niensis.

207 2882 244 2918 (b)
266 2882 325 2911 Duo
339 2891 389 2911 nos
403 2883 554 2919 fragmenta
569 2883 734 2918 protulimus
749 2882 776 2910 in
791 2882 889 2918 Script.
904 2889 955 2912 ret.

997 2261 1054 2284 τοις
1074 2252 1123 2278 οὐκ
1139 2251 1223 2284 ὀλίγοι
1242 2250 1323 2284 ζόφον
1337 2249 1391 2276 τῶν
1405 2249 1485 2275 αὑτοῦ
1502 2249 1725 2285 συγγραμμάτων
1741 2257 1788 2274 κα-

998 2297 1172 2329 τασκεδάζει·
1190 2296 1248 2324 Etsi
1264 2300 1349 2322 autent
1370 2295 1529 2322 dictionilms
1549 2300 1641 2322 utatur
1657 2303 1708 2321 non
1730 2295 1788 2321 iuu-

1000 2345 1099 2377 sitatis,
1118 2344 1244 2371 obscurus
1263 2347 1350 2369 tamen
1368 2346 1430 2368 est:
1447 2346 1501 2367 tum
1521 2341 1583 2376 quia
1597 2345 1625 2367 ut
1644 2341 1786 2375 plurimum

1001 2390 1140 2418 immodice
1154 2389 1275 2423 prolixus
1292 2387 1367 2414 habet
1385 2388 1516 2421 periodos,
1535 2391 1559 2414 et
1576 2387 1787 2421 interpositiones

1005 2437 1120 2468 crebras.
1135 2444 1181 2471 per
1203 2443 1270 2470 quas
1296 2435 1376 2461 etiam
1392 2441 1483 2460 sensus
1501 2441 1580 2468 quam
1604 2432 1756 2467 longissime
1772 2440 1787 2459 a

1006 2492 1033 2510 re
1048 2482 1182 2517 proposita
1196 2479 1308 2511 recedit;
1324 2484 1378 2506 tum
1397 2479 1477 2506 etiam
1492 2479 1554 2513 quia
1572 2479 1707 2505 nominum
1722 2477 1789 2505 obli-

1005 2528 1063 2563 quis
1075 2535 1105 2553 ae
1118 2525 1263 2560 participiis
1275 2523 1415 2556 redundat.
1428 2529 1451 2550 et
1465 2532 1505 2550 res
1512 2523 1617 2550 easdem
1630 2522 1787 2557 frequenter,

1005 2581 1085 2608 neque
1101 2573 1129 2599 id
1145 2572 1211 2599 satis
1225 2575 1326 2602 ornate,
1343 2569 1422 2596 uoluit
1433 2578 1463 2596 ac
1475 2569 1592 2601 revolvit,
1609 2574 1664 2595 tum
1680 2568 1788 2602 denique

1006 2622 1068 2656 quia
1074 2619 1238 2654 repetitiones
1245 2617 1316 2645 illius
1324 2617 1535 2652 pluribus,quam
1542 2616 1707 2642 narrationes
1715 2615 1787 2649 ipsas.

1007 2665 1076 2702 quod
1086 2664 1255 2692 onminosine
1262 2663 1381 2690 ntetltodo
1390 2663 1431 2697 Iit,
1442 2669 1529 2689 rerum
1539 2661 1673 2696 adjunett's
1687 2659 1788 2694 referta

1005 2751 1079 2773 tomo
1091 2740 1247 2776 Vll,p.69.
1297 2773 1311 2776 _
1370 2773 1376 2776 _
1582 2771 1589 2776 _
1699 2769 1706 2776 ,
1743 2769 1761 2776 η

1095 2769 1169 2814 Gell;
1183 2775 1214 2807 V,
1233 2775 1276 2802 Η.
1295 2773 1424 2814 sequitur
1441 2776 1530 2814 autem
1545 2769 1790 2814 vulgaretuulegtig-

1006 2805 1212 2842 nem'Allalius,
1241 2817 1290 2846 pro
1305 2805 1474 2843 Plistonices,
1500 2810 1531 2835 ut
1547 2805 1621 2835 nunc
1641 2805 1741 2841 legitur
1762 2805 1789 2832 in

1007 2849 1086 2878 Gellii
1104 2850 1242 2876 contextu.
