1947 3071
238 105 276 133 97

843 105 1003 134 ῡιΑτιιιΒΑ

1087 107 1292 138 THEODORIS.
1830 113 1866 142 98

238 165 310 193 sunt,
328 165 406 195 atque
423 159 454 187 ob
472 160 624 194 hujusmodi
637 169 733 189 causas
749 169 802 189 non
825 170 920 196 parum
932 162 1026 189 obscu-
1040 166 1064 194 Λ
1078 167 1135 195 nat,
1147 165 1193 192 sed
1205 166 1286 192 etiam
1303 164 1415 194 fratrem
1430 165 1570 201 appellat?
1588 165 1696 194 Patrem
1714 174 1768 195 non
1782 167 1864 203 longo

237 206 329 232 ritatis
343 207 450 240 scriptis
462 206 520 240 ejus
537 207 664 242 aspergit.
681 206 710 234 Si
726 207 777 235 hoc
792 208 874 243 igitur
885 212 926 235 est
942 208 1027 235 Theo-

239 251 301 278 dori
325 251 433 279 dicendi
459 260 555 287 genus,
573 253 630 280 haec
645 253 679 280 de
698 260 752 288 qua
770 254 877 289 agimus
901 253 1025 288 epistola,

240 296 379 331 ipsissirna
397 297 531 325 Theodori
542 303 584 326 cst
601 298 652 334 (a).

274 363 369 399 Pergit
388 364 508 393 Savilius
522 372 530 392 :
542 364 635 400 Neque
657 366 831 401 cujusquam,
841 371 868 394 nt
877 366 984 402 opinor,
994 367 1027 394 il-

237 409 292 436 lius
306 409 397 437 aetatis
413 417 475 437 esse
490 414 580 444 potest
603 411 656 438 hoc
675 411 827 447 σύνταγμα,
843 419 904 439 cum
919 416 946 439 et
961 416 1028 440 tunc

237 458 265 480 et
279 454 386 489 aliquot
399 460 458 489 post
471 455 774 491 sasculisChrysostomi
789 464 940 492 cognomen
953 457 1027 492 igno-

237 502 297 525 tum
316 499 404 526 fuisse
423 499 562 534 videatur,
592 505 622 527 ut
642 509 675 528 ex
699 501 817 537 Georgio
840 503 1027 531 Alexandrino

236 543 285 578 qui
306 548 367 579 post
385 544 518 572 ducentos
541 546 683 573 minimum
702 554 789 575 annos
806 547 882 580 vixit,
901 553 1027 577 constare

238 594 341 624 potest.
358 591 416 624 Qua
439 594 519 619 actate
537 592 660 619 auditum
673 594 708 620 sit
718 601 816 621 nomen
824 593 1024 630 Chrysoslomi,

239 635 331 664 fusius
342 637 406 664 alibi
421 637 551 670 diximus,
568 638 661 666 subdit
677 639 857 672 Alemannus,
873 644 902 666 ut
919 640 964 667 hic
982 648 1025 668 re-

238 686 333 716 petere
354 690 423 718 opus
440 691 494 710 non
515 683 562 711 sit.
576 684 710 712 Addimus
729 684 764 712 ad
783 685 830 712 illa
842 686 924 713 modo
942 687 1000 714 haec
1017 696 1024 714 :

237 725 316 754 Licet
331 727 542 763 Chrysostomus
559 733 705 764 antequam
724 730 752 756 in
772 730 951 759 solitudinem
977 739 1025 759 ve-

236 775 320 806 niret,
336 782 407 809 smpe
426 782 482 802 sua:
498 776 661 810 eloquentia
677 776 817 811 specimen
839 777 967 810 ediderit,
997 782 1027 806 ut

236 819 264 846 in
284 819 330 846 illa
356 819 395 846 De
419 819 603 847 Valentiniano
629 821 790 855 imperatore
808 821 916 857 ejusque
937 823 1026 850 liberis
1042 828 1063 855 Β

235 865 374 897 oratione,
389 872 470 901 quam
482 865 614 893 Libanius
624 870 666 894 est
681 866 844 900 admiratus,
857 872 946 895 tamen
960 876 1025 902 pro-

235 910 299 944 pius
316 910 348 936 ad
364 910 506 937 veritatem
523 910 640 943 accedit,
657 915 688 938 ut
703 911 876 946 postmodum
897 912 942 939 illa
954 913 1026 939 ἐπω-

235 955 320 989 νυμία
329 955 390 981 data
404 954 598 990 Chrysostomo
615 955 662 982 sit.
678 955 710 982 Et
723 956 810 991 primo
826 957 868 984 vel
884 957 918 984 ab
929 957 1024 984 Antio—

234 1001 344 1031 chenis.
358 1004 387 1027 ut
398 1000 596 1035 Metapbrastes
608 1001 657 1032 ait,
676 1001 720 1028 vel
734 1008 748 1027 a
760 1000 921 1036 Byzantinis
935 1001 1024 1029 eidem

235 1046 426 1077 concionanti,
446 1049 501 1072 tam
517 1045 668 1073 honorifice
681 1046 717 1073 sit
729 1047 920 1074 acclamatum.
933 1047 1024 1074 Theo-

236 1092 322 1119 dorus
339 1099 404 1118 vero
415 1091 525 1126 scripsit
542 1090 575 1117 ad
594 1091 820 1127 Chrysostomum
843 1092 907 1120 dum
934 1092 1024 1119 adhuc

237 1139 264 1165 in
280 1137 431 1165 solitudine
454 1141 622 1165 versaretur.
658 1137 751 1165 Codex
779 1145 844 1165 vero
875 1138 1024 1166 Vaticanus

237 1182 353 1214 DLXVI,
378 1191 410 1210 ex
434 1191 489 1217 quo
509 1183 628 1211 Savilius
650 1183 817 1219 descriptam
840 1183 937 1211 habuit
952 1185 1024 1211 hanc

236 1228 374 1256 Theodori
390 1228 547 1263 epistolam,
576 1230 759 1264 perantiquus
778 1234 830 1261 est,
848 1230 895 1258 sed
924 1238 1023 1258 nomen

235 1276 422 1310 Chrysostomi
453 1275 563 1302 admisit
595 1283 627 1302 ex
658 1275 800 1309 margine;
828 1283 890 1302 nam
914 1275 1023 1304 codices

236 1321 354 1352 DLXIX.
382 1327 408 1348 et
428 1319 595 1352 MCCCCLV,
621 1328 680 1348 eam
709 1320 882 1356 παρενθήκην
902 1328 956 1347 non
973 1321 1023 1348 ha-

236 1368 312 1393 bent.
329 1367 381 1399 Qui
403 1367 483 1394 sicuti
510 1366 624 1394 Joannis
641 1366 784 1401 ἐπωνυμίᾳ
808 1373 862 1392 ιιοιι
888 1365 1021 1398 ollieiunt,

236 1413 279 1440 sic
303 1413 349 1440 ille
376 1413 450 1447 prior
468 1411 570 1438 Savilio
597 1411 664 1438 nihil
694 1410 774 1445 plane
794 1410 958 1446 suﬂragatur
988 1411 1022 1438 ad

235 1457 374 1485 Theodori
389 1457 532 1492 epistolam
550 1457 701 1491 impostura
720 1455 880 1482 notandam.

271 1527 360 1553 Aliam
389 1526 568 1561 imposturam
597 1523 737 1550 observat.
764 1522 844 1549 Circa
861 1522 955 1553 linem.
979 1522 1023 1549 in-

236 1574 308 1609 quit,
324 1572 469 1607 compellat
482 1571 708 1606 Cbrysostomum
725 1574 837 1604 putrem,
849 1577 912 1596 cum
921 1573 1023 1603 tamen,

237 1619 291 1646 nisi
315 1618 407 1649 fallor,
433 1617 543 1652 juvenis
564 1616 777 1651 Cbrysostomus
803 1615 836 1642 ad
850 1614 1023 1643 Theodorum

237 1665 298 1692 sine
323 1664 397 1690 lubio
413 1663 553 1697 juvenem,
569 1661 661 1696 utqui
685 1660 804 1688 nondum
829 1661 956 1695 attigerat
978 1668 1024 1688 an-

237 1718 302 1737 num
318 1709 409 1736 artatis
420 1716 476 1735 suae
493 1707 663 1737 vicesimum,
694 1706 848 1741 scripserit.
875 1705 921 1733 Sic
949 1707 1022 1733 enim

236 1756 380 1791 compellat
395 1753 555 1782 Theodorus
570 1751 783 1786 εΘεοφιλέστατε
798 1750 895 1785 caste:
909 1751 956 1778 καὶ
970 1751 1022 1778 πά-

235 1810 284 1837 τερ
294 1810 300 1816 ·
314 1801 361 1827 καὶ
374 1799 428 1834 γὰρ
443 1799 480 1830 ὡς
494 1798 599 1834 πατέρα
612 1797 821 1832 ἐπιγράφεσθαι,
837 1797 883 1823 καὶ
897 1797 934 1828 ὡς
948 1796 1024 1823 ἀδελ-

236 1847 280 1882 φῷ
295 1846 330 1872 τὰ
344 1845 476 1880 πρεσϐεῖα
491 1843 590 1874 δοῦναι,
607 1843 732 1869 οὐδέποτε
747 1841 930 1877 ἀμφέὸαλλον.
946 1841 978 1868 Et
989 1842 1023 1869 de

236 1893 335 1923 sodali,
354 1896 381 1919 et
396 1895 526 1918 coetaneo
541 1897 591 1917 suo
607 1889 737 1916 Libanius
754 1888 780 1914 in
797 1888 867 1915 libro
884 1888 954 1921 Περὶ
967 1887 1023 1921 τῆς

236 1937 344 1964 ἑαυτοῦ
363 1937 458 1969 τύχης
486 1935 526 1963 sic
549 1934 629 1961 habet
646 1942 652 1960 τ
669 1933 812 1968 Κρισπίνῳ
836 1932 908 1967 μάλα
937 1932 1022 1967 ἐχρώ-

238 1992 289 2018 μην
299 1980 624 2016 Ἦρακλεώτῃνειινίσκῳ,
632 1979 660 2011 ὃς
675 1978 820 2014 ἡλικιώτης
831 1977 868 2004 ὢν
879 1977 953 2013 ἐμὸς,
969 1986 1021 2004 πα-

236 2030 302 2063 τέρα
318 2037 350 2063 με
364 2027 432 2062 ips-ro
448 2026 594 2061 προσορᾷν,
606 2025 660 2055 τοῖς
676 2025 752 2058 ἐμοῖς
766 2023 858 2058 νόμοις
874 2023 903 2049 ὲν
917 2021 1021 2057 μείζοσι

236 2075 284 2102 καὶ
298 2074 418 2100 ἐλάττοσι
433 2071 602 2106 πειθόμενος.
623 2069 693 2102 Quid
703 2076 767 2104 ergo
783 2068 882 2095 mirum
898 2068 919 2094 si
933 2067 1021 2095 Theo-

235 2121 321 2148 dorus
334 2119 560 2154 Chrysostomum
583 2123 638 2143 non
660 2115 787 2142 absolute
810 2119 910 2148 patrem
930 2113 1019 2141 nomi-

1076 210 1164 237 aztatis
1194 217 1350 245 progressu.
1376 211 1424 238 sed
1453 212 1622 245 maturitate,
1647 212 1805 248 prudentia,
1836 218 1865 241 et

1077 256 1211 289 consilio;
1236 264 1326 292 neque
1362 257 1434 285 enim
1463 258 1547 286 semel
1573 262 1666 294 partes
1693 258 1749 294 egit
1779 259 1865 294 patris

1076 302 1147 336 apud
1175 301 1347 330 Theodorum
1373 302 1592 338 Chrysostomus,
1616 309 1642 331 et
1671 311 1734 332 cum
1765 304 1799 331 ad
1823 304 1866 331 vi-

1075 351 1109 375 tae
1137 348 1295 375 monasticae
1317 349 1474 376 institutum
1497 350 1702 385 suscipiendum
1720 350 1823 382 allexit,
1833 353 1865 378 ut

1077 396 1191 420 narrant
1207 392 1336 420 Socrates
1351 398 1379 421 et
1401 393 1580 427 Sozomenus,
1598 399 1700 422 etcum
1717 394 1798 423 ambo
1814 395 1865 422 ad-

1077 438 1130 465 huc
1147 438 1223 473 pueri
1241 438 1383 466 Libanium
1405 439 1519 467 Athenis
1543 440 1701 472 audiebant,
1714 441 1794 476 ἡνίκα
1821 449 1863 467 σοι

1077 484 1161 510 πολλὰ
1174 484 1311 520 παρῄνουν
1325 485 1365 516 εἰς
1379 485 1491 520 μουσεῖα
1506 485 1642 519 φοιτῶντι.
1662 485 1741 519 Cum,
1762 486 1861 521 inquit,

1077 529 1162 556 multa
1180 534 1204 556 te
1222 529 1394 557 admouebam
1411 531 1438 557 in
1456 530 1546 557 ludum
1558 531 1715 558 litterarium
1731 533 1862 559 ventitan-

1078 579 1138 602 tem.
1160 574 1247 609 Hujus
1263 583 1328 602 vero
1350 575 1460 611 generis
1473 576 1669 610 admonitores,
1694 578 1742 612 qui
1763 579 1804 605 vel
1827 578 1862 605 ad

1077 621 1217 648 meliorem
1244 620 1349 656 frugem
1367 622 1436 650 alios
1459 627 1634 655 revocarent,
1657 624 1700 650 vel
1718 624 1860 659 religionis

1076 666 1201 693 doctrina
1222 667 1374 698 arudireut,
1404 668 1510 695 etiamsi
1537 668 1601 695 laici
1626 668 1732 696 ordinis
1756 673 1861 702 essent,

1076 716 1170 747 patres
1190 716 1303 741 vocatos
1327 721 1409 741 nemo
1431 714 1557 742 eruditus
1582 714 1699 749 ignorat.
1724 714 1861 743 Caesarius

1077 757 1201 792 Gregorii
1217 757 1383 785 Nazianzeni
1402 758 1573 792 frater,licet
1587 760 1713 787 instituto
1724 760 1860 792 medicus,

1077 807 1105 830 et
1118 802 1206 830 officio
1220 807 1350 837 quaestor,
1367 803 1401 831 ab
1415 804 1512 831 amicis
1532 812 1602 839 quos
1618 805 1645 831 in
1666 805 1775 840 dialogo
1792 805 1861 832 allo-

1077 848 1171 883 quitur
1189 855 1260 882 sa'pe
1279 848 1370 885 πατὴρ
1390 848 1545 882 φιλότεκνος
1570 849 1714 882 salutatur,
1733 849 1860 884 quoniam

1076 898 1105 920 ut
1120 893 1247 921 Clemens
1263 893 1462 921 Alexandrinus
1477 894 1505 921 in
1520 895 1609 929 primo
1627 894 1794 922 Stromatum
1811 895 1859 925 ait.

1075 939 1174 966 αὐτίκα
1190 940 1310 973 πατέρας
1333 940 1395 972 τοὺς
1414 940 1623 976 κατηχήσαντας
1643 941 1744 976 φαμέν,
1769 941 1861 967 statim

1074 992 1118 1011 eos
1127 989 1216 1018 patres
1240 984 1416 1019 appellamus,
1435 993 1450 1011 η
1467 985 1561 1019 quibus
1572 985 1695 1012 doctrina
1709 985 1804 1012 imbuti
1816 994 1861 1012 su-

1076 1037 1143 1056 mus.
1158 1030 1189 1056 l‘lt
1210 1030 1266 1061 υἱὸς
1283 1031 1336 1061 πᾶς
1358 1031 1373 1056 ὁ
1394 1030 1597 1065 παιδευόμενος,
1611 1035 1641 1058 ιιι
1663 1031 1733 1058 idem
1754 1031 1858 1062 subdit,

1075 1075 1147 1107 [ilius
1161 1079 1198 1102 est
1211 1075 1356 1110 quicunque
1367 1076 1525 1107 instituitur,
1541 1075 1567 1102 id
1583 1079 1623 1103 est
1640 1076 1738 1103 merito
1754 1083 1860 1103 nuncu-

1075 1122 1163 1153 patur.
1184 1118 1314 1154 Origenes
1334 1119 1465 1154 Gregorio
1494 1119 1710 1147 Neocaesariensi
1737 1120 1860 1147 scribi-re

1075 1169 1266 1197 consueverat,
1288 1169 1318 1192 ut
1335 1169 1377 1192 est
1394 1165 1422 1192 in
1444 1164 1596 1192 Pliilocalia
1612 1173 1672 1200 cap.
1702 1167 1754 1193 15:
1773 1166 1859 1201 Χαῖρε

1074 1210 1103 1236 ὲν
1116 1209 1185 1244 Θεῷ,
1205 1209 1282 1245 κύριέ
1301 1219 1351 1245 μου
1371 1211 1570 1243 σπουδαιότατε,
1599 1211 1645 1238 καὶ
1664 1211 1859 1247 αἰδεσιμώτατε

1074 1255 1116 1281 υἱὲ
1131 1255 1272 1290 Γρηγόριε,
1287 1255 1362 1291 παρὰ
1378 1255 1539 1291 Ὧριγένους.
1559 1255 1644 1284 Vocat
1667 1256 1776 1291 quidem
1809 1257 1859 1283 κύ.

1075 1308 1132 1336 ριον
1151 1301 1186 1328 ob
1201 1301 1310 1335 generis
1327 1301 1508 1334 nobilitatem,
1539 1302 1596 1329 υἱόν
1609 1309 1674 1329 vero
1693 1302 1730 1329 ob
1747 1303 1858 1330 institu-

1074 1346 1189 1373 tionem.
1206 1345 1339 1373 Paulinus
1358 1346 1532 1374 Christianus
1561 1346 1599 1382 (b)
1618 1347 1742 1375 Ausonio
1763 1348 1857 1383 gentili

1074 1391 1110 1418 ita
1127 1391 1223 1419 scribit
1241 1399 1250 1418 :

1128 1448 1205 1484 Hanc
1218 1456 1277 1475 cum
1296 1453 1382 1476 tenere
1395 1450 1533 1481 discimus,
1551 1458 1690 1484 possumus
1706 1451 1753 1478 tibi

1163 1483 1224 1510 Non
1243 1484 1372 1516 exhibere,
1396 1484 1424 1511 id
1437 1490 1476 1511 est
1495 1483 1577 1519 patri,

1127 1518 1177 1546 Cui
1187 1524 1282 1545 cuncta
1301 1519 1463 1553 sanctajure
1480 1520 1562 1547 chara
1578 1521 1686 1548 nomina

1162 1553 1261 1580 Debere
1282 1561 1322 1579 me
1342 1554 1423 1580 voluit
1440 1554 1533 1582 Deus?

1128 1588 1187 1615 Tibi
1205 1587 1372 1622 disciplinas,
1388 1588 1555 1622 dignitatem,
1584 1590 1698 1622 litteras,

1161 1623 1281 1657 Linguw,
1298 1627 1375 1657 logie,
1390 1623 1470 1657 fante:
1483 1624 1575 1655 decus,

1129 1658 1283 1689 Provectus,
1298 1658 1381 1689 allus,
1394 1658 1532 1685 institutus
1547 1659 1637 1691 debeo,

1161 1692 1287 1725 Patrone,
1308 1697 1461 1727 prwceptor,
1475 1699 1559 1728 pater.

1072 1751 1305 1784 Quemadmodum
1317 1751 1400 1778 παῖδα
1415 1750 1599 1784 Timotheum,
1616 1752 1649 1780 ad
1663 1760 1743 1788 quem
1755 1753 1856 1790 Diony-

1072 1797 1130 1823 sius
1144 1797 1316 1831 Areopagita,
1333 1801 1422 1824 vocat.
1441 1797 1494 1825 Sed
1512 1797 1727 1833 Chrysostomus
1741 1800 1768 1827 in
1783 1802 1856 1829 exsi-

1073 1841 1138 1868 lium
1153 1841 1340 1876 proﬁciscens,
1357 1842 1489 1877 singulari
1505 1842 1647 1870 charitalis
1660 1843 1855 1878 declaratione,

1072 1895 1141 1922 quos
1155 1888 1237 1915 etiam
1257 1895 1304 1922 per
1316 1887 1493 1923 Evangelium
1503 1893 1635 1923 genuerat
1649 1889 1762 1918 Christo
1773 1891 1854 1924 filios.

1072 1937 1163 1967 patres
1177 1932 1244 1959 dicit
1258 1942 1265 1960 ;
1287 1933 1334 1958 ’Ἐν
1349 1933 1429 1968 σῶμα
1440 1933 1533 1968 ἐσμεν,
1550 1934 1580 1960 οὑ
1596 1933 1675 1969 σῶμα
1682 1936 1811 1970 κεφαλῆς,
1823 1936 1855 1963 οὐ

1072 1977 1177 2012 κεφαλὴ
1192 1977 1316 2012 σώματος
1342 1979 1504 2013 χωρίζεται·
1523 1979 1696 2014 διειργόμεθα
1717 1979 1756 2014 τῷ
1768 1981 1854 2016 τόπῳ,

1070 2022 1127 2048 ἀλλ’
1137 2021 1270 2057 ἐνούμεθα
1285 2023 1319 2057 τῇ
1334 2022 1427 2056 ἀγάπῃ
1437 2030 1443 2037 ·
1463 2022 1523 2048 οὐδὲ
1540 2022 1655 2054 θάνατος
1669 2023 1795 2058 διακόψαι
1808 2025 1855 2051 δυ-

1071 2068 1196 2102 νήσεται·
1216 2067 1267 2093 κᾶν
1281 2067 1335 2101 γὰρ
1351 2067 1473 2103 ἀποθάνῃ
1489 2075 1539 2102 μου
1554 2067 1584 2093 τὸ
1594 2067 1683 2103 σῶμα,
1695 2068 1755 2104 ζῇή
1769 2069 1854 2105 ψυχὴ,

1071 2113 1118 2139 καὶ
1136 2112 1271 2148 μέμνηται
1286 2111 1333 2138 τοῦ
1350 2112 1452 2147 δήμου·
1473 2112 1550 2146 ὑμεῖς
1569 2113 1630 2148 ἐμοὶ
1647 2113 1775 2148 πατέρες.
1790 2114 1854 2146 Πῶς

271 2207 308 2241 (α)
324 2206 428 2233 Recusa
452 2205 503 2232 fuit
526 2204 583 2241 haec
600 2201 736 2241 Theodori
758 2201 826 2241 lapsi
848 2200 964 2241 epistola
986 2199 1013 2226 in
1029 2200 1052 2229 D
1066 2198 1121 2241 ligo
1136 2207 1201 2226 vero
1219 2199 1444 2241 observonetiam
1456 2201 1521 2241 illud
1536 2200 1564 2241 in
1578 2201 1694 2241 epistola
1705 2201 1852 2241 regnatum

235 2235 356 2276 Mdurina
376 2239 564 2276 Clirysostomi
578 2238 712 2276 _editione
726 2241 752 2276 t_._
772 2236 792 2268 Ι,
809 2243 835 2276 pr.
854 2235 904 2276 80f
924 2242 1013 2276 _seqq.

234 2275 293 2303 1am
313 2284 377 2303 vero
400 2270 630 2303 Montfaucouius.
655 2279 708 2306 qua
726 2271 850 2297 libertate
866 2270 944 2300 solet,
970 2270 1013 2295 in-

234 2315 396 2338 cunctanter
417 2317 476 2337 eam
499 2313 529 2335 ut
541 2307 651 2344 Ainsulsi
677 2306 794 2344 Graeculi
828 2307 1012 2344 commentum

234 2347 354 2376 damnat,
381 2349 463 2379 atque
492 2344 520 2370 in
538 2342 632 2379 Savilii
655 2340 818 2368 sententiam
847 2338 962 2379 pedibus
980 2338 1011 2379 it,

234 2385 291 2406 tum
315 2373 426 2414 propter
444 2379 517 2413 styli,
545 2381 575 2404 ut
587 2378 638 2414 ait,
661 2383 757 2414 genus,
775 2373 887 2414 tumuob
902 2373 963 2400 illos
986 2377 1013 2399 et

233 2408 414 2450 Chrys'ostomi
431 2418 457 2440 et
471 2408 556 2450 patris
566 2408 685 2450 titulos,
700 2410 747 2450 (ιιιί
759 2408 879 2450 'Savilio'
897 2415 1013 2441 scrupu-

234 2441 300 2477 lum‘
309 2457 361 2476 non
381 2441 517 2475 immerito
535 2447 699 2481 injecerunt.
709 2441 785 2481 'l‘iolo
799 2441 929 2481 equidem
946 2450 1011 2475 apo-

235 2476 331 2518 logiam
354 2484 436 2517 hujus
451 2482 545 2519 scripti
563 2476 660 2519 agere.
684 2476 831 2519 _sed.cer_t_e
844 2476 1012 2519 Montfauco-

234 2511 295 2546 nilis
324 2519 347 2545 si
363 2511 434 2545 hanc
456 2511 701 2553 ineditam'Allatii
721 2513 865 2553 diatribam
886 2511 1008 2553 vidisset,

234 2554 327 2581 mitius
344 2553 460 2580 fortasse
478 2560 511 2578 ac
536 2549 712 2584 temperatius
726 2547 859 2584 judicium
883 2547 1010 2584 protulisse

234 2594 284 2616 sel.
298 2580 364 2614 Nam
381 2588 452 2622 quod
477 2587 573 2622 attinet
633 2580 812 2622 Chrysostomi
837 2580 1008 2622 vocabulum,

233 2614 330 2658 probat
348 2614 464 2649 Alllatius
482 2629 544 2648 sero
558 2620 588 2658 _id
605 2620 632 2646 in
649 2614 789 2658 codicibus
805 2616 931 2658 epistola:-
945 2614 1008 2642 huic

233 2651 319 2685 l'uisse
333 2657 457 2684 additum
472 2664 479 2689 ;
493 2655 577 2690 patris
589 2661 654 2690 vero
670 2653 776 2680 titulum
791 2651 886 2690 morali
899 2651 1007 2683 latoque

232 2696 338 2718 tantum
353 2699 436 2718 sensu
447 2689 508 2726 poni
522 2698 537 2726 ιι
552 2689 706 2726 Theodoro.
725 2689 799 2726 patet
815 2693 848 2726 ex
863 2689 923 2719 ejus
947 2692 1008 2726 ver-

231 2727 274 2754 bis
287 2728 360 2754 circa
373 2720 464 2758 finem,
480 2725 576 2758 ἀδελφὲ
595 2724 642 2750 καὶ
656 2720 854 2759 πάτε-ρηῙταιει·
872 2728 902 2745 ac
920 2723 1005 2759 pater.

231 2761 298 2788 Nam
324 2754 486 2788 Theodorus
519 2754 622 2793 patrem
649 2754 733 2785 simul
753 2755 918 2793 fratremque
940 2754 1007 2780 dicit

230 2796 468 2832 Cbrysostomum.
489 2790 560 2829 quod
579 2793 616 2832 de
633 2792 731 2832 juvene
751 2797 858 2825 quoque
879 2790 1006 2832 benelluge-

232 2823 308 2860 τοιιῶ
320 2837 347 2859 et
377 2823 566 2864 amante'aptc
591 2823 644 2856 dici
670 2823 768 2863 posse,
778 2823 857 2852 nemo
884 2823 1004 2857 negabit.

1063 2233 1138 2261 Jonas
1153 2235 1317 2269 exempturo.
1331 2235 1376 2261 ubi
1391 2235 1457 2262 dicit
1473 2233 1633 2263 Theodorus
1643 2245 1650 2263 :
1660 2236 1727 2262 Οὔτε
1742 2236 1770 2263 δὲ
1782 2238 1853 2263 ἐκεῖ·

1063 2277 1107 2307 νρς
1118 2268 1169 2307 διὰΔ
1181 2268 1277 2307 μιςανϐ
1283 2270 1392 2307 ρωπίαν⁸
1411 2269 1542 2307 ὲλυπῄϐηᾼ,
1554 2270 1611 2307 αλλ’
1624 2271 1791 2307 ὲκινᾷύνειιεε
1814 2272 1851 2307 μὴ

1061 2303 1334 2339 τῆςηφιλανορωπίας
1360 2303 1452 2339 μέρος,
1477 2303 1602 2339 διαϐολὴν
1627 2305 1696 2331 κατὰ
1714 2306 1760 2332 τοῦ
1782 2303 1851 2332 tirio;

1063 2338 1268 2375 eratiavsoqtbq
1289 2338 1406 2375 ψεύοςτοιι
1427 2338 1596 2375 ἐργάσηταιλ
1618 2339 1709 2374 Neque
1731 2348 1790 2367 vero
1807 2340 1852 2367 ille

1061 2372 1130 2406 quod
1145 2373 1205 2409 odio
1222 2373 1339 2400 homines
1351 2372 1456 2401 haberet
1468 2372 1601 2406 indoluit,
1624 2372 1671 2401 sed
1682 2375 1850 2409 periclitatus

1060 2411 1100 2432 est
1115 2415 1147 2433 ne
1159 2407 1323 2434 clementiam
1345 2409 1472 2436 mittentis
1489 2417 1526 2441 se,
1553 2409 1581 2435 in
1600 2407 1699 2436 crimen
1721 2410 1851 2436 mendacii

1063 2446 1189 2477 uerteret;
1214 2443 1303 2473 locus,
1324 2443 1445 2477 inquam,
1465 2444 1508 2471 hic
1527 2451 1582 2470 non
1597 2444 1676 2470 valde
1698 2445 1802 2471 abludit
1817 2445 1852 2472 ab

1062 2476 1110 2503 illo
1125 2476 1264 2512 Theodori
1275 2478 1301 2504 in
1316 2476 1436 2512 genuino
1456 2477 1491 2504 ad
1514 2477 1614 2505 Ionam
1638 2480 1848 2511 commentario,

1062 2518 1142 2548 quem
1155 2519 1205 2539 nos
1221 2511 1369 2548 _edidimus
1390 2512 1463 2548 (Jon.
1488 2520 1532 2548 tv,
1553 2513 1593 2548 ‘2),
1618 2513 1658 2539 ὅτι
1675 2521 1705 2539 τε
1725 2513 1851 2540 ἐντεῦθεν

1060 2545 1134 2581 αὐτῷ
1149 2546 1291 2581 περιέσται
1304 2546 1334 2572 τὸ
1348 2546 1464 2580 ψεύστου
1485 2547 1556 2578 τινὸς
1573 2545 1624 2573 ’καὶ
1639 2548 1795 2579 ἀπατεῶνας
1809 2548 1850 2575 δύη

1062 2579 1108 2617 ξαν
1120 2579 1223 2608 λαϐεῖν·
1236 2579 1384 2617 sefallacis
1395 2582 1509 2617 hontinis
1531 2590 1562 2608 ac
1583 2582 1728 2616 deceptoris
1745 2583 1847 2617 famam

1060 2614 1229 2651 adepturum.
1247 2614 1308 2642 Haec
1327 2616 1446 2643 breviter
1462 2616 1586 2643 exercitii
1602 2614 1691 2651 gratia
1708 2614 1847 2645 disserere

1060 2649 1150 2710 libuit,
1167 2651 1204 2678 ita
1230 2654 1321 2677 tamen
1337 2655 1367 2678 ut
1383 2651 1457 2678 litem
1485 2652 1537 2678 sub
1554 2649 1647 2686 judice
1670 2652 1789 2680 libenter
1803 2659 1848 2679 re-

1073 2692 1191 2710 mquam.

1073 2692 1191 2718 mquam.

1095 2719 1132 2754 (b)
1152 2718 1181 2746 ln
1192 2720 1311 2747 editione
1330 2719 1469 2748 Muratorii
1482 2729 1566 2754 poem.
1584 2719 1619 2753 X,
1640 2720 1684 2748 79.
1701 2721 1760 2748 Jam
1779 2728 1845 2748 vero

1059 2753 1092 2779 ad
1111 2753 1181 2781 hanc
1194 2755 1340 2782 editionem
1361 2759 1432 2782 notae
1458 2753 1524 2782 mihi
1549 2759 1614 2782 sunt
1635 2754 1688 2783 Viti
1708 2755 1846 2784 Juvenatii

1059 2787 1108 2825 viri
1120 2788 1154 2814 cl.
1167 2796 1232 2825 mss.
1249 2790 1438 2818 adnotationes
1446 2790 1533 2818 doctae
1545 2797 1576 2817 ac
1587 2797 1719 2825 perquam
1732 2798 1844 2824 severae,

1058 2827 1084 2849 et
1102 2822 1161 2851 lucc
1176 2824 1275 2858 dignm.
