1947 3071
138 83 190 112 103

532 80 577 107 EX
597 78 722 107 LEONIS
741 78 879 107 ALLATil
898 78 1057 106 DIATRIIJA
1080 79 1121 106 DE
1142 78 1350 107 TIIEODORIS.

1713 73 1765 102 101

136 142 216 170 cadio
234 140 356 173 tertium,
379 142 407 167 et
432 138 556 167 llonorio
579 137 732 166 secundum
751 138 924 171 consulibus,
941 140 962 168 Α
977 137 1110 172 proplteltt'
1121 143 1224 165 centum
1236 141 1260 164 ct
1271 135 1462 172 quinquaginta
1476 133 1525 169 (ὁ),
1539 140 1650 168 quarunt
1665 132 1765 168 singuli

137 188 242 215 scilicet
266 186 347 222 paulo
375 189 438 213 ante
461 191 543 219 quam
561 183 683 212 Joannes
707 184 925 220 Chrysostomns

138 233 266 261 Ecclesiae
277 229 582 266 Constantinopolitanae
595 230 863 259 administrationem
875 237 923 257 ca-

139 282 273 314 pesscret.

176 324 382 359 Subjungamns
402 322 456 350 hoc
471 329 580 357 quoque
596 320 733 348 :Roberto
752 320 877 347 Balforeo
897 319 925 346 in

138 369 361 397 adnotationibus
385 369 419 395 ad
441 368 607 395 Theodorum
631 366 790 394 Ruit/tetrum
816 365 926 394 videtur

139 416 209 442 alius
233 421 295 441 esse
312 413 473 441 Theodorus
495 413 716 447 hlopsuestenus,
741 418 822 446 quem
845 410 926 445 pleno

139 467 187 486 ore
206 458 378 493 Nicephorus
394 459 440 485 lib.
457 466 502 485 xtv
516 457 618 484 Ecl-les.
635 456 730 483 histor.
758 463 820 490 cap.
835 455 880 487 50,
898 458 926 482 et

139 505 328 532 Theodoretus
350 504 398 532 lib.
423 512 439 528 ν
455 509 577 531 extretno
601 502 722 529 laudant.
751 501 809 529 Iloc
833 505 925 528 tamen

139 558 174 577 ex
201 550 234 577 iis
249 557 311 585 quae
322 548 441 576 diximus
460 547 559 575 falsum
579 554 640 574 esse
656 545 880 580 deprehenditur,
899 547 926 571 et

141 595 314 630 potissimum
323 601 385 622 cum
395 594 428 621 ad
439 598 560 628 tempora
573 592 674 627 quinta
686 591 820 626 generalis
828 589 925 625 synodi

140 641 232 668 nullus
248 640 318 667 alius
338 639 420 666 fuerit
443 638 652 673 Mopsuestenus
668 636 839 668 Theodorus.
853 643 925 670 pra:-

141 691 182 714 Ier
205 687 288 717 hunc,
308 685 390 720 idque
413 683 522 711 abunde
547 683 693 717 probatum
719 682 754 710 sit
774 681 801 708 in
823 681 926 717 synodo

141 732 351 767 Mopsuestena;
377 729 402 756 id
423 729 495 764 quod
519 728 642 763 episcopi
659 727 787 755 secunda:
807 726 925 753 Cilicum

145 777 303 812 provinciae,
319 779 347 804 et
359 776 450 811 plures
467 775 512 801 alii
527 782 559 802 ex
574 774 711 809 diplyehis
727 772 926 808 Mopsuestena:

141 823 279 852 Ecclesiae.
292 827 318 848 et
333 821 588 856 probatissimorum
606 820 746 846 hominum
762 818 927 846 testimoniis

141 868 269 902 probant,
290 865 425 894 Theodori
450 865 561 896 veteris,
587 864 661 891 illius
682 863 789 891 scilicet
816 863 850 890 de
873 871 927 898 quo

141 919 215 940 nunc
231 911 391 943 scribimus,
404 910 506 937 nullam
525 917 586 937 esse
604 909 785 939 tuentionem;
804 912 831 935 et
844 909 926 935 alium

141 957 329 987 Theodorum.
345 956 390 990 qui
404 956 432 983 in
448 955 499 982 line
511 954 704 989 diptychornm
720 954 840 988 scriptus
855 957 925 984 erat.

142 1010 175 1029 ex
198 1002 305 1029 Galatia
327 1001 484 1032 oriundum,
511 1003 574 1026 ante
598 1003 653 1027 tres
678 1007 765 1026 annos
789 1003 927 1026 mortuum

142 1046 238 1072 fuisse.
255 1045 325 1079 Ergo
338 1044 372 1071 de
392 1044 443 1070 hoe
456 1042 578 1070 secundo
595 1050 647 1069 non
663 1047 728 1069 sunt
744 1042 826 1069 verba
840 1041 928 1068 Theo-

141 1089 240 1116 doreti.
257 1089 308 1121 Qui
325 1088 396 1115 enim
421 1091 461 1114 tot
479 1091 542 1114 ante
563 1093 650 1113 annos
673 1085 830 1116 defunctus.
847 1086 928 1120 hujus

141 1133 192 1160 sub
205 1131 361 1159 Justiniano
376 1131 492 1158 viventis
510 1130 668 1158 meminisse
686 1131 794 1164 potuit?
811 1129 843 1157 Et
865 1139 926 1158 cum

141 1186 228 1213 usque
246 1178 279 1204 ad
305 1177 386 1212 hujus
410 1176 573 1204 recentioris
591 1183 713 1210 tempora
739 1177 832 1203 nullus
857 1177 928 1204 alius

143 1225 234 1256 fuerit,
246 1227 320 1250 certa
334 1226 398 1250 sntit
412 1221 577 1249 Theodoreti
593 1222 675 1249 verba
688 1222 721 1249 de
735 1226 827 1249 vetere
843 1222 929 1249 Theo-

141 1269 209 1297 doro
237 1269 438 1303 Ilopsuesteno.
462 1266 632 1302 Nicephorus
652 1268 736 1295 verba
758 1267 925 1295 Theodoreti

141 1319 169 1341 et
194 1314 355 1341 sententiam
377 1313 518 1344 exscribit,
542 1320 629 1347 neque
646 1313 680 1340 de
700 1313 754 1339 alio
775 1320 926 1340 sermonem

143 1360 233 1391 habet.
249 1367 331 1394 quam
344 1358 378 1386 de
393 1367 447 1394 quo
463 1358 653 1386 Theodoretns
671 1359 730 1393 ipso
749 1360 855 1386 locutus
870 1359 927 1387 fue-

143 1409 194 1432 rat.
212 1404 342 1432 Facessat
364 1404 448 1439 igitur
463 1404 534 1431 alius
551 1404 595 1431 hic
615 1403 777 1431 Theodorus
792 1405 928 1432 recentior

975 188 1100 211 constant
1125 184 1233 218 triginta
1255 182 1394 216 capitibus.
1421 180 1489 208 Item
1516 179 1707 214 eIposilionem
1736 179 1765 206 in

976 230 1096 265 quinque
1115 229 1199 256 libros
1221 227 1336 263 Moysis,
1352 234 1432 261 quam
1448 225 1532 252 tribus
1560 224 1712 258 complexus
1726 227 1766 251 est

976 276 1064 308 tomis,
1081 275 1177 302 mirum
1197 274 1224 300 in
1241 273 1348 300 modum
1369 272 1563 301 elucubratam.
1584 269 1618 296 ad
1637 276 1764 304 magnum

974 322 1126 356 Alphteum.
1143 320 1264 347 Psalmos
1287 325 1387 354 quoque
1409 315 1519 343 Doridis
1540 315 1658 349 exposuit
1681 315 1765 340 tribus

977 365 1063 397 libris,
1086 365 1120 392 ad
1139 364 1290 392 Cerdonem
1306 368 1334 390 et
1347 363 1458 389 fratrem
1480 361 1550 395 ejus.
1576 359 1605 387 in
1621 359 1765 386 duodecim

977 411 1125 446 prophetas
1148 409 1252 437 duobus
1276 409 1352 435 tomis
1375 411 1565 434 commentatus
1586 410 1637 436 est,
1658 404 1692 432 ad
1705 412 1766 432 mar

976 458 1083 495 Tyrium
1111 456 1156 490 (ε).
1190 455 1219 482 ln
1245 454 1399 481 Samuelem
1428 456 1618 480 commentatus
1645 455 1682 477 est
1714 457 1766 475 uno

977 506 1057 533 tomo,
1072 501 1105 527 ad
1121 499 1330 527 Mantarianum.
1347 498 1375 525 In
1389 498 1485 525 Iobnm
1501 505 1601 532 quoque
1615 495 1766 522 duobusto-

976 547 1038 578 mis.
1047 546 1079 572 ad
1087 545 1218 581 Cyrillltm
1230 544 1486 571 AlexandrinumJn
1499 542 1681 570 Ecclesiasten
1689 542 1766 568 unico

975 592 1043 619 libro
1054 596 1244 618 commentatus
1252 595 1302 624 est,
1313 590 1466 624 deprecante
1477 589 1632 624 Porphyria.
1641 588 1765 622 Exposuit

974 639 1053 665 etiam
1085 637 1198 668 Isaiam,
1220 635 1391 668 Ezechielem,
1408 634 1550 662 Ieremiam
1573 640 1596 661 et
1620 633 1764 664 Danielem,

975 683 1093 718 singulos
1109 682 1220 718 singulis
1234 682 1310 709 tomis
1326 682 1507 716 complectens,
1519 681 1612 716 quibus
1626 681 1703 714 ﬁnem
1717 680 1766 706 int-

975 730 1062 763 posuit
1079 729 1134 755 suis
1154 727 1396 755 elucubrationibus
1408 727 1434 753 in
1451 726 1535 754 Vetus
1548 725 1763 752 Testamentum.

978 774 1135 801 Multharum
1158 782 1210 800 uno
1231 774 1353 808 exposuit
1376 779 1458 804 tomo,
1481 773 1514 798 ad
1536 771 1646 803 lolium;
1667 770 1765 796 Lucam

977 829 1036 848 uera
1054 825 1079 848 et
1093 820 1223 847 Joannem
1245 819 1346 846 duobus
1366 820 1455 851 tomis,
1472 819 1503 845 ad
1522 817 1680 849 Eusebium;
1696 819 1764 843 Actu

978 866 1155 900 apostolorum
1171 873 1222 892 uno
1236 865 1385 898 complexus
1400 869 1438 891 est
1462 869 1544 894 toma.
1568 863 1600 889 ad
1623 861 1764 894 Basilium;

978 911 1126 945 Epistulam
1143 911 1177 937 ad
1192 910 1325 937 Romanos
1337 910 1469 944 “posuit.
1485 909 1547 935 item
1561 907 1593 934 ad
1606 907 1763 939 Eusebium;

978 957 1076 984 Ambas
1098 965 1157 983 vero
1182 956 1318 990 Epistolas
1333 956 1367 982 ad
1390 955 1540 983 Corinthios
1564 953 1665 980 duobus
1687 953 1764 978 tomis

977 1002 1096 1036 exposuit
1115 1009 1146 1028 ac
1169 1001 1337 1032 dilucidauit,
1367 1000 1520 1034 deprecante
1551 999 1692 1025 Theodoro.
1711 996 1765 1023 liu-

977 1049 1088 1075 stratius
1108 1048 1146 1083 (d)
1162 1047 1301 1081 postulavit
1318 1047 1503 1080 expositionem
1516 1050 1629 1080 quatuor
1640 1045 1766 1077 epistola-

978 1100 1036 1119 rum
1047 1100 1112 1127 qttas
1129 1096 1382 1119 commemoraturus
1401 1099 1470 1122 sum,
1487 1097 1576 1123 nempe
1593 1088 1717 1123 Epistula:
1730 1087 1764 1113 ad

979 1137 1100 1168 Galatas,
1123 1142 1146 1164 et
1171 1136 1205 1163 ad
1223 1137 1360 1171 Ephesios,
1375 1141 1399 1163 et
1416 1136 1450 1162 ad
1474 1136 1661 1169 Philippenses.
1686 1139 1710 1161 et
1730 1133 1764 1159 ad

978 1182 1158 1210 Colossenses.
1170 1182 1253 1209 Binas
1263 1187 1350 1209 autem
1360 1182 1395 1211 ad
1410 1181 1664 1212 Thessalonicenses,
1674 1179 1763 1214 dcpre~

977 1231 1053 1254 conte
1067 1227 1168 1253 Iacobo
1188 1227 1318 1260 exposuit.
1351 1226 1414 1252 Item
1438 1226 1505 1252 duas
1530 1224 1564 1251 ad
1588 1224 1763 1254 Timotheum,

978 1272 1141 1307 supplicante
1153 1271 1250 1303 Petro;
1266 1277 1290 1298 et
1301 1271 1453 1306 deprecante
1465 1270 1563 1305 Cyrino
1575 1273 1763 1296 commentatus

977 1324 1015 1346 est
1028 1319 1055 1344 in
1070 1317 1204 1351 Epistolas
1221 1317 1255 1343 ad
1273 1316 1371 1349 Titum,
1385 1322 1409 1342 et
1432 1316 1620 1343 Philemonem.
1645 1315 1764 1341 Direxit-

977 1371 1025 1399 que
1038 1363 1072 1389 ad
1084 1363 1204 1389 etundem
1225 1362 1427 1389 commentarios
1451 1362 1477 1388 in
1493 1361 1639 1396 Epistulam
1658 1361 1690 1387 ad
1712 1360 1763 1387 lle-

978 1409 1079 1442 brazos;
1095 1408 1209 1443 adeoque
1221 1408 1333 1443 quinque
1354 1408 1431 1434 tomis
1451 1407 1575 1441 imposuit
1591 1407 1669 1440 finem
1689 1415 1761 1432 cont-

142 1458 157 1478 a
170 1450 293 1478 Balforeo
304 1454 332 1477 et
345 1450 406 1478 aliis
417 1450 598 1485 excogitatus,
612 1453 640 1476 et
657 1453 798 1484 tantopere
811 1457 826 1476 a
839 1449 928 1478 Theo-
943 1465 964 1493 ο
983 1455 1119 1481 mental-iis
1133 1454 1159 1481 in
1172 1453 1307 1487 Epistolas
1320 1454 1450 1488 Apostoli.
1463 1452 1624 1486 Conscripsit
1636 1457 1763 1486 praeterea

142 1498 238 1524 doreto
253 1497 388 1524 laudatus.

177 1541 264 1576 Hujus
279 1546 408 1577 praeterea
418 1541 553 1569 Theodori
566 1541 638 1574 (nam
648 1541 700 1568 erit
711 1548 801 1576 opera:
812 1541 927 1576 pretium

143 1588 195 1615 hoc
208 1588 348 1619 adnotare,
365 1588 422 1615 sive
438 1587 473 1614 ob
500 1587 689 1614 Nestorianam
714 1587 849 1619 haeresim,
871 1588 929 1616 sive

141 1634 178 1661 ob
193 1634 273 1660 aliam
288 1632 410 1667 causam)
425 1632 495 1667 apud
508 1632 592 1667 Syros
607 1636 681 1659 tanta
701 1632 752 1659 fuit
769 1633 927 1666 auctoritas.

141 1684 169 1707 et
184 1680 283 1710 cultus,
300 1683 329 1705 ut
349 1686 429 1713 quatit
447 1678 563 1712 plurima
588 1678 661 1705 illius
677 1678 703 1704 in
723 1679 859 1714 propriam
876 1679 928 1706 lin-

143 1733 224 1760 guam
242 1725 440 1752 transtulerint.
463 1723 592 1756 Quaenam
609 1731 673 1750 vero
691 1723 736 1750 illa
760 1723 871 1756 fuerint,
893 1723 929 1750 E-

143 1770 253 1797 bediesu
273 1769 416 1804 episcopus
439 1768 519 1796 Saba:
541 1772 568 1796 ct
592 1768 726 1795 Armenize
750 1768 777 1795 in
801 1768 929 1804 Catulogo

144 1816 271 1842 librorum
284 1815 534 1845 ecclesiasticarum,
547 1821 627 1849 quem
651 1814 696 1841 ille
711 1814 822 1848 scripsit
837 1815 928 1849 lingua

144 1859 265 1895 Syriaca.
280 1859 308 1886 in
324 1859 394 1886 hunc
409 1859 518 1886 modum
535 1859 681 1894 expressit.
698 1858 785 1885 Verba
801 1859 874 1886 illius
889 1859 926 1886 ita

143 1905 260 1932 reddidit
274 1905 426 1939 linguarum
447 1904 618 1931 orientalium
635 1904 817 1938 peritissimus
839 1905 925 1931 Abra-

144 1951 240 1978 hamus
272 1949 455 1977 Ecchellensis
480 1949 539 1985 (tt):
557 1949 708 1976 Theodorus
736 1955 926 1976 contntentator

143 1995 287 2030 composuit
309 1995 488 2030 quadraginta
514 1999 539 2022 et
564 2003 645 2022 unum
671 1999 780 2028 tomunt,
801 1996 846 2030 qui
865 2000 926 2022 sunt

179 2048 217 2081 (a)
229 2046 343 2074 Recudit
354 2050 447 2081 postea
456 2046 666 2082 emendatiorem
678 2047 750 2073 hunc
760 2047 922 2082 catalogum,

143 2082 268 2116 notisque
283 2082 406 2116 plurimis
428 2082 572 2108 illustravit
594 2081 651 2116 Jos.
667 2082 734 2108 Sim.
759 2081 925 2110 Assemanus

978 1500 1074 1528 librum
1102 1499 1140 1527 De
1169 1500 1358 1531 sacramentis,
1384 1503 1408 1526 ct
1425 1498 1460 1526 De
1488 1499 1538 1525 lide
1562 1498 1657 1528 alium,
1682 1505 1763 1524 unum

978 1552 1077 1573 tantum
1094 1545 1131 1573 De
1154 1544 1317 1575 sacerdotio.
1342 1550 1366 1570 et
1389 1544 1454 1570 duos
1480 1543 1516 1570 De
1535 1543 1637 1578 Spiritu
1656 1549 1762 1574 sancto,

977 1600 1060 1619 unum
1086 1591 1122 1618 De
1151 1590 1348 1621 incarnatione,
1375 1589 1441 1616 duos
1468 1593 1561 1616 contra
1590 1589 1761 1614 Eunomium.

978 1637 1046 1666 Item
1063 1638 1128 1664 duos
1143 1640 1238 1664 contra
1250 1640 1402 1664 asserentes
1419 1637 1445 1662 in
1459 1635 1517 1670 ipsa
1534 1640 1629 1661 natura
1643 1634 1761 1668 positum

977 1691 1038 1712 esse
1060 1686 1221 1718 peccatum:
1238 1683 1304 1709 duos
1326 1681 1399 1717 (tres)
1417 1686 1512 1708 contra
1534 1681 1660 1716 magiam,
1681 1688 1761 1706 unum

978 1728 1010 1755 ad
1031 1727 1191 1758 monachos.
1208 1735 1289 1754 unum
1306 1725 1339 1753 de
1359 1725 1478 1752 obscura
1502 1724 1648 1754 locutione,
1679 1732 1759 1750 unum

979 1773 1016 1800 De
1030 1771 1195 1807 perfectione
1206 1779 1318 1806 operum
1331 1770 1376 1806 (ε),
1391 1771 1504 1806 quinque
1512 1770 1643 1797 adversus
1654 1775 1701 1795 eos
1713 1767 1759 1800 qui

979 1819 1139 1854 Scripturas
1150 1818 1263 1853 figurate
1278 1818 1501 1853 interpretantur,
1521 1825 1601 1843 unum
1619 1823 1668 1851 pro
1683 1815 1761 1842 Basi-

979 1864 1027 1896 lio.
1041 1867 1065 1890 et
1079 1871 1160 1889 unum
1175 1862 1211 1890 De
1221 1866 1376 1890 assumente
1387 1866 1566 1896 etassumpto.
1581 1860 1648 1888 Item
1665 1859 1761 1886 librant

978 1917 1059 1936 unum
1070 1917 1144 1943 quem
1155 1908 1289 1942 inscripsit
1302 1908 1520 1943 Margaritarum,
1532 1911 1556 1933 et
1565 1907 1640 1933 illum
1649 1905 1693 1940 qui
1703 1904 1760 1939 ejus

978 1953 1159 1987 complectitur
1182 1952 1318 1986 epistolas.
1336 1952 1446 1979 Demum
1467 1956 1607 1978 tractatum
1624 1950 1660 1977 De
1678 1950 1760 1984 legis-

979 1997 1090 2027 latione,
1107 2004 1157 2030 quo
1174 1996 1252 2030 linem
1270 1996 1325 2022 suis
1340 1996 1461 2030 imposuit
1473 1994 1697 2021 lucubrationibus
1712 1993 1760 2027 (f).

980 2047 1076 2074 Menda
1093 2046 1278 2074 Ecchellensis
1296 2054 1348 2074 non
1370 2048 1480 2081 agnovit
1497 2046 1623 2077 Allalins,
1652 2046 1760 2106 linfna-

980 2090 1038 2106 rum
1055 2082 1241 2106 orientalium.
1257 2088 1284 2106 ut
1298 2082 1413 2106 videtur.
1430 2081 1584 2106 inmeritus:
1602 2081 1681 2106 cuius
1705 2087 1760 2106 l0l‘-

978 2090 1038 2109 rutn
1055 2082 1241 2113 orientalium,
1257 2088 1284 2108 ut
1298 2082 1413 2112 videtur,
1430 2081 1584 2115 imperitus;
1602 2081 1681 2114 cujus
1696 2081 1760 2106 hor-

144 2117 177 2156 ir_i_
189 2115 241 2156 sua
259 2115 420 2156 Bibliotheca
442 2117 575 2156 orientali,
594 2121 613 2143 t.
632 2115 676 2150 Ill,
698 2123 713 2142 a
735 2124 789 2151 quo
811 2117 923 2144 meliora
940 2127 962 2155 ι)
977 2117 1216 2156 tatucasteroquin
1230 2124 1260 2142 se
1274 2116 1346 2156 hunc
1360 2117 1511 2156 catalognm
1529 2115 1648 2142 edidisse
1667 2119 1761 2142 narrat

143 2152 245 2185 aliquot
259 2151 391 2186 sumenda
404 2151 533 2186 jutlicavi.

180 2187 218 2221 (ι)
237 2185 265 2212 Id
279 2190 321 2212 est
336 2186 395 2220 (ceu
407 2185 527 2220 erplicat
541 2185 717 2219 Assemanus)
730 2193 846 2220 quorum
865 2193 924 2214 mo-

143 2220 190 2248 les
202 2225 276 2247 tanta
290 2224 344 2252 est,
361 2225 390 2247 ut
403 2221 506 2247 centies
523 2224 550 2247 et
569 2221 747 2255 quinquagies
764 2221 847 2248 libros
862 2228 924 2255 pro-

143 2258 284 2290 phetarum
297 2256 417 2281 omnium
429 2259 548 2290 syperet.

179 2290 214 2326 (c)
235 2289 418 2326 Ecchellensis
436 2289 536 2326 Turim,
553 2289 719 2326 Assemanus
732 2297 789 2326 mar
803 2289 921 2326 Tyrium.

143 2324 343 2388 Egestlspicor
368 2324 521 2364 legendum,
541 2331 590 2364 pro
612 2324 734 2365 Syriaco
749 2325 828 2364 titulo
854 2333 921 2355 mar,

175 2364 314 2388 arturtum.
331 2358 437 2386 Etenim
457 2358 614 2388 Marturtus.
633 2367 679 2388 qui
698 2359 748 2385 fuit
761 2359 860 2385 deinde
876 2367 921 2388 na-

175 2360 314 2393 artyrium.
331 2358 437 2386 Etenim
457 2358 614 2393 Martyrius,
633 2360 679 2392 qui
698 2359 748 2385 fuit
761 2359 860 2385 deinde
876 2367 923 2393 pa-

144 2394 265 2421 triarcha
298 2394 493 2425 Antiochenus,
523 2401 630 2428 coaevus
661 2393 712 2420 fuit
743 2393 922 2428 laudatorque

144 2428 343 2463 Chrysostomj.
360 2427 474 2462 ideoque
487 2428 568 2455 etiam
591 2427 784 2463 Mopsuestcno
801 2427 919 2463 conti-in-

144 2462 290 2523 poraneus.
309 2462 428 2490 Consule
449 2467 571 2503 nostram
596 2462 697 2505 ﬂavam
720 2463 837 2488 biblioth.
863 2462 920 2490 I’P.

157 2497 189 2523 V.
201 2498 246 2523 ubi
257 2500 298 2523 est
310 2504 372 2523 pars
383 2505 538 2523 nanearrtcr
550 2506 576 2523 ιιι
587 2497 812 2523 (.hrvsostomnm
823 2498 858 2523 ab
870 2498 920 2523 hoe

157 2497 189 2527 ν,
201 2498 246 2524 ubi
257 2500 298 2523 est
310 2504 372 2532 pars
383 2497 538 2532 panegyrici
550 2498 576 2524 in
587 2497 812 2532 Chrysostommn
823 2498 858 2524 ab
870 2498 922 2524 hoc

144 2505 174 2523 tv
183 2518 189 2527 .
201 2505 246 2524 um
257 2505 298 2523 est
310 2505 372 2530 pars
383 2505 538 2558 panegyrim
550 2506 576 2524 ιιι
587 2505 812 2532 υιπγδοςιοιιιηηι
823 2505 858 2524 an
870 2505 921 2524 noe

143 2532 276 2566 Martyrio
290 2531 365 2557 dicti.
384 2532 455 2559 Sane
488 2532 551 2558 'uris
567 2532 718 2559 monachus
735 2533 834 2566 legitur
850 2532 921 2566 apud

143 2567 302 2602 pra'dietum
327 2566 526 2593 Ecchellensem
545 2574 570 2601 p.
586 2567 702 2602 75._sed
723 2567 825 2593 omittit
849 2567 921 2594 hunc

142 2600 321 2630 Asscmanus.
341 2601 385 2634 qui
400 2607 462 2627 cum
475 2600 595 2627 scribere
606 2600 743 2628 debuisset
756 2602 827 2627 inter
839 2608 918 2635 capp.

142 2637 177 2662 8'1
189 2640 216 2663 et
230 2635 274 2662 88.
290 2634 388 2662 Omisit
404 2639 504 2667 autem,
521 2636 584 2669 quia
599 2643 719 2663 errorem
735 2643 795 2663 esse
811 2634 921 2669 agnouit

143 2671 338 2699 Ecchellensis.
356 2671 390 2697 de
411 2670 490 2703 cujus
511 2671 572 2697 aliis
590 2670 696 2697 mendis
718 2670 845 2697 admonet
869 2678 920 2698 nos

143 2710 215 2732 totno
231 2705 359 2739 praedicto
375 2712 400 2739 p.
420 2705 431 2730 i
451 2709 478 2731 et
493 2705 519 2731 ti.

179 2740 217 2775 (ιι)
238 2739 362 2775 Estratea
384 2739 508 2775 Allatius
521 2747 553 2766 ex
572 2739 740 2766 Eechellensi
764 2747 788 2773 p.
806 2739 852 2771 29,
872 2740 918 2774 qni

142 2774 223 2801 etiam
242 2774 269 2800 in
286 2774 374 2801 indice
386 2774 413 2801 id
431 2774 557 2800 mendum
571 2774 743 2808 repetiverat.
757 2782 811 2808 quo
825 2782 919 2801 errore

142 2817 176 2836 ex
190 2813 334 2836 mtecenate
356 2808 504 2842 Eustratto,
520 2808 584 2836 fecit
605 2808 754 2836 Estrateam
767 2813 915 2836 auctorem.

977 2152 1162 2179 Ecchellensis
1180 2151 1207 2178 in
1225 2151 1300 2186 pra-7f.
1321 2159 1347 2186 p.
1362 2151 1407 2178 27.

1012 2187 1045 2221 (e)
1066 2185 1250 2221 Ecchellensis
1270 2185 1308 2212 De
1326 2186 1483 2219 perfectione
1505 2185 1650 2220 regiminis.

1011 2220 1049 2255 (f)
1070 2221 1106 2247 De
1126 2220 1308 2254 Mopsuesteni
1332 2221 1441 2254 scriptis
1463 2221 1559 2246 sedulo
1577 2227 1626 2246 nos
1650 2227 1759 2255 tutoque

974 2253 1093 2283 diximus
1114 2255 1141 2281 in
1167 2253 1242 2289 praei.
1265 2255 1330 2282 Ionii
1356 2255 1364 2280 l
1387 2253 1486 2289 prioris
1508 2255 1635 2282 editionis
1660 2253 1757 2288 Script.

974 2296 1035 2321 νει..
1054 2298 1086 2318 ex
1104 2297 1159 2324 quo
1174 2290 1233 2316 loco
1249 2297 1303 2316 non
1320 2294 1468 2316 memorata
1485 2290 1615 2316 nonnulla
1628 2291 1757 2323 cognosci

1010 2329 1090 2352 ssunt
1103 2326 1138 2351 ab
1150 2325 1259 2357 Allatio,
1275 2328 1302 2351 et
1316 2324 1450 2358 praecipue
1461 2332 1493 2351 ex
1506 2324 1585 2351 it'abr.
1604 2332 1666 2351 cum
1682 2324 1756 2352 llarl.

1001 2381 1005 2385 .
1019 2359 1050 2386 G.
1061 2364 1080 2386 t.
1092 2359 1124 2389 Χ,
1135 2367 1161 2393 p.
1171 2359 1223 2385 546
1235 2366 1308 2393 sqq.,
1324 2359 1404 2385 idest
1421 2359 1540 2392 liturqia,
1551 2359 1672 2394 hymnus.
1684 2366 1757 2392 quie—

973 2396 1069 2421 stiones
1086 2393 1198 2423 biblicte.
1216 2394 1417 2420 commentarius
1433 2394 1460 2419 in
1477 2394 1608 2422 Marcum.
1623 2394 1655 2419 de
1673 2394 1756 2419 mira-

973 2430 1039 2456 culis
1064 2428 1174 2455 Christi.
1204 2428 1268 2455 ltem
1300 2435 1350 2454 nos
1379 2427 1475 2461 Script.
1503 2434 1551 2455 vet.
1582 2428 1636 2457 VII.
1656 2436 1681 2462 p.
1710 2428 1754 2458 75,

972 2463 1152 2498 fragmentum
1180 2462 1342 2498 protulimus
1367 2463 1504 2498 Θερδώρου
1529 2463 1592 2498 περὶ
1607 2463 1756 2498 Neo-topia-

972 2497 1037 2529 vd»),
1057 2498 1103 2531 qui
1120 2502 1210 2523 tamen
1227 2497 1378 2524 liaithenus
1400 2497 1528 2529 fortasse,
1546 2497 1600 2524 non
1629 2497 1755 2531 Mopsue-

972 2537 1076 2563 stenns,
1094 2531 1286 2566 intelligendus
1310 2537 1362 2559 est.
1389 2531 1457 2559 Tum
1485 2540 1548 2559 vero
1574 2533 1600 2558 in
1628 2536 1701 2558 tomo
1723 2531 1755 2559 \‘l

971 2567 1070 2599 Script.
1086 2572 1135 2594 uel.
1156 2570 1218 2600 post
1231 2568 1443 2594 commentarios
1456 2568 1482 2593 in
1500 2575 1537 2593 xtl
1555 2568 1667 2594 minores
1692 2575 1755 2600 pro-

970 2602 1073 2635 phetas,
1087 2602 1140 2627 alia
1155 2601 1339 2635 Mopsuesteni
1353 2602 1462 2636 copiosa
1475 2601 1625 2635 fragmenta
1639 2603 1755 2628 attexui-

972 2644 1044 2666 mus,
1064 2643 1124 2670 (tum
1145 2642 1238 2669 postea
1259 2636 1336 2670 plena
1362 2644 1442 2663 manu
1464 2637 1630 2663 cumulaturi
1647 2644 1752 2663 sumus.

971 2670 1036 2697 item
1064 2674 1129 2705 tom.
1146 2670 1166 2701 Ι,
1187 2670 1212 2705 in
1231 2672 1276 2697 cit.
1305 2671 1380 2705 prmi.
1410 2671 1529 2698 diximus
1543 2678 1625 2704 quam
1652 2670 1753 2697 frustra

971 2704 1048 2731 tuulti
1063 2704 1182 2732 dixerint
1193 2704 1277 2739 (nunc
1293 2704 1382 2733 tamen
1402 2706 1530 2732 Allatium
1544 2705 1661 2740 excipio)
1678 2705 1751 2740 Mop-

971 2744 1127 2766 suestenum
1144 2740 1289 2773 scripsisse
1304 2740 1399 2767 decem
1418 2740 1502 2766 millia
1522 2740 1661 2767 librorum.
1685 2739 1751 2772 Quis

971 2775 1043 2800 enim
1057 2774 1114 2807 jam
1131 2775 1229 2805 nescit,
1246 2775 1393 2810 myriadem
1411 2775 1467 2801 dici
1482 2783 1497 2800 a
1513 2774 1613 2801 Gnecis
1631 2781 1680 2809 pro
1695 2776 1751 2810 plus

971 2809 1041 2835 rimo
1054 2815 1178 2842 numero,
1198 2813 1228 2836 ut
1244 2816 1258 2835 a
1277 2809 1382 2836 Latinis
1397 2814 1518 2836 sexcenta
1529 2811 1542 2836 ?
