1947 3071
412 312 817 377 THEODORI
873 311 1423 376 MOPSUESTENI

760 453 1078 485 COMMENTARIUS

276 571 350 627 lN
382 569 749 627 DUODECIM
791 567 1045 624 PROPH]

830 567 1216 624 ‘ROPHETAS
1259 565 1575 623 MINORES
1597 598 1599 602 ι

592 780 730 825 A'NG.
779 779 911 824 MAII
945 778 1265 824 PRIEFATIO

326 900 444 933 (Prteﬂxa
456 899 557 924 editioni
570 899 661 924 Graecae
675 899 732 924 anni
748 898 809 923 1832
820 897 845 921 in
858 896 1013 929 Scriptorum
1026 901 1133 923 veterum
1146 905 1208 923 noon
1219 896 1375 929 Collectione,
1392 902 1449 924 tom.
1461 899 1516 932 Vl.)

141 1084 163 1111 1.
182 1082 324 1110 Theodori
341 1080 517 1116 Mopsuestia:
541 1087 662 1114 episcopi
678 1080 888 1106 Commentarios
909 1079 944 1106 ad
960 1079 1145 1113 prophetarth
1164 1078 1235 1110 XII,
1250 1085 1319 1113 quos
1336 1077 1456 1105 minores
1467 1078 1596 1110 dicimus.
1618 1077 1741 1105 vaticinia

107 1135 172 1157 ante
183 1127 361 1163 septennium
372 1126 454 1152 edere
467 1124 539 1159 coepi
550 1144 557 1156 ,
572 1124 713 1159 impressis
725 1124 850 1151 videlicet
861 1124 951 1151 tribus
963 1124 1146 1153 brevioribus,
1162 1131 1223 1150 cum
1242 1123 1360 1158 prologis
1377 1123 1492 1158 aliquot.
1508 1123 1585 1152 Nunc
1605 1125 1740 1161 integrum

110 1177 181 1204 tanti
198 1173 359 1210 interpretis
375 1180 444 1208 opus
456 1171 592 1203 editurus.
613 1171 676 1199 illas
690 1179 801 1207 quoque
818 1172 935 1199 leviores
952 1176 1043 1206 partes
1059 1172 1236 1199 associumlas
1250 1172 1353 1206 putavi,
1379 1179 1413 1200 ne
1434 1171 1593 1201 Theodorus
1617 1174 1742 1202 videlicet

113 1230 167 1251 sua
182 1221 306 1249 membra
323 1219 473 1250 desideret,
489 1226 551 1252 qua:
568 1218 596 1245 in
617 1219 685 1245 tomi
710 1219 810 1254 angulo
820 1217 925 1253 jamdiu
943 1218 1068 1245 distracti
1088 1218 1231 1248 collocata,
1247 1221 1274 1244 ct
1287 1225 1350 1245 cum
1365 1218 1436 1245 idem
1462 1223 1551 1247 tomus
1564 1219 1743 1247 recuderetur

111 1269 229 1299 omissa,
252 1265 379 1300 nuspiam
401 1264 586 1299 quazrentibus
606 1264 686 1291 hodie
707 1267 849 1299 apparent.
873 1262 931 1290 Hoc
955 1267 1085 1297 suscepto
1103 1263 1230 1295 consilio,
1255 1263 1298 1289 illa
1319 1263 1422 1298 pariter
1442 1265 1566 1298 prooemii
1589 1264 1641 1291 mei
1665 1271 1744 1299 repe-

112 1314 198 1342 tenda
216 1320 281 1347 pars
297 1311 359 1342 l'uit,
377 1317 438 1344 quae
450 1309 483 1337 de
500 1311 552 1338 hoc
566 1311 703 1338 Theodori
719 1319 801 1346 opere
818 1311 950 1346 loquitur,
973 1311 1158 1346 praetermissa
1184 1316 1273 1337 tamen
1291 1311 1325 1338 de
1345 1311 1458 1346 reliquis
1473 1312 1594 1346 ejusdem
1613 1314 1743 1347 operibus

112 1363 311 1399 disputatione.
324 1359 486 1388 Theodorus
503 1360 587 1395 igitur
597 1360 681 1387 nobili
695 1367 793 1394 genere
807 1361 959 1388 Antiochia;
978 1364 1059 1388 natus
1072 1364 1125 1393 est,
1138 1359 1246 1387 Libanii
1260 1360 1287 1387 in
1303 1360 1473 1394 eloquentia,
1493 1359 1614 1388 Flaviani
1635 1369 1667 1389 ac
1681 1362 1744 1389 Dio-

113 1411 176 1437 dori
196 1413 224 1437 et
243 1407 361 1436 Carterii
374 1407 403 1434 in
422 1405 558 1440 theologia
572 1404 734 1439 discipulus,
756 1405 954 1440 philosopliicis
977 1412 1087 1440 quoque
1100 1405 1235 1433 doctrinis
1253 1405 1361 1433 abunde
1377 1407 1537 1439 instructus,
1553 1412 1579 1434 et
1596 1408 1632 1435 ob
1651 1409 1746 1436 multi-

113 1456 217 1490 plicem
246 1454 390 1482 scientiam
416 1452 568 1487 polyhistor
602 1451 710 1482 dictus,
738 1450 1021 1487 Joan.ChI-ysostomi
1046 1451 1252 1486 condiscipulus
1278 1458 1310 1478 ac
1337 1450 1499 1484 familiaris;
1527 1459 1581 1486 quo
1606 1452 1746 1481 hortatore

114 1503 281 1531 Theodorus
297 1499 398 1536 prioris
412 1507 427 1526 a
445 1506 474 1526 se
485 1496 603 1523 'luxuria:
618 1495 804 1523 blandimenta
819 1496 941 1531 depulit;
961 1495 1126 1524 Theodoreti
1143 1496 1260 1531 (utinam
1278 1503 1331 1523 non
1345 1500 1372 1523 et
1388 1496 1504 1524 Nestorii
1522 1505 1555 1524 ac
1574 1497 1712 1526 Bai-sumre
1726 1500 1744 1533 !)

114 1552 268 1587 magister;
280 1551 431 1579 htereseon,
445 1545 580 1580 Origenis.
594 1544 661 1576 Arii,
674 1543 851 1580 Apollinaris,
865 1544 1003 1576 Eunomii.
1016 1544 1132 1572 Persica:
1148 1544 1230 1572 etiam
1247 1545 1342 1579 magi-.2
1354 1549 1380 1571 et
1396 1543 1496 1571 Juliani
1508 1544 1644 1579 Aposlataa
1659 1553 1747 1580 oppu-

114 1601 235 1633 gnatur;
248 1596 283 1623 ab
298 1594 485 1623 Orientalibus
500 1593 640 1629 sapientiae
657 1600 742 1625 mare,
757 1598 785 1620 et
799 1592 1003 1628 Scripturarum
1015 1593 1152 1627 interpres
1168 1592 1228 1619 κατ’
1240 1592 1338 1627 ἐξοχὴν
1352 1592 1452 1625 dictus,
1469 1593 1602 1621 universae
1619 1593 1749 1622 Ecclesiae

116 1644 218 1670 doctor
234 1640 369 1669 interdum
384 1639 545 1676 appellatus,
561 1644 590 1667 et
600 1638 687 1674 Magni
702 1638 820 1673 denique
836 1643 1018 1673 cognomento
1039 1638 1157 1666 donatus
1171 1637 1222 1674 (α).
1233 1639 1322 1673 Atque
1338 1645 1389 1674 ego
1401 1638 1493 1665 statim
1511 1637 1643 1667 confiteor
1659 1638 1749 1666 Theo~

116 1689 180 1716 dori
200 1688 303 1721 scripta
319 1686 403 1713 variis
418 1685 557 1712 erroribus
579 1684 664 1712 fuisse
683 1692 850 1719 conspersa;
867 1685 994 1720 justeque
1014 1692 1076 1712 eum
1096 1685 1124 1712 in
1148 1685 1294 1717 haereseos,
1316 1685 1339 1712 si
1361 1692 1415 1712 non
1436 1684 1604 1719 pertinacem
1628 1685 1748 1720 culpam,

117 1742 197 1767 certe
213 1737 362 1765 errantiam
379 1741 504 1763 vocatum
518 1755 526 1767 ,
549 1738 605 1761 tum
619 1734 683 1769 quia
705 1734 732 1761 id
757 1735 815 1769 ipse
831 1738 928 1762 auctor
945 1735 1082 1762 interdum
1099 1734 1246 1762 confessus
1266 1733 1366 1769 est(b);
1386 1736 1446 1760 tum
1458 1732 1522 1768 quia
1537 1733 1663 1768 graviora
1687 1739 1752 1761 sunt

117 1792 205 1820 quam
224 1787 252 1810 ut
266 1783 367 1811 elevari
384 1782 491 1818 possint
511 1783 666 1810 testimonia
679 1782 705 1809 in
722 1790 785 1810 eum
798 1782 870 1810 dicta
890 1791 904 1809 a
923 1782 952 1810 S.
966 1783 1068 1818 Cyrillo
1086 1783 1112 1810 in
1131 1782 1251 1817 Epirtola
1268 1782 1302 1808 ad
1324 1780 1458 1812 Proclum,
1482 1788 1498 1807 a
1517 1781 1631 1809 Leontio
1651 1781 1750 1810 Cantru

122 1829 203 1857 Neu.
220 1829 269 1856 lib.
283 1836 323 1861 ιιι,
339 1836 354 1855 a
368 1827 485 1856 Maximo
499 1827 526 1854 in
540 1827 681 1863 opusculis
694 1834 720 1862 Ρ.
740 1827 785 1860 91,
805 1835 820 1854 a
832 1827 990 1855 Justiniano
1002 1829 1029 1854 in
1047 1836 1126 1855 sacra
1143 1828 1258 1864 epistola
1280 1831 1307 1855 et
1324 1828 1351 1854 in
1374 1827 1418 1854 illa
1433 1827 1579 1862 prolixiore
1597 1835 1678 1862 quam
1695 1829 1751 1863 pri«

122 1884 185 1903 mus
200 1874 350 1902 Bandinius
365 1874 466 1908 edidit;
486 1883 502 1902 a
516 1874 660 1903 Theodoro
675 1875 859 1903 Raithunensi
877 1877 905 1903 in
921 1877 1055 1911 opusculo
1076 1876 1114 1904 De
1129 1877 1245 1908 incarn.,
1262 1884 1277 1903 a
1294 1876 1379 1903 Mario
1397 1873 1547 1902 Mercatore
1567 1875 1595 1902 in
1615 1877 1701 1910 Actis,
1717 1878 1751 1904 ab

122 1920 281 1948 Hamartolo
294 1919 466 1947 inChronico
486 1920 600 1952 inedito,
618 1928 633 1947 a
651 1920 749 1948 Photio
767 1921 795 1947 in
811 1920 975 1947 Bibliotheca
989 1927 1014 1948 et
1029 1921 1057 1948 in
1070 1921 1204 1956 epistolis,
1218 1925 1244 1948 et
1262 1928 1277 1948 a
1300 1923 1418 1955 generali
1431 1923 1525 1957 quinto
1548 1923 1666 1951 concilio
1687 1925 1751 1952 totis

123 1967 281 1995 actionibus
296 1971 395 2002 quarta
407 1972 434 1995 et
444 1967 550 2001 quinta,
570 1972 598 1994 et
611 1975 715 1995 canone
729 1967 903 2000 duodecimo,
922 1976 1028 1996 necnon
1048 1970 1073 1995 in
1090 1967 1250 2003 pontificum
1270 1968 1450 1995 maximorum
1464 1969 1553 2003 magni
1568 1969 1689 2004 Gregorii
1703 1970 1750 2004 (ε),

123 2017 152 2040 et
166 2012 320 2047 praesertim
338 2011 442 2046 Pelagii
455 2010 527 2046 ll(d)
546 2012 688 2046 epistolis:
703 2019 753 2038 nec
772 2010 901 2046 Vigilium
917 2017 1058 2047 prretereo,
1080 2012 1138 2046 qui,
1154 2011 1205 2039 etsi
1227 2011 1363 2046 principio
1383 2012 1514 2041 damnare
1530 2013 1751 2048 Mopsucstenum

125 2060 227 2092 noluit,
242 2067 275 2087 ne
292 2060 426 2094 plurimos
440 2059 585 2094 episcopos
606 2059 671 2086 huic
687 2058 809 2087 faventes
826 2060 936 2094 gravius
949 2059 1108 2091 odenderet,
1129 2058 1228 2086 deinde
1250 2063 1351 2091 tamen,
1370 2059 1403 2086 ad
1416 2061 1518 2095 scripta
1531 2065 1606 2088 certe
1620 2061 1692 2096 quod
1710 2066 1752 2088 at-

125 2107 207 2139 tinet,
224 2107 364 2134 damnanti
377 2108 483 2142 synodo
501 2114 631 2134 assensus
647 2110 699 2138 est.
712 2111 794 2141 atque
812 2114 920 2134 errores
933 2107 1055 2142 singulos
1070 2106 1186 2134 mirabili
1200 2107 1350 2134 constituto
1371 2109 1505 2143 coarguit.
1522 2109 1599 2136 Mitto
1617 2109 1685 2136 alios
1702 2110 1753 2136 mi-

126 2154 204 2181 noris
219 2154 379 2189 plerumque
394 2153 512 2181 nominis
532 2159 725 2188 accusatores;
741 2155 820 2182 mitto
834 2154 983 2183 hodiernos
1000 2159 1212 2190 oppugnatores,
1228 2163 1297 2190 quos
1317 2156 1388 2183 inter
1400 2155 1538 2184 Norisium
1563 2158 1590 2185 in
1604 2157 1753 2193 Pelagiana

127 2203 258 2234 hiuona;
277 2204 406 2238 quamvis
418 2207 446 2231 et
461 2204 540 2230 multi
555 2203 714 2232 defensores
730 2209 804 2236 sunt,
821 2204 973 2239 praesertim
990 2204 1128 2231 liberioris
1152 2206 1294 2232 sententiae
1309 2204 1444 2232 homines.
1469 2203 1522 2231 Sed
1544 2204 1609 2231 mihi
1626 2203 1753 2239 equidem

124 2257 225 2284 parum
241 2251 329 2284 placet
339 2251 449 2278 illorum
466 2250 632 2285 institutum,
648 2253 693 2288 qui
707 2253 846 2281 hominum
862 2261 876 2280 a
888 2257 979 2281 vetere
990 2252 1113 2280 Ecclesia
1126 2252 1328 2285 damnatorum,
1343 2252 1489 2280 neotericis
1501 2251 1645 2280 conatibus
1657 2251 1753 2278 ortho-

128 2298 239 2325 doxiam
255 2299 279 2326 vi
295 2298 456 2327 obtrudunt.
470 2300 632 2336 Quanquam
644 2306 672 2329 ct
681 2302 719 2336 pii
733 2301 869 2329 interdum
884 2301 1004 2336 theologi
1018 2301 1045 2328 id
1068 2301 1214 2329 consilium
1235 2302 1322 2328 secuti
1345 2302 1420 2332 sunt,
1438 2299 1476 2326 ita
1493 2301 1522 2325 ut
1546 2305 1589 2325 ex.
1605 2305 1646 2332 gr.
1659 2296 1754 2332 Orige-

130 2354 192 2373 nem
215 2346 377 2379 Halloitius,
394 2348 520 2378 Starolus
536 2350 625 2377 adhuc
645 2350 764 2378 ineditus
784 2350 980 2378 Caesariensem
995 2350 1142 2378 Eusebium
1165 2349 1285 2385 copiosis
1302 2349 1413 2384 scriptis
1430 2347 1609 2376 defenderint.
1627 2346 1701 2374 Sane
1719 2347 1754 2374 ad

130 2390 312 2426 Mopsuesteni
327 2393 441 2419 tutelam
457 2393 592 2422 Occidens
605 2403 688 2431 prope
704 2396 849 2423 universus
866 2403 927 2423 eum
939 2396 1032 2422 Africa
1046 2396 1110 2425 olim
1124 2395 1344 2430 conspiraverat:
1364 2402 1448 2430 quare
1457 2397 1485 2421 et
1493 2392 1756 2420 tristissimumillud

129 2436 249 2463 schiSma
262 2437 366 2464 exarsit
382 2437 557 2472 Aquileiense
570 2440 761 2475 episcoporum
778 2440 920 2468 Theodoro
940 2440 1182 2475 patrocinantium,
1199 2440 1272 2475 quod
1288 2439 1405 2468 Romani
1421 2439 1564 2475 pontifices
1583 2438 1630 2465 vix
1645 2438 1754 2466 tandem

131 2483 276 2519 aliquando
295 2489 357 2520 post
377 2493 429 2512 cur
444 2492 531 2512 annos
552 2485 794 2519 exstinxeruntie).
815 2485 885 2513 Tum
900 2489 1010 2513 exstant
1024 2484 1146 2512 Facundi
1163 2485 1370 2513 Hermianensis
1386 2486 1413 2512 in
1433 2484 1525 2511 Africa
1538 2483 1659 2519 episcopi
1677 2485 1758 2512 volu-

131 2529 205 2556 mina
218 2529 376 2562 duodecim.
393 2534 420 2558 et
432 2531 485 2557 alia
501 2528 556 2556 duo
571 2530 694 2565 ejusdem
707 2531 810 2565 scripta
823 2540 830 2564 ;
849 2535 876 2558 et
887 2535 1019 2565 przeterea
1032 2531 1174 2565 complura
1188 2534 1310 2558 veterum
1325 2532 1480 2558 testimonia
1496 2533 1561 2557 sunt
1578 2528 1758 2559 {Theodoreti

133 2573 240 2609 lbaaque
249 2576 338 2610 puta).
353 2584 415 2611 qua
426 2576 570 2605 Theodoro
583 2578 689 2606 laudem
710 2579 863 2606 offundunt.
884 2579 937 2606 Sed
954 2583 1029 2606 certe
1045 2579 1078 2606 ad
1093 2579 1206 2606 Latinos
1221 2579 1378 2606 laudatores
1396 2578 1467 2614 quod
1485 2578 1591 2608 attinet.
1606 2577 1759 2604 audiendus

131 2620 256 2656 Pelagius
278 2621 298 2649 ll
314 2629 384 2657 papa
405 2623 434 2650 in
448 2623 635 2651 disertissimis
654 2625 688 2651 ad
712 2624 800 2651 Etiam
824 2624 1005 2658 patriai-chain
1030 2624 1228 2651 schismaticum
1245 2628 1272 2652 el.
1289 2624 1323 2650 ad
1339 2623 1430 2650 Istria:
1441 2624 1573 2658 episcopos
1593 2622 1689 2650 litteris
1698 2622 1721 2657 (Ῑ
1735 2621 1761 2652 )2

167 2710 207 2744 (ιι)
227 2709 334 2747 Socrat.
353 2719 388 2747 v._
405 2710 439 2742 5;
456 2709 565 2747 S7ozom.
581 2719 640 2747 vui.
665 2712 700 2745 2;
729 2711 824 2744 Evagr.
848 2721 866 2744 ι,
883 2713 918 2746 ‘2;
969 2713 1053 2740 herat.
1070 2713 1187 2740 Breviar.
1205 2720 1264 2747 cap.
1277 2713 1303 2739 ι.

130 2743 251 2772 Facund.
266 2753 295 2778 ιι,
309 2746 347 2778 2;
367 2745 491 2773 Gennad.
511 2755 566 2780 xu;
583 2743 746 2774 Theodorei.
767 2743 839 2774 Hist.
855 2756 897 2774 ετ(-

132 2788 156 2808 v.
175 2781 230 2808 ιοι
250 2780 347 2808 Leont.
373 2786 466 2807 contra
479 2781 556 2808 Nest.
572 2789 613 2808 ιιι.
634 2787 662 2808 et
680 2783 718 2808 De
735 2787 797 2808 sect.
815 2786 867 2808 act.
884 2783 899 2808 4

665 2743 746 2774 io’rc't.
767 2743 839 2774 Hist.
855 2743 918 2774 ειη-ιζ
1006 2748 1041 2808 (ξ)
1060 2747 1110 2781 Ep.
1127 2756 1146 2775 l.
1221 2743 1251 2788 n-3
1267 2748 1311 2778 51.
1327 2755 1376 2777 vn.
1392 2748 1434 2774 54.

680 2783 718 2808 De
735 2787 797 2808 sect.
815 2786 867 2808 act.
884 2783 900 2808 4
914 2792 920 2808 2
1008 2783 1015 2808 ί
1040 2785 1047 2808 l
1069 2783 1140 2808 Hurd
1168 2788 1178 2808 t
1191 2782 1270 2808 οιιριι.
1287 2787 1352 2808 tom.
1373 2783 1416 2808 lll.
1431 2791 1434 2808 ι

132 2788 161 2818 ξ..
175 2781 230 2818 407;
250 2780 466 2818 Leont.__contra
479 2781 556 2809 Nest.
572 2789 613 2814 tu,
634 2787 662 2810 et
680 2783 718 2808 De
735 2787 797 2809 sect.
815 2786 867 2810 act.
884 2783 900 2809 4
914 2792 921 2814 ;
1008 2780 1047 2818 (ά)
1069 2780 1140 2818 liard
1168 2782 1270 2810 t'oncit.
1287 2787 1352 2809 tom.
1373 2783 1416 2814 Ill,
1431 2791 1456 2817 p.
1472 2782 1535 2810 430.

131 2815 243 2852 Nicepli.
262 2815 384 2852 xul,_50.
428 2849 435 2852 _
533 2851 538 2852 7
699 2851 706 2852 7
774 2851 779 2852 7
831 2851 838 2852 7
1010 2815 1044 2851 (ε)
1066 2817 1185 2845 Monum.
1201 2818 1289 2852 Aquit.
1306 2818 1361 2844 ind.
1374 2815 1470 2844 chron.

166 2849 300 2888 ((1)7Apud
323 2849 501 2888 Eacittidatu.
522 2851 552 2888 76.
576 2860 602 2878 x.
626 2852 659 2885 5;
679 2851 801 2888 ﬂosych.
817 2851 922 2888 iragm.

763 2851 801 2888 ab,
817 2851 922 2888 iragvu.
1073 2853 1157 2881 llard.
1175 2849 1276 2880 Concil.
1289 2857 1355 2879 tom.
1370 2852 1413 2884 ΙΙΙ,
1430 2860 1455 2887 p.
1472 2852 1532 2881 450.

131 2885 195 2912 hist.
214 2885 240 2913 in
255 2886 356 2913 conci].
374 2885 406 2916 V,
425 2886 466 2913 ed.
482 2887 566 2914 Colct.
591 2891 656 2913 tom.
679 2887 724 2921 lx,
741 2885 771 2922 'p.
791 2887 859 2920 248;
882 2887 926 2913 Li-

299 2932 440 2962 Ριιῑιιοι..
465 2932 512 2962 Gn
549 2933 659 2966 LXVL

1606 2934 1621 2960 ζι
