1947 3071
196 147 245 174 10⁸7
423 145 428 149 ’
815 147 895 175 ANG.
917 148 965 175 MA

1064 148 1207 177 EFATIO.
1778 154 1833 184 108

195 206 285 235 Latini
298 206 412 233 Itonti'tes
430 205 579 232 Graecitatis
596 206 691 240 ignari,
709 205 772 232 dum
787 206 905 240 linguam
925 207 1057 239 nesciunt,
1086 216 1202 235 errarent
1232 207 1306 233 tarde
1324 212 1514 242 cognorarunt;
1540 217 1650 244 quarunt
1666 212 1836 242 constantia.

194 263 327 290 quousque
339 262 425 281 verum
444 258 638 288 cognoscerent,
654 262 671 280 (ι
685 253 827 280 certamine
842 262 893 280 non
912 254 1018 287 quievit.
1034 255 1124 282 Causa
1141 255 1180 282 rei
1204 259 1286 282 tanta:
1303 254 1363 285 fuit.
1379 253 1450 290 quod
1465 255 1584 290 episcopi
1600 256 1637 283 illi
1653 259 1790 292 praeconia
1807 265 1838 287 et

194 302 295 335 scripta
315 300 490 327 Theodoriin
510 300 738 334 Chalcedonensi,
758 305 788 328 ut
813 300 880 329 falso
898 302 1042 336 putabant,
1064 302 1181 330 concilio
1202 308 1312 338 probata
1325 323 1332 334 ,
1357 302 1384 328 in
1404 302 1709 338 Constantinopolitano
1729 306 1837 333 deinde

195 347 324 376 damnata
342 355 412 382 aegre
427 347 561 374 ferebant.

230 418 261 445 ll.
274 418 499 446 Commentarium
519 421 552 447 ad
573 420 633 447 ΧΗ
653 422 792 455 prophetas
816 422 941 453 minores,
960 431 1040 457 quem
1054 431 1127 450 nunc
1142 423 1226 451 edere
1238 423 1393 459 aggredior,
1410 424 1436 450 in
1452 424 1560 451 duobus
1574 422 1675 451 aliendi
1686 423 1834 451 Vaticana:

195 465 368 493 bibliothecae
379 465 529 498 codicibus,
547 467 632 494 altero
646 467 691 501 qui
708 467 758 494 fuit
777 468 841 495 olim
857 468 1003 502 cujusdam
1021 468 1154 503 dignitate
1167 470 1427 505 πρωτοασηκρήτις.
1443 470 1542 496 deinde
1557 477 1621 496 vero
1644 469 1757 497 Joannis
1772 478 1840 497 car-

195 512 294 540 dinalis
317 511 466 540 Florentini
493 513 626 547 Salviati;
648 520 742 550 postea
768 515 795 542 iu
825 515 1011 543 Romanorum
1040 517 1266 544 Columncnsium
1291 517 1483 545 bibliothecam
1504 518 1634 548 transiit;
1657 517 1774 553 denique
1801 518 1839 545 ad

195 562 305 589 codices
318 561 466 588 Vaticanos
486 566 549 590 ante
563 562 740 595 decennium,
759 571 802 590 me
817 564 960 598 praefecto,
979 566 1108 592 accessit.
1126 564 1150 592 ls
1165 569 1208 593 est
1225 565 1310 592 codex
1333 566 1523 592 membrancus
1540 568 1723 599 pervetustus,
1739 565 1838 592 saeculi
1863 562 1866 563 ⁷

195 610 306 638 circiter
321 609 468 641 undecimi,
479 610 672 643 integerrimus
688 614 714 637 et
728 611 984 640 emendatissimus.
995 612 1070 639 Alter
1085 613 1170 640 codex
1186 612 1219 639 ad
1236 610 1392 639 Vaticanam
1409 611 1598 638 collectionem
1611 611 1666 646 jam
1683 611 1728 638 diu
1746 612 1838 646 perti—

197 664 276 688 m-ns,
295 656 460 683 chartaceus
477 658 504 682 et
525 662 631 688 recens,
649 655 902 690 commentarioque
914 656 946 683 ad
964 656 1124 684 Zachariam
1144 664 1254 687 carens.
1271 656 1350 689 cu’jus
1371 656 1410 682 rei
1427 663 1481 683 non
1498 656 1606 683 dubiam
1625 664 1734 684 causam
1750 657 1838 692 paulo

196 706 258 738 post
274 701 406 729 recitabo.
429 699 488 728 Jam
505 701 549 727 hic
573 709 669 728 recens
684 700 752 727 adeo
769 702 928 729 vetustioris
941 702 1014 729 illius
1032 702 1174 729 lectionem
1201 701 1336 736 sequitur,
1354 705 1384 728 ut
1406 709 1437 728 ex
1457 701 1552 729 eodem
1569 702 1736 737 cxscriptum
1753 702 1838 729 valde

196 751 323 778 arbitrer.
344 749 400 785 Ego
415 753 489 777 certe
514 748 616 775 nullam
635 749 796 776 rccentioris
815 749 949 776 rationem
966 749 1059 779 habui,
1083 749 1131 777 sed
1160 753 1308 783 praestante
1325 750 1439 782 antiquo
1452 755 1560 782 semper
1585 755 1645 775 sum
1664 755 1741 775 usus.
1758 747 1837 774 Satis

197 798 291 831 itaque
307 796 371 822 mihi
391 794 424 821 ad
442 795 592 822 curandam
609 795 756 822 editionem
773 795 799 822 in
812 794 955 822 Pontiﬁcia
971 795 1136 823 bibliotheca
1151 795 1267 823 subsidii
1284 795 1353 829 fuit;
1373 795 1420 823 sed
1435 796 1498 830 quia
1515 799 1603 822 tamen
1619 802 1668 830 par
1684 795 1836 822 thesaurus

196 843 260 870 alibi
277 849 386 878 quoque
405 846 504 872 exstat,
524 848 577 867 non
603 841 740 876 gravabor
758 841 885 868 notitiam
915 847 1072 869 exterorum
1096 842 1235 874 codicum,
1253 850 1315 877 quae
1332 841 1398 868 mihi
1417 841 1556 876 indaganti
1575 843 1707 873 occurrit,
1735 843 1836 876 paucis

197 899 346 927 exponere.
365 890 394 917 In
408 890 505 925 primis
533 890 649 917 Caesaris
673 890 837 917 bibliotheca
858 889 1079 918 Vindohouensis
1095 890 1166 918 duos
1183 891 1265 918 habet
1290 890 1426 918 Theodori
1440 889 1468 916 iu
1486 898 1523 917 xu
1541 890 1681 924 prophetas
1707 890 1834 920 codices.

197 946 315 974 quarunt
336 938 451 965 alterum
470 936 523 964 sub
539 945 654 964 numero
670 936 774 964 CLXIII
791 937 939 972 descripsit
955 937 1118 966 Lambecuis
1143 939 1200 973 (a);
1221 938 1255 966 de
1269 938 1355 965 altero
1374 938 1438 965 huic
1450 937 1529 973 plane
1545 936 1627 964 simili
1646 937 1750 971 prolixe
1764 935 1837 963 For-

197 986 266 1013 losia
283 985 339 1020 (qui
351 985 385 1012 de
405 983 524 1011 editione
545 990 654 1017 quoque
678 983 820 1018 cogitavit)
843 983 966 1018 loquitur
980 983 1051 1018 apud
1068 984 1221 1011 Kollarium
1238 984 1265 1010 in
1284 982 1481 1019 supplementis
1496 990 1522 1017 p.
1543 982 1603 1009 167.
1630 983 1718 1016 Atque
1734 981 1759 1008 hi
1777 981 1836 1008 duo

199 1033 427 1060 Vindobonenses
443 1030 580 1058 chartacei
597 1035 671 1062 sunt,
688 1039 737 1058 nec
753 1031 859 1066 antiqui
873 1040 880 1058 :
900 1032 966 1066 quin
981 1031 1049 1059 adeo
1067 1032 1204 1059 secundus
1220 1032 1326 1058 delatus
1346 1039 1379 1058 ex
1400 1029 1477 1057 Italia
1496 1028 1548 1055 luit
1562 1028 1596 1054 ab
1613 1027 1743 1062 Apostolo
1758 1027 1835 1054 Zeno

200 1079 390 1107 Vindobonam
404 1088 410 1106 :
427 1079 494 1106 satis
511 1082 602 1105 autem
619 1083 733 1114 apparet
752 1078 939 1113 apographum
959 1086 1021 1106 esse
1035 1079 1136 1105 veteris
1151 1078 1254 1105 codicis
1271 1078 1475 1108 (lolumncnsis,
1499 1082 1572 1102 nunc
1588 1074 1730 1105 Vaticani;
1745 1081 1836 1108 quatt-

197 1125 345 1160 doqnidetn
369 1123 422 1150 tria
447 1124 493 1150 illa
517 1124 622 1151 scholia
640 1133 655 1150 a
670 1123 791 1150 Kollario
818 1124 901 1155 edita,
930 1125 1071 1159 quibusin
1090 1124 1231 1152 Zachariae
1250 1125 1389 1159 propheta:
1412 1124 1535 1159 margine
1553 1124 1696 1158 theologus
1719 1122 1834 1150 Grzccus

203 1172 296 1198 nescio
313 1170 375 1205 quis
393 1172 509 1204 castigat
522 1170 654 1204 quasdam
668 1169 804 1197 Theodori
822 1171 910 1197 nostri
926 1171 1088 1202 sententias,
1102 1178 1144 1204 ea,
1161 1171 1285 1205 inquam,
1299 1170 1401 1197 scholia
1419 1170 1445 1197 in
1458 1170 1627 1205 marginibus
1639 1169 1835 1197 Columnensis

198 1221 302 1248 codicis
322 1223 444 1250 exstant,
462 1223 545 1253 atque
560 1219 593 1246 ad
610 1220 729 1247 litteram
745 1228 806 1247 cum
831 1220 885 1247 illis
906 1220 988 1248 editis
1011 1225 1175 1254 congruunt.
1194 1219 1254 1247 Jam
1280 1219 1343 1254 quia
1369 1218 1582 1246 commentarius
1604 1215 1787 1250 Mopsucsteni
1806 1214 1836 1241 in

200 1265 362 1292 Zachariam
379 1263 564 1291 criminationi
587 1264 669 1290 alicui
687 1268 780 1298 patere
793 1265 868 1291 visus
884 1269 936 1295 est,
952 1264 1056 1291 idcirco
1070 1265 1145 1291 illum
1161 1264 1284 1292 Vaticani
1299 1264 1461 1291 recentioris
1472 1263 1575 1290 codicis
1590 1263 1707 1296 scriptor
1719 1265 1836 1295 praeter-

200 1315 294 1342 misit:
310 1313 383 1349 quod
404 1320 454 1348 ego
477 1312 622 1340 consilium
640 1312 753 1339 minime
768 1312 872 1346 probo;
889 1319 977 1346 neque
991 1313 1063 1339 enim
1079 1313 1249 1346 periclitatur
1267 1312 1396 1339 Ecclesia:
1417 1314 1515 1342 status,
1541 1308 1629 1336 sicubi
1647 1308 1718 1334 forte
1738 1306 1835 1341 Mops-

200 1366 331 1389 ucstenus
361 1359 475 1387 audacia
503 1359 545 1386 vel
573 1357 693 1384 novitate
726 1357 924 1392 interpretandi
953 1357 1035 1391 paulo
1060 1357 1171 1384 liberius
1197 1360 1320 1392 vagatur:
1346 1356 1465 1389 Quintus
1489 1354 1574 1381 codex
1604 1352 1723 1379 Venetus
1750 1357 1794 1380 est
1819 1359 1836 1379 a

199 1407 403 1435 Montl’auconio
415 1406 452 1442 (1))
469 1406 496 1432 in
511 1406 704 1433 Grimanorum
719 1404 884 1431 bibliotheca
898 1404 1070 1431 observatus.
1089 1403 1187 1431 Sextus
1203 1412 1279 1438 teque
1298 1403 1419 1430 Venetus
1443 1406 1496 1433 est,
1510 1408 1590 1435 quem
1608 1399 1678 1426 idetn
1695 1398 1835 1426 Montfau-

200 1455 342 1489 conius(c)
357 1454 429 1489 apud
445 1452 582 1479 Meletium
600 1451 752 1487 Typaldum
764 1451 842 1479 vidit.
856 1451 994 1486 Septimus
1015 1452 1099 1478 codex
1125 1452 1195 1486 apud
1210 1451 1383 1479 Gerasimum
1404 1449 1535 1478 Blachum
1548 1448 1575 1474 in
1591 1446 1676 1474 Gallia
1690 1446 1750 1479 fuit,
1764 1450 1836 1473 teste

198 1499 363 1528 Combetisio
382 1498 432 1532 (ά).
448 1498 537 1532 Atque
551 1496 624 1523 hunc
637 1497 759 1524 codicem
781 1497 899 1531 inspexit
921 1496 1014 1530 etiam,
1030 1500 1060 1522 ut
1085 1499 1161 1530 puto,
1179 1495 1335 1530 Stephanus
1356 1496 1389 1522 ab
1402 1496 1535 1523 Altimura
1551 1495 1723 1530 (Lequinius)
1738 1494 1785 1529 qui
1805 1494 1835 1522 in

201 1547 333 1581 Panoplia
347 1554 373 1581 p.
386 1546 449 1577 A53,
467 1545 505 1571 ait
521 1552 553 1572 se
577 1545 675 1580 legisse
699 1544 884 1579 Mopsuesten‘i
911 1543 1123 1570 Commentarios
1139 1543 1165 1569 iu
1184 1551 1221 1569 xu
1244 1542 1393 1576 prophetas.
1411 1542 1506 1570 Octavi
1521 1543 1625 1570 codicis
1640 1543 1764 1570 notitiam
1780 1542 1835 1577 pri-

200 1601 273 1626 mus,
288 1597 318 1620 ut
330 1592 461 1623 arbitror,
479 1590 599 1625 prodidit
614 1589 784 1618 Posseviuus
797 1590 843 1624 (e),
855 1590 901 1624 qui
914 1592 1023 1616 exstare
1040 1596 1101 1614 eum
1117 1588 1187 1615 dixit
1204 1588 1296 1615 Romae
1317 1589 1343 1615 in
1359 1589 1524 1616 bibliotheca
1539 1588 1723 1615 Vallicelliana
1734 1597 1741 1621 ;
1753 1595 1834 1622 quem

200 1648 249 1674 ego
260 1639 381 1666 codicetu
399 1644 462 1664 cum
486 1637 671 1668 observarem,
690 1635 857 1671 deprehendi
881 1644 942 1663 esse
969 1641 1051 1663 tenue
1077 1636 1312 1671 interpretationis
1336 1637 1363 1663 in
1391 1636 1487 1664 Oscam
1513 1637 1708 1671 fragmentum,
1726 1636 1833 1670 paginis

200 1684 344 1712 duodecim
363 1686 507 1714 constans,
524 1689 612 1715 usque
626 1685 659 1709 ad
679 1682 793 1709 secundi
810 1682 909 1716 capitis
924 1683 1093 1709 versiculum
1111 1683 1221 1709 tertium
1237 1683 1385 1710 decimum.
1403 1683 1491 1711 liuius
1507 1691 1588 1717 porro
1603 1684 1724 1718 praeclari
1741 1683 1833 1718 operis

200 1731 310 1758 codices
325 1729 371 1764 qui
387 1736 469 1755 manu
489 1728 593 1755 diutius
608 1727 790 1758 vcrsaveriut,
807 1731 862 1754 tres
876 1728 974 1754 saltem
990 1728 1128 1762 comperio
1145 1728 1238 1761 viros;
1262 1737 1380 1763 quorum
1398 1730 1502 1764 primus
1517 1733 1560 1756 est
1575 1729 1738 1757 Fr.mciscus
1762 1728 1832 1755 Tur-

200 1785 294 1805 rtauus
306 1776 350 1811 (f),
367 1783 382 1802 a
400 1783 455 1810 quo
475 1774 567 1801 Romae
580 1774 695 1808 dcgente
716 1773 876 1802 Vaticanum
901 1776 991 1810 ipsutn
1008 1776 1130 1802 codicem
1150 1776 1250 1802 lectum
1266 1777 1395 1811 augurari
1412 1778 1485 1805 licet.
1500 1777 1644 1804 Secundus
1664 1781 1706 1804 est
1721 1775 1831 1803 Samuel

202 1823 344 1853 Tenulius,
364 1822 410 1857 qui
431 1822 458 1848 in
475 1822 574 1848 litteris
594 1822 628 1848 ad
646 1822 707 1850 Nic.
727 1822 867 1850 Heinsium
885 1825 922 1858 (g)
939 1824 976 1850 ait
997 1832 1026 1851 se
1043 1824 1070 1851 in
1092 1823 1169 1851 Latio
1190 1823 1372 1860 descripsisse
1390 1826 1442 1853 sibi
1464 1825 1599 1852 TheodOri
1622 1825 1784 1852 Antiochcui
1805 1824 1832 1852 ἰιι

201 1870 298 1899 Oscam
317 1869 489 1905 fragmenta;
512 1877 573 1904 qua:
591 1871 691 1898 locutio
708 1871 768 1906 ejus
792 1872 858 1899 facit
883 1876 912 1899 ut
937 1873 1092 1900 existimem
1119 1873 1191 1908 loqui
1219 1873 1364 1900 Tenulium
1387 1873 1421 1900 de
1439 1873 1533 1900 codice
1558 1873 1759 1905 Vallicelliauo,
1786 1873 1831 1908 qui

199 1925 297 1953 reapse
313 1917 381 1944 nihil
398 1917 488 1948 habet,
505 1921 534 1943 ut
549 1916 679 1949 diximus,
696 1922 796 1952 praeter
810 1919 891 1946 breve
905 1919 931 1945 in
945 1918 1040 1946 Oscam
1057 1918 1250 1953 fragmentum.
1265 1918 1374 1946 Tertius
1388 1924 1430 1947 est
1447 1919 1593 1946 Ansclmus
1607 1919 1770 1950 Bandurius,
1786 1920 1832 1955 qui

203 1965 230 1991 in
241 1967 389 1998 conspectu
403 1971 517 1998 operum
533 1963 678 1998 Nicephori
694 1972 774 1998 quem
788 1963 932 1992 Fabricius
955 1965 1077 1999 vulgavit
1095 1964 1145 1998 (ll),
1163 1964 1201 1990 ait
1219 1973 1243 1995 p.
1260 1963 1324 1992 626.
1341 1972 1370 1992 se
1383 1965 1454 1992 inter
1473 1970 1570 1992 caetera
1592 1966 1727 1993 editurum
1746 1965 1831 1994 Theo-

200 2012 261 2038 dnt'i
276 2018 385 2046 quoque
401 2009 584 2044 Mopsuestcni
600 2011 626 2036 in
639 2011 777 2043 prop/tetas
803 2019 839 2038 xu
856 2013 1086 2038 coiimieutarium.
1101 2010 1160 2038 Jam
1183 2012 1248 2046 quia
1262 2011 1416 2039 Bandurius
1435 2021 1464 2040 se
1482 2013 1508 2040 id
1528 2014 1659 2042 beneficio
1674 2014 1765 2042 Cosmi
1785 2014 1829 2048 ill,

201 2057 280 2084 ducis
294 2056 419 2087 Etrurizc,
436 2055 515 2090 cujus
532 2055 590 2089 ipse
612 2056 806 2083 bibliothecam
826 2058 947 2092 regebat,
966 2058 1102 2084 facturum
1119 2058 1267 2092 spopondit
1282 2059 1452 2094 (quanquam
1471 2059 1550 2086 ﬁdem
1577 2068 1664 2094 neque
1679 2060 1830 2088 Banduritts

202 2105 345 2132 Florentize
368 2112 457 2139 neque
479 2103 602 2130 Forlosia
619 2103 786 2130 Viudobonzc
803 2103 1130 2138 liberaverunt),putabat
1140 2104 1282 2132 Fabricius
1296 2105 1326 2140 (ἱ)
1345 2107 1469 2133 codicem
1493 2108 1554 2141 ejus
1572 2108 1662 2142 operis
1689 2108 1716 2134 in
1735 2109 1830 2136 biblio-

202 2154 280 2180 theca
295 2152 414 2180 Medicca
428 2155 546 2179 exstare.
563 2150 640 2178 Nunc
654 2156 744 2178 autem
766 2152 900 2185 ejusmodi
919 2153 1041 2179 codicem
1057 2152 1196 2180 Bandurio
1210 2153 1331 2188 ignotum
1349 2155 1488 2184 videmus;
1505 2161 1536 2179 cx
1552 2162 1606 2187 quo
1622 2153 1746 2187 sequitur
1760 2157 1787 2180 ut
1802 2155 1829 2181 in

202 2201 323 2229 Medicca
350 2200 515 2228 bibliotheca
532 2207 586 2226 non
603 2196 695 2224 fuerit.
722 2196 825 2223 Revera
851 2197 1003 2225 Bandurius
1020 2198 1058 2224 nil
1074 2198 1148 2224 aliud
1166 2198 1203 2224 ait
1220 2199 1273 2225 nisi
1295 2207 1325 2226 se
1349 2199 1374 2226 id
1393 2207 1462 2234 opus
1489 2206 1504 2225 e
1529 2198 1702 2225 bibliothecis
1717 2199 1827 2231 eruisse,

201 2255 271 2282 quas
285 2248 357 2274 inter
370 2247 450 2282 paulo
464 2251 527 2273 ante
544 2245 702 2271 Vaticana!“
725 2248 1003 2270 connnemoraverat:
1023 2247 1049 2270 et
1064 2244 1173 2277 quidem
1190 2243 1214 2270 si
1231 2243 1264 2271 de
1280 2252 1329 2270 sua
1345 2244 1464 2271 Medicea
1480 2245 1648 2278 loqueretur,
1666 2244 1829 2279 Mopsueste-

204 2301 268 2320 num
287 2292 356 2327 apud
371 2300 401 2319 se
418 2292 517 2319 habere
531 2291 655 2318 dixisset.
679 2289 746 2316 Ttun
770 2297 834 2316 vero
857 2294 884 2315 ct
910 2290 955 2316 ille
968 2289 1052 2316 codex
1078 2289 1274 2320 Salviatorum,
1291 2298 1363 2317 nunc
1387 2289 1547 2321 Vaticanus,
1572 2291 1615 2317 illa
1643 2291 1733 2318 adhuc
1755 2295 1829 2318 aetate

203 2338 349 2365 florentia:
376 2338 446 2373 apud
469 2342 574 2365 Veteres
598 2335 735 2366 dominos,
752 2339 781 2361 ut
797 2335 890 2366 credo,
908 2335 976 2367 fuit;
993 2343 1046 2370 qua
1073 2336 1099 2362 in
1126 2335 1192 2368 urbe
1217 2335 1251 2362 ad
1270 2334 1402 2364 Bandurii
1423 2338 1548 2365 notitiam
1578 2346 1730 2373 manusque
1753 2338 1828 2366 facile

204 2388 285 2413 Venit.

240 2454 282 2480 Ill.
319 2454 374 2489 Age
414 2461 498 2485 vero,
527 2453 560 2480 de
596 2457 708 2479 auctore
749 2451 840 2486 operis
878 2452 1025 2486 quominus
1067 2453 1248 2488 dubitemus,
1287 2456 1365 2484 testis
1427 2457 1504 2484 adest
1549 2458 1574 2484 in
1616 2457 1744 2488 cunctis,
1784 2458 1826 2493 qui

205 2501 260 2528 noti
293 2504 371 2535 sunt,
405 2501 600 2536 manuscriptis
631 2499 772 2528 codicibus
803 2503 933 2526 constans
960 2505 969 2526 t

1079 2501 1217 2537 Θεοδώρου
1248 2503 1423 2539 Ἀντιοχέως,
1455 2504 1585 2531 Theodori
1611 2506 1715 2532 Scilicet
1746 2506 1825 2540 patria

205 2549 367 2576 ΛιιιὶοεΙιιηιί.
402 2548 454 2577 Sed
471 2549 534 2584 quia
568 2558 622 2577 non
654 2558 724 2578 unus
755 2550 805 2578 fuit
828 2551 978 2579 Antiochia:
1006 2557 1086 2580 natus
1113 2552 1289 2587 Theodorus,
1317 2563 1381 2582 cccc
1415 2555 1493 2582 nobis
1517 2555 1631 2583 Photius
1651 2556 1685 2590 (j)
1715 2561 1826 2592 quatuor

251 2651 277 2690 τι)
299 2647 376 2690 ΙΞριιι.
394 2648 482 2690 lV,_p.
498 2650 560 2690 ὅξξ),
579 2649 701 2690 ειιλιιρν.
833 2685 877 2690 ___
1042 2652 1193 2690 ’_I‘_urrianus
1222 2653 1256 2680 de
1286 2653 1485 2689 interpretandi
1514 2662 1634 2690 genere,
1660 2662 1715 2690 quo
1750 2656 1827 2683 utitur

251 2684 276 2725 ἐν)
298 2683 372 2725 Qiar.
389 2683 452 2725 I_lal_.
472 2693 497 2719 p.
574 2685 685 2725 entuliibl.
701 2695 764 2712 mss.
783 2685 889 2725 πυτ-178.
1043 2687 1271 2725 Mopsuestenus,
1296 2683 1378 2723 atque
1403 2690 1429 2716 id
1457 2683 1676 2717 nonvimmerito'
1700 2691 1826 2725 castigat;

251 2720 276 2761 ei
394 2719 456 2746 Ital.
515 2720 645 2761 46,.Bibl:
658 2729 737 2761 lntss.
755 2718 859 2756 p.178.
1042 2718 1164 2757 satisque
1188 2718 1358 2761 demonstrat
1375 2728 1465 2761 totum
1493 2733 1508 2752 a
1535 2733 1565 2752 se
1590 2725 1617 2752 in
1637 2733 1675 2752 xtl
1692 2718 1826 2761 propheta;

250 2755 279 2791 ά)
301 2754 370 2781 Bibl.
385 2763 456 2783 conc.
474 2760 540 2782 tom.
558 2756 577 2788 Ι,
591 2764 616 2790 p.
633 2756 691 2791 44.7
756 2754 762 2756 ⁷
1041 2754 1258 2784 commentarium
1275 2758 1358 2786 fuisse
1373 2760 1483 2786 lectum.

239 2791 273 2828 te)
295 2790 393 2828 Appar.
413 2795 479 2817 tom.
502 2790 543 2828 |l_l_.
562 2791 624 2828 cod.
646 2790 741 2818 Vallic.
760 2799 786 2825 p.
802 2790 847 2817 27.
890 2826 918 2828 υ
1077 2793 1115 2827 (gl
1135 2793 1266 2819 Burman.
1285 2793 1386 2828 Sgllog.
1400 2798 1466 2826 tom,
1484 2794 1516 2825 ll,
1531 2803 1557 2826 p.
1577 2795 1638 2823 SOI.

239 2825 272 2861 (Ῑ)
294 2825 434 2865 Adconst.
453 2833 495 2860 ap.
517 2825 547 2852 ll.
561 2825 593 2858 5;
611 2833 659 2860 pro
671 2833 730 2860 epp.
747 2832 824 2865 pom.
843 2834 872 2859 Il,
888 2826 986 2865 ?O,__tv,
1078 2825 1115 2865 (ᾗ)
1131 2828 1206 2865 [ἰίὺι.
1287 2825 1329 2865 ed.
1344 2825 1409 2865 νιιόν.
1429 2834 1495 2857 tom.
1514 2829 1568 2862 VII,
1588 2839 1615 2865 p.
1631 2830 1694 2858 611.

208 2860 248 2891 10.
268 2869 294 2887 v.
315 2860 345 2886 21
360 2869 385 2898 ;_
407 2860 444 2898 De
454 2866 716 2898 auct.sunrni_.pout.»
746 2861 794 2898 lib.
812 2869 851 2892 tu,
867 2861 911 2898 ed.
928 2861 989 2888 Flo-
1079 2860 1109 2895 (ἰ)
1131 2863 1207 2890 Tom.
1228 2863 1261 2898 Χ.
1277 2871 1302 2898 p.
1322 2864 1384 2890 558.

207 2899 275 2922 rent.
303 2903 328 2930 p.
355 2896 398 2923 99.
421 2895 453 2922 Et
477 2897 564 2930 primo
580 2895 688 2930 quidem
711 2896 771 2923 loco
789 2896 842 2923 late
867 2896 989 2931 disputat
1081 2899 1113 2934 υ)
1128 2898 1212 2926 Codd.
1231 2895 1433 2932 ιγζχλχγιιι,
1461 2898 1577 2933 LXXXI,
1605 2900 1760 2928 CLXXVII.
