1947 3071
123 161 174 187 ΜΩ
747 163 825 192 ΑΝΕ.
847 163 892 191 MA

986 163 1134 191 AS’FATIO.
1706 162 1755 191 ΗΟ

123 226 277 248 recensens
316 229 401 256 opera
436 221 572 250 Theodori
607 221 769 249 Antiocheni
821 222 930 249 nomine
948 222 1099 257 insignita,
1145 220 1366 255 Mopsucstenum
1403 222 1506 250 diserte
1550 224 1755 259 intelligendum

120 274 185 294 esse
222 268 321 302 dOCet;
357 270 446 304 primo
481 269 592 305 quidem
629 269 688 296 loco
726 269 845 296 dicens:

1019 268 1208 303 Μοψουεστίας
1241 268 1359 301 γεγονὼς
1393 270 1540 303 ἐπίσκοπος
1567 270 1644 304 οὗτός
1672 272 1757 304 ἐστιν,

121 310 212 348 οἶμαι·
229 314 352 342 secundo
366 320 456 342 autem
473 316 533 342 loco
554 313 653 346 εοῦτος
665 315 693 341 δέ
706 315 779 340 ἐστιν
796 315 810 340 ὁ
827 315 889 348 Matt

988 323 1024 345 ις·
1044 315 1124 341 tertio
1140 315 1199 341 loco
1214 319 1276 349 post
1295 320 1474 343 memoratum
1491 316 1525 344 de
1552 318 1641 352 magia
1658 317 1757 345 Persa-

123 366 185 385 rum
216 359 353 388 Theodori
373 362 534 388 Antioeheni
568 369 646 395 opus,
676 361 768 388 subdit
787 371 793 387 :
812 357 892 392 Οὗτος

988 360 1116 395 θεόδωρος
1140 361 1154 386 ὁ
1178 359 1366 394 Μοψουεστίας
1389 359 1457 387 εἶναι
1486 362 1559 389 δοκεῖ
1586 364 1624 397 (et
1646 363 1757 397 quidem

120 406 200 432 δοκεῖ
213 408 241 434 in
257 416 286 434 re
304 413 379 435 certa
398 408 453 436 dici
473 409 583 435 solilqu
597 409 669 443 apud
683 408 793 436 Graecos
808 409 941 443 quosdam
966 414 1103 438 auctores,
1127 408 1298 436 demonstrat
1316 407 1538 435 Montl‘aucouius
1550 409 1628 443 praef.
1644 408 1679 435 ad
1701 408 1758 435 Eu-

121 451 178 478 seb.
190 460 285 480 comm.
299 454 326 480 in
340 453 386 481 Ps.
399 462 459 489 cap.
475 456 518 488 x);
530 458 628 489 quarto
642 454 761 489 denique
776 455 851 481 loco:
871 455 890 480 ἰ’

990 454 1039 489 σοη
1055 453 1164 488 βιϐλίον,
1176 451 1233 490 οῆἡ
1247 453 1388 489 ἐπιγραφὴ
1404 453 1554 487 Θεοδώρου
1568 455 1757 489 Ἀντιοχέως·

121 500 136 525 ὁ
156 501 347 534 Μοψουεστίας
360 502 389 528 δέ
406 503 489 535 ἐστιν,
501 502 539 534 ὼς
550 502 602 528 ἀπό
614 511 694 528 τινων
708 502 857 528 ἐπιστολῶν
872 503 890 536 ὲ;

990 511 1011 529 :v
1024 512 1029 517 ·
1044 501 1139 529 Lectus
1156 501 1269 529 estliber
1285 502 1414 530 Theodori
1426 501 1582 529 Antiochem'
1592 512 1602 536 ;
1614 503 1656 530 hic
1671 509 1759 531 autem

121 546 169 572 ille
179 551 220 573 est
233 546 403 582 Mopsuestia:
413 548 561 582 episcopus,
574 552 603 574 ut
615 555 650 574 ex
660 548 817 582 quibusdam
833 548 950 582 epistolis
962 548 1026 574 mihi
1039 548 1160 574 innotuit.
1179 547 1248 582 Ergo
1263 548 1320 574 duo
1338 547 1402 575 hinc
1420 548 1571 582 noscimus,
1588 558 1684 584 nempe
1701 554 1758 577 tum

120 594 238 620 codices
255 603 366 630 quoque
386 599 491 622 veteres
512 603 625 629 operum
644 595 840 630 Mopsuesteni,
872 597 971 623 nedum
992 603 1040 623 eos
1057 604 1128 631 quos
1143 604 1217 623 nunc
1233 596 1376 628 habemus,
1394 604 1449 631 prae
1463 605 1492 624 se
1508 599 1606 626 tulisse
1620 599 1758 627 Theodori

122 642 289 669 Antiot'ht'tli
311 650 425 676 nomen;
443 646 501 669 tum
526 643 634 677 quoties
657 644 684 670 in
702 643 743 670 his
758 643 784 670 id
801 651 899 669 nomen
915 651 1000 677 prope
1015 651 1063 678 per
1085 643 1305 670 antonomasiam
1329 643 1461 676 occurrit,
1476 644 1680 679 intelligendum
1697 653 1759 672 esse

124 686 361 721 Mopsuestenum.
374 688 461 715 Porro
479 691 569 716 autem
585 689 658 723 quod
675 693 771 716 noster
787 688 948 716 Theodorus
972 689 999 715 in
1016 697 1053 715 xu
1076 688 1216 722 prop/tetas
1237 689 1393 723 scripserit,
1416 688 1517 717 diserte
1534 689 1650 717 atﬁrmat
1671 691 1758 726 Syrus

124 735 275 763 Ebediews
288 737 314 763 in
329 737 453 771 catalogo
472 746 478 764 :
495 742 676 771 praeterquam
697 737 769 771 quod
779 737 838 771 ejus
851 737 943 771 operis
958 737 1053 764 titulus
1070 738 1096 764 in
1118 737 1235 764 concilio
1254 737 1337 764 etiam,
1359 737 1456 770 quinto
1465 736 1502 771 (α)
1517 736 1663 770 scribitur;
1676 744 1758 771 quem

124 785 215 807 tamen
233 787 401 815 postremum
417 782 506 809 locum
516 778 555 809 'ad
568 783 700 809 trutinam
717 782 846 816 deinceps
860 786 1009 810 vocaturus
1022 790 1094 810 sum.
1109 781 1243 809 Preterea
1264 781 1335 816 quod
1367 788 1437 816 opus
1457 781 1643 816 Mopsuesteni
1656 782 1683 808 in
1697 788 1758 808 ma-

124 828 207 854 nibus
223 828 384 862 habeamus,
394 829 456 857 inde
470 829 552 856 etiam
569 830 768 864 cognoscimus,
779 830 842 864 quia
870 831 898 857 in
913 830 1025 857 exordio
1050 830 1235 856 commentarii
1250 830 1284 856 ad
1306 831 1401 856 Oseam
1415 832 1442 855 et
1454 828 1516 854 alibi
1536 835 1588 854 non
1610 827 1695 855 semel
1708 827 1759 855 de-

122 872 213 898 clarat
232 878 329 900 auctor
343 875 407 901 sein
420 873 542 904 Psalmos
558 885 667 912 quoque
675 878 838 912 scripsisse:
860 885 941 913 porro
957 886 971 904 a
987 878 1179 913 Mopsuesteno
1195 879 1360 905 illustratum
1376 878 1461 906 fuisse
1479 877 1653 907 Psalterium.
1670 877 1759 904 notis-

123 922 225 948 simum
243 927 294 949 est.
312 922 364 950 Sed
381 924 454 951 enim
467 925 535 952 nihil
550 934 626 961 aeque
642 927 813 954 demonstrat
833 935 980 962 germanas
997 935 1059 954 esse
1077 926 1262 962 Mopsuesteni
1286 927 1335 953 has
1349 926 1544 962 prophetarum
1556 924 1693 950 minorum
1710 930 1760 949 ex-

124 967 308 1001 planationes.
320 977 402 1004 quam
417 970 506 1004 ipsum
521 971 656 998 scribendi
674 979 771 1007 genus.
788 972 859 1006 quod
878 977 998 999 veterum
1027 971 1061 999 de
1079 979 1111 999 eo
1126 972 1292 999 testimoniis
1310 972 1369 999 sine
1387 971 1442 998 ulla
1460 970 1633 997 dubitatione
1646 975 1759 1003 respon-

124 1016 182 1044 det.
198 1017 228 1044 In
243 1017 340 1052 primis
355 1018 494 1046 cernimus
520 1018 593 1046 hunc
607 1024 746 1047 auctorem
773 1021 851 1055 sequi
870 1021 988 1048 maxime
1001 1020 1120 1056 litteram
1137 1024 1164 1048 et
1192 1020 1348 1052 historiam.
1368 1026 1449 1054 atque
1473 1025 1583 1045 omnem
1600 1016 1758 1052 allegoriam

124 1063 332 1090 studiosissime
346 1062 440 1099 fugere
458 1073 464 1091 :
485 1072 580 1092 rursus
598 1066 673 1093 nullo
687 1066 754 1093 vitio
768 1074 844 1101 teque
860 1066 995 1097 laborare,
1012 1073 1094 1101 quam
1106 1066 1303 1100 permultarum
1315 1065 1507 1100 repetitionum
1520 1063 1549 1090 in
1563 1062 1658 1090 eadem
1671 1063 1760 1088 inter-

124 1109 190 1135 dum
218 1108 316 1143 pagina
343 1110 508 1143 iugestarum
524 1119 531 1136 :
547 1119 607 1146 qua:
624 1119 690 1139 sane
708 1113 857 1146 tautologia
884 1112 1009 1139 delicatis
1039 1111 1152 1139 auribus
1168 1112 1255 1138 multo
1279 1115 1321 1139 est
1341 1111 1546 1139 molestissima.
1567 1109 1639 1137 Idem
1670 1108 1759 1143 longis

124 1157 247 1192 periodis
261 1159 420 1188 involvitur.
435 1159 488 1186 alte
506 1157 612 1192 incipit,
625 1157 671 1184 diu
689 1157 799 1191 pendet,
815 1156 856 1184 vel
880 1156 990 1184 insertis
1003 1157 1081 1183 novis
1101 1156 1244 1184 sententiis
1264 1156 1344 1190 longe
1368 1156 1480 1187 recedit.
1500 1156 1536 1182 ita
1550 1159 1579 1182 ut
1602 1153 1700 1188 legenti
1716 1153 1760 1180 vel

127 1206 317 1240 interpretanti
327 1206 486 1233 salebrosus
501 1204 638 1231 interdum
654 1204 710 1231 liat.
722 1205 745 1231 A
758 1204 951 1239 Mopsuesteno
962 1204 1027 1231 dum
1041 1203 1199 1238 Scripturas
1213 1203 1328 1230 arbitrio
1341 1211 1391 1229 suo
1403 1202 1562 1236 explanaret
1577 1201 1759 1235 reprehensos

125 1255 209 1286 atque
223 1251 319 1278 irrisos
339 1259 411 1286 szepe
424 1251 509 1279 fuisse
524 1251 692 1286 antiquiores
708 1252 872 1287 interpretes
889 1252 928 1279 ait
942 1251 1073 1279 Leontius
1090 1256 1184 1279 contra
1199 1250 1277 1278 Nest.
1295 1259 1336 1282 ιιι,
1359 1251 1402 1277 ll.
1416 1250 1482 1285 Ejus
1506 1257 1570 1277 vero
1585 1257 1659 1276 nunc
1674 1249 1760 1276 moris

125 1295 345 1331 perfrequentem
361 1296 623 1324 demonstrationem
640 1297 666 1324 in
684 1297 726 1325 his
741 1298 948 1325 commentariis
968 1298 1104 1325 videmus.
1125 1297 1191 1325 llem
1210 1298 1358 1332 Scriptura:
1383 1296 1533 1331 permultas
1548 1295 1727 1323 auctoritates
1744 1302 1758 1320 a

127 1341 319 1376 Ilopsuesteno
335 1342 413 1369 citari
428 1342 523 1370 solitas
539 1344 578 1370 ait
596 1343 726 1378 Pbotius;
741 1345 814 1380 quod
829 1345 863 1372 ab
878 1353 911 1372 eo
926 1345 1069 1373 verissime
1080 1345 1183 1372 dictum
1198 1344 1391 1372 commentarii
1405 1351 1478 1371 nunc
1490 1343 1599 1371 docent.
1614 1343 1666 1370 Sed
1684 1342 1758 1370 enim

124 1389 199 1425 quod
215 1390 252 1416 ait
267 1388 458 1416 Tillemonlius
474 1389 511 1426 (ὁ)
528 1391 750 1426 Mopsuestenum
766 1392 894 1419 universa
909 1391 997 1418 Biblia
1020 1392 1193 1426 complexum
1210 1390 1342 1418 memoria
1361 1390 1459 1422 fuisse,
1486 1389 1567 1423 cujus
1591 1390 1631 1416 rei
1660 1393 1757 1416 testem

125 1439 192 1465 citat
208 1437 354 1465 Leontium
376 1437 416 1464 De
430 1438 507 1464 sectis
524 1440 578 1463 act.
595 1441 720 1469 tv;errat
745 1436 824 1470 plane
840 1436 880 1462 vir
902 1436 1001 1463 doctus
1022 1444 1077 1462 non
1091 1435 1236 1462 intellectis
1252 1434 1359 1462 Leontii
1375 1435 1466 1462 verbis
1480 1434 1530 1469 τὴν
1550 1433 1633 1468 ἄλλην
1650 1433 1758 1468 Γριφὴν

126 1487 365 1522 ὑπεμ-ιημάτισεν.
389 1486 461 1513 Sane
477 1494 526 1521 pro
538 1486 620 1521 ἄλλην
637 1484 780 1520 legendum
793 1492 854 1511 esse
870 1484 895 1510 ὅ)

989 1492 1007 1511 ηε
1024 1484 1083 1519 ipsa
1097 1484 1206 1516 clamat,
1219 1487 1245 1510 et
1260 1491 1356 1511 revera
1374 1482 1481 1510 Leontii
1495 1482 1665 1515 interpretes
1672 1480 1758 1515 expli-

124 1538 190 1560 cant
202 1534 334 1560 universa.
353 1531 549 1559 Verumtamen
561 1531 784 1566 ὑπεμνημάτισεν
807 1538 861 1558 non
876 1531 1004 1557 memoria
1015 1529 1154 1561 retinebat,
1170 1529 1218 1557 sed
1244 1534 1435 1556 commentatus
1446 1532 1486 1555 est
1508 1528 1654 1563 signiﬁcat.
1669 1526 1760 1560 Quare

124 1578 279 1606 dicendum.
287 1579 322 1605 ad
329 1578 451 1604 universa
466 1577 555 1604 Biblia
570 1581 762 1604 commentatus
776 1581 824 1604 est.
840 1577 895 1603 hno
910 1577 1057 1611 plerosque
1072 1583 1168 1603 omnes
1180 1576 1302 1603 auctoris
1314 1583 1395 1610 quem
1407 1575 1514 1602 edimus
1527 1574 1713 1603 characteres.
1727 1573 1756 1599 in

125 1625 272 1654 Theodoro
284 1625 399 1651 Photius
411 1623 642 1659 deprehendebat.
657 1623 702 1649 Sic
714 1623 787 1649 enim
800 1622 861 1649 cod.
876 1630 892 1648 x

995 1630 1001 1648 :
1013 1621 1124 1656 Φεύγων
1135 1621 1180 1648 τὸν
1193 1621 1305 1650 δυνατὸν
1316 1621 1392 1656 αὐτῴ
1403 1621 1502 1656 τρόπον
1515 1621 1565 1652 τὰς
1582 1618 1757 1654 ἀλληγορίας,

124 1674 173 1701 καὶ
192 1673 263 1701 κατὰ
278 1673 328 1708 τὴν
348 1673 467 1708 ἱστορίαν
490 1671 540 1705 τὴν
572 1671 721 1706 ἑρμηνείαν
746 1670 923 1705 ποιούμενος
944 1670 1103 1704 ταυτολογεῖ
1118 1669 1146 1696 δὲ
1174 1669 1208 1696 τὰ
1226 1669 1404 1701 πλεῖστα,καὶ
1418 1669 1519 1704 ἄχαρις
1540 1675 1598 1697 πως
1613 1667 1659 1693 καὶ
1673 1666 1761 1701 ἀηδὴς

123 1718 194 1747 εἶναι
205 1720 288 1746 δοκεῖ.
311 1718 380 1745 Tum
395 1719 456 1745 cod.
480 1726 518 1751 ιν,
536 1719 613 1745 Ἔστι
628 1718 657 1744 δὲ
675 1717 724 1753 μὲν
740 1717 839 1753 φράσιν
854 1719 886 1746 οὐ
899 1718 970 1745 πάνυ
985 1718 1127 1753 λαμπρός’
1145 1719 1205 1749 ταῖς
1220 1718 1248 1744 δὲ
1262 1718 1391 1749 διανοίαις
1413 1718 1460 1744 καὶ
1473 1718 1528 1748 τοῖς
1547 1717 1759 1751 ³ςιπιχειριῇμαοιν

124 1767 184 1793 λίαν
200 1766 312 1798 πυκνὸς,
331 1766 378 1792 καὶ
390 1767 450 1797 ταῖς
460 1766 608 1802 γραφιιιαῖς
624 1765 722 1800 ἄριστα
738 1764 859 1791 πλουτῶν
875 1773 893 1799 μ

989 1765 1047 1796 ἶαις.
1070 1765 1196 1798 (Photius
1213 1765 1308 1792 codice
1330 1765 1393 1792 item
1409 1767 1487 1791 sexto
1512 1763 1675 1790 densitatem
1694 1770 1758 1789 sen-

124 1815 272 1843 tentiarum
288 1813 546 1845 Theodoriinnuil.)
561 1812 682 1847 Denique
697 1811 757 1838 cod.
776 1818 885 1838 cuxvn

986 1812 1055 1846 ιφὴς
1069 1811 1100 1837 δέ
1118 1812 1185 1843 ἐστι,
1198 1810 1243 1837 καί
1256 1819 1297 1837 τοι
1312 1811 1385 1843 λέξει
1401 1810 1430 1836 οὐ
1444 1808 1585 1844 ξενιζούσῃ
1601 1807 1755 1843 χρώμενος·

125 1863 194 1890 ἀλλὰ
207 1866 246 1902 τῷ
257 1862 437 1898 ηοινοτενέσι
453 1860 569 1897 χρῆσθαι
583 1861 614 1887 ὲκ
625 1859 673 1886 τοῦ
688 1859 734 1885 ὲπὶ
747 1859 873 1886 πλεῖστον
891 1859 1024 1894 περιόδοις
1039 1859 1087 1885 καὶ
1111 1858 1296 1894 παρεμϐολαῖς
1322 1857 1543 1892 ὰλλεπαλλήλοις,
1556 1856 1589 1882 δι’
1605 1852 1642 1882 ὧν
1657 1856 1704 1882 καὶ
1719 1857 1760 1886 εἰς

126 1912 257 1946 μήκιστον
272 1912 286 1937 ὀ
300 1909 362 1939 νοῦς
374 1909 544 1935 ἀποτείνεται
558 1907 613 1934 τῶν
631 1907 830 1942 προκειμένων,
845 1907 905 1938 ταῖς
928 1915 958 1932 τε
979 1906 1033 1933 τῶν
1058 1906 1197 1940 ὀνομάτων
1213 1905 1340 1941 πλαγίαις
1353 1905 1399 1932 καὶ
1421 1905 1480 1936 ταῖς
1498 1904 1655 1939 μετοχικαῖς
1669 1903 1759 1935 λέξεσι

102 1949 105 1951 ⁸
125 1956 292 1989 πλεονάζειν,
307 1955 342 1982 τὰ
351 1955 422 1982 αὑτά
436 1963 465 1980 τε
481 1954 609 1985 πολλάκις
619 1954 666 1980 καὶ
677 1953 737 1979 οὐδὲ
753 1953 800 1979 σὺν
815 1952 910 1987 κόσμῳ
922 1953 1132 1983 ὲπανοικυκλεῐν,
1144 1953 1189 1978 καὶ
1205 1952 1253 1983 τὰς
1263 1952 1446 1987 ὲπαναλήψεις
1454 1951 1534 1979 πλέον
1546 1951 1599 1978 τῶν
1606 1951 1759 1986 διηγήσεων

125 2002 349 2041 (ὄπερὰμέθσδον
357 2000 509 2035 παντελῶς)
525 2002 583 2032 ταῖς
611 2000 788 2036 περιστάσεσι
810 1999 1012 2035 μεμεστῶσθαι,
1039 2000 1088 2026 καὶ
1109 2000 1167 2031 τοῖς
1183 1999 1324 2030 τοιούτοις,
1341 1999 1391 2025 οὐκ
1407 1999 1497 2033 ὀλίγον
1510 1998 1591 2033 ζόφον
1604 1998 1658 2025 τῶν
1675 1998 1758 2025 αὐτοῦ

124 2053 296 2087 γραμμάτων
311 2049 518 2080 κατασκεδάζει.
540 2047 625 2074 Porro
640 2047 672 2074 ad
699 2047 789 2081 fugam
809 2047 893 2080 allego

986 2054 1001 2071 n
1018 2045 1091 2080 quod
1119 2046 1227 2077 attinet,
1248 2046 1291 2072 cui
1308 2045 1517 2080 Mopsuestenus
1542 2045 1644 2080 ubique
1655 2046 1755 2075 studet.

124 2098 183 2127 ipse
199 2098 305 2125 Scilicet
333 2097 385 2123 sibi
411 2100 453 2123 est
482 2095 694 2124 consentaneus,
718 2092 764 2126 qui
786 2099 857 2126 opus
878 2095 976 2119 contra
994 2091 1140 2126 Origenem
1161 2095 1242 2126 atque
1255 2091 1417 2126 allegoricos
1437 2093 1548 2127 scripsit
1565 2092 1613 2128 (ο).
1631 2091 1758 2120 Profecto

123 2144 269 2179 Origenem
282 2143 341 2170 sine
357 2142 440 2169 limite
455 2140 608 2176 allegoricis
622 2139 897 2174 interpretationibus
917 2139 1080 2171 indulsisse,
1098 2146 1185 2174 eoque
1210 2139 1336 2166 instituto
1359 2147 1467 2167 sacram
1484 2140 1636 2168 doctrinam
1654 2145 1682 2167 et
1702 2141 1758 2168 his-

127 2189 225 2215 toriam
239 2195 349 2222 pessum
366 2194 438 2222 saepe
451 2187 572 2221 dedisse,
588 2192 670 2222 atque
684 2187 829 2214 innumera
844 2195 969 2214 errorum
985 2191 1112 2222 portenta
1135 2187 1282 2219 invexisse.
1298 2195 1379 2215 nemo
1397 2193 1440 2215 est
1461 2188 1505 2224 qui
1523 2192 1611 2223 neget.
1632 2188 1757 2215 Morbum

125 2233 198 2260 hunc
223 2233 436 2268 ingeniosissimi
460 2233 586 2268 Origenis
612 2233 680 2260 satis
707 2237 892 2267 praesenserat
911 2237 988 2267 pater
1009 2233 1087 2266 ejus,
1110 2231 1213 2260 Christi
1232 2233 1352 2268 inclytus
1371 2239 1474 2269 martyr
1490 2234 1636 2267 Leonidas,
1648 2234 1707 2268 qui.
1727 2237 1757 2261 ut

125 2280 208 2307 tradit
229 2279 364 2306 Eusebius
386 2279 443 2314 (ά),
465 2279 685 2306 admonefecerat
704 2278 789 2305 ﬁlium
819 2286 851 2305 ne
880 2278 950 2305 ultra
982 2278 1094 2305 obvium
1121 2285 1232 2305 sensum
1258 2279 1286 2305 in
1314 2279 1415 2306 divinis
1434 2279 1583 2314 Scripturis
1608 2280 1757 2315 quidquam

124 2326 287 2360 requireret,
309 2324 347 2360 μὴ
371 2325 420 2360 τῆς
437 2325 592 2360 προφανοῦς
607 2325 726 2356 διανοίας
745 2325 893 2360 περαιτέρω

987 2326 1057 2359 ητεῖν
1077 2326 1227 2360 παραινῶν.
1259 2326 1290 2353 Ει
1310 2327 1421 2362 quidem
1443 2316 1610 2362 ego'contta
1632 2327 1756 2362 Origenis

124 2371 284 2398 audaciores
295 2371 400 2404 aliquot
414 2370 569 2405 allegorias,
588 2370 663 2397 loreos
679 2370 828 2397 nonnullos
846 2369 957 2397 Patrum
985 2371 1141 2405 incognitas
1167 2371 1353 2406 producturus
1369 2373 1395 2400 in
1417 2373 1504 2400 lucem
1519 2373 1666 2408 aliquando
1683 2381 1756 2401 sum.

123 2416 301 2444 Caesariensis
316 2415 450 2442 Eusebius
463 2415 587 2449 Origcnis
600 2414 790 2450 perstudiosus
807 2414 998 2450 apologeticon
1015 2417 1126 2451 scripsit
1143 2424 1193 2452 pro
1207 2417 1360 2453 allegoricis
1370 2419 1735 2454 hujusinterpretationibus
1748 2428 1756 2452 ;

123 2463 202 2497 cujus
215 2463 254 2490 rei
268 2463 401 2489 certiores
419 2470 468 2489 nos
492 2462 558 2489 facit
576 2461 727 2490 Ebediesus
742 2462 769 2489 iu
791 2463 917 2497 catalogo
937 2462 983 2498 (ε),
1010 2463 1056 2498 qui
1078 2463 1154 2491 addit
1180 2464 1291 2492 Eusebii
1307 2465 1334 2492 id
1361 2473 1431 2501 opus
1456 2466 1605 2494 refutatum
1635 2467 1723 2495 fuisse
1741 2475 1758 2495 ξι

124 2508 277 2536 Theodoro.
292 2507 384 2541 Quare
397 2508 452 2542 jam
466 2516 546 2535 nemo
562 2509 719 2540 mirabitur,
730 2509 798 2536 nihil
812 2509 928 2537 omnino
942 2509 1091 2544 allegorico
1105 2518 1188 2537 sensu
1206 2511 1276 2546 apud
1293 2517 1418 2539 nostrum
1435 2518 1575 2540 auctorem
1589 2513 1656 2542 dici.
1668 2514 1756 2541 Ctete-
1778 2509 1781 2517 ⁷

123 2555 200 2590 roqui
222 2554 294 2590 quod
306 2555 406 2582 attinet
428 2555 462 2581 ad
482 2556 628 2590 Augustini
655 2556 687 2590 (Γ)
717 2564 764 2584 seu
784 2557 876 2591 potius
892 2557 970 2584 Pauli
992 2557 1106 2592 dictum,
1132 2559 1204 2593 quod
1229 2567 1310 2587 omne
1323 2559 1408 2588 Vetus
1433 2560 1639 2588 Testamentum
1671 2562 1757 2597 ﬁgura

123 2603 158 2629 sit
173 2601 252 2634 Novi,
269 2601 399 2637 quodque
411 2602 503 2628 omnia
517 2601 552 2628 ad
576 2602 716 2630 Christum
731 2608 825 2638 postea
839 2608 986 2631 venturum
1005 2605 1091 2632 relata
1110 2605 1222 2639 l‘uerint,
1240 2606 1377 2634 Theodori
1388 2615 1498 2642 quoque
1512 2608 1600 2635 nostri
1624 2613 1758 2636 cnnstans

122 2647 256 2674 sententia
267 2650 310 2674 est
326 2651 384 2673 tum
403 2647 430 2673 in
447 2647 568 2682 prologis
585 2651 642 2674 tum
661 2648 743 2675 etiam
758 2649 833 2676 alibi.
853 2649 981 2677 Proiecto
999 2651 1175 2685 allegoricum
1199 2655 1225 2678 ct
1240 2653 1420 2688 anagogicum
1437 2657 1464 2681 et
1479 2653 1595 2688 quodvis
1609 2654 1756 2690 mysticum

121 2693 318 2728 interpretandi
341 2700 428 2726 genus
455 2701 535 2720 nemo
557 2694 618 2727 pius
634 2700 681 2727 per
698 2701 728 2721 se
744 2699 912 2726 contemnet,
931 2695 1004 2730 quod
1032 2697 1100 2730 ipsis
1124 2697 1255 2731 apostolis
1285 2697 1470 2733 Patribusque
1497 2698 1658 2733 apostolicis
1683 2699 1755 2725 haud

121 2739 280 2766 inusitatum
298 2738 434 2766 videmus.
450 2734 624 2774 Cancroquhi
642 2744 778 2774 quatenus
796 2741 998 2775 procedendum
1015 2742 1060 2775 sit,
1078 2741 1105 2768 id
1128 2742 1238 2769 demum
1257 2744 1406 2777 prudentes
1420 2744 1580 2776 decernent,
1599 2744 1646 2778 qui
1672 2751 1760 2777 neque

154 2815 192 2852 (ᾳ)
206 2816 274 2852 an.
294 2815 437 2851 4.13.211.

1002 2820 1039 2852 (tl)
1057 2819 1124 2846 Ilist.
1141 2820 1206 2846 ραι.
1226 2819 1269 2851 Vl,
1285 2819 1309 2846 2.

153 2851 188 2884 (ὁ)
201 2850 362 2888 εεέι.
381 2857 446 2879 tom.
467 2852 512 2879 ΧΠ
531 2861 557 2888 p.
575 2854 638 2881 451.

405 2860 446 2879 tm.
467 2852 512 2879 ΧΠ
531 2861 557 2888 p.
575 2854 638 2881 451.
1002 2850 1034 2887 (ιτ)
1047 2854 1112 2888 Cap.
1134 2855 1174 2881 11⁴

151 2887 187 2918 (c)
204 2886 356 2914 Ebediesus
373 2889 453 2915 catal.
468 2886 537 2923 eap'
554 2890 594 2921 tt),
615 2889 736 2917 Facund.
753 2897 794 2922 ιιι,
812 2889 844 2922 6;
864 2888 909 2915 Li-
1000 2886 1031 2924 (χ’)
1051 2886 1160 2918 De‘Gen-
1175 2891 1208 2917 ad
1226 2890 1277 2917 litt.
1296 2890 1316 2923 l,
1338 2891 1362 2918 l.

118 2922 201 2949 ὕει-δι.
213 2929 274 2956 cap.
287 2921 334 2949 2L
