1947 3071
165 160 212 187 ιιι
781 150 861 179 suo.
883 149 956 178 usu
976 147 1173 176 Pamrs'rto.
1738 149 1790 177 “3

164 222 220 245 tota
232 213 401 244 credulitatis
418 211 493 239 frena
511 210 652 241 laxabunt.
675 215 763 244 neque
783 208 954 235 committent
972 210 1002 232 ιιι
1022 213 1076 232 non
1092 209 1146 232 tam
1171 205 1346 240 interpretari
1372 206 1516 234 videantur
1534 214 1615 242 quam
1636 207 1689 234 vim
1714 207 1789 234 Scri-

165 263 252 299 pturis
270 261 369 290 inferre
385 256 482 292 :quasi
495 263 550 283 non
566 256 602 283 sit
619 254 755 289 piaculum
770 260 876 280 sacram
891 251 1045 279 doctrinam
1061 251 1221 286 depravare,
1240 255 1266 278 et
1277 252 1310 278 ad
1326 251 1492 280 voluntatem
1511 260 1587 280 suam
1605 253 1715 280 oracula
1734 257 1792 280 tra-

166 297 229 338 here
246 306 435 342 repugnantia.
449 302 579 330 Nonnulli
593 300 702 329 interim
718 304 823 327 tantum
842 299 894 326 sibi
910 305 1063 332 sumpsere,
1083 301 1113 324 ut
1131 297 1265 332 quidquid
1278 297 1330 332 ipsi
1347 299 1606 334 vellent,Scriptura
1620 301 1744 327 sentiret.
1759 299 1792 326 Et

166 362 254 384 tamen
273 360 388 389 magnus
402 351 584 385 Hieronymus
598 348 637 383 (α)
650 346 871 375 commemoratis
885 346 1068 372 vetustiorum
1083 345 1188 379 aliquot
1202 344 1228 370 in
1240 343 1398 371 Zachariam
1414 346 1567 379 prophetam
1585 347 1791 373 commentariis

165 403 300 441 mysticis.
323 400 416 428 statim
441 398 534 426 subdit
560 405 590 424 se
617 395 739 422 historia
762 393 919 421 Judaeorum
948 391 1131 427 tropologiam
1157 391 1302 419 miscuisse
1324 391 1555 426 Christianorum,
1586 397 1615 421 ut
1643 394 1793 421 :editican-t

166 439 249 486 supra
266 453 370 484 petram
391 450 416 474 et
430 453 483 473 non
503 452 585 480 super
597 450 720 475 arenam,
736 449 768 468 ac
788 441 886 470 stabile
899 441 1002 476 iaceret
1011 439 1221 467 fundamentum
1235 439 1309 475 quod
1318 439 1420 468 Paulus
1434 441 1603 468 architectus
1621 443 1748 477 posuisse
1763 451 1793 470 se

166 496 272 524 scribit.

200 542 244 570 IV.
263 541 409 575 Reliquum
423 542 464 565 est
482 541 510 564 ut
526 535 697 563 suborientcs
713 532 845 568 quasdam
863 536 959 558 contra
982 531 1150 559 authentiam
1164 532 1264 566 operis.
1278 541 1325 561 seu
1348 532 1438 568 potius
1451 532 1486 559 de
1495 536 1606 559 auctore
1621 533 1692 568 ejus,
1710 533 1794 560 dubi-

167 591 284 618 tatioaes
300 587 434 615 relellam.
450 584 479 612 ln
491 584 594 619 quintae
606 582 704 618 synodi
724 581 832 607 actione
848 584 957 614 quarta,
971 580 1120 607 multarum
1139 580 1271 608 adversus
1295 580 1468 608 Theodorum
1483 580 1707 608 criminatio:an
1721 582 1795 608 vice-

167 641 235 667 sima
252 638 326 664 hunc
340 635 421 663 habet
433 633 542 660 titulum
558 641 564 658 :
583 630 714 657 Theodori
727 628 905 663 Mopsuesteni
924 635 955 654 ea:
971 628 1101 662 principio
1115 629 1297 655 commentarii
1309 627 1358 663 (ὁ),
1375 627 1445 662 qttod
1457 628 1484 653 in
1500 627 1638 653 duodecim
1654 629 1794 662 prop/ictas

167 686 283 721 scripsit,
294 683 424 717 abnegans
435 679 585 715 prophetia:
600 678 631 704 de
650 676 756 705 Christo
769 684 824 703 esse
835 675 996 709 praedictas;
1012 675 1057 702 sed
1074 683 1126 701 non
1152 675 1265 702 volentes
1293 675 1427 710 (loquitur
1441 674 1644 709 Mopsuetenus)
1663 675 1715 702 ista
1729 684 1795 702 con-

167 734 295 761 siderare.
310 738 381 758 voces
396 735 482 755 omnes
496 726 598 753 trahere
616 725 650 751 ad
665 724 807 750 Dominum
820 728 920 750 tentant
934 722 1079 755 Christum,
1094 727 1156 749 utet
1170 731 1228 757 quw
1239 723 1270 750 de
1283 723 1379 757 populo
1390 723 1464 756 facta
1475 727 1547 754 sunt,
1567 722 1649 748 simili
1662 725 1739 749 modo
1753 725 1796 750 itt-

168 780 324 815 telligercnt,
350 781 374 803 et
397 775 480 801 risum
504 775 661 806 prmstarent
686 769 808 801 ludo/is,
838 769 943 804 quando
969 776 1001 795 ea;
1020 769 1180 802 scriptorum
1202 769 1337 804 sequentia
1355 769 1422 795 nihil
1447 768 1481 795 ad
1498 768 1638 795 Dominum
1659 767 1797 796 Christum

168 813 323 860 pertinentes
333 819 473 848 ostendunt
483 825 566 845 voces.
586 815 677 850 Pergit
691 814 790 842 deinde
805 813 990 849 Mopsuesteni
1004 817 1150 840 accusator
1167 821 1227 848 cap.
1240 814 1273 840 Ἡ
1287 819 1313 841 et
1328 814 1363 841 22
1377 813 1499 849 proferre
1509 814 1615 848 aliquot
1628 815 1795 848 psalmorum

170 873 255 901 locos,
272 878 287 897 e
306 867 406 903 quibus
419 863 577 892 vaticinium
593 861 735 889 exclusum
752 860 930 895 conqueritur
946 867 961 886 a
981 858 1186 894 Mopsuesteno.
1198 858 1325 887 Jamvero
1347 859 1538 886 Commentarii
1555 859 1583 885 in
1604 867 1641 886 xu
1655 861 1796 895 prophetas

169 922 228 950 sine
240 918 323 946 dubio
337 915 445 943 initiutn
459 910 647 946 interpretatio
661 908 738 936 Osete
749 913 801 940 est,
820 915 874 935 non
887 911 942 934 tam
961 907 1038 950 quia
1052 907 1078 934 id
1093 907 1162 934 ordo
1182 907 1240 942 ipse
1257 907 1284 934 in
1307 906 1448 934 codicibus
1467 907 1557 940 docet,
1581 917 1661 943 quam
1676 910 1740 944 quia
1755 910 1797 938 sic

170 969 207 995 ait
218 964 314 1002 primis
326 961 417 990 verbis
433 963 538 985 auctor.
557 955 638 990 Atqui
656 954 683 980 in
695 953 757 984 hoc,
781 952 853 987 quod
866 951 934 983 dixi,
960 949 1041 978 initio
1065 951 1170 977 nullum
1185 958 1338 978 consonum
1355 951 1492 986 synodico
1505 951 1543 977 illi
1565 955 1721 981 testimonio
1734 962 1796 981 ver.

170 1017 233 1043 hum
245 1017 295 1041 est.
309 1009 380 1044 Quid
397 1005 479 1042 ergo?
491 1005 629 1032 idcircone
654 1001 687 1028 de
701 1006 815 1027 auctore
829 1000 957 1027 dubitare
973 1000 1054 1026 licet?
1071 999 1183 1026 minime
1204 999 1335 1034 gentium.
1351 1000 1420 1026 Cum
1447 1000 1520 1026 enim
1545 1001 1655 1028 aliunde
1668 1003 1796 1037 explora-

171 1063 308 1091 tissimum
330 1059 376 1088 sit,
400 1051 589 1082 commentarii
603 1049 685 1085 hujus
712 1049 934 1083 Mopsuestenum
965 1055 1027 1075 esse
1054 1051 1206 1077 attctorem.
1227 1047 1353 1082 sequitur
1378 1053 1408 1074 ut
1435 1048 1462 1074 in
1480 1049 1612 1083 synodico
1630 1050 1723 1078 codice
1747 1059 1797 1086 pm

171 1104 368 1138 Commentario
379 1103 407 1129 in
424 1108 461 1127 xu
474 1097 626 1133 prophetas.
640 1095 851 1123 Commentarius
864 1095 891 1120 in
903 1093 1027 1120 Psalmos
1043 1093 1218 1128 reponendus
1233 1093 1285 1126 sit;
1307 1094 1384 1128 isque
1400 1101 1478 1120 error
1498 1095 1540 1122 vel
1561 1095 1721 1126 Callonvmo
1733 1106 1800 1124 νοη-

171 1127 364 1138 W......-..._..-
475 1127 480 1133 ,
524 1127 529 1130 _
1079 1127 1082 1128 ν

170 1154 225 1182 ΓΜ
242 1150 349 1179 "Durio
364 1155 412 1175 se“
422 1143 568 1179 ecmﬁario’
583 1142 630 1177 qm
643 1141 679 1169 ibi
695 1141 802 1172 recita"
818 1139 1000 1167 ascribamus
1011 1144 1071 1172 8⁵ιὲ
1092 1139 1133 1165 V01
1148 1142 1222 1166 Cel‘le
1234 1144 1326 1173 postea
1344 1139 1370 1165 in
1386 1139 1533 1174 synodicos
1547 1127 1667 1171 codices;
1681 1150 1798 1175 quorum

172 1200 264 1228 utilius
278 1197 346 1225 satis
363 1193 492 1227 antiquus
501 1195 646 1223 superesse
661 1187 780 1219 videtur,
800 1186 926 1221 irrepsit.
946 1185 1049 1221 Synodi
1067 1186 1171 1220 quinta:
1186 1185 1298 1212 Graecus
1314 1185 1355 1212 vel
1374 1185 1470 1212 saltctu
1497 1185 1610 1214 Latinus
1626 1188 1711 1214 codex
1733 1189 1799 1216 mihi

172 1247 264 1274 nullus
281 1244 313 1270 ad
325 1247 436 1268 manum
451 1241 503 1268 est.
521 1235 548 1262 in
561 1243 616 1270 quo
632 1234 777 1261 lectionem
794 1233 922 1267 vestigem
939 1241 946 1259 :
966 1233 1116 1267 prmsertim
1133 1232 1197 1266 quia
1214 1232 1311 1266 synodi
1327 1231 1411 1266 hujus
1429 1236 1490 1258 aeta
1503 1233 1633 1267 pleraque
1648 1235 1798 1268 perierunt,

175 1293 244 1326 lirgo
255 1288 375 1317 interim.
390 1285 477 1312 donec
492 1283 641 1317 synodicus
655 1281 741 1309 codex
762 1281 861 1308 aliquis
879 1281 1019 1307 meliorem
1047 1279 1164 1307 fortasse
1181 1279 1326 1306 lectionem
1351 1278 1456 1311 oﬂerat,
1470 1287 1519 1314 ego
1534 1280 1643 1314 quidem
1661 1282 1693 1307 ad
1715 1290 1802 1309 remo-

173 1339 288 1367 vendant
304 1336 375 1362 hanc
389 1331 635 1360 contradictionem
660 1330 841 1364 sequentibus
856 1334 917 1355 utar
939 1329 1118 1362 argumentis.
1140 1327 1247 1354 Titulus
1272 1327 1317 1354 ille
1338 1335 1369 1354 ex
1383 1326 1511 1361 principio
1530 1329 1713 1355 commentarii
1723 1330 1749 1355 in
1764 1338 1800 1356 xu

174 1386 314 1422 prophetas
338 1388 451 1417 prorsus
466 1377 573 1406 videtur
597 1383 658 1402 esse
674 1375 855 1409 obreptitius;
884 1372 1017 1408 quidquid
1042 1373 1114 1399 enim
1141 1372 1177 1399 ibi
1196 1372 1323 1407 praecedit
1345 1377 1393 1398 aut
1417 1371 1553 1405 sequitur,
1573 1372 1599 1399 id
1621 1381 1636 1400 e
1664 1373 1801 1402 Theodori

176 1416 374 1460 'Commentario
387 1428 414 1453 in
433 1424 557 1451 Psalmos
575 1420 727 1447 desumitur
751 1429 757 1446 :
777 1417 905 1453 praecedit
926 1417 998 1445 enim
1023 1416 1139 1450 eiusdem
1155 1424 1188 1443 ea:
1203 1416 1419 1450 interpretatione
1443 1419 1527 1446 octavi
1546 1420 1657 1453 psalmi;
1680 1422 1803 1456 sequitur

148 1465 156 1490 ⁸
176 1477 294 1514 ejusdem
323 1476 349 1502 in
363 1473 495 1508 psalmum
506 1470 656 1496 vicesimum
669 1469 794 1502 primum.
808 1466 836 1492 Et
851 1471 943 1499 postea
958 1465 1076 1500 ejusdem
1092 1465 1124 1492 de
1136 1465 1350 1498 interpretatione
1362 1460 1445 1492 Lm"
1462 1467 1567 1500 psalmi.
1581 1467 1632 1495 Sed
1642 1470 1712 1503 quod
1722 1475 1803 1505 caput

178 1513 230 1559 est,
249 1524 302 1552 loci
319 1522 381 1558 ipsi,
397 1520 443 1556 qui
469 1518 521 1546 sub
536 1517 605 1544 falso
622 1516 701 1543 titulo
724 1514 915 1543 Commentarii
936 1514 963 1540 in
989 1521 1026 1540 xu
1048 1515 1186 1547 prophetas
1211 1513 1342 1542 citantur,
1367 1513 1484 1540 universi
1501 1521 1516 1541 e
1533 1513 1649 1542 Psalmis
1663 1520 1804 1551 petuntur.

181 1579 261 1608 atque
273 1566 427 1598 intermedii
443 1567 507 1592 sunt
522 1564 593 1592 inter
611 1569 738 1592 octavum
754 1567 778 1590 et
796 1562 956 1589 vicesimum
967 1563 1084 1595 primum
1095 1560 1240 1594 psalmum,
1256 1559 1302 1594 qui
1321 1559 1448 1586 laudatur
1462 1560 1490 1586 in
1513 1561 1696 1596 subsequente
1710 1563 1804 1598 titulo;

181 1624 277 1653 nempe
291 1614 468 1650 proferuntur
495 1617 510 1637 e
528 1611 641 1645 psalmis
654 1617 692 1636 χιι
709 1612 736 1636 et
749 1616 794 1641 xv,
809 1611 837 1635 et
857 1614 888 1634 ex
906 1606 966 1641 ipso
978 1614 1038 1638 xxt;
1053 1613 1106 1640 qua
1121 1613 1154 1632 ex
1173 1612 1202 1631 re
1227 1609 1339 1639 apparet
1363 1605 1523 1639 synodicum
1545 1608 1709 1642 eclogarium
1738 1610 1806 1637 nihil

181 1666 254 1696 aliud
268 1665 304 1692 ibi
324 1661 439 1690 recitare
455 1665 537 1692 quam
552 1656 675 1682 locorum
695 1653 793 1681 seriem
808 1659 840 1679 ex
863 1651 1058 1678 Commentario
1084 1649 1268 1684 Mopsuesteni
1295 1650 1323 1676 in
1343 1649 1466 1677 Psalmos
1482 1651 1628 1679 ordinatim
1659 1662 1806 1690 excerpta-

181 1719 252 1740 rum.
265 1709 297 1736 Et
313 1705 423 1742 quidem
441 1704 469 1731 in
489 1700 606 1729 Psalmis
618 1697 736 1726 maxime
762 1695 974 1730 interpretandis
995 1703 1090 1722 ansam
1111 1695 1351 1722 criminationibus
1369 1695 1504 1722 obtulerat
1530 1697 1747 1732 Mopsuestenns,
1760 1702 1805 1735 qui

179 1757 293 1796 juvenili
308 1755 336 1781 in
351 1753 385 1780 iis
400 1750 513 1778 audacia
526 1745 710 1774 exsultaverat
724 1753 731 1771 ;
746 1750 808 1769 nam
822 1742 845 1768 si
861 1745 935 1768 certe
947 1749 1009 1768 vera
1024 1745 1118 1768 narrat
1138 1740 1269 1767 Leontius
1283 1741 1331 1767 hb.
1349 1748 1390 1772 ιιι,
1407 1741 1452 1770 l5.
1465 1747 1558 1769 contra
1577 1742 1668 1776 Nat,
1684 1746 1805 1779 psalmos

448 1795 452 1796 ν
483 1795 488 1796 γ
588 1790 606 1796 ν-
659 1790 665 1795 ι
766 1792 771 1796 .
797 1788 801 1796 l
831 1793 861 1796 ν..
894 1787 979 1796 .,!I.,,-
1001 1791 1008 1796 .
1031 1791 1102 1796 νινγη,
1124 1786 1231 1796 l‘l._:..._
1250 1785 1362 1796 I'\_,..:,-
1389 1789 1519 1796 _-.A_.,,.'
1566 1787 1587 1796 Μ
1659 1789 1677 1796 II
1746 1791 1771 1796 .-

182 1785 277 1833 iimnes
292 1800 325 1828 ad
339 1795 533 1826 Zorobabelem
547 1796 574 1819 et
588 1790 712 1817 Ezeeiam
733 1788 875 1818 retulerat,
894 1787 981 1813 tribus
1000 1791 1105 1813 tantum
1123 1786 1234 1814 Christo
1250 1785 1365 1812 Domino
1389 1789 1546 1814 reservatis.
1566 1787 1634 1815 Tum
1658 1789 1809 1820 llesvt-hiun

184 1820 277 1833 UIIIIICD
292 1820 325 1828 I-Iu
340 1820 478 1826 u-v-v_.._,
498 1820 502 1821 ν

184 1849 330 1879 historicus
350 1843 421 1880 apud
432 1839 530 1868 concil.
549 1837 583 1867 ν,
604 1840 658 1862 art.
674 1843 703 1865 v,
717 1833 751 1861 de
768 1833 960 1867 Mopsuesteno
976 1833 1015 1858 sic
1032 1831 1152 1865 loquitur
1167 1841 1172 1857 :
1198 1829 1290 1856 Prima
1301 1830 1428 1856 elementa
1443 1839 1498 1858 sua:
1512 1831 1640 1861 άοεινεηα,
1650 1842 1682 1861 ex
1693 1820 1808 1862 ἀπίω

184 1897 334 1931 vaniloquio
350 1891 488 1925 incipiens.
510 1886 626 1914 codicem
648 1883 675 1910 in
693 1881 861 1917 prophetiam
878 1880 1046 1915 psalmorum
1064 1879 1327 1911 conscripsil,omues
1348 1877 1380 1904 de
1402 1878 1515 1905 Domino
1533 1879 1715 1911 prwdicliones
1731 1880 1810 1908 abne—

185 1922 299 1982 svﬂmwnlh
316 1922 410 1972 Neque
425 1940 515 1962 tamen
528 1934 643 1959 externo
662 1927 819 1955 testimonio
834 1933 903 1960 opus
915 1928 966 1957 est,
982 1932 1043 1950 cum
1061 1923 1149 1958 ipsttm
1163 1927 1300 1949 auctorem
1317 1922 1465 1949 habeamus
1480 1923 1580 1957 scripta
1595 1931 1643 1951 sua
1655 1925 1681 1951 in
1692 1925 1809 1958 psalmos

578 1976 583 1980 -
657 1974 661 1979 ο
681 1973 731 1982 ,Αιλ
755 1979 801 1982 γη-
816 1972 866 1982 1-...
884 1970 954 1982 μνημι
973 1969 1128 1982 L‘.........l.....
1149 1976 1177 1982 III
1212 1968 1227 1982 ﬂ
1246 1976 1252 1982 .
1277 1968 1313 1982 17,-
1326 1969 1492 1982 ι...ι...υ-.-;μ.ι,.
1509 1974 1566 1982 .....ι
1586 1970 1610 1982 Ζ..
1630 1971 1748 1982 ..ι-ηΙκςλδ
1761 1972 1795 1982 ...ξ

185 1968 321 2026 ἷηυὶριιε
336 1968 377 2012 sic
386 1981 561 2008 accusantem
578 1976 604 2002 in
621 1973 735 2008 epistola
751 1972 868 2007 qua-lam
883 1970 954 2004 apud
972 1969 1129 1996 Facundum
1148 1976 1189 2000 In,
1212 1968 1228 1995 6
1245 1976 1252 1995 :
1274 1968 1313 1994 Ea
1324 1976 1383 2002 qua:
1394 1969 1492 2003 scripta
1506 1974 1567 1996 sunt
1586 1970 1611 1996 in
1630 1971 1749 2005 psalmos
1759 1972 1809 1998 mi-

185 2015 337 2070 :ayig,lqua§
352 2031 432 2058 etiam
447 2027 532 2062 prima
544 2028 699 2050 cwterorum
711 2020 828 2047 omnium
841 2018 996 2050 scripsimus
1010 2025 1079 2043 :non
1091 2021 1178 2042 autent
1189 2020 1317 2050 quantam
1330 2020 1481 2048 oportuerat
1490 2015 1629 2042 habuimus
1642 2016 1713 2043 circa
1728 2017 1810 2043 istam

186 2091 240 2112 rem
250 2063 413 2114 diligentiam
429 2071 522 2107 :passi
532 2072 601 2098 enim
618 2077 708 2096 sumus
721 2073 880 2102 quaecunque
900 2065 1062 2099 incipientes.
1076 2071 1103 2090 ut
1120 2064 1213 2095 euenit,
1228 2065 1253 2090 in
1269 2064 1401 2097 imperitia
1413 2063 1545 2090 scribendi
1555 2065 1692 2091 constituti
1703 2073 1712 2091 :
1729 2065 1810 2100 siqui-

186 2135 245 2162 dem
265 2138 290 2158 et
317 2128 416 2156 multas
427 2121 622 2151 immutationes
635 2117 666 2145 alt
680 2117 726 2144 illo
748 2121 862 2150 tempore
876 2122 934 2149 quae
954 2119 1045 2141 nostra
1059 2119 1118 2140 sunt
1137 2117 1316 2146 susceperunt,
1340 2121 1405 2146 quas
1418 2119 1468 2138 non
1482 2117 1520 2138 est
1535 2113 1673 2146 prn’scnlis
1685 2115 1810 2147 temporis

186 2185 312 2208 enarrare
328 2183 336 2202 :
352 2180 385 2201 ea:
398 2179 450 2207 qua
470 2174 553 2195 causa
564 2165 648 2200 magis
663 2162 820 2197 negligenter
834 2169 850 2186 η
861 2159 935 2186 nobis
952 2160 1098 2195 composita
1107 2163 1167 2185 sunt
1183 2158 1308 2192 plurima,
1332 2163 1356 2184 et
1369 2157 1481 2183 maxime
1493 2157 1540 2183 illa
1557 2165 1615 2191 quin
1638 2159 1724 2192 prima
1737 2165 1809 2187 sunt.

187 2228 286 2255 lterum
304 2224 362 2258 ipse
375 2216 556 2248 Facundusx,
567 2214 583 2241 5
600 2223 606 2240 :
627 2211 778 2239 Theodorus
797 2212 868 2236 ultro
884 2209 1051 2242 semetipsum
1066 2207 1253 2242 reprehendens
1270 2206 1297 2232 in
1310 2205 1471 2239 expositione
1484 2205 1661 2238 Psalmorum,
1675 2208 1810 2242 confessus

187 2277 227 2300 est
242 2250 486 2308 quod‘negligenter
503 2269 554 2289 asa
564 2259 707 2292 composita
723 2257 820 2290 fuerint
840 2256 967 2290 plurima,
979 2259 1003 2281 et
1017 2255 1131 2280 maxime
1148 2254 1196 2280 illa
1220 2261 1277 2288 qua:
1296 2253 1382 2287 prima
1399 2256 1469 2279 sunt.
1493 2250 1563 2277 Sane
1579 2252 1599 2277 si
1613 2252 1646 2278 de
1662 2260 1716 2279 uno
1728 2261 1812 2287 opere

190 2320 233 2347 hic
248 2300 369 2351 loquitur
388 2310 542 2340 Facundus.
556 2308 651 2336 utiaue
662 2309 784 2341 apparet,
797 2304 969 2331 Theodorum
989 2311 1022 2329 ex
1040 2310 1088 2329 sua
1101 2301 1271 2329 Psalmorum
1285 2301 1508 2334 interpretatione
1522 2300 1658 2335 prmcipue
1673 2301 1808 2335 vitupera-

190 2368 263 2393 visse
286 2347 450 2400 principium
478 2357 568 2392 operis
585 2356 629 2390 (de
643 2363 698 2390 quo
716 2354 822 2382 scilicet
847 2352 983 2387 principio
999 2351 1069 2385 apud
1098 2353 1201 2376 textum
1225 2349 1383 2384 synodicum
1406 2355 1496 2375 sermo
1511 2347 1574 2381 est).
1598 2347 1650 2373 Sed
1672 2349 1731 2373 esto
1746 2355 1812 2374 sane

190 2390 358 2446 ambigdum,
373 2390 465 2434 utrum
478 2390 550 2439 apud
563 2401 722 2428 Facundum
736 2398 900 2426 voeabulqu
924 2397 1011 2431 prima
1023 2396 1158 2430 signiﬁcet
1176 2394 1323 2429 primordia
1338 2395 1433 2426 operis,
1452 2402 1487 2420 an
1510 2393 1600 2428 potius
1616 2391 1746 2419 scribendi
1761 2390 1812 2416 ini-

192 2438 279 2491 tium:
305 2438 416 2484 minime
429 2438 592 2480 verordubia
607 2453 649 2477 est
661 2448 768 2475 Leontii
781 2446 931 2473 auctoritas
945 2450 1038 2471 contra
1054 2443 1131 2472 Nest.
1152 2444 1199 2470 lib.
1215 2451 1256 2474 Ill,
1271 2443 1314 2476 45,
1327 2443 1373 2470 ubi
1397 2443 1498 2476 scripta
1515 2439 1696 2475 Mopsuesteni
1707 2438 1811 2472 vitupe-

191 2514 267 2537 rans,
285 2505 310 2531 in
324 2503 366 2530 his
375 2505 500 2530 recenset
511 2499 560 2532 τὴν
572 2498 641 2525 κατὰ
652 2497 706 2524 τῶν
724 2495 803 2531 ἱερῶν
827 2494 941 2530 ψαλμῶν
953 2502 960 2518 ι

1042 2492 1112 2519 ποιὸν
1128 2491 1314 2527 προθεωρίανε
1331 2491 1372 2518 sic
1384 2491 1456 2517 enim
1473 2489 1543 2516 edidi
1565 2496 1597 2514 ex
1613 2487 1707 2514 (ἐι-καθ
1720 2486 1811 2513 codice

195 2552 336 2582 Vaticano,
356 2556 418 2585 qua)
429 2548 512 2575 verba
528 2547 554 2573 in
573 2544 702 2572 Turriani
714 2543 870 2572 Latinitate,
881 2549 941 2576 qua:
949 2541 1006 2568 sola
1030 2541 1161 2567 hactenus
1175 2539 1247 2566 edita
1261 2539 1359 2569 fuerat,
1377 2538 1417 2565 sic
1433 2538 1544 2567 habent,
1569 2540 1594 2562 et
1607 2534 1810 2570 prameditatin-

193 2607 251 2627 nem
265 2600 439 2624 exca’cantem
451 2594 478 2621 in
487 2601 576 2620 sacros
596 2592 727 2620 Psalmas.
740 2590 812 2617 Sane
821 2589 975 2616 Turrianus
991 2587 1164 2622 interpretari
1179 2587 1311 2621 potuisset
1323 2585 1504 2620 pra’fationem
1521 2591 1529 2610 :
1548 2583 1610 2617 quis
1627 2583 1699 2609 enim
1714 2581 1810 2612 nescit,

195 2646 355 2678 argumenta
375 2647 423 2668 seu
442 2638 614 2674 praefationes
634 2636 790 2664 Griecarum
810 2635 852 2662 vel
878 2634 1032 2661 orationum
1055 2633 1098 2660 vel
1119 2631 1275 2665 huiusmodi
1302 2624 1521 2658 lucubrationum
1541 2627 1672 2663 appellari
1694 2626 1816 2661 προϐεω-

196 2687 276 2724 plac?
294 2685 377 2712 Valde
394 2685 476 2720 igitur
493 2690 593 2710 censeo
610 2681 770 2717 synodicum
786 2679 952 2715 eclogarium
964 2677 1120 2712 respexisse
1134 2676 1167 2703 ad
1182 2675 1369 2711 praelationem
1384 2675 1575 2703 Commentarii
1589 2674 1769 2702 Psalmorum,
1788 2667 1817 2695 iu

196 2716 247 2768 qua
262 2731 423 2759 Theodorus
436 2729 563 2756 liberiore
575 2716 684 2763 ingenio
692 2727 804 2757 luserat,
821 2729 848 2752 et
864 2723 989 2759 quaedam
1001 2727 1094 2750 contra
1109 2723 1240 2757 mysticus
1253 2722 1417 2757 ﬁguratosve
1428 2728 1525 2747 sensus
1542 2719 1673 2745 audacius
1686 2716 1819 2743 elluderat

197 2765 272 2816 (puta
289 2779 334 2807 illa
357 2778 440 2805 verba
468 2775 590 2812 synodici
619 2772 792 2808 testimonii),
808 2780 869 2808 qua:
890 2771 988 2799 deinde
1004 2770 1119 2806 ipsemet
1143 2770 1311 2801 retractavit,
1339 2773 1369 2795 ut
1384 2769 1422 2796 ait
1439 2767 1600 2802 Hesychius.
1619 2765 1738 2798 Denique
1760 2771 1796 2790 no

233 2874 271 2907 (σι)
290 2874 394 2906 l'rolog.
412 2870 449 2907 ad
465 2868 604 2907 comnt._i_n_
620 2867 702 2894 Zaeh.
757 2902 762 2907 _
840 2901 847 2907 ‘
922 2901 928 2907 _
960 2901 984 2907 __
1039 2873 1100 2892 esse
1115 2864 1241 2891 mendum
1266 2861 1368 2888 librarii
1389 2860 1435 2894 qui
1461 2855 1698 2907 nonriutelllexerit
1715 2855 1812 2882 litterae

233 2893 270 2943 ζινὶ
291 2893 394 2935 (lonch
425 2906 470 2933 hic
492 2909 520 2932 et
542 2904 606 2931 alibi
625 2893 784 2933 commenti;
801 2901 850 2930 scd
877 2901 948 2929 malo
959 2901 986 2928 id
1043 2901 1232 2934 compendium
1248 2905 1310 2924 cum
1326 2893 1496 2930 superposita
1515 2893 1620 2919 lineola.
