1947 3071
132 181 177 210 115
750 183 831 212 ANG.
852 183 901 211 ΜΔ

999 183 1139 213 ΕΕἍἸῚΟ.
1718 186 1728 212 Ι
1739 185 1768 213 Μ

127 247 290 276 magnopere
307 241 465 269 mirandum
485 245 539 274 est,
559 243 583 270 si
604 242 672 270 forte
693 250 778 270 unum
800 250 850 278 pro
864 243 951 271 altero
967 242 1156 278 Mopsuestoni
1183 249 1252 276 opus
1273 242 1416 269 recitatum
1439 241 1501 274 fuit,
1527 242 1550 270 si
1564 246 1639 270 certe
1662 247 1771 270 constat

126 288 223 316 nonid
251 288 342 316 solum
369 297 431 317 esse
454 291 642 322 commissum,
666 298 759 317 verum
789 295 817 318 et
828 290 888 325 ejus
905 291 1000 319 titulos
1018 290 1154 317 interdum
1171 289 1257 317 fuisse
1285 289 1363 317 valde
1380 297 1534 325 perversos.
1567 289 1665 318 Nonne
1695 289 1769 317 enim

129 334 258 362 Leontius
274 335 362 362 libros
381 335 517 363 Theodori
535 336 573 363 De
583 337 766 363 incarnatione
778 340 805 364 et
821 335 1031 364 Commentarios
1044 336 1071 362 in
1081 335 1190 367 Jobum,
1213 340 1354 370 propterea
1371 334 1444 369 quod
1462 335 1568 363 insanis
1583 335 1728 363 sententiis
1742 338 1770 362 et

125 380 283 408 itaumilicis
302 381 398 409 referti
415 386 505 414 erant,
538 382 679 418 inscripsit
701 391 750 410 sou
780 381 894 417 appellat

1000 382 1016 410 ὰ
1041 381 1308 416 ἐνανθρωπήσεως,
1334 381 1459 408 adversus
1490 370 1712 413 incarnationem,
1743 386 1769 410 et

126 427 204 454 κατὰ
213 426 266 454 τὸν
286 427 356 459 Ἱώϐ,
371 428 498 455 adversus
512 428 632 456 Jobum?
645 429 771 456 Profecto
788 429 815 456 id
834 429 862 456 in
877 429 935 464 ipso
949 428 1067 455 concilio
1087 428 1184 463 quinto
1202 435 1235 454 ex
1251 427 1315 454 odio
1336 427 1376 454 vel
1390 432 1462 454 certe
1485 428 1657 455 notariorum
1674 435 1770 456 errore

127 473 151 500 fa
172 478 230 500 tum
244 474 402 508 iustissime
415 475 515 503 asserit
537 476 564 502 in
590 476 816 503 adnotationibus
841 475 874 502 ad
898 476 1023 503 notitiam
1048 474 1183 502 Theodori
1204 474 1290 502 nostri
1319 476 1358 509 (α)
1377 474 1580 508 Tillemontius,
1600 475 1681 510 cujus
1708 475 1767 502 ha‘c

128 522 211 548 verba
230 525 296 548 sunt
314 530 321 548 :
339 521 412 548 Dan:
429 521 451 548 le
469 521 616 557 cinquiéme
632 523 730 549 concile
741 522 790 557 (ὁ),
810 526 882 549 entre
898 522 934 549 les
945 529 1070 556 passages
1089 522 1152 548 cites
1169 520 1201 548 de
1216 520 1350 548 Théodare
1361 520 1393 547 de
1407 519 1558 554 Mopsueste
1575 529 1643 555 pour
1651 522 1771 556 justiﬁer

127 576 158 593 sa
174 566 393 597 condamnation.
410 576 442 595 on
455 576 486 594 en
503 573 592 594 trouve
610 575 644 594 un
663 568 714 595 cité
726 569 757 594 de
767 576 815 594 son
831 567 1028 595 commentaire
1045 574 1093 594 sur
1103 566 1174 593 saint
1192 565 1342 598 Matthieu;
1359 570 1384 592 et
1398 565 1414 591 ὰ
1433 565 1459 592 la
1474 569 1538 592 teste
1552 565 1588 591 du
1602 566 1705 593 suiuant
1719 565 1738 593 il
1753 575 1770 601 y

128 621 156 643 α,
170 612 292 647 ejusdem
310 621 345 640 ex
366 614 436 642 libro
458 615 530 650 quod
547 613 618 642 Deus
647 618 789 650 peccatum
810 614 904 642 docuit
927 618 954 642 et.
968 618 1084 641 mortem
1110 612 1273 641 introduxit.
1308 611 1441 640 Theodore
1456 615 1497 638 n'a
1517 612 1590 646 point
1607 613 1770 640 assurément

129 660 219 686 donné
231 669 259 687 ce
270 661 333 688 titre
347 662 364 688 ὰ
378 670 465 689 aucun
484 663 516 689 de
527 671 567 690 ses
585 671 710 698 ouvrages
724 671 733 689 :
749 667 773 690 ct
787 663 807 690 il
817 663 876 698 faut
892 671 940 698 que
952 671 980 690 ce
995 663 1046 690 soit
1067 670 1117 689 une
1133 670 1225 689 erreur
1239 661 1316 696 qu‘on
1332 660 1440 696 prétend
1454 661 1517 687 tirer
1536 660 1568 686 de
1584 660 1724 695 quelqu'un
1740 661 1772 688 de

129 714 170 733 ses
189 706 277 738 liores,
292 712 317 734 et
330 716 393 735 sana
408 708 486 736 dante
502 709 538 735 du
552 708 753 737 Commentaire
771 718 818 736 sur
834 710 907 737 saint
923 709 1066 741 Matthieu,
1087 709 1192 736 nomine
1210 708 1432 735 immédintement
1454 713 1632 742 mtparttt'ant,
1658 708 1682 735 si
1705 715 1771 734 nou:

129 752 214 779 lisons
231 760 263 780 ex
279 753 375 780 eodem
393 754 471 782 libro.
490 754 607 783 Prorsus
621 756 657 782 ita
675 756 802 791 superius
817 764 868 783 nos
883 755 1014 787 diximus,
1032 756 1121 782 locum
1138 755 1226 787 illum,
1247 756 1292 790 qui
1316 755 1416 782 dicitur
1432 764 1465 782 ex
1480 755 1677 783 Commentario
1692 755 1720 781 in
1733 761 1771 781 xu

131 801 286 835 prophetas,
303 801 478 829 referendum
503 810 564 830 esse
578 803 610 830 ad
628 803 740 830 citatum
761 804 788 831 in
813 804 1032 839 prmcedeutibus
1059 803 1184 831 Psalterii
1205 804 1315 831 librum.
1346 803 1419 836 llaac,
1438 804 1562 839 inquam,
1584 803 1768 839 peremptoria

132 849 332 877 demonstratio
344 855 387 877 est
402 852 535 878 adversus
550 859 598 879 eos
611 852 658 887 qui
675 852 836 887 synodicum
851 853 1040 880 testimonium
1061 852 1141 880 nobis
1159 852 1321 887 objecerint.
1338 868 1372 872 —
1393 853 1438 880 Sic
1458 853 1523 880 olim
1542 861 1592 888 ego
1611 853 1772 888 disputave-

134 899 247 926 ram,ut
265 897 420 929 promotum
444 899 471 924 in
496 897 621 924 Psalmos
645 906 693 932 pro
716 899 843 932 pTOtBIIth
871 899 898 925 in
925 906 962 925 xu
988 898 1128 932 prophetas
1153 898 1328 926 scribendum
1343 905 1404 925 esse
1430 899 1457 925 in
1485 899 1590 934 synodo
1616 898 1771 926 suaderem.

134 940 213 968 Nunc
229 942 296 969 illud
313 943 340 969 in
356 947 474 971 mentem
491 945 574 975 venit.
592 945 647 971 fieri
669 952 749 979 posse
765 949 793 972 ut
816 945 942 979 generale
964 945 1074 980 aliquod
1095 945 1258 980 prommium
1275 945 1301 972 in
1317 946 1431 972 minores
1451 945 1591 979 prophetas
1605 945 1670 973 olim
1685 945 1773 972 exsti-

134 988 198 1014 terit
216 987 353 1015 Theodori
370 991 469 1021 nostri,
485 990 557 1025 quod.
574 991 599 1017 in
617 991 758 1018 codicibus
769 999 824 1018 non
841 991 875 1018 sit
886 995 1088 1023 conservatum,
1108 994 1219 1026 propter
1230 991 1408 1019 reverentiam
1422 991 1538 1018 fortasse
1546 998 1611 1026 erga
1624 990 1774 1018 concilium

134 1040 150 1059 a
166 1040 222 1067 quo
239 1033 288 1060 fuil
307 1034 375 1061 illud
390 1035 586 1070 vituperatum.
603 1036 706 1064 Cet-tea
721 1036 904 1067 Theodoreto,
923 1037 969 1071 qui
988 1036 1164 1064 Theodorum
1178 1037 1205 1064 in
1220 1037 1379 1064 eorumdem
1396 1037 1591 1072 prophetarum
1609 1037 1776 1072 interpreta-

135 1079 210 1106 tione
223 1080 304 1107 valde
319 1085 454 1113 sectatur,
469 1084 624 1117 generalem
645 1084 786 1118 prologum
800 1083 940 1118 przescrihi
953 1083 1076 1112 videmus
1094 1093 1100 1111 :
1118 1087 1176 1111 tum
1199 1084 1227 1111 in
1244 1088 1319 1112 textu
1338 1088 1436 1111 nostro
1460 1083 1595 1112 Theodori
1623 1085 1646 1112 si
1663 1093 1713 1120 pro
1733 1086 1774 1116 εἰς

138 1126 248 1161 ἔλεγχον
263 1127 329 1159 τῶν,
341 1132 396 1160 εις.
414 1129 552 1156 scribatur
563 1131 603 1162 εἰς
619 1130 729 1166 ἔλεγχον
740 1128 787 1158 οὖν
809 1130 873 1162 τῶν,
891 1139 905 1157 e

1005 1138 1027 1158 ac
1048 1137 1102 1157 una
1132 1131 1279 1166 particula,
1296 1139 1358 1167 quae
1374 1131 1492 1159 fortasse
1512 1136 1570 1158 tum
1583 1135 1626 1160 est
1639 1131 1774 1160 subducta

137 1179 200 1199 cum
219 1173 312 1207 priora
327 1179 530 1207 resecarentur,
544 1176 611 1203 satis
626 1176 761 1204 indicaret
773 1178 898 1212 generale
917 1185 931 1204 a
954 1177 1100 1205 Theodoro
1118 1178 1282 1213 prommium
1308 1177 1393 1205 fuisse
1419 1178 1607 1213 praepositum.
1621 1178 1666 1204 Illa
1692 1179 1776 1206 etiam

137 1219 218 1246 verba
238 1228 266 1255 p.
281 1221 307 1253 1,
322 1229 348 1248 v.
367 1221 394 1249 ὅ.
412 1222 474 1248 καθ’
493 1222 510 1249 ἃ
527 1223 643 1258 πρόσθεν
673 1224 758 1260 ἔφθην
783 1225 867 1252 εἰπὼν
886 1225 906 1259 (ε

1005 1233 1010 1252 ε
1032 1226 1244 1261 interpungatur
1267 1229 1330 1252 ante
1354 1226 1384 1251 ὲν
1400 1225 1529 1259 ψαλμοῖς.
1542 1232 1623 1252 secus
1632 1225 1656 1252 si
1669 1226 1774 1260 postea)

137 1265 209 1293 haud
224 1274 280 1294 rem
293 1267 437 1295 indiverso
450 1276 531 1303 opere
540 1269 652 1301 dictam,
665 1271 711 1298 sed
722 1271 748 1298 in
758 1277 891 1306 prazsente
904 1271 1007 1306 scripto
1017 1271 1149 1298 denotant
1162 1271 1248 1306 :quod
1258 1271 1279 1299 si
1292 1272 1328 1298 ita
1337 1275 1389 1303 est,
1397 1271 1532 1306 generalis
1543 1271 1672 1306 prologus
1682 1279 1777 1300 neces-

137 1314 514 1350 sariointelligitur,quisine
527 1316 672 1343 dubiotam
685 1318 804 1352 copiosis
823 1318 849 1344 in
861 1326 897 1344 xu
919 1318 1058 1352 prop/mtas
1067 1318 1263 1344 commentariis
1279 1317 1387 1345 videtur
1397 1316 1482 1344 fuisse
1489 1317 1777 1346 convenientissimus.

173 1360 205 1388 ν.
222 1362 299 1388 Nunc
317 1370 373 1396 quo
392 1364 510 1398 ingenio.
532 1371 586 1398 qua
610 1364 728 1397 ratione,
751 1373 806 1400 quo
820 1365 873 1392 line
894 1365 1057 1392 Theodorus
1075 1365 1124 1392 hos
1147 1365 1181 1392 ad
1207 1365 1356 1400 prophetas
1374 1365 1589 1392 commentarios
1612 1364 1778 1393 instruxisse

136 1410 271 1442 videatur,
287 1411 380 1438 sobria
401 1419 463 1438 cum
485 1412 617 1440 brevitate
641 1413 788 1441 dicendum
812 1418 865 1442 est.
881 1415 971 1449 Atque
995 1415 1023 1441 in
1045 1414 1142 1449 primis
1157 1413 1306 1441 fecundum
1329 1413 1467 1441 Theodori
1493 1413 1611 1447 felixque
1638 1412 1777 1448 ingenium

139 1457 233 1483 mirari
251 1456 326 1489 licet,
340 1458 388 1492 qui
406 1459 440 1485 de
456 1466 527 1493 penu
548 1464 600 1485 suo
623 1458 755 1493 pleraque
779 1458 871 1485 omnia
896 1459 992 1490 sumit,
1018 1458 1154 1486 neminem
1176 1457 1312 1490 imitatur,
1337 1457 1440 1484 nedum
1465 1456 1576 1491 expilat.
1604 1455 1730 1491 Cumque
1751 1456 1778 1483 hi

136 1505 277 1539 propheta:
289 1512 344 1539 pne
355 1505 484 1532 omnibus
492 1512 635 1533 sacrorum
648 1505 799 1534 Bibliorum
818 1507 943 1542 partibus
953 1507 1009 1534 sint
1026 1506 1229 1539 obscurissimi,
1246 1506 1282 1533 ita
1306 1509 1334 1532 ut
1349 1505 1409 1532 sine
1433 1505 1582 1539 interprete
1597 1511 1712 1540 prorsus
1726 1504 1778 1540 legi

137 1561 192 1580 non
208 1553 327 1588 possint,
341 1553 504 1581 Theodorus
522 1557 597 1581 tanta
614 1562 663 1582 eos
674 1554 816 1586 facilitate,
827 1559 882 1582 t-am
899 1556 1018 1584 naturali
1036 1562 1178 1590 pronoque
1199 1554 1319 1582 decursu
1342 1553 1480 1584 edisserit,
1495 1557 1527 1580 ut
1542 1553 1601 1588 ipse
1620 1560 1675 1580 non
1695 1553 1778 1580 verba

138 1601 239 1636 legere,
252 1602 300 1629 sed
313 1602 341 1628 in
357 1602 498 1638 prophetis
512 1603 647 1636 cujusque
664 1604 947 1636 mentem,oculorum
957 1604 1044 1632 aciem
1060 1603 1202 1631 intendere
1209 1602 1346 1630 videatur.
1364 1601 1547 1634 Quamobrem
1556 1609 1611 1628 non
1626 1601 1687 1628 sine
1695 1607 1780 1628 causa

138 1656 152 1673 a
170 1648 265 1675 multis
285 1656 377 1675 arcem
395 1649 576 1683 interpretum
594 1653 686 1676 tenere
702 1649 792 1677 dictus
803 1653 856 1677 est.
872 1649 965 1685 Neque
981 1658 1046 1677 vero
1063 1650 1225 1677 Theodorus
1235 1649 1277 1676 vel
1292 1648 1456 1676 Hebraicum
1466 1651 1570 1675 textum
1582 1646 1625 1674 vel
1638 1645 1780 1682 Syriacam

137 1703 169 1722 ex
187 1695 303 1723 llebrmo
317 1695 467 1722 derivatam
484 1695 753 1730 interpretationem,
766 1696 808 1723 vel
819 1695 947 1732 Origenis
965 1696 1101 1731 Ilexapta,
1122 1696 1149 1723 in
1166 1702 1281 1722 censum
1298 1698 1378 1722 vocat
1396 1703 1404 1722 :
1422 1694 1477 1721 imo
1494 1692 1635 1729 Syriacam
1648 1693 1781 1728 interpre-

138 1741 269 1768 tationem
288 1741 486 1777 (Antiochenus
504 1743 566 1770 licet
586 1743 678 1780 homo)
691 1744 806 1779 ejusque
825 1752 991 1779 anonymum
1004 1745 1181 1780 interpretem
1196 1752 1251 1772 non
1266 1743 1351 1771 semel
1368 1743 1477 1771 vellicat
1491 1750 1536 1777 pp.
1554 1741 1616 1774 185,
1633 1741 1696 1774 194,
1711 1740 1779 1774 202;

139 1786 242 1820 quippe
255 1785 351 1813 Graeco
362 1786 432 1813 LXX
442 1787 621 1823 lnterpretum
635 1793 708 1816 textu
721 1795 878 1822 contentus,
891 1790 962 1817 hunc
972 1798 1056 1818 unum
1067 1791 1210 1818 osculatur
1220 1797 1252 1817 ac
1264 1790 1398 1824 sequitur,
1411 1793 1523 1824 propter
1531 1795 1678 1822 summam,
1689 1791 1719 1815 ut
1729 1787 1779 1819 ait,

140 1834 280 1860 seniorum
293 1834 403 1861 illorum
414 1835 539 1870 peritiam
552 1839 633 1871 atque
642 1837 817 1871 sapientiam,
827 1842 853 1865 et
862 1842 972 1872 propter
983 1839 1170 1873 apostolorum
1178 1838 1382 1868 auctoritatem,
1396 1837 1441 1872 qui
1456 1837 1526 1863 hanc
1534 1836 1689 1863 versionem
1701 1835 1767 1862 Chri
1775 1851 1781 1855 -

141 1880 240 1907 stianis
253 1881 399 1916 neophytis
410 1881 671 1909 commendaverunt
682 1883 738 1918 (pp.
750 1883 812 1915 185,
826 1883 884 1914 194,
892 1884 968 1911 202i.
978 1884 1070 1919 Neque
1086 1884 1173 1920 ipsam
1186 1883 1362 1911 Hebraeorum
1373 1883 1492 1918 linguam
1502 1883 1664 1910 Theodorus
1671 1882 1779 1914 calluit,

142 1933 156 1952 a
171 1933 224 1960 qua
236 1926 342 1953 nullum
359 1931 503 1954 mutuatur
520 1929 610 1956 lumen
621 1939 629 1963 ;
640 1935 666 1958 et
677 1936 808 1965 praeterea
823 1940 849 1966 p.
861 1932 891 1959 9|
911 1941 917 1959 ε
931 1932 1024 1964 Aiunt,
1041 1933 1141 1968 inquit,
1155 1933 1264 1968 ρεμφάν
1281 1932 1437 1968 Signiticare
1451 1931 1630 1966 phosphorum
1644 1931 1673 1957 in
1688 1930 1780 1965 lingua

142 1972 316 2000 Ilebra’orum
331 1981 341 2000 :
358 1981 413 2008 quo
422 1974 505 2007 dicto,
516 1982 569 2002 non
589 1975 703 2003 scientia
714 1978 888 2012 propria,scd
904 1978 992 2005 aliena
1010 1979 1184 2008 auctoritate.
1203 1978 1235 2004 de
1243 1978 1377 2005 vocabqu
1388 1976 1522 2004 Hebraico
1536 1977 1662 2011 judicare
1682 1984 1712 2004 se
1730 1976 1780 2004 de-

143 2025 292 2047 monstrat.
309 2019 421 2047 Rursus
439 2029 466 2055 p.
483 2020 546 2049 183.
563 2029 624 2048 cum
639 2021 798 2049 Graecorum
813 2022 995 2058 lateipretum
1013 2023 1153 2051 discordia
1172 2024 1207 2051 sit
1224 2031 1238 2049 a
1257 2023 1327 2058 Syro
1345 2023 1371 2049 ili
1400 2024 1527 2051 vocabuli
1549 2023 1674 2051 Hebraici
1693 2023 1782 2058 expli~

143 2065 262 2097 catione,
288 2066 347 2100 ipse
361 2066 472 2101 quidem
497 2067 608 2095 Grmcos
623 2070 759 2102 sequitur,
776 2078 831 2097 non
857 2071 937 2105 quasi
957 2071 1160 2106 grammaticali
1183 2071 1284 2098 ductus
1308 2071 1347 2103 vi,
1366 2070 1414 2098 sed
1435 2072 1600 2100 reverentia.
1618 2071 1709 2104 Quare
1725 2078 1780 2098 non

144 2114 218 2136 recte
234 2110 366 2138 collineat
380 2112 452 2146 apud
468 2111 709 2141 Rosenmullerum
729 2114 763 2151 (ε)
780 2115 935 2149 ErnestiuS,
961 2117 1007 2151 qui
1032 2117 1190 2151 suspicatur
1205 2116 1266 2144 ideo
1279 2117 1467 2151 judaizantem
1485 2118 1576 2146 visum
1596 2118 1681 2145 fuisse
1701 2117 1781 2144 Chri-

144 2155 244 2181 stianis
261 2155 501 2191 Mopsuestenum,
523 2159 596 2194 quod
620 2161 770 2188 secundum
794 2166 884 2189 textus
910 2162 1059 2190 llebraicos
1083 2163 1335 2197 interpretationem
1359 2163 1478 2191 fecisset.
1502 2163 1596 2199 Neque
1617 2163 1780 2191 Theodorus

144 2202 238 2235 (secus
261 2211 294 2230 ac
314 2204 439 2232 hodierni
460 2206 551 2234 critici
571 2208 727 2243 pompatico
746 2209 869 2244 quidem,
896 2210 944 2237 sed
968 2218 1025 2238 non
1051 2210 1112 2238 sine
1128 2209 1293 2237 confusione
1317 2214 1399 2244 atque
1418 2209 1614 2245 impedimento
1631 2209 1780 2245 legentium

148 2250 263 2285 faciunt)
286 2251 466 2286 multiplicem
479 2254 678 2287 eruditionem,
697 2256 883 2285 multorumve
900 2263 1047 2285 auctorum
1066 2259 1179 2285 nomina
1197 2258 1337 2292 congerit;
1357 2257 1413 2284 imo
1427 2265 1491 2285 cum
1508 2257 1579 2285 forte
1591 2257 1781 2285 controversia

145 2294 250 2322 incidat
265 2295 299 2324 de
315 2297 432 2325 urbibus
450 2298 565 2333 Bothro,
582 2300 709 2335 Tharsis,
724 2306 806 2338 atque
821 2304 967 2336 Ammone,
983 2304 1198 2339 disputationem
1214 2305 1381 2339 quantocius
1396 2304 1538 2339 abrumpit
1549 2309 1654 2335 noster,
1671 2303 1781 2338 quomi-

145 2348 198 2369 nus
213 2348 228 2367 a
244 2350 296 2369 suo
313 2344 446 2378 propheta
466 2353 500 2373 ne
517 2347 603 2374 latum
624 2349 736 2383 quidem
756 2359 875 2387 unguem
894 2352 1033 2381 discedat.
1051 2351 1089 2378 Ex
1105 2356 1146 2378 tot
1161 2355 1252 2380 autem
1271 2357 1334 2380 ante
1346 2360 1376 2380 se
1391 2352 1542 2379 Bibliorum
1553 2352 1781 2387 explicatoribus,

145 2396 178 2416 ne
191 2397 277 2417 unum
296 2391 407 2426 quidem
424 2393 587 2423 nominatim
604 2398 744 2431 appellat;
759 2406 913 2434 anonymos
934 2408 1073 2436 nunquam
1094 2400 1151 2428 fere
1172 2401 1233 2429 sine
1253 2401 1455 2436 vituperatione
1471 2404 1680 2432 commemorat,
1696 2400 1780 2427 veluti

146 2448 189 2474 pp.
210 2441 254 2473 'i'l,
273 2442 333 2474 ιιι,
351 2443 415 2476 222,
434 2444 496 2472 254.
514 2444 565 2478 Qui
582 2453 648 2473 vero
666 2446 722 2474 sint
739 2448 784 2474 isti
804 2449 952 2484 anonymi,
965 2457 997 2477 ex
1020 2449 1190 2485 Hieronymi,
1209 2450 1257 2485 qni
1274 2449 1325 2477 fuit
1340 2450 1531 2485 Mopsuesteno
1549 2454 1645 2477 nostro
1660 2455 1779 2480 coaevus,

146 2485 261 2522 Pro/oga
281 2488 316 2514 ad
333 2488 430 2516 Oseam
446 2490 600 2526 intelligere
621 2492 741 2520 fortasse
766 2493 843 2527 licet,
860 2495 908 2528 qui
929 2494 968 2520 ait
988 2499 1052 2522 ante
1073 2503 1102 2522 se
1125 2495 1320 2530 prophetarum
1346 2495 1480 2523 minorum
1502 2495 1589 2523 fuisse
1616 2495 1781 2530 interpretes

145 2533 301 2569 Origenem,
318 2537 518 2572 Apollinarem,
535 2535 667 2569 Pierium,
690 2536 840 2566 Etlsehium
857 2538 1068 2573 Caesariensem,
1085 2547 1117 2567 ac
1131 2540 1287 2575 Didymum.
1305 2540 1361 2568 Hos
1378 2541 1473 2576 igitur,
1491 2541 1533 2569 vel
1549 2549 1583 2568 ex
1600 2541 1643 2568 his
1659 2541 1779 2576 aliquos,

145 2590 158 2608 a
173 2583 318 2611 Theodoro
337 2586 503 2620 reprehendi
526 2586 666 2621 suspicor.
685 2585 753 2613 Nam
771 2586 805 2614 de
827 2587 893 2622 ipso
913 2587 1082 2623 Hieronymo
1105 2587 1281 2623 cogitandum
1296 2589 1341 2615 vix
1365 2593 1440 2624 puto,
1456 2595 1511 2616 non
1524 2594 1579 2616 tam
1601 2589 1664 2623 quia
1680 2592 1781 2615 coaeta-

145 2639 222 2663 neus,
240 2636 268 2659 ut
288 2632 358 2665 dixi,
372 2638 443 2666 erat,
456 2641 537 2669 quam
556 2635 620 2669 quia
638 2635 853 2662 commentarios
871 2634 984 2662 Latinos
1001 2643 1016 2662 a
1031 2635 1118 2663 Grteci
1131 2636 1268 2663 sermonis
1284 2635 1394 2663 homine
1408 2636 1495 2662 lectos
1509 2635 1554 2661 vix
1575 2638 1617 2662 est
1637 2634 1778 2662 credibile.

145 2678 312 2706 immensum
326 2687 414 2715 prope
427 2688 508 2715 opuS,
523 2688 598 2707 nunc
614 2680 801 2714 deperditum,
819 2679 853 2707 ad
872 2680 1024 2715 prophetas
1041 2681 1170 2709 minores
1180 2681 1312 2716 Origenes
1325 2682 1474 2716 scripserat
1489 2690 1495 2708 :
1510 2688 1596 2716 quare
1613 2687 1781 2715 magnopere

144 2727 264 2754 arbitror
279 2728 304 2755 id
321 2729 460 2763 praecipue
483 2728 689 2763 Mopsuesteno,
706 2732 820 2763 propter
832 2727 971 2756 diversam
998 2729 1194 2764 interpretandi
1216 2729 1346 2761 indolem,
1366 2729 1550 2765 displicuisse.
1570 2729 1622 2757 Sed
1641 2737 1674 2757 ne
1697 2728 1781 2756 Pierii

144 2773 253 2806 quidem
270 2774 310 2801 vel
327 2774 499 2809 Apollinaris
513 2775 555 2802 vel
572 2773 680 2810 Didymi
695 2773 800 2808 aliquid
811 2774 1782 2813 superest:deniqueetEusebiiDemonstrationisevangelicwliberxvin,

145 2818 170 2846 in
185 2827 240 2854 quo
255 2819 288 2848 de
303 2819 378 2848 Osea
397 2820 522 2856 quaedam
540 2821 741 2856 disputaverat,
756 2820 846 2855 periit.

186 2905 217 2944 ρ)
231 2903 388 2944 μιξιηζεςςις
408 2904 534 2944 tom._}'_ll
548 2913 573 2939 p.
587 2904 650 2944 μη.
737 2940 768 2944 Μ
1024 2906 1058 2941 (ε)
1075 2905 1148 2935 Hist.
1161 2906 1270 2938 interpr.
1286 2908 1346 2939 part
1364 2911 1403 2936 ut,
1421 2911 1445 2938 p.
1464 2902 1526 2930 266.

178 2939 216 2975 (ὁ)
233 2939 281 2966 Ed.
298 2939 387 2967 Colcti
401 2944 468 2968 tom.
482 2939 526 2973 IX,
540 2949 565 2968 υ.
582 2940 644 2966 22L
661 2947 718 2975 cap.
736 2940 779 2966 56.
