1947 3071
160 161 208 191 H5
770 158 852 186 ANG.
873 157 946 184 MAI!
966 155 1161 183 PRIEFATIO.
1725 146 1782 178 ιη

191 218 234 245 γι.
255 217 332 245 Nunc
346 215 410 251 quia
430 214 463 242 de
481 214 515 240 iis
535 213 601 246 dixi,
622 214 666 249 qui
684 213 862 241 Theodorum-
877 213 904 241 in
920 213 962 240 his
979 213 1146 248 exponendis
1168 211 1305 247 prophetis
1328 213 1526 244 prazcesserunt
1538 229 1545 241 ,
1564 209 1642 238 liceat
1656 209 1777 236 breviter

152 265 303 294 nonnullos
319 271 437 298 quoque,
453 262 500 296 qui
516 260 687 287 Theodorum
705 259 843 286 suhsccuti
862 262 936 289 sunt,
953 265 1184 289 commemorare;
1204 257 1324 291 priscos,
1342 257 1462 290 inquam,
1481 264 1596 291 quorum
1621 255 1723 289 scripta
1740 255 1776 281 ad

151 323 204 342 nos
217 316 399 349 pervenerunt
418 321 425 338 :
440 315 502 337 sunt
518 309 590 336 enim
607 308 647 342 (ut
663 309 788 335 omittam
804 307 932 334 Iudaicos
949 310 975 333 ct
989 306 1148 334 brevissima
1166 305 1295 340 licsychii
1311 305 1410 339 capita)
1427 302 1511 329 Crteei
1528 306 1595 334 tres,
1613 300 1773 327 Theodore-

152 365 208 392 tus,
235 359 370 394 Cyrillus,
391 357 629 392 Theophylactus;
653 355 743 382 Latini
766 355 831 381 item
854 360 921 386 tres,
935 353 1134 389 Hieronymus,
1157 353 1270 380 Rnliuus
1291 356 1372 386 atque
1395 351 1534 386 Remigius
1555 359 1563 376 ι
1587 356 1704 383 quorum
1726 355 1777 382 ego

151 403 368 431 commentarios
383 402 519 431 leetitans.
535 401 736 428 Theodoretum
750 399 858 435 quidem
874 399 1056 434 Mopsuesleni
1071 399 1202 426 asseclam
1221 406 1281 425 esse
1297 398 1420 425 videbam
1434 419 1442 432 ,
1464 398 1490 425 in
1515 397 1632 432 prologis
1654 396 1777 430 quando-

150 457 205 483 que
227 449 311 476 etiam
338 447 523 483 plagiarium:
553 446 600 474 sed
620 449 710 472 tamen
740 452 827 479 neque
853 445 979 470 acumine
1003 451 1090 478 neque
1113 444 1237 470 ubertate
1255 451 1316 470 cum
1340 443 1391 470 hoc
1409 442 1636 478 comparandum.
1657 441 1777 476 Cyrillus

149 495 281 528 grandem
296 500 400 522 tomum
416 493 677 521 commentariorum
695 499 808 519 suorum
825 491 959 526 implevit,
977 491 1003 518 in
1022 492 1123 526 quibus
1138 491 1252 525 plurima
1276 490 1390 517 moralia
1408 489 1474 516 dicit
1498 496 1529 515 ac
1545 488 1668 522 mystica.
1687 486 1776 513 Theo—

149 544 295 578 phylactus
311 543 429 576 denique
446 541 582 576 sequioris
602 541 651 568 aevi
666 540 747 567 homo
762 547 848 575 pauca
863 543 892 566 ut
908 543 975 574 puto
988 539 1021 565 de
1040 547 1091 565 suo
1104 538 1215 573 profert,
1235 538 1281 565 sed
1297 546 1328 564 ex
1345 537 1518 571 antiquorum
1537 530 1777 561 lucubrationibus

149 590 294 622 iitterales,
308 590 437 617 murales.
454 589 586 623 mysticas
599 587 796 622 expositiones,
813 594 862 620 pro
875 587 918 613 stti
939 586 1072 620 temporis
1093 593 1180 618 more,
1195 584 1320 612 deﬂorat.
1336 585 1364 611 In
1390 583 1496 610 Latinis
1514 582 1696 616 Hieronymus
1717 580 1775 606 sin-

147 635 236 669 gulari
258 641 307 661 sua
322 634 478 669 praestantia
495 634 615 666 eminet;
637 640 733 659 onmes
748 632 819 658 enim
842 631 954 665 ingenii.
977 631 1141 665 eloquentize
1163 630 1348 664 doctrimequc
1369 629 1515 656 thesauros
1529 627 1562 654 ad
1588 634 1652 654 suas
1669 626 1696 652 in
1724 625 1777 652 hos

147 679 297 714 prophetas
313 678 500 712 expasitiones
520 678 648 704 contulit.
667 677 730 703 Post
746 683 825 711 quem
849 675 964 702 Rutinus
980 675 1173 710 prophetarum
1194 675 1314 709 quinque
1337 682 1484 708 aggressus
1507 672 1773 707 interpretationem.

148 726 287 761 copiosam
303 725 394 760 potius
415 724 599 757 moralemque
624 721 803 756 paraphrasin
830 720 904 752 fecit,
927 725 953 747 et
977 720 1005 747 in
1025 720 1139 755 prologo
1161 721 1284 754 iniquum
1309 720 1342 746 de
1361 719 1526 753 Hieronymo
1549 718 1683 753 judicium
1701 717 1774 749 tulit,

148 771 229 806 cujus
243 772 394 798 orationem
414 770 456 797 vel
469 778 516 804 per
530 769 674 802 allegorias
687 767 813 802 Origcnis
828 767 869 792 vn-l
886 774 933 801 per
952 766 1089 793 fabulosas
1104 766 1258 793 Iudaeorum
1278 765 1439 793 traditiones
1454 769 1537 791 totam
1562 763 1708 790 deﬂuxisse
1725 762 1773 789 ait.

148 818 261 846 Tertius
277 818 417 852 Remigius
432 815 670 843 Antisiodorensis
689 819 742 847 est,
761 817 807 849 qui
830 815 931 840 sacculo
949 821 1022 840 nono
1043 813 1096 840 sub
1107 813 1205 840 Carolo
1227 814 1310 840 Calvo
1335 813 1436 840 ﬂoruit.
1461 811 1547 846 Hujus
1565 811 1774 837 Commentaries

151 863 186 890 ad
199 861 256 890 XII
276 861 418 896 prophetas
431 863 545 887 minores
562 867 634 886 anno
656 858 725 885 1545
747 857 865 884 Joanm-s
882 856 1033 884 llentenius
1051 856 1145 889 edidit,
1160 857 1204 891 qui
1225 856 1324 883 deinde
1343 857 1368 883 in
1384 856 1585 892 Lugdunensem
1602 855 1658 882 PP.
1673 855 1775 882 Biblio-

152 913 253 938 thecam
268 909 391 936 translati
406 907 526 935 fuerunt.
540 906 765 934 Commentarith
781 913 846 931 vero
861 905 889 930 in
910 906 1006 931 Oscam
1021 904 1179 931 necessario
1197 911 1226 930 sc
1246 903 1372 930 omisisse
1384 903 1534 932 lientcnius
1550 905 1598 935 ait.
1616 904 1678 939 quia
1701 904 1774 931 hunc

148 957 259 988 unicus,
273 963 355 991 quem
380 958 479 982 nactus
492 958 561 985 erat,
576 952 660 979 codex
687 950 871 978 desiderabat.
898 948 953 984 Ego
974 957 1039 976 vero
1062 949 1203 983 antiquum
1226 949 1347 976 codicem
1368 948 1529 978 Vaticanum
1550 950 1720 985 perlustrans
1745 950 1777 976 in

149 1005 246 1033 Oscam
269 1011 378 1039 quoque
397 1002 619 1030 commentarium
645 999 761 1035 Remigii
790 999 891 1034 reperi,
911 998 1037 1025 mutilum
1061 1002 1163 1029 tamen,
1186 1005 1284 1032 nempe
1303 1006 1390 1033 usque
1410 998 1443 1025 ad
1467 999 1619 1033 capitulum
1646 999 1773 1033 quintum

147 1051 263 1078 necdum
280 1051 426 1085 expletum.
449 1048 542 1083 Neque
563 1047 587 1075 is
602 1047 726 1074 deiectus
743 1048 964 1074 membranarum
979 1049 1032 1077 est,
1049 1053 1120 1080 quat,
1133 1049 1162 1071 ut
1176 1045 1216 1077 ﬁt,
1237 1045 1409 1072 exciderint:
1430 1047 1530 1073 etenim
1555 1046 1582 1073 in
1602 1054 1654 1080 qua
1675 1045 1774 1080 pagina

148 1098 234 1126 Oseas
250 1097 426 1133 imperfectus
442 1096 553 1128 desinit,
569 1095 669 1122 ibidem
686 1095 781 1129 incipit
799 1094 857 1121 Joél
874 1104 880 1121 :
902 1093 974 1121 unde
989 1093 1181 1128 cognoscimus
1200 1092 1342 1127 antiquum
1358 1100 1550 1120 amanuenscm
1575 1091 1684 1118 nonnisi
1702 1090 1774 1117 hanc

146 1143 298 1178 ltemigiani
317 1142 504 1170 Commentarii
524 1142 552 1168 iu
571 1141 667 1169 Oscam
684 1145 789 1176 partem
807 1149 861 1176 prze
877 1141 1004 1168 manibus
1024 1139 1163 1167 habuisse.
1179 1139 1238 1166 Jam
1254 1140 1305 1167 ctsi
1325 1139 1476 1167 iientenius
1487 1140 1593 1174 magnis
1611 1139 1737 1166 laudibus
1757 1146 1775 1164 ι)

146 1200 176 1219 se
190 1192 278 1219 editos
295 1191 507 1218 commentarios
520 1189 606 1222 eﬂert,
625 1198 674 1224 ego
689 1194 779 1216 tamen
795 1190 947 1224 Remigium
971 1189 997 1215 in
1013 1189 1157 1215 calonibus
1174 1189 1264 1223 potius
1288 1189 1434 1224 ἑρμηνείας
1449 1197 1530 1225 quam
1557 1190 1585 1216 in
1604 1188 1776 1223 principibus

146 1244 304 1269 numerem;
320 1236 393 1271 quod
406 1236 440 1264 de
454 1236 514 1263 aliis
530 1235 612 1263 etiam
628 1235 906 1262 commentationibus
920 1234 980 1269 ejus
996 1233 1030 1261 ad
1056 1242 1133 1262 sacra
1151 1234 1236 1261 Biblia
1260 1242 1312 1269 qua
1328 1234 1410 1262 editis
1436 1243 1488 1270 qua
1503 1234 1614 1262 ineditis
1629 1243 1705 1268 :Ique
1727 1234 1773 1268 ju-

144 1284 217 1311 dico.
235 1283 313 1309 Certc
331 1282 395 1309 illud
411 1281 539 1317 frequens
559 1281 782 1316 etymologiarum
800 1281 917 1307 studium
936 1288 1031 1315 parum
1047 1280 1112 1307 utile
1134 1285 1175 1307 cst
1193 1280 1236 1307 vel
1254 1281 1382 1308 solidum.
1407 1282 1531 1309 Attamen
1547 1281 1618 1308 aliud
1639 1281 1703 1307 mihi
1720 1279 1772 1307 Re—

144 1329 218 1364 migii
234 1336 303 1362 opus
322 1331 364 1355 est
379 1328 561 1361 observatum,
580 1327 694 1363 profana
711 1328 864 1355 eruditione
884 1327 964 1359 valde.
976 1332 1109 1358 saturum,
1129 1328 1206 1361 cujus
1225 1327 1315 1355 hercle
1329 1328 1486 1359 editionem.
1505 1336 1565 1356 cum
1581 1328 1663 1355 otium
1681 1327 1772 1358 fuerit,

144 1382 198 1401 non
214 1374 357 1409 negligant.
377 1374 486 1401 Interim
506 1377 561 1401 tam
581 1374 636 1401 rari
654 1374 756 1401 codicis
771 1374 876 1408 copiam
897 1378 1004 1404 nactus,
1027 1374 1100 1400 nolui
1117 1374 1286 1400 committere
1308 1378 1336 1400 ut
1359 1374 1416 1401 lucc
1435 1374 1535 1402 inedita
1553 1382 1616 1409 pars
1634 1373 1767 1401 Commen-

145 1420 209 1446 tarii
225 1419 261 1446 ad
272 1420 365 1448 Oscam
380 1421 482 1448 diutius
494 1421 522 1447 in
540 1421 659 1448 tenebris
674 1421 854 1448 delitesceret.
871 1419 964 1454 itaque
977 1421 1003 1447 in
1020 1425 1096 1455 parte
1111 1422 1161 1448 mei
1179 1421 1335 1453 voluminis,
1348 1422 1419 1449 unde
1431 1422 1511 1449 aliam
1525 1422 1648 1449 canonici
1664 1420 1775 1456 generis

148 1465 362 1494 lucubrationem
374 1468 516 1500 cicceram,
530 1466 580 1494 hoc
594 1466 706 1501 Remigii
725 1467 943 1501 supplementum
961 1467 1058 1493 locavi.

180 1533 236 1561 VII.
253 1534 305 1561 Sed
323 1535 378 1569 jam
392 1536 479 1563 oratio
492 1541 645 1563 revertatur
658 1536 691 1563 ad
709 1535 894 1566 Theodorum.
915 1537 994 1570 cujus
1014 1537 1036 1564 si
1059 1536 1191 1571 plurimas
1206 1537 1408 1571 expositionum
1426 1538 1522 1564 barum
1539 1537 1633 1566 laudes
1644 1538 1776 1566 detexere

144 1582 236 1613 velim,
250 1583 290 1609 vel
305 1582 427 1610 inﬁnitus
436 1583 497 1616 sim,
513 1584 554 1610 vel
569 1589 643 1610 certe
655 1588 815 1618 perpetuum
831 1584 1020 1611 commentarii
1031 1584 1091 1619 ejus
1101 1585 1326 1612 commentarium
1339 1585 1473 1613 adornare
1483 1586 1620 1613 deberem.
1635 1585 1662 1612 In
1675 1585 1771 1620 primis

145 1635 240 1657 auctor
252 1630 406 1657 universam
421 1631 609 1658 vaticiniorum
623 1632 764 1658 materiam
777 1635 868 1659 mente
879 1632 1048 1666 complexus,
1063 1632 1130 1660 mire
1146 1633 1217 1659 inter
1229 1640 1258 1660 sc
1270 1634 1439 1665 commiscet,
1456 1634 1627 1668 invicemque
1641 1634 1769 1667 illustrat,

145 1681 172 1703 ct
187 1685 250 1703 cum
265 1677 406 1712 prophetis
422 1677 583 1712 majoribus.
600 1679 750 1713 pra-scrtim
766 1687 831 1706 vero
849 1687 910 1706 eum
935 1679 1054 1706 Psalmis
1074 1679 1211 1707 Davidicis
1227 1681 1327 1714 passim
1343 1682 1488 1707 connectit.
1506 1679 1682 1716 Prologorum
1706 1689 1771 1709 vero

144 1725 275 1759 dignitas,
289 1732 452 1752 excursuum
467 1726 523 1752 sive
535 1727 774 1760 atuplilicationum
786 1727 905 1757 ubertas,
916 1727 1096 1761 quzrstionum
1109 1735 1235 1758 acumen,
1250 1728 1369 1754 locorum
1383 1728 1600 1756 diﬂicillimorum
1621 1734 1769 1763 spontanea

145 1781 177 1800 ac
189 1773 336 1800 ludibunda
354 1774 548 1808 propemodum
565 1775 713 1809 explicatio
727 1775 847 1810 legentes
861 1776 1013 1811 philologos
1027 1783 1203 1810 magnopere.
1215 1781 1244 1803 ut
1259 1784 1349 1811 spero,
1360 1776 1517 1803 oblet-tabit.
1535 1775 1655 1811 Exempli
1675 1782 1769 1804 causa.

146 1819 238 1846 Amosi
256 1819 338 1846 verba
353 1826 412 1853 cap.
428 1827 446 1851 t,
458 1820 493 1847 5:
512 1820 595 1855 Super
610 1822 692 1849 tribus
707 1822 846 1849 sceleribus
865 1823 988 1850 Damasci
1002 1828 1026 1849 et
1041 1831 1119 1857 super
1135 1829 1250 1858 quatuor
1266 1832 1317 1851 non
1328 1829 1486 1856 convertant,
1506 1823 1662 1850 felicissime
1676 1828 1770 1849 noster

145 1867 227 1898 alque
243 1871 274 1890 ex
290 1864 379 1891 indole
393 1865 564 1892 orientalium
584 1866 741 1894 idiomatum
757 1868 873 1901 explicat
889 1868 927 1894 sic
946 1877 951 1893 :
966 1867 1037 1894 Diu!
1052 1876 1128 1900 super
1143 1861 1226 1894 tritius
1238 1874 1262 1895 et
1278 1875 1403 1903 quatuor,
1420 1878 1509 1902 netu/te
1522 1877 1568 1903 pro
1584 1869 1683 1895 multis.
1697 1868 1769 1895 Nam

145 1911 207 1945 quin
222 1919 344 1939 numerus
365 1917 422 1945 post
439 1920 519 1938 unum
535 1919 559 1940 et
582 1913 634 1940 duo
651 1914 763 1947 pluralis
785 1915 892 1946 dicitur,
915 1915 988 1940 carbo
1012 1915 1094 1941 tribus
1115 1916 1210 1941 utilitas
1229 1915 1346 1947 deuolat,
1368 1916 1443 1943 rrrbo
1465 1923 1551 1943 autent
1569 1922 1682 1951 quatuor
1698 1917 1769 1943 mul-

147 1958 284 1984 tituditu’m
297 1963 448 1993 exaggerat.
475 1959 580 1987 Rursus
595 1960 628 1987 ad
649 1961 732 1987 verba
755 1960 871 1986 Micluea:
888 1968 947 1991 cap.
970 1969 997 1989 v.
1013 1961 1049 1986 Ξῖ
1077 1960 1280 1987 Suscitulumtur
1301 1969 1378 1995 super
1397 1971 1453 1988 eum
1469 1968 1565 1996 septem
1590 1968 1719 1996 pastores,
1745 1968 1770 1988 ιιι

146 2010 205 2031 octo
219 2013 322 2032 mortus
338 2006 482 2040 hominum,
503 2011 563 2042 post
578 2007 684 2034 irrisum
707 2006 898 2032 nonnullorum
915 2006 1091 2040 interp‘remm
1114 2007 1272 2038 vanitatem,
1292 2008 1328 2033 ait
1345 2008 1505 2042 simpliciter
1526 2014 1621 2042 st‘plcnt
1637 2017 1712 2036 more
1730 2010 1770 2036 bi—

145 2051 217 2078 hlico
233 2052 344 2087 intelligi
362 2053 394 2080 de
409 2042 530 2087 perfecto
542 2062 588 2081 seu
606 2061 702 2088 magno
717 2061 841 2084 numero,
862 2058 919 2079 octo
938 2057 1027 2079 autem
1049 2053 1082 2078 de
1098 2051 1158 2087 ejus
1173 2061 1297 2080 excessu.
1312 2053 1395 2086 idque
1410 2055 1543 2081 illuminat
1559 2054 1664 2081 Domini
1679 2055 1770 2081 verbis

145 2098 227 2126 Petro
241 2098 367 2129 dicentis,
385 2103 413 2124 ut
426 2107 479 2125 non
497 2098 597 2133 septies
619 2102 727 2132 peccata
747 2097 897 2123 dimitteret
911 2096 958 2123 sed
978 2097 1132 2130 Septuagies
1148 2098 1266 2131 septies;
1285 2102 1311 2123 ct
1335 2098 1388 2125 illis
1411 2099 1591 2129 Ecclesiaste,
1610 2099 1650 2125 Da
1666 2105 1768 2134 partem

144 2149 242 2178 septem
268 2153 366 2171 necnon
390 2150 414 2172 et
438 2150 511 2175 octo;
533 2146 566 2172 de
586 2145 686 2178 quibus
707 2144 820 2177 mystica
837 2143 960 2178 quaedam
983 2147 1010 2170 ct
1032 2145 1190 2178 persubtilia
1215 2149 1414 2172 commentatur
1435 2145 1594 2171 Ambrosius
1613 2145 1681 2171 libro
1697 2153 1722 2176 ν,
1742 2146 1768 2170 in

144 2191 246 2219 Lucam
267 2201 295 2220 n.
313 2193 366 2221 d9:
392 2202 471 2228 quem
496 2194 629 2220 Ambrosii
654 2193 744 2219 locum
769 2192 922 2219 Cimmeriis
948 2192 1068 2219 tenebris
1091 2193 1209 2219 obsitum
1236 2192 1350 2219 Maurini
1371 2193 1490 2219 editores
1513 2200 1582 2226 πιεζιό
1609 2192 1768 2225 declarant;

145 2239 354 2274 Mopsuestenus
371 2245 462 2267 autem
485 2241 613 2276 praulicta
634 2240 716 2266 verba
732 2240 893 2274 simpliciter
913 2247 1030 2274 \‘crcque
1054 2240 1191 2274 explicat:
1215 2239 1341 2274 Muuiﬁce
1360 2239 1394 2265 da
1414 2239 1556 2275 rgentibus,
1576 2248 1656 2275 neque
1673 2241 1698 2266 in
1720 2240 1768 2266 [ioc

146 2287 282 2314 abundare
297 2296 410 2315 recuses.
432 2288 464 2314 Et
481 2289 638 2315 universum
654 2287 763 2322 quidem
787 2287 991 2315 Testamentum
1008 2287 1091 2314 Vetus
1107 2289 1329 2324 prmparationcm
1352 2288 1418 2314 Novi
1440 2287 1533 2318 luisse,
1549 2291 1630 2321 atque
1647 2287 1737 2313 omnia
1752 2294 1766 2312 a

146 2335 201 2361 Deo
216 2335 248 2362 ad
266 2339 411 2362 venturum
429 2335 568 2362 Christum
584 2334 698 2365 directa,
713 2334 819 2361 sincere
838 2340 985 2369 sancti-que
1002 2336 1094 2362 multis
1111 2337 1176 2363 locis
1189 2335 1347 2363 Theodorus
1363 2335 1503 2365 [δίειμι-,ιη
1520 2343 1560 2370 gr.
1579 2343 1605 2369 p.
1619 2335 1645 2366 i,
1661 2334 1705 2367 69,
1720 2335 1765 2366 72,

147 2383 224 2408 tH-l
235 2382 275 2412 I6.
293 2383 354 2414 120,
368 2383 431 2412 208,
445 2383 579 2417 priocipuc
604 2389 668 2409 vero
685 2382 711 2408 in
734 2382 841 2416 prologo
853 2381 886 2408 ad
898 2381 996 2408 Jouam
1007 2390 1016 2408 :
1031 2382 1110 2416 cujus
1123 2383 1259 2417 prophetm
1273 2382 1374 2416 grande
1387 2382 1451 2409 illud
1465 2370 1535 2409 intra
1549 2386 1637 2409 cetum
1651 2382 1766 2409 viventis

145 2429 318 2458 miraculum.
335 2429 406 2463 quod
419 2429 528 2463 quidam
541 2431 665 2454 recentes
678 2427 767 2453 critici
784 2427 916 2454 scelerate
928 2427 1050 2454 derident
1064 2429 1109 2461 (uc
1119 2428 1228 2455 Christo
1243 2428 1351 2462 quidem
1365 2427 1459 2455 Matth.
1477 2436 1524 2459 xn,
1539 2427 1584 2460 40,
1597 2428 1763 2461 credentes),

145 2474 268 2500 nonnulli
291 2474 434 2508 allegorice
459 2478 564 2500 tantum
591 2473 754 2506 admittunt,
784 2473 825 2499 vel
859 2474 997 2508 propheta‘
1025 2474 1160 2500 somnium
1195 2475 1369 2506 existimant,
1407 2475 1452 2502 alii
1485 2483 1517 2502 ex
1547 2474 1646 2502 fabulis
1675 2474 1766 2501 ethni-

145 2527 251 2549 comm.
282 2523 346 2553 puta
372 2519 405 2545 de
430 2517 615 2548 Andromeda,
642 2517 684 2544 vel
709 2517 742 2544 de
772 2516 888 2544 Hercule
915 2518 960 2552 qui
985 2517 1111 2552 Neptunii
1135 2519 1212 2545 canis
1234 2519 1388 2547 visceribus
1409 2521 1495 2547 evasit
1522 2521 1676 2552 incolumis,
1700 2529 1766 2548 COll-

146 2565 308 2599 glutinatum
334 2564 476 2598 dictitant;
500 2564 542 2598 pic
570 2563 742 2594 Theodorus,
766 2566 796 2589 ut
820 2570 879 2590 mos
903 2567 945 2590 est
968 2562 1096 2590 Ecclesizc
1114 2565 1222 2590 Patrum
1240 2569 1267 2591 et
1287 2566 1496 2598 catholicorum,
1521 2574 1681 2601 summaque
1702 2575 1764 2594 cum

147 2609 300 2636 reverentia
329 2610 501 2644 amplectitur
527 2616 578 2636 nec
603 2608 636 2636 de
663 2615 695 2636 eo
721 2607 900 2642 quaestionem
925 2608 1006 2634 ullam
1030 2608 1086 2634 lteri
1111 2610 1222 2643 patitur.
1250 2609 1282 2636 Ut
1305 2614 1393 2637 autem
1420 2612 1520 2638 mentis
1544 2610 1691 2643 Theodori.
1712 2619 1765 2646 qua

146 2657 304 2691 prophetias
336 2656 369 2684 de
395 2656 504 2683 Christo
527 2656 620 2687 tradit,
643 2656 749 2683 illustre
777 2655 914 2690 specimen
940 2655 1012 2686 dem,
1039 2663 1093 2682 non
1119 2658 1251 2684 recusabo
1279 2658 1306 2684 in
1335 2658 1450 2692 gratiam
1479 2657 1586 2683 illorum
1611 2657 1766 2692 quiGrrece

147 2702 274 2729 nesciunt
291 2702 523 2737 (quandoquidem
544 2702 668 2730 Latinam
687 2702 939 2737 interpretationem
960 2702 995 2728 ab
1010 2701 1061 2728 hoc
1075 2703 1213 2730 volumine
1228 2705 1342 2735 exclusi,
1359 2712 1439 2739 quam
1462 2704 1581 2731 liberiori
1600 2705 1654 2731 otio
1677 2704 1766 2731 absol-

145 2748 259 2774 νιιιιιιίιιη
278 2749 534 2784 pt‘rpoliettdamquc
548 2750 668 2780 reservo)
683 2750 850 2777 luculentum
867 2753 984 2776 tractum
1005 2749 1100 2777 Latine
1115 2758 1213 2783 ponere
1228 2751 1261 2777 ad
1278 2752 1322 2778 illa
1338 2751 1421 2778 Joelis
1437 2752 1518 2778 verba
1535 2759 1594 2786 cap.
1611 2760 1639 2784 u,
1657 2751 1736 2778 28-5!
1756 2761 1762 2778 ε

146 2795 291 2829 E/fundam
309 2797 341 2823 de
362 2796 462 2831 Spiritu
479 2805 533 2823 meo
550 2806 626 2832 super
641 2805 742 2824 omnem
764 2805 879 2829 carnem,
896 2801 920 2822 et
936 2796 1125 2830 prop/tetabunt
1142 2798 1193 2832 ﬁlii
1209 2798 1286 2824 vestri
1300 2802 1326 2824 et
1345 2798 1408 2832 ﬁlia:
1426 2803 1527 2828 vestrm,
1545 2802 1569 2824 et
1595 2805 1666 2824 senes
1686 2799 1763 2823 vestri

147 2842 251 2868 sonvniu
271 2843 446 2872 romttiabtmt,
462 2848 486 2868 ct
500 2843 605 2877 juvenes
623 2844 702 2870 vestri
727 2843 838 2869 visiones
858 2842 990 2869 videbunt.
1013 2841 1046 2868 Et
1068 2851 1146 2878 super
1162 2853 1248 2872 servos
1269 2852 1348 2876 meos,
1365 2850 1389 2871 et
1413 2851 1489 2878 super
1512 2843 1625 2870 ancillas
1645 2852 1714 2870 meas
1738 2844 1763 2869 in

149 2888 239 2915 diebus
254 2890 307 2916 iilis
328 2890 460 2924 cﬂ'undam
475 2890 506 2916 de
523 2890 623 2924 Spiritu
639 2897 713 2921 meo;
729 2894 752 2915 et
770 2888 991 2916 vaticinabantur.
1010 2888 1041 2914 Et
1058 2889 1126 2916 dabo
1140 2891 1260 2926 prodigia
1276 2891 1302 2917 in
1318 2890 1382 2918 coelo
1398 2895 1423 2917 et
1439 2898 1516 2925 super
1531 2895 1639 2922 terram,
1656 2888 1761 2923 sanguir
