1947 3071
129 126 182 153 117
775 128 855 156 ΑΝΟ.
876 128 898 155 Μ

1007 127 1161 155 l.-EFATlO.
1727 126 1776 153 HS

125 193 187 213 nem
205 190 233 211 et
249 186 334 221 ignem
352 192 376 213 et
392 195 512 221 vaporem
524 187 604 221 fumi;
621 187 661 214 sol
675 192 789 214 vertetur
801 189 828 214 itt
846 188 974 220 tenebras,
990 192 1014 214 et
1027 188 1090 215 luna
1100 188 1128 214 in
1141 187 1304 222 sanguinem,
1316 192 1376 214 ante
1391 194 1470 222 quam
1488 185 1574 213 veniat
1585 184 1640 212 dies
1661 184 1770 211 Domini

127 240 249 266 magnus
264 238 288 259 et
304 233 432 260 illustris.
451 233 498 266 lbi,
513 236 635 269 inquam,
654 239 715 270 post
728 235 780 262 alia
795 235 868 262 dicta
885 235 1046 263 Theodorus
1061 236 1181 271 disputat
1195 236 1234 263 sic
1249 244 1255 262 :
1275 234 1358 261 Verba
1370 235 1424 261 haec
1436 229 1529 261 beatus
1549 233 1644 260 Petrus
1659 232 1770 259 Judwos

126 279 273 314 alloquens
283 280 316 307 de
331 281 450 315 Spiritus
470 283 556 309 sancti
573 282 685 309 adventu
693 283 828 317 usurpavit
843 283 1095 320 convenientissima,
1112 281 1320 318 quandoquidem
1336 282 1424 316 prisca
1438 282 1479 308 lea:
1494 284 1646 315 futurorum
1658 281 1774 306 omnium

125 327 257 359 quadam
270 326 365 354 umbra
382 328 532 362 fuit.—-Et
547 329 595 355 illa
611 329 713 364 quidem
731 335 816 356 vetera
831 337 941 364 parvum
955 329 1020 364 quid
1038 335 1113 356 erant
1126 335 1151 356 et
1167 334 1292 364 tanquam
1305 327 1509 358 adumbratam;
1527 327 1566 354 ita
1582 331 1612 353 ut
1632 326 1774 353 secundum

126 374 293 407 hyperbolen
307 376 396 409 potius
417 385 496 411 quam
517 377 659 404 secundum
674 379 712 405 rei
726 379 871 412 veritatem,
889 379 960 406 dicta
971 379 1081 414 fuerint,
1098 380 1143 406 sed
1155 380 1212 413 ipsa
1224 378 1329 405 demum
1337 377 1468 403 dictorum
1478 376 1609 402 veracitas
1624 375 1651 402 in
1667 374 1774 401 Christo

127 420 251 448 Domino
264 423 384 456 effectum
400 425 538 458 manifeste
554 425 664 458 habuit;
676 435 726 461 quo
739 432 852 461 tempore
869 436 965 462 magna
976 429 1065 455 omnia
1077 433 1101 455 ct
1118 428 1232 462 terriﬁca
1248 434 1363 461 novaque
1378 429 1402 452 et
1417 425 1483 450 tnira
1500 432 1554 459 pra:
1567 423 1668 450 cunctis
1681 424 1775 458 prisca:

127 467 196 501 leqis
219 469 355 495 eventibus
378 476 555 504 apparuerunt
576 479 585 497 :
605 472 644 498 ita
669 476 697 498 ut
723 472 800 499 Vetus
826 473 1021 499 Testamentum
1043 473 1189 507 a'nigmatis
1207 473 1263 499 loco
1278 471 1368 506 fuerit,
1385 478 1472 496 rerum
1493 474 1580 496 autem
1596 470 1643 495 sub
1667 468 1774 496 Christo

129 513 251 540 Domino
273 519 407 549 gestarum
427 515 581 551 magnitudo
603 516 738 543 veritatem
762 517 866 543 detnum
880 518 986 545 stiterit.
1005 517 1086 552 Atque
1103 518 1140 544 ita
1160 518 1250 544 beatus
1267 517 1352 543 aiebat
1374 515 1458 541 David
1473 514 1504 541 de
1527 515 1620 548 popqu
1635 523 1643 540 :
1659 514 1717 542 Non
1732 518 1775 542 est

128 563 267 590 derelicta
286 564 376 590 anima
391 564 451 598 ejus
465 565 491 591 in
506 564 623 594 inferno.
642 573 729 600 neque
746 573 811 593 caro
824 566 884 601 ejus
902 567 969 594 vidit.
981 567 1184 602 corruptionem
1201 568 1208 581 ¹
1224 575 1230 592 ;
1247 565 1315 601 quod
1331 572 1393 592 sane
1409 562 1441 589 de
1455 570 1483 588 re
1502 567 1557 588 tum
1574 567 1646 596 gesta
1663 562 1776 597 intelligi

130 610 235 641 nequit,
253 610 299 637 sed
311 611 486 646 mctaphorice
498 617 574 646 atque
592 612 756 647 hyperbolice
771 613 868 640 dicitur
883 619 984 645 ereptus
1003 614 1114 649 populus
1129 614 1161 641 de
1175 614 1290 649 periculo
1305 617 1382 648 atque
1395 610 1516 645 pernicie.
1532 609 1578 636 Rei
1597 618 1676 644 porro
1690 611 1774 644 ipsius

130 656 305 690 vaticiniique
318 658 413 684 veritas
429 658 455 684 in
469 658 575 686 Christo
590 658 703 686 Domino
718 660 808 694 palam
823 660 895 694 facta
905 665 953 693 est,
967 669 1024 686 cttnt
1041 665 1147 695 propter
1160 660 1312 694 resurgemli
1327 660 1448 686 virtutem
1459 664 1538 690 neque
1552 656 1642 682 anima
1656 657 1712 690 ejus
1729 656 1775 682 ditt

133 701 206 735 apud
220 703 321 737 inferos
337 711 445 737 corpore
459 704 580 739 scjuncta
593 706 701 738 mansit,
715 713 795 740 neque
808 713 900 740 corpus
913 707 1104 739 corruptionem
1119 706 1202 732 ullant
1212 713 1320 739 passum
1335 705 1396 739 fuit,
1414 708 1482 740 quod
1496 713 1548 732 non
1562 705 1648 731 solum
1661 704 1775 738 ﬁguram

133 751 274 782 propriam
286 751 405 784 retinuit,
421 753 448 778 in
463 761 514 788 qua
529 757 662 780 mortuum
677 754 775 788 fuerat,
788 763 876 781 verum
890 755 971 781 etiam
987 754 1021 781 ad
1037 754 1211 781 immortalem
1227 754 1502 788 incorruptibilemque
1516 758 1640 780 naturam
1655 752 1772 779 transiit.

135 794 316 826 Quamobrem
332 796 423 831 priora
438 798 496 830 illa,
512 800 623 834 wniqma
638 800 762 834 fuerunt;
778 801 834 828 hrrc
849 802 1007 836 posteriora,
1023 803 1129 828 veritas.
1144 802 1241 828 Beatus
1259 802 1340 836 igitur
1359 798 1453 828 Petrus
1471 801 1553 828 verbis
1576 801 1630 827 illis
1646 805 1774 834 tanquam

134 840 198 867 olim
215 841 392 875 metaphorice
409 851 459 870 non
471 844 527 870 sine
545 853 626 871 causa
637 845 726 878 dictis,
747 854 815 872 nunc
839 851 927 873 autem
942 851 1059 873 eventum
1078 855 1166 873 verum
1181 847 1208 872 in
1230 852 1302 881 gesta
1318 854 1345 873 re
1364 847 1519 878 consecutis,
1537 855 1600 872 usus
1612 850 1665 876 est;
1685 845 1723 871 ita
1746 850 1774 870 ut

135 895 204 913 nunc
226 889 312 922 magis
330 889 502 922 pra-sentibus
517 896 583 918 esset
606 891 772 923 credendam,
789 901 867 927 quam
890 893 921 919 de
945 893 1039 927 priscis
1062 893 1116 920 illis
1137 894 1380 928 obstupescendum.
1406 893 1439 920 Et
1461 894 1542 929 paulo
1562 893 1632 920 inira
1648 903 1653 919 :
1672 892 1775 920 Cuncta

135 935 277 961 verissima
291 936 318 962 in
334 936 440 963 Christo
456 938 568 965 Domino
583 944 738 971 euaserunt;
754 948 814 966 nam
824 945 847 966 et
861 940 901 966 sol
913 948 968 967 vere
983 940 1164 967 obtencbratus
1180 941 1241 975 fuit,
1254 946 1278 967 et
1294 941 1357 967 luna
1371 941 1486 975 pariter;
1497 948 1644 975 magnaque
1653 945 1677 966 et
1691 940 1775 966 multa

136 980 200 1006 ratio
217 985 339 1016 terraque
352 983 475 1018 prodigia
493 985 662 1018 acciderunt;
685 991 708 1013 et
729 986 830 1014 Citriin
853 987 960 1013 Domini
980 988 1107 1014 salutaris
1122 988 1230 1023 sanguis
1253 988 1324 1014 visus
1344 992 1402 1018 est;
1422 992 1445 1013 et
1461 988 1528 1021 ignis
1549 994 1690 1020 spectratn,
1706 987 1774 1021 quod

136 1024 318 1055 descendentis
332 1028 448 1063 Spiritus
463 1031 513 1057 vim
531 1032 720 1067 signiﬁcabat;
738 1034 779 1060 cui
792 1034 924 1068 prcecessit
941 1034 1007 1065 fumi
1023 1041 1114 1068 vapor,
1130 1035 1174 1068 qui
1193 1039 1329 1061 ereuturas
1345 1033 1546 1068 cruciﬁxoribus
1561 1041 1650 1068 pinnas
1669 1038 1774 1067 porten-

137 1069 224 1098 debat.
239 1071 312 1099 Tuttc
324 1075 404 1101 etiant
419 1074 536 1110 Spiritus
549 1078 635 1104 sancti
649 1078 744 1113 graticc
757 1079 843 1105 cuncti
856 1080 997 1113 participes
1014 1079 1079 1113 facti
1095 1084 1155 1106 sunt
1167 1099 1174 1112 ,
1192 1079 1332 1114 tnultisque
1351 1087 1382 1105 ac
1397 1080 1477 1106 variis
1492 1079 1695 1106 charismatibus
1709 1079 1774 1106 insi—

138 1119 223 1151 gniti:
239 1128 322 1154 quare
343 1122 391 1149 alii
402 1124 604 1158 prophetabant,
627 1125 674 1152 alii
690 1126 805 1160 plurima
825 1126 936 1154 edebant
955 1128 1096 1159 miracula,
1114 1127 1144 1154 ob
1167 1127 1335 1154 asscrendant
1359 1134 1436 1162 gestte
1459 1128 1495 1154 rei
1509 1128 1727 1163 magnitudinem,
1749 1133 1774 1154 ct

139 1164 238 1193 Christi
252 1167 362 1195 Domini
374 1178 420 1196 seu
430 1171 509 1205 fidem
520 1181 565 1199 seu
579 1173 692 1208 gloriam
702 1165 948 1202 constabiliendam.
962 1175 1038 1208 Quod
1057 1176 1119 1203 olim
1132 1176 1212 1210 igitur
1227 1175 1400 1210 tnetap/torice
1414 1176 1540 1210 propheta
1558 1177 1597 1203 vel
1610 1176 1773 1210 hyperbolice

137 1213 252 1249 dixerat,
273 1225 340 1244 ttunc
354 1219 522 1253 manifestam
540 1220 615 1248 habet
629 1221 838 1256 signiﬁcatarum
856 1231 943 1249 rerum
961 1223 1113 1254 veritatem;
1134 1223 1186 1250 itno
1202 1223 1279 1249 verba
1297 1223 1367 1257 infra
1388 1232 1428 1251 res
1444 1224 1514 1258 ipsas
1531 1230 1602 1250 sunt.
1619 1223 1674 1250 Cur
1686 1224 1773 1258 itaque

139 1258 185 1285 hac
205 1262 359 1289 vaticinium
373 1264 485 1300 itemque
496 1267 608 1302 reliqua,
624 1273 749 1303 quotquot
764 1269 795 1295 de
809 1269 869 1295 aliis
882 1269 953 1295 dicta
967 1278 983 1295 a
994 1269 1126 1303 prophetis
1150 1273 1222 1301 sttnt,
1235 1269 1266 1295 de
1277 1268 1377 1296 Christi
1391 1269 1498 1296 Dotttini
1510 1269 1691 1296 incarnatione
1702 1269 1772 1295 beati

139 1306 253 1333 apostoli
268 1307 451 1343 intellexerint,
460 1311 527 1338 hanc
541 1314 633 1340 merito
644 1322 723 1348 quam
737 1315 852 1341 diximus
864 1323 972 1342 causam
982 1315 1085 1342 credere
1100 1315 1168 1341 licet.
1185 1313 1229 1342 Sic
1244 1315 1311 1341 enim
1327 1319 1350 1342 et
1366 1316 1534 1350 antiquarum
1550 1324 1637 1342 rerum
1659 1314 1773 1341 historia

139 1351 244 1378 minime
261 1353 324 1387 ﬁcta
340 1362 455 1390 apparet,
470 1363 493 1384 et
509 1358 662 1393 magnitudo
677 1359 846 1392 prtcsentium
860 1367 892 1386 ex
905 1360 1015 1385 illarum
1029 1359 1227 1393 comparatione
1239 1359 1322 1393 magis
1336 1360 1505 1394 coarguitur;
1523 1364 1599 1394 atque
1613 1357 1679 1385 illud
1695 1358 1773 1384 undi-

138 1405 186 1430 que
204 1405 326 1433 apparet,
343 1410 383 1428 res
400 1403 524 1430 nimirum
540 1405 631 1431 veteris
643 1405 706 1440 legis
725 1405 758 1431 ad
776 1405 845 1432 Noui
861 1406 1022 1433 Testatnenti
1037 1410 1142 1433 eventus
1156 1405 1270 1439 referri:
1290 1405 1354 1432 adeo
1371 1410 1457 1433 tamen
1472 1407 1562 1441 priora
1582 1405 1773 1440 posterioribus

138 1444 235 1476 rodere,
254 1453 383 1481 quantum
400 1459 506 1485 corpore
520 1451 641 1477 umbram
655 1451 811 1479 deteriorem
827 1461 883 1479 esse
894 1460 942 1487 par
958 1458 1007 1482 est.
1022 1453 1072 1479 etsi
1085 1452 1119 1478 ad
1143 1451 1190 1478 ltoc
1208 1451 1340 1486 quadrare
1355 1452 1467 1480 videtur.
1487 1453 1625 1481 Hactenus
1646 1452 1772 1480 Theodo-

139 1498 202 1537 rus;
218 1494 264 1520 cui
288 1495 480 1529 astipulantem
496 1499 567 1526 dabo
580 1498 720 1532 Ruﬁnum,
739 1500 785 1534 qui
804 1501 829 1527 in
853 1500 1050 1528 Commentario
1070 1500 1104 1526 ad
1121 1499 1196 1527 Oscre
1211 1500 1289 1527 verba
1305 1507 1365 1534 cap.
1382 1508 1419 1534 XI,
1438 1503 1464 1534 1,
1483 1501 1525 1528 Ex
1545 1501 1662 1537 zEgypto
1684 1501 1773 1527 vocavi

139 1536 238 1565 Filium
262 1549 358 1574 meum,
373 1543 413 1570 sic
426 1545 520 1572 scribit
534 1555 539 1572 :
555 1545 631 1579 Quod
648 1547 679 1574 de
698 1548 794 1582 populo
814 1547 913 1574 dictum
936 1556 992 1575 esse
1008 1548 1151 1583 prophetia:
1167 1552 1254 1574 textus
1276 1547 1400 1580 ostendit,
1421 1547 1469 1574 hoc
1484 1549 1563 1574 etiam
1579 1547 1613 1574 ad
1632 1555 1772 1582 personant

140 1583 246 1612 Domini
265 1588 350 1614 nostri
366 1588 432 1616 Jesu
446 1589 546 1618 Cltrisli
558 1600 634 1626 posse
656 1594 810 1628 transferri,
826 1593 973 1627 apostolica
991 1594 1146 1620 monstravit
1171 1593 1334 1624 auctoritas;
1354 1600 1399 1626 per
1424 1602 1498 1627 quem
1522 1593 1640 1620 videlicet
1660 1600 1690 1620 ea
1713 1601 1773 1628 qua:

138 1630 239 1659 Judaei:
260 1634 326 1660 data
341 1641 417 1663 erant
429 1636 525 1665 divith
551 1640 658 1674 pietatis
678 1641 805 1675 insignia,
832 1646 856 1667 et
875 1641 1037 1667 cumulatius
1056 1641 1131 1667 nobis
1150 1640 1332 1674 conferrentur
1351 1645 1374 1667 et
1388 1639 1501 1675 gratius.
1517 1638 1554 1666 Ne
1580 1638 1646 1666 illud
1660 1647 1771 1674 quoque

143 1685 195 1704 non
212 1679 360 1707 dicendum
380 1687 431 1714 est,
456 1684 528 1718 quod
549 1686 745 1720 prophetarum
765 1685 832 1712 ordo
851 1686 922 1720 apud
941 1686 1116 1713 Theodorum
1136 1686 1262 1713 diversus
1277 1677 1292 1712 a
1308 1685 1449 1713 communi
1472 1685 1498 1711 in
1516 1685 1619 1712 ercis
1642 1684 1771 1712 editioni—

141 1725 189 1753 bus
206 1731 259 1759 est,
278 1727 318 1755 illi
337 1736 402 1756 vero
419 1731 569 1760 conformis
585 1741 665 1768 quem
687 1732 784 1760 Latina
804 1734 913 1768 vulgata
938 1733 1048 1759 retinet.
1066 1732 1102 1758 Ea
1121 1740 1202 1767 porro
1221 1732 1421 1759 versiculorum
1438 1731 1593 1762 distinctio,
1607 1738 1689 1766 quam
1705 1737 1772 1758 neo-

141 1774 215 1801 terici
232 1775 408 1810 invexeruut,
428 1787 566 1814 quantque
580 1780 636 1815 jam
663 1785 770 1808 mutare
793 1781 829 1807 ob
844 1781 1037 1815 pervulgatum
1065 1788 1144 1807 usum
1162 1788 1217 1807 non
1234 1780 1354 1815 expedit,
1381 1779 1501 1806 absurda
1524 1787 1595 1814 smpe
1618 1783 1645 1807 et
1670 1783 1767 1806 contra

141 1821 272 1849 arationis
291 1824 455 1851 sententiam
481 1826 679 1861 cognoscitur:
699 1826 772 1861 quod
789 1826 887 1853 vitium
909 1827 935 1853 in
953 1826 1103 1861 majoribus
1124 1834 1233 1861 quoque
1251 1827 1435 1861 capitulorum
1458 1826 1627 1854 sectionibus
1644 1826 1770 1861 quando-

143 1876 192 1902 que
204 1869 355 1897 admissum
372 1871 515 1906 videmus;
531 1881 591 1908 qua:
605 1874 696 1901 omnia
715 1874 852 1901 Theodori
876 1882 977 1904 sermo,
994 1874 1041 1909 qui
1059 1874 1176 1902 diversis
1195 1875 1280 1901 utitur
1295 1874 1399 1909 pausis,
1424 1873 1562 1900 emendat.
1580 1873 1670 1908 Atque
1697 1873 1766 1900 hanc

144 1915 259 1949 capitum
276 1915 439 1944 divisionem
458 1919 613 1946 inconsulte
629 1919 775 1946 admodum
794 1919 893 1947 factam
910 1920 937 1946 in
951 1920 1094 1946 Ciceronis
1108 1927 1216 1954 quoque
1230 1916 1628 1951 orationibus,demonstrasse
1648 1926 1691 1945 me
1705 1919 1771 1946 olim

144 1964 260 1996 utemini,
274 1972 336 1992 cum
351 1965 528 1993 Verrinarum
549 1972 641 2002 partes
658 1975 692 1994 ex
710 1967 904 2002 antiquissimo
920 1966 1058 1994 Vaticanm
1074 1967 1248 1994 bibliothecae
1272 1967 1450 2001 palimpsesto
1473 1967 1592 1993 ederem.
1607 1965 1661 1993 Sed
1680 1971 1771 1993 tamen

144 2010 300 2041 Theodorus
317 2022 370 2041 non
390 2015 493 2044 idcirco
507 2018 587 2045 aliter
603 2023 761 2045 contextum
779 2018 910 2045 biblicum
927 2017 1175 2045 discritninandum
1189 2017 1372 2049 demonstrat,
1389 2017 1462 2052 quod
1479 2017 1537 2052 ipse
1553 2017 1635 2043 ullam
1649 2017 1770 2051 capitum

145 2060 394 2096 versiculorumque
411 2063 559 2091 sectionem
582 2064 683 2097 iaciat;
702 2067 744 2091 est
765 2065 838 2091 enim
859 2064 886 2091 in
905 2064 1000 2091 codice
1021 2064 1152 2091 continua
1172 2064 1308 2098 scriptura
1327 2063 1389 2098 (etsi
1408 2071 1457 2098 ego
1482 2063 1510 2089 in
1526 2062 1647 2090 editione
1670 2062 1772 2090 discri~

146 2108 269 2144 minari);
286 2110 333 2137 scd
349 2112 411 2146 quia
427 2111 491 2139 dum
507 2113 586 2139 aliter
601 2112 742 2139 exorditur
758 2112 922 2145 orationem,
943 2114 1065 2148 itemque
1080 2113 1160 2139 aliter
1180 2112 1294 2142 claudit.
1311 2120 1392 2147 quam
1412 2111 1546 2146 Vulgatus
1561 2114 1653 2138 textus
1668 2119 1724 2146 pra:
1741 2119 1771 2139 se

146 2155 205 2187 fert,
222 2157 360 2185 diversam
377 2159 590 2194 respiratiouum
606 2159 816 2194 scctionumque
832 2160 966 2186 rationem
982 2167 1011 2186 se
1025 2159 1170 2194 agnovisse
1186 2159 1366 2186 demonstrat.

178 2202 239 2230 V’lll.
264 2203 392 2239 Superest
417 2209 446 2232 ut
465 2205 650 2238 Theodorum,
665 2209 799 2240 quatenus
818 2213 832 2232 a
855 2210 929 2232 recto
949 2206 1059 2233 tramite
1082 2205 1190 2232 videtur
1206 2204 1360 2236 deﬂectere,
1381 2211 1584 2239 coarguamus;
1603 2203 1677 2230 haud
1694 2203 1768 2232 illius

146 2253 247 2286 quidem
262 2253 388 2280 diatriba!
405 2261 481 2281 more
500 2262 560 2288 qua:
584 2254 656 2281 inter
686 2254 787 2289 scripta
811 2254 1000 2289 Chrysostomi
1028 2254 1060 2280 ad
1083 2253 1255 2280 Theodorum
1275 2253 1379 2288 lapsum
1403 2253 1512 2288 legitur,
1534 2253 1581 2280 sed
1601 2253 1655 2280 leni
1680 2253 1771 2287 potius

147 2298 325 2328 admonitione
340 2300 486 2335 legentium
501 2306 531 2328 ut
542 2302 722 2336 periculosam
741 2302 904 2336 quandoque
924 2302 1011 2336 ipsius
1026 2301 1176 2337 ἑρμηνείαν
1194 2303 1319 2328 caveant.
1338 2301 1384 2327 Est
1397 2301 1469 2327 enim
1484 2301 1619 2335 peculiare
1633 2300 1770 2329 Theodori

147 2345 304 2379 institutum,
326 2351 355 2374 ut
373 2347 518 2382 prophetas
542 2347 674 2375 historice
693 2348 820 2383 explicet,
840 2347 866 2374 id
889 2352 930 2375 est
956 2352 985 2374 ut
1008 2348 1061 2374 vim
1081 2347 1183 2382 passim
1208 2346 1397 2373 vaticiniorum
1423 2347 1456 2373 de
1482 2346 1587 2374 Veteris
1601 2347 1768 2374 Testamenti

147 2394 221 2421 rebus
235 2394 448 2428 hominibusque
460 2394 594 2430 intelligat
609 2402 640 2421 ac
659 2394 853 2429 interpretetur
869 2404 874 2421 :
892 2400 973 2429 atque
985 2394 1011 2421 in
1028 2394 1072 2421 his
1086 2394 1247 2421 nominatiut
1263 2393 1416 2420 minoribus
1429 2393 1568 2428 prophetis
1584 2394 1769 2428 captivitatem

149 2447 246 2474 semper
259 2449 290 2467 ac
307 2441 505 2476 postliminium
521 2440 676 2468 Judazorum
693 2448 748 2476 prae
770 2441 858 2468 oculis
881 2441 978 2474 habet;
999 2441 1027 2468 in
1049 2441 1158 2468 duobus
1176 2444 1267 2468 autem
1290 2439 1447 2474 postremis,
1470 2439 1603 2466 Zacharia
1623 2440 1729 2468 scilicet
1744 2445 1771 2467 et

150 2485 283 2518 Malachia,
301 2490 423 2521 tetnpora
439 2495 547 2522 quoque
565 2487 782 2514 Machabaaorum
807 2487 946 2522 agnoscit;
965 2487 999 2514 ad
1014 2487 1154 2514 Christum
1170 2490 1260 2513 autem
1278 2486 1394 2520 ejusque
1417 2485 1567 2512 Ecclesiam
1584 2487 1697 2513 nonnisi
1716 2487 1771 2515 fere

150 2539 249 2568 propter
261 2535 393 2561 veriorem
408 2534 612 2569 plenioremque
627 2534 749 2567 ἔκϐασιν,
770 2535 798 2562 id
814 2540 856 2562 cst
877 2538 1006 2566 eventum,
1028 2533 1159 2560 vaticinia
1184 2532 1278 2564 refert,
1302 2536 1332 2558 ut
1355 2532 1383 2558 in
1405 2532 1517 2558 recitato
1531 2533 1655 2567 exemplo
1667 2541 1769 2568 cogno-

149 2580 238 2612 vimus,
255 2589 406 2616 rursusque
418 2582 450 2608 ad
468 2581 606 2608 lilichzeam
628 2590 655 2615 ν,
678 2582 704 2614 2,
725 2582 770 2609 ubi
793 2582 826 2609 de
850 2582 1079 2617 promissionibus
1097 2588 1112 2607 a
1131 2580 1185 2608 Deo
1198 2580 1291 2609 Davidi
1313 2579 1394 2607 factis
1419 2583 1513 2607 noster
1533 2580 1671 2615 disputat;
1690 2585 1716 2608 et
1736 2581 1769 2608 ad

150 2625 298 2656 Zachariam
316 2638 353 2661 ix,
371 2629 414 2662 10,
429 2629 475 2656 ubi
491 2629 649 2657 vaticinium
665 2631 736 2657 inter
750 2630 946 2657 Zorobabelem
965 2635 993 2657 et
1003 2630 1144 2657 Christum
1161 2628 1245 2656 dividi
1259 2636 1341 2663 posse
1352 2632 1444 2662 negat.
1464 2628 1544 2663 Atqui
1561 2628 1618 2656 haec
1632 2629 1703 2655 ratio
1715 2636 1770 2656 non

150 2674 275 2704 immerito
287 2677 391 2705 Graecis
410 2676 570 2712 Latinisque
583 2674 712 2705 Patribus
728 2678 850 2714 ipsisque
864 2679 946 2706 etiam
960 2677 1083 2705 conciliis
1096 2680 1225 2711 suspecta
1236 2679 1318 2710 atque
1339 2675 1490 2710 improbata
1510 2675 1561 2702 fuit
1580 2685 1587 2703 :
1615 2680 1679 2703 sunt
1695 2675 1768 2702 enim

151 2728 236 2756 reapse
250 2723 378 2751 vaticinia
395 2725 489 2755 multa,
511 2731 571 2759 qua:
587 2723 726 2751 Christum
742 2724 833 2756 unice,
857 2725 966 2751 nemine
990 2723 1163 2758 interposito,
1185 2724 1328 2756 spectant;
1353 2728 1442 2756 neque
1463 2722 1598 2750 Theodori
1619 2723 1769 2750 auctoritas

151 2769 216 2793 tanta
233 2772 284 2800 est,
301 2777 388 2803 neque
401 2769 460 2804 ejus
475 2779 589 2800 acumen
604 2777 658 2799 tam
675 2773 812 2806 singulare
835 2772 1012 2804 credendum,
1032 2777 1061 2798 ut
1083 2770 1155 2805 quod
1173 2770 1218 2797 alii
1238 2769 1344 2800 Patres,
1368 2771 1436 2798 tales
1458 2771 1580 2806 tantique
1597 2771 1658 2801 viri,
1681 2770 1768 2798 subli-

153 2813 227 2841 miore
242 2815 287 2841 illo
301 2818 490 2845 tantummodo
508 2827 590 2847 sensu
608 2819 766 2854 praedictum
789 2825 919 2855 putarunt
941 2828 973 2848 ac
994 2820 1158 2851 docuerunt,
1181 2817 1246 2845 huic
1272 2817 1405 2845 arbitratu
1428 2824 1477 2844 suo
1493 2816 1526 2844 de
1549 2816 1630 2844 rebus
1650 2817 1766 2851 primutn

184 2883 193 2901 ¹
209 2883 276 2913 Psal.
290 2894 333 2913 sv.
351 2886 395 2913 10.
