  <div class='ocr_page' id='page_1' title='image "/cluster/home/n/w/nwhite01/storage/ocr_20150623/66/njp.32101077772695/063.png"; bbox 0 0 1947 3071; ppageno 0'>
   <div class='ocr_carea' id='block_1_1' title="bbox 154 143 923 177">
    <p class='ocr_par' dir='ltr' id='par_1_1' title="bbox 154 147 923 176">
     <span class='ocr_line' id='line_1_1' title="bbox 154 147 923 176; baseline 0 -1"><span class='ocrx_word' id='word_1_1' title='bbox 154 147 203 176; x_wconf 74' lang='lat' dir='ltr'><strong>HQ</strong></span> <span class='ocrx_word' id='word_1_2' title='bbox 767 148 847 176; x_wconf 70' lang='lat' dir='ltr'><strong>ANG.</strong></span> <span class='ocrx_word' id='word_1_3' title='bbox 870 147 923 175; x_wconf 73' lang='grc' dir='ltr'><strong>ΜΑέ</strong></span> 
     </span>
    </p>
   </div>
   <div class='ocr_carea' id='block_1_2' title="bbox 1011 143 1780 177">
    <p class='ocr_par' dir='ltr' id='par_1_2' title="bbox 1011 143 1780 177">
     <span class='ocr_line' id='line_1_2' title="bbox 1011 143 1780 177; baseline -0.007 -2"><span class='ocrx_word' id='word_1_4' title='bbox 1011 146 1160 177; x_wconf 75' lang='grc' dir='ltr'><strong>ᾹΞΡΑΤΙΟ.</strong></span> <span class='ocrx_word' id='word_1_5' title='bbox 1730 143 1780 171; x_wconf 60' lang='grc'><strong>1241</strong></span> 
     </span>
    </p>
   </div>
   <div class='ocr_carea' id='block_1_3' title="bbox 151 201 1781 241">
    <p class='ocr_par' dir='ltr' id='par_1_3' title="bbox 151 201 1781 241">
     <span class='ocr_line' id='line_1_3' title="bbox 151 201 1781 241; baseline -0.002 -11"><span class='ocrx_word' id='word_1_6' title='bbox 151 205 281 233; x_wconf 78' lang='lat' dir='ltr'><strong>humanis</strong></span> <span class='ocrx_word' id='word_1_7' title='bbox 294 206 430 241; x_wconf 68' lang='lat' dir='ltr'><strong>cxpiicare</strong></span> <span class='ocrx_word' id='word_1_8' title='bbox 444 204 535 235; x_wconf 83' lang='lat' dir='ltr'><strong>liccat.</strong></span> <span class='ocrx_word' id='word_1_9' title='bbox 555 203 653 232; x_wconf 81' lang='lat' dir='ltr'><strong>deinde</strong></span> <span class='ocrx_word' id='word_1_10' title='bbox 669 204 702 231; x_wconf 87' lang='lat' dir='ltr'><strong>ad</strong></span> <span class='ocrx_word' id='word_1_11' title='bbox 722 203 831 232; x_wconf 87' lang='lat' dir='ltr'><strong>divinas</strong></span> <span class='ocrx_word' id='word_1_12' title='bbox 847 205 996 234; x_wconf 73' lang='lat' dir='ltr'><strong>transferre</strong></span> <span class='ocrx_word' id='word_1_13' title='bbox 1013 215 1020 232; x_wconf 90' lang='lat'>:</span> <span class='ocrx_word' id='word_1_14' title='bbox 1036 212 1097 240; x_wconf 61' lang='lat' dir='ltr'><strong>qua!</strong></span> <span class='ocrx_word' id='word_1_15' title='bbox 1110 205 1180 232; x_wconf 91' lang='lat' dir='ltr'><strong>ratio</strong></span> <span class='ocrx_word' id='word_1_16' title='bbox 1193 207 1361 239; x_wconf 76' lang='lat' dir='ltr'><strong>quantopere</strong></span> <span class='ocrx_word' id='word_1_17' title='bbox 1377 201 1447 237; x_wconf 85' lang='lat' dir='ltr'><strong>apud</strong></span> <span class='ocrx_word' id='word_1_18' title='bbox 1464 202 1559 237; x_wconf 78' lang='lat' dir='ltr'><strong>vulgus</strong></span> <span class='ocrx_word' id='word_1_19' title='bbox 1574 202 1781 238; x_wconf 81' lang='lat' dir='ltr'><strong>prophetiarttm</strong></span> 
     </span>
    </p>
   </div>
   <div class='ocr_carea' id='block_1_4' title="bbox 146 248 1781 285">
    <p class='ocr_par' dir='ltr' id='par_1_4' title="bbox 146 248 1781 285">
     <span class='ocr_line' id='line_1_4' title="bbox 146 248 1781 285; baseline -0.001 -9"><span class='ocrx_word' id='word_1_20' title='bbox 146 250 222 276; x_wconf 71' lang='lat' dir='ltr'><strong>vires</strong></span> <span class='ocrx_word' id='word_1_21' title='bbox 249 249 390 284; x_wconf 74' lang='lat' dir='ltr'><strong>infringat,</strong></span> <span class='ocrx_word' id='word_1_22' title='bbox 417 249 627 276; x_wconf 90' lang='lat' dir='ltr'><strong>imbecilliorum</strong></span> <span class='ocrx_word' id='word_1_23' title='bbox 653 249 733 276; x_wconf 75' lang='lat' dir='ltr'><strong>fidem</strong></span> <span class='ocrx_word' id='word_1_24' title='bbox 760 250 892 282; x_wconf 90' lang='lat' dir='ltr'><strong>debilitet,</strong></span> <span class='ocrx_word' id='word_1_25' title='bbox 918 250 1045 285; x_wconf 86' lang='lat' dir='ltr'><strong>foresque</strong></span> <span class='ocrx_word' id='word_1_26' title='bbox 1064 251 1145 278; x_wconf 86' lang='lat' dir='ltr'><strong>etiam</strong></span> <span class='ocrx_word' id='word_1_27' title='bbox 1177 249 1361 277; x_wconf 86' lang='lat' dir='ltr'><strong>incredulitati</strong></span> <span class='ocrx_word' id='word_1_28' title='bbox 1391 250 1585 277; x_wconf 89' lang='lat' dir='ltr'><strong>nonnullorum</strong></span> <span class='ocrx_word' id='word_1_29' title='bbox 1606 249 1717 284; x_wconf 82' lang='lat' dir='ltr'><strong>pandat,</strong></span> <span class='ocrx_word' id='word_1_30' title='bbox 1741 248 1781 283; x_wconf 87' lang='lat' dir='ltr'><strong>pi&#39;r</strong></span> 
     </span>
    </p>
   </div>
   <div class='ocr_carea' id='block_1_5' title="bbox 146 293 1779 330">
    <p class='ocr_par' dir='ltr' id='par_1_5' title="bbox 146 293 1779 330">
     <span class='ocr_line' id='line_1_5' title="bbox 146 293 1779 330; baseline -0.002 -6"><span class='ocrx_word' id='word_1_31' title='bbox 146 305 246 326; x_wconf 81' lang='lat' dir='ltr'><strong>onmes</strong></span> <span class='ocrx_word' id='word_1_32' title='bbox 264 299 395 325; x_wconf 76' lang='lat' dir='ltr'><strong>sentiunt.</strong></span> <span class='ocrx_word' id='word_1_33' title='bbox 415 296 486 324; x_wconf 84' lang='lat' dir='ltr'><strong>Sane</strong></span> <span class='ocrx_word' id='word_1_34' title='bbox 508 296 559 323; x_wconf 85' lang='lat' dir='ltr'><strong>hoc</strong></span> <span class='ocrx_word' id='word_1_35' title='bbox 573 302 659 329; x_wconf 80' lang='lat' dir='ltr'><strong>genus</strong></span> <span class='ocrx_word' id='word_1_36' title='bbox 680 294 913 329; x_wconf 82' lang='lat' dir='ltr'><strong>interpretationis</strong></span> <span class='ocrx_word' id='word_1_37' title='bbox 931 296 1052 330; x_wconf 82' lang='lat' dir='ltr'><strong>apprime</strong></span> <span class='ocrx_word' id='word_1_38' title='bbox 1076 295 1178 323; x_wconf 64' lang='lat' dir='ltr'><strong>Iudaeis</strong></span> <span class='ocrx_word' id='word_1_39' title='bbox 1200 295 1361 330; x_wconf 84' lang='lat' dir='ltr'><strong>capitalibus</strong></span> <span class='ocrx_word' id='word_1_40' title='bbox 1381 293 1483 321; x_wconf 85' lang='lat' dir='ltr'><strong>Christi</strong></span> <span class='ocrx_word' id='word_1_41' title='bbox 1504 295 1779 327; x_wconf 83' lang='lat' dir='ltr'><strong>Christianorumque</strong></span> 
     </span>
    </p>
   </div>
   <div class='ocr_carea' id='block_1_6' title="bbox 147 339 1776 380">
    <p class='ocr_par' dir='ltr' id='par_1_6' title="bbox 147 339 1776 380">
     <span class='ocr_line' id='line_1_6' title="bbox 147 339 1776 380; baseline -0.004 -9"><span class='ocrx_word' id='word_1_42' title='bbox 147 347 221 373; x_wconf 89' lang='lat' dir='ltr'><strong>omni</strong></span> <span class='ocrx_word' id='word_1_43' title='bbox 237 349 359 380; x_wconf 87' lang='lat' dir='ltr'><strong>tempore</strong></span> <span class='ocrx_word' id='word_1_44' title='bbox 377 343 512 376; x_wconf 85' lang='lat' dir='ltr'><strong>hostibus,</strong></span> <span class='ocrx_word' id='word_1_45' title='bbox 527 342 666 378; x_wconf 82' lang='lat' dir='ltr'><strong>placuisse</strong></span> <span class='ocrx_word' id='word_1_46' title='bbox 685 349 734 376; x_wconf 90' lang='lat' dir='ltr'><strong>par</strong></span> <span class='ocrx_word' id='word_1_47' title='bbox 755 345 816 369; x_wconf 86' lang='lat' dir='ltr'><strong>est:</strong></span> <span class='ocrx_word' id='word_1_48' title='bbox 835 342 870 369; x_wconf 92' lang='lat' dir='ltr'><strong>ob</strong></span> <span class='ocrx_word' id='word_1_49' title='bbox 887 349 1001 376; x_wconf 81' lang='lat' dir='ltr'><strong>eamque</strong></span> <span class='ocrx_word' id='word_1_50' title='bbox 1022 350 1134 369; x_wconf 89' lang='lat' dir='ltr'><strong>causam</strong></span> <span class='ocrx_word' id='word_1_51' title='bbox 1162 341 1348 376; x_wconf 66' lang='grc' dir='ltr'><strong>ἰουδαιόφρονα</strong></span> <span class='ocrx_word' id='word_1_52' title='bbox 1366 340 1538 367; x_wconf 88' lang='lat' dir='ltr'><strong>Theodorum</strong></span> <span class='ocrx_word' id='word_1_53' title='bbox 1555 347 1569 366; x_wconf 91' lang='lat' dir='ltr'><strong>a</strong></span> <span class='ocrx_word' id='word_1_54' title='bbox 1587 339 1703 374; x_wconf 87' lang='lat' dir='ltr'><strong>Georgio</strong></span> <span class='ocrx_word' id='word_1_55' title='bbox 1720 339 1776 366; x_wconf 86' lang='lat' dir='ltr'><strong>lla-</strong></span> 
     </span>
    </p>
   </div>
   <div class='ocr_carea' id='block_1_7' title="bbox 149 383 1777 422">
    <p class='ocr_par' dir='ltr' id='par_1_7' title="bbox 149 383 1777 422">
     <span class='ocr_line' id='line_1_7' title="bbox 149 383 1777 422; baseline -0.004 -7"><span class='ocrx_word' id='word_1_56' title='bbox 149 389 264 416; x_wconf 85' lang='lat' dir='ltr'><strong>martolo</strong></span> <span class='ocrx_word' id='word_1_57' title='bbox 278 389 305 416; x_wconf 89' lang='lat' dir='ltr'><strong>in</strong></span> <span class='ocrx_word' id='word_1_58' title='bbox 322 388 452 416; x_wconf 85' lang='lat' dir='ltr'><strong>chronieo</strong></span> <span class='ocrx_word' id='word_1_59' title='bbox 463 387 553 415; x_wconf 86' lang='lat' dir='ltr'><strong>adhuc</strong></span> <span class='ocrx_word' id='word_1_60' title='bbox 568 387 671 414; x_wconf 90' lang='lat' dir='ltr'><strong>iuedito</strong></span> <span class='ocrx_word' id='word_1_61' title='bbox 684 385 787 413; x_wconf 89' lang='lat' dir='ltr'><strong>dictum</strong></span> <span class='ocrx_word' id='word_1_62' title='bbox 804 391 886 421; x_wconf 86' lang='lat' dir='ltr'><strong>puto;</strong></span> <span class='ocrx_word' id='word_1_63' title='bbox 905 390 962 414; x_wconf 90' lang='lat' dir='ltr'><strong>tum</strong></span> <span class='ocrx_word' id='word_1_64' title='bbox 976 387 1058 414; x_wconf 88' lang='lat' dir='ltr'><strong>etiam</strong></span> <span class='ocrx_word' id='word_1_65' title='bbox 1073 388 1136 422; x_wconf 87' lang='lat' dir='ltr'><strong>quia</strong></span> <span class='ocrx_word' id='word_1_66' title='bbox 1155 387 1360 422; x_wconf 85' lang='lat' dir='ltr'><strong>synedricorum</strong></span> <span class='ocrx_word' id='word_1_67' title='bbox 1377 383 1588 412; x_wconf 84' lang='lat' dir='ltr'><strong>commentarios</strong></span> <span class='ocrx_word' id='word_1_68' title='bbox 1603 384 1708 419; x_wconf 87' lang='lat' dir='ltr'><strong>(nescio</strong></span> <span class='ocrx_word' id='word_1_69' title='bbox 1722 391 1777 419; x_wconf 84' lang='lat' dir='ltr'><strong>quo</strong></span> 
     </span>
    </p>
   </div>
   <div class='ocr_carea' id='block_1_8' title="bbox 148 433 1775 470">
    <p class='ocr_par' dir='ltr' id='par_1_8' title="bbox 148 433 1775 470">
     <span class='ocr_line' id='line_1_8' title="bbox 148 433 1775 470; baseline -0.001 -10"><span class='ocrx_word' id='word_1_70' title='bbox 148 442 217 462; x_wconf 87' lang='lat' dir='ltr'><strong>usus</strong></span> <span class='ocrx_word' id='word_1_71' title='bbox 233 435 390 469; x_wconf 84' lang='lat' dir='ltr'><strong>interprete)</strong></span> <span class='ocrx_word' id='word_1_72' title='bbox 407 434 513 461; x_wconf 87' lang='lat' dir='ltr'><strong>videtur</strong></span> <span class='ocrx_word' id='word_1_73' title='bbox 535 434 658 462; x_wconf 84' lang='lat' dir='ltr'><strong>Studiose</strong></span> <span class='ocrx_word' id='word_1_74' title='bbox 677 434 854 466; x_wconf 86' lang='lat' dir='ltr'><strong>lectitavissc,</strong></span> <span class='ocrx_word' id='word_1_75' title='bbox 882 435 924 462; x_wconf 86' lang='lat' dir='ltr'><strong>vel</strong></span> <span class='ocrx_word' id='word_1_76' title='bbox 950 436 1041 470; x_wconf 88' lang='lat' dir='ltr'><strong>potius</strong></span> <span class='ocrx_word' id='word_1_77' title='bbox 1063 434 1171 463; x_wconf 61' lang='lat' dir='ltr'><strong>Judaaos</strong></span> <span class='ocrx_word' id='word_1_78' title='bbox 1196 435 1341 469; x_wconf 77' lang='lat' dir='ltr'><strong>magistros</strong></span> <span class='ocrx_word' id='word_1_79' title='bbox 1358 433 1467 460; x_wconf 86' lang='lat' dir='ltr'><strong>audisse</strong></span> <span class='ocrx_word' id='word_1_80' title='bbox 1488 441 1496 458; x_wconf 87' lang='lat'><strong>:</strong></span> <span class='ocrx_word' id='word_1_81' title='bbox 1521 439 1583 459; x_wconf 90' lang='lat' dir='ltr'><strong>nam</strong></span> <span class='ocrx_word' id='word_1_82' title='bbox 1607 437 1681 459; x_wconf 87' lang='lat' dir='ltr'><strong>certe</strong></span> <span class='ocrx_word' id='word_1_83' title='bbox 1705 433 1775 467; x_wconf 87' lang='lat' dir='ltr'><strong>apud</strong></span> 
     </span>
    </p>
   </div>
   <div class='ocr_carea' id='block_1_9' title="bbox 147 479 1775 518">
    <p class='ocr_par' dir='ltr' id='par_1_9' title="bbox 147 479 1775 518">
     <span class='ocr_line' id='line_1_9' title="bbox 147 479 1775 518; baseline 0 -10"><span class='ocrx_word' id='word_1_84' title='bbox 147 479 347 509; x_wconf 81' lang='lat' dir='ltr'><strong>llenaudotium</strong></span> <span class='ocrx_word' id='word_1_85' title='bbox 365 482 402 517; x_wconf 85' lang='grc' dir='ltr'><strong>(ιι)</strong></span> <span class='ocrx_word' id='word_1_86' title='bbox 419 481 618 509; x_wconf 73' lang='lat' dir='ltr'><strong>Bar—Salibzeus</strong></span> <span class='ocrx_word' id='word_1_87' title='bbox 639 482 687 509; x_wconf 91' lang='lat' dir='ltr'><strong>abs</strong></span> <span class='ocrx_word' id='word_1_88' title='bbox 709 480 811 509; x_wconf 68' lang='lat' dir='ltr'><strong>Judaais</strong></span> <span class='ocrx_word' id='word_1_89' title='bbox 829 482 983 510; x_wconf 86' lang='lat' dir='ltr'><strong>institutum</strong></span> <span class='ocrx_word' id='word_1_90' title='bbox 1005 483 1177 511; x_wconf 84' lang='lat' dir='ltr'><strong>Theoderum</strong></span> <span class='ocrx_word' id='word_1_91' title='bbox 1197 487 1321 510; x_wconf 87' lang='lat' dir='ltr'><strong>nostrum</strong></span> <span class='ocrx_word' id='word_1_92' title='bbox 1337 483 1462 510; x_wconf 84' lang='lat' dir='ltr'><strong>allirmat.</strong></span> <span class='ocrx_word' id='word_1_93' title='bbox 1479 482 1579 518; x_wconf 88' lang='lat' dir='ltr'><strong>Utique</strong></span> <span class='ocrx_word' id='word_1_94' title='bbox 1593 491 1663 517; x_wconf 86' lang='lat' dir='ltr'><strong>quas</strong></span> <span class='ocrx_word' id='word_1_95' title='bbox 1677 483 1775 510; x_wconf 88' lang='lat' dir='ltr'><strong>Hiero-</strong></span> 
     </span>
    </p>
   </div>
   <div class='ocr_carea' id='block_1_10' title="bbox 147 527 1768 564">
    <p class='ocr_par' dir='ltr' id='par_1_10' title="bbox 147 527 1768 564">
     <span class='ocr_line' id='line_1_10' title="bbox 147 527 1768 564; baseline 0.001 -12"><span class='ocrx_word' id='word_1_96' title='bbox 147 533 245 562; x_wconf 84' lang='lat' dir='ltr'><strong>nymus</strong></span> <span class='ocrx_word' id='word_1_97' title='bbox 263 528 329 554; x_wconf 85' lang='lat' dir='ltr'><strong>dicit</strong></span> <span class='ocrx_word' id='word_1_98' title='bbox 346 535 407 555; x_wconf 79' lang='lat' dir='ltr'><strong>esse</strong></span> <span class='ocrx_word' id='word_1_99' title='bbox 424 527 599 555; x_wconf 67' lang='lat' dir='ltr'><strong>Hebraeorum</strong></span> <span class='ocrx_word' id='word_1_100' title='bbox 621 527 782 559; x_wconf 86' lang='lat' dir='ltr'><strong>sententias,</strong></span> <span class='ocrx_word' id='word_1_101' title='bbox 805 535 851 554; x_wconf 87' lang='lat' dir='ltr'><strong>eas</strong></span> <span class='ocrx_word' id='word_1_102' title='bbox 867 529 936 562; x_wconf 89' lang='lat' dir='ltr'><strong>apud</strong></span> <span class='ocrx_word' id='word_1_103' title='bbox 955 529 1127 556; x_wconf 89' lang='lat' dir='ltr'><strong>Theodorum</strong></span> <span class='ocrx_word' id='word_1_104' title='bbox 1146 529 1308 564; x_wconf 80' lang='lat' dir='ltr'><strong>quandoque</strong></span> <span class='ocrx_word' id='word_1_105' title='bbox 1323 527 1446 562; x_wconf 80' lang='lat' dir='ltr'><strong>legimus.</strong></span> <span class='ocrx_word' id='word_1_106' title='bbox 1464 528 1540 562; x_wconf 84' lang='lat' dir='ltr'><strong>Quod</strong></span> <span class='ocrx_word' id='word_1_107' title='bbox 1561 533 1649 555; x_wconf 85' lang='lat' dir='ltr'><strong>tamen</strong></span> <span class='ocrx_word' id='word_1_108' title='bbox 1672 528 1768 556; x_wconf 84' lang='lat' dir='ltr'><strong>obser-</strong></span> 
     </span>
    </p>
   </div>
   <div class='ocr_carea' id='block_1_11' title="bbox 147 573 1773 612">
    <p class='ocr_par' dir='ltr' id='par_1_11' title="bbox 147 573 1773 612">
     <span class='ocr_line' id='line_1_11' title="bbox 147 573 1773 612; baseline -0.002 -11"><span class='ocrx_word' id='word_1_109' title='bbox 147 579 191 602; x_wconf 75' lang='lat' dir='ltr'><strong>vat</strong></span> <span class='ocrx_word' id='word_1_110' title='bbox 207 576 232 602; x_wconf 85' lang='lat' dir='ltr'><strong>iu</strong></span> <span class='ocrx_word' id='word_1_111' title='bbox 248 583 299 603; x_wconf 82' lang='lat' dir='ltr'><strong>suo</strong></span> <span class='ocrx_word' id='word_1_112' title='bbox 312 576 506 603; x_wconf 81' lang='lat' dir='ltr'><strong>Commentario</strong></span> <span class='ocrx_word' id='word_1_113' title='bbox 518 576 545 602; x_wconf 86' lang='lat' dir='ltr'><strong>in</strong></span> <span class='ocrx_word' id='word_1_114' title='bbox 564 574 662 603; x_wconf 84' lang='lat' dir='ltr'><strong>Jonam</strong></span> <span class='ocrx_word' id='word_1_115' title='bbox 680 575 871 612; x_wconf 82' lang='lat' dir='ltr'><strong>Hieronymus,</strong></span> <span class='ocrx_word' id='word_1_116' title='bbox 888 575 1029 604; x_wconf 72' lang='lat' dir='ltr'><strong>Hebraeum</strong></span> <span class='ocrx_word' id='word_1_117' title='bbox 1049 577 1198 612; x_wconf 85' lang='lat' dir='ltr'><strong>Joscphum</strong></span> <span class='ocrx_word' id='word_1_118' title='bbox 1215 577 1325 603; x_wconf 70' lang='lat' dir='ltr'><strong>Titanis</strong></span> <span class='ocrx_word' id='word_1_119' title='bbox 1341 574 1507 602; x_wconf 77' lang='lat' dir='ltr'><strong>intellexisse</strong></span> <span class='ocrx_word' id='word_1_120' title='bbox 1521 573 1622 600; x_wconf 69' lang='lat' dir='ltr'><strong>Cilicia:</strong></span> <span class='ocrx_word' id='word_1_121' title='bbox 1637 573 1773 606; x_wconf 70' lang='lat' dir='ltr'><strong>Tarsum:</strong></span> 
     </span>
    </p>
   </div>
   <div class='ocr_carea' id='block_1_12' title="bbox 146 617 1773 656">
    <p class='ocr_par' dir='ltr' id='par_1_12' title="bbox 146 617 1773 656">
     <span class='ocr_line' id='line_1_12' title="bbox 146 617 1773 656; baseline -0.004 -8"><span class='ocrx_word' id='word_1_122' title='bbox 146 622 173 648; x_wconf 87' lang='lat' dir='ltr'><strong>id</strong></span> <span class='ocrx_word' id='word_1_123' title='bbox 188 622 358 650; x_wconf 85' lang='lat' dir='ltr'><strong>Theodorum</strong></span> <span class='ocrx_word' id='word_1_124' title='bbox 382 622 571 649; x_wconf 80' lang='lat' dir='ltr'><strong>adversantem</strong></span> <span class='ocrx_word' id='word_1_125' title='bbox 591 621 681 648; x_wconf 83' lang='lat' dir='ltr'><strong>habet.</strong></span> <span class='ocrx_word' id='word_1_126' title='bbox 703 621 760 648; x_wconf 89' lang='lat' dir='ltr'><strong>Nec</strong></span> <span class='ocrx_word' id='word_1_127' title='bbox 783 629 865 656; x_wconf 91' lang='lat' dir='ltr'><strong>porro</strong></span> <span class='ocrx_word' id='word_1_128' title='bbox 878 620 999 648; x_wconf 65' lang='lat' dir='ltr'><strong>Iudaica:</strong></span> <span class='ocrx_word' id='word_1_129' title='bbox 1022 626 1102 648; x_wconf 70' lang='lat' dir='ltr'><strong>scene</strong></span> <span class='ocrx_word' id='word_1_130' title='bbox 1126 629 1246 648; x_wconf 85' lang='lat' dir='ltr'><strong>amorem</strong></span> <span class='ocrx_word' id='word_1_131' title='bbox 1263 619 1408 646; x_wconf 87' lang='lat' dir='ltr'><strong>Theodoro</strong></span> <span class='ocrx_word' id='word_1_132' title='bbox 1426 618 1560 652; x_wconf 87' lang='lat' dir='ltr'><strong>imputare</strong></span> <span class='ocrx_word' id='word_1_133' title='bbox 1580 618 1652 649; x_wconf 87' lang='lat' dir='ltr'><strong>licet,</strong></span> <span class='ocrx_word' id='word_1_134' title='bbox 1668 617 1773 644; x_wconf 86' lang='lat' dir='ltr'><strong>etenim</strong></span> 
     </span>
    </p>
   </div>
   <div class='ocr_carea' id='block_1_13' title="bbox 145 663 1772 705">
    <p class='ocr_par' dir='ltr' id='par_1_13' title="bbox 145 663 1772 705">
     <span class='ocr_line' id='line_1_13' title="bbox 145 663 1772 705; baseline -0.004 -9"><span class='ocrx_word' id='word_1_135' title='bbox 145 669 174 696; x_wconf 73' lang='lat' dir='ltr'><strong>in</strong></span> <span class='ocrx_word' id='word_1_136' title='bbox 191 671 301 705; x_wconf 81' lang='lat' dir='ltr'><strong>prologo</strong></span> <span class='ocrx_word' id='word_1_137' title='bbox 315 670 347 697; x_wconf 86' lang='lat' dir='ltr'><strong>ad</strong></span> <span class='ocrx_word' id='word_1_138' title='bbox 362 669 458 697; x_wconf 79' lang='lat' dir='ltr'><strong>Jonam</strong></span> <span class='ocrx_word' id='word_1_139' title='bbox 471 669 627 696; x_wconf 72' lang='lat' dir='ltr'><strong>Judzeorum</strong></span> <span class='ocrx_word' id='word_1_140' title='bbox 641 667 772 696; x_wconf 65' lang='lat' dir='ltr'><strong>adversus</strong></span> <span class='ocrx_word' id='word_1_141' title='bbox 787 669 925 696; x_wconf 81' lang='lat' dir='ltr'><strong>Christum</strong></span> <span class='ocrx_word' id='word_1_142' title='bbox 940 669 1120 702; x_wconf 83' lang='lat' dir='ltr'><strong>pervicaciam</strong></span> <span class='ocrx_word' id='word_1_143' title='bbox 1138 675 1231 695; x_wconf 86' lang='lat' dir='ltr'><strong>severe</strong></span> <span class='ocrx_word' id='word_1_144' title='bbox 1245 667 1370 701; x_wconf 84' lang='lat' dir='ltr'><strong>castigat.</strong></span> <span class='ocrx_word' id='word_1_145' title='bbox 1383 665 1452 692; x_wconf 91' lang='lat' dir='ltr'><strong>Illud</strong></span> <span class='ocrx_word' id='word_1_146' title='bbox 1466 665 1547 692; x_wconf 89' lang='lat' dir='ltr'><strong>etiam</strong></span> <span class='ocrx_word' id='word_1_147' title='bbox 1560 664 1640 699; x_wconf 88' lang='lat' dir='ltr'><strong>paulo</strong></span> <span class='ocrx_word' id='word_1_148' title='bbox 1659 663 1772 691; x_wconf 83' lang='lat' dir='ltr'><strong>liberius</strong></span> 
     </span>
    </p>
   </div>
   <div class='ocr_carea' id='block_1_14' title="bbox 146 711 1771 751">
    <p class='ocr_par' dir='ltr' id='par_1_14' title="bbox 146 711 1771 751">
     <span class='ocr_line' id='line_1_14' title="bbox 146 711 1771 751; baseline -0.001 -11"><span class='ocrx_word' id='word_1_149' title='bbox 146 715 218 749; x_wconf 84' lang='lat' dir='ltr'><strong>:Iplld</strong></span> <span class='ocrx_word' id='word_1_150' title='bbox 234 715 405 743; x_wconf 91' lang='lat' dir='ltr'><strong>Theodorum</strong></span> <span class='ocrx_word' id='word_1_151' title='bbox 427 716 481 743; x_wconf 91' lang='lat' dir='ltr'><strong>dici</strong></span> <span class='ocrx_word' id='word_1_152' title='bbox 498 716 606 743; x_wconf 82' lang='lat' dir='ltr'><strong>videtur</strong></span> <span class='ocrx_word' id='word_1_153' title='bbox 623 724 649 751; x_wconf 89' lang='lat' dir='ltr'><strong>p.</strong></span> <span class='ocrx_word' id='word_1_154' title='bbox 673 716 718 748; x_wconf 76' lang='lat'><strong>63,</strong></span> <span class='ocrx_word' id='word_1_155' title='bbox 737 716 801 748; x_wconf 67' lang='grc' dir='ltr'><strong>ιὶ12,</strong></span> <span class='ocrx_word' id='word_1_156' title='bbox 815 716 879 750; x_wconf 71' lang='lat'><strong>223,</strong></span> <span class='ocrx_word' id='word_1_157' title='bbox 896 716 968 751; x_wconf 85' lang='lat' dir='ltr'><strong>quod</strong></span> <span class='ocrx_word' id='word_1_158' title='bbox 992 716 1099 743; x_wconf 78' lang='lat' dir='ltr'><strong>Veteris</strong></span> <span class='ocrx_word' id='word_1_159' title='bbox 1117 715 1283 743; x_wconf 84' lang='lat' dir='ltr'><strong>Testamenti</strong></span> <span class='ocrx_word' id='word_1_160' title='bbox 1302 713 1458 741; x_wconf 91' lang='lat' dir='ltr'><strong>hominibus</strong></span> <span class='ocrx_word' id='word_1_161' title='bbox 1481 721 1569 747; x_wconf 88' lang='lat' dir='ltr'><strong>neque</strong></span> <span class='ocrx_word' id='word_1_162' title='bbox 1599 711 1659 739; x_wconf 81' lang='lat' dir='ltr'><strong>Filii</strong></span> <span class='ocrx_word' id='word_1_163' title='bbox 1683 720 1771 746; x_wconf 90' lang='lat' dir='ltr'><strong>neque</strong></span> 
     </span>
    </p>
   </div>
   <div class='ocr_carea' id='block_1_15' title="bbox 147 758 1774 796">
    <p class='ocr_par' dir='ltr' id='par_1_15' title="bbox 147 758 1774 796">
     <span class='ocr_line' id='line_1_15' title="bbox 147 758 1774 796; baseline -0.001 -10"><span class='ocrx_word' id='word_1_164' title='bbox 147 759 266 795; x_wconf 90' lang='lat' dir='ltr'><strong>Spiritus</strong></span> <span class='ocrx_word' id='word_1_165' title='bbox 280 761 367 788; x_wconf 86' lang='lat' dir='ltr'><strong>sancti</strong></span> <span class='ocrx_word' id='word_1_166' title='bbox 381 769 506 796; x_wconf 66' lang='lat' dir='ltr'><strong>persona:</strong></span> <span class='ocrx_word' id='word_1_167' title='bbox 520 769 634 796; x_wconf 87' lang='lat' dir='ltr'><strong>prorsus</strong></span> <span class='ocrx_word' id='word_1_168' title='bbox 651 761 821 788; x_wconf 86' lang='lat' dir='ltr'><strong>innotuerint</strong></span> <span class='ocrx_word' id='word_1_169' title='bbox 838 760 929 795; x_wconf 77' lang='lat' dir='ltr'><strong>;quod</strong></span> <span class='ocrx_word' id='word_1_170' title='bbox 951 765 1042 788; x_wconf 84' lang='lat' dir='ltr'><strong>tamen</strong></span> <span class='ocrx_word' id='word_1_171' title='bbox 1057 759 1229 794; x_wconf 78' lang='lat' dir='ltr'><strong>privilegium</strong></span> <span class='ocrx_word' id='word_1_172' title='bbox 1243 758 1382 794; x_wconf 81' lang='lat' dir='ltr'><strong>prophetis</strong></span> <span class='ocrx_word' id='word_1_173' title='bbox 1394 763 1469 786; x_wconf 87' lang='lat' dir='ltr'><strong>certe</strong></span> <span class='ocrx_word' id='word_1_174' title='bbox 1484 759 1624 785; x_wconf 76' lang='lat' dir='ltr'><strong>nonnullis</strong></span> <span class='ocrx_word' id='word_1_175' title='bbox 1638 759 1710 785; x_wconf 89' lang='lat' dir='ltr'><strong>baud</strong></span> <span class='ocrx_word' id='word_1_176' title='bbox 1725 758 1774 785; x_wconf 80' lang='lat' dir='ltr'><strong>de-</strong></span> 
     </span>
    </p>
   </div>
   <div class='ocr_carea' id='block_1_16' title="bbox 146 806 1773 843">
    <p class='ocr_par' dir='ltr' id='par_1_16' title="bbox 146 806 1773 843">
     <span class='ocr_line' id='line_1_16' title="bbox 146 806 1773 843; baseline 0.001 -11"><span class='ocrx_word' id='word_1_177' title='bbox 146 807 241 835; x_wconf 82' lang='lat' dir='ltr'><strong>bemus</strong></span> <span class='ocrx_word' id='word_1_178' title='bbox 256 807 372 842; x_wconf 81' lang='lat' dir='ltr'><strong>eripere.</strong></span> <span class='ocrx_word' id='word_1_179' title='bbox 395 808 486 841; x_wconf 82' lang='lat' dir='ltr'><strong>Quare</strong></span> <span class='ocrx_word' id='word_1_180' title='bbox 505 810 702 837; x_wconf 85' lang='lat' dir='ltr'><strong>commentario</strong></span> <span class='ocrx_word' id='word_1_181' title='bbox 718 809 752 836; x_wconf 88' lang='lat' dir='ltr'><strong>ad</strong></span> <span class='ocrx_word' id='word_1_182' title='bbox 779 809 940 836; x_wconf 86' lang='lat' dir='ltr'><strong>Zachariam</strong></span> <span class='ocrx_word' id='word_1_183' title='bbox 963 809 1102 835; x_wconf 83' lang='lat' dir='ltr'><strong>substrata</strong></span> <span class='ocrx_word' id='word_1_184' title='bbox 1127 808 1242 843; x_wconf 79' lang='lat' dir='ltr'><strong>legimus</strong></span> <span class='ocrx_word' id='word_1_185' title='bbox 1259 807 1344 834; x_wconf 56' lang='lat' dir='ltr'><strong>Graeci</strong></span> <span class='ocrx_word' id='word_1_186' title='bbox 1364 806 1482 835; x_wconf 87' lang='lat' dir='ltr'><strong>hominis</strong></span> <span class='ocrx_word' id='word_1_187' title='bbox 1508 807 1623 837; x_wconf 73' lang='lat' dir='ltr'><strong>scholia,</strong></span> <span class='ocrx_word' id='word_1_188' title='bbox 1639 806 1773 834; x_wconf 80' lang='lat' dir='ltr'><strong>adversus</strong></span> 
     </span>
    </p>
   </div>
   <div class='ocr_carea' id='block_1_17' title="bbox 145 853 1772 892">
    <p class='ocr_par' dir='ltr' id='par_1_17' title="bbox 145 853 1772 892">
     <span class='ocr_line' id='line_1_17' title="bbox 145 853 1772 892; baseline -0.001 -12"><span class='ocrx_word' id='word_1_189' title='bbox 145 854 216 881; x_wconf 88' lang='lat' dir='ltr'><strong>hanc</strong></span> <span class='ocrx_word' id='word_1_190' title='bbox 233 853 368 882; x_wconf 87' lang='lat' dir='ltr'><strong>Theodori</strong></span> <span class='ocrx_word' id='word_1_191' title='bbox 381 855 535 888; x_wconf 85' lang='lat' dir='ltr'><strong>audaciam,</strong></span> <span class='ocrx_word' id='word_1_192' title='bbox 553 864 634 887; x_wconf 74' lang='lat' dir='ltr'><strong>quam</strong></span> <span class='ocrx_word' id='word_1_193' title='bbox 657 864 708 892; x_wconf 85' lang='lat' dir='ltr'><strong>ego</strong></span> <span class='ocrx_word' id='word_1_194' title='bbox 730 864 840 891; x_wconf 91' lang='lat' dir='ltr'><strong>quoque</strong></span> <span class='ocrx_word' id='word_1_195' title='bbox 860 857 1029 891; x_wconf 84' lang='lat' dir='ltr'><strong>aliquantum</strong></span> <span class='ocrx_word' id='word_1_196' title='bbox 1046 855 1163 883; x_wconf 89' lang='lat' dir='ltr'><strong>inhibui.</strong></span> <span class='ocrx_word' id='word_1_197' title='bbox 1184 855 1252 882; x_wconf 90' lang='lat' dir='ltr'><strong>lllud</strong></span> <span class='ocrx_word' id='word_1_198' title='bbox 1266 855 1384 889; x_wconf 89' lang='lat' dir='ltr'><strong>denique</strong></span> <span class='ocrx_word' id='word_1_199' title='bbox 1399 857 1442 881; x_wconf 83' lang='lat' dir='ltr'><strong>vix</strong></span> <span class='ocrx_word' id='word_1_200' title='bbox 1456 857 1499 881; x_wconf 83' lang='lat' dir='ltr'><strong>est</strong></span> <span class='ocrx_word' id='word_1_201' title='bbox 1515 853 1685 888; x_wconf 87' lang='lat' dir='ltr'><strong>probandum</strong></span> <span class='ocrx_word' id='word_1_202' title='bbox 1699 853 1772 887; x_wconf 89' lang='lat' dir='ltr'><strong>quod</strong></span> 
     </span>
    </p>
   </div>
   <div class='ocr_carea' id='block_1_18' title="bbox 145 898 1771 938">
    <p class='ocr_par' dir='ltr' id='par_1_18' title="bbox 145 898 1771 938">
     <span class='ocr_line' id='line_1_18' title="bbox 145 898 1771 938; baseline -0.001 -13"><span class='ocrx_word' id='word_1_203' title='bbox 145 899 190 926; x_wconf 79' lang='lat' dir='ltr'><strong>Dei</strong></span> <span class='ocrx_word' id='word_1_204' title='bbox 207 900 357 928; x_wconf 90' lang='lat' dir='ltr'><strong>locutiones</strong></span> <span class='ocrx_word' id='word_1_205' title='bbox 380 902 413 929; x_wconf 83' lang='lat' dir='ltr'><strong>ad</strong></span> <span class='ocrx_word' id='word_1_206' title='bbox 434 903 563 937; x_wconf 86' lang='lat' dir='ltr'><strong>propheta</strong></span> <span class='ocrx_word' id='word_1_207' title='bbox 602 903 774 938; x_wconf 85' lang='lat' dir='ltr'><strong>visionesque</strong></span> <span class='ocrx_word' id='word_1_208' title='bbox 793 908 819 930; x_wconf 89' lang='lat' dir='ltr'><strong>et</strong></span> <span class='ocrx_word' id='word_1_209' title='bbox 834 903 926 930; x_wconf 86' lang='lat' dir='ltr'><strong>varias</strong></span> <span class='ocrx_word' id='word_1_210' title='bbox 946 902 1127 930; x_wconf 84' lang='lat' dir='ltr'><strong>revelationes</strong></span> <span class='ocrx_word' id='word_1_211' title='bbox 1143 902 1224 929; x_wconf 89' lang='lat' dir='ltr'><strong>unico</strong></span> <span class='ocrx_word' id='word_1_212' title='bbox 1238 909 1309 936; x_wconf 74' lang='lat' dir='ltr'><strong>saepe</strong></span> <span class='ocrx_word' id='word_1_213' title='bbox 1328 901 1440 928; x_wconf 84' lang='lat' dir='ltr'><strong>denotat</strong></span> <span class='ocrx_word' id='word_1_214' title='bbox 1460 899 1600 934; x_wconf 72' lang='grc' dir='ltr'><strong>ἐνεργείας</strong></span> <span class='ocrx_word' id='word_1_215' title='bbox 1620 898 1771 929; x_wconf 86' lang='lat' dir='ltr'><strong>vocabulo;</strong></span> 
     </span>
    </p>
   </div>
   <div class='ocr_carea' id='block_1_19' title="bbox 144 946 1774 985">
    <p class='ocr_par' dir='ltr' id='par_1_19' title="bbox 144 946 1774 985">
     <span class='ocr_line' id='line_1_19' title="bbox 144 946 1774 985; baseline -0.001 -12"><span class='ocrx_word' id='word_1_216' title='bbox 144 955 300 983; x_wconf 82' lang='lat' dir='ltr'><strong>quanquam</strong></span> <span class='ocrx_word' id='word_1_217' title='bbox 314 948 364 976; x_wconf 87' lang='lat' dir='ltr'><strong>hac</strong></span> <span class='ocrx_word' id='word_1_218' title='bbox 381 956 465 984; x_wconf 85' lang='lat' dir='ltr'><strong>super</strong></span> <span class='ocrx_word' id='word_1_219' title='bbox 487 957 516 977; x_wconf 87' lang='lat' dir='ltr'><strong>re</strong></span> <span class='ocrx_word' id='word_1_220' title='bbox 531 950 668 984; x_wconf 78' lang='lat' dir='ltr'><strong>sapienter</strong></span> <span class='ocrx_word' id='word_1_221' title='bbox 681 955 812 985; x_wconf 88' lang='lat' dir='ltr'><strong>acuteque</strong></span> <span class='ocrx_word' id='word_1_222' title='bbox 824 949 986 977; x_wconf 87' lang='lat' dir='ltr'><strong>Theodorus</strong></span> <span class='ocrx_word' id='word_1_223' title='bbox 1000 950 1123 984; x_wconf 83' lang='lat' dir='ltr'><strong>disputat</strong></span> <span class='ocrx_word' id='word_1_224' title='bbox 1140 950 1192 977; x_wconf 91' lang='lat' dir='ltr'><strong>sub</strong></span> <span class='ocrx_word' id='word_1_225' title='bbox 1211 949 1319 976; x_wconf 86' lang='lat' dir='ltr'><strong>initium</strong></span> <span class='ocrx_word' id='word_1_226' title='bbox 1343 947 1470 978; x_wconf 81' lang='lat' dir='ltr'><strong>Nahumi,</strong></span> <span class='ocrx_word' id='word_1_227' title='bbox 1485 946 1529 974; x_wconf 85' lang='lat' dir='ltr'><strong>ubi</strong></span> <span class='ocrx_word' id='word_1_228' title='bbox 1545 946 1641 981; x_wconf 82' lang='grc' dir='ltr'><strong>λῆμμα</strong></span> <span class='ocrx_word' id='word_1_229' title='bbox 1651 946 1774 973; x_wconf 87' lang='lat' dir='ltr'><strong>vocabu-</strong></span> 
     </span>
    </p>
   </div>
   <div class='ocr_carea' id='block_1_20' title="bbox 145 993 1771 1033">
    <p class='ocr_par' dir='ltr' id='par_1_20' title="bbox 145 993 1771 1033">
     <span class='ocr_line' id='line_1_20' title="bbox 145 993 1771 1033; baseline -0.002 -10"><span class='ocrx_word' id='word_1_230' title='bbox 145 998 199 1023; x_wconf 89' lang='lat' dir='ltr'><strong>lum</strong></span> <span class='ocrx_word' id='word_1_231' title='bbox 212 996 339 1030; x_wconf 80' lang='lat' dir='ltr'><strong>explicat,</strong></span> <span class='ocrx_word' id='word_1_232' title='bbox 355 996 421 1024; x_wconf 89' lang='lat' dir='ltr'><strong>etin</strong></span> <span class='ocrx_word' id='word_1_233' title='bbox 438 1001 513 1024; x_wconf 89' lang='lat' dir='ltr'><strong>recta</strong></span> <span class='ocrx_word' id='word_1_234' title='bbox 528 1006 642 1033; x_wconf 88' lang='lat' dir='ltr'><strong>prorsus</strong></span> <span class='ocrx_word' id='word_1_235' title='bbox 654 999 789 1026; x_wconf 83' lang='lat' dir='ltr'><strong>sententia</strong></span> <span class='ocrx_word' id='word_1_236' title='bbox 809 998 946 1026; x_wconf 88' lang='lat' dir='ltr'><strong>consistit.</strong></span> <span class='ocrx_word' id='word_1_237' title='bbox 964 997 1057 1032; x_wconf 79' lang='lat' dir='ltr'><strong>Neque</strong></span> <span class='ocrx_word' id='word_1_238' title='bbox 1071 1005 1136 1024; x_wconf 79' lang='lat' dir='ltr'><strong>vero</strong></span> <span class='ocrx_word' id='word_1_239' title='bbox 1150 997 1295 1032; x_wconf 81' lang='lat' dir='ltr'><strong>quisquam</strong></span> <span class='ocrx_word' id='word_1_240' title='bbox 1313 1003 1397 1023; x_wconf 86' lang='lat' dir='ltr'><strong>sanus</strong></span> <span class='ocrx_word' id='word_1_241' title='bbox 1413 995 1477 1022; x_wconf 91' lang='lat' dir='ltr'><strong>mihi</strong></span> <span class='ocrx_word' id='word_1_242' title='bbox 1499 993 1683 1024; x_wconf 84' lang='lat' dir='ltr'><strong>suecensebit,</strong></span> <span class='ocrx_word' id='word_1_243' title='bbox 1698 994 1771 1029; x_wconf 89' lang='lat' dir='ltr'><strong>quod</strong></span> 
     </span>
    </p>
   </div>
   <div class='ocr_carea' id='block_1_21' title="bbox 145 1040 1771 1079">
    <p class='ocr_par' dir='ltr' id='par_1_21' title="bbox 145 1040 1771 1079">
     <span class='ocr_line' id='line_1_21' title="bbox 145 1040 1771 1079; baseline -0.002 -9"><span class='ocrx_word' id='word_1_244' title='bbox 145 1042 281 1070; x_wconf 87' lang='lat' dir='ltr'><strong>Theodori</strong></span> <span class='ocrx_word' id='word_1_245' title='bbox 298 1041 410 1076; x_wconf 87' lang='lat' dir='ltr'><strong>scripta,</strong></span> <span class='ocrx_word' id='word_1_246' title='bbox 429 1043 481 1069; x_wconf 86' lang='lat' dir='ltr'><strong>etsi</strong></span> <span class='ocrx_word' id='word_1_247' title='bbox 499 1045 585 1071; x_wconf 87' lang='lat' dir='ltr'><strong>errori</strong></span> <span class='ocrx_word' id='word_1_248' title='bbox 602 1045 750 1079; x_wconf 88' lang='lat' dir='ltr'><strong>aliquando</strong></span> <span class='ocrx_word' id='word_1_249' title='bbox 768 1045 903 1079; x_wconf 81' lang='lat' dir='ltr'><strong>proxima,</strong></span> <span class='ocrx_word' id='word_1_250' title='bbox 922 1045 950 1070; x_wconf 89' lang='lat' dir='ltr'><strong>i&#39;n</strong></span> <span class='ocrx_word' id='word_1_251' title='bbox 970 1044 1057 1070; x_wconf 90' lang='lat' dir='ltr'><strong>lucem</strong></span> <span class='ocrx_word' id='word_1_252' title='bbox 1080 1043 1222 1075; x_wconf 76' lang='lat' dir='ltr'><strong>emittam;</strong></span> <span class='ocrx_word' id='word_1_253' title='bbox 1240 1041 1308 1069; x_wconf 76' lang='lat' dir='ltr'><strong>nrevi</strong></span> <span class='ocrx_word' id='word_1_254' title='bbox 1322 1041 1395 1068; x_wconf 88' lang='lat' dir='ltr'><strong>enim</strong></span> <span class='ocrx_word' id='word_1_255' title='bbox 1412 1049 1444 1067; x_wconf 90' lang='lat' dir='ltr'><strong>ac</strong></span> <span class='ocrx_word' id='word_1_256' title='bbox 1459 1041 1525 1067; x_wconf 87' lang='lat' dir='ltr'><strong>vitia</strong></span> <span class='ocrx_word' id='word_1_257' title='bbox 1545 1040 1635 1070; x_wconf 85' lang='lat' dir='ltr'><strong>bonis.</strong></span> <span class='ocrx_word' id='word_1_258' title='bbox 1651 1044 1680 1066; x_wconf 93' lang='lat' dir='ltr'><strong>ut</strong></span> <span class='ocrx_word' id='word_1_259' title='bbox 1693 1043 1771 1074; x_wconf 83' lang='lat' dir='ltr'><strong>puto.</strong></span> 
     </span>
    </p>
   </div>
   <div class='ocr_carea' id='block_1_22' title="bbox 143 1085 1772 1126">
    <p class='ocr_par' dir='ltr' id='par_1_22' title="bbox 143 1085 1772 1126">
     <span class='ocr_line' id='line_1_22' title="bbox 143 1085 1772 1126; baseline -0.002 -12"><span class='ocrx_word' id='word_1_260' title='bbox 143 1088 270 1121; x_wconf 81' lang='lat' dir='ltr'><strong>plurimis</strong></span> <span class='ocrx_word' id='word_1_261' title='bbox 284 1088 460 1116; x_wconf 87' lang='lat' dir='ltr'><strong>obruuntur:</strong></span> <span class='ocrx_word' id='word_1_262' title='bbox 480 1094 536 1116; x_wconf 90' lang='lat' dir='ltr'><strong>tum</strong></span> <span class='ocrx_word' id='word_1_263' title='bbox 552 1097 603 1125; x_wconf 88' lang='lat' dir='ltr'><strong>ego</strong></span> <span class='ocrx_word' id='word_1_264' title='bbox 622 1090 693 1117; x_wconf 90' lang='lat' dir='ltr'><strong>hanc</strong></span> <span class='ocrx_word' id='word_1_265' title='bbox 711 1091 863 1126; x_wconf 86' lang='lat' dir='ltr'><strong>apologiam</strong></span> <span class='ocrx_word' id='word_1_266' title='bbox 888 1090 914 1117; x_wconf 95' lang='lat' dir='ltr'><strong>in</strong></span> <span class='ocrx_word' id='word_1_267' title='bbox 937 1089 1096 1124; x_wconf 58' lang='lat' dir='ltr'><strong>praefatione</strong></span> <span class='ocrx_word' id='word_1_268' title='bbox 1121 1089 1155 1116; x_wconf 90' lang='lat' dir='ltr'><strong>ad</strong></span> <span class='ocrx_word' id='word_1_269' title='bbox 1177 1087 1317 1120; x_wconf 85' lang='lat' dir='ltr'><strong>Pbotium,</strong></span> <span class='ocrx_word' id='word_1_270' title='bbox 1337 1087 1488 1121; x_wconf 60' lang='lat' dir='ltr'><strong>praesertim</strong></span> <span class='ocrx_word' id='word_1_271' title='bbox 1506 1093 1570 1113; x_wconf 85' lang='lat' dir='ltr'><strong>vero</strong></span> <span class='ocrx_word' id='word_1_272' title='bbox 1585 1085 1618 1112; x_wconf 86' lang='lat' dir='ltr'><strong>ad</strong></span> <span class='ocrx_word' id='word_1_273' title='bbox 1655 1085 1772 1112; x_wconf 88' lang='lat' dir='ltr'><strong>Ariano-</strong></span> 
     </span>
    </p>
   </div>
   <div class='ocr_carea' id='block_1_23' title="bbox 143 1132 1774 1174">
    <p class='ocr_par' dir='ltr' id='par_1_23' title="bbox 143 1132 1774 1174">
     <span class='ocr_line' id='line_1_23' title="bbox 143 1132 1774 1174; baseline -0.002 -13"><span class='ocrx_word' id='word_1_274' title='bbox 143 1143 203 1161; x_wconf 89' lang='lat' dir='ltr'><strong>rum</strong></span> <span class='ocrx_word' id='word_1_275' title='bbox 219 1135 371 1170; x_wconf 83' lang='lat' dir='ltr'><strong>fragmenta</strong></span> <span class='ocrx_word' id='word_1_276' title='bbox 388 1138 419 1170; x_wconf 93' lang='lat' dir='ltr'><strong>(t.</strong></span> <span class='ocrx_word' id='word_1_277' title='bbox 435 1137 482 1168; x_wconf 86' lang='grc'><strong>111.</strong></span> <span class='ocrx_word' id='word_1_278' title='bbox 499 1141 569 1172; x_wconf 86' lang='lat' dir='ltr'><strong>part.</strong></span> <span class='ocrx_word' id='word_1_279' title='bbox 586 1146 617 1170; x_wconf 84' lang='grc' dir='ltr'><strong>ιι,</strong></span> <span class='ocrx_word' id='word_1_280' title='bbox 638 1146 664 1173; x_wconf 90' lang='lat' dir='ltr'><strong>p.</strong></span> <span class='ocrx_word' id='word_1_281' title='bbox 683 1138 811 1174; x_wconf 83' lang='grc'><strong>186-187)</strong></span> <span class='ocrx_word' id='word_1_282' title='bbox 827 1142 880 1165; x_wconf 89' lang='lat' dir='ltr'><strong>tam</strong></span> <span class='ocrx_word' id='word_1_283' title='bbox 897 1138 997 1165; x_wconf 82' lang='lat' dir='ltr'><strong>invicte</strong></span> <span class='ocrx_word' id='word_1_284' title='bbox 1012 1137 1141 1169; x_wconf 83' lang='lat' dir='ltr'><strong>instruxi,</strong></span> <span class='ocrx_word' id='word_1_285' title='bbox 1161 1139 1190 1163; x_wconf 91' lang='lat' dir='ltr'><strong>ut</strong></span> <span class='ocrx_word' id='word_1_286' title='bbox 1211 1135 1314 1163; x_wconf 93' lang='lat' dir='ltr'><strong>nullum</strong></span> <span class='ocrx_word' id='word_1_287' title='bbox 1331 1134 1432 1162; x_wconf 89' lang='lat' dir='ltr'><strong>addere</strong></span> <span class='ocrx_word' id='word_1_288' title='bbox 1443 1133 1556 1160; x_wconf 83' lang='lat' dir='ltr'><strong>verbum</strong></span> <span class='ocrx_word' id='word_1_289' title='bbox 1569 1133 1626 1167; x_wconf 82' lang='lat' dir='ltr'><strong>jam</strong></span> <span class='ocrx_word' id='word_1_290' title='bbox 1639 1139 1709 1167; x_wconf 86' lang='lat' dir='ltr'><strong>opus</strong></span> <span class='ocrx_word' id='word_1_291' title='bbox 1724 1132 1774 1162; x_wconf 82' lang='lat' dir='ltr'><strong>sit.</strong></span> 
     </span>
    </p>
   </div>
   <div class='ocr_carea' id='block_1_24' title="bbox 178 1176 1773 1219">
    <p class='ocr_par' dir='ltr' id='par_1_24' title="bbox 178 1176 1773 1219">
     <span class='ocr_line' id='line_1_24' title="bbox 178 1176 1773 1219; baseline -0.003 -12"><span class='ocrx_word' id='word_1_292' title='bbox 178 1179 223 1206; x_wconf 79' lang='lat' dir='ltr'><strong>IX.</strong></span> <span class='ocrx_word' id='word_1_293' title='bbox 243 1181 443 1210; x_wconf 87' lang='lat' dir='ltr'><strong>Constitueram</strong></span> <span class='ocrx_word' id='word_1_294' title='bbox 472 1184 536 1210; x_wconf 84' lang='lat' dir='ltr'><strong>olim</strong></span> <span class='ocrx_word' id='word_1_295' title='bbox 560 1187 659 1211; x_wconf 88' lang='lat' dir='ltr'><strong>cuncta</strong></span> <span class='ocrx_word' id='word_1_296' title='bbox 679 1184 815 1212; x_wconf 85' lang='lat' dir='ltr'><strong>Theodori</strong></span> <span class='ocrx_word' id='word_1_297' title='bbox 849 1183 1001 1219; x_wconf 77' lang='lat' dir='ltr'><strong>fragmenta</strong></span> <span class='ocrx_word' id='word_1_298' title='bbox 1028 1191 1061 1210; x_wconf 75' lang='lat' dir='ltr'><strong>ex</strong></span> <span class='ocrx_word' id='word_1_299' title='bbox 1086 1181 1229 1210; x_wconf 77' lang='lat' dir='ltr'><strong>Vaticanis</strong></span> <span class='ocrx_word' id='word_1_300' title='bbox 1256 1180 1407 1215; x_wconf 66' lang='lat' dir='ltr'><strong>praesertim</strong></span> <span class='ocrx_word' id='word_1_301' title='bbox 1432 1177 1538 1206; x_wconf 83' lang='lat' dir='ltr'><strong>catenis</strong></span> <span class='ocrx_word' id='word_1_302' title='bbox 1562 1176 1664 1204; x_wconf 67' lang='lat' dir='ltr'><strong>Graecis</strong></span> <span class='ocrx_word' id='word_1_303' title='bbox 1690 1181 1773 1212; x_wconf 87' lang='lat' dir='ltr'><strong>atque</strong></span> 
     </span>
    </p>
   </div>
   <div class='ocr_carea' id='block_1_25' title="bbox 141 1223 1770 1267">
    <p class='ocr_par' dir='ltr' id='par_1_25' title="bbox 141 1223 1770 1267">
     <span class='ocr_line' id='line_1_25' title="bbox 141 1223 1770 1267; baseline -0.006 -9"><span class='ocrx_word' id='word_1_304' title='bbox 141 1231 320 1258; x_wconf 85' lang='lat' dir='ltr'><strong>Orientalium</strong></span> <span class='ocrx_word' id='word_1_305' title='bbox 337 1231 490 1267; x_wconf 74' lang='lat' dir='ltr'><strong>linguarum</strong></span> <span class='ocrx_word' id='word_1_306' title='bbox 513 1231 653 1259; x_wconf 87' lang='lat' dir='ltr'><strong>codicibus</strong></span> <span class='ocrx_word' id='word_1_307' title='bbox 675 1232 845 1266; x_wconf 83' lang='lat' dir='ltr'><strong>conjunctim</strong></span> <span class='ocrx_word' id='word_1_308' title='bbox 870 1231 1000 1266; x_wconf 86' lang='lat' dir='ltr'><strong>cdere(b)</strong></span> <span class='ocrx_word' id='word_1_309' title='bbox 1020 1241 1026 1258; x_wconf 95' lang='lat'>:</span> <span class='ocrx_word' id='word_1_310' title='bbox 1045 1231 1118 1266; x_wconf 87' lang='lat' dir='ltr'><strong>qttod</strong></span> <span class='ocrx_word' id='word_1_311' title='bbox 1143 1230 1207 1266; x_wconf 91' lang='lat' dir='ltr'><strong>quia</strong></span> <span class='ocrx_word' id='word_1_312' title='bbox 1231 1237 1304 1256; x_wconf 87' lang='lat' dir='ltr'><strong>nunc</strong></span> <span class='ocrx_word' id='word_1_313' title='bbox 1325 1236 1373 1264; x_wconf 88' lang='lat' dir='ltr'><strong>per</strong></span> <span class='ocrx_word' id='word_1_314' title='bbox 1398 1224 1589 1260; x_wconf 89' lang='lat' dir='ltr'><strong>occupationes</strong></span> <span class='ocrx_word' id='word_1_315' title='bbox 1611 1231 1664 1250; x_wconf 91' lang='lat' dir='ltr'><strong>non</strong></span> <span class='ocrx_word' id='word_1_316' title='bbox 1683 1223 1770 1253; x_wconf 84' lang='lat' dir='ltr'><strong>licuit,</strong></span> 
     </span>
    </p>
   </div>
   <div class='ocr_carea' id='block_1_26' title="bbox 142 1269 1774 1314">
    <p class='ocr_par' dir='ltr' id='par_1_26' title="bbox 142 1269 1774 1314">
     <span class='ocr_line' id='line_1_26' title="bbox 142 1269 1774 1314; baseline -0.006 -10"><span class='ocrx_word' id='word_1_317' title='bbox 142 1279 292 1314; x_wconf 81' lang='lat' dir='ltr'><strong>fragmenta</strong></span> <span class='ocrx_word' id='word_1_318' title='bbox 310 1280 404 1306; x_wconf 87' lang='lat' dir='ltr'><strong>saltem</strong></span> <span class='ocrx_word' id='word_1_319' title='bbox 421 1280 509 1314; x_wconf 87' lang='lat' dir='ltr'><strong>ampla</strong></span> <span class='ocrx_word' id='word_1_320' title='bbox 526 1286 559 1306; x_wconf 75' lang='lat' dir='ltr'><strong>cx</strong></span> <span class='ocrx_word' id='word_1_321' title='bbox 574 1278 634 1312; x_wconf 81' lang='lat' dir='ltr'><strong>ejus</strong></span> <span class='ocrx_word' id='word_1_322' title='bbox 646 1277 795 1312; x_wconf 81' lang='lat' dir='ltr'><strong>deperditis</strong></span> <span class='ocrx_word' id='word_1_323' title='bbox 809 1277 846 1303; x_wconf 82' lang='lat' dir='ltr'><strong>De</strong></span> <span class='ocrx_word' id='word_1_324' title='bbox 857 1278 1044 1304; x_wconf 85' lang='lat' dir='ltr'><strong>incarnatione</strong></span> <span class='ocrx_word' id='word_1_325' title='bbox 1063 1276 1180 1308; x_wconf 88' lang='lat' dir='ltr'><strong>Domini,</strong></span> <span class='ocrx_word' id='word_1_326' title='bbox 1196 1279 1222 1302; x_wconf 85' lang='lat' dir='ltr'><strong>et</strong></span> <span class='ocrx_word' id='word_1_327' title='bbox 1232 1272 1333 1301; x_wconf 86' lang='lat' dir='ltr'><strong>Contra</strong></span> <span class='ocrx_word' id='word_1_328' title='bbox 1350 1271 1544 1307; x_wconf 79' lang='lat' dir='ltr'><strong>Apollinarem,</strong></span> <span class='ocrx_word' id='word_1_329' title='bbox 1560 1274 1587 1297; x_wconf 91' lang='lat' dir='ltr'><strong>et</strong></span> <span class='ocrx_word' id='word_1_330' title='bbox 1604 1270 1631 1296; x_wconf 80' lang='lat' dir='ltr'><strong>in</strong></span> <span class='ocrx_word' id='word_1_331' title='bbox 1648 1269 1774 1296; x_wconf 68' lang='lat' dir='ltr'><strong>Pnalmos</strong></span> 
     </span>
    </p>
   </div>
   <div class='ocr_carea' id='block_1_27' title="bbox 142 1314 1771 1358">
    <p class='ocr_par' dir='ltr' id='par_1_27' title="bbox 142 1314 1771 1358">
     <span class='ocr_line' id='line_1_27' title="bbox 142 1314 1771 1358; baseline -0.006 -9"><span class='ocrx_word' id='word_1_332' title='bbox 142 1323 231 1354; x_wconf 85' lang='lat' dir='ltr'><strong>libris,</strong></span> <span class='ocrx_word' id='word_1_333' title='bbox 243 1331 302 1358; x_wconf 74' lang='lat' dir='ltr'><strong>qua:</strong></span> <span class='ocrx_word' id='word_1_334' title='bbox 316 1323 446 1351; x_wconf 85' lang='lat' dir='ltr'><strong>Leontius</strong></span> <span class='ocrx_word' id='word_1_335' title='bbox 462 1323 525 1350; x_wconf 88' lang='lat' dir='ltr'><strong>olim</strong></span> <span class='ocrx_word' id='word_1_336' title='bbox 541 1322 724 1355; x_wconf 60' lang='lat' dir='ltr'><strong>transvripsit,</strong></span> <span class='ocrx_word' id='word_1_337' title='bbox 739 1321 863 1348; x_wconf 70' lang='lat' dir='ltr'><strong>(Ianisius</strong></span> <span class='ocrx_word' id='word_1_338' title='bbox 884 1321 979 1348; x_wconf 83' lang='lat' dir='ltr'><strong>Latine</strong></span> <span class='ocrx_word' id='word_1_339' title='bbox 995 1320 1182 1348; x_wconf 81' lang='lat' dir='ltr'><strong>tantnnnnodo</strong></span> <span class='ocrx_word' id='word_1_340' title='bbox 1206 1318 1300 1349; x_wconf 84' lang='lat' dir='ltr'><strong>edidit,</strong></span> <span class='ocrx_word' id='word_1_341' title='bbox 1319 1325 1392 1344; x_wconf 83' lang='lat' dir='ltr'><strong>nunc</strong></span> <span class='ocrx_word' id='word_1_342' title='bbox 1410 1324 1462 1351; x_wconf 84' lang='lat' dir='ltr'><strong>ego</strong></span> <span class='ocrx_word' id='word_1_343' title='bbox 1484 1315 1577 1342; x_wconf 62' lang='lat' dir='ltr'><strong>Graece</strong></span> <span class='ocrx_word' id='word_1_344' title='bbox 1593 1323 1625 1342; x_wconf 81' lang='lat' dir='ltr'><strong>ex</strong></span> <span class='ocrx_word' id='word_1_345' title='bbox 1639 1314 1771 1341; x_wconf 84' lang='lat' dir='ltr'><strong>Vaticano</strong></span> 
     </span>
    </p>
   </div>
   <div class='ocr_carea' id='block_1_28' title="bbox 142 1362 1769 1404">
    <p class='ocr_par' dir='ltr' id='par_1_28' title="bbox 142 1362 1769 1404">
     <span class='ocr_line' id='line_1_28' title="bbox 142 1362 1769 1404; baseline -0.005 -9"><span class='ocrx_word' id='word_1_346' title='bbox 142 1373 298 1403; x_wconf 79' lang='lat' dir='ltr'><strong>pervctusto</strong></span> <span class='ocrx_word' id='word_1_347' title='bbox 315 1370 409 1397; x_wconf 88' lang='lat' dir='ltr'><strong>codice</strong></span> <span class='ocrx_word' id='word_1_348' title='bbox 430 1369 592 1404; x_wconf 86' lang='lat' dir='ltr'><strong>proferenda</strong></span> <span class='ocrx_word' id='word_1_349' title='bbox 611 1369 715 1400; x_wconf 84' lang='lat' dir='ltr'><strong>curavi,</strong></span> <span class='ocrx_word' id='word_1_350' title='bbox 735 1376 796 1395; x_wconf 89' lang='lat' dir='ltr'><strong>cum</strong></span> <span class='ocrx_word' id='word_1_351' title='bbox 818 1368 923 1395; x_wconf 85' lang='lat' dir='ltr'><strong>Leontii</strong></span> <span class='ocrx_word' id='word_1_352' title='bbox 945 1368 978 1395; x_wconf 90' lang='lat' dir='ltr'><strong>de</strong></span> <span class='ocrx_word' id='word_1_353' title='bbox 998 1368 1040 1394; x_wconf 85' lang='lat' dir='ltr'><strong>bis</strong></span> <span class='ocrx_word' id='word_1_354' title='bbox 1059 1367 1175 1401; x_wconf 86' lang='lat' dir='ltr'><strong>judicio,</strong></span> <span class='ocrx_word' id='word_1_355' title='bbox 1190 1366 1235 1400; x_wconf 90' lang='lat' dir='ltr'><strong>qui</strong></span> <span class='ocrx_word' id='word_1_356' title='bbox 1251 1366 1378 1392; x_wconf 85' lang='lat' dir='ltr'><strong>latentem</strong></span> <span class='ocrx_word' id='word_1_357' title='bbox 1394 1363 1421 1390; x_wconf 94' lang='lat' dir='ltr'><strong>in</strong></span> <span class='ocrx_word' id='word_1_358' title='bbox 1438 1363 1479 1389; x_wconf 82' lang='lat' dir='ltr'><strong>his</strong></span> <span class='ocrx_word' id='word_1_359' title='bbox 1496 1362 1620 1389; x_wconf 72' lang='lat' dir='ltr'><strong>haeresim</strong></span> <span class='ocrx_word' id='word_1_360' title='bbox 1634 1365 1706 1388; x_wconf 88' lang='lat' dir='ltr'><strong>recte</strong></span> <span class='ocrx_word' id='word_1_361' title='bbox 1724 1369 1769 1388; x_wconf 88' lang='lat' dir='ltr'><strong>ar-</strong></span> 
     </span>
    </p>
   </div>
   <div class='ocr_carea' id='block_1_29' title="bbox 141 1409 1772 1448">
    <p class='ocr_par' dir='ltr' id='par_1_29' title="bbox 141 1409 1772 1448">
     <span class='ocr_line' id='line_1_29' title="bbox 141 1409 1772 1448; baseline -0.002 -8"><span class='ocrx_word' id='word_1_362' title='bbox 141 1414 209 1446; x_wconf 70' lang='lat' dir='ltr'><strong>guit,</strong></span> <span class='ocrx_word' id='word_1_363' title='bbox 222 1419 248 1441; x_wconf 85' lang='lat' dir='ltr'><strong>et</strong></span> <span class='ocrx_word' id='word_1_364' title='bbox 263 1414 290 1441; x_wconf 93' lang='lat' dir='ltr'><strong>in</strong></span> <span class='ocrx_word' id='word_1_365' title='bbox 310 1415 444 1448; x_wconf 78' lang='lat' dir='ltr'><strong>procemio</strong></span> <span class='ocrx_word' id='word_1_366' title='bbox 466 1413 606 1447; x_wconf 87' lang='lat' dir='ltr'><strong>complura</strong></span> <span class='ocrx_word' id='word_1_367' title='bbox 627 1412 763 1440; x_wconf 86' lang='lat' dir='ltr'><strong>Theodori</strong></span> <span class='ocrx_word' id='word_1_368' title='bbox 788 1420 870 1448; x_wconf 86' lang='lat' dir='ltr'><strong>opera</strong></span> <span class='ocrx_word' id='word_1_369' title='bbox 886 1417 1039 1443; x_wconf 84' lang='lat' dir='ltr'><strong>enumerat,</strong></span> <span class='ocrx_word' id='word_1_370' title='bbox 1057 1419 1118 1446; x_wconf 64' lang='lat' dir='ltr'><strong>qua</strong></span> <span class='ocrx_word' id='word_1_371' title='bbox 1137 1411 1314 1438; x_wconf 81' lang='lat' dir='ltr'><strong>consectanei</strong></span> <span class='ocrx_word' id='word_1_372' title='bbox 1332 1415 1386 1436; x_wconf 85' lang='lat' dir='ltr'><strong>tam</strong></span> <span class='ocrx_word' id='word_1_373' title='bbox 1408 1410 1530 1437; x_wconf 86' lang='lat' dir='ltr'><strong>studiose</strong></span> <span class='ocrx_word' id='word_1_374' title='bbox 1546 1409 1729 1441; x_wconf 84' lang='lat' dir='ltr'><strong>oeeultabant,</strong></span> <span class='ocrx_word' id='word_1_375' title='bbox 1741 1414 1772 1435; x_wconf 80' lang='lat' dir='ltr'><strong>ut</strong></span> 
     </span>
    </p>
   </div>
   <div class='ocr_carea' id='block_1_30' title="bbox 140 1455 1770 1492">
    <p class='ocr_par' dir='ltr' id='par_1_30' title="bbox 140 1455 1770 1492">
     <span class='ocr_line' id='line_1_30' title="bbox 140 1455 1770 1492; baseline -0.002 -8"><span class='ocrx_word' id='word_1_376' title='bbox 140 1456 270 1485; x_wconf 87' lang='lat' dir='ltr'><strong>Leontius</strong></span> <span class='ocrx_word' id='word_1_377' title='bbox 286 1458 344 1492; x_wconf 85' lang='lat' dir='ltr'><strong>ipse</strong></span> <span class='ocrx_word' id='word_1_378' title='bbox 356 1458 464 1485; x_wconf 91' lang='lat' dir='ltr'><strong>nonnisi</strong></span> <span class='ocrx_word' id='word_1_379' title='bbox 483 1465 566 1492; x_wconf 88' lang='lat' dir='ltr'><strong>opere</strong></span> <span class='ocrx_word' id='word_1_380' title='bbox 583 1457 619 1484; x_wconf 85' lang='lat' dir='ltr'><strong>De</strong></span> <span class='ocrx_word' id='word_1_381' title='bbox 635 1458 818 1484; x_wconf 78' lang='lat' dir='ltr'><strong>incarnatione</strong></span> <span class='ocrx_word' id='word_1_382' title='bbox 839 1458 942 1492; x_wconf 87' lang='lat' dir='ltr'><strong>potitus</strong></span> <span class='ocrx_word' id='word_1_383' title='bbox 958 1457 1003 1484; x_wconf 88' lang='lat' dir='ltr'><strong>sit.</strong></span> <span class='ocrx_word' id='word_1_384' title='bbox 1022 1457 1075 1484; x_wconf 71' lang='lat' dir='ltr'><strong>Sed</strong></span> <span class='ocrx_word' id='word_1_385' title='bbox 1091 1457 1161 1483; x_wconf 88' lang='lat' dir='ltr'><strong>enim</strong></span> <span class='ocrx_word' id='word_1_386' title='bbox 1175 1464 1225 1484; x_wconf 87' lang='lat' dir='ltr'><strong>nos</strong></span> <span class='ocrx_word' id='word_1_387' title='bbox 1243 1457 1328 1483; x_wconf 86' lang='lat' dir='ltr'><strong>multo</strong></span> <span class='ocrx_word' id='word_1_388' title='bbox 1345 1456 1409 1483; x_wconf 90' lang='lat' dir='ltr'><strong>olim</strong></span> <span class='ocrx_word' id='word_1_389' title='bbox 1428 1457 1505 1492; x_wconf 86' lang='lat' dir='ltr'><strong>plura</strong></span> <span class='ocrx_word' id='word_1_390' title='bbox 1520 1455 1655 1482; x_wconf 84' lang='lat' dir='ltr'><strong>Theodori</strong></span> <span class='ocrx_word' id='word_1_391' title='bbox 1667 1455 1770 1490; x_wconf 82' lang='lat' dir='ltr'><strong>scripta</strong></span> 
     </span>
    </p>
   </div>
   <div class='ocr_carea' id='block_1_31' title="bbox 141 1502 1214 1538">
    <p class='ocr_par' dir='ltr' id='par_1_31' title="bbox 141 1502 1214 1538">
     <span class='ocr_line' id='line_1_31' title="bbox 141 1502 1214 1538; baseline 0 -10"><span class='ocrx_word' id='word_1_392' title='bbox 141 1503 170 1529; x_wconf 85' lang='lat' dir='ltr'><strong>iu</strong></span> <span class='ocrx_word' id='word_1_393' title='bbox 188 1502 348 1538; x_wconf 69' lang='lat' dir='ltr'><strong>pra2fatione</strong></span> <span class='ocrx_word' id='word_1_394' title='bbox 361 1503 394 1530; x_wconf 89' lang='lat' dir='ltr'><strong>ad</strong></span> <span class='ocrx_word' id='word_1_395' title='bbox 411 1503 528 1538; x_wconf 87' lang='lat' dir='ltr'><strong>primum</strong></span> <span class='ocrx_word' id='word_1_396' title='bbox 542 1503 720 1530; x_wconf 80' lang='lat' dir='ltr'><strong>Collectionis</strong></span> <span class='ocrx_word' id='word_1_397' title='bbox 736 1507 837 1530; x_wconf 73' lang='lat' dir='ltr'><strong>nostra:</strong></span> <span class='ocrx_word' id='word_1_398' title='bbox 853 1503 980 1530; x_wconf 85' lang='lat' dir='ltr'><strong>volumen</strong></span> <span class='ocrx_word' id='word_1_399' title='bbox 995 1503 1214 1537; x_wconf 83' lang='lat' dir='ltr'><strong>percensuimus.</strong></span> 
     </span>
    </p>
   </div>
   <div class='ocr_carea' id='block_1_32' title="bbox 176 1589 1769 1625">
    <p class='ocr_par' dir='ltr' id='par_1_32' title="bbox 176 1589 1769 1625">
     <span class='ocr_line' id='line_1_32' title="bbox 176 1589 1769 1625; baseline 0.001 -9"><span class='ocrx_word' id='word_1_400' title='bbox 176 1590 214 1622; x_wconf 74' lang='grc' dir='ltr'><strong>(α)</strong></span> <span class='ocrx_word' id='word_1_401' title='bbox 236 1590 336 1625; x_wconf 78' lang='lat' dir='ltr'><strong>Liturg.</strong></span> <span class='ocrx_word' id='word_1_402' title='bbox 354 1589 400 1617; x_wconf 90' lang='lat' dir='ltr'><strong>0r.</strong></span> <span class='ocrx_word' id='word_1_403' title='bbox 418 1595 437 1617; x_wconf 85' lang='grc' dir='ltr'><strong>ι.</strong></span> <span class='ocrx_word' id='word_1_404' title='bbox 450 1590 482 1621; x_wconf 88' lang='lat' dir='ltr'><strong>ll,</strong></span> <span class='ocrx_word' id='word_1_405' title='bbox 498 1598 524 1624; x_wconf 92' lang='lat' dir='ltr'><strong>p.</strong></span> <span class='ocrx_word' id='word_1_406' title='bbox 540 1589 602 1616; x_wconf 72' lang='lat'><strong>622.</strong></span> <span class='ocrx_word' id='word_1_407' title='bbox 978 1591 1088 1620; x_wconf 69' lang='lat' dir='ltr'><strong>Nicone.</strong></span> <span class='ocrx_word' id='word_1_408' title='bbox 1106 1590 1150 1617; x_wconf 89' lang='lat' dir='ltr'><strong>ubi</strong></span> <span class='ocrx_word' id='word_1_409' title='bbox 1168 1590 1201 1618; x_wconf 86' lang='lat' dir='ltr'><strong>de</strong></span> <span class='ocrx_word' id='word_1_410' title='bbox 1213 1595 1308 1617; x_wconf 87' lang='lat' dir='ltr'><strong>sancto</strong></span> <span class='ocrx_word' id='word_1_411' title='bbox 1324 1591 1425 1625; x_wconf 76' lang='lat' dir='ltr'><strong>Spiritu</strong></span> <span class='ocrx_word' id='word_1_412' title='bbox 1442 1591 1468 1617; x_wconf 92' lang='lat' dir='ltr'><strong>in</strong></span> <span class='ocrx_word' id='word_1_413' title='bbox 1491 1590 1582 1617; x_wconf 68' lang='lat' dir='ltr'><strong>Iesum</strong></span> <span class='ocrx_word' id='word_1_414' title='bbox 1599 1591 1769 1624; x_wconf 80' lang='lat' dir='ltr'><strong>baptizatum</strong></span> 
     </span>
    </p>
   </div>
   <div class='ocr_carea' id='block_1_33' title="bbox 176 1624 1771 1661">
    <p class='ocr_par' dir='ltr' id='par_1_33' title="bbox 176 1624 1771 1661">
     <span class='ocr_line' id='line_1_33' title="bbox 176 1624 1771 1661; baseline 0.003 -12"><span class='ocrx_word' id='word_1_415' title='bbox 176 1626 212 1659; x_wconf 81' lang='lat' dir='ltr'><strong>(b)</strong></span> <span class='ocrx_word' id='word_1_416' title='bbox 234 1624 334 1652; x_wconf 76' lang='lat' dir='ltr'><strong>llurtltn</strong></span> <span class='ocrx_word' id='word_1_417' title='bbox 359 1626 576 1661; x_wconf 64' lang='lat' dir='ltr'><strong>fragmentorum</strong></span> <span class='ocrx_word' id='word_1_418' title='bbox 600 1625 749 1661; x_wconf 80' lang='lat' dir='ltr'><strong>specimen,</strong></span> <span class='ocrx_word' id='word_1_419' title='bbox 764 1629 876 1661; x_wconf 8' lang='lat' dir='ltr'><strong>ppra-tx-r</strong></span> <span class='ocrx_word' id='word_1_420' title='bbox 897 1624 922 1650; x_wconf 87' lang='lat' dir='ltr'><strong>id</strong></span> <span class='ocrx_word' id='word_1_421' title='bbox 979 1626 1187 1660; x_wconf 64' lang='lat' dir='ltr'><strong>super-vcniuntc</strong></span> <span class='ocrx_word' id='word_1_422' title='bbox 1212 1634 1302 1652; x_wconf 78' lang='lat' dir='ltr'><strong>seruio</strong></span> <span class='ocrx_word' id='word_1_423' title='bbox 1324 1624 1361 1656; x_wconf 79' lang='lat' dir='ltr'><strong>lit,</strong></span> <span class='ocrx_word' id='word_1_424' title='bbox 1385 1631 1436 1653; x_wconf 85' lang='lat' dir='ltr'><strong>etc.</strong></span> <span class='ocrx_word' id='word_1_425' title='bbox 1462 1626 1571 1661; x_wconf 75' lang='lat' dir='ltr'><strong>Legitur</strong></span> <span class='ocrx_word' id='word_1_426' title='bbox 1600 1627 1670 1653; x_wconf 76' lang='lat' dir='ltr'><strong>inl‘ra</strong></span> <span class='ocrx_word' id='word_1_427' title='bbox 1696 1626 1771 1653; x_wconf 77' lang='lat' dir='ltr'><strong>inter</strong></span> 
     </span>
    </p>
   </div>
   <div class='ocr_carea' id='block_1_34' title="bbox 140 1659 1483 1695">
    <p class='ocr_par' dir='ltr' id='par_1_34' title="bbox 140 1659 1483 1695">
     <span class='ocr_line' id='line_1_34' title="bbox 140 1659 1483 1695; baseline 0.001 -10"><span class='ocrx_word' id='word_1_428' title='bbox 140 1661 212 1691; x_wconf 73' lang='lat' dir='ltr'><strong>quod</strong></span> <span class='ocrx_word' id='word_1_429' title='bbox 225 1661 295 1687; x_wconf 71' lang='lat' dir='ltr'><strong>edidi</strong></span> <span class='ocrx_word' id='word_1_430' title='bbox 310 1661 341 1687; x_wconf 87' lang='lat' dir='ltr'><strong>ad</strong></span> <span class='ocrx_word' id='word_1_431' title='bbox 359 1660 446 1695; x_wconf 70' lang='lat' dir='ltr'><strong>Pltmii</strong></span> <span class='ocrx_word' id='word_1_432' title='bbox 460 1660 721 1695; x_wconf 51' lang='lat' dir='ltr'><strong>Amphilochiananr</strong></span> <span class='ocrx_word' id='word_1_433' title='bbox 730 1659 844 1693; x_wconf 84' lang='lat' dir='ltr'><strong>primatu</strong></span> <span class='ocrx_word' id='word_1_434' title='bbox 862 1667 922 1692; x_wconf 77' lang='lat' dir='ltr'><strong>cap.</strong></span> <span class='ocrx_word' id='word_1_435' title='bbox 978 1661 1113 1687; x_wconf 70' lang='lat' dir='ltr'><strong>Theodori</strong></span> <span class='ocrx_word' id='word_1_436' title='bbox 1131 1661 1280 1695; x_wconf 70' lang='lat' dir='ltr'><strong>fragmenta</strong></span> <span class='ocrx_word' id='word_1_437' title='bbox 1300 1662 1325 1687; x_wconf 86' lang='lat' dir='ltr'><strong>in</strong></span> <span class='ocrx_word' id='word_1_438' title='bbox 1339 1661 1483 1688; x_wconf 83' lang='lat' dir='ltr'><strong>Joannem.</strong></span> 
     </span>
    </p>
   </div>
   <div class='ocr_carea' id='block_1_35' title="bbox 141 1693 923 1727">
    <p class='ocr_par' dir='ltr' id='par_1_35' title="bbox 141 1693 923 1727">
     <span class='ocr_line' id='line_1_35' title="bbox 141 1693 923 1727; baseline -0.004 -4"><span class='ocrx_word' id='word_1_439' title='bbox 141 1696 193 1727; x_wconf 64' lang='lat'><strong>.33.</strong></span> <span class='ocrx_word' id='word_1_440' title='bbox 215 1700 303 1723; x_wconf 80' lang='lat' dir='ltr'><strong>exstat</strong></span> <span class='ocrx_word' id='word_1_441' title='bbox 333 1697 359 1723; x_wconf 88' lang='lat' dir='ltr'><strong>in</strong></span> <span class='ocrx_word' id='word_1_442' title='bbox 382 1693 519 1722; x_wconf 78' lang='lat' dir='ltr'><strong>Vaticana</strong></span> <span class='ocrx_word' id='word_1_443' title='bbox 533 1696 559 1721; x_wconf 83' lang='lat' dir='ltr'><strong>in</strong></span> <span class='ocrx_word' id='word_1_444' title='bbox 580 1694 679 1721; x_wconf 82' lang='lat' dir='ltr'><strong>Lucum</strong></span> <span class='ocrx_word' id='word_1_445' title='bbox 701 1693 802 1722; x_wconf 83' lang='lat' dir='ltr'><strong>Catena</strong></span> <span class='ocrx_word' id='word_1_446' title='bbox 825 1695 923 1720; x_wconf 69' lang='lat' dir='ltr'><strong>lm‘tllld</strong></span> 
     </span>
    </p>
   </div>
   <div class='ocr_carea' id='block_1_36' title="bbox 152 1803 772 1812">
    <p class='ocr_par' dir='ltr' id='par_1_36' title="bbox 152 1803 772 1812">
     <span class='ocr_line' id='line_1_36' title="bbox 152 1803 772 1812; baseline -0.002 -1"><span class='ocrx_word' id='word_1_447' title='bbox 152 1803 772 1812; x_wconf 61' lang='lat'><strong>.—._—_—_—__——.</strong></span> 
     </span>
    </p>
   </div>
   <div class='ocr_carea' id='block_1_37' title="bbox 487 1895 1451 1943">
    <p class='ocr_par' dir='ltr' id='par_1_37' title="bbox 487 1895 1451 1943">
     <span class='ocr_line' id='line_1_37' title="bbox 487 1895 1451 1943; baseline -0.004 -1"><span class='ocrx_word' id='word_1_448' title='bbox 487 1899 619 1943; x_wconf 76' lang='lat' dir='ltr'><strong>ANG.</strong></span> <span class='ocrx_word' id='word_1_449' title='bbox 669 1897 801 1941; x_wconf 85' lang='lat' dir='ltr'><strong>MAII</strong></span> <span class='ocrx_word' id='word_1_450' title='bbox 846 1895 1167 1940; x_wconf 71' lang='lat' dir='ltr'><strong>PRAEFATIO</strong></span> <span class='ocrx_word' id='word_1_451' title='bbox 1203 1896 1451 1940; x_wconf 81' lang='lat' dir='ltr'><strong>ALTERA.</strong></span> 
     </span>
    </p>
   </div>
   <div class='ocr_carea' id='block_1_38' title="bbox 605 2004 1278 2037">
    <p class='ocr_par' dir='ltr' id='par_1_38' title="bbox 605 2004 1278 2037">
     <span class='ocr_line' id='line_1_38' title="bbox 605 2004 1278 2037; baseline -0.001 -7"><span class='ocrx_word' id='word_1_452' title='bbox 605 2004 761 2037; x_wconf 78' lang='lat' dir='ltr'><strong>(Bibliotheca</strong></span> <span class='ocrx_word' id='word_1_453' title='bbox 771 2011 831 2030; x_wconf 75' lang='lat' dir='ltr'><strong>nova</strong></span> <span class='ocrx_word' id='word_1_454' title='bbox 844 2006 955 2034; x_wconf 81' lang='lat' dir='ltr'><strong>Patrum,</strong></span> <span class='ocrx_word' id='word_1_455' title='bbox 968 2008 1024 2029; x_wconf 61' lang='lat' dir='ltr'><strong>tom.</strong></span> <span class='ocrx_word' id='word_1_456' title='bbox 1038 2005 1090 2033; x_wconf 80' lang='lat' dir='ltr'><strong>\&#39;lt.</strong></span> <span class='ocrx_word' id='word_1_457' title='bbox 1105 2005 1185 2029; x_wconf 58' lang='lat' dir='ltr'><strong>nomne</strong></span> <span class='ocrx_word' id='word_1_458' title='bbox 1198 2004 1278 2036; x_wconf 70' lang='grc'><strong>1854.)</strong></span> 
     </span>
    </p>
   </div>
   <div class='ocr_carea' id='block_1_39' title="bbox 938 2106 973 2114">
    <p class='ocr_par' dir='ltr' id='par_1_39' title="bbox 938 2106 973 2114">
     <span class='ocr_line' id='line_1_39' title="bbox 938 2106 973 2114; baseline -0.029 0"><span class='ocrx_word' id='word_1_459' title='bbox 938 2106 973 2114; x_wconf 74' lang='grc'><strong>..-</strong></span> 
     </span>
    </p>
   </div>
   <div class='ocr_carea' id='block_1_40' title="bbox 177 2189 1767 2226">
    <p class='ocr_par' dir='ltr' id='par_1_40' title="bbox 177 2189 1767 2226">
     <span class='ocr_line' id='line_1_40' title="bbox 177 2189 1767 2226; baseline 0.001 -9"><span class='ocrx_word' id='word_1_460' title='bbox 177 2190 199 2217; x_wconf 92' lang='grc'><strong>1.</strong></span> <span class='ocrx_word' id='word_1_461' title='bbox 221 2189 258 2217; x_wconf 89' lang='lat' dir='ltr'><strong>De</strong></span> <span class='ocrx_word' id='word_1_462' title='bbox 269 2196 410 2217; x_wconf 85' lang='lat' dir='ltr'><strong>sacrorqu</strong></span> <span class='ocrx_word' id='word_1_463' title='bbox 426 2190 557 2216; x_wconf 90' lang='lat' dir='ltr'><strong>librorum</strong></span> <span class='ocrx_word' id='word_1_464' title='bbox 578 2190 747 2217; x_wconf 86' lang='lat' dir='ltr'><strong>obscuritate</strong></span> <span class='ocrx_word' id='word_1_465' title='bbox 771 2190 865 2226; x_wconf 87' lang='lat' dir='ltr'><strong>(quam</strong></span> <span class='ocrx_word' id='word_1_466' title='bbox 888 2191 914 2218; x_wconf 91' lang='lat' dir='ltr'><strong>in</strong></span> <span class='ocrx_word' id='word_1_467' title='bbox 939 2192 1080 2226; x_wconf 76' lang='lat' dir='ltr'><strong>prophetis</strong></span> <span class='ocrx_word' id='word_1_468' title='bbox 1100 2192 1235 2225; x_wconf 76' lang='lat' dir='ltr'><strong>praecipue</strong></span> <span class='ocrx_word' id='word_1_469' title='bbox 1250 2189 1395 2224; x_wconf 87' lang='lat' dir='ltr'><strong>compcriri</strong></span> <span class='ocrx_word' id='word_1_470' title='bbox 1424 2197 1535 2217; x_wconf 82' lang='lat' dir='ltr'><strong>necesse</strong></span> <span class='ocrx_word' id='word_1_471' title='bbox 1552 2191 1604 2225; x_wconf 85' lang='lat' dir='ltr'><strong>est)</strong></span> <span class='ocrx_word' id='word_1_472' title='bbox 1618 2190 1767 2226; x_wconf 79' lang='lat' dir='ltr'><strong>Polychro-</strong></span> 
     </span>
    </p>
   </div>
   <div class='ocr_carea' id='block_1_41' title="bbox 146 2234 1767 2274">
    <p class='ocr_par' dir='ltr' id='par_1_41' title="bbox 146 2234 1767 2274">
     <span class='ocr_line' id='line_1_41' title="bbox 146 2234 1767 2274; baseline -0.001 -9"><span class='ocrx_word' id='word_1_473' title='bbox 146 2240 205 2266; x_wconf 87' lang='lat' dir='ltr'><strong>nius</strong></span> <span class='ocrx_word' id='word_1_474' title='bbox 219 2239 383 2273; x_wconf 86' lang='lat' dir='ltr'><strong>Apamensis</strong></span> <span class='ocrx_word' id='word_1_475' title='bbox 398 2239 543 2273; x_wconf 84' lang='lat' dir='ltr'><strong>episcopus</strong></span> <span class='ocrx_word' id='word_1_476' title='bbox 554 2238 636 2264; x_wconf 86' lang='lat' dir='ltr'><strong>brcve</strong></span> <span class='ocrx_word' id='word_1_477' title='bbox 651 2238 714 2264; x_wconf 90' lang='lat' dir='ltr'><strong>olim</strong></span> <span class='ocrx_word' id='word_1_478' title='bbox 731 2238 881 2272; x_wconf 83' lang='lat' dir='ltr'><strong>capitulum</strong></span> <span class='ocrx_word' id='word_1_479' title='bbox 894 2239 1018 2274; x_wconf 81' lang='lat' dir='ltr'><strong>scripsit,</strong></span> <span class='ocrx_word' id='word_1_480' title='bbox 1034 2239 1106 2272; x_wconf 89' lang='lat' dir='ltr'><strong>quod</strong></span> <span class='ocrx_word' id='word_1_481' title='bbox 1121 2247 1172 2265; x_wconf 87' lang='lat' dir='ltr'><strong>nos</strong></span> <span class='ocrx_word' id='word_1_482' title='bbox 1189 2240 1214 2265; x_wconf 90' lang='lat' dir='ltr'><strong>in</strong></span> <span class='ocrx_word' id='word_1_483' title='bbox 1226 2237 1416 2271; x_wconf 79' lang='lat' dir='ltr'><strong>antiquissimo</strong></span> <span class='ocrx_word' id='word_1_484' title='bbox 1427 2234 1522 2264; x_wconf 90' lang='lat' dir='ltr'><strong>codice</strong></span> <span class='ocrx_word' id='word_1_485' title='bbox 1532 2235 1663 2264; x_wconf 78' lang='lat' dir='ltr'><strong>Vaticano</strong></span> <span class='ocrx_word' id='word_1_486' title='bbox 1673 2239 1767 2266; x_wconf 88' lang='lat' dir='ltr'><strong>obser-</strong></span> 
     </span>
    </p>
   </div>
   <div class='ocr_carea' id='block_1_42' title="bbox 143 2283 1767 2318">
    <p class='ocr_par' dir='ltr' id='par_1_42' title="bbox 143 2283 1767 2318">
     <span class='ocr_line' id='line_1_42' title="bbox 143 2283 1767 2318; baseline 0.002 -8"><span class='ocrx_word' id='word_1_487' title='bbox 143 2289 247 2316; x_wconf 78' lang='lat' dir='ltr'><strong>vatum,</strong></span> <span class='ocrx_word' id='word_1_488' title='bbox 261 2288 287 2312; x_wconf 87' lang='lat' dir='ltr'><strong>et</strong></span> <span class='ocrx_word' id='word_1_489' title='bbox 301 2292 316 2311; x_wconf 89' lang='lat' dir='ltr'><strong>a</strong></span> <span class='ocrx_word' id='word_1_490' title='bbox 332 2284 429 2311; x_wconf 83' lang='lat' dir='ltr'><strong>Photio</strong></span> <span class='ocrx_word' id='word_1_491' title='bbox 446 2285 527 2311; x_wconf 81' lang='lat' dir='ltr'><strong>etiam</strong></span> <span class='ocrx_word' id='word_1_492' title='bbox 542 2286 612 2310; x_wconf 85' lang='lat' dir='ltr'><strong>inter</strong></span> <span class='ocrx_word' id='word_1_493' title='bbox 628 2283 872 2317; x_wconf 82' lang='lat' dir='ltr'><strong>Amphilochianas</strong></span> <span class='ocrx_word' id='word_1_494' title='bbox 888 2284 1054 2318; x_wconf 77' lang='lat' dir='ltr'><strong>quaestiones</strong></span> <span class='ocrx_word' id='word_1_495' title='bbox 1076 2291 1144 2318; x_wconf 86' lang='lat' dir='ltr'><strong>quas</strong></span> <span class='ocrx_word' id='word_1_496' title='bbox 1163 2284 1299 2310; x_wconf 86' lang='lat' dir='ltr'><strong>edidimus</strong></span> <span class='ocrx_word' id='word_1_497' title='bbox 1319 2284 1444 2316; x_wconf 81' lang='lat' dir='ltr'><strong>relatum,</strong></span> <span class='ocrx_word' id='word_1_498' title='bbox 1470 2288 1534 2311; x_wconf 84' lang='lat' dir='ltr'><strong>ante</strong></span> <span class='ocrx_word' id='word_1_499' title='bbox 1560 2284 1609 2311; x_wconf 89' lang='lat' dir='ltr'><strong>hos</strong></span> <span class='ocrx_word' id='word_1_500' title='bbox 1632 2293 1719 2313; x_wconf 88' lang='lat' dir='ltr'><strong>annos</strong></span> <span class='ocrx_word' id='word_1_501' title='bbox 1739 2286 1767 2313; x_wconf 87' lang='lat' dir='ltr'><strong>in</strong></span> 
     </span>
    </p>
   </div>
   <div class='ocr_carea' id='block_1_43' title="bbox 145 2329 1766 2365">
    <p class='ocr_par' dir='ltr' id='par_1_43' title="bbox 145 2329 1766 2365">
     <span class='ocr_line' id='line_1_43' title="bbox 145 2329 1766 2365; baseline 0 -7"><span class='ocrx_word' id='word_1_502' title='bbox 145 2331 316 2365; x_wconf 80' lang='lat' dir='ltr'><strong>Scriptorum</strong></span> <span class='ocrx_word' id='word_1_503' title='bbox 331 2336 451 2357; x_wconf 88' lang='lat' dir='ltr'><strong>veterum</strong></span> <span class='ocrx_word' id='word_1_504' title='bbox 469 2330 556 2364; x_wconf 87' lang='lat' dir='ltr'><strong>primo</strong></span> <span class='ocrx_word' id='word_1_505' title='bbox 570 2329 709 2356; x_wconf 87' lang='lat' dir='ltr'><strong>volumine</strong></span> <span class='ocrx_word' id='word_1_506' title='bbox 733 2329 940 2357; x_wconf 84' lang='lat' dir='ltr'><strong>collocavitnus.</strong></span> <span class='ocrx_word' id='word_1_507' title='bbox 961 2329 1046 2362; x_wconf 81' lang='lat' dir='ltr'><strong>Quam</strong></span> <span class='ocrx_word' id='word_1_508' title='bbox 1069 2337 1141 2357; x_wconf 91' lang='lat' dir='ltr'><strong>nunc</strong></span> <span class='ocrx_word' id='word_1_509' title='bbox 1164 2336 1218 2356; x_wconf 86' lang='lat' dir='ltr'><strong>rem</strong></span> <span class='ocrx_word' id='word_1_510' title='bbox 1244 2335 1459 2356; x_wconf 71' lang='lat' dir='ltr'><strong>commemorare</strong></span> <span class='ocrx_word' id='word_1_511' title='bbox 1475 2337 1529 2356; x_wconf 89' lang='lat' dir='ltr'><strong>non</strong></span> <span class='ocrx_word' id='word_1_512' title='bbox 1545 2330 1595 2356; x_wconf 83' lang='lat' dir='ltr'><strong>fuit</strong></span> <span class='ocrx_word' id='word_1_513' title='bbox 1613 2330 1719 2361; x_wconf 82' lang='lat' dir='ltr'><strong>inutile,</strong></span> <span class='ocrx_word' id='word_1_514' title='bbox 1737 2337 1766 2358; x_wconf 87' lang='lat' dir='ltr'><strong>ut</strong></span> 
     </span>
    </p>
   </div>
   <div class='ocr_carea' id='block_1_44' title="bbox 144 2375 1766 2412">
    <p class='ocr_par' dir='ltr' id='par_1_44' title="bbox 144 2375 1766 2412">
     <span class='ocr_line' id='line_1_44' title="bbox 144 2375 1766 2412; baseline -0.001 -7"><span class='ocrx_word' id='word_1_515' title='bbox 144 2379 232 2412; x_wconf 88' lang='lat' dir='ltr'><strong>major</strong></span> <span class='ocrx_word' id='word_1_516' title='bbox 244 2379 308 2405; x_wconf 84' lang='lat' dir='ltr'><strong>hinc</strong></span> <span class='ocrx_word' id='word_1_517' title='bbox 325 2378 386 2404; x_wconf 90' lang='lat' dir='ltr'><strong>laus</strong></span> <span class='ocrx_word' id='word_1_518' title='bbox 403 2377 436 2403; x_wconf 90' lang='lat' dir='ltr'><strong>ad</strong></span> <span class='ocrx_word' id='word_1_519' title='bbox 454 2376 628 2411; x_wconf 81' lang='lat' dir='ltr'><strong>Polychronii</strong></span> <span class='ocrx_word' id='word_1_520' title='bbox 645 2376 756 2403; x_wconf 84' lang='lat' dir='ltr'><strong>fratrem</strong></span> <span class='ocrx_word' id='word_1_521' title='bbox 768 2376 943 2404; x_wconf 70' lang='lat' dir='ltr'><strong>Theodorum</strong></span> <span class='ocrx_word' id='word_1_522' title='bbox 957 2381 1081 2404; x_wconf 90' lang='lat' dir='ltr'><strong>nostrum</strong></span> <span class='ocrx_word' id='word_1_523' title='bbox 1096 2377 1314 2411; x_wconf 76' lang='lat' dir='ltr'><strong>Mopsuestenum</strong></span> <span class='ocrx_word' id='word_1_524' title='bbox 1332 2375 1477 2406; x_wconf 84' lang='lat' dir='ltr'><strong>redundet.</strong></span> <span class='ocrx_word' id='word_1_525' title='bbox 1494 2376 1575 2410; x_wconf 86' lang='lat' dir='ltr'><strong>cujus</strong></span> <span class='ocrx_word' id='word_1_526' title='bbox 1590 2382 1644 2403; x_wconf 88' lang='lat' dir='ltr'><strong>tam</strong></span> <span class='ocrx_word' id='word_1_527' title='bbox 1657 2378 1766 2412; x_wconf 89' lang='lat' dir='ltr'><strong>planam</strong></span> 
     </span>
    </p>
   </div>
   <div class='ocr_carea' id='block_1_45' title="bbox 143 2423 1765 2459">
    <p class='ocr_par' dir='ltr' id='par_1_45' title="bbox 143 2423 1765 2459">
     <span class='ocr_line' id='line_1_45' title="bbox 143 2423 1765 2459; baseline 0.001 -9"><span class='ocrx_word' id='word_1_528' title='bbox 143 2429 253 2459; x_wconf 88' lang='lat' dir='ltr'><strong>tamque</strong></span> <span class='ocrx_word' id='word_1_529' title='bbox 265 2424 439 2459; x_wconf 83' lang='lat' dir='ltr'><strong>perspicuam</strong></span> <span class='ocrx_word' id='word_1_530' title='bbox 458 2423 653 2458; x_wconf 81' lang='lat' dir='ltr'><strong>prophetarum</strong></span> <span class='ocrx_word' id='word_1_531' title='bbox 677 2424 813 2451; x_wconf 85' lang='lat' dir='ltr'><strong>minorum</strong></span> <span class='ocrx_word' id='word_1_532' title='bbox 835 2425 1090 2459; x_wconf 78' lang='lat' dir='ltr'><strong>interpretationem</strong></span> <span class='ocrx_word' id='word_1_533' title='bbox 1113 2424 1263 2455; x_wconf 79' lang='lat' dir='ltr'><strong>eﬂ&#39;erimus,</strong></span> <span class='ocrx_word' id='word_1_534' title='bbox 1287 2431 1403 2458; x_wconf 88' lang='lat' dir='ltr'><strong>quorum</strong></span> <span class='ocrx_word' id='word_1_535' title='bbox 1424 2425 1583 2459; x_wconf 84' lang='lat' dir='ltr'><strong>plerumque</strong></span> <span class='ocrx_word' id='word_1_536' title='bbox 1598 2425 1726 2457; x_wconf 91' lang='lat' dir='ltr'><strong>elocutio,</strong></span> <span class='ocrx_word' id='word_1_537' title='bbox 1742 2426 1765 2452; x_wconf 88' lang='lat' dir='ltr'><strong>si</strong></span> 
     </span>
    </p>
   </div>
   <div class='ocr_carea' id='block_1_46' title="bbox 143 2471 1764 2507">
    <p class='ocr_par' dir='ltr' id='par_1_46' title="bbox 143 2471 1764 2507">
     <span class='ocr_line' id='line_1_46' title="bbox 143 2471 1764 2507; baseline 0.001 -11"><span class='ocrx_word' id='word_1_538' title='bbox 143 2471 214 2497; x_wconf 90' lang='lat' dir='ltr'><strong>nuda</strong></span> <span class='ocrx_word' id='word_1_539' title='bbox 233 2475 380 2505; x_wconf 90' lang='lat' dir='ltr'><strong>spectetur,</strong></span> <span class='ocrx_word' id='word_1_540' title='bbox 400 2478 469 2505; x_wconf 84' lang='lat' dir='ltr'><strong>pene</strong></span> <span class='ocrx_word' id='word_1_541' title='bbox 486 2478 541 2505; x_wconf 68' lang='lat' dir='ltr'><strong>prae</strong></span> <span class='ocrx_word' id='word_1_542' title='bbox 565 2472 673 2498; x_wconf 82' lang='lat' dir='ltr'><strong>caeteris</strong></span> <span class='ocrx_word' id='word_1_543' title='bbox 689 2476 876 2498; x_wconf 68' lang='lat' dir='ltr'><strong>sacrosancta:</strong></span> <span class='ocrx_word' id='word_1_544' title='bbox 891 2473 1041 2507; x_wconf 71' lang='lat' dir='ltr'><strong>Scriptura:</strong></span> <span class='ocrx_word' id='word_1_545' title='bbox 1056 2472 1215 2499; x_wconf 84' lang='lat' dir='ltr'><strong>auctoribus</strong></span> <span class='ocrx_word' id='word_1_546' title='bbox 1231 2472 1407 2499; x_wconf 88' lang='lat' dir='ltr'><strong>obscuritatis</strong></span> <span class='ocrx_word' id='word_1_547' title='bbox 1422 2471 1538 2505; x_wconf 81' lang='lat' dir='ltr'><strong>caligine</strong></span> <span class='ocrx_word' id='word_1_548' title='bbox 1552 2471 1637 2505; x_wconf 86' lang='lat' dir='ltr'><strong>premi</strong></span> <span class='ocrx_word' id='word_1_549' title='bbox 1648 2471 1764 2499; x_wconf 88' lang='lat' dir='ltr'><strong>videtur.</strong></span> 
     </span>
    </p>
   </div>
   <div class='ocr_carea' id='block_1_47' title="bbox 142 2515 1767 2554">
    <p class='ocr_par' dir='ltr' id='par_1_47' title="bbox 142 2515 1767 2554">
     <span class='ocr_line' id='line_1_47' title="bbox 142 2515 1767 2554; baseline 0.002 -12"><span class='ocrx_word' id='word_1_550' title='bbox 142 2515 175 2542; x_wconf 82' lang='lat' dir='ltr'><strong>Et</strong></span> <span class='ocrx_word' id='word_1_551' title='bbox 189 2516 370 2543; x_wconf 88' lang='lat' dir='ltr'><strong>nihilominus</strong></span> <span class='ocrx_word' id='word_1_552' title='bbox 388 2517 543 2544; x_wconf 88' lang='lat' dir='ltr'><strong>luminosus</strong></span> <span class='ocrx_word' id='word_1_553' title='bbox 558 2518 626 2544; x_wconf 88' lang='lat' dir='ltr'><strong>adeo</strong></span> <span class='ocrx_word' id='word_1_554' title='bbox 643 2518 686 2544; x_wconf 88' lang='lat' dir='ltr'><strong>vir</strong></span> <span class='ocrx_word' id='word_1_555' title='bbox 700 2517 864 2546; x_wconf 89' lang='lat' dir='ltr'><strong>Theodorus</strong></span> <span class='ocrx_word' id='word_1_556' title='bbox 886 2519 986 2546; x_wconf 84' lang='lat' dir='ltr'><strong>librum</strong></span> <span class='ocrx_word' id='word_1_557' title='bbox 1003 2519 1062 2554; x_wconf 89' lang='lat' dir='ltr'><strong>ipse</strong></span> <span class='ocrx_word' id='word_1_558' title='bbox 1078 2527 1187 2554; x_wconf 86' lang='lat' dir='ltr'><strong>quoque</strong></span> <span class='ocrx_word' id='word_1_559' title='bbox 1209 2519 1243 2546; x_wconf 91' lang='lat' dir='ltr'><strong>de</strong></span> <span class='ocrx_word' id='word_1_560' title='bbox 1263 2519 1379 2546; x_wconf 86' lang='lat' dir='ltr'><strong>obscura</strong></span> <span class='ocrx_word' id='word_1_561' title='bbox 1398 2519 1536 2547; x_wconf 76' lang='lat' dir='ltr'><strong>locutione</strong></span> <span class='ocrx_word' id='word_1_562' title='bbox 1558 2519 1718 2552; x_wconf 77' lang='lat' dir='ltr'><strong>(Bibliorum</strong></span> <span class='ocrx_word' id='word_1_563' title='bbox 1737 2523 1767 2547; x_wconf 87' lang='lat' dir='ltr'><strong>ut</strong></span> 
     </span>
    </p>
   </div>
   <div class='ocr_carea' id='block_1_48' title="bbox 143 2562 1766 2601">
    <p class='ocr_par' dir='ltr' id='par_1_48' title="bbox 143 2562 1766 2601">
     <span class='ocr_line' id='line_1_48' title="bbox 143 2562 1766 2601; baseline 0.003 -13"><span class='ocrx_word' id='word_1_564' title='bbox 143 2562 221 2597; x_wconf 87' lang='lat' dir='ltr'><strong>puto)</strong></span> <span class='ocrx_word' id='word_1_565' title='bbox 236 2563 452 2597; x_wconf 86' lang='lat' dir='ltr'><strong>conscripserat.</strong></span> <span class='ocrx_word' id='word_1_566' title='bbox 470 2565 504 2592; x_wconf 90' lang='lat' dir='ltr'><strong>ab</strong></span> <span class='ocrx_word' id='word_1_567' title='bbox 521 2564 656 2592; x_wconf 88' lang='lat' dir='ltr'><strong>Ebediesu</strong></span> <span class='ocrx_word' id='word_1_568' title='bbox 679 2566 706 2592; x_wconf 93' lang='lat' dir='ltr'><strong>in</strong></span> <span class='ocrx_word' id='word_1_569' title='bbox 722 2566 846 2600; x_wconf 82' lang='lat' dir='ltr'><strong>catalogo</strong></span> <span class='ocrx_word' id='word_1_570' title='bbox 861 2574 912 2593; x_wconf 90' lang='lat' dir='ltr'><strong>suo</strong></span> <span class='ocrx_word' id='word_1_571' title='bbox 933 2571 1125 2596; x_wconf 83' lang='lat' dir='ltr'><strong>memoratum.</strong></span> <span class='ocrx_word' id='word_1_572' title='bbox 1147 2575 1201 2601; x_wconf 91' lang='lat' dir='ltr'><strong>quo</strong></span> <span class='ocrx_word' id='word_1_573' title='bbox 1219 2567 1323 2601; x_wconf 89' lang='lat' dir='ltr'><strong>scripto</strong></span> <span class='ocrx_word' id='word_1_574' title='bbox 1342 2567 1418 2593; x_wconf 82' lang='lat' dir='ltr'><strong>fratri</strong></span> <span class='ocrx_word' id='word_1_575' title='bbox 1435 2573 1486 2593; x_wconf 89' lang='lat' dir='ltr'><strong>suo</strong></span> <span class='ocrx_word' id='word_1_576' title='bbox 1502 2564 1684 2599; x_wconf 71' lang='lat' dir='ltr'><strong>Polyehronio</strong></span> <span class='ocrx_word' id='word_1_577' title='bbox 1700 2571 1766 2600; x_wconf 86' lang='lat' dir='ltr'><strong>sup-</strong></span> 
     </span>
    </p>
   </div>
   <div class='ocr_carea' id='block_1_49' title="bbox 143 2609 1767 2649">
    <p class='ocr_par' dir='ltr' id='par_1_49' title="bbox 143 2609 1767 2649">
     <span class='ocr_line' id='line_1_49' title="bbox 143 2609 1767 2649; baseline 0.003 -15"><span class='ocrx_word' id='word_1_578' title='bbox 143 2610 231 2642; x_wconf 57' lang='lat' dir='ltr'><strong>petias</strong></span> <span class='ocrx_word' id='word_1_579' title='bbox 259 2609 377 2636; x_wconf 87' lang='lat' dir='ltr'><strong>fortasse</strong></span> <span class='ocrx_word' id='word_1_580' title='bbox 401 2611 514 2639; x_wconf 81' lang='lat' dir='ltr'><strong>ferebat.</strong></span> <span class='ocrx_word' id='word_1_581' title='bbox 535 2612 589 2640; x_wconf 88' lang='lat' dir='ltr'><strong>Sed</strong></span> <span class='ocrx_word' id='word_1_582' title='bbox 605 2621 697 2641; x_wconf 89' lang='lat' dir='ltr'><strong>nonne</strong></span> <span class='ocrx_word' id='word_1_583' title='bbox 715 2621 791 2647; x_wconf 84' lang='lat' dir='ltr'><strong>vero,</strong></span> <span class='ocrx_word' id='word_1_584' title='bbox 805 2615 879 2641; x_wconf 89' lang='lat' dir='ltr'><strong>dicet</strong></span> <span class='ocrx_word' id='word_1_585' title='bbox 890 2615 1001 2649; x_wconf 82' lang='lat' dir='ltr'><strong>aliquis,</strong></span> <span class='ocrx_word' id='word_1_586' title='bbox 1019 2614 1079 2641; x_wconf 73' lang='lat' dir='ltr'><strong>alia:</strong></span> <span class='ocrx_word' id='word_1_587' title='bbox 1095 2615 1178 2641; x_wconf 86' lang='lat' dir='ltr'><strong>etiam</strong></span> <span class='ocrx_word' id='word_1_588' title='bbox 1194 2619 1305 2641; x_wconf 83' lang='lat' dir='ltr'><strong>exstant</strong></span> <span class='ocrx_word' id='word_1_589' title='bbox 1324 2614 1358 2641; x_wconf 88' lang='lat' dir='ltr'><strong>ad</strong></span> <span class='ocrx_word' id='word_1_590' title='bbox 1375 2615 1424 2641; x_wconf 86' lang='lat' dir='ltr'><strong>hos</strong></span> <span class='ocrx_word' id='word_1_591' title='bbox 1444 2614 1600 2641; x_wconf 85' lang='lat' dir='ltr'><strong>salebrosos</strong></span> <span class='ocrx_word' id='word_1_592' title='bbox 1621 2612 1767 2647; x_wconf 83' lang='lat' dir='ltr'><strong>prophetas</strong></span> 
     </span>
    </p>
   </div>
   <div class='ocr_carea' id='block_1_50' title="bbox 142 2659 1765 2698">
    <p class='ocr_par' dir='ltr' id='par_1_50' title="bbox 142 2659 1765 2698">
     <span class='ocr_line' id='line_1_50' title="bbox 142 2659 1765 2698; baseline 0 -14"><span class='ocrx_word' id='word_1_593' title='bbox 142 2659 368 2692; x_wconf 74' lang='lat' dir='ltr'><strong>explanationes?</strong></span> <span class='ocrx_word' id='word_1_594' title='bbox 382 2660 497 2689; x_wconf 81' lang='lat' dir='ltr'><strong>Exstant</strong></span> <span class='ocrx_word' id='word_1_595' title='bbox 516 2670 591 2695; x_wconf 84' lang='lat' dir='ltr'><strong>sane,</strong></span> <span class='ocrx_word' id='word_1_596' title='bbox 612 2669 641 2690; x_wconf 92' lang='lat' dir='ltr'><strong>ut</strong></span> <span class='ocrx_word' id='word_1_597' title='bbox 658 2664 762 2698; x_wconf 88' lang='lat' dir='ltr'><strong>publici</strong></span> <span class='ocrx_word' id='word_1_598' title='bbox 781 2665 843 2692; x_wconf 91' lang='lat' dir='ltr'><strong>libri</strong></span> <span class='ocrx_word' id='word_1_599' title='bbox 866 2665 976 2695; x_wconf 78' lang='lat' dir='ltr'><strong>docent,</strong></span> <span class='ocrx_word' id='word_1_600' title='bbox 996 2668 1080 2698; x_wconf 90' lang='lat' dir='ltr'><strong>utque</strong></span> <span class='ocrx_word' id='word_1_601' title='bbox 1106 2664 1174 2690; x_wconf 87' lang='lat' dir='ltr'><strong>alias</strong></span> <span class='ocrx_word' id='word_1_602' title='bbox 1201 2663 1364 2690; x_wconf 89' lang='lat' dir='ltr'><strong>nominatim</strong></span> <span class='ocrx_word' id='word_1_603' title='bbox 1387 2661 1534 2693; x_wconf 83' lang='lat' dir='ltr'><strong>recensui;</strong></span> <span class='ocrx_word' id='word_1_604' title='bbox 1555 2660 1709 2695; x_wconf 89' lang='lat' dir='ltr'><strong>mirumque</strong></span> <span class='ocrx_word' id='word_1_605' title='bbox 1725 2664 1765 2686; x_wconf 87' lang='lat' dir='ltr'><strong>est</strong></span> 
     </span>
    </p>
   </div>
   <div class='ocr_carea' id='block_1_51' title="bbox 142 2704 1764 2746">
    <p class='ocr_par' dir='ltr' id='par_1_51' title="bbox 142 2704 1764 2746">
     <span class='ocr_line' id='line_1_51' title="bbox 142 2704 1764 2746; baseline 0.001 -15"><span class='ocrx_word' id='word_1_606' title='bbox 142 2704 215 2738; x_wconf 83' lang='lat' dir='ltr'><strong>quod</strong></span> <span class='ocrx_word' id='word_1_607' title='bbox 234 2705 305 2732; x_wconf 90' lang='lat' dir='ltr'><strong>intra</strong></span> <span class='ocrx_word' id='word_1_608' title='bbox 317 2706 514 2742; x_wconf 79' lang='lat' dir='ltr'><strong>quinquaginta</strong></span> <span class='ocrx_word' id='word_1_609' title='bbox 527 2710 637 2738; x_wconf 85' lang='lat' dir='ltr'><strong>circiter</strong></span> <span class='ocrx_word' id='word_1_610' title='bbox 653 2719 750 2742; x_wconf 82' lang='lat' dir='ltr'><strong>annos,</strong></span> <span class='ocrx_word' id='word_1_611' title='bbox 765 2719 862 2746; x_wconf 88' lang='lat' dir='ltr'><strong>nempe</strong></span> <span class='ocrx_word' id='word_1_612' title='bbox 874 2712 908 2738; x_wconf 88' lang='lat' dir='ltr'><strong>ab</strong></span> <span class='ocrx_word' id='word_1_613' title='bbox 919 2716 1041 2739; x_wconf 76' lang='lat' dir='ltr'><strong>extrema</strong></span> <span class='ocrx_word' id='word_1_614' title='bbox 1057 2712 1150 2738; x_wconf 65' lang='lat' dir='ltr'><strong>saeculi</strong></span> <span class='ocrx_word' id='word_1_615' title='bbox 1168 2712 1257 2746; x_wconf 90' lang='lat' dir='ltr'><strong>quarti</strong></span> <span class='ocrx_word' id='word_1_616' title='bbox 1275 2715 1364 2745; x_wconf 87' lang='lat' dir='ltr'><strong>parte,</strong></span> <span class='ocrx_word' id='word_1_617' title='bbox 1379 2710 1411 2737; x_wconf 92' lang='lat' dir='ltr'><strong>ad</strong></span> <span class='ocrx_word' id='word_1_618' title='bbox 1434 2709 1552 2736; x_wconf 91' lang='lat' dir='ltr'><strong>medium</strong></span> <span class='ocrx_word' id='word_1_619' title='bbox 1569 2708 1626 2736; x_wconf 90' lang='lat' dir='ltr'><strong>fere</strong></span> <span class='ocrx_word' id='word_1_620' title='bbox 1636 2707 1764 2735; x_wconf 63' lang='lat' dir='ltr'><strong>saeculum</strong></span> 
     </span>
    </p>
   </div>
   <div class='ocr_carea' id='block_1_52' title="bbox 141 2750 1765 2790">
    <p class='ocr_par' dir='ltr' id='par_1_52' title="bbox 141 2750 1765 2790">
     <span class='ocr_line' id='line_1_52' title="bbox 141 2750 1765 2790; baseline 0.002 -14"><span class='ocrx_word' id='word_1_621' title='bbox 141 2750 268 2782; x_wconf 79' lang='lat' dir='ltr'><strong>quintum</strong></span> <span class='ocrx_word' id='word_1_622' title='bbox 293 2751 376 2785; x_wconf 88' lang='lat' dir='ltr'><strong>(quod</strong></span> <span class='ocrx_word' id='word_1_623' title='bbox 404 2752 497 2780; x_wconf 87' lang='lat' dir='ltr'><strong>hcrelc</strong></span> <span class='ocrx_word' id='word_1_624' title='bbox 519 2754 626 2782; x_wconf 86' lang='lat' dir='ltr'><strong>doctius</strong></span> <span class='ocrx_word' id='word_1_625' title='bbox 652 2756 780 2783; x_wconf 66' lang='lat' dir='ltr'><strong>Ecclesiae.</strong></span> <span class='ocrx_word' id='word_1_626' title='bbox 801 2764 887 2782; x_wconf 59' lang='lat' dir='ltr'><strong>aevum</strong></span> <span class='ocrx_word' id='word_1_627' title='bbox 913 2757 975 2789; x_wconf 87' lang='lat' dir='ltr'><strong>fuit)</strong></span> <span class='ocrx_word' id='word_1_628' title='bbox 997 2756 1147 2782; x_wconf 76' lang='lat' dir='ltr'><strong>floruerunt</strong></span> <span class='ocrx_word' id='word_1_629' title='bbox 1170 2756 1331 2783; x_wconf 78' lang='lat' dir='ltr'><strong>nobiliSsimi</strong></span> <span class='ocrx_word' id='word_1_630' title='bbox 1353 2756 1545 2790; x_wconf 86' lang='lat' dir='ltr'><strong>prophetarum</strong></span> <span class='ocrx_word' id='word_1_631' title='bbox 1568 2754 1663 2781; x_wconf 87' lang='lat' dir='ltr'><strong>horum</strong></span> <span class='ocrx_word' id='word_1_632' title='bbox 1682 2754 1765 2780; x_wconf 85' lang='lat' dir='ltr'><strong>inter-</strong></span> 
     </span>
    </p>
   </div>
   <div class='ocr_carea' id='block_1_53' title="bbox 164 2795 1765 2836">
    <p class='ocr_par' dir='ltr' id='par_1_53' title="bbox 164 2795 1765 2836">
     <span class='ocr_line' id='line_1_53' title="bbox 164 2795 1765 2836; baseline 0.003 -15"><span class='ocrx_word' id='word_1_633' title='bbox 164 2800 234 2822; x_wconf 87' lang='lat' dir='ltr'><strong>retes</strong></span> <span class='ocrx_word' id='word_1_634' title='bbox 251 2795 396 2823; x_wconf 76' lang='lat' dir='ltr'><strong>Theodoro</strong></span> <span class='ocrx_word' id='word_1_635' title='bbox 414 2802 509 2823; x_wconf 78' lang='lat' dir='ltr'><strong>nostro</strong></span> <span class='ocrx_word' id='word_1_636' title='bbox 525 2802 760 2834; x_wconf 85' lang='lat' dir='ltr'><strong>eontemporanei,</strong></span> <span class='ocrx_word' id='word_1_637' title='bbox 778 2801 804 2832; x_wconf 77' lang='lat' dir='ltr'><strong>l,</strong></span> <span class='ocrx_word' id='word_1_638' title='bbox 827 2801 857 2828; x_wconf 91' lang='lat' dir='ltr'><strong>S.</strong></span> <span class='ocrx_word' id='word_1_639' title='bbox 874 2801 1070 2836; x_wconf 73' lang='lat' dir='ltr'><strong>Hieronymus;</strong></span> <span class='ocrx_word' id='word_1_640' title='bbox 1092 2802 1120 2831; x_wconf 73' lang='lat'><strong>2,</strong></span> <span class='ocrx_word' id='word_1_641' title='bbox 1140 2800 1266 2833; x_wconf 70' lang='lat' dir='ltr'><strong>Rulinus,</strong></span> <span class='ocrx_word' id='word_1_642' title='bbox 1286 2806 1315 2828; x_wconf 92' lang='lat' dir='ltr'><strong>ut</strong></span> <span class='ocrx_word' id='word_1_643' title='bbox 1331 2802 1410 2836; x_wconf 88' lang='lat' dir='ltr'><strong>vulgo</strong></span> <span class='ocrx_word' id='word_1_644' title='bbox 1429 2801 1455 2827; x_wconf 94' lang='lat' dir='ltr'><strong>in</strong></span> <span class='ocrx_word' id='word_1_645' title='bbox 1476 2800 1618 2827; x_wconf 89' lang='lat' dir='ltr'><strong>codicibus</strong></span> <span class='ocrx_word' id='word_1_646' title='bbox 1632 2799 1765 2834; x_wconf 85' lang='lat' dir='ltr'><strong>librisque</strong></span> 
     </span>
    </p>
   </div>
   <div class='ocr_carea' id='block_1_54' title="bbox 145 2840 1763 2880">
    <p class='ocr_par' dir='ltr' id='par_1_54' title="bbox 145 2840 1763 2880">
     <span class='ocr_line' id='line_1_54' title="bbox 145 2840 1763 2880; baseline 0.003 -14"><span class='ocrx_word' id='word_1_647' title='bbox 145 2840 292 2873; x_wconf 81' lang='lat' dir='ltr'><strong>scribitur;</strong></span> <span class='ocrx_word' id='word_1_648' title='bbox 309 2842 335 2872; x_wconf 71' lang='grc' dir='ltr'><strong>ἶ),</strong></span> <span class='ocrx_word' id='word_1_649' title='bbox 349 2841 377 2868; x_wconf 90' lang='lat' dir='ltr'><strong>S.</strong></span> <span class='ocrx_word' id='word_1_650' title='bbox 390 2843 507 2876; x_wconf 84' lang='lat' dir='ltr'><strong>Cyrillus</strong></span> <span class='ocrx_word' id='word_1_651' title='bbox 523 2844 740 2877; x_wconf 76' lang='lat' dir='ltr'><strong>Alexandrinus;</strong></span> <span class='ocrx_word' id='word_1_652' title='bbox 759 2846 785 2877; x_wconf 71' lang='grc'><strong>4,</strong></span> <span class='ocrx_word' id='word_1_653' title='bbox 802 2845 1000 2873; x_wconf 82' lang='lat' dir='ltr'><strong>Thcodorctus.</strong></span> <span class='ocrx_word' id='word_1_654' title='bbox 1021 2845 1124 2872; x_wconf 84' lang='lat' dir='ltr'><strong>Horum</strong></span> <span class='ocrx_word' id='word_1_655' title='bbox 1146 2846 1257 2880; x_wconf 89' lang='lat' dir='ltr'><strong>inquam</strong></span> <span class='ocrx_word' id='word_1_656' title='bbox 1277 2846 1397 2872; x_wconf 89' lang='lat' dir='ltr'><strong>omnium</strong></span> <span class='ocrx_word' id='word_1_657' title='bbox 1417 2846 1542 2872; x_wconf 72' lang='lat' dir='ltr'><strong>videnu’ts</strong></span> <span class='ocrx_word' id='word_1_658' title='bbox 1559 2845 1630 2880; x_wconf 84' lang='lat' dir='ltr'><strong>typis</strong></span> <span class='ocrx_word' id='word_1_659' title='bbox 1646 2845 1763 2879; x_wconf 73' lang='lat' dir='ltr'><strong>imprcs~</strong></span> 
     </span>
    </p>
   </div>
   <div class='ocr_carea' id='block_1_55' title="bbox 149 2885 1764 2926">
    <p class='ocr_par' dir='ltr' id='par_1_55' title="bbox 149 2885 1764 2926">
     <span class='ocr_line' id='line_1_55' title="bbox 149 2885 1764 2926; baseline 0.002 -11"><span class='ocrx_word' id='word_1_660' title='bbox 149 2892 193 2912; x_wconf 68' lang='lat' dir='ltr'><strong>ﬂos</strong></span> <span class='ocrx_word' id='word_1_661' title='bbox 209 2885 362 2916; x_wconf 70' lang='lat' dir='ltr'><strong>luculento;</strong></span> <span class='ocrx_word' id='word_1_662' title='bbox 372 2890 592 2919; x_wconf 75' lang='lat' dir='ltr'><strong>cmmncntat&#39;ios.</strong></span> <span class='ocrx_word' id='word_1_663' title='bbox 609 2897 677 2924; x_wconf 84' lang='lat' dir='ltr'><strong>quos</strong></span> <span class='ocrx_word' id='word_1_664' title='bbox 689 2899 750 2917; x_wconf 75' lang='lat' dir='ltr'><strong>cun:</strong></span> <span class='ocrx_word' id='word_1_665' title='bbox 764 2891 955 2923; x_wconf 74' lang='lat' dir='ltr'><strong>Illopsucstcnu</strong></span> <span class='ocrx_word' id='word_1_666' title='bbox 971 2896 1067 2919; x_wconf 70' lang='lat' dir='ltr'><strong>nostro</strong></span> <span class='ocrx_word' id='word_1_667' title='bbox 1089 2891 1225 2924; x_wconf 77' lang='lat' dir='ltr'><strong>conferre,</strong></span> <span class='ocrx_word' id='word_1_668' title='bbox 1243 2891 1358 2926; x_wconf 84' lang='lat' dir='ltr'><strong>perutile</strong></span> <span class='ocrx_word' id='word_1_669' title='bbox 1374 2891 1581 2926; x_wconf 81' lang='lat' dir='ltr'><strong>jucundumquc</strong></span> <span class='ocrx_word' id='word_1_670' title='bbox 1599 2891 1693 2918; x_wconf 80' lang='lat' dir='ltr'><strong>lectori</strong></span> <span class='ocrx_word' id='word_1_671' title='bbox 1708 2890 1764 2919; x_wconf 78' lang='lat' dir='ltr'><strong>fore</strong></span> 
     </span>
    </p>
   </div>
  </div>
