1947 3071
134 166 181 195 εδει
755 169 834 197 ANG.
857 169 902 197 MA

994 169 1140 197 ΑΞΕἌΤΙΟ.
1716 170 1763 196 122

131 229 200 260 puto
215 234 221 252 :
234 225 337 260 quibus
350 233 403 261 ego
419 226 468 253 etsi
487 224 552 252 nihil
567 224 712 252 detrahere
730 227 802 258 volo,
820 227 864 253 aio
880 226 1062 253 nihilominus
1079 229 1202 252 nostrum
1223 224 1296 253 hunc
1314 225 1400 252 videri
1420 225 1556 253 scribendi
1577 230 1635 253 arte
1656 233 1709 253 non
1723 226 1766 252 in-

131 271 271 303 feriorem,
287 271 464 306 limpitudine
480 278 567 299 autem
584 276 610 299 et
624 274 743 300 naturali
755 273 873 308 quadam
886 273 1016 300 l‘acilitate
1030 281 1114 307 prope
1134 273 1291 307 gratiore.
1315 271 1431 299 Felicem
1447 281 1541 300 rursus
1558 277 1663 300 a:tatem
1690 272 1764 299 illam

131 316 263 350 prmdico,
278 324 340 351 qua:
363 324 460 351 praeter
475 319 524 345 hos
542 319 675 353 quinque,
691 319 754 345 tulit
773 326 799 346 et
822 319 891 346 alios
915 326 989 346 nunc
1012 318 1168 354 deperditos
1189 317 1347 344 eornmdem
1369 318 1562 352 prophetarum
1587 317 1764 351 interpretes:

131 361 240 389 scilicet
259 362 406 398 Didymum
421 369 488 393 teste
502 366 667 402 Hieronymo
687 367 723 394 De
739 367 788 395 vir.
806 367 847 394 ill.
863 375 888 394 c.
906 367 973 400 109;
989 367 1229 402 Chrysostomum,
1242 373 1323 400 quem
1341 373 1371 393 se
1391 366 1489 401 legisse
1506 367 1543 393 ait
1561 366 1587 392 in
1603 365 1764 400 prmfatione

130 416 184 435 sua
202 408 329 442 Ruﬁnus.
346 414 503 448 pariterque
519 413 689 449 Ephnemius
705 416 893 443 Antiochenus
917 416 989 451 apud
1005 415 1132 442 Photium
1148 415 1222 450 (cod.
1240 414 1300 445 129,
1317 414 1360 441 ed.
1376 422 1403 449 p.
1417 413 1495 447 8‘20);
1516 412 1663 439 Eudociam
1687 411 1764 438 deni-

130 463 186 506 tl'te
204 462 363 506 augustam,
379 464 408 486 ut
421 460 489 487 idem
506 462 532 506 in
550 462 645 490 codice
664 463 714 490 184
743 464 828 490 tradit
841 464 964 492 Photius.
982 464 1058 497 Quod
1075 464 1097 491 si
1114 471 1177 491 vera
1192 468 1234 490 est
1248 462 1411 490 Parisiensis
1424 461 1527 489 codicis
1544 461 1594 488 ΗΞ
1608 459 1762 495 inscriptio,

130 500 199 552 latet
215 501 252 528 ibi
265 504 349 552 coaevi
367 506 506 538 praedictis
523 505 668 541 Epiphanii
692 509 720 534 in
744 507 898 535 Nahumum
922 510 1129 535 commentatio.
1159 508 1227 535 Nam
1253 508 1398 542 cnjusnam
1421 508 1513 536 saeculi
1531 508 1612 535 homo
1628 508 1652 534 is
1670 507 1761 539 fuerit,

130 549 214 580 cujus
237 555 288 575 nos
314 549 380 576 olim
407 551 558 586 fragmenta
577 553 631 580 tria
653 555 831 582 recitarimus
852 555 897 589 (Sc

994 561 1034 583 iet.
1054 564 1100 587 vn,
1129 564 1155 590 p.
1173 556 1234 590 68),
1258 556 1309 582 hoc
1325 556 1405 582 titulo
1421 565 1428 583 :
1443 555 1572 586 Ἐϐίωνος
1585 557 1616 582 ὲκ
1631 555 1681 590 τῆς
1698 554 1763 590 περὶ

130 596 282 630 προφητῶν
298 596 464 634 ἐξηγήσεως,
482 600 591 628 Ebionis
603 609 635 627 ea:
647 605 814 630 enarratione
832 605 859 630 in
870 612 899 638 pr

997 613 1020 635 ε,
1036 612 1091 630 non
1112 603 1192 631 facile
1208 603 1354 631 deﬁnietur
1372 612 1379 630 :
1396 601 1497 629 etenim
1516 601 1543 627 in
1564 600 1659 627 codice
1677 599 1763 626 nobili

130 641 278 693 Faticano,
295 653 377 693 queui
394 646 491 674 iterum
507 648 689 682 inspeximus,
704 649 837 676 scribitur
853 650 998 684 perspicue
1012 649 1150 681 ‘E6Emvoq,
1169 649 1206 676 ita
1226 653 1255 676 ut
1275 649 1450 684 cogitandum
1468 647 1595 673 videatur
1613 645 1646 672 de
1660 645 1764 672 Ebione

130 683 248 714 Joannis
262 689 378 722 apostoli
391 695 632 725 contemporaneo.
656 693 727 720 Sane
750 693 881 725 Ebionaei,
899 683 1012 721 auctore
1033 694 1191 721 authentico
1214 683 1366 729 Epiphanio
1387 693 1454 728 (liter
1477 691 1563 723 XXX,
1582 691 1637 725 18),
1651 694 1766 718 caeteros

131 732 282 766 prophetas
301 733 480 767 detestantes,
496 745 580 764 unum
596 738 738 765 Christum
759 739 946 773 agnoscebant
967 739 1140 774 prophetam.
1161 739 1195 766 de
1212 748 1267 774 quo
1284 748 1338 766 uno
1354 746 1451 773 reapse
1472 738 1525 764 tria
1544 737 1590 764 illa
1612 737 1764 771 fragmenta

133 777 297 828 loquuntur.
315 779 349 828 At
370 788 435 828 vero
453 780 578 808 Labbeus
600 782 752 816 (conspect.
765 791 809 817 op.
826 782 952 810 Damasc.
973 791 1001 818 p.
1020 783 1075 818 50),
1094 783 1199 817 legebat
1218 785 1245 810 in
1262 783 1356 811 codice
1369 784 1510 812 Gallicana
1533 783 1678 814 Εὐόἰωνος.
1698 782 1763 809 Utra

131 821 218 850 lectio
234 825 272 850 sit
287 825 387 857 verior,
403 826 475 854 Deus
488 828 556 862 scit;
574 829 621 857 sed
632 834 706 857 certe
720 835 746 857 et
757 830 864 857 Eubion
883 831 1014 865 antiquus
1032 831 1112 857 homo
1124 830 1186 862 fuit,
1198 830 1419 866 quandoquidem
1433 831 1598 858 Anastasius
1611 829 1762 865 presbyter,

133 869 206 902 apud
222 878 304 904 quem
321 871 473 907 fragmenta
488 874 534 901 illa
550 881 658 904 servata
670 881 745 908 sunt,
765 878 797 903 ad
813 879 901 911 prisca
917 878 1017 904 saecula
1035 879 1164 912 pertinet,
1180 885 1230 905 nec
1250 878 1305 905 fere
1324 878 1516 912 Mopsuesteno
1535 877 1672 905 recentior
1686 877 1763 911 judi-

133 916 240 966 candus
252 921 305 966 est.
320 919 466 966 anastasio
478 925 569 948 autem
582 926 830 956 coxiteiiiporaneus
844 923 895 949 fuit
911 923 1077 958 Hesychius,
1094 923 1174 958 cujus
1192 923 1284 951 multa:
1300 924 1416 959 sparsim
1435 925 1468 951 ad
1486 923 1632 959 prophetas
1648 921 1764 949 adnota-

133 962 223 989 tiones
235 963 262 990 in
277 962 419 992 Vaticanis
432 966 575 994 codicibus
591 967 686 994 latent.

168 1032 202 1059 ll.
225 1033 420 1062 Verumtamen
440 1038 470 1062 ut
480 1034 512 1061 ad
530 1034 752 1070 Mopsuestenum
772 1041 897 1063 nostrum
921 1036 1076 1068 redeamus,
1095 1036 1215 1063 hominis
1230 1036 1338 1071 quidem
1354 1036 1513 1067 historiam,
1531 1040 1587 1063 tota
1601 1033 1766 1068 antiquitate

133 1083 159 1105 et
174 1081 326 1113 praesertim
342 1081 369 1107 in
384 1080 495 1108 Oriente
510 1080 672 1115 {alnigerati,
684 1082 710 1107 in
725 1082 776 1108 alia
789 1089 838 1108 nos
858 1081 1027 1115 Scriptorum
1042 1082 1202 1109 collectione
1216 1086 1235 1108 t.
1252 1081 1294 1114 Vl,
1312 1082 1545 1112 adumbravimus.
1570 1080 1657 1115 deque
1682 1072 1763 1106 libro-

134 1131 193 1150 rum
206 1126 268 1160 ejus
287 1127 471 1160 multitudine,
493 1130 609 1162 meritis,
628 1137 660 1156 ac
676 1130 947 1164 reprehensionibus,
964 1131 1042 1162 satis,
1059 1134 1088 1156 ut
1100 1134 1175 1165 pulo,
1192 1130 1321 1162 diximus,
1338 1134 1365 1157 et
1383 1130 1462 1157 nobis
1480 1137 1553 1157 nunc
1564 1129 1641 1162 plura
1656 1126 1763 1154 dicendi

134 1174 220 1200 otium
241 1174 367 1203 iecimus.
389 1177 458 1209 Quia
479 1181 570 1204 tamen
586 1177 714 1212 pleraque
735 1178 844 1204 nonnisi
860 1177 952 1205 Graece
974 1178 1001 1204 in
1019 1178 1105 1204 lucem
1128 1182 1206 1204 antea
1219 1177 1378 1209 extulimus,
1396 1177 1484 1203 visum
1498 1179 1540 1202 est
1560 1178 1635 1200 tanto
1652 1177 1765 1199 auctore

134 1220 239 1247 diutius
251 1221 375 1248 homines
393 1221 485 1249 Graece
507 1223 617 1257 ignaros
631 1231 683 1249 non
700 1222 826 1249 fraudare
844 1232 850 1249 :
873 1223 965 1257 itaque
986 1223 1104 1257 antiquae
1127 1226 1228 1248 nostrae
1249 1221 1440 1256 promissionis
1456 1226 1590 1246 memores
1609 1221 1698 1244 totum
1711 1216 1763 1243 im-

134 1269 210 1304 pigre
229 1268 356 1296 Latitiqu
381 1268 507 1303 fecimus,
529 1276 638 1306 tamque
667 1272 757 1306 spisso
775 1278 856 1305 opere
876 1278 1002 1305 magnam
1027 1271 1108 1304 hujus
1125 1269 1273 1297 voluminis
1298 1273 1401 1303 partem
1420 1267 1603 1301 implevimus.
1619 1265 1651 1291 Et
1665 1268 1767 1298 SCcpIiS

134 1315 245 1349 quidem
260 1315 444 1351 Mopsuestcni
463 1317 663 1352 est,Judaicam
681 1317 831 1351 praesertim
849 1316 992 1343 historiam
1016 1317 1172 1347 illustrare;
1197 1316 1232 1342 ita
1246 1319 1336 1341 tamen
1362 1319 1391 1341 ut
1416 1313 1608 1348 propheticum
1625 1311 1763 1346 spiritum,

133 1365 160 1387 ct
174 1361 333 1388 relationem
351 1362 386 1389 ad
398 1362 534 1389 Christum
549 1362 693 1397 prwcipuis
705 1362 738 1394 ,in
752 1362 821 1389 locis
841 1365 972 1396 agnoscat
987 1369 1019 1387 ac
1035 1362 1164 1393 fateatur,
1177 1367 1333 1396 quanquam
1359 1368 1430 1394 saepe
1458 1359 1520 1385 κατ’
1538 1358 1661 1389 ἔκϐασιν,
1680 1356 1707 1383 id
1722 1360 1766 1383 est

134 1409 287 1436 secundum
301 1410 451 1444 pleniorem
472 1410 498 1436 in
515 1409 625 1436 Christo
640 1409 858 1444 Christianisque
877 1409 959 1436 rebus
979 1410 1172 1435 vaticiniorum
1189 1412 1314 1436 eventum
1333 1417 1340 1435 ;
1355 1408 1427 1442 quod
1444 1415 1531 1442 genus
1553 1404 1763 1440 interpretandi,
1779 1393 1781 1395 I

133 1457 184 1483 etsi
201 1457 264 1483 aliis
276 1464 386 1491 quoque
402 1455 451 1484 SS.
475 1455 625 1483 Bil-liornm
643 1456 840 1491 interpretibus
863 1464 916 1483 non
941 1457 1019 1491 plane
1045 1457 1196 1487 insolitum.
1221 1456 1249 1482 in
1274 1452 1418 1482 Theodoro
1435 1459 1526 1480 tamen
1544 1455 1702 1486 suspectum
1715 1450 1767 1476 ali-

134 1503 248 1536 quando
263 1501 333 1536 fuit;
355 1506 383 1530 et
407 1503 433 1529 id
457 1510 523 1530 sane
548 1502 658 1529 nonnisi
680 1503 723 1537 pic
743 1502 906 1536 sinceraque
926 1509 988 1529 cum
1008 1501 1060 1528 tide
1080 1509 1094 1527 a
1113 1501 1270 1528 Christiano
1296 1501 1431 1535 scriptore
1447 1498 1503 1525 lieri
1521 1497 1613 1524 debet.
1628 1496 1714 1528 Quam
1730 1494 1766 1521 ob

134 1555 190 1574 rem
207 1553 305 1575 noster
321 1547 398 1575 visus
409 1551 451 1574 est
463 1547 600 1582 aliquibus
618 1547 812 1583 ἰουδαιόφρωνς
828 1555 985 1582 quanquam
1004 1547 1062 1581 ipse
1082 1546 1193 1573 Christo
1209 1554 1239 1573 se
1254 1546 1370 1573 ﬁrmiter
1382 1544 1504 1576 credere,
1520 1548 1547 1571 et
1561 1543 1622 1577 ejus
1635 1541 1766 1569 deitatem

134 1596 352 1630 ieconomiazque
369 1595 528 1631 mysterium
549 1595 674 1629 religiose
696 1595 831 1625 venerari.
850 1594 954 1629 liquido
975 1594 1155 1626 demonstrat.
1177 1599 1239 1628 puta
1267 1601 1312 1628 pp.
1331 1593 1392 1625 159,
1416 1592 1478 1624 150,
1504 1591 1563 1618 191.
1588 1589 1684 1617 Utrum
1701 1596 1766 1616 vero

133 1647 160 1670 et
173 1643 309 1670 liebraire
322 1643 444 1674 sciverit.
459 1650 512 1669 non
529 1641 596 1669 satis
612 1645 738 1674 constat;
754 1641 800 1668 sed
817 1641 936 1675 Syriacae
955 1641 1050 1667 saltem
1068 1640 1177 1667 dialerti
1198 1648 1251 1666 non
1271 1639 1323 1666 fuit
1339 1641 1460 1674 ignarus.
1475 1640 1604 1675 quoniam
1618 1638 1717 1673 Syrum
1733 1645 1768 1664 es

134 1688 271 1716 llebraico
291 1688 464 1723 interpretem
492 1695 544 1714 non
564 1687 647 1715 semel
667 1687 787 1720 exagitat
808 1694 839 1713 ac
861 1686 961 1713 refutat
978 1694 1021 1720 pp.
1038 1686 1101 1717 2H,
1123 1685 1187 1717 ⁸252,
1203 1685 1266 1712 265.
1285 1684 1319 1711 At
1341 1685 1399 1719 ipse
1418 1689 1492 1712 certe
1510 1683 1580 1710 LXX
1598 1684 1761 1716 interpretes

135 1737 215 1764 unice
229 1736 367 1771 sequitur,
380 1735 542 1766 admiratur,
561 1742 592 1762 ac
611 1735 704 1761 laudat
721 1742 747 1769 p.
761 1733 823 1760 252.
843 1733 979 1760 Praeterea
993 1733 1097 1759 variam
1114 1737 1141 1759 et
1156 1733 1294 1759 curiosam
1309 1732 1490 1758 eruditionem
1512 1735 1608 1764 sponte
1621 1728 1770 1763 deditaque

134 1790 217 1818 opera
234 1782 322 1809 vitare
334 1790 364 1809 se
380 1782 447 1809 dicit
460 1791 488 1818 p.
505 1783 566 1815 156,
588 1783 646 1814 159,
661 1782 724 1814 227,
740 1787 766 1809 et
786 1782 981 1817 prophetarum
1004 1780 1193 1807 tantummodo
1207 1780 1323 1807 vocibus
1335 1778 1514 1814 explanandis
1526 1777 1694 1805 incumbere.

172 1841 216 1868 Ill.
239 1841 298 1868 Hoc
315 1849 366 1868 nos
380 1849 450 1876 opus
469 1841 496 1868 in
513 1841 657 1873 Vaticano,
671 1841 737 1868 olim
751 1840 941 1871 Columnensi,
956 1839 1033 1865 mine
1049 1839 1214 1873 integritatis
1229 1842 1256 1865 et
1269 1837 1438 1872 antiquitatis
1450 1836 1543 1863 codice
1558 1835 1723 1866 invenimus,
1740 1839 1767 1860 et

137 1898 197 1916 cum
213 1890 270 1916 alio
287 1889 400 1923 insuper
417 1887 559 1919 Vaticano,
577 1895 627 1915 nec
646 1887 760 1920 antiquo
773 1889 864 1913 tamen
881 1893 931 1913 nec
946 1885 1062 1919 integro,
1078 1884 1217 1911 interdum
1236 1883 1413 1910 contulimus.
1438 1882 1532 1908 Testes
1552 1880 1661 1915 quidem
1676 1879 1767 1913 operis

137 1941 226 1967 erant,
242 1935 363 1971 synodus
379 1935 474 1968 quinta
491 1933 659 1961 aacumenica
675 1939 729 1959 act.
743 1932 776 1965 4;
794 1932 893 1959 deinde
909 1931 1042 1958 Ebediesu
1062 1931 1088 1957 in
1107 1931 1232 1964 catalogo
1246 1937 1306 1964 cap.
1320 1929 1368 1960 19;
1387 1931 1521 1962 quotquot
1539 1926 1656 1961 denique
1672 1925 1764 1959 operis

137 1982 249 2009 codices
259 1969 364 2007 nomen
390 1980 477 2006 nostri
498 1979 634 2006 Theodori
656 1978 819 2012 inscriptum
844 1978 955 2004 habent.
969 1976 1000 2002 Et
1014 1977 1124 2011 quidem
1145 1976 1279 2002 Ebediesu
1306 1975 1343 2000 ait
1365 1973 1538 2000 Theodorum
1553 1970 1698 2005 scripsisse
1715 1969 1767 1996 hoc

138 2036 205 2062 opus
222 2027 256 2055 ad
273 2027 418 2062 quemdam
436 2034 494 2052 mar
507 2026 609 2056 Turini,
628 2029 657 2050 ut
677 2024 772 2051 scribit
794 2023 963 2050 Echellensis
984 2022 1117 2049 Ebediesu
1141 2022 1244 2054 editor;
1265 2024 1292 2047 at
1307 2028 1369 2047 vero
1384 2020 1551 2047 Assemanus
1568 2018 1595 2044 in
1611 2017 1694 2047 altera
1709 2016 1767 2043 edi-

139 2078 212 2104 tione
232 2075 371 2104 scribebat
391 2084 450 2102 τηαν
472 2075 591 2109 Tyrium,
611 2081 749 2106 nunquam
773 2073 917 2099 immemor
931 2072 973 2099 sui
991 2071 1119 2106 Syriatici
1139 2078 1213 2102 mar,-
1226 2077 1275 2104 (ιεο
1295 2077 1359 2095 vrl'o
1374 2067 1460 2094 ausim
1478 2068 1574 2091 contra
1586 2064 1766 2089 Assemanum

139 2123 288 2150 emendare
302 2121 474 2156 Martyrium,
488 2107 677 2155 Chrysostomi
696 2118 818 2152 adeoque
837 2117 921 2144 etiam
938 2116 1074 2143 Theodori
1095 2115 1238 2149 aequalem,
1260 2118 1288 2142 et
1299 2117 1393 2149 postea
1409 2109 1561 2138 Antiochiae
1572 2107 1765 2143 patriarcham,

140 2177 199 2203 «pne
211 2168 263 2195 fuit
285 2167 421 2194 Theodori
446 2165 552 2200 patria;
569 2164 685 2198 ideoque
707 2171 822 2198 pronum
842 2162 948 2189 creditu
972 2165 1025 2192 est,
1042 2162 1157 2188 missum
1180 2160 1214 2186 ab
1235 2167 1268 2187 eo
1291 2166 1361 2194 opus
1377 2158 1409 2184 ad
1432 2157 1516 2184 civem
1531 2158 1561 2181 ut
1574 2153 1766 2182 verisimilccst

141 2223 233 2245 suum,
250 2214 382 2240 illustrem
403 2211 470 2238 adeo
486 2211 587 2242 virum,
606 2210 652 2244 qui
672 2209 857 2236 Antiochenas
874 2207 983 2234 demum
1009 2206 1109 2232 infulas
1133 2208 1297 2232 consecutus
1315 2206 1368 2230 est.
1382 2201 1458 2235 Quod
1480 2200 1503 2227 si
1523 2199 1584 2234 quis
1599 2200 1703 2232 quaerat
1717 2203 1767 2222 cur

141 2264 242 2298 passim
259 2262 421 2289 Theodorus
436 2260 463 2287 in
481 2259 622 2286 codicibus
634 2258 812 2285 Antiorheuux
830 2257 920 2291 potius
937 2263 1016 2290 quam
1035 2253 1236 2288 Mopsuestenus
1253 2253 1375 2284 dicatur;
1392 2252 1462 2278 hanc
1477 2254 1588 2275 causam
1609 2253 1671 2272 esse
1683 2248 1767 2279 puto,

141 2290 211 2343 quod
227 2308 400 2343 Mopsuestia!
411 2305 530 2340 episcopi
544 2304 599 2331 duo
617 2303 726 2330 fuerunt
742 2290 891 2333 'flivodori,
907 2302 982 2336 prior
1005 2301 1143 2334 antiquior
1165 2299 1210 2333 qui
1235 2297 1362 2325 secunda:
1381 2295 1558 2322 Antiochena:
1578 2292 1682 2327 synodo
1699 2290 1766 2317 sub-

142 2335 254 2388 scripsit
265 2335 421 2387 {posterior
437 2350 480 2376 hic
492 2335 687 2376 celeberrimus
701 2351 804 2378 noster,
817 2346 865 2380 qui
880 2335 1066 2373 distinctionis
1077 2345 1165 2378 gratia
1180 2344 1351 2370 vocitabatnr
1362 2349 1393 2369 ex
1407 2340 1492 2375 patria
1505 2346 1554 2366 sua
1567 2335 1765 2363 Antiochenus.

144 2400 188 2427 Sic
199 2383 253 2434 ego
310 2397 453 2425 codicibus
465 2394 522 2422 ﬁeri
537 2393 616 2420 video
631 2393 664 2420 de
675 2392 779 2419 Joanne
793 2391 934 2425 Xiphilino
948 2390 1105 2425 patriarcha
1122 2388 1425 2422 Constantinopolilano
1445 2385 1504 2419 ejus
1525 2383 1643 2410 nominis
1657 2385 1768 2412 octavo,

143 2446 187 2478 qui
206 2431 311 2478 pariter
326 2439 514 2469 distinctionis
530 2438 619 2472 gratia
635 2437 738 2464 dicitur
753 2435 987 2465 Chalcedonensis,
1005 2443 1018 2461 a
1033 2435 1120 2469 patria
1142 2434 1181 2460 vel
1202 2434 1320 2460 fortasse
1332 2440 1347 2459 a
1366 2433 1457 2467 priore
1474 2431 1644 2466 episcopatu,
1656 2432 1686 2455 ut
1701 2435 1767 2454 con-

143 2477 434 2526 jrcctni'aliterjudico.
456 2487 535 2514 Certe
559 2486 630 2513 duos
647 2485 793 2512 Anthimos
818 2484 864 2519 qui
883 2488 963 2511 relate
987 2492 1046 2510 nica
1072 2483 1400 2516 Constantinopolitanam
1417 2480 1572 2507 cathedram
1595 2477 1768 2504 insederunt.

144 2538 214 2564 haud
234 2522 368 2564 numerali
385 2538 449 2561 nota
466 2532 538 2567 apud
557 2532 667 2560 Graecos
685 2531 815 2565 distingui
842 2530 935 2560 audio.
956 2529 1002 2557 sed
1030 2529 1148 2563 priorem
1172 2527 1312 2561 Ephesium
1331 2527 1374 2553 ubi
1392 2526 1442 2552 t‘uit
1460 2529 1540 2552 antea
1560 2523 1695 2551 exarchus
1710 2522 1767 2556 epi-

145 2594 261 2620 sropus;
279 2585 395 2611 alterum
412 2581 680 2610 Tltesaalonicensem,
695 2586 710 2604 a
723 2585 816 2612 priore
830 2578 893 2604 item
911 2577 1080 2612 episcopatu,
1097 2575 1244 2602 nominari.

180 2641 223 2670 ιγ.
244 2640 426 2668 Promisimus
445 2638 510 2665 olim
524 2640 630 2671 partem
646 2635 782 2662 Theodori
797 2643 850 2662 non
869 2635 1003 2662 modicam
1023 2633 1214 2661 Commentarii
1231 2633 1256 2659 in
1271 2632 1405 2664 Paulinae,
1422 2640 1453 2657 cx
1470 2629 1609 2658 codicibus
1626 2628 1767 2655 Vaticanis

147 2688 317 2719 sumendam,
334 2686 450 2718 cllerre;
467 2692 561 2712 verum
573 2691 605 2711 ea
622 2691 667 2711 res
689 2684 841 2712 breviorem
863 2687 957 2718 postea
976 2683 1120 2714 ambitum,
1145 2682 1181 2708 ob
1202 2681 1264 2707 illas
1280 2687 1379 2706 causas
1403 2683 1482 2705 nacta
1504 2682 1555 2709 est,
1574 2683 1642 2711 quas
1656 2679 1719 2709 apto
1739 2675 1766 2699 in

148 2737 205 2762 loco
219 2735 350 2766 diximus,
370 2734 416 2761 ubi
433 2732 563 2768 quidquid
578 2733 637 2766 ejus
649 2732 740 2766 operis
753 2731 862 2758 interim
878 2731 905 2757 in
921 2738 1018 2758 manus
1034 2730 1117 2760 venit,
1139 2733 1199 2764 post
1215 2727 1360 2763 prophetas
1378 2724 1564 2760 exposuimus.
1581 2721 1725 2748 Fcliciores
1740 2720 1766 2745 in

148 2781 282 2808 Theodori
297 2779 495 2808 commentario
510 2777 542 2804 ad
553 2776 686 2804 Joannem
702 2776 814 2808 fuimus,
826 2775 906 2810 cujus
922 2775 1058 2810 ingentem
1075 2781 1170 2809 reapse
1185 2777 1301 2799 tractum
1316 2780 1376 2799 cum
1390 2770 1520 2806 peculiari
1534 2767 1616 2795 animi
1628 2767 1766 2800 voluptate

150 2828 175 2853 in
191 2829 277 2854 luccm
293 2826 490 2861 protraximus.
504 2822 598 2857 Neque
615 2826 705 2848 tamen
724 2829 797 2848 nunc
812 2825 935 2856 repetere
948 2821 1058 2855 placuit,
1073 2823 1165 2855 partes
1178 2819 1238 2845 illas
1257 2826 1310 2846 non
1327 2819 1448 2845 modicas
1460 2819 1486 2844 ἱιι
1498 2816 1644 2851 Epistulam
1661 2813 1695 2840 ad
1711 2812 1763 2856 Ro:

152 2879 250 2901 manas.
273 2879 332 2906 quae
358 2870 452 2896 Gracce
471 2874 569 2903 quarto
593 2868 727 2904 Spicilegii
750 2868 860 2895 Romani
883 2868 1015 2895 volumini
1032 2868 1096 2894 olim
1117 2867 1284 2895 inseruinius
1301 2875 1307 2893 :
1329 2875 1415 2901 neque
1436 2867 1499 2893 item
1517 2865 1670 2899 complures
1689 2863 1769 2893 illas,

153 2924 210 2952 qua!
226 2924 286 2944 cum
302 2916 398 2944 Latine
413 2918 517 2942 tantum
534 2918 673 2942 exstarent
693 2913 733 2940 vel
749 2913 775 2940 in
794 2913 890 2948 synodi
908 2915 1009 2949 quintae
1031 2915 1109 2948 aclis,
1129 2914 1170 2940 vcl
1184 2912 1254 2947 apud
1275 2911 1416 2939 Leontium
1432 2911 1458 2938 in
1476 2911 1642 2945 Basuagiana
1658 2907 1762 2942 (lanisi't
