1947 3071
118 95 153 123 99
724 98 727 100 ’
754 91 799 120 EX
815 89 942 120 LEONIS
959 90 1097 118 ALLATlI

1697 91 1753 118 {90

120 152 199 188 ὑμῶν
229 151 347 187 δύναμαι
360 150 559 183 ὲπιλαθέσθαι;
586 149 682 185 Ὑμεῖς
702 149 764 185 ἐμοὶ
775 151 905 184 πατέρες,
921 163 926 176 Α

977 151 1074 173 uerum
1085 146 1213 181 exemplis
1224 167 1232 179 ,
1247 151 1306 174 erat
1333 147 1403 174 enim
1418 147 1499 174 variat
1513 154 1544 174 ac
1556 147 1648 174 multa:
1657 147 1754 174 lectio-

120 199 199 234 ὑμεῖς
215 198 277 233 ἐμοὶ
291 197 358 232 ζωὴ,
371 197 448 232 ὑμεῖς
469 197 530 231 ἐμοὶ
546 196 731 231 εὐδοκίμησις·
748 194 834 222 Unum
851 203 912 222 cor-

119 251 168 277 pus
179 251 282 275 sumus,
292 251 372 277 neque
388 246 466 276 caput
479 250 494 268 ﬂ
504 249 623 275 corpore,
631 249 712 276 neque
724 248 818 275 corpus
835 249 851 267 α
867 249 914 267 ca-

120 289 174 323 pite
186 293 334 323 separatur.
349 287 465 314 Etiamsi
478 288 536 314 loco
551 286 708 319 dividimur,
718 286 763 313 sed
782 286 914 312 charitate

121 334 321 369 conjungimur;
339 341 385 368 ego
405 341 421 360 a
435 333 506 360 vobis
525 341 571 360 nec
588 337 672 359 morte
688 331 802 359 divellor
821 340 830 358 :
851 339 913 358 nam

121 380 270 414 etsicorpus
280 387 366 406 meum
380 380 523 410 moriatur,
536 379 626 405 anima
633 386 690 404 mea
698 378 771 408 vivit,
783 383 807 404 et
816 386 915 404 mento-

122 427 191 452 riam
207 426 285 452 vestri
303 425 416 457 tenebit;
433 433 477 452 vos
500 425 564 451 milii
592 429 691 459 patres.
712 423 850 457 Quomodo
871 431 914 450 ve-

124 477 209 499 strum
221 472 383 500 obliviscar?
404 471 454 499 Vos
471 471 535 498 mihi
549 476 646 505 patres,
657 478 700 497 ros
710 470 773 496 milii
789 470 852 501 vita,
870 477 914 496 vos

125 518 191 545 mihi
224 518 362 552 gloriatio.
392 517 451 550 Qua
483 520 547 544 nota
581 515 726 542 cliaritatis
751 515 916 549 Chrysosto-

126 564 164 590 mi
193 571 256 598 erga
282 571 360 593 suos,
391 563 473 590 etiam
503 561 643 589 homiliam
668 561 775 588 tertiam
794 561 822 587 in
848 561 916 588 Acta

126 609 305 643 apostolorum
324 608 480 643 insignitum
500 607 634 635 invenies.

163 655 262 682 Parum
278 654 379 690 oppido
397 654 499 681 Savilio
513 658 584 684 erat,
615 657 645 679 ut
675 652 813 687 irigidulis
841 651 917 678 hisce

129 700 284 727 rationibus
307 699 444 727 Theodori
471 699 614 733 epistolam
629 697 797 725 Calvinianis
812 697 914 724 Luthe-

128 745 261 779 ranisque
277 744 420 772 adversam
436 744 606 774 exsibilaret,
626 743 682 770 nisi
701 743 775 770 aliud
791 743 916 777 ejusdem

129 790 255 824 putidum
271 789 481 821 munimentum,
492 789 549 816 suis
562 788 656 816 favens
675 788 810 819 sectariis,
835 789 917 815 veluti

965 193 1018 224 nis,
1031 193 1058 218 in
1072 192 1163 219 urbem
1172 201 1290 219 reversus
1299 197 1349 220 est.
1362 192 1470 219 Nullam
1482 192 1527 220 hic
1536 192 1689 220 oralionem
1705 191 1761 219 So-

965 244 1096 264 zomenus
1119 241 1253 264 memorat
1274 245 1290 265 a
1313 237 1457 264 Tlteodoro
1487 237 1679 272 compositam,
1706 237 1760 264 sed

965 285 1070 308 tantum
1084 281 1175 308 innuit
1188 282 1309 309 rationes
1330 282 1437 316 aliquas
1457 282 1492 309 ab
1507 289 1540 308 eo
1558 282 1631 308 inter
1651 288 1759 309 consu-

965 326 1087 358 lcndttm,
1100 326 1187 361 deque
1201 334 1251 354 suo
1269 327 1395 354 discessu
1421 334 1483 354 cum
1505 326 1664 354 monasterii
1686 334 1761 361 prse—

966 370 1039 398 iecto
1071 372 1217 399 statuendo
1246 371 1315 399 forte
1340 371 1481 399 adductas.
1496 371 1562 405 Quae
1587 379 1652 399 num
1671 372 1758 398 etiam

966 416 1000 443 ab
1013 424 1046 444 eo
1062 418 1187 445 adductae
1210 417 1323 450 fuerint,
1346 422 1422 445 certo
1439 426 1469 444 sc
1492 418 1565 445 scire
1586 418 1760 445 Sozomenus

966 466 1061 497 aperte
1073 467 1165 498 negat,
1189 463 1235 490 sed
1250 462 1381 490 credibile
1395 462 1422 489 id
1436 470 1497 490 esse
1512 462 1561 495 ait,
1608 459 1653 488 οἷα
1671 461 1760 494 εἰκός,

968 513 1051 543 atque
1078 509 1232 543 probabile,
1253 513 1279 536 et
1302 508 1468 535 verosimile.
1493 507 1533 534 En
1551 507 1599 534 tibi
1624 506 1759 535 Savilium

966 555 1047 589 plane
1063 554 1206 588 pueriliter
1227 553 1383 588 deceptum.
1407 554 1437 579 lu
1463 551 1616 579 Sozomcno
1630 560 1681 579 nos
1702 551 1761 578 alio

967 608 1000 627 ex
1019 600 1106 634 capite
1124 600 1204 627 ﬁdem
1220 599 1431 631 desideramus;
1446 606 1510 626 nam
1525 597 1672 625 Theodoro
1690 599 1757 633 plus

967 654 1044 680 mquo
1061 646 1198 678 addictus,
1227 646 1254 673 in
1286 646 1347 680 ejus
1370 646 1464 680 lapsus
1482 646 1641 673 narratione
1664 644 1759 672 fucum

966 691 1078 719 veritati
1095 691 1195 719 iecisse
1212 691 1334 718 videtur.
1366 691 1395 718 ld
1421 691 1505 726 igitur
1529 690 1759 718 animadverten-

968 738 1033 765 dum
1056 738 1102 765 bic
1123 741 1176 769 est,
1207 745 1263 764 non
1294 737 1383 764 solum
1407 737 1559 764 Justiniani
1588 735 1762 770 temporibus

971 783 1059 811 fuisse
1085 783 1222 810 Theodori
1252 783 1403 814 studiosos,
1435 783 1482 818 qui
1505 783 1566 817 ejus
1597 783 1703 818 lapsum
1733 786 1761 808 ct

129 835 163 861 ab
177 843 228 861 ovo
239 835 403 867 excitasset;
421 841 482 860 nam
503 834 541 860 ait
560 842 591 860 cx
609 833 740 860 Vaticana
752 833 917 860 bibliotheca
934 819 955 846 Β
971 829 1089 857 haereses
1108 829 1281 865 ὑποκορίσαι.
1300 833 1326 856 et
1340 829 1477 856 mitiorem
1497 829 1523 855 in
1542 832 1647 863 partem
1672 827 1764 854 inter-

129 879 321 914 depromptum
335 877 471 905 Theodori
496 879 700 913 Ἄντίπραμμα,
724 879 747 905 si
768 879 918 914 legitimum

129 929 181 956 est,
197 929 224 952 et
241 933 295 952 non
309 925 445 959 Spurium.
463 924 541 959 plane
553 924 692 951 diversum
710 932 773 952 esse
801 924 835 951 ab
851 931 914 951 ora-

130 971 205 998 tione
219 978 234 997 a
249 969 403 997 Sozomeno
425 974 589 1001 memorata.
605 977 687 1004 quam
705 969 814 996 videtur
831 969 921 997 Theca

130 1016 216 1044 dorus
226 1024 241 1043 a
255 1016 452 1051 Cbrysostomo
470 1015 585 1042 minime
598 1019 779 1049 provocatus,
802 1015 842 1042 vel
858 1019 922 1042 ante

132 1060 263 1092 reditum,
279 1060 320 1087 vel
333 1060 358 1086 in
373 1059 434 1094 ipso
450 1059 538 1086 reditu
554 1059 589 1085 ab
600 1066 691 1086 eremo
709 1059 737 1085 in
751 1059 792 1086 sui
805 1066 922 1086 excusa-

132 1106 233 1133 tionem
250 1105 410 1132 adornasse.
424 1105 553 1137 Quaenam
571 1104 666 1131 istbaae
682 1103 819 1132 Theodori
833 1105 922 1131 oratio

132 1155 183 1183 est,
198 1158 278 1185 quam
294 1150 410 1185 qmesito
427 1155 540 1177 auctore
561 1150 712 1177 Sozomeno
723 1150 861 1185 sibiﬁngit
873 1149 922 1177 Sa-

132 1197 214 1224 viiius
225 1197 236 1214 "
252 1196 358 1224 Acutus
379 1203 447 1223 sane
470 1196 566 1223 homo!
582 1196 617 1224 Ut
629 1196 736 1223 audivit
749 1196 922 1223 Theodorum

133 1242 298 1269 monachum
315 1241 519 1269 excucullatum
537 1241 630 1269 nescio
649 1241 716 1276 quid
733 1242 759 1268 in
779 1242 821 1268 sui
841 1249 925 1268 excu-

134 1287 269 1315 sationem
295 1287 432 1317 attulisse.
460 1287 551 1314 statim
576 1287 713 1322 egregiam
738 1287 856 1322 aliquam
883 1287 925 1313 lu-

134 1331 373 1359 cubratiunculam
397 1331 582 1358 suhodoratus
604 1336 656 1362 est,
679 1331 716 1357 ita
746 1331 826 1366 plane
849 1331 926 1358 ador-

136 1381 242 1409 natam,
256 1381 286 1404 ut
298 1376 412 1403 decebat
431 1376 596 1402 tuonacbum
610 1376 790 1407 desertorem,
813 1376 868 1403 Deo
882 1377 926 1404 cui

141 1430 171 1450 se
209 1422 357 1448 devoverat
389 1421 604 1453 renuutiantem,
633 1422 753 1448 castitati
785 1427 811 1448 et
836 1422 926 1448 conti-

971 875 1074 909 pretari
1102 879 1284 906 conarentur,
1317 878 1346 902 ut
1375 873 1523 901 Facundus
1553 872 1764 901 llermiancusis

971 921 1120 956 cpiscopus
1140 921 1167 948 iu
1192 920 1335 947 duodecim
1355 920 1433 947 libris
1456 919 1494 946 De
1509 919 1595 946 tribus
1624 918 1761 953 capitulis,

972 965 1091 993 Basilius
1120 966 1203 997 Cilix,
1232 965 1373 998 Leontius,
1399 969 1426 992 et
1443 965 1506 998 alii;
1528 965 1575 993 sed
1596 964 1656 1000 ejus
1678 964 1762 991 etiam

971 1012 1091 1047 mquales
1105 1016 1132 1039 et
1149 1012 1321 1047 syncbronos
1337 1011 1389 1038 hoc
1403 1011 1474 1038 idem
1489 1018 1597 1037 summo
1611 1010 1703 1037 studio
1712 1017 1763 1036 cu-

973 1066 1062 1087 rasse.
1077 1057 1145 1085 Nam
1169 1057 1358 1085 Theodoretus
1384 1057 1412 1084 in
1435 1056 1562 1091 epistolis
1581 1055 1620 1091 (ιι)
1635 1055 1763 1084 afﬁrmat.

974 1105 1122 1139 scripsisse
1133 1111 1162 1131 se
1174 1103 1262 1138 βίϐλον
1272 1103 1341 1138 ὑπὲρ
1350 1102 1481 1137 Διοδώρου
1494 1102 1540 1128 καὶ
1548 1100 1696 1136 Θεοδώρου,
1709 1097 1765 1138 ὲνῇ

973 1150 1022 1186 τὴν
1037 1150 1096 1177 κατ’
1113 1150 1202 1176 αὐτῶν
1215 1148 1401 1184 γεγενημένην
1416 1148 1524 1183 γραφὴν
1538 1147 1653 1178 διέλυεν,
1665 1146 1695 1173 οὐ
1711 1146 1767 1173 δεί-

977 1205 1026 1228 σας
1043 1196 1097 1222 τῶν
1113 1195 1274 1230 κατηγόρων
1285 1194 1334 1229 τὴν
1349 1193 1507 1220 δυναστείαν
1516 1201 1522 1207 ·
1534 1192 1643 1218 Librum
1651 1199 1697 1226 pro
1705 1191 1767 1218 Dio-

975 1242 1040 1268 doro
1055 1247 1080 1268 et
1095 1238 1245 1272 Theodoro,
1261 1240 1287 1266 in
1303 1247 1354 1274 quo
1369 1239 1461 1266 illatas
1482 1239 1519 1266 eis
1533 1238 1715 1265 accusationes
1728 1245 1766 1264 re-

977 1287 1093 1322 fellebat,
1107 1286 1172 1313 nihil
1189 1287 1285 1312 veritus
1299 1290 1486 1312 accusatorum
1505 1284 1661 1319 potentiam.
1683 1282 1763 1310 Ilunc

977 1333 1078 1360 librum
1093 1331 1184 1358 innuit
1199 1330 1374 1358 Justinianus
1388 1331 1415 1358 in
1430 1338 1486 1357 sua:
1499 1329 1560 1357 ﬁdei
1576 1328 1764 1364 professione:

977 1377 1148 1413 Θεοδώρητος
1161 1378 1175 1404 ἧ
1191 1377 1304 1408 πολλοὺς
1319 1376 1388 1412 ὑπὲρ
1407 1375 1544 1411 Θεοδώρου
1565 1375 1660 1409 λόγους
1670 1383 1700 1401 τε
1721 1375 1768 1401 καὶ

979 1423 1107 1454 ἐπαίνους
1133 1422 1273 1454 ἐκτείνας·
1296 1422 1474 1449 Theodoretus
1497 1423 1541 1457 qui
1562 1422 1658 1448 multos
1685 1421 1766 1448 libros

138 1467 237 1494 nentize
252 1467 312 1493 vale
329 1466 442 1498 dicenti,
462 1466 572 1500 nuptias
589 1469 616 1492 ct
629 1466 767 1492 connubia
780 1467 927 1500 quauitan-
941 1483 963 1512 α
983 1476 1030 1502 pro
1049 1468 1183 1495 Theodoro
1201 1469 1318 1502 scripsit.
1347 1467 1486 1502 laudesque
1501 1468 1557 1503 ejus
1572 1468 1676 1502 copiose
1692 1467 1762 1494 cclc-

137 1518 203 1540 tem.
226 1513 255 1540 Si
285 1511 424 1539 Theodori
457 1512 609 1538 orationem
636 1519 667 1538 ea
695 1514 784 1546 capita
808 1512 927 1546 comple-

139 1561 258 1586 ctentem
275 1556 375 1584 alicubi
390 1556 416 1582 in
441 1556 612 1583 bibliothecis
628 1555 746 1583 Savilius
772 1557 926 1591 rcperisset,

139 1605 225 1631 multo
241 1604 372 1630 libentius
390 1604 416 1630 in
442 1603 556 1638 gratiam
582 1603 764 1630 scctariorum
785 1603 928 1634 edidisset,

139 1658 220 1685 quam
236 1650 307 1676 hanc
324 1649 478 1683 epistolam,
496 1657 556 1683 qua
574 1649 754 1677 monasticam
771 1650 872 1677 asserit
888 1650 930 1676 di-

140 1695 298 1730 sciplinam,
314 1694 450 1721 castitatis
464 1695 681 1727 observantiam,
695 1699 755 1722 vota
774 1695 828 1722 Deo
842 1703 855 1722 a
870 1703 929 1722 mo-

140 1740 236 1768 nachis
257 1739 453 1774 nuncupanda,
472 1744 620 1775 sancteque
634 1741 774 1773 solvenda,
803 1745 930 1775 peccato-

141 1794 201 1813 rum
217 1785 459 1820 exhomologesim.
477 1785 645 1820 poenitentiae
660 1786 806 1821 lacrymas,
833 1789 860 1813 et
872 1785 931 1813 suf-

141 1832 291 1866 fragiorum
315 1830 520 1862 eﬁicacitatem,
551 1839 633 1865 quam
660 1831 804 1866 epistolam
822 1832 858 1858 ita
873 1835 932 1859 sto-

142 1877 287 1904 machatur
300 1881 327 1904 et
344 1881 470 1907 nauseat.
487 1883 516 1904 ut
531 1877 566 1904 ob
579 1877 605 1904 id
619 1877 757 1912 frigidam,
772 1878 891 1913 ineptam
903 1883 932 1904 et

142 1921 286 1956 ridiculam
302 1929 361 1948 eam
380 1922 508 1956 appellet.
525 1922 590 1954 Sed,
600 1930 703 1957 quaeso,
716 1923 856 1950 videamus
870 1930 931 1958 quae

143 1967 227 1994 fuerit
244 1966 346 1993 Savilio
355 1974 440 1994 causa
457 1967 613 1994 somniandi
630 1968 702 1994 illam
721 1967 856 1994 Theodori
870 1975 931 1995 ora-

144 2012 257 2039 tionem.
276 2011 368 2046 Neque
387 2011 458 2038 enim
480 2010 661 2042 Sozomenus.
683 2019 763 2046 quem
781 2012 857 2043 citat,
880 2012 932 2039 hoc

144 2058 205 2090 ait;
223 2061 287 2084 sunt
303 2057 403 2091 quippe
429 2057 485 2083 haec
509 2056 568 2090 ejus
596 2057 678 2084 verba
702 2057 760 2091 (lib.
790 2065 848 2090 vui,
882 2057 929 2091 2):

151 2102 221 2128 Ἀλλ’
239 2099 315 2133 οὗτος
332 2102 379 2137 μὲν
395 2102 474 2137 ἡνίκα
491 2102 541 2137 τὴν
555 2101 641 2137 ἀρχὴν
655 2102 763 2138 ἐνέτυχε
777 2104 833 2135 τοῖς
850 2103 932 2135 Θείοις

144 2155 250 2183 νομοις,
279 2147 325 2172 καὶ
341 2147 423 2181 ἱεροῖς
439 2146 566 2181 ἀνδράσιν
578 2145 725 2181 ὡμίλησεν,
740 2147 853 2182 ἐπῄνεσε
869 2147 932 2174 ταύ-

145 2202 194 2228 την
206 2193 254 2228 τὴν
270 2192 380 2227 ἀγωγὴν
397 2192 444 2218 καὶ
461 2192 583 2226 κατέγνω
593 2192 645 2218 τῶν
660 2192 785 2219 ἀστυκῶν
796 2201 802 2207 ·
816 2193 846 2219 οὐ
859 2193 935 2229 διήρ⁹

146 2247 210 2265 κεσε
222 2238 250 2264 δὲ
263 2238 312 2273 τὴν
329 2237 413 2272 αὐτὴν
428 2237 581 2272 προθυμίαν
595 2237 673 2272 ἔχων.
691 2238 896 2273 Μεταμεληθεὶς
907 2238 935 2264 δὲ

148 2284 216 2319 πρὸς
230 2284 276 2310 τὴν
288 2283 420 2318 πρότερον
435 2282 492 2317 βίον
509 2283 621 2311 εἵλκετο,
636 2280 679 2309 οἷα
692 2283 720 2310 δὲ
735 2284 817 2316 εἰκὸς,
833 2284 936 2310 ἐναντίη-

146 2338 187 2361 οις
200 2329 288 2363 λόγοις
302 2329 443 2364 κοσμήσας
456 2328 486 2354 τὸ
500 2328 717 2363 σπουδαζόμενον
725 2330 757 2356 ὲκ
771 2329 896 2357 παλαιῶν
910 2330 937 2356 ὑ-

149 2375 351 2409 ποδειγμάτων,
366 2372 399 2409 ἦν
412 2374 466 2409 γὰρ
480 2373 644 2409 πολυῖστωρ,
659 2374 698 2405 είς
713 2373 761 2409 τὴν
781 2375 857 2400 πόλιν
871 2375 938 2402 ἐπα-

148 2420 247 2455 νῆλθεν
259 2429 265 2435 ·
280 2419 331 2446 Hic
350 2428 408 2446 vero
427 2419 579 2446 Theodorus
595 2419 627 2446 ab
642 2420 718 2446 initio
740 2419 845 2454 quidem
878 2428 937 2447 cum

148 2467 176 2493 in
189 2473 281 2492 sacras
296 2465 363 2500 leges
385 2465 532 2496 incidisset,
563 2469 587 2491 et
604 2473 663 2491 cum
682 2466 782 2492 sanctis
799 2466 862 2492 viris
878 2474 940 2492 cou-

150 2515 312 2541 rersarctur,
327 2510 374 2536 ltoc
391 2511 450 2536 vita
470 2518 550 2544 genus
568 2510 742 2544 approbabat,
765 2519 796 2536 ac
813 2511 940 2538 swcularc

149 2555 370 2587 damnabat;sed
383 2555 409 2581 in
429 2555 519 2582 eodem
536 2556 584 2582 hoc
597 2556 731 2590 proposito
743 2564 793 2582 non
810 2557 936 2590 perstitit.

151 2601 203 2628 Sed
228 2606 315 2627 tamen
327 2600 482 2634 paenitentia
498 2600 603 2632 ductus,
617 2601 652 2627 ad
666 2601 782 2634 priorem
797 2602 858 2628 vita:
875 2609 938 2628 con-

149 2647 312 2674 suetudine»:
332 2651 462 2673 retractus
479 2646 540 2680 fuit,
553 2646 657 2681 etquod
672 2651 709 2673 est
723 2651 937 2678 consentaneum.

150 2693 292 2721 contrariis
305 2692 468 2728 argumentis
487 2693 651 2727 propositum
670 2700 748 2719 suum
770 2700 879 2726 ornans,
907 2700 940 2720 ea;

153 2800 165 2826 -_
188 2789 275 2826 (a)_ln
293 2789 413 2826 editione
425 2789 584 2826 Sirmondi,
593 2791 675 2824 epist.
693 2790 737 2822 16,
750 2798 830 2826 quem
847 2791 933 2819 Theo-

151 2822 238 2851 doreti
247 2832 298 2859 pro
309 2824 453 2853 Theodoro
470 2832 502 2852 ac
519 2822 637 2852 Diodoro
654 2822 822 2853 librum'non
838 2834 933 2854 recen-

981 1513 1075 1540 bravit.
1096 1513 1124 1540 In
1143 1513 1245 1547 quibus
1257 1521 1338 1548 qttam
1357 1513 1488 1548 praeclare
1501 1514 1534 1539 dc
1547 1512 1692 1540 Theodoro
1703 1520 1767 1540 sen-

980 1559 1058 1590 serit,
1071 1559 1162 1593 colligi
1179 1563 1277 1593 potest,
1291 1566 1353 1585 cum
1363 1566 1397 1586 ex
1411 1558 1472 1593 ejus
1486 1558 1622 1592 epistolis,
1635 1558 1681 1585 ubi
1692 1558 1769 1592 ἆγιον

981 1610 1101 1631 sanctum
1115 1604 1192 1631 illurn
1207 1604 1340 1636 nominat,
1363 1609 1419 1631 tum
1435 1605 1518 1632 etiam
1534 1613 1566 1631 ex
1598 1604 1696 1631 ultimo
1719 1603 1768 1630 Hi—

982 1651 1072 1678 storia:
1087 1650 1147 1685 ejus
1158 1650 1343 1677 ecclesiastica:
1359 1650 1430 1677 libro
1444 1654 1470 1677 et
1487 1651 1585 1684 capite,
1607 1650 1651 1677 tibi
1666 1651 1770 1685 magnis

981 1696 1057 1723 illum
1081 1696 1209 1723 laudibus
1239 1695 1355 1723 extollit.
1381 1695 1444 1722 llrec
1464 1695 1558 1723 cadem
1581 1696 1709 1723 nimirutn
1736 1695 1770 1723 de

981 1741 1125 1769 Theodoro
1151 1742 1285 1769 sentiebat
1305 1742 1484 1773 Sozomenus.
1509 1749 1596 1775 quare
1621 1742 1769 1769 vehemen-

982 1791 1023 1814 ter
1050 1787 1117 1815 tides
1145 1787 1277 1814 historica
1296 1787 1415 1820 vacillat,
1434 1788 1479 1814 ubi
1507 1787 1642 1814 Theodori
1663 1787 1769 1821 lapsum

982 1832 1019 1859 ita
1032 1832 1219 1866 prosequitur,
1239 1837 1268 1858 ut
1286 1833 1389 1859 nullum
1407 1833 1542 1867 intelligas
1559 1833 1662 1860 crimen
1685 1832 1712 1858 in
1726 1839 1768 1863 eo,

981 1886 1063 1913 quem
1079 1878 1293 1913 Chrysostomus
1305 1878 1411 1906 centies
1433 1877 1641 1905 ἐκπεπτωκέναι
1659 1878 1768 1912 repetit.

984 1924 1143 1955 Ἐκπτωσις
1161 1929 1252 1951 autem
1265 1925 1460 1952 ecclesiasticis
1472 1924 1654 1959 scriptoribus
1672 1927 1726 1954 est,
1742 1927 1771 1950 ut

983 1969 1021 1995 ait
1039 1969 1175 1997 Caesarius
1200 1969 1282 2004 paulo
1304 1973 1367 1996 ante
1387 1969 1525 2001 laudatus,
1560 1969 1593 1995 Ἡ
1614 1967 1644 2001 ἐξ
1671 1968 1770 2004 ἀρετῆς

982 2013 1028 2039 ἐπὶ
1055 2013 1085 2040 τὸ
1099 2014 1189 2048 χεῖρον
1210 2013 1398 2048 ὑπονόστησις,
1413 2014 1459 2040 καὶ
1476 2014 1492 2048 ἡ
1512 2014 1544 2040 ὲκ
1561 2013 1709 2048 παρθενίας
1725 2013 1769 2039 ἐπὶ

983 2059 1110 2093 λαγνείαν
1122 2059 1213 2094 ὁρμή·
1234 2058 1300 2086 Cum
1322 2067 1338 2085 α
1353 2060 1447 2086 virtute
1469 2059 1503 2084 ad
1525 2059 1599 2089 vitia,
1617 2063 1641 2085 et
1661 2067 1678 2085 ιι
1696 2059 1772 2092 pudi-

984 2105 1046 2131 citia
1078 2105 1112 2130 ad
1131 2104 1266 2130 luntrium
1294 2104 1424 2131 receditur
1451 2112 1481 2130 ac
1503 2104 1647 2139 dif/luitur.
1679 2103 1771 2139 Neque

953 2146 975 2174 D
991 2156 1055 2175 vero
1071 2147 1233 2187 Theodorus
1258 2152 1403 2183 antequam
1433 2149 1468 2176 ab
1487 2156 1579 2175 eremo
1605 2149 1769 2181 discederet,

987 2193 1024 2220 ita
1039 2197 1099 2220 erat
1117 2192 1191 2219 omni
1205 2197 1267 2219 voto
1280 2193 1396 2224 solutus,
1414 2196 1443 2218 ut
1456 2192 1557 2220 referre
1567 2193 1674 2227 pedetn,
1684 2197 1772 2221 retro-

987 2246 1040 2274 que
1054 2238 1192 2272 respicere
1209 2242 1312 2272 posset.
1334 2237 1362 2263 In
1380 2241 1498 2264 mentem
1516 2237 1540 2265 ei
1559 2237 1770 2273 Cbrysostomus

987 2288 1098 2311 revocat
1111 2283 1161 2314 τὰς
1177 2283 1245 2318 πρὸς
1270 2282 1387 2317 Χριστὸν
1411 2282 1558 2316 συνθήκας,
1592 2291 1651 2310 cum
1669 2283 1771 2311 Christo

988 2330 1127 2366 spirituale
1139 2330 1300 2364 conjugium.
1328 2329 1388 2363 ipse
1410 2336 1475 2356 vero
1493 2328 1654 2357 Theodorus
1679 2330 1707 2357 in
1723 2330 1770 2357 bac

987 2376 1101 2412 epistola
1111 2385 1116 2402 τ
1126 2375 1257 2407 Εὖξασθε,
1266 2374 1351 2410 τίμιοι
1361 2374 1491 2409 Πατέρες,
1503 2374 1653 2410 μνησθῆναί
1664 2384 1714 2410 μου
1724 2375 1770 2410 τῆς

989 2422 1073 2457 καλῆς
1095 2421 1255 2456 ὁμολογίας,
1271 2420 1305 2455 ἣν
1324 2419 1485 2455 ὡμολόγησα
1502 2419 1614 2446 ἐνώπιον
1628 2421 1675 2446 τοῦ
1694 2420 1768 2452 Θεοῦ,

988 2468 1035 2495 καὶ
1049 2466 1172 2502 ἀγγέλων
1186 2467 1233 2492 καὶ
1253 2466 1420 2501 ἀνθρώπων
1449 2466 1540 2498 Orate,
1558 2466 1698 2493 uenerandi
1720 2465 1771 2493 Pa-

991 2518 1054 2544 tras,
1067 2512 1149 2538 utilla
1162 2511 1226 2537 mihi
1236 2515 1295 2537 ante
1309 2511 1398 2538 oculos
1407 2516 1524 2538 versetur
1532 2511 1683 2545 promissio,
1697 2519 1771 2546 quant

991 2565 1083 2585 coram
1102 2557 1154 2583 Deo
1168 2557 1206 2582 vel
1221 2555 1331 2590 angelis,
1341 2560 1366 2582 et
1381 2555 1529 2582 hominibus
1547 2555 1686 2589 spopondi.
1706 2555 1771 2589 Quid

990 2611 1056 2638 ergo
1071 2602 1163 2630 subdit
1178 2602 1348 2630 Sozomenus
1361 2601 1395 2630 de
1410 2602 1524 2630 honesto
1541 2602 1672 2637 licitoque
1682 2604 1773 2630 matri-

992 2650 1095 2680 monia,
1107 2649 1180 2684 quod
1188 2648 1349 2677 Theodorus
1362 2649 1557 2676 meditaretur?
1566 2649 1685 2676 Curnam
1695 2651 1770 2677 etiam

992 2696 1081 2731 γάμον
1095 2695 1161 2722 illud
1176 2695 1320 2722 nominat?
1335 2694 1402 2722 Nam
1418 2694 1631 2730 Chrysostomus
1646 2695 1681 2721 ad
1696 2695 1772 2722 Theo-

986 2796 1028 2818 sct
1044 2790 1194 2818 Carnarius
1207 2791 1318 2819 dissert.
1333 2791 1361 2823 2,
1382 2797 1442 2825 cap.
1463 2791 1480 2818 9
1499 2791 1570 2818 inter
1584 2797 1667 2825 opera
1687 2788 1771 2817 Theo-

987 2826 1073 2853 doreti
1087 2826 1239 2862 deperdita.
