1947 3071
202 92 252 121 ίῡι

789 93 945 121 DIATRIUA
965 93 1008 121 DE
1028 93 1236 122 THEODORIS.

1782 93 1833 121 ωε

200 153 297 183 dorum
311 151 349 179 ita
364 151 461 179 scribit
479 161 485 178 :
504 151 608 186 Τίμιος,
623 151 714 186 φησὶν,
742 153 758 178 o’
772 152 875 186 γάμος,
899 151 948 179 καὶ
969 152 989 186 ἠ

1057 160 1092 179 uo
1107 151 1211 186 scripto
1226 151 1354 179 inseruit.
1377 151 1526 181 Facundus
1543 158 1608 179 vero
1623 150 1684 186 ejus
1705 150 1833 186 epistolis

200 197 288 230 κοίτη
306 197 465 231 ἀμίαντος·
490 197 531 224 σοὶ
551 196 579 223 δὲ
595 196 686 223 οὐκέτι
711 196 823 224 δυνατὸν
845 198 879 224 τὰ
901 197 993 224 δίκαια

202 243 319 276 φυλάξαι
337 242 383 269 τοῦ
401 243 491 277 γάμου
504 251 510 257 ·
528 243 572 269 τὸν
585 241 639 277 γὰρ
657 243 809 278 ἐπουρανίῳ
823 243 994 278 συναφθέντα

202 291 323 325 νυμφίῳ,
335 290 428 317 τοῦτον
445 291 494 326 μὲν
507 290 596 322 ἐᾶται,
610 290 718 324 γυναικὶ
732 290 760 317 δὲ
773 290 854 317 αὐτὸν
866 290 992 325 συνάψαι,

205 335 314 371 μοιχεία
329 335 358 361 τὸ
371 334 489 370 πρᾶγμά
503 336 575 361 ἐστι’
592 334 643 361 κᾶν
661 335 791 370 μυριάκις
810 335 891 362 αὐτὸν
906 335 995 370 γάμον

203 383 309 417 καλῇς·
331 382 376 414 At,
392 382 489 415 inquis.
511 381 671 408 honorabile
683 382 862 412 connubium,
874 385 901 408 et
919 385 994 408 turus

204 428 400 454 immaculatus
410 428 431 454 ί.
450 427 506 453 Tibi
517 435 576 453 vero
586 427 750 454 matrimonii
756 428 821 462 jura
832 435 995 462 nequaquam

205 474 345 500 convenire
363 477 481 506 possunt.
492 471 522 499 Si
532 473 588 506 quis
600 472 669 498 enim
678 472 776 499 caelesti
788 481 814 499 se
822 481 918 507 sponso
930 482 995 500 con-

202 519 314 554 junqat,
327 518 420 545 deinde
437 526 466 544 eo
481 517 619 552 repudiato
631 526 658 544 se
669 518 773 544 mulieri
789 519 900 552 copulet,
917 519 996 546 adul-

206 566 304 591 terium
316 564 468 595 committit,
478 563 538 590 licet
553 563 620 589 illud
635 564 796 590 contentiose
803 563 886 590 decies
900 565 995 591 millies

208 610 408 637 matrimonium
419 609 543 643 appelles.
561 608 645 643 Igitur
662 609 709 643 qui
729 608 865 637 Theodori
889 610 995 644 lapsum

211 656 246 683 ad
262 656 396 682 rationem
411 654 535 681 veritatis
552 662 683 682 revocare
704 655 780 687 velit,
805 663 889 682 unum
910 656 997 691 Chry-

209 706 362 729 sostomum
379 700 484 732 audiat,
501 707 614 728 necesse
625 704 679 731 est.
696 708 730 727 ex
747 709 802 736 quo
818 709 875 729 rem
893 702 933 730 sic
946 702 996 728 ha-

209 748 283 774 beat.
299 746 461 773 Theodorus
475 753 528 772 non
546 745 592 772 diu
611 749 756 780 postquam
770 746 880 774 Christo
895 755 996 774 nomen

209 793 332 824 dederat,
363 791 515 827 φροντίζειν
529 791 698 826 πραγμάτων
714 792 849 827 πατρῴων
869 793 995 828 cogitur;

1044 197 1202 224 testimonio
1213 201 1290 231 urget
1301 197 1474 226 adversarios
1483 197 1619 225 Theodori
1628 196 1827 233 Mopsuesteni.

1044 242 1175 274 Liberali,
1202 246 1228 268 et
1248 241 1370 270 Facundi
1392 243 1512 278 antiquis
1529 243 1681 275 codicibus,
1702 243 1773 270 bene
1787 249 1832 270 re-

1044 286 1179 321 spondent
1195 286 1319 314 Vaticani
1343 287 1520 322 epistolarum
1542 288 1731 323 Chrysostomi
1753 287 1831 315 codi-

1046 339 1092 358 ces
1110 331 1233 363 DCCXII,
1247 336 1274 358 et
1292 331 1433 359 MtIXClV.
1445 332 1616 361 Justinianus
1636 338 1726 361 autem
1743 333 1830 368 impe-

1046 382 1121 404 rator
1142 378 1168 404 in
1192 377 1292 405 Libello
1317 379 1492 411 confessionis
1517 378 1581 412 ﬁdei
1596 379 1705 406 unicam
1724 378 1833 406 videtur

1046 423 1144 458 legisse
1161 424 1350 459 Chrysostomi
1370 424 1404 450 ad
1417 423 1582 451 Theodorum
1599 424 1750 457 epistolam,
1771 431 1831 451 eam

1046 469 1175 495 nimirum
1207 477 1288 504 quam
1316 469 1349 496 ad
1374 477 1436 496 eum
1467 469 1572 503 lapsum
1593 469 1721 502 dederat;
1751 469 1831 497 aliam

1048 520 1121 544 vero.
1151 521 1210 548 quae
1235 514 1358 549 ejusdem
1377 514 1472 541 laudes
1489 514 1653 546 contineret,
1680 523 1733 542 non
1748 522 1833 550 agno-

1048 566 1136 586 scere.
1160 559 1256 587 Patres
1277 564 1366 586 autem
1396 559 1692 594 Conslantinopolitani
1717 560 1830 587 secundi

1048 604 1171 636 concilii,
1187 604 1251 631 licet
1266 612 1325 632 eam
1343 604 1542 639 Chrysostomo
1553 611 1607 631 non
1628 605 1766 636 abdicem.
1780 605 1832 632 ali-

1048 654 1089 676 ter
1104 654 1194 677 tamen
1211 650 1244 678 de
1256 651 1302 678 illa
1313 650 1448 685 judicant,
1463 659 1543 686 quam
1559 651 1681 679 fautores
1695 651 1831 679 Theodori

1050 695 1242 730 Mopsuesteni.
1258 695 1325 723 Nam
1347 696 1473 731 inquiunt
1487 706 1493 723 :
1507 696 1553 724 Sin
1568 701 1655 723 autem
1666 696 1761 731 aliquis
1772 705 1834 723 eon-

1049 741 1125 768 redat
1155 741 1188 768 ad
1214 743 1299 776 ipsum
1327 742 1491 769 Theodorum
1515 743 1641 776 scriptam
1665 750 1723 769 eam
1741 742 1833 776 fuisse,

1049 792 1147 814 certum
1164 793 1201 814 est
1221 790 1290 822 quod
1304 787 1432 818 Joannes,
1454 789 1498 823 qui
1515 796 1561 821 per
1575 792 1658 814 totum
1673 795 1749 814 suum
1768 796 1834 822 pons

208 843 236 865 et
253 838 317 865 dum
337 837 407 864 facta
422 837 474 864 sibi
492 837 626 871 tantisper
641 837 770 864 facultate
788 845 802 864 a
834 839 996 866 monasterii

1055 832 1180 866 'iﬁcatum
1197 832 1314 858 veritatis
1336 832 1440 859 uerbum
1464 837 1533 859 recte
1553 832 1690 864 tractavit,
1710 833 1834 867 ignorans

209 884 350 919 prtefecto,
367 884 393 910 in
411 883 479 910 urbe
503 887 643 914 versatur,
669 883 696 909 in
724 887 910 911 transversum
940 885 996 920 agi-

209 935 266 960 tur,
280 934 307 957 et
322 929 558 956 carnisillcccbris
570 929 706 960 irretitus,
717 928 902 961 Hermioncm.
912 938 995 965 quam

210 975 406 1002 ardentissime
428 974 617 1006 adamarerat,
643 975 724 1001 etiam
743 975 919 1002 matrimonio
944 977 996 1003 sibi

211 1022 379 1056 conjungere
392 1020 513 1055 parabat.
532 1020 580 1047 llic
595 1020 700 1054 primus
720 1020 855 1048 Theodori
866 1021 922 1056 jam
940 1031 998 1049 mo-

211 1067 292 1093 nachi
306 1066 398 1101 lapsus
421 1066 448 1093 in
471 1065 586 1092 luxuria:
606 1073 726 1097 caanum,
742 1070 771 1093 ut
786 1066 999 1102 Chrysostomus

213 1114 272 1148 ipse
286 1116 371 1144 notat,
387 1112 436 1148 τῆς
448 1112 497 1147 σῆς
516 1112 604 1148 ψυχῆς
619 1113 649 1138 τὸ
663 1113 770 1148 πρῶτον
787 1114 923 1149 πεσούσης
930 1115 999 1141 πτῶ-

214 1168 263 1194 μα.
279 1158 432 1192 Antequam
450 1165 515 1184 vero
525 1157 552 1184 in
565 1165 686 1184 ercmum
702 1157 852 1189 secederet.
863 1159 999 1186 immerito

212 1203 337 1238 ejusdem
353 1203 424 1230 omni
441 1206 467 1230 et
483 1203 674 1238 impudicitzea
691 1203 794 1230 Savilio
812 1203 998 1236 insimulatur,

214 1250 261 1284 qui
274 1256 416 1284 perperam
440 1249 546 1284 accepit
571 1249 598 1275 in
624 1250 723 1276 malam
748 1254 853 1284 partem
875 1250 941 1277 illud
960 1251 1000 1282 εἰς

216 1296 329 1330 μουσεῖα
342 1294 481 1328 φοιτῶντι,
500 1298 633 1329 putatque
658 1297 772 1330 μουσεῖα
796 1295 881 1324 fuisse
902 1296 1001 1323 Antio-

214 1341 285 1367 chiae
308 1341 367 1367 loca
393 1340 580 1374 voluptatibus
612 1345 640 1367 et
667 1341 785 1368 lasciviae
808 1341 909 1375 dicata,
941 1350 1002 1377 quae

213 1385 377 1413 Theodorus
393 1385 552 1412 adolescens
569 1386 763 1420 frequentaret,
777 1394 839 1414 cum
858 1388 895 1414 ibi
916 1387 1003 1424 Chry-

214 1436 353 1460 sostomus
372 1432 473 1458 usitato
499 1430 601 1458 Graecis
622 1431 754 1458 vocabulo
782 1432 875 1459 ludum
897 1433 1002 1460 littera-

214 1477 286 1503 rium
311 1476 442 1506 nominet,
469 1476 700 1510 quemadmodum
726 1476 753 1503 in
774 1478 890 1512 epistola
915 1480 1001 1513 prima

1050 876 1117 903 tales
1135 876 1310 911 blaspltemias
1332 877 1517 911 conscripsisse
1542 876 1718 908 Theodorum,
1740 877 1834 911 hujus-

1050 922 1122 948 modt'
1146 921 1184 948 ad
1209 930 1267 948 eum
1289 922 1392 948 litteras
1409 921 1529 949 dederat.
1554 921 1606 948 Alii
1628 922 1699 949 duos
1721 925 1835 948 narrant

1051 965 1222 997 Tlieodoros,
1245 965 1375 993 Ecclesia:
1399 966 1596 1002 Mopsuestenze
1615 966 1787 1001 praepositos,
1809 970 1836 994 et

1050 1012 1083 1038 ad
1109 1012 1289 1046 posteriorem
1318 1011 1405 1039 fuisse
1434 1013 1524 1039 datam
1556 1020 1615 1039 eam
1645 1012 1835 1047 Chrysostomi

1050 1058 1193 1092 epistolam
1207 1058 1312 1084 volunt.
1335 1057 1516 1093 Theophanes
1538 1058 1565 1085 in
1583 1058 1760 1093 chronologia
1776 1065 1783 1084 :
1803 1058 1836 1084 Ἣ

1051 1103 1079 1129 δὲ
1103 1102 1149 1128 τοῦ
1173 1103 1365 1137 Χρυσοστόμου
1398 1103 1524 1137 ἐπιστολὴ
1550 1103 1566 1137 ἡ
1594 1102 1669 1136 πρὸς
1688 1102 1838 1135 Θεόδωρον

1050 1147 1272 1181 Μοψοινεστιιις,
1299 1147 1358 1182 οὐχὶ
1385 1147 1454 1183 πρὸς
1473 1147 1519 1173 τὸν
1541 1147 1659 1182 πρῶτον,
1680 1146 1747 1172 ἀλλὰ
1769 1147 1838 1181 πρὸς

1050 1193 1097 1220 τὸν
1116 1193 1228 1227 ἔσχατον
1249 1193 1393 1228 γενόμενον
1410 1193 1483 1219 ἐστίν
1498 1201 1505 1208 ·
1520 1191 1702 1227 Chrysostomi
1726 1192 1838 1226 epistola

1053 1237 1086 1264 ad
1115 1237 1288 1264 Theodorum
1311 1237 1545 1272 Mopsuestenum,
1576 1245 1626 1264 non
1652 1236 1687 1263 ad
1710 1237 1837 1264 seniorem

1052 1284 1108 1316 ejus
1125 1282 1252 1309 Ecclesia:
1270 1283 1430 1317 episcopum,
1446 1282 1491 1309 sed
1504 1282 1678 1315 adjuniorem
1698 1281 1762 1308 data
1776 1281 1838 1315 fuit.

1053 1327 1154 1355 Verum
1167 1332 1241 1354 errat
1256 1327 1438 1362 Theophanes
1455 1337 1461 1354 :
1479 1335 1542 1354 nam
1556 1327 1715 1354 Theodorus
1728 1326 1839 1358 Junior,

1053 1381 1152 1408 genere
1168 1373 1274 1405 Galata,
1292 1380 1449 1408 supremum
1469 1372 1540 1400 diem
1565 1373 1626 1399 vita
1643 1373 1710 1407 egit,
1728 1376 1757 1399 ut
1779 1380 1836 1407 per-

1054 1421 1149 1455 spicue
1174 1420 1325 1451 declarant,
1351 1422 1378 1445 et
1400 1426 1471 1453 saepe
1494 1422 1622 1453 repetunt
1645 1422 1706 1445 acta
1729 1419 1842 1445 concilii

1055 1464 1253 1499 llopsuesteni,
1263 1471 1334 1490 anno
1343 1462 1491 1490 Justiniani
1505 1463 1678 1497 imperatoris
1697 1463 1839 1494 vicesimo,

214 1522 293 1557 (ctlit.
317 1526 336 1548 ι.
357 1521 377 1552 l,
407 1529 434 1556 p.
446 1508 492 1550 28-)
507 1521 541 1546 ad
567 1521 686 1547 eumdem
713 1508 877 1549 Theodorum
903 1508 937 1551 de
952 1524 1002 1551 Ur-
1017 1508 1038 1538 Ο
1055 1510 1158 1538 “mea
1170 1509 1321 1536 centesimo
1330 1508 1540 1557 qliaﬁagesinj?
1550 1513 1577 1536 et
1591 1508 1841 1557 ξωβξέιξδδὺ-οδξω

215 1568 278 1595 baui
295 1567 433 1593 Plimnicis
450 1567 506 1593 tilio
518 1567 587 1594 idem
606 1574 705 1594 nomen
726 1568 758 1594 ad
774 1576 830 1595 rem
841 1569 1001 1596 litterariam

216 1613 422 1649 signiﬁcandam
438 1613 542 1640 sumit:
561 1609 644 1645 Οὗτος
666 1613 696 1640 τὸ
717 1614 766 1649 μὲν
786 1615 894 1650 πρῶτον
917 1616 1004 1652 epeia-

217 1660 278 1686 σθαι
288 1659 372 1686 πο).λὰ
378 1661 438 1691 ταῖς
446 1660 534 1690 ἐντοῖς
544 1659 679 1693 popa-eiut;
687 1659 837 1695 διατριϐαῖς
845 1670 857 1686 ε
863 1660 930 1688 ῐπών
937 1670 943 1676 ·
952 1661 1004 1688 llic

215 1706 332 1740 primum
347 1705 451 1740 quidem
470 1705 577 1740 longum
592 1706 650 1733 vale
664 1705 753 1733 dicens
765 1707 913 1734 scolasticis
933 1716 1005 1734 eaer-

217 1752 382 1784 citamentis,
401 1752 459 1779 suis
474 1752 572 1780 deinde
587 1752 662 1780 risus
686 1756 728 1779 cst
742 1753 857 1783 inutilis,
875 1754 1004 1788 quoniam

217 1801 247 1824 ut
264 1798 356 1825 statim
373 1797 586 1832 Chrysostomus
599 1797 675 1824 addit
691 1807 697 1824 :
714 1797 770 1833 Πρὸ
790 1798 864 1832 ὧρας
876 1798 929 1825 τῶν
941 1799 1006 1834 περὶ

216 1843 282 1875 τοὺς
295 1843 392 1877 λόγους
413 1843 502 1870 πόνων
517 1843 696 1878 ἀποπηδήσας
715 1844 797 1879 μηδὲν
811 1844 915 1871 ἐκεῖθεν
939 1854 1006 1880 καρ-

218 1889 365 1916 πώσασθαι
378 1889 493 1924 ἐδυνήθη
503 1897 510 1904 ο
526 1889 695 1923 Ρναορτορενε
715 1890 854 1916 litterariis
872 1890 1006 1916 laboribus

218 1944 248 1963 se
266 1934 407 1966 subduxit,
436 1935 476 1960 ita
498 1939 527 1960 ut
542 1935 601 1960 inde
621 1934 688 1960 nihil
704 1934 829 1961 utilitatis
853 1936 1005 1968 perceperit.

220 1981 253 2008 Et
273 1982 300 2007 in
316 1979 447 2014 psalmum
460 1984 583 2013 quartum
601 1979 679 2006 ;οὖκ
707 1980 746 2010 εἰς
773 1982 898 2014 μουσεῖον
927 1981 1007 2007 ἀπιέ-

219 2036 265 2053 ναι
277 2026 326 2057 δεῖ,
345 2025 405 2051 οὐδὲ
416 2025 606 2058 παιδαγωγοὺς
622 2025 756 2059 μισθῶσαι
771 2026 818 2052 καὶ
834 2027 951 2062 ῥήτορας
962 2027 1008 2053 καὶ

221 2072 369 2106 σοφιστάς·
389 2070 480 2105 Neque
496 2078 560 2105 opus
574 2075 612 2096 est
637 2070 727 2097 ludum
746 2071 820 2098 adire
836 2072 1006 2105 litterarium,

220 2125 303 2151 neque
318 2117 434 2143 mercede
448 2116 603 2151 pwdogogos
615 2116 767 2150 conducere,
781 2125 861 2152 neque
876 2118 1008 2152 rhetoras.

221 2171 306 2196 neque
323 2162 466 2196 sophistas.
493 2161 545 2188 Sed
559 2169 592 2188 eo
610 2162 701 2189 minus
722 2170 817 2191 errare
841 2164 959 2192 Savilius
976 2173 1008 2192 eo
1025 2169 1046 2196 ι)

223 2209 325 2235 inloco
342 2208 486 2240 debuerat,
502 2208 575 2243 quod
592 2209 650 2236 voci
667 2210 778 2244 μουσεῖα
794 2210 938 2245 conjunxit
959 2219 1009 2239 au-

222 2258 286 2280 ctor
299 2254 410 2280 verbum
427 2254 531 2288 φοιτᾷν,
554 2253 626 2288 quod
640 2253 726 2281 Graeci
754 2255 903 2290 scriptores
922 2257 960 2283 ita
977 2264 1010 2283 ex

223 2307 277 2326 usu
289 2299 323 2326 ad
335 2299 427 2327 studia
442 2299 656 2332 transtulerunt,
670 2303 700 2326 ut
717 2300 780 2328 inde
792 2301 944 2336 discipulos
952 2310 1011 2336 φοι-

222 2346 307 2381 τητάς
321 2346 497 2381 appellarint.

261 2397 395 2432 Denique.
419 2405 454 2424 ne
474 2397 525 2424 hoc
546 2397 629 2424 ctiam
651 2397 869 2430 dissimulcmus,
890 2399 1014 2434 epistula:

223 2441 479 2478 Chrysostomianze
509 2442 581 2474 112,
611 2443 681 2470 male
713 2442 834 2471 Savilius
867 2445 1013 2476 inscribit,

224 2489 345 2523 Θεοδότῳ
368 2488 521 2522 ὲπισχόπῳ.
546 2487 648 2522 Nempe
669 2489 787 2524 ignorat,
812 2495 914 2524 quanta
933 2491 1015 2518 fuerit

224 2537 299 2563 inter
314 2534 410 2561 Patres
421 2534 456 2561 de
465 2534 512 2561 illa
524 2534 642 2569 epistola
661 2537 849 2564 controversia
865 2537 917 2564 sub
929 2536 1015 2564 Justi-

226 2581 311 2608 niano
338 2580 518 2614 imperatore.
549 2580 791 2615 reponendumque
815 2581 928 2609 omnino
953 2590 1015 2610 esse

225 2625 357 2661 Θεοδώρῳ
370 2625 525 2660 ἑπισκόπῳ,
543 2625 622 2660 isque
638 2631 681 2653 est
696 2626 907 2661 Mopsuestenus
923 2629 966 2655 hic
982 2628 1016 2656 de

225 2678 282 2704 quo
297 2670 416 2705 agimus.
443 2674 473 2697 ut
500 2670 636 2698 afﬁrmant
655 2671 801 2700 Liberatus
823 2673 1018 2709 Carthaginen-

225 2716 267 2743 sis
279 2715 425 2747 diaconus,
441 2719 469 2742 et
483 2714 630 2743 Facundus
642 2716 847 2746 Ilermianensis
863 2719 910 2746 lib.
928 2728 976 2751 vn,
990 2720 1016 2752 7,

225 2761 275 2797 qui
303 2761 438 2796 integram
460 2768 520 2788 eam
543 2761 688 2797 epistolam
711 2762 857 2791 Latinitate
885 2765 1014 2792 donatam

265 2829 273 2844 ¹
293 2828 381 2857 Hebr.
396 2837 456 2861 xm,
476 2829 502 2857 ι.

1053 1554 1166 1581 Joannis
1182 1553 1378 1588 Chrysostomi.
1396 1553 1490 1588 Neque
1505 1553 1632 1588 diptycha
1655 1553 1730 1581 illius
1747 1553 1842 1581 Eccle-

1054 1601 1102 1627 siae
1121 1600 1148 1626 in
1169 1599 1262 1626 cadent
1279 1599 1382 1634 synodo
1397 1600 1510 1626 recitata
1526 1600 1608 1626 alium
1628 1599 1730 1627 habent
1748 1599 1838 1627 Theo-

1054 1643 1150 1669 dorum
1166 1646 1228 1676 post
1251 1642 1451 1670 Antiochenum
1469 1643 1544 1670 illum
1570 1644 1687 1678 lapsum.
1707 1643 1761 1672 Sed
1771 1649 1842 1675 esto,

1056 1687 1139 1713 fuerit
1164 1687 1246 1717 alius,
1265 1687 1344 1721 cujus
1362 1694 1462 1714 nomen
1482 1694 1496 1714 a
1514 1687 1614 1714 tabulis
1637 1688 1691 1715 illis
1711 1688 1844 1715 ecclesia-

1055 1733 1132 1761 sticis
1157 1732 1302 1764 exciderit,
1327 1733 1350 1760 is
1375 1741 1440 1760 vero
1466 1733 1548 1760 etiam
1569 1733 1614 1760 vix
1633 1734 1685 1760 erit
1710 1734 1801 1760 statim
1827 1742 1842 1761 ει

1056 1778 1146 1812 lapso,
1172 1777 1208 1804 ita
1227 1781 1256 1804 ut
1282 1777 1353 1804 inter
1378 1785 1426 1804 eos
1452 1777 1543 1804 nullus
1562 1777 1750 1804 intercesserit
1774 1778 1844 1806 alius

1060 1822 1192 1849 Ecclesia:
1208 1822 1405 1856 Mopsuestenaa
1419 1822 1529 1856 praesul,
1541 1827 1568 1849 et
1584 1823 1617 1849 de
1635 1823 1685 1849 hoc
1699 1822 1843 1857 Theopha-

1057 1875 1107 1894 nes
1130 1867 1276 1901 intelligat,
1294 1874 1328 1894 ne
1350 1867 1401 1894 hac
1415 1867 1526 1902 quidem
1542 1867 1648 1894 ratione
1671 1868 1754 1894 stabit
1772 1868 1845 1895 illius

1061 1913 1196 1940 Sententia
1212 1921 1218 1938 :
1236 1919 1298 1939 nam
1317 1912 1532 1947 Chrysostomus
1560 1912 1588 1939 in
1614 1913 1712 1940 exsilio
1731 1914 1846 1940 moritur

1058 1957 1140 1984 etiam
1157 1961 1214 1983 tum
1238 1956 1389 1991 superstite
1411 1956 1555 1984 Theodoro
1571 1957 1741 1985 Antiucheno
1757 1959 1846 1993 lapso,

1064 2003 1111 2036 qui
1129 2003 1208 2037 longe
1223 2005 1284 2036 post
1301 2002 1352 2029 sub
1364 2001 1519 2029 Theodosio
1534 2001 1663 2035 Juniore,
1682 2008 1779 2031 exacto
1796 2004 1848 2032 Ec—

1059 2048 1149 2074 elesia:
1175 2048 1339 2082 praesulatus
1371 2052 1450 2074 sexto
1478 2052 1559 2082 atque
1587 2049 1729 2076 tricesimo
1757 2057 1846 2083 anno,

1061 2100 1140 2120 suum
1159 2093 1230 2119 diem
1246 2092 1323 2122 obiit,
1349 2096 1378 2118 ut
1394 2092 1490 2126 quinto
1505 2094 1608 2120 Histor.
1633 2093 1705 2121 libro
1725 2098 1848 2121 extremo

1061 2143 1155 2165 narrat
1172 2137 1369 2165 Theodoretus.
1391 2137 1448 2164 lmo
1467 2145 1531 2165 vero
1547 2147 1635 2173 neque
1651 2139 1707 2166 haec
1722 2141 1847 2174 epistola,

1060 2182 1124 2218 quia
1137 2181 1324 2217 (lhrysostomi
1340 2185 1392 2212 est,
1407 2185 1434 2208 ct
1449 2183 1482 2207 ad
1504 2181 1669 2209 Theodorum
1685 2183 1849 2217 Mopsueste-

1060 2235 1123 2254 num
1146 2226 1220 2258 data,
1239 2226 1341 2260 aliquid
1364 2226 1508 2261 suifragari
1531 2231 1619 2262 potest
1641 2227 1794 2256 fautoribus
1815 2230 1850 2256 il~

1061 2273 1134 2303 lius,
1167 2270 1240 2305 quod
1272 2270 1445 2298 Justinianus
1472 2271 1568 2298 timent
1594 2278 1626 2298 ac
1655 2270 1849 2306 Theophanes.

1061 2317 1128 2344 Nam
1149 2321 1178 2343 ut
1194 2323 1296 2351 patres.
1312 2316 1358 2351 qui
1375 2316 1410 2343 ob
1434 2323 1546 2343 causam
1563 2316 1645 2342 trium
1667 2317 1850 2351 capitulorum

1062 2362 1297 2396 Constantinopoli
1317 2365 1513 2394 convenerant,
1538 2366 1620 2396 atque
1644 2363 1732 2394 alios,
1763 2363 1850 2390 latere

1062 2408 1151 2442 potuit
1166 2406 1452 2442 impietas-Theodori.
1468 2407 1507 2434 sic
1524 2407 1672 2441 aliquando
1686 2407 1852 2443 Chrysoslo—

1063 2459 1138 2478 mum
1156 2451 1442 2478 honoriﬁcentioribus
1458 2451 1550 2478 verbis
1563 2450 1597 2478 de
1613 2451 1660 2478 illo
1676 2452 1851 2479 scribentem.

1063 2495 1145 2524 Certe
1168 2496 1248 2522 latuit
1273 2503 1396 2523 summos
1420 2495 1482 2530 ejus
1508 2497 1679 2530 tempestatis
1704 2497 1730 2523 in
1749 2498 1854 2524 oriente

1066 2540 1196 2568 doctores
1209 2544 1236 2568 et
1248 2540 1426 2567 ecclesiarum
1441 2540 1592 2572 antistites,
1608 2539 1766 2568 Nectarium
1779 2541 1853 2568 Con-

1068 2586 1354 2620 slantinopulitanum,
1364 2585 1545 2620 Theophilum
1556 2585 1783 2618 Alexandrinum.
1793 2587 1854 2614 Fla-

1068 2632 1180 2658 vianum
1197 2631 1409 2663 Antiochenum,
1425 2631 1585 2666 Gregorium
1606 2631 1771 2666 Nyssenum,
1791 2635 1855 2659 Am-

1070 2677 1236 2712 philochium
1250 2676 1346 2709 lcouii,
1357 2676 1510 2704 Palladium
1521 2677 1730 2711 Caesariensem,
1744 2683 1771 2706 et
1786 2678 1855 2705 alios

1071 2722 1238 2757 quibuscum
1249 2721 1408 2750 Theodorus
1421 2722 1557 2755 consedit,
1569 2729 1602 2750 ac
1613 2723 1777 2750 sententiam
1787 2723 1856 2750 dixit

1069 2768 1096 2795 iu
1108 2767 1414 2803 Constantinopolitano
1428 2767 1567 2796 celebrato
1580 2767 1792 2803 imperatoribus
1802 2767 1858 2796 Ar-
