1947 3071
138 80 190 108 103

532 77 578 104 EX
598 75 722 104 LEONIS
741 74 880 104 ALLATII
898 75 1058 103 DIATRIBA
1080 76 1122 102 DE
1143 75 1351 104 TIIEODORIS.

1713 70 1772 99 1οι

137 139 217 166 cadio
235 137 357 170 tertium,
379 139 408 164 et
432 134 556 163 llonorio
579 134 732 163 secundum
752 134 925 168 consulibus,
942 137 963 164 Λ
978 134 1111 169 prop/tetu:
1122 140 1224 162 centum
1237 131 1463 168 etquinquaginta
1477 130 1525 166 {6),
1539 137 1650 165 quarunt
1665 129 1772 165 singuli

137 185 243 212 scilicet
266 183 348 219 paulo
376 186 438 209 ante
462 187 544 216 quam
562 180 683 209 Joannes
708 181 925 216 Chrysostomus

138 230 266 258 Ecclesia:
277 226 582 262 Constantinopolitanae
596 226 863 255 administrationem
876 234 924 253 ca-

140 279 273 311 posseret.

177 321 383 355 Subjnngamus
403 318 456 346 hoc
471 326 580 354 quoque
596 317 734 345 :Roberto
753 316 877 343 Ball‘orco
898 316 925 343 in

139 366 362 394 adnotationibus
386 366 420 391 ad
442 365 607 392 Theodorum
632 363 791 390 Raithenum
817 362 926 390 videtur

139 413 210 439 alius
234 418 296 438 esse
313 410 474 438 Theodorus
496 409 716 444 Mopsuesteuus,
741 414 823 443 quem
846 407 926 442 pleno

139 464 187 483 ore
207 455 378 490 Nicephorus
394 455 441 482 lib.
457 463 502 482 xlv
516 453 618 480 Ecrles.
635 453 730 479 hislor.
758 459 821 486 cap.
836 452 881 483 30,
898 454 926 478 et

140 501 329 529 Thcodoretus
351 501 398 528 lib.
424 508 440 525 v
455 505 577 527 extremo
602 498 723 526 laudant.
751 497 809 525 lloc
834 502 925 524 tamen

140 555 174 574 ex
202 547 235 574 iis
250 554 311 581 quae
323 545 442 572 diximus
460 544 559 571 falsum
580 550 640 571 esse
656 541 880 577 deprehenditur,
900 544 927 567 ct

142 592 314 627 potissimum
323 599 386 618 cum
396 590 429 617 ad
440 595 560 624 tempora
573 589 674 624 quintae
686 587 820 622 generalis
829 585 926 622 synodi

140 638 233 665 nullus
248 637 318 663 alius
338 636 420 662 fuerit
444 634 652 670 Mopsuestenus
668 632 839 664 Theodorus,
854 639 926 666 prae-

141 688 183 710 ter
205 683 288 714 hunc,
308 682 391 716 idque
413 680 522 708 abunde
547 679 693 714 probatum
719 679 755 706 sit
775 678 802 705 in
823 678 927 713 synodo

142 728 351 764 Mopsuestena;
377 726 403 753 id
423 725 494 760 quod
519 725 642 760 episcopi
660 724 787 752 secunda:
807 723 925 750 Cilicum

145 774 304 809 provincia},
319 776 347 800 et
359 773 451 808 plures
467 771 513 798 alii
527 779 560 798 ex
575 770 711 805 diplychis
727 769 927 804 Mopsuestcnze

141 819 280 849 Ecclesiae,
293 823 319 845 et
333 817 588 853 probatissimorum
607 817 747 843 hominum
762 814 927 842 testimoniis

141 865 269 899 probant,
290 863 426 890 Theodori
450 862 561 893 veteris,
587 861 662 888 illius
682 860 789 887 scilicet
817 859 850 887 de
873 867 927 894 quo

142 917 216 936 nunc
231 908 391 940 scribimus,
404 907 506 934 nullam
525 913 586 933 esse
604 906 785 935 mentionem:
804 909 831 932 et
844 905 926 932 alium

141 954 329 984 Theodorum,
344 953 390 987 qui
404 952 432 980 in
448 952 499 979 line
511 950 704 986 diptychorum
721 951 840 985 scriptus
855 953 926 981 erat,

142 1007 175 1026 ex
199 999 306 1026 Galatia
327 997 484 1029 oriundum,
511 1000 574 1023 ante
597 999 653 1023 tres
679 1003 765 1023 annos
790 1000 927 1023 tnortuum

142 1043 238 1070 fuisse.
256 1042 326 1076 lu'rgo
338 1041 372 1068 de
392 1041 443 1067 hoc
456 1039 578 1067 secundo
595 1046 647 1065 non
663 1043 729 1066 sunt
744 1039 826 1065 verba
840 1038 928 1065 Theo-

141 1086 240 1113 doreti.
258 1086 308 1118 Qui
325 1085 396 1112 enim
421 1088 461 1111 tot
479 1088 542 1110 ante
563 1090 650 1110 annos
673 1082 830 1112 defunctus.
848 1083 928 1117 hujus

142 1130 193 1157 sub
205 1128 361 1156 Justiniano
376 1127 491 1155 viventis
510 1127 669 1154 meminisse
687 1127 794 1161 potuit?
812 1126 843 1153 Et
865 1135 926 1155 cum

142 1183 228 1210 usque
246 1174 280 1201 ad
305 1174 386 1208 hujus
410 1173 573 1200 recentioris
591 1180 713 1207 tempora
739 1173 832 1200 nullus
857 1173 928 1200 alius

144 1221 235 1252 fuerit,
247 1223 321 1247 certa
334 1223 398 1246 sunt
412 1218 577 1246 Theodoreti
593 1219 675 1246 verba
688 1219 721 1246 de
736 1223 826 1245 vetere
843 1218 929 1245 Theo-

142 1266 209 1293 doro
238 1265 438 1300 Hopsucsteno.
462 1263 632 1298 Nicephorus
653 1264 736 1291 verba
758 1263 925 1291 Theodoreti

142 1315 169 1337 et
194 1310 355 1337 sententiam
377 1309 518 1340 esscribit,
542 1317 629 1344 neque
647 1309 681 1336 de
700 1309 755 1336 alio
775 1317 926 1337 sermonem

143 1356 233 1387 habet,
249 1363 331 1391 quam
344 1355 378 1382 de
393 1363 448 1390 quo
463 1355 653 1382 Theodoretus
671 1355 730 1390 ipso
749 1356 856 1383 locutus
870 1355 927 1384 iue-

143 1406 194 1428 rat.
212 1400 342 1428 Facessat
365 1401 448 1435 igitur
463 1400 534 1428 alius
551 1401 595 1427 hic
615 1399 777 1428 Theodorus
792 1402 928 1428 recentior

976 185 1100 208 constant
1125 180 1234 215 triginta
1256 179 1394 213 capitibus.
1422 177 1490 204 Item
1517 177 1707 212 expositionem
1737 176 1771 203 in

976 227 1097 261 quinque
1115 226 1199 253 libros
1222 224 1336 260 Muysis,
1352 231 1432 258 quam
1448 222 1533 249 tribus
1560 222 1711 255 complexus
1726 224 1773 247 est

976 273 1065 304 tomis,
1082 272 1178 298 mirum
1197 271 1224 297 in
1241 270 1349 297 modum
1370 269 1563 298 elucubratam,
1584 266 1618 293 ad
1637 272 1770 301 maguum

975 318 1126 352 Alphienm.
1143 317 1265 343 Psalmos
1288 322 1387 350 quoque
1409 312 1519 340 Davidis
1540 312 1658 346 exposuit
1681 311 1771 337 tribus

977 362 1064 394 libris,
1087 361 1121 389 ad
1140 361 1291 388 Cerdonem
1306 364 1334 387 et
1347 360 1458 386 fratrem
1480 358 1551 392 ejus.
1577 356 1605 383 In
1621 355 1770 383 duodecim

978 408 1125 443 prophetas
1148 406 1252 433 duobus
1276 406 1353 432 tomis
1375 407 1566 431 commentatus
1587 406 1637 433 est,
1659 401 1692 428 ad
1706 409 1771 429 mar

977 454 1084 491 Tyrium
1111 453 1157 486 (cl.
1190 452 1219 479 In
1246 451 1399 478 Samuelem
1428 452 1618 476 commentatus
1645 452 1682 473 est
1714 454 1770 471 uno

977 502 1057 529 tomo,
1073 498 1106 524 ad
1121 496 1330 524 Mamarianum.
1347 495 1375 521 In
1389 494 1486 522 Jobum
1501 502 1601 529 quoque
1615 491 1716 518 duobus
1726 495 1770 517 to-

976 543 1038 574 mis,
1047 543 1079 569 ad
1088 541 1218 577 Cyrillum
1231 540 1487 568 AlexandrinumJn
1500 539 1681 566 Ecclesiasten
1689 538 1770 564 unico

976 588 1043 615 libro
1054 592 1245 614 commentatus
1253 592 1302 620 est,
1313 587 1466 620 deprecante
1478 585 1633 620 Porphyrio.
1641 585 1769 618 Exposuit

975 635 1054 661 etiam
1086 633 1199 664 Isaiam,
1220 632 1391 664 Ezechielem,
1409 631 1550 658 Jeremiam
1574 637 1596 657 et
1621 630 1768 661 Danielem,

976 679 1094 715 singulos
1109 679 1220 714 singulis
1234 678 1311 705 tomis
1326 678 1508 712 complectens,
1520 677 1612 712 quibus
1627 677 1703 711 ﬁnem
1717 676 1769 702 int—

976 726 1062 759 posuit
1080 725 1135 752 suis
1155 723 1396 751 elucubrationibus
1409 723 1434 749 in
1452 721 1535 750 Vetus
1549 721 1766 749 Testamentum.

978 771 1135 798 Muttha'um
1159 779 1210 797 uno
1231 771 1352 804 exposuit
1377 775 1458 801 torno,
1482 769 1514 795 ad
1536 767 1647 800 .Iulium;
1667 766 1768 793 Lucam

977 825 1036 844 vero
1054 821 1079 844 et
1094 816 1223 843 Joannem
1245 816 1346 842 duobus
1366 816 1455 847 tomis,
1472 815 1504 841 ad
1522 813 1680 846 Eusebium;
1696 815 1767 839 Acta

978 862 1156 896 apostolorum
1172 869 1222 888 uno
1236 861 1385 894 complexus
1400 865 1438 887 est
1462 865 1544 890 tomo,
1568 859 1600 886 ad
1623 858 1766 891 Basilium;

978 907 1126 941 Epistolam
1143 907 1177 933 ad
1192 906 1325 933 Romanos
1337 907 1469 941 exposuit,
1485 906 1546 932 item
1561 904 1594 930 ad
1606 903 1765 935 Eusebium;

978 953 1076 981 Ambas
1098 961 1157 980 vero
1182 952 1318 987 Epistolas
1333 952 1367 978 ad
1390 951 1540 980 Corinthius
1564 949 1666 976 duobus
1687 949 1766 975 tomis

977 999 1096 1033 exposuit
1115 1006 1146 1024 ac
1169 997 1337 1029 dilucidavit,
1367 997 1521 1031 deprecante
1551 995 1692 1022 Theodoro.
1711 993 1767 1020 I'Iu-

977 1045 1088 1072 stratius
1108 1044 1145 1079 (tl)
1162 1043 1301 1078 postulavit
1318 1043 1503 1077 expositionem
1516 1046 1629 1076 quatuor
1640 1041 1767 1073 epistola-

978 1097 1037 1115 runt
1048 1096 1112 1123 quas
1129 1092 1382 1115 commemoraturus
1401 1095 1470 1118 sum,
1488 1093 1576 1120 nempe
1593 1084 1718 1119 Epistolw
1731 1084 1766 1110 ad

979 1133 1101 1165 Galatas,
1123 1138 1146 1160 et
1171 1133 1205 1160 ad
1223 1133 1360 1167 Ephesios,
1375 1138 1399 1160 et
1416 1132 1449 1159 ad
1474 1132 1661 1165 I’hilippenses,
1686 1135 1710 1157 et
1730 1129 1766 1155 ad

978 1178 1159 1206 Colossenses.
1170 1179 1253 1206 Binas
1263 1184 1350 1205 autem
1360 1178 1396 1207 ad
1410 1177 1664 1208 Thessalonicenses,
1675 1175 1764 1210 depre-

977 1227 1053 1251 cante
1067 1223 1168 1250 Iacobo
1188 1223 1318 1257 exposuit.
1350 1222 1414 1249 Item
1438 1222 1505 1248 duas
1531 1221 1565 1248 ad
1589 1220 1764 1250 Timotheum,

978 1269 1141 1303 supplicante
1154 1268 1250 1299 Petro;
1266 1273 1290 1295 ct
1301 1268 1454 1302 deprecante
1465 1266 1564 1301 Cyrino
1576 1270 1764 1292 commentatus

977 1320 1016 1342 est
1028 1315 1055 1340 in
1070 1313 1205 1347 Epistolas
1221 1314 1255 1340 ad
1274 1313 1371 1345 Titum,
1385 1318 1410 1338 et
1432 1312 1621 1339 Philemonem.
1646 1311 1764 1338 Dii-exit-

977 1367 1026 1396 que
1038 1360 1072 1386 ad
1085 1359 1204 1386 eumdem
1226 1358 1427 1385 commentarios
1451 1359 1478 1384 in
1493 1357 1640 1392 Epistulam
1659 1357 1691 1384 ad
1713 1356 1765 1384 Ile-

978 1406 1080 1438 bracas;
1095 1404 1209 1439 adeoque
1222 1405 1333 1439 quinque
1355 1405 1431 1431 tomis
1452 1403 1576 1438 imposuit
1591 1403 1670 1437 ﬁnem
1690 1411 1763 1429 com-

142 1455 158 1474 a
170 1446 293 1474 Balioreo
304 1450 331 1474 et
345 1446 407 1474 aliis
417 1446 598 1481 excogitatus,
613 1449 640 1473 et
658 1449 798 1480 tantopere
811 1453 826 1473 a
839 1445 928 1474 Theo-
944 1461 964 1490 ρ
983 1451 1119 1478 ηιρηιαήίι
1134 1451 1160 1477 in
1172 1449 1307 1483 Epistolas
1320 1450 1450 1484 Apostoli.
1464 1449 1625 1482 Conscripin
1636 1453 1764 1483 prmlerca

143 1494 238 1521 doreto
252 1493 388 1520 laudatus.

178 1537 264 1572 Hujus
279 1542 408 1573 praeterea
418 1536 553 1565 Theodori
565 1538 638 1571 (nam
649 1538 700 1564 erit
711 1545 801 1572 operte
812 1538 927 1573 pretium

143 1584 196 1611 hoc
209 1584 349 1615 adnotare,
366 1584 422 1611 sive
438 1583 473 1610 ob
500 1582 688 1610 Nestorianam
715 1583 850 1616 haeresim,
872 1585 929 1613 sive

142 1630 178 1657 ob
193 1630 273 1656 aliam
288 1629 410 1663 causam)
425 1629 495 1663 apud
508 1628 592 1664 Syros
608 1632 680 1655 tanta
701 1628 752 1655 fuit
769 1630 927 1662 auctoritas,

142 1680 170 1703 et
184 1675 283 1706 cultus,
300 1679 329 1701 ut
349 1682 428 1709 quam
448 1675 563 1708 plurima
589 1674 661 1701 illius
677 1674 703 1701 in
723 1675 860 1710 propriam
876 1675 928 1702 lin-

143 1728 224 1756 guam
242 1720 441 1747 transtulerint.
463 1719 592 1753 Quaenam
609 1727 673 1746 vero
690 1719 736 1746 illa
760 1720 870 1752 iuerint,
893 1720 929 1747 E-

143 1766 254 1793 bediesu
273 1765 416 1800 episcopus
440 1764 519 1792 Saba:
541 1769 568 1792 et
591 1765 726 1792 Armeniae
750 1765 777 1791 in
801 1764 929 1800 Catulogo

145 1812 271 1839 librorum
285 1811 534 1842 ecclesiasticarum,
547 1818 627 1845 quem
651 1811 695 1838 ille
711 1811 822 1845 scripsit
837 1811 928 1845 lingua

144 1856 265 1891 Syriaca,
281 1856 308 1882 in
324 1856 394 1882 hunc
410 1855 518 1882 modum
535 1855 680 1890 expressit.
697 1854 785 1882 Verba
801 1855 874 1883 illius
889 1856 926 1883 ita

143 1901 260 1938 reddidit
274 1901 426 1935 linguarum
447 1900 618 1927 orientalium
635 1901 817 1935 peritissimus
839 1902 925 1928 Abra-

144 1949 240 1974 hamus
271 1945 456 1973 Ecchellensis
481 1945 539 1981 (a):
557 1946 707 1972 Theodorus
736 1951 926 1973 commentator

143 1992 287 2026 composuit
310 1991 488 2026 quadraginta
515 1995 539 2018 et
564 1999 645 2018 unum
670 1996 780 2024 tomum,
801 1993 846 2027 qui
865 1997 926 2019 sunt

179 2044 217 2077 (α)
229 2042 343 2070 Recudit
354 2047 447 2078 postea
456 2043 666 2078 emendatiorem
677 2043 749 2069 hunc
760 2043 922 2078 catalogum,

142 2078 268 2112 notisque
283 2078 406 2112 plurimis
428 2078 572 2104 illustravit
594 2077 650 2104 Jos.
667 2078 733 2104 Sim.
759 2077 924 2106 Assemauus

978 1497 1074 1524 librum
1102 1495 1140 1524 De
1169 1496 1358 1527 sacramentis,
1384 1500 1408 1522 ct
1425 1494 1460 1522 De
1488 1495 1538 1522 lidc
1563 1495 1658 1524 alium.
1683 1502 1763 1520 unum

978 1548 1077 1570 tomum
1094 1542 1131 1569 De
1153 1540 1317 1571 sacerdotio,
1342 1546 1366 1567 et
1389 1541 1455 1566 duos
1480 1540 1516 1567 De
1536 1539 1637 1575 Spiritu
1657 1545 1762 1571 sancto,

977 1596 1060 1615 unum
1087 1587 1122 1614 De
1151 1586 1348 1618 incarnatione,
1375 1586 1441 1612 duos
1468 1590 1561 1612 contra
1590 1585 1761 1612 iiunominm.

978 1634 1046 1662 Item
1063 1634 1128 1660 duos
1144 1637 1238 1660 contra
1251 1636 1402 1661 asserentes
1419 1633 1445 1658 in
1459 1631 1518 1666 ipsa
1534 1637 1629 1657 natura
1644 1631 1760 1665 positum

977 1688 1038 1708 esse
1060 1683 1221 1714 peccatum:
1238 1679 1304 1706 duos
1326 1678 1399 1714 (tres)
1417 1683 1512 1705 contra
1534 1677 1660 1712 magiam,
1681 1685 1760 1702 unum

978 1724 1011 1752 ad
1031 1723 1192 1755 monachos,
1208 1731 1289 1750 unum
1306 1722 1340 1750 de
1359 1722 1478 1749 obscura
1503 1721 1649 1751 locutione,
1679 1729 1759 1747 unum

979 1769 1015 1797 De
1029 1768 1195 1804 perfectione
1206 1775 1318 1802 operum
1331 1767 1376 1803 (ε),
1391 1768 1504 1802 quinque
1512 1766 1642 1793 adversus
1654 1772 1701 1792 eos
1713 1764 1758 1796 qui

980 1816 1139 1851 Scripturas
1150 1815 1264 1850 ﬁgurate
1278 1815 1501 1849 interpretantur,
1522 1821 1601 1840 unum
1619 1820 1668 1848 pro
1683 1811 1760 1838 Basi—

979 1861 1027 1893 lio,
1041 1864 1065 1887 et
1079 1867 1160 1886 unum
1175 1859 1211 1886 De
1221 1863 1377 1887 assumente
1387 1862 1566 1893 etassumpto.
1582 1857 1649 1884 Item
1665 1856 1760 1883 librant

978 1914 1059 1932 unum
1070 1913 1144 1939 quem
1155 1905 1289 1939 inscripsit
1303 1904 1519 1939 Margaritarum,
1532 1908 1556 1929 et
1565 1903 1639 1929 illum
1650 1902 1694 1937 qui
1703 1901 1759 1935 ejus

978 1950 1159 1984 complectitur
1182 1948 1318 1983 epistolas.
1336 1948 1446 1975 Demum
1467 1952 1607 1974 tractatth
1624 1946 1660 1973 De
1678 1947 1759 1981 legis-

979 1994 1090 2024 latione,
1107 2001 1157 2027 quo
1174 1993 1252 2027 ﬁnem
1270 1993 1325 2019 suis
1340 1992 1462 2026 imposuit
1473 1991 1698 2018 lucubrationibus
1712 1989 1758 2024 (Γ).

980 2043 1076 2071 Menda
1093 2043 1277 2070 Ecchellensis
1296 2051 1349 2070 non
1371 2045 1480 2078 agnovit
1497 2043 1624 2073 Allatius,
1652 2043 1758 2078 lingua-

978 2087 1038 2105 rum
1055 2078 1241 2109 orientalium,
1257 2085 1285 2104 ut
1298 2077 1413 2109 videtur,
1429 2078 1585 2112 imperitus;
1603 2077 1681 2110 cujus
1696 2077 1758 2102 hor-

144 2113 177 2151 in_
189 2111 238 2140 sua
259 2111 420 2151 Bibliotheca
442 2113 575 2151 orientali,
594 2117 613 2139 ι.
632 2111 676 2146 Ill,
698 2120 714 2139 a
735 2120 790 2147 quo
811 2114 923 2140 meliora
940 2124 962 2151 ι)
977 2113 1216 2151 tatucaeteroquin
1230 2120 1259 2139 se
1274 2112 1346 2151 h_unc
1359 2111 1512 2151 eqtalogum
1530 2112 1648 2139 edidisse
1667 2116 1759 2138 narrat

143 2148 245 2181 aliquot
261 2148 392 2174 sumenda
405 2147 534 2182 judicavi.

180 2183 217 2218 (ὁ)
238 2182 265 2208 Id
279 2187 321 2209 est
336 2182 395 2217 (ceu
409 2182 527 2216 explicat
541 2182 716 2215 Assemanus)
731 2189 846 2218 quorum
865 2190 924 2210 mo-

143 2217 183 2244 les
202 2221 276 2244 tanta
290 2221 344 2248 est,
361 2221 389 2243 ut
403 2217 506 2243 centies
523 2220 550 2243 et
569 2217 747 2251 quinquagies
763 2217 847 2244 libros
863 2225 925 2252 pro-

143 2254 284 2286 phetarum
297 2253 416 2278 omnium
429 2256 548 2286 superet.

179 2286 214 2322 (ε)
234 2286 418 2322 Ecchellensis
436 2285 537 2322 Turim,
552 2286 719 2322 Asse‘manus
731 2294 789 2312 mar
802 2284 921 2321 Tyrium.

144 2320 351 2356 Egosuspicot;
368 2321 521 2356 legemlum,
540 2328 590 2355 pro
612 2320 724 2356 Syriaco
748 2321 840 2356 tilulor
854 2329 921 2352 mar,

143 2354 314 2390 Martyrium.
331 2354 437 2382 Etenim
457 2354 614 2390 Martyrius,
634 2354 680 2389 qui
698 2355 748 2382 fuit
760 2355 859 2390 deinde
876 2363 923 2390 pa-

144 2391 266 2417 triarcha
298 2390 493 2421 Autiochenus,
523 2398 630 2417 cotevus
661 2390 712 2417 init
743 2389 922 2424 laudatorque

143 2424 343 2459 Chrysostomi,
360 2424 474 2459 ideoque
487 2424 568 2451 etiam
591 2424 784 2458 Mopsuesteno
801 2429 919 2451 contem-

163 2458 289 2485 oraneus.
309 2458 438 2486 Consule,
449 2463 570 2486 nostram
595 2459 697 2485 Novam
719 2459 837 2485 biblioth.
862 2458 919 2487 I’P.

163 2468 289 2485 oraneus.
309 2468 428 2486 honsute
449 2468 570 2486 nostram
595 2468 697 2485 novam
719 2468 837 2485 οιυιιοιπ.
862 2468 919 2487 ΙΊ¹α

201 2494 373 2532 ubi_est_pars
383 2494 538 2532 ρειπεεὶτὶοῇ
550 2495 576 2520 in
587 2494 812 2532 Chrysostonnun
823 2494 857 2521 ab
870 2494 922 2532 hoc

143 2528 276 2562 Martyrio
290 2528 365 2554 dicti.
384 2528 456 2555 Sane
473 2528 551 2554 Turis
567 2528 718 2556 monachus
735 2529 834 2563 legitur
849 2528 921 2562 apud

143 2563 302 2598 prmdictum
327 2562 526 2589 Ecchellensem
545 2571 570 2597 p.
586 2563 629 2593 73,
642 2564 702 2598 rsed
723 2562 825 2590 omittit
848 2563 921 2590 hunc

142 2597 321 2632 Assemauus,
341 2597 385 2630 qui
401 2604 462 2624 eum
475 2598 594 2624 scribere
606 2597 743 2624 debuisset
755 2598 827 2624 inter
839 2605 918 2632 capp.

142 2633 177 2658 87
190 2636 216 2659 et
230 2631 274 2658 88.
290 2630 388 2658 Omisit
404 2636 505 2663 autem,
521 2633 583 2665 quia
599 2639 719 2659 errorem
735 2639 795 2659 esse
811 2630 921 2666 agnovit

143 2667 338 2695 Ecchellensis.
357 2667 390 2694 de
411 2666 490 2700 cujus
511 2667 572 2694 aliis
590 2667 696 2694 mendis
718 2667 845 2694 admoaet
869 2675 920 2695 nos

143 2706 215 2728 tumo
231 2701 359 2735 praedicto
375 2709 401 2735 p.
420 2702 431 2727 i
451 2706 478 2728 et
493 2701 520 2729 4.

178 2736 217 2771 (ά)
237 2735 362 2771 I'Istratea
384 2736 507 2771 Allatiusr
521 2743 553 2763 ex
572 2735 740 2763 Ecchellensi
763 2743 788 2770 ρ.
806 2735 851 2768 29,
872 2737 917 2770 qui

142 2770 223 2797 etiam
242 2770 269 2796 in
286 2770 413 2805 indicerid
431 2770 556 2805 mendum
571 2771 743 2805 repetiverat,
756 2779 811 2805 quo
825 2778 919 2798 errore

142 2813 175 2832 ex
190 2808 334 2832 maecenate
356 2804 504 2838 Enstratio,
520 2804 584 2832 fecit
605 2804 753 2832 Estrateam
767 2809 915 2833 auctorem.

977 2148 1162 2175 Ecchellensis
1180 2148 1207 2174 in
1224 2147 1301 2181 praei.
1321 2155 1347 2182 p.
1362 2147 1407 2175 27.

1012 2184 1045 2217 (ε)
1066 2182 1250 2217 Ecchellensis
1270 2182 1307 2209 De
1322 2181 1483 2216 perfectione
1505 2181 1650 2217 regiminis.

1011 2218 1049 2252 (f)
1070 2217 1106 2244 De
1126 2216 1308 2252 Mopsuesteni
1332 2217 1441 2250 scriptis
1463 2217 1559 2243 sedulo
1577 2223 1626 2252 nos
1649 2223 1757 2252 quoque

974 2250 1093 2279 diximus
1115 2252 1141 2278 in
1167 2251 1242 2285 praei.
1266 2251 1330 2278 tomi
1356 2252 1364 2277 l
1387 2252 1486 2285 prioris
1508 2251 1635 2278 editionis
1660 2250 1755 2284 Script.

974 2292 1035 2317 vct.,
1053 2294 1086 2314 ex
1104 2293 1159 2320 quo
1174 2287 1233 2312 loco
1249 2293 1303 2312 non
1320 2290 1468 2312 memorata
1485 2286 1615 2312 nonnulla
1627 2287 1755 2320 cognosci

974 2325 1089 2356 possunt
1103 2322 1137 2356 ab
1150 2321 1259 2356 Allatio,
1275 2324 1301 2348 et
1316 2321 1451 2354 praecipue
1461 2329 1492 2347 ex
1506 2321 1585 2348 l"abr.
1604 2328 1666 2347 cum
1681 2320 1754 2349 Harl.

973 2355 1005 2383 Β.
1019 2355 1049 2383 G.
1061 2360 1080 2382 t.
1092 2355 1161 2389 X,p.
1171 2355 1222 2381 346
1235 2363 1308 2390 sqq..
1324 2355 1350 2381 id
1363 2359 1404 2381 est
1421 2355 1539 2389 liturgia,
1551 2355 1672 2390 hymnus.
1684 2363 1755 2388 qutt-

973 2392 1069 2418 stiones
1086 2390 1198 2420 biblica’.
1216 2390 1417 2416 commentarius
1432 2390 1460 2416 in
1476 2390 1608 2419 Marcum,
1623 2390 1655 2416 de
1673 2391 1754 2416 mira-

973 2426 1039 2452 culis
1064 2424 1174 2452 Christi.
1204 2424 1268 2451 ltem
1300 2431 1350 2451 nos
1379 2424 1475 2457 Script.
1503 2430 1550 2451 ret.
1582 2425 1637 2454 VII,
1655 2433 1681 2458 p.
1711 2425 1752 2455 75,

972 2459 1152 2494 fragmentum
1180 2459 1342 2494 protulimus
1367 2459 1504 2494 Θεοδώρου
1529 2460 1592 2494 περὶ
1607 2460 1754 2494 Νέστορα-

972 2493 1037 2525 vas,
1057 2495 1103 2528 qui
1120 2498 1211 2520 tamen
1226 2493 1378 2521 liaitheaus
1400 2493 1528 2525 fortasse,
1547 2493 1600 2520 non
1629 2493 1753 2527 Mopsue-

972 2534 1076 2559 stenus,
1094 2528 1286 2563 intelligendus
1310 2533 1362 2555 est.
1389 2528 1457 2555 Tum
1485 2537 1549 2556 vero
1574 2530 1600 2555 in
1628 2533 1701 2555 tumo
1723 2528 1753 2556 \‘l

972 2564 1069 2596 Script.
1087 2569 1135 2590 vel.
1156 2567 1217 2597 post
1231 2564 1442 2590 commentarios
1457 2564 1482 2589 in
1501 2571 1537 2590 xu
1556 2565 1667 2590 minores
1692 2572 1753 2597 pro-

970 2599 1073 2631 phetas,
1087 2599 1139 2624 alia
1155 2598 1339 2631 Mopsuesteni
1353 2599 1462 2633 copiosa
1476 2598 1625 2632 fragmenta
1640 2600 1753 2624 attexui-

972 2640 1043 2662 Inus.
1064 2639 1124 2666 (lita:
1145 2639 1238 2666 postea
1259 2633 1336 2666 plena
1362 2641 1442 2659 manu
1464 2633 1630 2659 cumulaturi
1647 2641 1751 2660 sumus.

972 2640 1043 2662 inus.
1064 2639 1124 2666 (lus:
1145 2639 1238 2692 postea
1259 2639 1336 2666 plena
1362 2641 1442 2659 manu
1464 2639 1630 2659 cumulaturi
1647 2641 1751 2660 sunms.

970 2666 1047 2706 Item.
1064 2671 1128 2706 tom.
1143 2686 1165 2706 _,
1187 2667 1212 2706 in
1230 2668 1275 2693 cit.
1304 2667 1380 2701 praef.
1409 2668 1529 2706 diximus
1543 2675 1630 2706 quam
1652 2667 1752 2706 frustra

970 2701 1048 2728 multi
1063 2701 1182 2728 dixerint
1193 2701 1277 2736 (nunc
1293 2706 1382 2730 tamen
1401 2702 1530 2729 Allatium
1543 2702 1661 2736 excipio)
1678 2702 1750 2736 Mop-

971 2740 1127 2763 suestenum
1143 2736 1289 2769 scripsisse
1305 2736 1398 2764 decem
1418 2737 1502 2763 millia
1521 2737 1662 2763 librormn.
1685 2736 1750 2769 ραις

971 2771 1043 2809 enim
1057 2770 1113 2803 jam
1131 2772 1229 2802 nescit,
1245 2772 1392 2809 mgriadem
1412 2771 1466 2798 dici
1482 2780 1497 2797 a
1513 2771 1613 2809 Gpccis
1631 2778 1680 2806 pro
1695 2773 1750 2806 plu-

970 2806 1041 2832 rimo
1053 2811 1178 2839 numero,
1198 2809 1227 2832 ut
1243 2813 1258 2831 a
1277 2806 1382 2833 Latinis
1397 2811 1518 2833 sexcenta
1529 2807 1542 2833 ?
