1947 3071
413 313 818 377 THEODORI
874 311 1425 376 MOPSUESTENI

761 453 1080 485 COMMENTARIUS

280 571 352 627 lN
382 569 750 628 DUODECIM
792 566 1217 624 PROPHETAS
1260 565 1601 623 MINORES

594 780 731 825 ANG.
780 779 913 824 MAII
947 777 1266 824 PRIEFATIO

329 900 445 933 (Pmﬁn
457 899 558 924 editioni
571 899 662 924 Graec
677 900 733 924 anni
748 897 811 923 1832
822 897 847 921 in
860 896 1015 929 Scriptorum
1028 901 1135 923 veterum
1147 905 1209 923 nova
1221 896 1376 929 Cutlectione,
1393 902 1450 924 tom.
1463 899 1517 931 Vl.)

147 1084 169 1111 l.
188 1082 326 1110 Theodori
343 1080 519 1116 Mopsuestia;
543 1087 664 1114 episcopi
680 1079 890 1106 Commentarios
911 1079 946 1105 ad
961 1078 1146 1113 prophetarum
1165 1077 1236 1110 XII,
1251 1085 1321 1113 quos
1337 1077 1457 1105 minores
1468 1078 1597 1110 dicimus,
1619 1077 1742 1105 vaticinia

112 1135 178 1158 ante
189 1127 363 1163 septennium
374 1126 455 1153 edere
469 1124 540 1159 coepi
552 1144 558 1156 .
573 1124 714 1159 impressis
726 1124 852 1151 videlicet
862 1123 952 1151 tribus
964 1123 1148 1153 brevioribus.
1164 1131 1224 1150 cum
1243 1123 1362 1158 prologis
1378 1123 1493 1158 aliquot.
1510 1123 1586 1152 Nune
1606 1125 1741 1160 integrum

115 1177 186 1204 tanti
203 1173 361 1210 interpretis
376 1180 445 1208 Opus
457 1172 594 1203 editurus.
615 1172 677 1199 illas
692 1179 802 1207 quoque
819 1172 936 1199 leviores
953 1176 1045 1206 partes
1060 1172 1237 1199 associamlas
1252 1172 1354 1206 putavi,
1381 1179 1414 1199 ne
1435 1171 1595 1200 Theodorus
1618 1173 1744 1201 videlicet

119 1231 171 1251 sua
187 1221 309 1249 membra
325 1219 474 1250 desideret,
491 1225 552 1252 qua:
570 1218 598 1245 in
619 1219 686 1245 tomi
711 1218 926 1254 augulojatndiu
944 1217 1070 1245 distracti
1089 1217 1233 1248 colloeata,
1249 1221 1276 1243 ct
1289 1225 1352 1244 eum
1367 1217 1438 1245 idem
1463 1223 1552 1246 tomus
1565 1219 1744 1246 recuderetur

116 1269 232 1299 omissa.
255 1265 381 1300 nuspiam
402 1263 588 1299 qumrentibus
608 1264 688 1291 hodie
708 1267 851 1299 apparent.
875 1262 933 1290 Hoc
957 1267 1086 1298 suscepto
1105 1263 1232 1295 consilio,
1256 1263 1300 1289 illa
1320 1263 1424 1297 pariter
1443 1265 1568 1298 prooemii
1591 1264 1642 1291 mei
1667 1271 1745 1300 repe-

118 1314 202 1342 tenda
219 1320 284 1347 pars
300 1311 361 1342 fuit,
378 1317 439 1345 qua:
451 1309 485 1337 de
501 1311 553 1338 hoc
567 1311 705 1338 Theodori
720 1319 802 1346 opere
819 1311 952 1346 loquitur,
975 1311 1159 1346 praetermissa
1185 1315 1274 1337 tamen
1292 1310 1326 1338 de
1346 1311 1460 1346 reliquis
1474 1312 1595 1346 ejusdem
1615 1314 1744 1347 operibus

118 1363 313 1399 disputatione.
326 1359 487 1387 Theodorus
505 1360 588 1395 igitur
599 1359 683 1387 nobili
696 1367 795 1394 genere
808 1361 961 1388 Antiochia)
980 1365 1061 1388 natus
1073 1364 1127 1392 est,
1140 1359 1248 1387 Libanii
1262 1360 1288 1387 in
1304 1359 1474 1394 eloquentia,
1494 1359 1616 1388 Flavrani
1637 1369 1668 1389 ac
1682 1362 1746 1395 Dio-

119 1410 179 1437 dori
198 1413 226 1438 et
246 1408 363 1436 Carterii
376 1407 404 1434 in
424 1405 559 1440 theologia
573 1404 736 1440 discipulus,
758 1405 956 1440 philosoplticis
978 1412 1088 1441 queque
1101 1405 1237 1432 doctrinis
1254 1405 1362 1433 abunde
1379 1406 1539 1439 instructus,
1554 1411 1581 1434 et
1598 1408 1634 1435 ob
1653 1409 1747 1436 multi-

119 1456 218 1490 plicem
248 1454 391 1482 scientiam
417 1452 570 1487 polyhistor
604 1451 712 1482 dictus.
739 1451 1022 1487 Joau.Chrysostomi
1047 1451 1253 1486 condiscipulus
1280 1458 1312 1478 ac
1338 1450 1500 1484 familiaris;
1528 1459 1583 1486 quo
1607 1452 1748 1481 hortatore

120 1503 283 1531 Theodorus
298 1499 399 1536 prioris
413 1506 429 1526 a
446 1506 476 1526 se
487 1496 604 1523 luxuria:
619 1495 805 1523 blandimenta
821 1496 942 1531 depulit;
962 1495 1127 1524 Theodoreti
1145 1496 1262 1531 (utinam
1279 1504 1333 1523 non
1347 1500 1374 1522 et
1389 1496 1505 1524 Nestorii
1523 1504 1556 1524 ac
1575 1497 1713 1526 Barsumae
1727 1500 1745 1532 i)

120 1552 269 1587 magister;
280 1551 432 1579 haereseon.
447 1545 582 1580 Origenis,
595 1544 662 1575 Arii,
675 1544 853 1580 Apollinaris,
866 1544 1004 1576 Eunomii,
1017 1543 1134 1572 Persica:
1150 1545 1232 1571 etiam
1249 1545 1344 1579 magiae
1356 1549 1382 1571 et
1398 1543 1498 1571 Juliani
1510 1544 1646 1579 Apostata:
1660 1553 1748 1580 oppu-

120 1601 236 1633 gnatur;
250 1596 284 1623 ab
300 1593 486 1624 Orientalibus
501 1593 642 1629 sapientia
659 1601 743 1626 mare,
759 1598 786 1620 et
800 1592 1004 1628 Scripturarum
1017 1593 1153 1627 interpres
1170 1592 1230 1619 κατ’
1241 1592 1340 1627 ἐξοχὴν
1353 1592 1454 1624 dictus,
1471 1593 1604 1621 universa:
1620 1593 1750 1621 Ecclesiae

121 1644 219 1670 doctor
235 1640 371 1669 interdum
385 1639 546 1676 appellatus,
563 1644 591 1668 et
601 1638 689 1674 Magni
703 1638 821 1673 denique
838 1643 1020 1673 cognomento
1040 1638 1159 1666 donatus
1172 1637 1223 1673 (ιι).
1235 1638 1324 1673 Atque
1339 1645 1391 1674 ego
1403 1638 1495 1665 statim
1512 1637 1645 1666 conﬁteor
1660 1638 1751 1666 Theo-

122 1688 182 1716 dori
202 1687 304 1722 scripta
321 1686 404 1713 variis
419 1685 559 1712 erroribus
581 1685 666 1712 fuisse
685 1692 852 1720 conspersa;
868 1685 996 1720 justeque
1015 1693 1078 1712 eutn
1098 1685 1125 1711 in
1149 1685 1296 1717 haereseos,
1317 1685 1341 1712 si
1362 1691 1416 1711 non
1437 1684 1605 1719 pertinacem
1629 1684 1749 1720 culpant,

121 1743 199 1766 certe
215 1737 364 1766 errantiatn
380 1741 506 1762 vocatum
519 1755 527 1767 ,
551 1738 606 1761 tum
621 1734 685 1769 quia
707 1734 734 1762 id
758 1735 817 1770 ipse
833 1738 930 1762 auctor
947 1734 1084 1762 interdum
1100 1733 1248 1762 confessus
1268 1737 1311 1761 est
1319 1733 1367 1769 (lt);
1388 1736 1447 1760 tum
1460 1732 1524 1768 quia
1539 1733 1664 1768 graviora
1688 1738 1753 1761 sunt.

121 1793 207 1820 quam
226 1788 254 1811 ut
267 1783 369 1811 elevari
386 1782 493 1818 possint
513 1783 667 1810 testimonia
681 1782 707 1809 in
723 1790 786 1810 eum
799 1782 872 1809 dicta
892 1791 906 1809 a
924 1782 953 1810 S.
967 1783 1070 1818 Cyrillo
1087 1783 1114 1810 in
1132 1782 1253 1817 Epistula
1270 1781 1304 1808 ad
1326 1780 1460 1812 Proetum,
1484 1788 1499 1807 a
1519 1780 1632 1809 Leontio
1652 1781 1752 1810 Contra

126 1829 205 1857 Neu.
222 1829 270 1856 lib.
285 1836 324 1860 ιιι,
340 1836 355 1855 a
370 1827 487 1855 Maximo
500 1827 527 1854 in
541 1827 683 1863 opusculis
696 1834 722 1862 p.
741 1827 787 1860 9t,
806 1835 821 1854 a
834 1827 991 1855 Justiuiano
1004 1829 1030 1854 in
1048 1836 1128 1855 sacra
1145 1828 1260 1863 epistola
1281 1831 1309 1855 et
1325 1828 1352 1854 in
1375 1827 1420 1854 illa
1434 1826 1580 1862 prolixiore
1600 1835 1680 1862 quam
1697 1829 1753 1862 pri-

125 1884 188 1903 mus
201 1875 351 1903 Bandinius
366 1874 467 1907 edidit;
488 1882 503 1902 a
517 1874 662 1903 Theodoro
677 1875 861 1903 Raithunensi
879 1876 906 1902 in
922 1877 1056 1911 opusculo
1078 1876 1115 1903 De
1131 1877 1246 1908 incum.,
1263 1884 1278 1903 a
1295 1875 1381 1903 Mario
1398 1874 1549 1902 Mercatore
1569 1875 1596 1902 in
1616 1877 1703 1910 Artis,
1718 1878 1753 1904 ab

125 1921 282 1948 Hamartolo
295 1919 467 1948 inChronico
487 1920 601 1952 inedito,
620 1928 634 1948 a
653 1919 751 1948 Photio
769 1921 796 1948 in
813 1920 976 1947 Bibliotheca
990 1927 1015 1948 et
1031 1921 1058 1948 in
1071 1921 1206 1956 epistolis,
1220 1925 1246 1948 et
1264 1928 1278 1947 a
1302 1923 1419 1955 generali
1432 1923 1527 1957 quinto
1550 1923 1667 1951 concilio
1689 1925 1753 1951 totis

127 1967 282 1995 actionibus
297 1971 396 2002 quarta
408 1972 436 1995 et
445 1967 551 2001 quinta,
571 1972 599 1994 et
612 1975 717 1994 canone
731 1967 904 1999 duodecimo,
924 1975 1030 1996 necu0n
1049 1969 1075 1994 in
1092 1967 1252 2003 pontiﬁcum
1272 1968 1451 1994 maximorum
1465 1969 1554 2003 magni
1569 1969 1691 2004 Gregorii
1705 1970 1752 2004 (ι),

127 2017 154 2040 et
168 2013 322 2047 praesertim
339 2011 443 2046 Pelagii
456 2011 477 2038 ll
488 2010 528 2046 (d)
547 2012 690 2046 epistolis:
705 2019 754 2038 nec
775 2010 902 2046 Vigilium
918 2017 1060 2047 praetereo.
1082 2012 1140 2046 qui,
1156 2011 1207 2039 etsi
1229 2011 1364 2046 principio
1385 2012 1516 2041 damnare
1531 2013 1752 2048 Mopsursleuum

129 2060 229 2092 noluit,
244 2067 277 2087 ne
294 2060 428 2094 plurimos
441 2059 587 2094 episcopos
607 2059 672 2086 huic
688 2059 811 2087 faventes
827 2060 937 2094 gravius
951 2058 1110 2091 offenderet,
1130 2058 1230 2086 deinde
1252 2062 1353 2090 tamen,
1372 2059 1404 2086 ad
1417 2060 1519 2094 scripta
1533 2066 1608 2088 certe
1621 2061 1693 2096 quod
1711 2066 1753 2088 at-

129 2107 209 2139 tinet.
226 2107 365 2134 datnnanti
379 2108 484 2142 synodo
503 2114 632 2134 assensus
648 2110 700 2138 est,
715 2111 795 2141 atque
814 2114 922 2134 errores
935 2106 1057 2142 singulos
1072 2106 1188 2133 mirabili
1201 2107 1352 2133 constituto
1372 2108 1506 2143 coarguit.
1523 2108 1601 2136 Mitto
1618 2109 1686 2136 alios
1704 2110 1754 2136 mi-

130 2153 206 2181 noris
220 2154 381 2189 plerumque
396 2153 514 2181 nominis
534 2158 727 2188 accusatores;
742 2155 822 2182 mitto
836 2154 984 2182 hodiernus
1001 2160 1214 2190 oppugnatores,
1229 2163 1299 2190 quos
1319 2156 1390 2182 inter
1402 2155 1540 2184 Norisium
1565 2158 1592 2184 in
1606 2157 1754 2192 Pelagiana

130 2203 260 2235 historia;
279 2204 407 2238 quamvis
420 2207 447 2231 et
463 2204 542 2230 multi
556 2203 716 2232 defensores
731 2209 806 2236 sunt,
823 2204 975 2239 praesertim
992 2204 1129 2231 liberioris
1153 2206 1296 2232 sententiae
1310 2204 1446 2232 homines.
1470 2203 1523 2231 Sed
1545 2203 1610 2230 mihi
1627 2203 1755 2238 equidem

132 2257 227 2284 parum
243 2250 331 2284 placet
341 2251 450 2278 illorum
468 2250 633 2285 institutum,
649 2253 695 2287 qui
709 2253 848 2280 hominum
863 2261 878 2280 a
889 2257 980 2280 vetere
992 2252 1115 2280 Ecelesia
1127 2252 1329 2285 damnatorum,
1345 2252 1491 2279 neotericis
1503 2250 1647 2279 conatibus
1659 2251 1755 2278 ortho—

131 2298 241 2325 doxiam
256 2299 282 2326 vi
297 2299 458 2327 ohtrudunt.
471 2300 634 2336 Quanquam
646 2306 673 2329 et
683 2301 720 2336 pii
735 2301 870 2329 interdum
886 2301 1005 2336 theologi
1020 2301 1047 2328 id
1069 2301 1215 2328 consilium
1237 2302 1324 2328 secuti
1347 2302 1421 2331 sunt,
1440 2299 1478 2325 ita
1495 2301 1525 2325 ut
1547 2305 1591 2325 ex.
1606 2304 1647 2332 gr.
1661 2296 1756 2332 Orige-

133 2354 193 2373 nem
217 2346 379 2379 Halloisius,
394 2348 522 2377 Stavolus
537 2350 627 2377 adhuc
646 2350 766 2378 ineditus
786 2349 982 2378 Caesariensem
997 2350 1144 2378 Eusebium
1167 2350 1287 2385 copiosis
1304 2349 1415 2384 scriptis
1431 2347 1611 2376 defenderint.
1629 2346 1703 2374 Sane
1721 2346 1756 2374 ad

133 2390 315 2426 Mopsuesteni
330 2392 442 2419 tutelam
458 2393 594 2423 Occidens
607 2403 690 2430 prope
706 2396 851 2423 universus
868 2403 929 2423 eum
941 2395 1034 2422 Africa
1047 2396 1112 2425 olim
1125 2395 1345 2430 eonspiraverat:
1366 2402 1450 2430 quare
1459 2392 1681 2421 ettristissimum
1689 2392 1757 2420 illud

133 2436 251 2463 schisma
264 2437 368 2464 exarsit
383 2437 558 2472 Aquileiense
571 2440 763 2475 episcoporum
779 2440 922 2468 Theodero
941 2440 1183 2475 patrocinantium,
1200 2440 1274 2475 quod
1290 2439 1407 2467 Romani
1423 2439 1566 2475 pontiﬁces
1584 2438 1632 2465 vix
1647 2438 1756 2466 tandem

135 2483 278 2519 aliquando
297 2489 359 2520 post
378 2493 430 2512 ctx
445 2492 532 2512 annos
553 2485 796 2518 exstinxeruntte).
817 2485 886 2513 Tum
902 2488 1012 2512 exstant
1026 2483 1148 2512 Facundi
1164 2484 1371 2513 llermianensis
1388 2485 1415 2512 in
1435 2484 1527 2511 Africa
1540 2483 1661 2519 episcopi
1679 2484 1760 2511 volu—

136 2529 206 2556 mina
220 2529 377 2561 duodecim,
395 2534 422 2558 et
433 2531 486 2557 alia
502 2529 557 2556 duo
572 2530 695 2564 ejusdem
709 2531 812 2565 scripta
825 2539 832 2564 ;
850 2535 878 2558 et
889 2535 1021 2565 praeterea
1034 2531 1175 2565 complura
1189 2534 1311 2558 veterum
1327 2531 1482 2558 testimonia
1498 2533 1563 2557 sunt
1580 2528 1760 2558 {Theodoreti

137 2573 242 2609 lbaeque
252 2576 340 2610 puta).
355 2584 416 2610 quae
427 2575 572 2604 Theodoro
584 2578 690 2606 laudem
712 2579 865 2606 offundunt.
885 2578 938 2606 Sed
956 2583 1030 2606 certe
1047 2579 1080 2606 ad
1095 2578 1207 2606 Latinos
1223 2579 1379 2606 laudatores
1397 2578 1469 2613 quod
1487 2578 1593 2608 attinet,
1608 2576 1761 2604 audiendus

137 2620 259 2656 Pelagius
281 2620 301 2648 ll
316 2629 385 2657 papa
407 2623 435 2650 in
449 2623 636 2651 disertissimis
655 2625 690 2651 ad
714 2624 801 2650 Etiam
825 2624 1007 2658 patriarcltam
1031 2624 1230 2651 scltt'smatt'cum
1247 2628 1274 2651 et
1290 2623 1324 2649 ad
1341 2622 1431 2650 Istria:
1442 2623 1575 2658 episcopos
1595 2621 1724 2657 titteri.t([
1736 2621 1764 2653 )i

170 2710 209 2744 (α)
229 2709 337 2747 Socrat.
355 2718 389 2747 v._
406 2710 440 2742 ὃς
457 2709 567 2747 Sozam.
583 2719 642 2747 vui.
667 2711 701 2744 2;
731 2711 826 2745 Evagr.
849 2721 868 2743 ι,
885 2712 919 2745 εὶς

534 2719 567 2738 m.
583 2719 642 2747 vui.
667 2711 701 2744 2;
731 2711 826 2745 Evagr.
849 2721 868 2743 ι,
885 2712 919 2745 εὶς
971 2713 1055 2740 berat.
1072 2712 1189 2740 Breviar.
1206 2719 1266 2747 cap.
1279 2713 1303 2739 ι.

137 2743 253 2772 Facund.
268 2753 298 2777 ιι,
311 2745 348 2778 2;
369 2745 491 2772 Gennad.
512 2754 568 2780 xu;
585 2746 747 2774 Theodore‘t.
768 2743 841 2774 Ηὶδι.
857 2753 906 2774 εει-ι

139 2787 161 2808 v.
177 2780 232 2808 40:
253 2780 350 2808 Lcont.
374 2785 466 2807 contra
480 2781 557 2808 Nest.
573 2789 614 2808 ιιι.
636 2787 663 2808 et
682 2782 720 2808 De
737 2787 798 2808 sect.
816 2786 869 2808 act.
886 2783 902 2808 li

667 2746 747 2773 iore’t.
768 2743 841 2774 Ηὶδι.
857 2743 920 2774 εει-ιζ
1008 2748 1043 2808 (1:)
1063 2747 1111 2781 Ep.
1129 2756 1148 2775 ι.
1223 2743 1253 2788 ιιέ
1269 2748 1313 2778 5i.
1329 2755 1378 2777 vti.
1394 2747 1436 2774 54.

682 2782 720 2808 De
737 2787 798 2808 sect.
816 2786 869 2808 act.
886 2783 922 2808 lt:
1009 2783 1017 2808 t
1042 2785 1048 2808 l
1070 2782 1142 2808 Hzird
1170 2782 1272 2808 tonat.
1288 2787 1353 2808 tom.
1375 2782 1418 2808 Ill.
1433 2790 1436 2808 ι

139 2787 165 2817 ξι..
177 2780 232 2817 407;
253 2780 355 2817 l..cOnt1
363 2785 466 2817 _contra
480 2781 557 2809 Nest.
573 2789 614 2813 ιιι,
636 2787 663 2809 et
682 2782 720 2808 De
737 2787 798 2809 sect.
816 2786 869 2810 act.
886 2783 902 2809 li

768 2787 798 2809 rt.
816 2786 869 2810 act.
886 2783 922 2815 li;
1009 2780 1048 2817 (Α)
1070 2782 1142 2809 Hzird
1170 2782 1272 2810 t'ancit.
1288 2787 1353 2809 tom.
1375 2782 1418 2814 Ill,
1433 2790 1458 2817 p.
1474 2782 1537 2810 430.

137 2815 246 2852 hicepb.
266 2815 386 2852 ξιιμ-50.
428 2850 435 2852 _
534 2851 539 2852 γ
776 2851 780 2852 ν
832 2851 839 2852 7
1012 2815 1046 2851 (ε)
1067 2817 1187 2845 Monum.
1203 2818 1291 2852 Aquit.
1308 2817 1363 2844 ind.
1376 2815 1472 2844 chron.

169 2849 303 2887 (b)_Apttd
325 2849 446 2887 Facund.
464 2858 502 2877 Ill.
526 2851 553 2882 6.
577 2859 604 2878 x.
628 2851 660 2885 5;
682 2851 803 2887 lit-sycli.
829 2851 925 2885 fragm.

765 2851 803 2878 :li.
829 2851 925 2885 fragm.
1075 2853 1158 2881 liartl.
1177 2849 1278 2880 Concil.
1291 2857 1356 2879 tom.
1372 2851 1414 2883 Ill,
1431 2860 1457 2887 ι).
1473 2852 1534 2880 450.

138 2884 198 2913 hist.
216 2884 358 2913 in’concil.
375 2885 406 2917 ν,
424 2886 466 2913 ed.
482 2887 567 2914 tiolet.
592 2891 657 2913 tom.
681 2886 725 2920 IX,
742 2884 773 2922 ’p.
792 2887 861 2919 248;
884 2887 928 2913 L1-

301 2931 439 2962 Pu‘nOL.
465 2933 513 2962 Gn
550 2933 660 2966 LXV];
1607 2934 1624 2960 ιι
