1947 3071
186 172 235 199 107
413 169 418 174 “
805 171 884 199 ANG.
907 172 955 199 MA

1047 172 1196 200 AEFATIO.
1768 177 1815 207 108

185 231 275 259 Latini
288 231 403 258 homines
421 229 570 256 Grtecitatis
586 230 681 264 ignari.
700 229 763 256 dum
777 230 895 264 linguam
915 231 1047 263 nesciunt,
1076 239 1192 258 errarent
1223 230 1296 257 tarde
1314 235 1504 266 cognoverunt;
1530 240 1640 267 quarunt
1656 236 1818 265 constantia.

184 287 317 314 quousque
329 286 416 305 verum
434 282 628 312 cognoscerent,
644 286 661 304 a
675 277 817 304 certamine
833 286 883 304 non
902 278 1008 312 quievit.
1024 279 1113 306 Causa
1130 279 1170 306 rei
1194 282 1276 305 tanta:
1293 277 1353 308 fuit,
1369 277 1440 313 quod
1455 279 1574 314 episcopi
1590 280 1627 306 illi
1643 282 1778 315 praeconia
1792 287 1820 309 et

185 326 285 359 scripta
305 324 440 351 Theodori
453 324 480 351 in
500 324 728 358 Chalcedonensi,
749 329 778 352 ut
803 324 871 353 falso
888 326 1031 360 putabant,
1054 326 1171 354 concilio
1191 332 1302 362 pronata
1315 346 1322 357 ,
1347 325 1374 352 in
1394 325 1699 361 Constantinopolitano
1720 329 1820 356 deinde

185 372 315 400 damnata
332 379 403 406 aegre
418 371 551 399 ferebam.
1847 369 1850 373 ’

220 443 252 470 II.
265 442 490 470 Commentarium
510 445 543 471 ad
564 444 623 472 XII
643 446 783 480 prophetas
806 446 931 478 minores,
950 455 1030 481 quem
1044 455 1118 474 ntmc
1133 447 1216 475 edere
1229 447 1382 483 aggredior,
1400 448 1426 474 iu
1443 447 1550 474 duobus
1565 446 1665 474 oll'endi
1677 446 1817 474 Vaticana:

186 490 358 518 bibliothecae
370 491 520 523 codicibus,
537 491 622 518 altero
637 492 682 526 qui
698 492 749 518 fuit
768 492 832 519 olim
848 492 992 526 cujusdant
1012 492 1144 528 dignitate
1158 494 1417 528 πρωτοασηκρήτις.
1434 493 1532 520 deinde
1548 501 1611 520 vero
1634 492 1748 520 Joannis
1762 501 1824 520 cat--

185 537 284 565 dinalis
308 536 456 565 Florentini
483 538 616 572 Salviati;
639 544 733 575 postea
759 540 786 566 in
816 539 1001 567 Romanorum
1030 541 1256 568 Columuensium
1281 541 1473 568 bibliothecam
1494 541 1625 571 transiit;
1647 541 1764 575 denique
1789 541 1822 568 ad

186 587 295 614 codices
308 586 456 614 Vaticanus
476 591 540 614 ante
553 587 731 619 decennium,
750 596 792 614 me
808 587 951 622 przefecto,
969 589 1098 616 accessit.
1116 588 1140 616 Is
1155 593 1198 617 est
1215 589 1301 616 codex
1323 589 1513 616 membrancus
1530 592 1714 623 pervetuslus,
1729 588 1822 615 saeculi

185 635 296 663 circiter
312 634 458 666 undecimi,
470 634 662 669 integerrimus
679 639 704 661 et
718 635 974 663 emendatissimns.
985 635 1061 663 Alter
1075 636 1161 663 codex
1176 636 1210 663 ad
1226 633 1382 662 Vaticauam
1400 635 1588 662 collectionem
1601 634 1656 669 jam
1674 635 1719 662 diu
1737 635 1823 669 perti-

187 689 266 713 nens,
286 681 451 707 cbartaceus
468 683 496 707 et
515 687 622 712 recens,
639 680 893 714 commentarioque
905 680 938 707 ad
954 680 1114 707 Zachariam
1135 687 1244 711 carens,
1261 680 1341 713 cujus
1361 680 1400 706 rei
1418 687 1471 706 non
1488 679 1596 706 dubiam
1615 687 1725 707 causam
1741 680 1823 715 paulo

187 731 248 763 post
264 727 397 754 recitabo.
419 725 479 752 Jam
495 725 540 752 hic
564 733 659 752 recens
674 725 742 752 adeo
760 726 919 753 vetustioris
932 726 1004 753 illius
1022 726 1165 753 lectionem
1192 725 1326 760 sequitur,
1344 729 1374 751 ut
1396 733 1427 752 ex
1447 724 1542 752 eodem
1560 725 1727 760 exscriptum
1743 725 1823 752 valde

187 777 313 803 arbitrer.
335 774 390 810 Ego
406 778 480 802 certe
504 773 607 800 nullam
626 774 787 800 recentioris
805 774 939 800 rationem
957 773 1050 803 habui.
1075 773 1122 800 sed
1151 776 1299 807 praestante
1316 773 1429 806 antiquo
1443 778 1550 805 semper
1575 778 1635 798 sum
1654 778 1731 798 usus.
1748 770 1823 797 Satis

188 823 282 856 itaque
298 820 363 847 mihi
381 819 416 846 ad
433 819 583 846 curandam
600 819 747 847 editionem
763 819 790 846 in
803 819 946 846 Pontiﬁcia
961 820 1127 847 bibliotheca
1142 819 1258 847 subsidii
1274 819 1344 852 fuit;
1364 819 1410 846 sed
1425 819 1489 853 quia
1505 823 1594 845 tanien
1609 825 1658 853 par
1674 819 1821 845 thesaurus

187 868 250 894 alibi
268 874 377 902 quoque
396 870 495 897 exstat,
515 873 568 892 non
594 866 731 900 gravabor
748 865 876 892 notitiam
905 871 1063 892 exterarum
1087 865 1225 898 codicum,
1244 873 1305 900 qua:
1322 865 1389 891 milii
1408 864 1547 899 indaganti
1566 865 1698 896 orcurrit,
1726 866 1823 900 paucis

188 923 336 952 exponere.
356 915 385 942 In
399 915 496 949 primis
524 914 640 941 Cmsaris
664 914 828 942 bibliotheca
849 914 1070 942 Vindohonensis
1086 914 1157 942 duos
1174 914 1256 942 habet
1281 913 1417 941 Theodori
1431 913 1459 939 in
1476 921 1514 940 xu
1531 913 1672 948 prophetas
1697 913 1821 943 codices,

189 971 306 999 quorum
327 962 442 990 alterunt
461 961 514 989 sub
530 969 645 988 ututtcro
661 961 765 988 CLXIII
782 961 930 996 descripsit
946 961 1110 989 Lambecius
1134 962 1191 997 (a);
1212 962 1245 989 de
1260 962 1346 989 altero
1365 961 1429 988 huic
1441 960 1520 996 plane
1536 960 1618 987 simili
1636 961 1741 994 prolixe
1755 959 1824 986 For-

188 1011 256 1038 losia
274 1009 331 1045 (qui
342 1009 376 1036 de
396 1008 516 1036 editione
535 1015 644 1042 quoque
669 1008 811 1042 cogitavit)
834 1008 956 1043 loquitur
971 1007 1043 1042 apud
1059 1007 1211 1034 Kollarium
1229 1007 1256 1034 in
1275 1006 1472 1042 supplementis
1487 1013 1512 1040 p.
1534 1005 1594 1032 167.
1621 1006 1709 1040 Atque
1724 1004 1750 1031 hi
1767 1005 1823 1031 duo

190 1057 418 1084 Vindnbouenses
434 1055 571 1083 chartacci
588 1060 662 1086 sunt,
679 1063 728 1082 nec
744 1055 850 1090 antiqui
865 1064 871 1082 :
891 1056 957 1090 quin
972 1056 1040 1083 adeo
1059 1056 1196 1083 secundus
1211 1055 1318 1082 delatus
1337 1063 1371 1082 ex
1391 1053 1469 1080 Italia
1487 1051 1538 1078 luit
1553 1051 1587 1078 ab
1603 1050 1734 1085 Apostolo
1749 1050 1823 1077 Zeno

192 1104 381 1131 \‘indobonant
395 1112 400 1130 :
417 1103 485 1130 satis
502 1106 593 1129 autem
610 1107 724 1138 apparet
743 1102 930 1138 apographum
950 1110 1012 1130 esse
1026 1103 1128 1130 veteris
1142 1102 1246 1129 codicis
1262 1101 1467 1132 tiolumncnsis,
1489 1105 1563 1125 nunc
1578 1097 1721 1128 Vaticani;
1736 1105 1823 1132 quatt-

189 1149 336 1184 doquidem
360 1148 413 1174 tria
438 1148 484 1174 illa
509 1148 614 1175 scholia
631 1156 646 1175 a
662 1148 782 1175 Iiollario
809 1148 892 1179 edita,
921 1148 1062 1183 quibusin
1081 1148 1222 1176 Zachariae
1242 1148 1380 1183 propheta:
1403 1147 1526 1182 margine
1544 1147 1687 1181 theologus
1710 1145 1822 1173 Graecus

194 1196 287 1222 nescio
304 1194 366 1229 quis
385 1197 500 1228 castigat
513 1194 645 1228 quasdam
659 1194 795 1222 Theodori
813 1195 901 1221 nostri
918 1195 1079 1227 sententias,
1093 1202 1135 1228 ea,
1152 1195 1276 1228 inquam,
1290 1193 1393 1221 scholia
1410 1194 1436 1220 in
1450 1194 1618 1228 marginibus
1630 1192 1823 1220 Columnensis

190 1245 294 1272 rodit-is
312 1247 434 1275 exstant,
453 1247 536 1277 atque
551 1243 585 1270 ad
601 1244 719 1271 litteram
736 1252 798 1271 cum
822 1244 876 1272 illis
897 1244 979 1272 editis
1002 1249 1166 1278 congruunt.
1185 1243 1245 1270 Jatn
1271 1243 1335 1278 quia
1360 1241 1573 1269 commentarius
1595 1238 1778 1273 Mopsucsteni
1796 1237 1824 1264 in

191 1289 353 1316 Zachariam
370 1287 555 1316 criminationi
579 1288 661 1315 alicui
678 1292 771 1323 patere
785 1289 860 1315 visus
875 1293 927 1319 est,
943 1289 1048 1315 idcirco
1061 1289 1136 1315 illum
1151 1288 1276 1315 Vaticani
1290 1287 1452 1315 recentioris
1463 1286 1566 1314 codicis
1581 1286 1699 1319 scriptor
1710 1288 1824 1318 practer-

191 1339 286 1366 ntisit:
302 1337 374 1373 quod
395 1344 446 1372 ego
469 1336 613 1364 consilium
632 1336 744 1363 minime
759 1336 863 1370 probo;
880 1344 968 1370 neque
983 1336 1054 1362 enim
1070 1337 1240 1370 periclitatur
1259 1335 1388 1362 Ecclesia:
1408 1338 1506 1365 status,
1532 1331 1620 1360 sicubi
1638 1331 1709 1358 forte
1729 1330 1823 1365 Mops-

191 1391 323 1413 ucstenus
352 1384 466 1411 audacia
495 1383 537 1410 vel
565 1381 684 1409 novitate
718 1381 915 1416 interpretandi
945 1381 1026 1415 paulo
1051 1381 1163 1407 liberius
1188 1384 1312 1416 vagatur;
1337 1380 1457 1412 Quintus
1481 1378 1565 1405 codex
1594 1375 1714 1402 Venetus
1741 1381 1784 1402 est
1808 1382 1825 1402 a

191 1431 395 1460 Montl'auconio
406 1431 443 1466 (ὁ)
460 1431 487 1457 in
503 1430 695 1457 Grimanorum
710 1428 875 1455 bibliotheca
890 1428 1062 1455 observatus.
1080 1427 1179 1455 Sextus
1194 1436 1270 1462 aeque
1290 1427 1410 1454 Venetus
1434 1429 1487 1457 est,
1501 1431 1582 1458 quem
1599 1422 1669 1449 idem
1686 1421 1824 1449 MOnlIau-

192 1480 288 1507 conius
299 1479 334 1513 (c)
349 1478 420 1513 apud
437 1477 573 1503 ltleletium
592 1475 743 1512 Typaldum
756 1475 834 1503 vidit.
848 1475 986 1510 Septimus
1006 1475 1091 1502 codex
1116 1475 1187 1510 apud
1202 1475 1374 1502 Gerasimum
1395 1473 1526 1501 Blachum
1539 1471 1566 1497 ιιι
1583 1469 1668 1497 Gallia
1681 1469 1741 1502 fuit,
1755 1473 1825 1496 teste

190 1524 355 1552 Combetisio
374 1522 424 1556 (ιλ).
439 1522 529 1556 Atque
542 1521 616 1548 ltunc
629 1521 751 1548 codicem
773 1521 891 1554 inspexit
913 1520 1005 1550 etiam,
1022 1524 1053 1545 ut
1077 1523 1153 1553 puto,
1170 1519 1326 1553 Stephanus
1347 1519 1381 1545 ab
1393 1519 1527 1546 Altimura
1542 1518 1714 1554 (Lequinius)
1729 1517 1775 1552 qui
1796 1517 1826 1544 in

193 1571 324 1606 Panoptia
338 1579 364 1606 p.
378 1570 441 1601 £53,
458 1569 497 1596 ait
512 1577 545 1596 se
568 1570 666 1605 legisse
690 1568 876 1603 Mopsuesteu‘i
903 1567 1114 1594 Commentarios
1131 1567 1157 1593 in
1176 1575 1212 1593 xu
1236 1566 1384 1600 prophetas.
1403 1565 1497 1594 Octavi
1512 1566 1616 1594 codicis
1631 1566 1755 1593 notitiam
1771 1565 1825 1600 pri-

192 1625 264 1650 mus,
279 1621 310 1644 ut
322 1616 453 1648 arbitror,
470 1614 591 1650 prodidit
605 1614 776 1642 Possevinus
789 1614 834 1648 (e),
847 1613 893 1648 qui
906 1616 1015 1640 exstare
1031 1620 1092 1638 eum
1109 1612 1178 1638 dixit
1196 1612 1287 1638 Romae
1309 1612 1335 1638 in
1351 1612 1516 1639 bibliotheca
1529 1611 1715 1638 Vallicelliaua
1726 1620 1733 1644 ;
1744 1618 1825 1645 quem

191 1672 241 1698 ego
251 1663 372 1690 codicem
391 1669 454 1688 cum
477 1661 663 1692 observarem,
682 1659 849 1695 deprehendi
873 1667 934 1687 esse
961 1665 1042 1687 tenue
1068 1660 1304 1694 interpretationis
1327 1660 1354 1687 in
1382 1660 1478 1687 Oseam
1504 1660 1700 1695 fragmentum,
1718 1659 1825 1694 paginis

192 1709 336 1736 duodecim
355 1710 498 1738 constans,
516 1714 604 1740 usque
618 1709 650 1733 ad
671 1706 785 1733 secundi
802 1706 901 1740 capitis
916 1706 1085 1733 versiculum
1103 1707 1212 1733 tertium
1228 1706 1377 1733 decimum.
1395 1707 1482 1735 Iluins
1499 1714 1579 1740 porro
1594 1707 1716 1742 prmelari
1733 1706 1825 1741 operis

192 1755 302 1782 codices
317 1754 362 1788 qui
379 1761 461 1780 utatur
482 1752 585 1779 diutius
601 1751 781 1783 versaveriut,
799 1755 854 1778 tres
868 1752 965 1778 saltem
982 1752 1120 1786 comperio
1136 1751 1209 1778 viros
1223 1761 1230 1784 ;
1254 1760 1371 1786 quorum
1389 1754 1493 1788 primus
1509 1757 1550 1780 est
1567 1752 1730 1780 Frauciscus
1754 1752 1825 1779 Tur-

192 1809 286 1829 rtauus
298 1800 342 1835 (f),
359 1808 374 1827 a
392 1807 446 1834 quo
466 1798 559 1825 Romae
572 1798 686 1832 degente
708 1797 868 1826 Vaticanum
893 1800 982 1833 ipsum
1000 1799 1122 1826 codicettt
1142 1800 1241 1826 lectum
1258 1801 1387 1834 augurari
1404 1801 1476 1828 licet.
1491 1800 1636 1828 Secundus
1656 1804 1698 1827 est
1713 1799 1824 1826 Samuel

194 1848 336 1878 Teuulius,
356 1847 402 1881 qui
423 1846 450 1872 iu
467 1846 566 1873 litteris
586 1847 620 1872 ad
637 1846 699 1874 Nic.
719 1846 859 1874 Heinsiunt
877 1849 914 1883 (g)
931 1848 969 1874 ait
989 1856 1018 1875 se
1035 1848 1062 1874 iu
1084 1847 1160 1875 Latio
1182 1847 1363 1883 descripsisse
1381 1850 1433 1877 sibi
1455 1849 1591 1876 Tlteodori
1614 1849 1776 1875 Antiochcui
1797 1848 1825 1875 in

194 1894 290 1924 Oscam
309 1893 481 1929 fragmenta;
504 1901 565 1928 quae
583 1896 684 1922 locutio
700 1896 760 1930 ejus
784 1896 850 1923 facit
875 1900 904 1923 ut
929 1897 1083 1924 existiment
1110 1897 1183 1931 loqui
1211 1897 1356 1924 Teuuliutn
1379 1897 1412 1924 de
1431 1897 1525 1924 codice
1551 1896 1750 1928 Vallicelliauo,
1778 1897 1826 1931 qui

193 1950 289 1977 reapse
304 1941 372 1968 nihil
390 1941 480 1972 habet,
497 1944 526 1967 ut
542 1941 671 1973 diximus,
688 1946 787 1976 praeter
802 1942 883 1970 breve
897 1943 922 1968 in
938 1942 1033 1970 Oscam
1049 1941 1242 1977 fragmentum.
1257 1942 1365 1970 Tertius
1379 1947 1422 1970 est
1439 1943 1584 1970 Anselmus
1598 1942 1762 1974 Ilandurius,
1778 1943 1826 1978 qui

195 1990 222 2016 in
233 1992 381 2022 conspectu
395 1996 510 2022 operum
525 1987 670 2022 Niccphori
686 1996 766 2022 quem
780 1988 924 2016 Fabricius
947 1989 1069 2023 vulgavit
1087 1987 1137 2022 (lt),
1155 1988 1193 2014 ait
1210 1997 1234 2018 p.
1252 1987 1316 2016 626,
1333 1996 1362 2015 se
1375 1989 1445 2015 inter
1465 1993 1562 2016 caetera
1584 1989 1719 2016 editurum
1737 1989 1825 2017 Theo-

193 2037 253 2062 dori
269 2042 378 2070 quoque
393 2033 576 2069 Mopsueslcni
592 2036 618 2061 in
631 2035 769 2068 prophetas
794 2043 830 2062 xu
848 2036 1078 2062 commentarium.
1093 2034 1152 2061 .Iam
1176 2036 1239 2070 quia
1254 2035 1407 2063 Bandurius
1426 2045 1455 2063 se
1474 2037 1500 2064 id
1519 2037 1650 2065 beneﬁcio
1665 2038 1756 2066 Cosmi
1777 2037 1824 2071 III,

193 2082 272 2108 ducis
286 2081 411 2111 Etruriae,
428 2079 507 2114 cujus
524 2079 582 2113 ipse
604 2080 798 2108 bibliotltecattt
818 2081 938 2116 regebat,
959 2082 1095 2108 facturum
1111 2081 1259 2116 spopondit
1274 2082 1444 2117 (quanquam
1463 2083 1542 2110 ﬁdem
1568 2092 1656 2118 neque
1670 2083 1825 2112 Bandurius

194 2130 337 2157 Florentiae
361 2137 449 2163 neque
471 2127 594 2154 Forlosia
611 2127 778 2154 Viudobouze
795 2127 1122 2162 liberaverunt),putabat
1132 2128 1274 2155 Fabricius
1287 2128 1317 2163 (i)
1337 2130 1460 2157 codicem
1485 2131 1546 2164 ejus
1564 2132 1654 2165 operis
1681 2131 1708 2158 itt
1726 2132 1825 2159 biblio-

195 2178 273 2205 theca
287 2177 406 2204 lIIedicea
420 2180 538 2203 exstare.
554 2175 633 2202 Nunc
646 2180 736 2202 autem
758 2176 892 2209 ejusmodi
911 2176 1033 2203 codicem
1050 2176 1188 2203 Bandurio
1202 2177 1323 2212 ignotum
1340 2178 1480 2208 videmus;
1497 2184 1528 2202 ex
1544 2185 1598 2210 quo
1614 2177 1738 2210 sequitur
1751 2180 1780 2203 ut
1796 2178 1826 2204 in

195 2226 316 2253 Medicea
341 2225 507 2252 bibliotheca
524 2231 579 2250 nou
596 2220 687 2248 fuerit.
714 2220 818 2248 Revera
843 2221 995 2249 Bandurius
1012 2222 1050 2248 nil
1066 2222 1140 2248 aliud
1158 2222 1195 2248 ait
1212 2222 1265 2248 nisi
1287 2230 1317 2249 se
1341 2222 1366 2249 id
1385 2230 1454 2256 Opus
1481 2229 1496 2248 e
1520 2221 1693 2248 bibliothecis
1709 2222 1823 2254 eruisse,

194 2280 263 2307 quas
277 2272 349 2298 inter
362 2271 442 2306 paulo
457 2275 519 2297 ante
536 2269 694 2295 \‘aticanam
717 2271 996 2294 commemoraverat:
1014 2271 1042 2294 et
1056 2268 1164 2301 quidem
1182 2267 1205 2293 si
1223 2267 1256 2294 de
1271 2275 1321 2294 sua
1337 2267 1456 2294 Medicea
1472 2268 1639 2301 loqueretur.
1657 2267 1826 2302 Mopsueste-

196 2325 261 2344 unm
280 2316 349 2352 apati
364 2324 393 2344 se
411 2316 510 2343 habere
523 2315 648 2342 dixisset.
671 2313 739 2340 Tum
762 2320 826 2340 vero
850 2317 877 2339 ct
902 2313 947 2340 ille
961 2313 1045 2339 codex
1070 2312 1266 2344 Salviatorum,
1283 2321 1355 2340 nunc
1379 2312 1537 2344 Vaticanus,
1563 2314 1606 2340 illa
1635 2314 1725 2341 adhuc
1746 2318 1826 2342 aetate

195 2363 341 2390 Florentia:
368 2362 438 2397 apud
461 2366 566 2389 veteres
591 2360 727 2390 dominos,
744 2362 773 2384 ut
788 2358 881 2390 credo,
901 2358 968 2391 fuit;
986 2367 1038 2393 qua
1065 2359 1090 2385 in
1118 2359 1184 2392 urbe
1209 2358 1243 2384 ad
1261 2358 1394 2386 Bandurii
1415 2361 1539 2388 notitiam
1569 2369 1722 2396 manusque
1744 2361 1826 2389 facile

196 2415 277 2437 venit.

233 2478 274 2505 III.
311 2478 367 2513 Age
407 2485 490 2509 vero,
520 2477 553 2504 de
589 2481 700 2503 auctore
742 2475 832 2509 operis
870 2476 1017 2510 quoutinus
1059 2476 1240 2511 dubitemus,
1280 2479 1357 2506 testis
1418 2480 1496 2507 adest
1540 2481 1566 2507 in
1608 2481 1735 2511 cunctis,
1778 2481 1825 2516 qui

197 2526 252 2552 noti
285 2529 363 2559 sunt,
397 2525 592 2560 manuscriptis
624 2523 765 2552 codicibus
796 2527 925 2550 constans
953 2528 961 2549 t

1071 2523 1208 2560 Θεοδώρου
1239 2526 1414 2561 Ἀιτιοχέσις,
1447 2527 1576 2554 Theodori
1603 2529 1707 2556 scilicet
1737 2529 1823 2563 palria

198 2573 360 2600 Antias/teni.
395 2572 447 2601 Sed
463 2573 527 2608 quia
561 2581 615 2600 ttou
647 2582 717 2602 unus
747 2574 798 2601 fuit
820 2575 971 2602 Antiochia:
998 2580 1078 2602 natus
1105 2575 1281 2610 Theodorus,
1309 2586 1373 2605 ecce
1407 2578 1486 2606 nobis
1508 2578 1622 2606 Photius
1643 2579 1676 2614 (j)
1706 2585 1825 2615 quatuor

244 2675 270 2713 rt)
291 2672 369 2713 Ἔφη).
386 2672 474 2713 IV,-p.
490 2674 553 2713 5:39,
572 2673 694 2713 ed._»nov.
825 2709 869 2713 .-Α
1034 2675 1185 2713 '_I:urrianus
1214 2675 1248 2703 de
1278 2676 1477 2711 interpretandi
1506 2685 1625 2713 genere,
1652 2685 1706 2713 quo
1741 2678 1827 2706 utitur

244 2708 269 2748 ὁ)
291 2707 365 2748 ρίαν.
382 2707 490 2748 ζιιιζζι).
567 2709 678 2748 (ἔς-βίω.
694 2718 756 2736 mss.
775 2709 881 2748 11:178.
1035 2710 1262 2748 hlopsuestenus,
1288 2707 1369 2746 atque
1395 2712 1421 2739 id
1449 2707 1667 2740 nonvimmerito'
1691 2714 1825 2747 castigat;

244 2744 268 2783 cl
290 2742 367 2783 Ilior.
384 2743 448 2770 Ital.
464 2742 491 2777 ι).
508 2744 638 2783 46,_Bibl:
651 2753 730 2783 _mss.
747 2742 851 2779 p.178.
1034 2742 1156 2780 satisque
1180 2742 1351 2783 demonstrat.
1370 2751 1457 2774 totunt
1485 2756 1500 2775 a
1526 2755 1556 2775 se
1582 2748 1609 2774 in
1629 2756 1666 2774 xu
1683 2742 1825 2783 prop/thas

243 2778 271 2813 ά)
293 2778 363 2805 Bibl.
377 2787 449 2807 conc.
467 2783 533 2805 lout.
550 2780 570 2811 Ι,
583 2788 608 2813 p.
626 2779 670 2805 44.
749 2778 754 2779 ⁷
1033 2778 1251 2808 momentarium
1267 2781 1350 2809 fuisse
1365 2783 1475 2809 lectum.

232 2814 266 2851 (_e_)
287 2814 386 2851 Appar.
406 2819 471 2841 tom.
495 2814 536 2851 III,
555 2814 617 2851 cod.
639 2814 733 2841 Vallic.
752 2823 778 2849 p.
794 2814 839 2841 Q7.
884 2849 910 2851 Η
1069 2817 1107 2850 tg)
1128 2816 1258 2843 Burman.
1277 2816 1378 2851 Syllog.
1392 2821 1458 2849 tom,
1476 2817 1508 2848 Il.
1523 2826 1548 2849 ν.
1568 2817 1629 2845 SOI.

232 2849 265 2884 (Γ)
287 2849 427 2887 Αᾳνοοιιεε.
445 2857 488 2884 ap.
509 2849 540 2876 II.
553 2849 586 2882 5;
604 2857 652 2883 pro
664 2857 722 2883 epp.
739 2856 817 2887 pom.
836 2857 865 2882 ιι,
880 2849 978 2887 aoLtv,
1071 2849 1108 2887 (7i)
1130 2852 1198 2878 Bibl.
1219 2851 1265 2887 Gr.
1280 2849 1322 2878 ed.
1341 2849 1402 2879 n'ov.
1421 2856 1487 2880 tom.
1506 2852 1560 2885 VII,
1580 2861 1606 2887 p.
1622 2852 1685 2880 6H.

200 2883 241 2915 I0,
261 2892 286 2911 ν.
308 2884 337 2910 21
353 2892 377 2921 ;_
400 2884 436 2921 De
447 2883 708 2921 auctJumnttpom,
739 2883 787 2921 lib.
804 2892 843 2916 tu,
859 2884 904 2921 ed.
920 2884 981 2911 Flo-
1071 2883 1103 2919 (ii
1123 2887 1199 2913 Tom.
1221 2886 1253 2914 Χ.
1269 2895 1295 2921 p.
1315 2887 1376 2913 558.

200 2923 268 2946 rent.
296 2927 321 2954 p.
347 2919 391 2947 99.
414 2919 446 2946 Et
469 2920 556 2954 primo
573 2919 681 2954 quidem
704 2920 763 2947 loco
782 2920 835 2947 late
859 2920 982 2954 disputat
1074 2922 1106 2957 (λ)
1121 2922 1205 2950 Codd,
1224 2919 1426 2955 [VL—XXXVIII,
1453 2921 1569 2955 LXXXI,
1597 2922 1752 2951 CLXXVII.
