1947 3071
137 146 188 173 ΗΥ)
759 151 837 180 ANG.
859 151 906 179 MA

998 152 1146 181 ᾸΞἘᾹἸΊΟ.
1718 153 1767 182 “0

139 211 289 234 recensens
328 215 413 243 opera
448 208 584 236 Theodori
620 207 781 236 Antioclicni
833 210 942 237 nomine
959 210 1111 246 insignita,
1157 209 1378 244 Mopsucstenum
1415 211 1518 240 diserte
1562 214 1767 250 intelligendum

136 260 199 279 esse
235 254 333 288 docet;
369 257 457 290 primo
493 255 604 291 quidem
641 257 700 283 loco
738 257 856 284 dicens:
903 257 905 266 '

1031 257 1219 292 Μοψουεστίας
1253 258 1371 291 γεγονὼς
1405 260 1552 294 ἐπίσκοπος
1579 260 1656 294 οὗτός
1683 264 1768 296 ἐστιν,

137 296 225 333 οἶμαι·
241 301 363 328 secundo
378 307 468 329 autem
485 302 544 329 loco
565 299 665 333 εοῦτος
677 302 705 328 δέ
718 302 790 328 ἐστιν
807 303 821 328 ό
839 303 906 336 Meda

1000 311 1036 334 ις·
1056 304 1136 330 tertio
1152 304 1211 330 loco
1226 309 1288 339 post
1307 310 1486 333 memoratum
1502 307 1536 335 de
1563 309 1652 343 magia
1669 307 1769 336 Persa~

139 352 198 371 rmn
229 345 365 374 Theodori
385 348 546 375 AntiOeheni
579 356 658 382 opus,
688 348 804 376 subdit:
824 345 907 380 Οὗτος

999 348 1128 384 ἓεὸδωρος
1152 351 1166 375 ὁ
1189 349 1378 383 Μοψουεστίας
1401 349 1469 378 εἶναι
1497 353 1570 380 δοκεί
1597 354 1636 388 (et
1658 354 1768 388 quidem

136 391 212 418 δοκεῖ
226 393 253 419 in
268 401 298 420 re
315 399 390 421 certa
409 395 464 421 diei
485 396 594 422 solitum
609 396 681 430 apud
694 396 804 424 Graecos
819 397 952 431 quosdam
977 402 1115 428 auctores,
1139 397 1309 425 demonstrat
1327 397 1549 426 Montfauconius
1562 400 1639 433 prwf.
1655 399 1690 426 ad
1711 399 1769 426 Eu-

137 437 191 464 seb.
202 446 295 466 comat.
309 440 337 466 in
351 439 397 467 Ps.
411 447 470 475 cap.
485 443 529 475 x);
541 446 639 476 quarto
653 442 772 477 denique
787 443 862 470 loco:
882 443 906 468 Ἀ

1001 442 1050 478 alii)
1066 442 1175 477 βιϐλίον,
1187 441 1244 479 ubi;
1258 443 1399 479 ἐπιγραφὴ
1415 443 1564 477 Θεοδώρου
1579 445 1767 480 Ἀντιοχέως·

137 486 151 510 ὀ
170 486 358 519 Modo-asotia;
371 489 400 515 δέ
417 489 500 521 ἐστιν,
512 489 550 520 ὡς
561 489 614 515 ἀπό
626 498 704 516 τινων
719 490 867 516 ἐπιστολῶν
883 491 906 525 ὲε

1002 499 1021 517 ιν
1035 501 1040 506 ·
1054 490 1150 518 Lectus
1166 491 1279 519 estliber
1296 492 1424 519 Theodori
1437 492 1612 527 Antiocltem';
1625 494 1666 521 hic
1681 500 1771 522 autent

137 531 182 558 ille
192 537 231 559 εει
244 532 414 568 Mopsuestia;-
424 535 572 569 episcopus,
585 539 614 560 ut
626 542 661 561 ea:
671 535 828 569 quibusdam
843 536 961 570 epistolis
973 536 1036 563 mihi
1049 537 1171 563 innotuit.
1189 537 1258 571 Ergo
1274 538 1331 564 duo
1349 537 1412 565 hinc
1431 538 1582 572 noscimus,
1599 548 1695 575 nempe
1712 546 1769 568 tum

137 579 248 606 codices
266 588 377 616 quoque
397 586 502 609 veteres
523 590 636 616 operum
654 582 850 618 Mopsuesteni,
882 586 982 611 nedum
1002 592 1050 612 eos
1068 593 1137 620 quos
1153 593 1227 612 nunc
1243 586 1386 618 habemus,
1404 594 1460 621 prae
1473 595 1503 614 se
1518 589 1616 616 tulisse
1631 590 1769 618 Theodori

137 627 300 655 Antinrhrui
321 637 436 662 nomen;
455 633 511 656 tum
537 630 645 664 quoties
667 631 694 657 in
712 631 753 657 his
769 631 795 658 id
812 639 910 658 nomen
925 639 1010 666 prope
1026 639 1073 666 per
1095 633 1315 660 antonomasiam
1339 634 1470 666 Occurrit,
1485 635 1691 670 intelligendum
1707 645 1769 664 esSc

138 671 371 706 Mttpsuestenum.
385 674 471 702 Porro
490 679 579 702 autem
596 676 669 710 quod
685 681 781 703 noster
796 676 958 704 Theodorus
982 678 1009 703 in
1026 685 1064 703 xu
1086 678 1226 711 prop/tetas
1247 678 1403 712 scripserit,
1426 679 1527 707 diserte
1544 680 1660 708 afﬁrmat
1681 682 1768 717 Syrus

138 721 285 749 l'lhediesus
298 723 324 749 in
339 724 463 758 catalogo
482 733 488 750 :
505 729 686 758 praeterquam
707 724 778 759 quod
789 725 848 758 ejus
861 726 953 759 operis
967 725 1064 753 titulus
1080 727 1106 752 in
1128 726 1245 753 concilio
1264 727 1347 753 etiam
1369 727 1467 761 quinto
1475 726 1512 761 (a)
1527 727 1673 760 scribitur;
1686 735 1768 762 quem

137 771 226 793 tamen
243 773 411 801 postremum
427 765 565 796 locum‘ad
578 770 710 796 trutinam
727 770 856 805 deinceps
870 774 1019 798 vocaturus
1033 779 1103 798 sum.
1119 770 1253 799 Prazterea
1274 771 1346 806 quod
1377 778 1446 806 opus
1467 771 1653 807 Mopsuesteni
1665 773 1693 799 in
1707 780 1768 799 ma-

137 813 218 840 nibus
233 814 394 848 habeamus,
403 815 466 843 inde
480 816 562 843 etiam
578 818 777 851 cognoscimus,
788 818 852 852 quia
881 819 908 845 in
923 819 1035 846 exordio
1060 819 1245 846 commentarii
1260 819 1294 846 ad
1316 821 1410 846 Oseam
1424 822 1451 845 et
1463 819 1526 844 alibi
1545 826 1598 845 non
1620 818 1705 846 semel
1718 819 1769 846 des

135 858 223 884 clarat
242 863 338 886 auctor
353 868 382 887 se
391 861 416 886 in
429 860 552 890 Psalmos
568 872 676 900 quoque
685 865 848 900 scripsisse:
870 874 950 901 porro
966 874 981 893 a
996 866 1189 902 Mopsuesteno
1204 868 1369 895 illustratum
1386 867 1470 896 fuisse
1488 868 1662 897 Psalterium.
1680 868 1769 895 notis-

135 907 235 934 simum
253 913 304 935 est.
321 908 373 936 Sed
391 910 464 937 enim
477 911 544 939 nihil
559 921 636 948 teque
651 915 823 941 demonstrat
842 923 989 950 germanas
1007 923 1068 943 esse
1086 915 1271 951 t‘vlopsuesteni
1295 917 1344 944 has
1358 916 1554 952 prophetarum
1565 915 1702 941 minorum
1719 921 1768 940 ex-

135 953 317 986 planationes,
329 963 411 990 quam
426 957 516 991 ipsum
531 958 665 985 scribendi
683 967 780 994 genus,
797 961 868 994 quod
888 965 1007 987 veterum
1036 960 1070 987 de
1088 968 1120 988 eo
1136 961 1301 988 testimoniis
1319 962 1378 989 sine
1397 961 1451 988 ulla
1469 961 1642 988 dubitatione
1655 967 1768 994 respon-

134 1002 191 1029 det.
208 1002 237 1029 In
253 1003 349 1037 primis
364 1005 503 1032 cernimus
529 1005 602 1033 hunc
615 1011 755 1034 auctorem
783 1009 860 1043 sequi
879 1009 997 1036 maxime
1010 1009 1129 1045 litteram
1146 1013 1173 1037 et
1201 1010 1357 1041 historiam,
1377 1015 1458 1044 atque
1482 1016 1592 1036 omnem
1608 1008 1767 1043 allegoriam

134 1048 341 1076 studiosissime
355 1048 450 1084 fugere
467 1059 473 1077 :
493 1058 589 1079 rursus
607 1053 682 1080 nullo
695 1054 763 1080 vitio
776 1061 854 1088 mque
868 1054 1004 1086 laborare,
1021 1062 1102 1089 quam
1115 1055 1312 1089 pet-multarum
1324 1055 1515 1090 repetitionum
1528 1054 1558 1080 in
1572 1053 1666 1081 eadem
1680 1054 1768 1079 inter-

134 1095 200 1121 dum
227 1094 324 1129 pagina
352 1096 517 1129 ingestarum
533 1106 539 1123 :
556 1106 616 1133 qua:
633 1106 699 1126 sane
717 1100 866 1134 tautologia
893 1100 1017 1128 delicatis
1047 1100 1161 1128 auribus
1177 1101 1264 1128 multo
1287 1105 1330 1128 est
1350 1101 1555 1130 molestissima.
1575 1100 1647 1128 idem
1679 1099 1768 1134 longis

134 1142 257 1178 periodis
270 1144 428 1175 involvitur,
443 1145 496 1172 alte
515 1144 621 1178 incipit,
634 1144 679 1171 diu
697 1145 807 1178 pendet,
824 1145 864 1171 vel
889 1144 999 1172 insertis
1011 1146 1089 1172 twvis
1110 1145 1253 1173 sententiis
1272 1145 1353 1180 longe
1376 1146 1488 1177 recedit,
1508 1146 1544 1172 ita
1559 1150 1587 1172 ut
1611 1145 1708 1179 legenti
1725 1144 1769 1171 vel

136 1192 325 1225 interpretanti
335 1192 494 1220 salebrosus
510 1191 646 1218 interdum
663 1192 718 1219 liat.
730 1193 753 1218 Α
766 1192 959 1227 Mopsuesteno
970 1192 1035 1220 dum
1049 1191 1207 1227 Scripturas
1221 1193 1336 1220 arbitrio
1349 1201 1399 1220 suo
1411 1192 1570 1226 explanat-et
1586 1191 1767 1225 reprehensos

133 1240 218 1271 atque
232 1237 326 1264 irrisos
347 1245 419 1272 saepe
433 1237 517 1266 fuisse
532 1238 700 1273 antiquiores
715 1239 880 1274 interpretes
897 1240 936 1267 ait
951 1239 1081 1268 Leontius
1098 1245 1192 1268 contra
1208 1240 1285 1267 Neet.
1303 1249 1344 1272 nt,
1367 1241 1410 1267 Η.
1423 1240 1489 1275 Ejus
1514 1247 1578 1267 vero
1593 1248 1667 1267 nunc
1682 1240 1768 1267 moris

134 1281 353 1316 perfrequentem
369 1282 631 1311 demonstrationem
648 1284 674 1311 in
692 1284 735 1312 his
749 1286 956 1313 commentariis
976 1286 1112 1314 videmus.
1133 1286 1199 1314 Item
1218 1287 1366 1321 Scriptura:
1391 1287 1541 1321 permultas
1556 1286 1735 1313 auctoritates
1751 1294 1766 1311 a

135 1327 327 1362 Mopsuesteuo
343 1328 421 1355 citari
436 1328 530 1357 solitas
547 1331 585 1357 ait
603 1330 734 1366 Photius;
749 1332 822 1367 quod
838 1333 871 1360 ab
886 1341 919 1360 eo
934 1334 1076 1361 verissime
1087 1334 1191 1361 dictum
1206 1334 1399 1361 commentarii
1412 1342 1486 1361 nunc
1498 1334 1607 1362 docent.
1621 1334 1674 1361 Sed
1692 1333 1766 1361 enim

133 1375 207 1410 quod
222 1376 259 1401 ait
274 1374 466 1403 Tilletnontius
482 1376 519 1412 (ὁ)
535 1377 758 1413 lilopsucstenum
773 1380 901 1407 universa
917 1379 1005 1407 Biblia
1028 1381 1201 1414 complexum
1218 1380 1349 1407 memoria
1369 1380 1467 1412 fuisse,
1493 1379 1575 1414 cujus
1599 1380 1638 1407 rei
1667 1383 1764 1407 testem

133 1424 200 1451 citat
216 1423 361 1450 Leontium
383 1423 423 1450 De
438 1425 514 1451 sectis
531 1426 585 1450 act.
602 1428 727 1456 tv;errat
753 1424 832 1458 plane
847 1424 887 1451 vir
910 1424 1008 1451 doctus
1030 1433 1083 1451 non
1098 1424 1243 1451 intellectis
1259 1424 1367 1451 Leontii
1382 1425 1474 1452 verbis
1487 1424 1538 1460 τὴν
1557 1424 1640 1459 ἀλλην
1657 1425 1766 1460 Γραφὴν

135 1473 372 1508 ὑπεμνημάτισεν.
396 1472 468 1499 Sane
483 1481 532 1508 pro
545 1473 627 1508 ἄλλην
645 1472 787 1508 legendum
800 1479 862 1499 esse
878 1472 904 1498 ὄλ

996 1480 1014 1500 ιε.
1031 1473 1090 1507 ipsa
1104 1473 1214 1505 clamat,
1226 1476 1253 1500 et
1267 1481 1363 1500 revera
1381 1473 1488 1500 Leontii
1503 1473 1672 1506 interpretes
1680 1471 1765 1506 expli-

131 1523 197 1546 cant
209 1519 341 1545 universa.
360 1517 556 1546 Verumtamen
567 1518 791 1554 ὑπεμνημάτισεν
814 1526 868 1546 non
883 1519 1011 1545 memoria
1023 1519 1161 1550 retinebat.
1177 1519 1225 1546 sed
1251 1524 1442 1546 commentatus
1454 1523 1493 1546 est
1515 1519 1661 1553 signiﬁcat.
1676 1518 1767 1551 Quare

130 1564 328 1592 dicendummd
336 1565 458 1591 universa
473 1563 562 1591 Biblia
577 1568 769 1591 commentatus
782 1569 831 1592 est.
847 1565 902 1591 lino
917 1565 1064 1599 plerosque
1079 1573 1174 1592 omnes
1187 1565 1309 1593 auctoris
1321 1573 1401 1600 quem
1413 1565 1522 1592 edimus
1533 1564 1720 1594 characteres.
1734 1564 1763 1590 in

132 1611 279 1640 Theodoro
290 1611 406 1638 l’hotius
417 1609 649 1645 deprehendebat.
664 1610 709 1637 Sic
721 1610 794 1637 enim
807 1610 868 1637 cod.
883 1618 898 1637 x

1002 1619 1008 1637 :
1020 1610 1131 1645 Φεύγων
1142 1610 1187 1637 τὸν
1200 1611 1312 1639 δυνατὸν
1323 1611 1398 1646 αὐτῷ
1409 1611 1508 1646 τρόπον
1523 1612 1572 1643 τὰς
1589 1609 1764 1645 ἀλληγορίας,

131 1660 180 1686 καὶ
199 1659 269 1686 κατὰ
285 1659 334 1694 τὴν
355 1659 473 1694 ἱστορίαν
496 1658 546 1692 τὴν
578 1658 728 1694 ἑρμηνείαν
752 1658 929 1693 ποιούμενος·
951 1658 1109 1692 ταυτολογεῐ
1124 1659 1152 1685 δὲ
1180 1658 1214 1685 τὰ
1233 1659 1410 1691 πλεῖστα,καὶ
1425 1659 1525 1694 ἄχαρίς
1547 1667 1604 1689 πως
1620 1658 1666 1684 καὶ
1680 1657 1767 1693 ἀηδὴς

130 1704 201 1732 εἶναι
212 1706 295 1732 δοκεῖ.
317 1704 385 1731 Tum
400 1705 462 1732 cod.
487 1713 524 1738 tv,
542 1706 619 1732 Ἔστι
634 1705 662 1732 δὲ
681 1705 730 1741 μὲν
746 1705 845 1740 φράσιν
860 1707 893 1734 οὐ
906 1706 976 1733 πάνυ
992 1707 1117 1742 λαμπρός
1127 1715 1133 1721 ·
1152 1708 1212 1738 ταῖς
1226 1707 1255 1734 δὲ
1268 1708 1398 1739 διανοίαις
1420 1708 1466 1734 καὶ
1479 1709 1534 1738 τοῖς
1553 1708 1765 1742 ἐπιχειρήμασιν

130 1752 192 1778 λίαν
207 1752 318 1784 πυκνὸς,
336 1752 383 1778 καὶ
396 1753 456 1783 ταῖς
467 1753 614 1789 γραφιηαῖς
630 1753 729 1788 ἄριστα
744 1752 866 1779 πλουτῶν
881 1761 899 1787 μ

995 1754 1053 1785 ῐαις.
1076 1754 1202 1787 (Photius
1218 1754 1314 1782 codice
1336 1756 1399 1782 item
1415 1758 1493 1782 sexto
1518 1753 1681 1781 densitatem
1700 1761 1764 1780 seu-

132 1800 278 1828 tentiarum
294 1800 429 1827 Theodori
439 1800 552 1831 innuit.)
566 1798 688 1834 Denique
703 1799 763 1825 cod.
782 1806 890 1826 cuxvn

992 1801 1061 1834 ιφὴς
1075 1799 1106 1826 δέ
1123 1801 1192 1832 ἐστι,
1204 1800 1249 1826 και
1263 1809 1303 1826 τοι
1317 1801 1391 1833 λέξει
1407 1801 1436 1826 οὺ
1450 1799 1591 1834 ξενιζούσῃ
1607 1798 1761 1834 χρώμενος·

132 1849 200 1875 ἀλλὰ
214 1851 251 1887 τῷ
263 1849 443 1884 σχοινοτενέσι
458 1847 574 1884 χρῆσθαι
589 1848 620 1874 ὲκ
631 1847 679 1873 τοῦ
694 1847 740 1873 ἐπὶ
753 1847 878 1873 πλεῖστον
896 1847 1030 1882 περιόδοις
1045 1848 1093 1874 καὶ
1116 1848 1302 1884 παρεμϐολαῖς
1328 1847 1548 1883 ἀλλεπαλλήλοις,
1562 1846 1595 1873 δι’
1611 1843 1648 1874 ὧν
1663 1847 1709 1873 καὶ
1725 1849 1766 1878 εἰς

132 1896 263 1931 μήκιστον
277 1897 292 1922 ὁ
305 1894 366 1926 νοῦς
379 1895 550 1922 ἀποτείνεται
564 1894 618 1921 τῶν
637 1895 835 1930 προκειμένων,
850 1896 910 1926 ταῖς
934 1903 964 1920 τε
984 1895 1038 1922 τῶν
1063 1895 1202 1929 ὀνομάτων
1218 1895 1346 1930 πλαγίαις
1359 1895 1405 1922 καὶ
1427 1896 1486 1926 ταῖς
1504 1895 1660 1930 μετοχικαῖς
1675 1894 1764 1926 λέξεσι

108 1934 110 1937 ’
131 1942 297 1975 πλεονάζειν,
312 1941 347 1968 τὰ
356 1941 427 1968 αὑτά
441 1949 470 1967 τε
486 1941 614 1972 πολλάκις
624 1941 671 1967 καὶ
683 1940 743 1967 οὐδὲ
758 1941 806 1967 σὺν
821 1940 915 1975 κόσμῳ
928 1941 1137 1973 ὲπανακυκλεῖν,
1149 1942 1194 1968 καὶ
1210 1941 1258 1973 τὰς
1269 1942 1451 1977 ἑπαναλήψεις
1460 1942 1539 1969 πλέον
1551 1942 1604 1968 τῶν
1612 1942 1764 1978 διηγήσεων

131 1989 354 2027 (ὂπερὰμέθοδον
363 1987 514 2022 παντελῶς)
530 1989 589 2019 ταῖς
616 1988 794 2024 περιστάσεσι
815 1987 1017 2023 μεμεστῶσθαι,
1044 1989 1093 2015 καὶ
1115 1989 1172 2020 τοῖς
1189 1988 1329 2020 τοιούτοις,
1346 1989 1396 2015 οὐκ
1413 1989 1502 2023 ὀλίγον
1515 1988 1596 2024 ζόφον
1609 1989 1663 2016 τῶν
1680 1989 1762 2016 αὐτοῦ

130 2039 301 2072 γραμμάτων
316 2035 524 2067 κατασκεδόιζει.
546 2034 630 2061 Porro
645 2034 678 2061 ad
704 2034 795 2068 fugam
813 2035 899 2067 allego

991 2042 1006 2060 n
1023 2033 1096 2068 quod
1124 2035 1232 2066 attinet,
1253 2035 1296 2061 cui
1313 2034 1522 2070 Mopsuestenus
1547 2036 1648 2071 ubique
1661 2037 1760 2067 studet.

130 2083 189 2113 inse
206 2083 310 2110 Scilicet
337 2082 390 2110 sibi
416 2086 458 2109 est
487 2082 699 2112 consentaneus,
723 2079 769 2114 qui
791 2087 862 2114 opus
882 2083 980 2107 contra
999 2079 1144 2115 Origenem
1165 2085 1247 2115 atque
1260 2081 1422 2116 allegoricos
1442 2082 1553 2117 scripsit
1570 2083 1618 2118 (ε).
1636 2082 1763 2111 Profecto

129 2129 274 2164 Origenem
286 2129 346 2156 sine
361 2128 446 2155 limite
460 2127 613 2162 allegoricis
628 2126 902 2162 interpretationibus
922 2127 1084 2159 indulsisse,
1102 2135 1189 2163 eoque
1215 2128 1340 2155 instituto
1364 2137 1472 2157 sacram
1489 2131 1641 2158 doctrinam
1658 2136 1686 2158 et
1706 2131 1763 2159 his-

131 2174 230 2200 toriam
245 2181 353 2208 pessum
371 2180 443 2208 saepe
456 2173 577 2208 dedisse,
593 2179 674 2209 atque
689 2175 833 2202 innumera
848 2183 973 2202 errorum
990 2180 1116 2210 portenta
1140 2177 1286 2209 invexisse,
1303 2185 1383 2204 nemo
1401 2183 1444 2205 est
1465 2179 1510 2215 qui
1527 2183 1616 2214 neget.
1637 2179 1761 2206 Morbum

130 2218 203 2246 hunc
227 2219 441 2254 ingeniosissimi
465 2219 591 2255 Origenis
617 2220 685 2247 satis
712 2225 895 2254 praesenserat
915 2225 992 2256 pater
1013 2221 1091 2255 ejus,
1114 2220 1218 2249 Christi
1237 2223 1356 2258 inclytus
1376 2230 1478 2259 martyr
1495 2225 1640 2258 Leonidas,
1652 2225 1712 2259 qui,
1731 2229 1762 2252 ut

129 2265 213 2292 tradit
234 2265 368 2292 Eusebius
390 2265 448 2300 (ά),
470 2266 690 2293 adtnonefecerat
708 2265 794 2292 [ilium
824 2274 856 2293 ne
883 2266 954 2293 ultra
986 2267 1097 2294 obvimn
1125 2275 1236 2294 sensum
1262 2269 1290 2295 in
1318 2269 1419 2296 divinis
1438 2270 1587 2305 Seripluris
1612 2271 1761 2306 quidquam

128 2311 290 2345 requireret,
313 2311 351 2346 μὴ
374 2311 424 2346 τῆς
441 2311 596 2346 προφανοῦς
611 2312 730 2343 διανοίας
749 2313 897 2348 περαιτέρα

991 2315 1061 2348 ητεῖν
1081 2316 1231 2350 παραινῶν.
1262 2316 1294 2343 Ει
1314 2317 1425 2352 quidem
1447 2306 1614 2353 ego'contta
1636 2318 1760 2353 Origenis

127 2356 288 2383 audaciores
299 2356 404 2390 aliquot
419 2356 573 2391 allegorias,
592 2357 667 2384 louos
683 2357 831 2385 nonnullos
851 2358 962 2385 Patrum
990 2359 1145 2394 incognitas
1171 2361 1357 2396 producturus
1373 2363 1399 2390 in
1421 2364 1508 2391 lucem
1523 2365 1670 2399 aliquando
1687 2373 1760 2393 sum.

125 2401 304 2429 Caesariensis
320 2401 454 2428 Eusebius
466 2401 591 2436 Origenis
604 2402 794 2437 perstudiosus
810 2402 1001 2438 apologeticon
1019 2406 1130 2440 scripsit
1146 2414 1197 2441 pro
1211 2407 1760 2445 allegoricishujusinterpretationibus;

126 2449 205 2482 Cujus
218 2449 257 2475 rei
271 2448 404 2475 certiores
422 2456 472 2475 nos
497 2448 562 2475 facit
579 2449 730 2477 Ebediesus
745 2450 772 2476 in
795 2451 921 2486 catalogo
941 2450 987 2486 (ε),
1013 2452 1060 2486 qui
1082 2452 1157 2480 addit
1183 2453 1294 2482 Eusebii
1311 2455 1338 2482 id
1365 2463 1434 2491 opus
1460 2457 1608 2485 refutatum
1638 2458 1725 2487 fuisse
1744 2467 1761 2487 ιι

126 2493 279 2521 Theodoro.
295 2493 387 2526 Quare
400 2494 456 2528 jam
470 2503 550 2521 nemo
565 2496 723 2528 mirabitur,
733 2496 801 2524 nihil
815 2498 932 2524 omnino
945 2498 1094 2533 allegorice
1109 2507 1192 2527 sensu
1210 2501 1280 2535 apud
1297 2507 1421 2529 nostrum
1438 2509 1578 2531 auctorem
1592 2505 1660 2533 dici.
1671 2505 1759 2533 Canes
1780 2501 1784 2508 ”

124 2541 202 2588 roqtti
224 2541 297 2575 quod
309 2541 409 2588 attinet
432 2541 466 2568 ad
486 2542 632 2577 Augustini
658 2543 690 2578 (f)
721 2551 767 2572 seu
787 2545 879 2579 potius
895 2545 974 2573 Pauli
995 2546 1108 2580 dictum,
1135 2548 1207 2582 quod
1232 2557 1314 2577 omne
1326 2549 1411 2578 Vetus
1436 2550 1642 2579 Testamentum
1674 2553 1760 2588 ﬁgura

125 2588 159 2615 sit
176 2587 255 2619 Novi,
271 2587 402 2622 quodque
415 2588 506 2614 omnia
521 2588 555 2615 ad
579 2589 719 2617 Christum
733 2596 829 2625 postea
842 2596 989 2619 venturum
1008 2594 1094 2621 relata
1114 2594 1225 2628 fuerint,
1244 2596 1380 2624 Theodori
1391 2605 1501 2632 quoque
1514 2599 1602 2626 nostri
1627 2587 1760 2628 constans

123 2632 259 2680 sententia
270 2636 317 2680 est
328 2636 387 2659 tum
406 2633 433 2659 in
451 2634 571 2669 prologis
588 2638 645 2661 tum
664 2636 745 2662 etiam
761 2637 836 2663 alibi.
856 2637 984 2665 Profecto
1001 2639 1178 2674 allegoricum
1202 2645 1229 2668 et
1243 2643 1422 2677 anagogicum
1440 2647 1467 2671 et
1481 2644 1597 2679 quodvis
1612 2646 1759 2680 mysticum

122 2679 320 2713 interpretandi
344 2686 432 2712 genus
459 2687 538 2724 nemo
559 2680 621 2714 pius
637 2688 684 2714 per
701 2689 731 2708 se
747 2686 915 2714 contemnet,
934 2684 1007 2718 quod
1035 2685 1103 2719 ipsis
1127 2686 1258 2720 apostolis
1288 2686 1472 2722 Patribusque
1500 2679 1660 2724 apostolicis
1686 2690 1757 2716 haud

122 2725 282 2752 inusitatum
299 2724 437 2752 videmus.
454 2720 626 2761 Caztcroquin
644 2731 780 2761 quatenus
798 2729 1001 2762 procedendum
1018 2730 1062 2764 sit,
1080 2730 1107 2757 id
1131 2731 1240 2758 demum
1260 2733 1408 2766 prudentes
1422 2720 1582 2767 decernent,
1601 2735 1648 2769 qui
1675 2741 1762 2768 neque

154 2801 193 2841 {ei
207 2801 275 2841 Act.
295 2801 324 2834 4,
338 2811 366 2841 p.
378 2803 439 2829 ‘2“.
1004 2808 1042 2841 (di
1060 2808 1126 2834 Hist.
1143 2809 1208 2836 ραι.
1229 2809 1271 2841 Vl,
1287 2809 1313 2836 ‘2.

154 2836 189 2876 llr)
203 2835 364 2876 ecél.
383 2843 449 2876 tont.
471 2838 515 2865 Xll
534 2847 559 2874 p.
577 2841 640 2868 451.

408 2846 449 2876 int.
471 2838 515 2865 Xll
534 2847 559 2874 p.
577 2841 640 2868 451.
1004 2835 1036 2875 (ιε)
1048 2842 1114 2876 Cap.
1137 2844 1177 2870 ll.

151 2872 187 2904 (c)
205 2871 359 2901 Ebediesus
375 2874 456 2901 calal.
472 2871 540 2909 cap:
556 2877 596 2908 l9,
616 2876 737 2904 Facund.
755 2885 795 2909 ιιι,
814 2877 846 2910 6;
867 2876 911 2903 Li-
1053 2871 1161 2907 De'Gen-
1176 2880 1209 2905 ml
1228 2880 1279 2906 litt.
1298 2880 1318 2912 l,
1340 2881 1364 2910 l.

116 2907 202 2934 herat.
214 2914 275 2941 Cap.
288 2907 335 2935 24.
