1947 3071
131 194 180 223 115
751 195 832 224 ANG.
853 195 926 223 MA“
946 195 1140 225 PBAEFATlO.
1719 195 1770 224 114

127 260 292 289 magnopere
310 254 466 281 mirandum
487 258 540 286 est,
560 255 584 282 si
605 255 674 282 forte
695 263 779 282 unum
801 262 851 290 pro
865 255 953 283 altero
968 253 1156 290 Mopsuestcui
1184 260 1253 288 opus
1273 253 1417 280 recitatum
1440 252 1502 286 fuit,
1528 253 1551 281 si
1565 257 1640 281 certe
1662 258 1772 281 constat

127 301 226 329 nonid
253 301 343 328 solum
370 310 432 329 esse
455 304 644 334 commissum,
666 310 761 329 verum
791 307 818 330 et
829 303 889 337 ejus
907 303 1002 331 titulos
1019 302 1155 329 interdum
1172 300 1258 329 fuisse
1285 300 1364 328 valde
1381 308 1535 336 perversos.
1568 300 1666 329 Nonne
1695 301 1771 328 enim

131 347 260 374 Leontius
276 347 364 375 libros
382 348 518 375 Theodori
536 348 574 375 De
584 348 767 375 incarnatione
779 352 806 375 et
822 347 1032 376 Commentarios
1045 348 1072 374 in
1082 346 1192 378 Jobum,
1214 351 1355 381 propterea
1372 345 1445 380 quod
1463 346 1570 374 insanis
1584 345 1729 388 sententiis
1744 349 1771 372 et

128 393 285 421 «Iamniﬁcis
305 394 400 421 referti
417 399 506 426 erant.
539 394 680 430 inscripsit
703 403 752 422 seu
781 392 897 429 appellat

1001 394 1017 421 ὰ
1043 392 1309 427 ἑνανθρωπήσεως,
1335 392 1460 419 adversus
1491 392 1714 424 incarnationem,
1744 396 1770 420 ct

129 439 207 466 κατὰ
216 439 268 467 τὸν
287 440 358 471 Ἰὢό,
372 441 499 468 adversus
513 439 633 469 Jobum?
646 441 773 468 Profecto
791 441 817 468 id
835 441 863 468 in
878 441 936 476 ipso
950 440 1068 467 concilio
1088 439 1185 474 quinto
1203 446 1236 466 ex
1252 438 1317 465 odio
1336 438 1378 465 vel
1391 443 1464 465 certe
1487 439 1658 466 notariorum
1676 446 1772 466 errore

129 485 155 513 l‘a
175 491 233 513 tum
246 487 404 521 justissima
417 487 517 515 asserit
538 488 565 515 iu
592 488 818 515 adnotationibus
842 487 876 514 ad
899 488 1024 514 notitiam
1049 486 1185 514 Theodori
1206 485 1292 513 nostri
1321 488 1359 520 (α)
1379 485 1581 519 Tillcmontius,
1601 486 1682 521 cujus
1709 486 1768 513 htrc

130 535 214 560 verba
233 537 298 561 sunt
315 542 322 560 :
341 533 414 561 Dan:
430 533 452 561 le
471 534 617 569 cinquiéme
633 534 732 561 concile
743 534 792 569 (ὁ),
812 538 884 561 entre
900 533 936 560 les
947 541 1071 568 paasages
1091 533 1154 560 cités
1170 531 1202 559 de
1217 531 1351 559 Theodore
1363 531 1394 558 de
1409 530 1559 565 Mopsueste
1576 539 1644 565 paur
1653 532 1772 567 justifier

129 588 162 606 sa
177 578 394 609 condamnotiun.
412 589 444 607 οη
456 588 488 607 en
505 585 594 606 trouve
612 588 646 606 un
664 580 716 607 cite
727 581 758 606 de
769 588 817 606 son
832 579 1029 607 comtnentaire
1046 586 1094 605 sur
1105 578 1176 605 saiut
1193 576 1344 610 Matlhieu;
1361 581 1385 602 et
1400 577 1416 602 ὰ
1434 576 1461 603 la
1475 580 1539 602 teste
1553 576 1590 602 du
1604 577 1707 604 suivant
1720 576 1740 604 il
1755 586 1771 612 ῃ

130 633 159 655 a.
172 625 295 660 ejusdem
312 633 347 653 ex
367 627 438 654 libro
459 627 532 662 quod
549 626 620 654 Deus
648 630 791 662 peccatum
812 626 906 654 docuit
929 630 956 653 et
970 629 1086 652 mortem
1112 623 1274 652 introduxit.
1309 623 1443 651 Theodore
1457 626 1499 650 n'a
1519 623 1592 657 point
1608 624 1772 650 assurément

131 673 222 700 donné
233 681 261 699 ce
273 673 334 701 titre
350 674 365 700 ἁ
380 683 467 701 aucun
486 675 517 701 de
529 683 569 701 ses
586 683 711 710 ouvrages
726 682 734 701 :
751 679 776 702 et
788 675 808 702 il
820 675 877 710 {aut
894 683 942 710 que
954 683 982 701 ce
996 675 1047 701 soit
1069 682 1119 700 une
1135 681 1226 700 errettr
1240 673 1318 708 qu‘on
1333 671 1442 707 pretend
1455 672 1519 698 tirer
1538 671 1569 697 de
1586 671 1726 706 quelqu‘un
1741 672 1773 698 de

132 727 174 746 sus
192 719 280 750 lium,
294 724 319 746 et
331 729 394 747 sane
409 721 488 748 dante
504 721 540 747 du
554 721 756 749 Commentaire
773 729 820 748 sur
835 723 908 749 saint
924 721 1067 753 Matthicu,
1089 721 1194 747 uommé
1212 719 1434 746 immédiotement
1456 724 1634 753 auparavant,
1660 719 1683 746 si
1707 726 1772 745 noua

134 765 217 792 lisons
233 773 266 792 ex
281 765 378 793 eodem
394 766 473 794 libro.
492 766 608 795 Prorsus
623 768 660 794 ita
677 768 804 802 superius
819 776 870 795 nos
885 767 1016 798 diximus,
1033 768 1122 794 locum
1140 767 1228 798 illum,
1248 767 1294 801 qui
1317 766 1418 794 dicitur
1434 775 1467 794 ex
1482 766 1679 794 Commentario
1694 766 1722 792 in
1734 772 1773 792 xu

134 814 288 848 prop/retas,
305 814 481 841 referendum
504 823 566 842 esse
580 815 612 842 ad
630 815 742 843 citatum
763 816 790 843 in
814 816 1033 851 praecedentibus
1061 815 1186 843 Psalterii
1207 815 1317 842 librum.
1348 814 1420 846 Haec,
1440 816 1563 850 inquam,
1587 814 1770 850 peremptoria

135 862 334 889 demonstratio
346 867 389 889 est
404 864 537 891 adversus
552 871 600 891 eos
614 864 660 899 qui
677 864 838 899 synodicum
853 864 1042 891 testimonium
1062 864 1143 891 nobis
1161 864 1323 898 objecerint.
1340 879 1374 884 —
1394 864 1440 892 Sic
1460 865 1525 891 olim
1543 872 1594 899 ego
1612 864 1774 898 disputave-

137 911 250 938 ram,ut
267 909 422 942 procemium
446 911 473 935 in
498 909 622 937 Psalmos
647 918 695 944 pro
719 910 845 944 ρτοιιεηιίο
873 912 899 936 in
927 918 964 936 xu
990 909 1130 944 prophetas
1156 909 1330 937 scribendum
1345 917 1406 937 esse
1432 910 1459 936 in
1487 910 1592 945 synodo
1618 909 1773 936 suaderem.

137 953 216 981 Nunc
232 954 299 982 illud
315 955 342 982 in
358 960 477 983 mentem
493 957 577 988 venit,
594 957 650 984 lieri
672 964 751 991 posse
767 961 795 983 ut
818 957 944 991 generale
966 956 1076 992 aliquod
1097 957 1260 992 prooemium
1277 957 1304 983 in
1319 957 1433 984 minores
1452 956 1594 990 prophetas
1606 955 1672 984 olim
1687 956 1775 983 exsti-

137 1001 202 1027 tr-rit
219 1000 355 1028 Theodori
373 1003 471 1033 nostri,
487 1002 559 1037 quod.
575 1003 601 1029 in
619 1003 760 1030 codicibus
771 1011 826 1030 non
844 1003 878 1030 sit
888 1007 1091 1035 conservatum,
1110 1006 1221 1037 propter
1232 1003 1411 1030 reverentiam
1424 1002 1540 1029 fortasse
1548 1009 1613 1037 erga
1626 1001 1775 1029 concilium

137 1052 153 1071 a
169 1053 224 1080 quo
242 1045 291 1072 fuil
309 1047 376 1073 illud
394 1047 588 1082 vituperatum.
605 1048 708 1076 Certea
723 1048 906 1079 Theodoreto,
925 1049 971 1083 qui
991 1047 1166 1076 Theodorum
1181 1048 1207 1075 in
1222 1048 1381 1076 eorumdcm
1398 1048 1593 1083 prophetarum
1612 1049 1777 1083 interpreta-

138 1092 213 1118 tione
226 1092 307 1120 valde
321 1098 456 1125 sectatur,
471 1096 626 1129 generalem
647 1096 788 1130 prologqu
802 1095 942 1130 prmscribi
955 1095 1078 1123 videmus
1096 1105 1102 1122 :
1120 1099 1179 1122 tum
1201 1096 1228 1122 in
1246 1099 1321 1123 textu
1340 1099 1438 1123 nostro
1461 1094 1597 1123 Theodori
1626 1096 1648 1123 si
1666 1103 1715 1130 pro
1734 1096 1776 1126 εἰς

140 1138 251 1173 ἔλεγχον
266 1140 331 1172 τῶν,
344 1144 397 1173 etc.
416 1142 554 1168 scribatur
565 1143 605 1174 εἰς
622 1142 731 1178 ἔλεγχον
743 1140 789 1169 οὖν
811 1142 876 1173 τῶν,
894 1151 908 1168 e

1008 1150 1030 1169 :c
1051 1149 1105 1168 una
1134 1142 1281 1177 particula,
1298 1150 1360 1178 qute
1376 1143 1494 1170 fortasse
1515 1147 1572 1170 tum
1585 1146 1628 1171 est
1641 1142 1777 1170 subducta

139 1192 202 1211 cum
221 1185 315 1219 priora
329 1192 533 1219 resecat-untur,
546 1188 613 1215 satis
629 1188 763 1216 indicaret
776 1189 900 1224 generale
919 1197 934 1215 a
957 1189 1102 1216 Theodoro
1120 1190 1284 1225 prommium
1310 1189 1396 1216 fuisse
1421 1190 1609 1224 prmpositum.
1623 1189 1668 1215 llla
1694 1190 1777 1217 etiam

140 1232 221 1259 verba
241 1240 268 1267 p.
284 1232 310 1265 1,
324 1241 351 1260 v.
369 1233 396 1261 5.
415 1234 476 1261 καθ’
495 1233 513 1261 ἃ
529 1235 645 1270 πρόσθεν
676 1236 760 1272 ἔφθην
785 1236 870 1263 εἰπὼν
889 1237 909 1271 (s

1007 1245 1012 1264 ε
1034 1237 1246 1272 interpungatur
1269 1240 1332 1264 ante
1356 1237 1386 1263 ὲν
1403 1236 1532 1271 ψαλμοῖς.
1544 1243 1625 1263 secus
1635 1236 1658 1263 si
1671 1237 1776 1272 postea)

140 1278 213 1305 haud
227 1287 283 1306 rem
297 1279 323 1306 in
330 1279 439 1307 diverso
452 1289 533 1316 opere
542 1281 654 1313 dictam,
667 1282 714 1309 sed
725 1282 751 1309 in
760 1289 893 1318 praesente
907 1283 1010 1317 scripto
1019 1283 1152 1310 denotant
1165 1283 1250 1318 :quod
1261 1283 1282 1311 si
1295 1283 1331 1309 ita
1339 1286 1391 1315 est,
1399 1282 1535 1317 generalis
1546 1282 1675 1317 prologus
1684 1290 1779 1311 neces-

140 1327 215 1354 sario
224 1327 394 1363 intelligitur,
403 1328 449 1362 qui
458 1328 517 1355 sine
529 1328 674 1355 dubiotam
687 1330 807 1364 copiosis
825 1330 852 1356 in
864 1337 900 1356 xu
921 1329 1060 1363 prop/mtas
1069 1329 1266 1356 commentariis
1282 1329 1390 1356 videtur
1400 1327 1485 1355 fuisse
1492 1327 1779 1357 convcuientissimus.

176 1372 208 1401 ν.
225 1374 303 1401 Nunc
320 1383 375 1409 quo
394 1375 512 1410 ingenio.
534 1383 589 1411 qua
613 1377 730 1408 ratione,
753 1385 808 1412 quo
822 1377 875 1404 line
897 1376 1060 1404 Theodorus
1078 1377 1126 1404 hos
1150 1376 1184 1403 ad
1210 1376 1360 1412 prophetas
1376 1375 1592 1403 commentarios
1614 1375 1781 1404 instruxisse

139 1422 274 1454 videatur,
291 1423 383 1450 sobria
403 1432 465 1451 cum
487 1424 620 1452 brevitatc
644 1425 791 1453 dicendum
815 1429 868 1454 est.
884 1427 974 1461 Atque
998 1426 1025 1453 in
1048 1426 1144 1460 primis
1160 1425 1308 1452 fecundum
1331 1424 1470 1452 Theodori
1495 1423 1614 1458 felixque
1640 1424 1780 1459 ingenium

143 1469 236 1495 mirari
255 1469 328 1501 licet,
343 1470 391 1504 qui
409 1471 442 1498 de
459 1479 529 1505 penu
551 1477 603 1497 suo
626 1470 758 1505 pleraque
782 1470 874 1497 omnia
898 1470 995 1501 sumit,
1021 1469 1157 1498 neminem
1178 1469 1314 1501 imitatur,
1340 1468 1443 1495 nedum
1468 1467 1579 1502 expilat.
1607 1466 1732 1502 Cumque
1753 1467 1780 1493 hi

140 1517 280 1552 prophetae
292 1524 347 1551 prae
358 1517 487 1544 omnibus
495 1525 638 1545 sacrorum
651 1518 802 1546 Bibliorum
821 1519 946 1554 partibus
956 1519 1012 1546 sint
1028 1517 1232 1550 obscurissimi,
1249 1518 1286 1544 ita
1309 1521 1337 1543 ut
1352 1517 1412 1543 sine
1436 1516 1585 1550 interprete
1600 1523 1715 1550 prorsus
1728 1515 1781 1550 legi

141 1573 195 1592 non
211 1566 330 1600 possint,
344 1565 506 1593 Theodorus
525 1569 600 1593 tanta
617 1574 665 1594 eos
677 1566 819 1598 facilitate,
830 1571 886 1594 tam
902 1567 1021 1595 naturali
1038 1574 1182 1602 pronoque
1203 1565 1322 1592 decursu
1345 1564 1483 1596 edisserit,
1498 1567 1530 1591 ut
1545 1564 1604 1599 ipse
1623 1571 1678 1591 non
1697 1564 1781 1591 verba

142 1613 244 1649 legere,
255 1614 304 1641 sed
317 1614 344 1641 in
361 1614 501 1650 prophetae
516 1615 650 1649 cujusque
667 1616 950 1648 mentem,oculorum
960 1617 1047 1643 aciem
1062 1614 1205 1642 intendere
1212 1613 1349 1642 videatur.
1367 1612 1550 1646 Quamobrem
1559 1620 1614 1639 non
1629 1612 1689 1639 siue
1698 1618 1782 1639 causa

143 1668 156 1686 a
174 1661 268 1688 multis
288 1668 380 1688 arcem
397 1661 579 1696 interpretum
597 1665 688 1688 tenere
705 1661 795 1689 dictus
807 1665 859 1688 est.
874 1661 968 1696 Neque
984 1669 1049 1689 vero
1066 1661 1228 1688 Theodorus
1238 1660 1280 1688 vel
1295 1659 1460 1686 Hebraicum
1469 1662 1573 1686 textum
1585 1657 1628 1685 vel
1641 1656 1783 1693 Syriacam

141 1715 173 1735 ex
191 1707 306 1735 Hebraeo
320 1707 471 1734 derivatam
487 1707 755 1742 interpretationem,
769 1708 811 1735 vel
822 1707 950 1743 Origeuis
969 1707 1104 1742 "erupta,
1124 1708 1152 1734 in
1170 1714 1284 1734 censum
1301 1709 1381 1733 vocat
1399 1714 1406 1733 :
1424 1706 1480 1732 imo
1498 1703 1638 1740 Syriacam
1650 1703 1784 1739 interpre-

142 1753 272 1780 tationem
291 1754 490 1789 (Autiochenus
506 1756 569 1782 licet
589 1756 681 1791 homo)
694 1756 810 1791 ejusque
828 1764 994 1791 anonymum
1006 1757 1185 1791 interpretem
1199 1763 1255 1783 non
1269 1755 1354 1782 semel
1371 1754 1480 1782 vellicat
1494 1761 1539 1788 pp.
1557 1752 1619 1785 185,
1636 1751 1699 1785 194,
1713 1751 1782 1785 202;

143 1798 245 1833 quippe
258 1798 354 1825 Graeco
365 1799 434 1825 LXX
445 1799 624 1835 lntcrpretum
637 1805 711 1828 textu
724 1807 880 1834 contentus,
894 1802 965 1829 hunc
975 1810 1059 1829 unum
1071 1802 1213 1830 osculatur
1223 1809 1255 1828 ac
1267 1801 1402 1836 sequitur,
1415 1804 1526 1836 propter
1534 1806 1681 1832 summam,
1692 1801 1722 1825 ut
1732 1798 1781 1830 ait,

144 1847 284 1873 seniorum
296 1847 406 1874 illorum
417 1848 543 1882 peritiam
555 1852 637 1883 atque
645 1848 820 1883 sapientiam,
830 1854 856 1876 ct
865 1854 975 1884 propter
986 1851 1174 1884 apostolorum
1182 1849 1385 1879 auctoritatem,
1399 1848 1444 1883 qui
1459 1848 1528 1874 hanc
1536 1847 1692 1874 versionem
1704 1845 1770 1873 Chri
1778 1861 1784 1865 -

145 1893 243 1920 stianis
255 1893 401 1928 neophytis
413 1894 675 1921 commcndaverunt
686 1896 741 1930 (pp.
754 1895 815 1927 185,
827 1895 971 1926 194.20%.
981 1895 1074 1930 Neque
1089 1895 1176 1931 ipsam
1189 1894 1364 1923 Hebraeorum
1377 1895 1495 1929 linguam
1506 1893 1667 1921 Theodorus
1675 1893 1782 1924 calluit,

144 1946 159 1964 a
174 1946 227 1973 qua
239 1939 345 1966 nullum
362 1944 506 1967 mutuatur
523 1941 613 1968 lumen
624 1951 632 1975 ;
643 1947 669 1970 el
680 1948 811 1977 praetcrea
826 1952 852 1978 p.
864 1944 894 1970 9t
914 1953 920 1970 :
934 1944 1027 1975 Aiunt,
1044 1945 1144 1979 inquit,
1159 1944 1267 1979 ῥεμφάν
1284 1943 1441 1979 signiﬁcare
1454 1942 1633 1977 pltosplwrum
1648 1942 1676 1968 in
1692 1941 1783 1976 lingua

144 1985 319 2012 Hebraeorum
335 1994 344 2012 :
360 1994 416 2021 quo
425 1986 572 2019 dicto,non
593 1987 706 2015 scientia
717 1989 892 2024 propria,sed
908 1990 995 2017 aliena
1013 1990 1187 2019 auctoritate.
1206 1990 1239 2015 de
1247 1989 1381 2016 vocabulo
1391 1988 1525 2015 Hebraico
1539 1987 1666 2022 judicare
1685 1994 1716 2015 se
1733 1986 1783 2014 de—

146 2037 295 2059 monstrat.
313 2031 424 2060 Rursus
442 2041 469 2068 p.
486 2033 550 2062 185.
566 2041 628 2061 cum
643 2033 802 2062 Graecorum
817 2033 998 2070 lnterpretum
1016 2035 1156 2063 discordia
1175 2035 1211 2062 sit
1227 2042 1241 2061 a
1261 2034 1330 2069 Syro
1347 2034 1375 2061 iu
1403 2035 1530 2062 vocabuli
1552 2034 1677 2062 llebraici
1696 2033 1785 2069 expli-~

146 2078 266 2109 ratione,
291 2079 350 2113 ipse
364 2079 476 2113 quidem
500 2079 612 2107 Graecos
627 2081 762 2114 sequitur,
780 2090 834 2109 nou
860 2083 940 2117 quasi
960 2082 1164 2118 grammaticali
1186 2082 1287 2110 ductus
1312 2082 1350 2114 vi,
1369 2081 1418 2110 sed
1438 2082 1603 2110 reverentia.
1622 2082 1713 2115 Quare
1728 2089 1784 2109 non

147 2127 222 2149 recte
238 2123 369 2150 collineat
383 2125 455 2159 apud
472 2124 713 2153 Rosenmullcrum
732 2126 767 2163 (ε)
782 2127 938 2160 Ernestius,
964 2129 1011 2163 qui
1035 2128 1193 2163 suspicatur
1208 2127 1269 2155 ideo
1283 2128 1470 2162 judaizantem
1489 2129 1579 2156 visum
1599 2129 1685 2156 fuisse
1704 2128 1785 2155 Chri-

147 2167 248 2194 stianis
265 2167 504 2204 Mopsuestenum,
526 2171 600 2206 quod
624 2173 773 2200 secundum
797 2178 888 2201 textus
913 2174 1062 2202 llebraicos
1086 2174 1339 2209 interpretationem
1362 2174 1481 2202 fecisset.
1505 2174 1600 2210 Neque
1621 2174 1783 2202 Theodorus

147 2215 242 2249 (secus
266 2223 297 2243 ac
318 2216 442 2245 hodierni
464 2218 555 2246 critici
574 2220 731 2255 pompatice
750 2221 873 2256 quidem,
899 2222 948 2249 sed
972 2230 1029 2249 non
1055 2221 1116 2250 sine
1131 2221 1296 2249 confusione
1320 2225 1402 2255 atque
1422 2221 1617 2256 impedimento
1634 2220 1783 2256 legentium

152 2263 268 2297 faciunt)
290 2264 469 2299 multiplicem
482 2266 682 2299 eruditionem,
701 2268 887 2296 multorumve
904 2275 1050 2297 auctorum
1070 2270 1182 2296 nomina
1201 2269 1340 2304 congerit;
1360 2269 1416 2295 imo
1431 2276 1494 2296 cum
1512 2268 1582 2296 forte
1594 2268 1785 2296 controversia

148 2307 254 2334 incidat
269 2308 303 2336 de
319 2309 435 2338 urbibus
453 2310 568 2345 Bothro,
585 2312 713 2347 Tharsis,
728 2318 810 2350 atque
825 2315 970 2348 Ammone,
987 2315 1202 2351 disputationem
1218 2316 1384 2350 quantocius
1400 2315 1542 2350 abrumpit
1553 2320 1657 2347 noster,
1675 2314 1785 2349 quomi-

149 2361 202 2381 nus
218 2361 233 2379 a
249 2361 300 2381 suo
317 2356 449 2391 propheta
469 2365 504 2385 ne
521 2359 607 2386 latum
628 2361 740 2395 quidem
759 2371 879 2399 unguem
898 2364 1037 2393 discedat.
1054 2362 1092 2390 Ex
1109 2368 1149 2390 tot
1165 2367 1256 2391 autem
1275 2368 1338 2391 ante
1350 2371 1380 2391 se
1394 2363 1545 2390 Bibliorum
1557 2362 1784 2398 explicatoribus,

149 2409 182 2428 ne
196 2410 282 2429 unum
300 2404 410 2438 quidem
427 2406 591 2435 nominatim
608 2410 748 2444 appellat;
763 2418 917 2447 anonymos
938 2420 1077 2447 nunquam
1098 2412 1155 2440 fere
1176 2412 1236 2440 siue
1256 2413 1459 2448 vituperatione
1475 2415 1684 2443 commemorat,
1700 2411 1784 2438 veluti

149 2461 194 2487 pp.
214 2453 258 2485 Ἡ.
278 2454 338 2486 ltl,
355 2455 419 2488 222,
437 2457 501 2484 254.
518 2456 569 2490 Qui
586 2466 652 2486 vero
670 2458 726 2487 sint
743 2460 787 2487 isti
808 2461 956 2495 auonymi,
969 2469 1001 2488 ex
1025 2461 1194 2497 Hieronymi.
1213 2461 1261 2496 qui
1278 2460 1329 2489 fuit
1344 2461 1535 2496 Mopsuesteno
1553 2465 1649 2488 nostro
1664 2466 1783 2491 coaevus,

149 2498 265 2534 I'rologo
286 2500 320 2527 ad
337 2500 434 2528 Oscam
450 2502 604 2537 intelligere
625 2504 745 2533 fortasse
770 2505 847 2539 licet,
863 2507 912 2540 qui
934 2506 973 2532 ait
992 2511 1056 2534 ante
1077 2515 1107 2534 se
1129 2507 1324 2541 prophetarqu
1349 2506 1485 2534 minorum
1506 2506 1593 2534 fuisse
1620 2506 1785 2541 interpretes

148 2546 305 2581 Origencm.
323 2549 522 2584 Apollinarem,
539 2548 671 2581 Pierium,
694 2548 845 2578 Eusebium
861 2550 1072 2584 Caesariensem,
1089 2559 1121 2578 ac
1135 2552 1291 2587 Didymum.
1309 2551 1365 2580 Hos
1382 2552 1476 2587 igitur,
1495 2552 1537 2580 vel
1553 2560 1586 2580 ex
1605 2552 1648 2580 his
1663 2552 1783 2587 aliquos,

148 2603 163 2620 ει
177 2595 323 2624 Theodoro
341 2598 507 2633 reprehendi
531 2598 671 2633 suspicor.
690 2598 757 2625 Nam
775 2598 809 2626 de
832 2598 897 2633 ipso
917 2599 1086 2634 Hieronymo
1109 2599 1284 2635 cogitandum
1300 2600 1345 2627 vix
1369 2604 1444 2635 puto,
1460 2607 1515 2627 non
1528 2605 1583 2627 tam
1605 2600 1668 2634 quia
1684 2603 1785 2626 coaeta-

149 2652 227 2676 ncus,
245 2649 273 2671 ut
293 2644 363 2677 dixi,
377 2650 447 2679 erat,
460 2654 542 2681 quam
561 2647 625 2682 quia
642 2647 858 2675 commentarios
874 2646 988 2674 Latinos
1005 2655 1020 2673 a
1035 2646 1122 2674 Graeci
1136 2647 1271 2674 sermonis
1288 2647 1398 2674 homine
1413 2647 1499 2674 lectos
1514 2646 1558 2673 vix
1579 2650 1621 2673 est
1642 2646 1782 2673 credibile.

149 2691 317 2718 lmmensum
331 2699 418 2727 prope
431 2701 513 2728 opu5,
528 2700 603 2719 nunc
619 2692 805 2726 deperditum,
823 2691 857 2719 ad
876 2692 1027 2727 prophetas
1046 2692 1174 2720 minores
1184 2692 1316 2727 Origenes
1329 2693 1478 2728 scripserat
1493 2702 1499 2719 :
1514 2699 1600 2727 quare
1617 2698 1784 2726 magnopere

149 2739 270 2766 arbitror
285 2740 310 2767 id
327 2741 466 2775 pra-cipue
488 2740 694 2775 Mopsuesteno,
710 2744 824 2775 propter
837 2740 976 2767 diversam
1002 2740 1198 2775 interpretandi
1220 2740 1350 2773 indolem,
1371 2741 1554 2777 displicuisse.
1574 2741 1627 2768 Sed
1645 2748 1679 2768 ne
1701 2739 1785 2767 Pierii

149 2785 259 2819 quidem
276 2786 317 2813 vel
334 2786 505 2821 Apollinaris
518 2788 560 2814 vel
577 2786 684 2822 Didymi
700 2785 804 2820 aliquid
816 2785 1786 2824 superest:deniqueetEusebiiDemonstrationisevangelictzliberxnu,

149 2830 176 2858 in
191 2839 246 2866 quo
261 2831 296 2860 de
310 2831 383 2860 Osca
402 2832 527 2868 quaedam
545 2834 745 2868 disputaverat,
760 2833 850 2867 periit.

191 2916 223 2953 po)
238 2915 393 2953 gentlech
414 2915 539 2953 tom._§_ll
553 2925 578 2951 p.
592 2917 656 2953 974.

763 2951 771 2953 _
1028 2918 1062 2953 (ε)
1079 2917 1150 2945 Hist.
1164 2918 1273 2950 interpr.
1290 2919 1350 2951 part
1368 2923 1407 2948 ιιι,
1425 2923 1449 2950 p.
1468 2913 1529 2941 266.

183 2951 222 2987 (ὁ)
239 2951 289 2978 Ed.
306 2951 392 2979 Coleti
407 2956 475 2980 tom.
487 2951 531 2985 IX,
545 2961 569 2979 ι).
587 2952 649 2978 221.
666 2959 724 2987 cap.
740 2951 783 2978 56.
