  <div class='ocr_page' id='page_1' title='image "/cluster/home/n/w/nwhite01/storage/ocr_20150623/66/njp.32101077772695/073.png"; bbox 0 0 1947 3071; ppageno 0'>
   <div class='ocr_carea' id='block_1_1' title="bbox 164 182 933 226">
    <p class='ocr_par' dir='ltr' id='par_1_1' title="bbox 164 193 933 226">
     <span class='ocr_line' id='line_1_1' title="bbox 164 193 933 226; baseline -0.008 -1"><span class='ocrx_word' id='word_1_1' title='bbox 164 195 212 226; x_wconf 76' lang='grc'><strong>115</strong></span> <span class='ocrx_word' id='word_1_2' title='bbox 775 194 855 222; x_wconf 74' lang='grc' dir='ltr'><strong>ΛΝΟ.</strong></span> <span class='ocrx_word' id='word_1_3' title='bbox 877 193 933 220; x_wconf 74' lang='lat' dir='ltr'><strong>MAI</strong></span> 
     </span>
    </p>
   </div>
   <div class='ocr_carea' id='block_1_2' title="bbox 1015 182 1784 226">
    <p class='ocr_par' dir='ltr' id='par_1_2' title="bbox 1017 182 1784 219">
     <span class='ocr_line' id='line_1_2' title="bbox 1017 182 1784 219; baseline -0.009 0"><span class='ocrx_word' id='word_1_4' title='bbox 1017 191 1164 219; x_wconf 63' lang='lat' dir='ltr'><strong>AEFATIO.</strong></span> <span class='ocrx_word' id='word_1_5' title='bbox 1729 182 1784 214; x_wconf 62' lang='grc' dir='ltr'><strong>με</strong></span> 
     </span>
    </p>
   </div>
   <div class='ocr_carea' id='block_1_3' title="bbox 195 244 1780 286">
    <p class='ocr_par' dir='ltr' id='par_1_3' title="bbox 195 244 1780 286">
     <span class='ocr_line' id='line_1_3' title="bbox 195 244 1780 286; baseline -0.006 -6"><span class='ocrx_word' id='word_1_6' title='bbox 195 253 239 280; x_wconf 72' lang='grc' dir='ltr'><strong>γι.</strong></span> <span class='ocrx_word' id='word_1_7' title='bbox 260 252 336 280; x_wconf 83' lang='lat' dir='ltr'><strong>Nunc</strong></span> <span class='ocrx_word' id='word_1_8' title='bbox 351 251 413 286; x_wconf 87' lang='lat' dir='ltr'><strong>quia</strong></span> <span class='ocrx_word' id='word_1_9' title='bbox 434 250 467 277; x_wconf 84' lang='lat' dir='ltr'><strong>de</strong></span> <span class='ocrx_word' id='word_1_10' title='bbox 486 249 518 276; x_wconf 88' lang='lat' dir='ltr'><strong>iis</strong></span> <span class='ocrx_word' id='word_1_11' title='bbox 538 249 605 282; x_wconf 77' lang='lat' dir='ltr'><strong>dixi,</strong></span> <span class='ocrx_word' id='word_1_12' title='bbox 626 250 670 284; x_wconf 89' lang='lat' dir='ltr'><strong>qui</strong></span> <span class='ocrx_word' id='word_1_13' title='bbox 688 250 867 277; x_wconf 83' lang='lat' dir='ltr'><strong>Theodorum-</strong></span> <span class='ocrx_word' id='word_1_14' title='bbox 881 250 908 277; x_wconf 93' lang='lat' dir='ltr'><strong>in</strong></span> <span class='ocrx_word' id='word_1_15' title='bbox 924 249 966 276; x_wconf 86' lang='lat' dir='ltr'><strong>his</strong></span> <span class='ocrx_word' id='word_1_16' title='bbox 983 248 1150 283; x_wconf 83' lang='lat' dir='ltr'><strong>exponendis</strong></span> <span class='ocrx_word' id='word_1_17' title='bbox 1172 247 1309 282; x_wconf 73' lang='lat' dir='ltr'><strong>prophetis</strong></span> <span class='ocrx_word' id='word_1_18' title='bbox 1332 248 1549 280; x_wconf 65' lang='lat' dir='ltr'><strong>praecesserunt,</strong></span> <span class='ocrx_word' id='word_1_19' title='bbox 1568 245 1646 273; x_wconf 81' lang='lat' dir='ltr'><strong>liceat</strong></span> <span class='ocrx_word' id='word_1_20' title='bbox 1660 244 1780 271; x_wconf 64' lang='lat' dir='ltr'><strong>breviter</strong></span> 
     </span>
    </p>
   </div>
   <div class='ocr_carea' id='block_1_4' title="bbox 157 290 1780 334">
    <p class='ocr_par' dir='ltr' id='par_1_4' title="bbox 157 290 1780 334">
     <span class='ocr_line' id='line_1_4' title="bbox 157 290 1780 334; baseline -0.008 -5"><span class='ocrx_word' id='word_1_21' title='bbox 157 301 307 329; x_wconf 85' lang='lat' dir='ltr'><strong>nonnullos</strong></span> <span class='ocrx_word' id='word_1_22' title='bbox 323 306 442 334; x_wconf 84' lang='lat' dir='ltr'><strong>quoque,</strong></span> <span class='ocrx_word' id='word_1_23' title='bbox 457 297 504 332; x_wconf 82' lang='lat' dir='ltr'><strong>qui</strong></span> <span class='ocrx_word' id='word_1_24' title='bbox 520 296 692 323; x_wconf 78' lang='lat' dir='ltr'><strong>Theodorum</strong></span> <span class='ocrx_word' id='word_1_25' title='bbox 709 296 847 322; x_wconf 85' lang='lat' dir='ltr'><strong>subsecuti</strong></span> <span class='ocrx_word' id='word_1_26' title='bbox 866 298 940 325; x_wconf 86' lang='lat' dir='ltr'><strong>sunt,</strong></span> <span class='ocrx_word' id='word_1_27' title='bbox 957 301 1188 325; x_wconf 72' lang='lat' dir='ltr'><strong>commemorare;</strong></span> <span class='ocrx_word' id='word_1_28' title='bbox 1208 293 1328 327; x_wconf 83' lang='lat' dir='ltr'><strong>priscos,</strong></span> <span class='ocrx_word' id='word_1_29' title='bbox 1347 293 1466 326; x_wconf 78' lang='lat' dir='ltr'><strong>inquam,</strong></span> <span class='ocrx_word' id='word_1_30' title='bbox 1485 299 1600 326; x_wconf 84' lang='lat' dir='ltr'><strong>quorum</strong></span> <span class='ocrx_word' id='word_1_31' title='bbox 1625 290 1726 325; x_wconf 85' lang='lat' dir='ltr'><strong>scripta</strong></span> <span class='ocrx_word' id='word_1_32' title='bbox 1744 291 1780 316; x_wconf 77' lang='lat' dir='ltr'><strong>ad</strong></span> 
     </span>
    </p>
   </div>
   <div class='ocr_carea' id='block_1_5' title="bbox 156 335 1776 384">
    <p class='ocr_par' dir='ltr' id='par_1_5' title="bbox 156 335 1776 384">
     <span class='ocr_line' id='line_1_5' title="bbox 156 335 1776 384; baseline -0.01 -6"><span class='ocrx_word' id='word_1_33' title='bbox 156 357 208 378; x_wconf 79' lang='lat' dir='ltr'><strong>nos</strong></span> <span class='ocrx_word' id='word_1_34' title='bbox 221 351 403 384; x_wconf 85' lang='lat' dir='ltr'><strong>pervenerunt</strong></span> <span class='ocrx_word' id='word_1_35' title='bbox 422 356 428 373; x_wconf 89' lang='lat'><strong>:</strong></span> <span class='ocrx_word' id='word_1_36' title='bbox 444 351 507 373; x_wconf 83' lang='lat' dir='ltr'><strong>sunt</strong></span> <span class='ocrx_word' id='word_1_37' title='bbox 522 345 594 372; x_wconf 74' lang='lat' dir='ltr'><strong>ettim</strong></span> <span class='ocrx_word' id='word_1_38' title='bbox 612 345 651 378; x_wconf 86' lang='lat' dir='ltr'><strong>(ut</strong></span> <span class='ocrx_word' id='word_1_39' title='bbox 667 345 791 371; x_wconf 81' lang='lat' dir='ltr'><strong>omittam</strong></span> <span class='ocrx_word' id='word_1_40' title='bbox 808 343 936 370; x_wconf 76' lang='lat' dir='ltr'><strong>Iudaicos</strong></span> <span class='ocrx_word' id='word_1_41' title='bbox 953 346 979 369; x_wconf 83' lang='lat' dir='ltr'><strong>et</strong></span> <span class='ocrx_word' id='word_1_42' title='bbox 992 342 1152 369; x_wconf 81' lang='lat' dir='ltr'><strong>brevissima</strong></span> <span class='ocrx_word' id='word_1_43' title='bbox 1171 341 1299 375; x_wconf 79' lang='lat' dir='ltr'><strong>llesychii</strong></span> <span class='ocrx_word' id='word_1_44' title='bbox 1315 340 1414 374; x_wconf 84' lang='lat' dir='ltr'><strong>capita)</strong></span> <span class='ocrx_word' id='word_1_45' title='bbox 1431 337 1516 364; x_wconf 60' lang='lat' dir='ltr'><strong>Grecei</strong></span> <span class='ocrx_word' id='word_1_46' title='bbox 1532 341 1599 370; x_wconf 86' lang='lat' dir='ltr'><strong>trcs,</strong></span> <span class='ocrx_word' id='word_1_47' title='bbox 1617 335 1776 362; x_wconf 84' lang='lat' dir='ltr'><strong>Theodore-</strong></span> 
     </span>
    </p>
   </div>
   <div class='ocr_carea' id='block_1_6' title="bbox 156 386 1781 429">
    <p class='ocr_par' dir='ltr' id='par_1_6' title="bbox 156 386 1781 429">
     <span class='ocr_line' id='line_1_6' title="bbox 156 386 1781 429; baseline -0.007 -9"><span class='ocrx_word' id='word_1_48' title='bbox 156 400 212 428; x_wconf 85' lang='lat' dir='ltr'><strong>tus,</strong></span> <span class='ocrx_word' id='word_1_49' title='bbox 239 394 374 429; x_wconf 78' lang='lat' dir='ltr'><strong>Cyrillus,</strong></span> <span class='ocrx_word' id='word_1_50' title='bbox 395 393 633 428; x_wconf 73' lang='lat' dir='ltr'><strong>Theophylactus;</strong></span> <span class='ocrx_word' id='word_1_51' title='bbox 658 391 747 418; x_wconf 88' lang='lat' dir='ltr'><strong>Latini</strong></span> <span class='ocrx_word' id='word_1_52' title='bbox 771 391 835 417; x_wconf 89' lang='lat' dir='ltr'><strong>item</strong></span> <span class='ocrx_word' id='word_1_53' title='bbox 858 396 925 421; x_wconf 80' lang='lat' dir='ltr'><strong>tres,</strong></span> <span class='ocrx_word' id='word_1_54' title='bbox 938 389 1139 424; x_wconf 78' lang='lat' dir='ltr'><strong>Hieronymus,</strong></span> <span class='ocrx_word' id='word_1_55' title='bbox 1161 389 1274 415; x_wconf 80' lang='lat' dir='ltr'><strong>Ruﬁnus</strong></span> <span class='ocrx_word' id='word_1_56' title='bbox 1296 392 1376 422; x_wconf 86' lang='lat' dir='ltr'><strong>atquc</strong></span> <span class='ocrx_word' id='word_1_57' title='bbox 1399 386 1538 421; x_wconf 73' lang='lat' dir='ltr'><strong>Remigius</strong></span> <span class='ocrx_word' id='word_1_58' title='bbox 1560 394 1567 412; x_wconf 91' lang='lat'><strong>:</strong></span> <span class='ocrx_word' id='word_1_59' title='bbox 1591 392 1707 419; x_wconf 89' lang='lat' dir='ltr'><strong>quorum</strong></span> <span class='ocrx_word' id='word_1_60' title='bbox 1729 391 1781 418; x_wconf 75' lang='lat' dir='ltr'><strong>ego</strong></span> 
     </span>
    </p>
   </div>
   <div class='ocr_carea' id='block_1_7' title="bbox 155 431 1781 470">
    <p class='ocr_par' dir='ltr' id='par_1_7' title="bbox 155 431 1781 470">
     <span class='ocr_line' id='line_1_7' title="bbox 155 431 1781 470; baseline -0.006 -4"><span class='ocrx_word' id='word_1_61' title='bbox 155 438 372 466; x_wconf 82' lang='lat' dir='ltr'><strong>commentarios</strong></span> <span class='ocrx_word' id='word_1_62' title='bbox 386 438 524 467; x_wconf 79' lang='lat' dir='ltr'><strong>lectitans,</strong></span> <span class='ocrx_word' id='word_1_63' title='bbox 539 436 740 464; x_wconf 87' lang='lat' dir='ltr'><strong>’l&#39;bcodoretum</strong></span> <span class='ocrx_word' id='word_1_64' title='bbox 754 435 862 470; x_wconf 80' lang='lat' dir='ltr'><strong>quidem</strong></span> <span class='ocrx_word' id='word_1_65' title='bbox 878 435 1060 469; x_wconf 84' lang='lat' dir='ltr'><strong>Mopsuesteni</strong></span> <span class='ocrx_word' id='word_1_66' title='bbox 1075 435 1206 462; x_wconf 81' lang='lat' dir='ltr'><strong>asseclam</strong></span> <span class='ocrx_word' id='word_1_67' title='bbox 1225 442 1285 461; x_wconf 88' lang='lat' dir='ltr'><strong>esse</strong></span> <span class='ocrx_word' id='word_1_68' title='bbox 1301 433 1424 460; x_wconf 82' lang='lat' dir='ltr'><strong>videbam</strong></span> <span class='ocrx_word' id='word_1_69' title='bbox 1439 455 1446 467; x_wconf 88' lang='lat'><strong>,</strong></span> <span class='ocrx_word' id='word_1_70' title='bbox 1468 434 1494 460; x_wconf 92' lang='lat' dir='ltr'><strong>in</strong></span> <span class='ocrx_word' id='word_1_71' title='bbox 1519 433 1636 468; x_wconf 80' lang='lat' dir='ltr'><strong>prologis</strong></span> <span class='ocrx_word' id='word_1_72' title='bbox 1658 431 1781 466; x_wconf 74' lang='lat' dir='ltr'><strong>quando-</strong></span> 
     </span>
    </p>
   </div>
   <div class='ocr_carea' id='block_1_8' title="bbox 154 477 1780 519">
    <p class='ocr_par' dir='ltr' id='par_1_8' title="bbox 154 477 1780 519">
     <span class='ocr_line' id='line_1_8' title="bbox 154 477 1780 519; baseline -0.006 -8"><span class='ocrx_word' id='word_1_73' title='bbox 154 492 208 519; x_wconf 83' lang='lat' dir='ltr'><strong>que</strong></span> <span class='ocrx_word' id='word_1_74' title='bbox 231 484 315 511; x_wconf 83' lang='lat' dir='ltr'><strong>etiam</strong></span> <span class='ocrx_word' id='word_1_75' title='bbox 341 483 527 518; x_wconf 77' lang='lat' dir='ltr'><strong>plagiarium:</strong></span> <span class='ocrx_word' id='word_1_76' title='bbox 557 481 604 509; x_wconf 88' lang='lat' dir='ltr'><strong>sed</strong></span> <span class='ocrx_word' id='word_1_77' title='bbox 624 485 714 508; x_wconf 82' lang='lat' dir='ltr'><strong>tamen</strong></span> <span class='ocrx_word' id='word_1_78' title='bbox 744 488 831 514; x_wconf 86' lang='lat' dir='ltr'><strong>neque</strong></span> <span class='ocrx_word' id='word_1_79' title='bbox 857 480 983 506; x_wconf 92' lang='lat' dir='ltr'><strong>acutuine</strong></span> <span class='ocrx_word' id='word_1_80' title='bbox 1006 487 1094 514; x_wconf 83' lang='lat' dir='ltr'><strong>neque</strong></span> <span class='ocrx_word' id='word_1_81' title='bbox 1117 480 1241 506; x_wconf 80' lang='lat' dir='ltr'><strong>ubertate</strong></span> <span class='ocrx_word' id='word_1_82' title='bbox 1259 486 1320 505; x_wconf 90' lang='lat' dir='ltr'><strong>cum</strong></span> <span class='ocrx_word' id='word_1_83' title='bbox 1343 478 1395 505; x_wconf 87' lang='lat' dir='ltr'><strong>hoc</strong></span> <span class='ocrx_word' id='word_1_84' title='bbox 1413 477 1639 513; x_wconf 85' lang='lat' dir='ltr'><strong>comparandum.</strong></span> <span class='ocrx_word' id='word_1_85' title='bbox 1661 477 1780 511; x_wconf 69' lang='lat' dir='ltr'><strong>(jyt&#39;illus</strong></span> 
     </span>
    </p>
   </div>
   <div class='ocr_carea' id='block_1_9' title="bbox 153 522 1780 564">
    <p class='ocr_par' dir='ltr' id='par_1_9' title="bbox 153 522 1780 564">
     <span class='ocr_line' id='line_1_9' title="bbox 153 522 1780 564; baseline -0.007 -6"><span class='ocrx_word' id='word_1_86' title='bbox 153 530 285 564; x_wconf 57' lang='lat' dir='ltr'><strong>grandem</strong></span> <span class='ocrx_word' id='word_1_87' title='bbox 300 535 404 557; x_wconf 85' lang='lat' dir='ltr'><strong>tomum</strong></span> <span class='ocrx_word' id='word_1_88' title='bbox 420 528 681 556; x_wconf 91' lang='lat' dir='ltr'><strong>commentariorum</strong></span> <span class='ocrx_word' id='word_1_89' title='bbox 699 535 812 554; x_wconf 90' lang='lat' dir='ltr'><strong>suorum</strong></span> <span class='ocrx_word' id='word_1_90' title='bbox 828 527 963 562; x_wconf 82' lang='lat' dir='ltr'><strong>implevit,</strong></span> <span class='ocrx_word' id='word_1_91' title='bbox 981 527 1007 553; x_wconf 91' lang='lat' dir='ltr'><strong>in</strong></span> <span class='ocrx_word' id='word_1_92' title='bbox 1026 527 1127 561; x_wconf 83' lang='lat' dir='ltr'><strong>quibus</strong></span> <span class='ocrx_word' id='word_1_93' title='bbox 1142 527 1256 560; x_wconf 90' lang='lat' dir='ltr'><strong>plurima</strong></span> <span class='ocrx_word' id='word_1_94' title='bbox 1280 526 1394 552; x_wconf 79' lang='lat' dir='ltr'><strong>moralia</strong></span> <span class='ocrx_word' id='word_1_95' title='bbox 1412 525 1478 552; x_wconf 84' lang='lat' dir='ltr'><strong>dicit</strong></span> <span class='ocrx_word' id='word_1_96' title='bbox 1502 532 1533 550; x_wconf 90' lang='lat' dir='ltr'><strong>ac</strong></span> <span class='ocrx_word' id='word_1_97' title='bbox 1549 523 1672 558; x_wconf 74' lang='lat' dir='ltr'><strong>mystica.</strong></span> <span class='ocrx_word' id='word_1_98' title='bbox 1691 522 1780 548; x_wconf 84' lang='lat' dir='ltr'><strong>Theo—</strong></span> 
     </span>
    </p>
   </div>
   <div class='ocr_carea' id='block_1_10' title="bbox 153 566 1780 613">
    <p class='ocr_par' dir='ltr' id='par_1_10' title="bbox 153 566 1780 613">
     <span class='ocr_line' id='line_1_10' title="bbox 153 566 1780 613; baseline -0.006 -9"><span class='ocrx_word' id='word_1_99' title='bbox 153 579 302 613; x_wconf 80' lang='lat' dir='ltr'><strong>phylactus</strong></span> <span class='ocrx_word' id='word_1_100' title='bbox 315 578 433 612; x_wconf 90' lang='lat' dir='ltr'><strong>denique</strong></span> <span class='ocrx_word' id='word_1_101' title='bbox 450 577 586 611; x_wconf 85' lang='lat' dir='ltr'><strong>sequioris</strong></span> <span class='ocrx_word' id='word_1_102' title='bbox 606 577 655 603; x_wconf 66' lang='lat' dir='ltr'><strong>aevi</strong></span> <span class='ocrx_word' id='word_1_103' title='bbox 669 576 751 602; x_wconf 92' lang='lat' dir='ltr'><strong>homo</strong></span> <span class='ocrx_word' id='word_1_104' title='bbox 765 582 852 610; x_wconf 84' lang='lat' dir='ltr'><strong>pauca</strong></span> <span class='ocrx_word' id='word_1_105' title='bbox 867 579 896 601; x_wconf 92' lang='lat' dir='ltr'><strong>ut</strong></span> <span class='ocrx_word' id='word_1_106' title='bbox 912 579 978 609; x_wconf 91' lang='lat' dir='ltr'><strong>puto</strong></span> <span class='ocrx_word' id='word_1_107' title='bbox 992 574 1025 601; x_wconf 88' lang='lat' dir='ltr'><strong>de</strong></span> <span class='ocrx_word' id='word_1_108' title='bbox 1044 582 1095 601; x_wconf 87' lang='lat' dir='ltr'><strong>suo</strong></span> <span class='ocrx_word' id='word_1_109' title='bbox 1108 574 1220 609; x_wconf 79' lang='lat' dir='ltr'><strong>profert,</strong></span> <span class='ocrx_word' id='word_1_110' title='bbox 1239 573 1285 601; x_wconf 80' lang='lat' dir='ltr'><strong>sed</strong></span> <span class='ocrx_word' id='word_1_111' title='bbox 1301 581 1333 599; x_wconf 67' lang='lat' dir='ltr'><strong>ex</strong></span> <span class='ocrx_word' id='word_1_112' title='bbox 1349 573 1522 607; x_wconf 88' lang='lat' dir='ltr'><strong>antiquorum</strong></span> <span class='ocrx_word' id='word_1_113' title='bbox 1539 566 1780 597; x_wconf 81' lang='lat' dir='ltr'><strong>lucubrationibus</strong></span> 
     </span>
    </p>
   </div>
   <div class='ocr_carea' id='block_1_11' title="bbox 153 616 1779 658">
    <p class='ocr_par' dir='ltr' id='par_1_11' title="bbox 153 616 1779 658">
     <span class='ocr_line' id='line_1_11' title="bbox 153 616 1779 658; baseline -0.007 -6"><span class='ocrx_word' id='word_1_114' title='bbox 153 625 298 657; x_wconf 84' lang='lat' dir='ltr'><strong>litterales,</strong></span> <span class='ocrx_word' id='word_1_115' title='bbox 312 625 441 653; x_wconf 80' lang='lat' dir='ltr'><strong>moralcs.</strong></span> <span class='ocrx_word' id='word_1_116' title='bbox 458 624 590 658; x_wconf 75' lang='lat' dir='ltr'><strong>mysticus</strong></span> <span class='ocrx_word' id='word_1_117' title='bbox 603 623 800 657; x_wconf 81' lang='lat' dir='ltr'><strong>expositiones,</strong></span> <span class='ocrx_word' id='word_1_118' title='bbox 817 630 866 656; x_wconf 83' lang='lat' dir='ltr'><strong>pro</strong></span> <span class='ocrx_word' id='word_1_119' title='bbox 879 622 922 649; x_wconf 93' lang='lat' dir='ltr'><strong>sui</strong></span> <span class='ocrx_word' id='word_1_120' title='bbox 943 622 1076 655; x_wconf 83' lang='lat' dir='ltr'><strong>temporis</strong></span> <span class='ocrx_word' id='word_1_121' title='bbox 1098 629 1184 653; x_wconf 86' lang='lat' dir='ltr'><strong>more,</strong></span> <span class='ocrx_word' id='word_1_122' title='bbox 1199 620 1324 648; x_wconf 87' lang='lat' dir='ltr'><strong>deﬂorat.</strong></span> <span class='ocrx_word' id='word_1_123' title='bbox 1340 620 1368 647; x_wconf 92' lang='lat' dir='ltr'><strong>ln</strong></span> <span class='ocrx_word' id='word_1_124' title='bbox 1394 619 1499 646; x_wconf 80' lang='lat' dir='ltr'><strong>Latinis</strong></span> <span class='ocrx_word' id='word_1_125' title='bbox 1518 617 1700 652; x_wconf 81' lang='lat' dir='ltr'><strong>Ilicronynms</strong></span> <span class='ocrx_word' id='word_1_126' title='bbox 1721 616 1779 642; x_wconf 80' lang='lat' dir='ltr'><strong>sin—</strong></span> 
     </span>
    </p>
   </div>
   <div class='ocr_carea' id='block_1_12' title="bbox 151 660 1779 705">
    <p class='ocr_par' dir='ltr' id='par_1_12' title="bbox 151 660 1779 705">
     <span class='ocr_line' id='line_1_12' title="bbox 151 660 1779 705; baseline -0.006 -8"><span class='ocrx_word' id='word_1_127' title='bbox 151 670 240 705; x_wconf 64' lang='lat' dir='ltr'><strong>gulari</strong></span> <span class='ocrx_word' id='word_1_128' title='bbox 262 677 311 696; x_wconf 88' lang='lat' dir='ltr'><strong>sua</strong></span> <span class='ocrx_word' id='word_1_129' title='bbox 326 669 483 704; x_wconf 65' lang='lat' dir='ltr'><strong>praestantia</strong></span> <span class='ocrx_word' id='word_1_130' title='bbox 500 669 619 702; x_wconf 80' lang='lat' dir='ltr'><strong>eminet;</strong></span> <span class='ocrx_word' id='word_1_131' title='bbox 641 676 736 695; x_wconf 85' lang='lat' dir='ltr'><strong>omnes</strong></span> <span class='ocrx_word' id='word_1_132' title='bbox 752 668 823 694; x_wconf 82' lang='lat' dir='ltr'><strong>enim</strong></span> <span class='ocrx_word' id='word_1_133' title='bbox 847 667 958 701; x_wconf 81' lang='lat' dir='ltr'><strong>ingenii,</strong></span> <span class='ocrx_word' id='word_1_134' title='bbox 981 666 1145 701; x_wconf 62' lang='lat' dir='ltr'><strong>eloquentiae</strong></span> <span class='ocrx_word' id='word_1_135' title='bbox 1167 666 1352 700; x_wconf 81' lang='lat' dir='ltr'><strong>doctrimeque</strong></span> <span class='ocrx_word' id='word_1_136' title='bbox 1373 665 1519 692; x_wconf 82' lang='lat' dir='ltr'><strong>thesauros</strong></span> <span class='ocrx_word' id='word_1_137' title='bbox 1533 663 1566 690; x_wconf 88' lang='lat' dir='ltr'><strong>ad</strong></span> <span class='ocrx_word' id='word_1_138' title='bbox 1592 670 1656 690; x_wconf 85' lang='lat' dir='ltr'><strong>suas</strong></span> <span class='ocrx_word' id='word_1_139' title='bbox 1672 662 1699 688; x_wconf 89' lang='lat' dir='ltr'><strong>in</strong></span> <span class='ocrx_word' id='word_1_140' title='bbox 1727 660 1779 688; x_wconf 82' lang='lat' dir='ltr'><strong>hos</strong></span> 
     </span>
    </p>
   </div>
   <div class='ocr_carea' id='block_1_13' title="bbox 151 707 1776 750">
    <p class='ocr_par' dir='ltr' id='par_1_13' title="bbox 151 707 1776 750">
     <span class='ocr_line' id='line_1_13' title="bbox 151 707 1776 750; baseline -0.006 -9"><span class='ocrx_word' id='word_1_141' title='bbox 151 715 301 750; x_wconf 82' lang='lat' dir='ltr'><strong>prophetas</strong></span> <span class='ocrx_word' id='word_1_142' title='bbox 318 713 504 748; x_wconf 81' lang='lat' dir='ltr'><strong>expOsitioues</strong></span> <span class='ocrx_word' id='word_1_143' title='bbox 524 714 652 739; x_wconf 85' lang='lat' dir='ltr'><strong>contulit.</strong></span> <span class='ocrx_word' id='word_1_144' title='bbox 670 712 734 739; x_wconf 86' lang='lat' dir='ltr'><strong>Post</strong></span> <span class='ocrx_word' id='word_1_145' title='bbox 750 719 830 747; x_wconf 84' lang='lat' dir='ltr'><strong>quem</strong></span> <span class='ocrx_word' id='word_1_146' title='bbox 853 711 968 738; x_wconf 73' lang='lat' dir='ltr'><strong>Rufinus</strong></span> <span class='ocrx_word' id='word_1_147' title='bbox 984 711 1177 746; x_wconf 81' lang='lat' dir='ltr'><strong>prophetarum</strong></span> <span class='ocrx_word' id='word_1_148' title='bbox 1198 711 1318 745; x_wconf 87' lang='lat' dir='ltr'><strong>quinque</strong></span> <span class='ocrx_word' id='word_1_149' title='bbox 1341 717 1487 744; x_wconf 65' lang='lat' dir='ltr'><strong>aggressus</strong></span> <span class='ocrx_word' id='word_1_150' title='bbox 1511 707 1776 742; x_wconf 81' lang='lat' dir='ltr'><strong>interpretationem,</strong></span> 
     </span>
    </p>
   </div>
   <div class='ocr_carea' id='block_1_14' title="bbox 152 752 1778 796">
    <p class='ocr_par' dir='ltr' id='par_1_14' title="bbox 152 752 1778 796">
     <span class='ocr_line' id='line_1_14' title="bbox 152 752 1778 796; baseline -0.006 -9"><span class='ocrx_word' id='word_1_151' title='bbox 152 762 291 796; x_wconf 78' lang='lat' dir='ltr'><strong>copiosam</strong></span> <span class='ocrx_word' id='word_1_152' title='bbox 307 761 398 794; x_wconf 88' lang='lat' dir='ltr'><strong>potius</strong></span> <span class='ocrx_word' id='word_1_153' title='bbox 419 759 603 792; x_wconf 82' lang='lat' dir='ltr'><strong>tnoralemque</strong></span> <span class='ocrx_word' id='word_1_154' title='bbox 628 757 807 792; x_wconf 78' lang='lat' dir='ltr'><strong>paraphrasin</strong></span> <span class='ocrx_word' id='word_1_155' title='bbox 834 755 908 788; x_wconf 77' lang='lat' dir='ltr'><strong>fecit,</strong></span> <span class='ocrx_word' id='word_1_156' title='bbox 932 761 957 783; x_wconf 84' lang='lat' dir='ltr'><strong>et</strong></span> <span class='ocrx_word' id='word_1_157' title='bbox 982 756 1008 782; x_wconf 91' lang='lat' dir='ltr'><strong>in</strong></span> <span class='ocrx_word' id='word_1_158' title='bbox 1029 756 1143 791; x_wconf 82' lang='lat' dir='ltr'><strong>prologo</strong></span> <span class='ocrx_word' id='word_1_159' title='bbox 1165 756 1288 790; x_wconf 88' lang='lat' dir='ltr'><strong>iniqttum</strong></span> <span class='ocrx_word' id='word_1_160' title='bbox 1313 755 1345 782; x_wconf 85' lang='lat' dir='ltr'><strong>de</strong></span> <span class='ocrx_word' id='word_1_161' title='bbox 1364 755 1530 789; x_wconf 83' lang='lat' dir='ltr'><strong>Hieronymo</strong></span> <span class='ocrx_word' id='word_1_162' title='bbox 1552 754 1687 789; x_wconf 83' lang='lat' dir='ltr'><strong>judicium</strong></span> <span class='ocrx_word' id='word_1_163' title='bbox 1705 752 1778 784; x_wconf 88' lang='lat' dir='ltr'><strong>tulit,</strong></span> 
     </span>
    </p>
   </div>
   <div class='ocr_carea' id='block_1_15' title="bbox 152 798 1777 841">
    <p class='ocr_par' dir='ltr' id='par_1_15' title="bbox 152 798 1777 841">
     <span class='ocr_line' id='line_1_15' title="bbox 152 798 1777 841; baseline -0.006 -7"><span class='ocrx_word' id='word_1_164' title='bbox 152 807 233 841; x_wconf 85' lang='lat' dir='ltr'><strong>cujus</strong></span> <span class='ocrx_word' id='word_1_165' title='bbox 246 807 397 833; x_wconf 86' lang='lat' dir='ltr'><strong>orationem</strong></span> <span class='ocrx_word' id='word_1_166' title='bbox 418 805 459 832; x_wconf 85' lang='lat' dir='ltr'><strong>vel</strong></span> <span class='ocrx_word' id='word_1_167' title='bbox 474 813 520 839; x_wconf 81' lang='lat' dir='ltr'><strong>per</strong></span> <span class='ocrx_word' id='word_1_168' title='bbox 534 804 678 838; x_wconf 81' lang='lat' dir='ltr'><strong>allegorias</strong></span> <span class='ocrx_word' id='word_1_169' title='bbox 691 803 817 838; x_wconf 81' lang='lat' dir='ltr'><strong>Origenis</strong></span> <span class='ocrx_word' id='word_1_170' title='bbox 832 803 873 828; x_wconf 88' lang='lat' dir='ltr'><strong>vcl</strong></span> <span class='ocrx_word' id='word_1_171' title='bbox 890 809 937 836; x_wconf 91' lang='lat' dir='ltr'><strong>per</strong></span> <span class='ocrx_word' id='word_1_172' title='bbox 955 802 1093 829; x_wconf 78' lang='lat' dir='ltr'><strong>fabulosus</strong></span> <span class='ocrx_word' id='word_1_173' title='bbox 1108 801 1262 829; x_wconf 60' lang='lat' dir='ltr'><strong>Juda‘orum</strong></span> <span class='ocrx_word' id='word_1_174' title='bbox 1282 801 1443 828; x_wconf 75' lang='lat' dir='ltr'><strong>traditiones</strong></span> <span class='ocrx_word' id='word_1_175' title='bbox 1458 805 1540 827; x_wconf 85' lang='lat' dir='ltr'><strong>totam</strong></span> <span class='ocrx_word' id='word_1_176' title='bbox 1565 799 1712 826; x_wconf 68' lang='lat' dir='ltr'><strong>delituisse</strong></span> <span class='ocrx_word' id='word_1_177' title='bbox 1728 798 1777 824; x_wconf 87' lang='lat' dir='ltr'><strong>ait.</strong></span> 
     </span>
    </p>
   </div>
   <div class='ocr_carea' id='block_1_16' title="bbox 152 847 1777 887">
    <p class='ocr_par' dir='ltr' id='par_1_16' title="bbox 152 847 1777 887">
     <span class='ocr_line' id='line_1_16' title="bbox 152 847 1777 887; baseline -0.006 -6"><span class='ocrx_word' id='word_1_178' title='bbox 152 854 265 881; x_wconf 82' lang='lat' dir='ltr'><strong>Tertius</strong></span> <span class='ocrx_word' id='word_1_179' title='bbox 280 853 421 887; x_wconf 71' lang='lat' dir='ltr'><strong>Remigius</strong></span> <span class='ocrx_word' id='word_1_180' title='bbox 435 850 674 878; x_wconf 82' lang='lat' dir='ltr'><strong>Antisiodorensis</strong></span> <span class='ocrx_word' id='word_1_181' title='bbox 693 855 746 883; x_wconf 87' lang='lat' dir='ltr'><strong>est,</strong></span> <span class='ocrx_word' id='word_1_182' title='bbox 765 853 810 885; x_wconf 89' lang='lat' dir='ltr'><strong>qui</strong></span> <span class='ocrx_word' id='word_1_183' title='bbox 834 851 934 876; x_wconf 70' lang='lat' dir='ltr'><strong>steculo</strong></span> <span class='ocrx_word' id='word_1_184' title='bbox 953 857 1025 877; x_wconf 88' lang='lat' dir='ltr'><strong>nono</strong></span> <span class='ocrx_word' id='word_1_185' title='bbox 1047 849 1100 876; x_wconf 88' lang='lat' dir='ltr'><strong>sub</strong></span> <span class='ocrx_word' id='word_1_186' title='bbox 1111 849 1209 875; x_wconf 83' lang='lat' dir='ltr'><strong>Carolo</strong></span> <span class='ocrx_word' id='word_1_187' title='bbox 1231 849 1314 876; x_wconf 84' lang='lat' dir='ltr'><strong>Calvo</strong></span> <span class='ocrx_word' id='word_1_188' title='bbox 1339 848 1439 876; x_wconf 88' lang='lat' dir='ltr'><strong>ﬂorttit.</strong></span> <span class='ocrx_word' id='word_1_189' title='bbox 1464 847 1550 882; x_wconf 83' lang='lat' dir='ltr'><strong>Hujus</strong></span> <span class='ocrx_word' id='word_1_190' title='bbox 1569 847 1777 873; x_wconf 72' lang='lat' dir='ltr'><strong>Commentarios</strong></span> 
     </span>
    </p>
   </div>
   <div class='ocr_carea' id='block_1_17' title="bbox 155 891 924 932">
    <p class='ocr_par' dir='ltr' id='par_1_17' title="bbox 155 892 923 932">
     <span class='ocr_line' id='line_1_17' title="bbox 155 892 923 932; baseline -0.009 -7"><span class='ocrx_word' id='word_1_191' title='bbox 155 898 189 925; x_wconf 81' lang='lat' dir='ltr'><strong>ad</strong></span> <span class='ocrx_word' id='word_1_192' title='bbox 203 897 259 925; x_wconf 85' lang='grc' dir='ltr'><strong>ΧΙΙ</strong></span> <span class='ocrx_word' id='word_1_193' title='bbox 280 896 422 932; x_wconf 73' lang='lat' dir='ltr'><strong>prophetas</strong></span> <span class='ocrx_word' id='word_1_194' title='bbox 435 898 549 922; x_wconf 78' lang='lat' dir='ltr'><strong>minores</strong></span> <span class='ocrx_word' id='word_1_195' title='bbox 566 902 638 921; x_wconf 86' lang='lat' dir='ltr'><strong>anno</strong></span> <span class='ocrx_word' id='word_1_196' title='bbox 659 894 729 921; x_wconf 73' lang='grc'><strong>1545</strong></span> <span class='ocrx_word' id='word_1_197' title='bbox 751 893 870 920; x_wconf 65' lang='lat' dir='ltr'><strong>Joannes</strong></span> <span class='ocrx_word' id='word_1_198' title='bbox 886 892 923 919; x_wconf 90' lang='lat' dir='ltr'><strong>lle</strong></span> 
     </span>
    </p>
   </div>
   <div class='ocr_carea' id='block_1_18' title="bbox 1009 891 1778 932">
    <p class='ocr_par' dir='ltr' id='par_1_18' title="bbox 1009 891 1778 927">
     <span class='ocr_line' id='line_1_18' title="bbox 1009 891 1778 927; baseline -0.001 -8"><span class='ocrx_word' id='word_1_199' title='bbox 1009 900 1037 919; x_wconf 85' lang='lat' dir='ltr'><strong>us</strong></span> <span class='ocrx_word' id='word_1_200' title='bbox 1055 892 1149 925; x_wconf 83' lang='lat' dir='ltr'><strong>edidit,</strong></span> <span class='ocrx_word' id='word_1_201' title='bbox 1164 893 1208 926; x_wconf 89' lang='lat' dir='ltr'><strong>qui</strong></span> <span class='ocrx_word' id='word_1_202' title='bbox 1229 892 1328 919; x_wconf 87' lang='lat' dir='ltr'><strong>deinde</strong></span> <span class='ocrx_word' id='word_1_203' title='bbox 1346 893 1372 918; x_wconf 92' lang='lat' dir='ltr'><strong>in</strong></span> <span class='ocrx_word' id='word_1_204' title='bbox 1388 892 1588 927; x_wconf 72' lang='lat' dir='ltr'><strong>Lugdunensem</strong></span> <span class='ocrx_word' id='word_1_205' title='bbox 1606 891 1662 918; x_wconf 83' lang='lat' dir='ltr'><strong>PP.</strong></span> <span class='ocrx_word' id='word_1_206' title='bbox 1677 891 1778 918; x_wconf 80' lang='lat' dir='ltr'><strong>Biblio-</strong></span> 
     </span>
    </p>
   </div>
   <div class='ocr_carea' id='block_1_19' title="bbox 156 939 1778 975">
    <p class='ocr_par' dir='ltr' id='par_1_19' title="bbox 156 939 1778 975">
     <span class='ocr_line' id='line_1_19' title="bbox 156 939 1778 975; baseline -0.004 -2"><span class='ocrx_word' id='word_1_207' title='bbox 156 949 256 973; x_wconf 84' lang='lat' dir='ltr'><strong>thecam</strong></span> <span class='ocrx_word' id='word_1_208' title='bbox 272 944 395 972; x_wconf 87' lang='lat' dir='ltr'><strong>translati</strong></span> <span class='ocrx_word' id='word_1_209' title='bbox 410 943 530 970; x_wconf 67' lang='lat' dir='ltr'><strong>fuerunt.</strong></span> <span class='ocrx_word' id='word_1_210' title='bbox 544 942 769 970; x_wconf 82' lang='lat' dir='ltr'><strong>Commentarium</strong></span> <span class='ocrx_word' id='word_1_211' title='bbox 786 949 850 967; x_wconf 80' lang='lat' dir='ltr'><strong>vero</strong></span> <span class='ocrx_word' id='word_1_212' title='bbox 865 941 893 966; x_wconf 79' lang='lat' dir='ltr'><strong>in</strong></span> <span class='ocrx_word' id='word_1_213' title='bbox 914 942 1009 967; x_wconf 78' lang='lat' dir='ltr'><strong>Oscam</strong></span> <span class='ocrx_word' id='word_1_214' title='bbox 1025 939 1182 966; x_wconf 77' lang='lat' dir='ltr'><strong>necessario</strong></span> <span class='ocrx_word' id='word_1_215' title='bbox 1201 946 1230 966; x_wconf 86' lang='lat' dir='ltr'><strong>se</strong></span> <span class='ocrx_word' id='word_1_216' title='bbox 1250 939 1375 966; x_wconf 84' lang='lat' dir='ltr'><strong>omisisse</strong></span> <span class='ocrx_word' id='word_1_217' title='bbox 1388 939 1538 968; x_wconf 83' lang='lat' dir='ltr'><strong>liculenius</strong></span> <span class='ocrx_word' id='word_1_218' title='bbox 1554 941 1602 970; x_wconf 86' lang='lat' dir='ltr'><strong>ait,</strong></span> <span class='ocrx_word' id='word_1_219' title='bbox 1619 940 1682 975; x_wconf 88' lang='lat' dir='ltr'><strong>quia</strong></span> <span class='ocrx_word' id='word_1_220' title='bbox 1705 939 1778 966; x_wconf 88' lang='lat' dir='ltr'><strong>hunc</strong></span> 
     </span>
    </p>
   </div>
   <div class='ocr_carea' id='block_1_20' title="bbox 151 976 1777 1026">
    <p class='ocr_par' dir='ltr' id='par_1_20' title="bbox 151 976 1777 1026">
     <span class='ocr_line' id='line_1_20' title="bbox 151 976 1777 1026; baseline -0.004 -7"><span class='ocrx_word' id='word_1_221' title='bbox 151 993 263 1023; x_wconf 86' lang='lat' dir='ltr'><strong>unicus,</strong></span> <span class='ocrx_word' id='word_1_222' title='bbox 278 999 358 1026; x_wconf 83' lang='lat' dir='ltr'><strong>quem</strong></span> <span class='ocrx_word' id='word_1_223' title='bbox 384 993 483 1017; x_wconf 82' lang='lat' dir='ltr'><strong>nactus</strong></span> <span class='ocrx_word' id='word_1_224' title='bbox 496 993 565 1020; x_wconf 88' lang='lat' dir='ltr'><strong>erat,</strong></span> <span class='ocrx_word' id='word_1_225' title='bbox 580 987 664 1014; x_wconf 88' lang='lat' dir='ltr'><strong>codex</strong></span> <span class='ocrx_word' id='word_1_226' title='bbox 690 986 875 1013; x_wconf 85' lang='lat' dir='ltr'><strong>desiderabat.</strong></span> <span class='ocrx_word' id='word_1_227' title='bbox 902 984 957 1020; x_wconf 81' lang='lat' dir='ltr'><strong>Ego</strong></span> <span class='ocrx_word' id='word_1_228' title='bbox 978 992 1043 1012; x_wconf 88' lang='lat' dir='ltr'><strong>vero</strong></span> <span class='ocrx_word' id='word_1_229' title='bbox 1065 985 1207 1018; x_wconf 89' lang='lat' dir='ltr'><strong>antiquum</strong></span> <span class='ocrx_word' id='word_1_230' title='bbox 1230 976 1351 1011; x_wconf 81' lang='lat' dir='ltr'><strong>codicem</strong></span> <span class='ocrx_word' id='word_1_231' title='bbox 1372 983 1533 1013; x_wconf 83' lang='lat' dir='ltr'><strong>Vaticanum</strong></span> <span class='ocrx_word' id='word_1_232' title='bbox 1553 985 1724 1020; x_wconf 81' lang='lat' dir='ltr'><strong>perlustrans</strong></span> <span class='ocrx_word' id='word_1_233' title='bbox 1749 986 1777 1012; x_wconf 79' lang='lat' dir='ltr'><strong>in</strong></span> 
     </span>
    </p>
   </div>
   <div class='ocr_carea' id='block_1_21' title="bbox 153 1033 1776 1075">
    <p class='ocr_par' dir='ltr' id='par_1_21' title="bbox 153 1033 1776 1075">
     <span class='ocr_line' id='line_1_21' title="bbox 153 1033 1776 1075; baseline -0.006 -8"><span class='ocrx_word' id='word_1_234' title='bbox 153 1040 251 1068; x_wconf 76' lang='lat' dir='ltr'><strong>Ossam</strong></span> <span class='ocrx_word' id='word_1_235' title='bbox 273 1047 382 1075; x_wconf 86' lang='lat' dir='ltr'><strong>quoque</strong></span> <span class='ocrx_word' id='word_1_236' title='bbox 401 1038 622 1066; x_wconf 80' lang='lat' dir='ltr'><strong>commentarium</strong></span> <span class='ocrx_word' id='word_1_237' title='bbox 649 1035 765 1070; x_wconf 72' lang='lat' dir='ltr'><strong>Remigii</strong></span> <span class='ocrx_word' id='word_1_238' title='bbox 794 1035 894 1070; x_wconf 78' lang='lat' dir='ltr'><strong>reperi,</strong></span> <span class='ocrx_word' id='word_1_239' title='bbox 915 1034 1041 1061; x_wconf 88' lang='lat' dir='ltr'><strong>mutilum</strong></span> <span class='ocrx_word' id='word_1_240' title='bbox 1065 1037 1167 1065; x_wconf 86' lang='lat' dir='ltr'><strong>tamen,</strong></span> <span class='ocrx_word' id='word_1_241' title='bbox 1190 1041 1288 1068; x_wconf 86' lang='lat' dir='ltr'><strong>nempe</strong></span> <span class='ocrx_word' id='word_1_242' title='bbox 1307 1041 1394 1068; x_wconf 88' lang='lat' dir='ltr'><strong>usque</strong></span> <span class='ocrx_word' id='word_1_243' title='bbox 1415 1033 1448 1061; x_wconf 87' lang='lat' dir='ltr'><strong>ad</strong></span> <span class='ocrx_word' id='word_1_244' title='bbox 1471 1035 1622 1069; x_wconf 84' lang='lat' dir='ltr'><strong>capitulum</strong></span> <span class='ocrx_word' id='word_1_245' title='bbox 1650 1034 1776 1069; x_wconf 87' lang='lat' dir='ltr'><strong>quintttm</strong></span> 
     </span>
    </p>
   </div>
   <div class='ocr_carea' id='block_1_22' title="bbox 151 1081 1778 1120">
    <p class='ocr_par' dir='ltr' id='par_1_22' title="bbox 151 1081 1778 1120">
     <span class='ocr_line' id='line_1_22' title="bbox 151 1081 1778 1120; baseline -0.004 -7"><span class='ocrx_word' id='word_1_246' title='bbox 151 1087 267 1113; x_wconf 80' lang='lat' dir='ltr'><strong>necdum</strong></span> <span class='ocrx_word' id='word_1_247' title='bbox 284 1086 430 1120; x_wconf 79' lang='lat' dir='ltr'><strong>expletum.</strong></span> <span class='ocrx_word' id='word_1_248' title='bbox 453 1084 545 1118; x_wconf 82' lang='lat' dir='ltr'><strong>Neque</strong></span> <span class='ocrx_word' id='word_1_249' title='bbox 568 1083 591 1111; x_wconf 89' lang='lat' dir='ltr'><strong>is</strong></span> <span class='ocrx_word' id='word_1_250' title='bbox 605 1083 730 1111; x_wconf 88' lang='lat' dir='ltr'><strong>delectus</strong></span> <span class='ocrx_word' id='word_1_251' title='bbox 747 1083 968 1110; x_wconf 80' lang='lat' dir='ltr'><strong>membranarum</strong></span> <span class='ocrx_word' id='word_1_252' title='bbox 984 1085 1035 1113; x_wconf 89' lang='lat' dir='ltr'><strong>est,</strong></span> <span class='ocrx_word' id='word_1_253' title='bbox 1054 1088 1124 1116; x_wconf 66' lang='lat' dir='ltr'><strong>quin,</strong></span> <span class='ocrx_word' id='word_1_254' title='bbox 1138 1084 1166 1106; x_wconf 94' lang='lat' dir='ltr'><strong>ut</strong></span> <span class='ocrx_word' id='word_1_255' title='bbox 1180 1081 1220 1113; x_wconf 87' lang='lat' dir='ltr'><strong>tit,</strong></span> <span class='ocrx_word' id='word_1_256' title='bbox 1241 1081 1413 1108; x_wconf 79' lang='lat' dir='ltr'><strong>exciderint:</strong></span> <span class='ocrx_word' id='word_1_257' title='bbox 1434 1082 1534 1109; x_wconf 90' lang='lat' dir='ltr'><strong>etenim</strong></span> <span class='ocrx_word' id='word_1_258' title='bbox 1559 1081 1586 1108; x_wconf 92' lang='lat' dir='ltr'><strong>in</strong></span> <span class='ocrx_word' id='word_1_259' title='bbox 1605 1089 1657 1116; x_wconf 88' lang='lat' dir='ltr'><strong>qua</strong></span> <span class='ocrx_word' id='word_1_260' title='bbox 1679 1081 1778 1116; x_wconf 77' lang='lat' dir='ltr'><strong>pagina</strong></span> 
     </span>
    </p>
   </div>
   <div class='ocr_carea' id='block_1_23' title="bbox 152 1126 1777 1168">
    <p class='ocr_par' dir='ltr' id='par_1_23' title="bbox 152 1126 1777 1168">
     <span class='ocr_line' id='line_1_23' title="bbox 152 1126 1777 1168; baseline -0.006 -7"><span class='ocrx_word' id='word_1_261' title='bbox 152 1133 238 1161; x_wconf 86' lang='lat' dir='ltr'><strong>Oseas</strong></span> <span class='ocrx_word' id='word_1_262' title='bbox 255 1133 430 1168; x_wconf 76' lang='lat' dir='ltr'><strong>imperfectus</strong></span> <span class='ocrx_word' id='word_1_263' title='bbox 446 1131 557 1164; x_wconf 89' lang='lat' dir='ltr'><strong>desinit,</strong></span> <span class='ocrx_word' id='word_1_264' title='bbox 573 1130 673 1158; x_wconf 88' lang='lat' dir='ltr'><strong>ibidem</strong></span> <span class='ocrx_word' id='word_1_265' title='bbox 691 1131 785 1165; x_wconf 88' lang='lat' dir='ltr'><strong>incipit</strong></span> <span class='ocrx_word' id='word_1_266' title='bbox 803 1129 861 1157; x_wconf 79' lang='lat' dir='ltr'><strong>Joél</strong></span> <span class='ocrx_word' id='word_1_267' title='bbox 877 1140 883 1157; x_wconf 90' lang='lat'><strong>:</strong></span> <span class='ocrx_word' id='word_1_268' title='bbox 907 1129 978 1156; x_wconf 87' lang='lat' dir='ltr'><strong>unde</strong></span> <span class='ocrx_word' id='word_1_269' title='bbox 993 1128 1185 1164; x_wconf 78' lang='lat' dir='ltr'><strong>cognoscimus</strong></span> <span class='ocrx_word' id='word_1_270' title='bbox 1204 1128 1347 1163; x_wconf 89' lang='lat' dir='ltr'><strong>antiquum</strong></span> <span class='ocrx_word' id='word_1_271' title='bbox 1363 1135 1554 1155; x_wconf 83' lang='lat' dir='ltr'><strong>amanuenscm</strong></span> <span class='ocrx_word' id='word_1_272' title='bbox 1579 1126 1687 1153; x_wconf 80' lang='lat' dir='ltr'><strong>nonnisi</strong></span> <span class='ocrx_word' id='word_1_273' title='bbox 1706 1126 1777 1152; x_wconf 89' lang='lat' dir='ltr'><strong>hanc</strong></span> 
     </span>
    </p>
   </div>
   <div class='ocr_carea' id='block_1_24' title="bbox 150 1174 1779 1214">
    <p class='ocr_par' dir='ltr' id='par_1_24' title="bbox 150 1174 1779 1214">
     <span class='ocr_line' id='line_1_24' title="bbox 150 1174 1779 1214; baseline -0.004 -8"><span class='ocrx_word' id='word_1_274' title='bbox 150 1179 302 1214; x_wconf 81' lang='lat' dir='ltr'><strong>liemigiaui</strong></span> <span class='ocrx_word' id='word_1_275' title='bbox 321 1178 508 1206; x_wconf 81' lang='lat' dir='ltr'><strong>Commentarii</strong></span> <span class='ocrx_word' id='word_1_276' title='bbox 528 1178 556 1204; x_wconf 76' lang='lat' dir='ltr'><strong>iu</strong></span> <span class='ocrx_word' id='word_1_277' title='bbox 575 1177 671 1205; x_wconf 70' lang='lat' dir='ltr'><strong>Oscam</strong></span> <span class='ocrx_word' id='word_1_278' title='bbox 689 1181 793 1212; x_wconf 82' lang='lat' dir='ltr'><strong>partem</strong></span> <span class='ocrx_word' id='word_1_279' title='bbox 812 1185 865 1212; x_wconf 58' lang='lat' dir='ltr'><strong>pra;</strong></span> <span class='ocrx_word' id='word_1_280' title='bbox 881 1177 1008 1203; x_wconf 87' lang='lat' dir='ltr'><strong>manibus</strong></span> <span class='ocrx_word' id='word_1_281' title='bbox 1028 1175 1167 1203; x_wconf 81' lang='lat' dir='ltr'><strong>habuisse.</strong></span> <span class='ocrx_word' id='word_1_282' title='bbox 1183 1174 1242 1202; x_wconf 84' lang='lat' dir='ltr'><strong>Jam</strong></span> <span class='ocrx_word' id='word_1_283' title='bbox 1259 1175 1310 1202; x_wconf 87' lang='lat' dir='ltr'><strong>etsi</strong></span> <span class='ocrx_word' id='word_1_284' title='bbox 1329 1174 1480 1202; x_wconf 86' lang='lat' dir='ltr'><strong>Hentcnius</strong></span> <span class='ocrx_word' id='word_1_285' title='bbox 1490 1175 1596 1209; x_wconf 80' lang='lat' dir='ltr'><strong>magnis</strong></span> <span class='ocrx_word' id='word_1_286' title='bbox 1615 1174 1741 1201; x_wconf 79' lang='lat' dir='ltr'><strong>laudibus</strong></span> <span class='ocrx_word' id='word_1_287' title='bbox 1760 1181 1779 1200; x_wconf 66' lang='grc' dir='ltr'><strong>θ</strong></span> 
     </span>
    </p>
   </div>
   <div class='ocr_carea' id='block_1_25' title="bbox 150 1224 1778 1260">
    <p class='ocr_par' dir='ltr' id='par_1_25' title="bbox 150 1224 1778 1260">
     <span class='ocr_line' id='line_1_25' title="bbox 150 1224 1778 1260; baseline -0.002 -6"><span class='ocrx_word' id='word_1_288' title='bbox 150 1236 179 1254; x_wconf 82' lang='lat' dir='ltr'><strong>se</strong></span> <span class='ocrx_word' id='word_1_289' title='bbox 194 1229 283 1255; x_wconf 90' lang='lat' dir='ltr'><strong>editos</strong></span> <span class='ocrx_word' id='word_1_290' title='bbox 300 1227 511 1254; x_wconf 82' lang='lat' dir='ltr'><strong>commentarios</strong></span> <span class='ocrx_word' id='word_1_291' title='bbox 524 1225 610 1258; x_wconf 85' lang='lat' dir='ltr'><strong>eﬂert,</strong></span> <span class='ocrx_word' id='word_1_292' title='bbox 629 1233 678 1260; x_wconf 78' lang='lat' dir='ltr'><strong>ego</strong></span> <span class='ocrx_word' id='word_1_293' title='bbox 693 1230 783 1252; x_wconf 87' lang='lat' dir='ltr'><strong>tamen</strong></span> <span class='ocrx_word' id='word_1_294' title='bbox 800 1225 951 1259; x_wconf 66' lang='lat' dir='ltr'><strong>ltentigium</strong></span> <span class='ocrx_word' id='word_1_295' title='bbox 975 1225 1000 1251; x_wconf 94' lang='lat' dir='ltr'><strong>in</strong></span> <span class='ocrx_word' id='word_1_296' title='bbox 1017 1225 1161 1251; x_wconf 84' lang='lat' dir='ltr'><strong>calonibus</strong></span> <span class='ocrx_word' id='word_1_297' title='bbox 1178 1224 1268 1259; x_wconf 76' lang='lat' dir='ltr'><strong>potius</strong></span> <span class='ocrx_word' id='word_1_298' title='bbox 1291 1225 1438 1259; x_wconf 76' lang='grc' dir='ltr'>ἑρμηνείας</span> <span class='ocrx_word' id='word_1_299' title='bbox 1453 1232 1534 1260; x_wconf 87' lang='lat' dir='ltr'><strong>quam</strong></span> <span class='ocrx_word' id='word_1_300' title='bbox 1561 1225 1588 1251; x_wconf 90' lang='lat' dir='ltr'><strong>in</strong></span> <span class='ocrx_word' id='word_1_301' title='bbox 1607 1224 1778 1259; x_wconf 83' lang='lat' dir='ltr'><strong>principibus</strong></span> 
     </span>
    </p>
   </div>
   <div class='ocr_carea' id='block_1_26' title="bbox 150 1269 1776 1307">
    <p class='ocr_par' dir='ltr' id='par_1_26' title="bbox 150 1269 1776 1307">
     <span class='ocr_line' id='line_1_26' title="bbox 150 1269 1776 1307; baseline -0.002 -7"><span class='ocrx_word' id='word_1_302' title='bbox 150 1280 308 1304; x_wconf 85' lang='lat' dir='ltr'><strong>numerem;</strong></span> <span class='ocrx_word' id='word_1_303' title='bbox 325 1272 397 1307; x_wconf 91' lang='lat' dir='ltr'><strong>quod</strong></span> <span class='ocrx_word' id='word_1_304' title='bbox 411 1272 444 1299; x_wconf 89' lang='lat' dir='ltr'><strong>de</strong></span> <span class='ocrx_word' id='word_1_305' title='bbox 457 1272 518 1298; x_wconf 92' lang='lat' dir='ltr'><strong>aliis</strong></span> <span class='ocrx_word' id='word_1_306' title='bbox 534 1271 615 1298; x_wconf 85' lang='lat' dir='ltr'><strong>etiam</strong></span> <span class='ocrx_word' id='word_1_307' title='bbox 632 1271 910 1298; x_wconf 83' lang='lat' dir='ltr'><strong>commentationibus</strong></span> <span class='ocrx_word' id='word_1_308' title='bbox 925 1270 984 1304; x_wconf 87' lang='lat' dir='ltr'><strong>ejus</strong></span> <span class='ocrx_word' id='word_1_309' title='bbox 1000 1269 1034 1297; x_wconf 86' lang='lat' dir='ltr'><strong>ad</strong></span> <span class='ocrx_word' id='word_1_310' title='bbox 1060 1278 1138 1298; x_wconf 86' lang='lat' dir='ltr'><strong>sacra</strong></span> <span class='ocrx_word' id='word_1_311' title='bbox 1155 1270 1240 1296; x_wconf 87' lang='lat' dir='ltr'><strong>Biblia</strong></span> <span class='ocrx_word' id='word_1_312' title='bbox 1264 1277 1316 1304; x_wconf 88' lang='lat' dir='ltr'><strong>qua</strong></span> <span class='ocrx_word' id='word_1_313' title='bbox 1332 1270 1414 1298; x_wconf 86' lang='lat' dir='ltr'><strong>editis</strong></span> <span class='ocrx_word' id='word_1_314' title='bbox 1440 1279 1492 1305; x_wconf 87' lang='lat' dir='ltr'><strong>qlia</strong></span> <span class='ocrx_word' id='word_1_315' title='bbox 1507 1270 1618 1298; x_wconf 89' lang='lat' dir='ltr'><strong>ineditis</strong></span> <span class='ocrx_word' id='word_1_316' title='bbox 1633 1278 1708 1304; x_wconf 62' lang='lat' dir='ltr'><strong>tique</strong></span> <span class='ocrx_word' id='word_1_317' title='bbox 1731 1270 1776 1303; x_wconf 88' lang='lat' dir='ltr'><strong>ju-</strong></span> 
     </span>
    </p>
   </div>
   <div class='ocr_carea' id='block_1_27' title="bbox 149 1315 1776 1352">
    <p class='ocr_par' dir='ltr' id='par_1_27' title="bbox 149 1315 1776 1352">
     <span class='ocr_line' id='line_1_27' title="bbox 149 1315 1776 1352; baseline -0.003 -6"><span class='ocrx_word' id='word_1_318' title='bbox 149 1320 221 1346; x_wconf 87' lang='lat' dir='ltr'><strong>dico.</strong></span> <span class='ocrx_word' id='word_1_319' title='bbox 239 1319 318 1345; x_wconf 87' lang='lat' dir='ltr'><strong>Ccrtc</strong></span> <span class='ocrx_word' id='word_1_320' title='bbox 335 1318 399 1344; x_wconf 91' lang='lat' dir='ltr'><strong>illud</strong></span> <span class='ocrx_word' id='word_1_321' title='bbox 415 1317 543 1352; x_wconf 80' lang='lat' dir='ltr'><strong>frequens</strong></span> <span class='ocrx_word' id='word_1_322' title='bbox 563 1317 787 1352; x_wconf 81' lang='lat' dir='ltr'><strong>etymologiarum</strong></span> <span class='ocrx_word' id='word_1_323' title='bbox 804 1316 921 1343; x_wconf 85' lang='lat' dir='ltr'><strong>studium</strong></span> <span class='ocrx_word' id='word_1_324' title='bbox 940 1323 1035 1351; x_wconf 92' lang='lat' dir='ltr'><strong>parum</strong></span> <span class='ocrx_word' id='word_1_325' title='bbox 1051 1315 1116 1342; x_wconf 86' lang='lat' dir='ltr'><strong>utile</strong></span> <span class='ocrx_word' id='word_1_326' title='bbox 1138 1320 1180 1343; x_wconf 90' lang='lat' dir='ltr'><strong>est</strong></span> <span class='ocrx_word' id='word_1_327' title='bbox 1197 1316 1239 1343; x_wconf 90' lang='lat' dir='ltr'><strong>vel</strong></span> <span class='ocrx_word' id='word_1_328' title='bbox 1258 1316 1385 1343; x_wconf 88' lang='lat' dir='ltr'><strong>solidum.</strong></span> <span class='ocrx_word' id='word_1_329' title='bbox 1410 1317 1534 1344; x_wconf 81' lang='lat' dir='ltr'><strong>Attamen</strong></span> <span class='ocrx_word' id='word_1_330' title='bbox 1551 1316 1622 1343; x_wconf 84' lang='lat' dir='ltr'><strong>aliud</strong></span> <span class='ocrx_word' id='word_1_331' title='bbox 1643 1317 1707 1343; x_wconf 90' lang='lat' dir='ltr'><strong>mihi</strong></span> <span class='ocrx_word' id='word_1_332' title='bbox 1724 1315 1776 1342; x_wconf 77' lang='lat' dir='ltr'><strong>Rc-</strong></span> 
     </span>
    </p>
   </div>
   <div class='ocr_carea' id='block_1_28' title="bbox 148 1363 1776 1399">
    <p class='ocr_par' dir='ltr' id='par_1_28' title="bbox 148 1363 1776 1399">
     <span class='ocr_line' id='line_1_28' title="bbox 148 1363 1776 1399; baseline -0.002 -7"><span class='ocrx_word' id='word_1_333' title='bbox 148 1365 222 1399; x_wconf 82' lang='lat' dir='ltr'><strong>migii</strong></span> <span class='ocrx_word' id='word_1_334' title='bbox 239 1372 307 1398; x_wconf 90' lang='lat' dir='ltr'><strong>opus</strong></span> <span class='ocrx_word' id='word_1_335' title='bbox 326 1367 368 1391; x_wconf 84' lang='lat' dir='ltr'><strong>est</strong></span> <span class='ocrx_word' id='word_1_336' title='bbox 383 1364 564 1397; x_wconf 85' lang='lat' dir='ltr'><strong>observatum,</strong></span> <span class='ocrx_word' id='word_1_337' title='bbox 584 1364 698 1399; x_wconf 88' lang='lat' dir='ltr'><strong>prol&#39;ana</strong></span> <span class='ocrx_word' id='word_1_338' title='bbox 715 1363 867 1391; x_wconf 85' lang='lat' dir='ltr'><strong>eruditione</strong></span> <span class='ocrx_word' id='word_1_339' title='bbox 888 1363 969 1395; x_wconf 73' lang='lat' dir='ltr'><strong>valde</strong></span> <span class='ocrx_word' id='word_1_340' title='bbox 980 1367 1114 1393; x_wconf 82' lang='lat' dir='ltr'><strong>saturum,</strong></span> <span class='ocrx_word' id='word_1_341' title='bbox 1133 1364 1210 1397; x_wconf 82' lang='lat' dir='ltr'><strong>cujus</strong></span> <span class='ocrx_word' id='word_1_342' title='bbox 1228 1363 1318 1390; x_wconf 85' lang='lat' dir='ltr'><strong>hercle</strong></span> <span class='ocrx_word' id='word_1_343' title='bbox 1333 1363 1489 1395; x_wconf 86' lang='lat' dir='ltr'><strong>editionem,</strong></span> <span class='ocrx_word' id='word_1_344' title='bbox 1509 1372 1569 1391; x_wconf 84' lang='lat' dir='ltr'><strong>cuin</strong></span> <span class='ocrx_word' id='word_1_345' title='bbox 1585 1363 1667 1390; x_wconf 85' lang='lat' dir='ltr'><strong>otium</strong></span> <span class='ocrx_word' id='word_1_346' title='bbox 1685 1363 1776 1394; x_wconf 77' lang='lat' dir='ltr'><strong>fuerit,</strong></span> 
     </span>
    </p>
   </div>
   <div class='ocr_carea' id='block_1_29' title="bbox 148 1408 1772 1445">
    <p class='ocr_par' dir='ltr' id='par_1_29' title="bbox 148 1408 1772 1445">
     <span class='ocr_line' id='line_1_29' title="bbox 148 1408 1772 1445; baseline -0.001 -9"><span class='ocrx_word' id='word_1_347' title='bbox 148 1417 202 1436; x_wconf 84' lang='lat' dir='ltr'><strong>non</strong></span> <span class='ocrx_word' id='word_1_348' title='bbox 219 1410 362 1445; x_wconf 74' lang='lat' dir='ltr'><strong>negligant.</strong></span> <span class='ocrx_word' id='word_1_349' title='bbox 381 1410 490 1437; x_wconf 88' lang='lat' dir='ltr'><strong>Interim</strong></span> <span class='ocrx_word' id='word_1_350' title='bbox 510 1413 565 1436; x_wconf 82' lang='lat' dir='ltr'><strong>tam</strong></span> <span class='ocrx_word' id='word_1_351' title='bbox 586 1410 640 1436; x_wconf 85' lang='lat' dir='ltr'><strong>rari</strong></span> <span class='ocrx_word' id='word_1_352' title='bbox 657 1410 760 1437; x_wconf 87' lang='lat' dir='ltr'><strong>codicis</strong></span> <span class='ocrx_word' id='word_1_353' title='bbox 775 1410 880 1444; x_wconf 85' lang='lat' dir='ltr'><strong>copiam</strong></span> <span class='ocrx_word' id='word_1_354' title='bbox 902 1413 1008 1440; x_wconf 84' lang='lat' dir='ltr'><strong>nactus,</strong></span> <span class='ocrx_word' id='word_1_355' title='bbox 1032 1409 1104 1435; x_wconf 86' lang='lat' dir='ltr'><strong>nolui</strong></span> <span class='ocrx_word' id='word_1_356' title='bbox 1121 1410 1290 1436; x_wconf 80' lang='lat' dir='ltr'><strong>committere</strong></span> <span class='ocrx_word' id='word_1_357' title='bbox 1312 1413 1339 1435; x_wconf 89' lang='lat' dir='ltr'><strong>ut</strong></span> <span class='ocrx_word' id='word_1_358' title='bbox 1362 1409 1419 1436; x_wconf 80' lang='lat' dir='ltr'><strong>lucc</strong></span> <span class='ocrx_word' id='word_1_359' title='bbox 1439 1410 1539 1437; x_wconf 86' lang='lat' dir='ltr'><strong>inedita</strong></span> <span class='ocrx_word' id='word_1_360' title='bbox 1557 1417 1620 1444; x_wconf 88' lang='lat' dir='ltr'><strong>pars</strong></span> <span class='ocrx_word' id='word_1_361' title='bbox 1638 1408 1772 1436; x_wconf 83' lang='lat' dir='ltr'><strong>Commen-</strong></span> 
     </span>
    </p>
   </div>
   <div class='ocr_carea' id='block_1_30' title="bbox 149 1455 1779 1492">
    <p class='ocr_par' dir='ltr' id='par_1_30' title="bbox 149 1455 1779 1492">
     <span class='ocr_line' id='line_1_30' title="bbox 149 1455 1779 1492; baseline 0 -10"><span class='ocrx_word' id='word_1_362' title='bbox 149 1456 213 1482; x_wconf 85' lang='lat' dir='ltr'><strong>tarii</strong></span> <span class='ocrx_word' id='word_1_363' title='bbox 229 1455 265 1482; x_wconf 83' lang='lat' dir='ltr'><strong>ad</strong></span> <span class='ocrx_word' id='word_1_364' title='bbox 276 1456 370 1483; x_wconf 77' lang='lat' dir='ltr'><strong>Oscam</strong></span> <span class='ocrx_word' id='word_1_365' title='bbox 384 1457 486 1484; x_wconf 89' lang='lat' dir='ltr'><strong>diutius</strong></span> <span class='ocrx_word' id='word_1_366' title='bbox 498 1456 526 1483; x_wconf 92' lang='lat' dir='ltr'><strong>in</strong></span> <span class='ocrx_word' id='word_1_367' title='bbox 544 1457 663 1484; x_wconf 85' lang='lat' dir='ltr'><strong>tenebris</strong></span> <span class='ocrx_word' id='word_1_368' title='bbox 677 1456 859 1483; x_wconf 86' lang='lat' dir='ltr'><strong>delitesceret.</strong></span> <span class='ocrx_word' id='word_1_369' title='bbox 876 1455 968 1490; x_wconf 87' lang='lat' dir='ltr'><strong>Itaque</strong></span> <span class='ocrx_word' id='word_1_370' title='bbox 981 1457 1007 1483; x_wconf 92' lang='lat' dir='ltr'><strong>in</strong></span> <span class='ocrx_word' id='word_1_371' title='bbox 1024 1461 1099 1491; x_wconf 86' lang='lat' dir='ltr'><strong>parte.</strong></span> <span class='ocrx_word' id='word_1_372' title='bbox 1115 1457 1165 1484; x_wconf 88' lang='lat' dir='ltr'><strong>mei</strong></span> <span class='ocrx_word' id='word_1_373' title='bbox 1183 1457 1339 1488; x_wconf 86' lang='lat' dir='ltr'><strong>voluminis,</strong></span> <span class='ocrx_word' id='word_1_374' title='bbox 1352 1457 1422 1484; x_wconf 74' lang='lat' dir='ltr'><strong>unde</strong></span> <span class='ocrx_word' id='word_1_375' title='bbox 1434 1458 1514 1484; x_wconf 81' lang='lat' dir='ltr'><strong>aliam</strong></span> <span class='ocrx_word' id='word_1_376' title='bbox 1528 1457 1652 1484; x_wconf 79' lang='lat' dir='ltr'><strong>canonici</strong></span> <span class='ocrx_word' id='word_1_377' title='bbox 1668 1456 1779 1492; x_wconf 76' lang='lat' dir='ltr'><strong>generis</strong></span> 
     </span>
    </p>
   </div>
   <div class='ocr_carea' id='block_1_31' title="bbox 152 1501 1062 1536">
    <p class='ocr_par' dir='ltr' id='par_1_31' title="bbox 152 1501 1062 1536">
     <span class='ocr_line' id='line_1_31' title="bbox 152 1501 1062 1536; baseline 0.002 -10"><span class='ocrx_word' id='word_1_378' title='bbox 152 1501 366 1530; x_wconf 78' lang='lat' dir='ltr'><strong>lucubrationem</strong></span> <span class='ocrx_word' id='word_1_379' title='bbox 378 1504 520 1536; x_wconf 83' lang='lat' dir='ltr'><strong>ejcceram,</strong></span> <span class='ocrx_word' id='word_1_380' title='bbox 535 1502 585 1529; x_wconf 89' lang='lat' dir='ltr'><strong>hoc</strong></span> <span class='ocrx_word' id='word_1_381' title='bbox 598 1501 710 1536; x_wconf 72' lang='lat' dir='ltr'><strong>Remigii</strong></span> <span class='ocrx_word' id='word_1_382' title='bbox 729 1502 947 1536; x_wconf 87' lang='lat' dir='ltr'><strong>supplementum</strong></span> <span class='ocrx_word' id='word_1_383' title='bbox 965 1502 1062 1529; x_wconf 77' lang='lat' dir='ltr'><strong>locavi.</strong></span> 
     </span>
    </p>
   </div>
   <div class='ocr_carea' id='block_1_32' title="bbox 185 1569 1780 1606">
    <p class='ocr_par' dir='ltr' id='par_1_32' title="bbox 185 1569 1780 1606">
     <span class='ocr_line' id='line_1_32' title="bbox 185 1569 1780 1606; baseline 0.003 -10"><span class='ocrx_word' id='word_1_384' title='bbox 185 1569 240 1596; x_wconf 84' lang='lat' dir='ltr'><strong>VII.</strong></span> <span class='ocrx_word' id='word_1_385' title='bbox 257 1570 309 1597; x_wconf 80' lang='lat' dir='ltr'><strong>Sed</strong></span> <span class='ocrx_word' id='word_1_386' title='bbox 327 1571 382 1604; x_wconf 85' lang='lat' dir='ltr'><strong>jam</strong></span> <span class='ocrx_word' id='word_1_387' title='bbox 395 1571 483 1599; x_wconf 82' lang='lat' dir='ltr'><strong>oratio</strong></span> <span class='ocrx_word' id='word_1_388' title='bbox 497 1576 649 1599; x_wconf 74' lang='lat' dir='ltr'><strong>revertatur</strong></span> <span class='ocrx_word' id='word_1_389' title='bbox 662 1572 695 1598; x_wconf 90' lang='lat' dir='ltr'><strong>ad</strong></span> <span class='ocrx_word' id='word_1_390' title='bbox 713 1571 898 1602; x_wconf 85' lang='lat' dir='ltr'><strong>Theodorum.</strong></span> <span class='ocrx_word' id='word_1_391' title='bbox 919 1572 998 1605; x_wconf 90' lang='lat' dir='ltr'><strong>cujus</strong></span> <span class='ocrx_word' id='word_1_392' title='bbox 1019 1572 1041 1600; x_wconf 86' lang='lat' dir='ltr'><strong>si</strong></span> <span class='ocrx_word' id='word_1_393' title='bbox 1063 1571 1195 1606; x_wconf 84' lang='lat' dir='ltr'><strong>plurimas</strong></span> <span class='ocrx_word' id='word_1_394' title='bbox 1210 1572 1412 1606; x_wconf 82' lang='lat' dir='ltr'><strong>expositionum</strong></span> <span class='ocrx_word' id='word_1_395' title='bbox 1429 1573 1525 1600; x_wconf 89' lang='lat' dir='ltr'><strong>harum</strong></span> <span class='ocrx_word' id='word_1_396' title='bbox 1542 1573 1637 1601; x_wconf 84' lang='lat' dir='ltr'><strong>laudes</strong></span> <span class='ocrx_word' id='word_1_397' title='bbox 1648 1573 1780 1601; x_wconf 73' lang='lat' dir='ltr'><strong>detexere</strong></span> 
     </span>
    </p>
   </div>
   <div class='ocr_carea' id='block_1_33' title="bbox 148 1617 1774 1656">
    <p class='ocr_par' dir='ltr' id='par_1_33' title="bbox 148 1617 1774 1656">
     <span class='ocr_line' id='line_1_33' title="bbox 148 1617 1774 1656; baseline 0.002 -12"><span class='ocrx_word' id='word_1_398' title='bbox 148 1617 241 1648; x_wconf 79' lang='lat' dir='ltr'><strong>velim,</strong></span> <span class='ocrx_word' id='word_1_399' title='bbox 254 1618 294 1644; x_wconf 82' lang='lat' dir='ltr'><strong>vel</strong></span> <span class='ocrx_word' id='word_1_400' title='bbox 310 1618 431 1646; x_wconf 84' lang='lat' dir='ltr'><strong>inﬁnitus</strong></span> <span class='ocrx_word' id='word_1_401' title='bbox 441 1619 502 1651; x_wconf 89' lang='lat' dir='ltr'><strong>sim,</strong></span> <span class='ocrx_word' id='word_1_402' title='bbox 518 1620 558 1645; x_wconf 88' lang='lat' dir='ltr'><strong>vel</strong></span> <span class='ocrx_word' id='word_1_403' title='bbox 573 1624 647 1646; x_wconf 83' lang='lat' dir='ltr'><strong>certe</strong></span> <span class='ocrx_word' id='word_1_404' title='bbox 659 1624 819 1654; x_wconf 85' lang='lat' dir='ltr'><strong>perpetuum</strong></span> <span class='ocrx_word' id='word_1_405' title='bbox 835 1619 1024 1647; x_wconf 80' lang='lat' dir='ltr'><strong>commentarii</strong></span> <span class='ocrx_word' id='word_1_406' title='bbox 1035 1620 1094 1654; x_wconf 74' lang='lat' dir='ltr'><strong>ejus</strong></span> <span class='ocrx_word' id='word_1_407' title='bbox 1105 1621 1330 1648; x_wconf 82' lang='lat' dir='ltr'><strong>commentarium</strong></span> <span class='ocrx_word' id='word_1_408' title='bbox 1343 1621 1477 1648; x_wconf 85' lang='lat' dir='ltr'><strong>adornarc.</strong></span> <span class='ocrx_word' id='word_1_409' title='bbox 1487 1621 1623 1649; x_wconf 86' lang='lat' dir='ltr'><strong>deberent.</strong></span> <span class='ocrx_word' id='word_1_410' title='bbox 1638 1621 1667 1648; x_wconf 86' lang='lat' dir='ltr'><strong>In</strong></span> <span class='ocrx_word' id='word_1_411' title='bbox 1679 1621 1774 1656; x_wconf 82' lang='lat' dir='ltr'><strong>primis</strong></span> 
     </span>
    </p>
   </div>
   <div class='ocr_carea' id='block_1_34' title="bbox 150 1665 1774 1704">
    <p class='ocr_par' dir='ltr' id='par_1_34' title="bbox 150 1665 1774 1704">
     <span class='ocr_line' id='line_1_34' title="bbox 150 1665 1774 1704; baseline 0.003 -13"><span class='ocrx_word' id='word_1_412' title='bbox 150 1671 244 1692; x_wconf 86' lang='lat' dir='ltr'><strong>auctor</strong></span> <span class='ocrx_word' id='word_1_413' title='bbox 257 1665 410 1692; x_wconf 86' lang='lat' dir='ltr'><strong>universam</strong></span> <span class='ocrx_word' id='word_1_414' title='bbox 424 1666 614 1694; x_wconf 84' lang='lat' dir='ltr'><strong>vaticiniorum</strong></span> <span class='ocrx_word' id='word_1_415' title='bbox 627 1667 768 1694; x_wconf 87' lang='lat' dir='ltr'><strong>materiam</strong></span> <span class='ocrx_word' id='word_1_416' title='bbox 781 1671 872 1694; x_wconf 86' lang='lat' dir='ltr'><strong>mente</strong></span> <span class='ocrx_word' id='word_1_417' title='bbox 883 1667 1052 1701; x_wconf 82' lang='lat' dir='ltr'><strong>complexus,</strong></span> <span class='ocrx_word' id='word_1_418' title='bbox 1067 1668 1133 1695; x_wconf 90' lang='lat' dir='ltr'><strong>mire</strong></span> <span class='ocrx_word' id='word_1_419' title='bbox 1150 1668 1221 1695; x_wconf 87' lang='lat' dir='ltr'><strong>inter</strong></span> <span class='ocrx_word' id='word_1_420' title='bbox 1233 1675 1261 1695; x_wconf 85' lang='lat' dir='ltr'><strong>se</strong></span> <span class='ocrx_word' id='word_1_421' title='bbox 1274 1669 1443 1700; x_wconf 84' lang='lat' dir='ltr'><strong>commiscet,</strong></span> <span class='ocrx_word' id='word_1_422' title='bbox 1460 1669 1630 1704; x_wconf 81' lang='lat' dir='ltr'><strong>invicemque</strong></span> <span class='ocrx_word' id='word_1_423' title='bbox 1645 1669 1774 1703; x_wconf 83' lang='lat' dir='ltr'><strong>illustrat,</strong></span> 
     </span>
    </p>
   </div>
   <div class='ocr_carea' id='block_1_35' title="bbox 149 1712 1775 1751">
    <p class='ocr_par' dir='ltr' id='par_1_35' title="bbox 149 1712 1775 1751">
     <span class='ocr_line' id='line_1_35' title="bbox 149 1712 1775 1751; baseline 0.004 -13"><span class='ocrx_word' id='word_1_424' title='bbox 149 1717 176 1739; x_wconf 83' lang='lat' dir='ltr'><strong>ct</strong></span> <span class='ocrx_word' id='word_1_425' title='bbox 192 1720 253 1739; x_wconf 87' lang='lat' dir='ltr'><strong>cttm</strong></span> <span class='ocrx_word' id='word_1_426' title='bbox 269 1712 410 1747; x_wconf 85' lang='lat' dir='ltr'><strong>prophetis</strong></span> <span class='ocrx_word' id='word_1_427' title='bbox 427 1713 587 1747; x_wconf 85' lang='lat' dir='ltr'><strong>majoribus,</strong></span> <span class='ocrx_word' id='word_1_428' title='bbox 604 1715 754 1748; x_wconf 76' lang='lat' dir='ltr'><strong>pnesertim</strong></span> <span class='ocrx_word' id='word_1_429' title='bbox 771 1722 836 1741; x_wconf 87' lang='lat' dir='ltr'><strong>vero</strong></span> <span class='ocrx_word' id='word_1_430' title='bbox 853 1722 914 1741; x_wconf 89' lang='lat' dir='ltr'><strong>cum</strong></span> <span class='ocrx_word' id='word_1_431' title='bbox 939 1714 1059 1742; x_wconf 83' lang='lat' dir='ltr'><strong>Psalmis</strong></span> <span class='ocrx_word' id='word_1_432' title='bbox 1078 1714 1215 1742; x_wconf 84' lang='lat' dir='ltr'><strong>Davidicis</strong></span> <span class='ocrx_word' id='word_1_433' title='bbox 1231 1716 1331 1750; x_wconf 88' lang='lat' dir='ltr'><strong>passim</strong></span> <span class='ocrx_word' id='word_1_434' title='bbox 1347 1717 1493 1743; x_wconf 82' lang='lat' dir='ltr'><strong>connectit.</strong></span> <span class='ocrx_word' id='word_1_435' title='bbox 1510 1714 1686 1751; x_wconf 78' lang='lat' dir='ltr'><strong>Prologorum</strong></span> <span class='ocrx_word' id='word_1_436' title='bbox 1710 1724 1775 1744; x_wconf 87' lang='lat' dir='ltr'><strong>vero</strong></span> 
     </span>
    </p>
   </div>
   <div class='ocr_carea' id='block_1_36' title="bbox 149 1760 1775 1798">
    <p class='ocr_par' dir='ltr' id='par_1_36' title="bbox 149 1760 1775 1798">
     <span class='ocr_line' id='line_1_36' title="bbox 149 1760 1775 1798; baseline 0.003 -12"><span class='ocrx_word' id='word_1_437' title='bbox 149 1760 279 1794; x_wconf 67' lang='lat' dir='ltr'><strong>dignitas,</strong></span> <span class='ocrx_word' id='word_1_438' title='bbox 293 1767 457 1787; x_wconf 77' lang='lat' dir='ltr'><strong>excursuum</strong></span> <span class='ocrx_word' id='word_1_439' title='bbox 471 1761 528 1788; x_wconf 83' lang='lat' dir='ltr'><strong>sive</strong></span> <span class='ocrx_word' id='word_1_440' title='bbox 539 1762 778 1796; x_wconf 85' lang='lat' dir='ltr'><strong>ampliﬂcationum</strong></span> <span class='ocrx_word' id='word_1_441' title='bbox 790 1762 909 1793; x_wconf 83' lang='lat' dir='ltr'><strong>ubertas,</strong></span> <span class='ocrx_word' id='word_1_442' title='bbox 920 1762 1100 1796; x_wconf 74' lang='lat' dir='ltr'><strong>quzrstionum</strong></span> <span class='ocrx_word' id='word_1_443' title='bbox 1114 1770 1238 1794; x_wconf 82' lang='lat' dir='ltr'><strong>acumen,</strong></span> <span class='ocrx_word' id='word_1_444' title='bbox 1253 1763 1373 1790; x_wconf 87' lang='lat' dir='ltr'><strong>locoruttt</strong></span> <span class='ocrx_word' id='word_1_445' title='bbox 1387 1763 1603 1791; x_wconf 88' lang='lat' dir='ltr'><strong>diﬂicillimorum</strong></span> <span class='ocrx_word' id='word_1_446' title='bbox 1625 1769 1775 1798; x_wconf 78' lang='lat' dir='ltr'><strong>spontanea</strong></span> 
     </span>
    </p>
   </div>
   <div class='ocr_carea' id='block_1_37' title="bbox 149 1808 1772 1846">
    <p class='ocr_par' dir='ltr' id='par_1_37' title="bbox 149 1808 1772 1846">
     <span class='ocr_line' id='line_1_37' title="bbox 149 1808 1772 1846; baseline 0.003 -12"><span class='ocrx_word' id='word_1_447' title='bbox 149 1816 182 1835; x_wconf 81' lang='lat' dir='ltr'><strong>ac</strong></span> <span class='ocrx_word' id='word_1_448' title='bbox 193 1808 340 1835; x_wconf 83' lang='lat' dir='ltr'><strong>ludibunda</strong></span> <span class='ocrx_word' id='word_1_449' title='bbox 358 1809 552 1843; x_wconf 84' lang='lat' dir='ltr'><strong>propemodum</strong></span> <span class='ocrx_word' id='word_1_450' title='bbox 569 1810 717 1844; x_wconf 76' lang='lat' dir='ltr'><strong>explicatio</strong></span> <span class='ocrx_word' id='word_1_451' title='bbox 731 1811 851 1845; x_wconf 76' lang='lat' dir='ltr'><strong>legentes</strong></span> <span class='ocrx_word' id='word_1_452' title='bbox 865 1811 1017 1846; x_wconf 75' lang='lat' dir='ltr'><strong>philologos</strong></span> <span class='ocrx_word' id='word_1_453' title='bbox 1030 1819 1207 1846; x_wconf 77' lang='lat' dir='ltr'><strong>magnopere,</strong></span> <span class='ocrx_word' id='word_1_454' title='bbox 1218 1815 1248 1838; x_wconf 90' lang='lat' dir='ltr'><strong>ut</strong></span> <span class='ocrx_word' id='word_1_455' title='bbox 1263 1819 1353 1846; x_wconf 88' lang='lat' dir='ltr'><strong>spero,</strong></span> <span class='ocrx_word' id='word_1_456' title='bbox 1364 1811 1521 1838; x_wconf 84' lang='lat' dir='ltr'><strong>obiectabit.</strong></span> <span class='ocrx_word' id='word_1_457' title='bbox 1539 1810 1659 1845; x_wconf 81' lang='lat' dir='ltr'><strong>Exempli</strong></span> <span class='ocrx_word' id='word_1_458' title='bbox 1679 1817 1772 1839; x_wconf 70' lang='lat' dir='ltr'><strong>causa.</strong></span> 
     </span>
    </p>
   </div>
   <div class='ocr_carea' id='block_1_38' title="bbox 150 1854 1773 1893">
    <p class='ocr_par' dir='ltr' id='par_1_38' title="bbox 150 1854 1773 1893">
     <span class='ocr_line' id='line_1_38' title="bbox 150 1854 1773 1893; baseline 0.002 -12"><span class='ocrx_word' id='word_1_459' title='bbox 150 1854 242 1882; x_wconf 77' lang='grc' dir='ltr'><strong>Ληιοεί</strong></span> <span class='ocrx_word' id='word_1_460' title='bbox 260 1855 341 1881; x_wconf 81' lang='lat' dir='ltr'><strong>verba</strong></span> <span class='ocrx_word' id='word_1_461' title='bbox 357 1862 417 1889; x_wconf 85' lang='lat' dir='ltr'><strong>cap.</strong></span> <span class='ocrx_word' id='word_1_462' title='bbox 432 1863 450 1886; x_wconf 83' lang='lat' dir='ltr'><strong>I,</strong></span> <span class='ocrx_word' id='word_1_463' title='bbox 463 1855 497 1882; x_wconf 66' lang='grc' dir='ltr'>ὗε</span> <span class='ocrx_word' id='word_1_464' title='bbox 517 1856 600 1890; x_wconf 81' lang='lat' dir='ltr'><strong>Super</strong></span> <span class='ocrx_word' id='word_1_465' title='bbox 614 1857 696 1884; x_wconf 86' lang='lat' dir='ltr'><strong>tribus</strong></span> <span class='ocrx_word' id='word_1_466' title='bbox 711 1857 850 1885; x_wconf 78' lang='lat' dir='ltr'><strong>sceleribus</strong></span> <span class='ocrx_word' id='word_1_467' title='bbox 868 1858 992 1884; x_wconf 76' lang='lat' dir='ltr'><strong>Damasci</strong></span> <span class='ocrx_word' id='word_1_468' title='bbox 1006 1863 1030 1884; x_wconf 84' lang='lat' dir='ltr'><strong>et</strong></span> <span class='ocrx_word' id='word_1_469' title='bbox 1046 1867 1123 1892; x_wconf 81' lang='lat' dir='ltr'><strong>super</strong></span> <span class='ocrx_word' id='word_1_470' title='bbox 1140 1864 1254 1893; x_wconf 79' lang='lat' dir='ltr'><strong>quatuor</strong></span> <span class='ocrx_word' id='word_1_471' title='bbox 1270 1868 1321 1886; x_wconf 87' lang='lat' dir='ltr'><strong>non</strong></span> <span class='ocrx_word' id='word_1_472' title='bbox 1332 1865 1490 1891; x_wconf 80' lang='lat' dir='ltr'><strong>convertam,</strong></span> <span class='ocrx_word' id='word_1_473' title='bbox 1510 1859 1666 1885; x_wconf 83' lang='lat' dir='ltr'><strong>felicissime</strong></span> <span class='ocrx_word' id='word_1_474' title='bbox 1680 1863 1773 1885; x_wconf 85' lang='lat' dir='ltr'><strong>noster</strong></span> 
     </span>
    </p>
   </div>
   <div class='ocr_carea' id='block_1_39' title="bbox 149 1896 1772 1938">
    <p class='ocr_par' dir='ltr' id='par_1_39' title="bbox 149 1896 1772 1938">
     <span class='ocr_line' id='line_1_39' title="bbox 149 1896 1772 1938; baseline 0.003 -13"><span class='ocrx_word' id='word_1_475' title='bbox 149 1903 231 1933; x_wconf 84' lang='lat' dir='ltr'><strong>atque</strong></span> <span class='ocrx_word' id='word_1_476' title='bbox 247 1907 278 1925; x_wconf 76' lang='lat' dir='ltr'><strong>ex</strong></span> <span class='ocrx_word' id='word_1_477' title='bbox 294 1899 383 1926; x_wconf 89' lang='lat' dir='ltr'><strong>indole</strong></span> <span class='ocrx_word' id='word_1_478' title='bbox 398 1901 568 1927; x_wconf 88' lang='lat' dir='ltr'><strong>orientalium</strong></span> <span class='ocrx_word' id='word_1_479' title='bbox 589 1902 746 1929; x_wconf 86' lang='lat' dir='ltr'><strong>idiomatum</strong></span> <span class='ocrx_word' id='word_1_480' title='bbox 761 1903 877 1936; x_wconf 77' lang='lat' dir='ltr'><strong>explicat</strong></span> <span class='ocrx_word' id='word_1_481' title='bbox 893 1903 931 1929; x_wconf 84' lang='lat' dir='ltr'><strong>sic</strong></span> <span class='ocrx_word' id='word_1_482' title='bbox 950 1912 955 1928; x_wconf 89' lang='lat'>:</span> <span class='ocrx_word' id='word_1_483' title='bbox 970 1902 1041 1929; x_wconf 79' lang='lat' dir='ltr'><strong>Diett</strong></span> <span class='ocrx_word' id='word_1_484' title='bbox 1056 1911 1132 1936; x_wconf 73' lang='lat' dir='ltr'><strong>super</strong></span> <span class='ocrx_word' id='word_1_485' title='bbox 1147 1896 1230 1930; x_wconf 71' lang='lat' dir='ltr'><strong>tritius</strong></span> <span class='ocrx_word' id='word_1_486' title='bbox 1242 1909 1266 1930; x_wconf 86' lang='lat' dir='ltr'><strong>et</strong></span> <span class='ocrx_word' id='word_1_487' title='bbox 1282 1911 1407 1938; x_wconf 81' lang='lat' dir='ltr'><strong>quatuor,</strong></span> <span class='ocrx_word' id='word_1_488' title='bbox 1425 1913 1513 1937; x_wconf 69' lang='lat' dir='ltr'><strong>nem/rc</strong></span> <span class='ocrx_word' id='word_1_489' title='bbox 1526 1912 1572 1938; x_wconf 85' lang='lat' dir='ltr'><strong>pro</strong></span> <span class='ocrx_word' id='word_1_490' title='bbox 1588 1904 1686 1930; x_wconf 83' lang='lat' dir='ltr'><strong>multis.</strong></span> <span class='ocrx_word' id='word_1_491' title='bbox 1701 1903 1772 1930; x_wconf 88' lang='lat' dir='ltr'><strong>Nam</strong></span> 
     </span>
    </p>
   </div>
   <div class='ocr_carea' id='block_1_40' title="bbox 149 1947 1772 1986">
    <p class='ocr_par' dir='ltr' id='par_1_40' title="bbox 149 1947 1772 1986">
     <span class='ocr_line' id='line_1_40' title="bbox 149 1947 1772 1986; baseline 0.004 -14"><span class='ocrx_word' id='word_1_492' title='bbox 149 1947 348 1980; x_wconf 75' lang='lat' dir='ltr'><strong>(ptia&#39;uumerus</strong></span> <span class='ocrx_word' id='word_1_493' title='bbox 369 1952 426 1981; x_wconf 79' lang='lat' dir='ltr'><strong>post</strong></span> <span class='ocrx_word' id='word_1_494' title='bbox 444 1956 523 1974; x_wconf 76' lang='lat' dir='ltr'><strong>unum</strong></span> <span class='ocrx_word' id='word_1_495' title='bbox 539 1954 563 1975; x_wconf 86' lang='lat' dir='ltr'><strong>et</strong></span> <span class='ocrx_word' id='word_1_496' title='bbox 586 1949 638 1976; x_wconf 83' lang='lat' dir='ltr'><strong>duo</strong></span> <span class='ocrx_word' id='word_1_497' title='bbox 655 1949 767 1982; x_wconf 86' lang='lat' dir='ltr'><strong>pluralis</strong></span> <span class='ocrx_word' id='word_1_498' title='bbox 790 1950 896 1981; x_wconf 77' lang='lat' dir='ltr'><strong>dicitur,</strong></span> <span class='ocrx_word' id='word_1_499' title='bbox 919 1950 992 1976; x_wconf 70' lang='lat' dir='ltr'><strong>verba</strong></span> <span class='ocrx_word' id='word_1_500' title='bbox 1016 1950 1098 1976; x_wconf 78' lang='lat' dir='ltr'><strong>tribus</strong></span> <span class='ocrx_word' id='word_1_501' title='bbox 1119 1951 1214 1977; x_wconf 80' lang='lat' dir='ltr'><strong>mullos</strong></span> <span class='ocrx_word' id='word_1_502' title='bbox 1234 1951 1350 1982; x_wconf 75' lang='lat' dir='ltr'><strong>deuolat,</strong></span> <span class='ocrx_word' id='word_1_503' title='bbox 1372 1951 1446 1978; x_wconf 70' lang='lat' dir='ltr'><strong>verba</strong></span> <span class='ocrx_word' id='word_1_504' title='bbox 1469 1958 1555 1978; x_wconf 81' lang='lat' dir='ltr'><strong>autem</strong></span> <span class='ocrx_word' id='word_1_505' title='bbox 1573 1957 1685 1986; x_wconf 81' lang='lat' dir='ltr'><strong>quatuor</strong></span> <span class='ocrx_word' id='word_1_506' title='bbox 1702 1952 1772 1978; x_wconf 85' lang='lat' dir='ltr'><strong>ntul-</strong></span> 
     </span>
    </p>
   </div>
   <div class='ocr_carea' id='block_1_41' title="bbox 151 1994 1774 2032">
    <p class='ocr_par' dir='ltr' id='par_1_41' title="bbox 151 1994 1774 2032">
     <span class='ocr_line' id='line_1_41' title="bbox 151 1994 1774 2032; baseline 0.002 -13"><span class='ocrx_word' id='word_1_507' title='bbox 151 1994 288 2020; x_wconf 78' lang='lat' dir='ltr'><strong>tituu&#39;iuem</strong></span> <span class='ocrx_word' id='word_1_508' title='bbox 301 1999 452 2029; x_wconf 74' lang='lat' dir='ltr'><strong>exaggerat.</strong></span> <span class='ocrx_word' id='word_1_509' title='bbox 479 1994 585 2023; x_wconf 82' lang='lat' dir='ltr'><strong>Rursus</strong></span> <span class='ocrx_word' id='word_1_510' title='bbox 599 1996 633 2022; x_wconf 86' lang='lat' dir='ltr'><strong>ad</strong></span> <span class='ocrx_word' id='word_1_511' title='bbox 653 1996 736 2023; x_wconf 74' lang='lat' dir='ltr'><strong>verba</strong></span> <span class='ocrx_word' id='word_1_512' title='bbox 758 1995 875 2022; x_wconf 68' lang='lat' dir='ltr'><strong>Miclucac</strong></span> <span class='ocrx_word' id='word_1_513' title='bbox 892 2003 952 2027; x_wconf 85' lang='lat' dir='ltr'><strong>cap.</strong></span> <span class='ocrx_word' id='word_1_514' title='bbox 975 2004 1001 2024; x_wconf 86' lang='lat' dir='ltr'><strong>v.</strong></span> <span class='ocrx_word' id='word_1_515' title='bbox 1017 1996 1053 2022; x_wconf 82' lang='lat'><strong>5:</strong></span> <span class='ocrx_word' id='word_1_516' title='bbox 1080 1995 1284 2022; x_wconf 72' lang='lat' dir='ltr'><strong>Suscitultunlur</strong></span> <span class='ocrx_word' id='word_1_517' title='bbox 1305 2005 1382 2031; x_wconf 73' lang='lat' dir='ltr'><strong>super</strong></span> <span class='ocrx_word' id='word_1_518' title='bbox 1401 2006 1457 2023; x_wconf 73' lang='lat' dir='ltr'><strong>cum</strong></span> <span class='ocrx_word' id='word_1_519' title='bbox 1473 2003 1569 2032; x_wconf 67' lang='lat' dir='ltr'><strong>septem</strong></span> <span class='ocrx_word' id='word_1_520' title='bbox 1594 2003 1723 2032; x_wconf 77' lang='lat' dir='ltr'><strong>pastores,</strong></span> <span class='ocrx_word' id='word_1_521' title='bbox 1749 2002 1774 2023; x_wconf 88' lang='lat' dir='ltr'><strong>et</strong></span> 
     </span>
    </p>
   </div>
   <div class='ocr_carea' id='block_1_42' title="bbox 150 2041 1773 2078">
    <p class='ocr_par' dir='ltr' id='par_1_42' title="bbox 150 2041 1773 2078">
     <span class='ocr_line' id='line_1_42' title="bbox 150 2041 1773 2078; baseline 0.003 -12"><span class='ocrx_word' id='word_1_522' title='bbox 150 2046 209 2067; x_wconf 82' lang='lat' dir='ltr'><strong>octo</strong></span> <span class='ocrx_word' id='word_1_523' title='bbox 222 2049 326 2068; x_wconf 78' lang='lat' dir='ltr'><strong>morsus</strong></span> <span class='ocrx_word' id='word_1_524' title='bbox 343 2042 486 2075; x_wconf 79' lang='lat' dir='ltr'><strong>hominum,</strong></span> <span class='ocrx_word' id='word_1_525' title='bbox 508 2047 567 2077; x_wconf 89' lang='lat' dir='ltr'><strong>post</strong></span> <span class='ocrx_word' id='word_1_526' title='bbox 582 2042 689 2069; x_wconf 73' lang='lat' dir='ltr'><strong>irrisum</strong></span> <span class='ocrx_word' id='word_1_527' title='bbox 712 2042 902 2068; x_wconf 80' lang='lat' dir='ltr'><strong>tiommllorum</strong></span> <span class='ocrx_word' id='word_1_528' title='bbox 920 2041 1095 2076; x_wconf 64' lang='lat' dir='ltr'><strong>interm-ctum</strong></span> <span class='ocrx_word' id='word_1_529' title='bbox 1118 2042 1276 2074; x_wconf 75' lang='lat' dir='ltr'><strong>vanitatem,</strong></span> <span class='ocrx_word' id='word_1_530' title='bbox 1296 2043 1332 2068; x_wconf 89' lang='lat' dir='ltr'><strong>ait</strong></span> <span class='ocrx_word' id='word_1_531' title='bbox 1349 2044 1508 2077; x_wconf 85' lang='lat' dir='ltr'><strong>simpliciter</strong></span> <span class='ocrx_word' id='word_1_532' title='bbox 1531 2048 1624 2078; x_wconf 70' lang='lat' dir='ltr'><strong>septem</strong></span> <span class='ocrx_word' id='word_1_533' title='bbox 1641 2052 1716 2071; x_wconf 92' lang='lat' dir='ltr'><strong>more</strong></span> <span class='ocrx_word' id='word_1_534' title='bbox 1733 2045 1773 2071; x_wconf 88' lang='lat' dir='ltr'><strong>bi—</strong></span> 
     </span>
    </p>
   </div>
   <div class='ocr_carea' id='block_1_43' title="bbox 149 2078 1773 2123">
    <p class='ocr_par' dir='ltr' id='par_1_43' title="bbox 149 2078 1773 2123">
     <span class='ocr_line' id='line_1_43' title="bbox 149 2078 1773 2123; baseline 0.002 -10"><span class='ocrx_word' id='word_1_535' title='bbox 149 2087 221 2113; x_wconf 91' lang='lat' dir='ltr'><strong>hlico</strong></span> <span class='ocrx_word' id='word_1_536' title='bbox 237 2088 349 2123; x_wconf 79' lang='lat' dir='ltr'><strong>intelligi</strong></span> <span class='ocrx_word' id='word_1_537' title='bbox 366 2089 398 2115; x_wconf 89' lang='lat' dir='ltr'><strong>de</strong></span> <span class='ocrx_word' id='word_1_538' title='bbox 414 2078 534 2123; x_wconf 78' lang='lat' dir='ltr'><strong>perfecto</strong></span> <span class='ocrx_word' id='word_1_539' title='bbox 546 2098 592 2116; x_wconf 83' lang='lat' dir='ltr'><strong>seu</strong></span> <span class='ocrx_word' id='word_1_540' title='bbox 610 2097 706 2123; x_wconf 79' lang='lat' dir='ltr'><strong>magno</strong></span> <span class='ocrx_word' id='word_1_541' title='bbox 722 2096 845 2119; x_wconf 74' lang='lat' dir='ltr'><strong>numero,</strong></span> <span class='ocrx_word' id='word_1_542' title='bbox 867 2094 923 2115; x_wconf 81' lang='lat' dir='ltr'><strong>octo</strong></span> <span class='ocrx_word' id='word_1_543' title='bbox 942 2092 1031 2114; x_wconf 84' lang='lat' dir='ltr'><strong>autem</strong></span> <span class='ocrx_word' id='word_1_544' title='bbox 1053 2088 1086 2114; x_wconf 83' lang='lat' dir='ltr'><strong>de</strong></span> <span class='ocrx_word' id='word_1_545' title='bbox 1102 2087 1162 2123; x_wconf 84' lang='lat' dir='ltr'><strong>ejus</strong></span> <span class='ocrx_word' id='word_1_546' title='bbox 1177 2096 1301 2116; x_wconf 80' lang='lat' dir='ltr'><strong>excessu.</strong></span> <span class='ocrx_word' id='word_1_547' title='bbox 1317 2088 1398 2121; x_wconf 83' lang='lat' dir='ltr'><strong>hique</strong></span> <span class='ocrx_word' id='word_1_548' title='bbox 1414 2090 1547 2116; x_wconf 89' lang='lat' dir='ltr'><strong>illuminat</strong></span> <span class='ocrx_word' id='word_1_549' title='bbox 1563 2090 1668 2116; x_wconf 89' lang='lat' dir='ltr'><strong>Domini</strong></span> <span class='ocrx_word' id='word_1_550' title='bbox 1683 2090 1773 2116; x_wconf 81' lang='lat' dir='ltr'><strong>verbis</strong></span> 
     </span>
    </p>
   </div>
   <div class='ocr_carea' id='block_1_44' title="bbox 150 2132 1772 2168">
    <p class='ocr_par' dir='ltr' id='par_1_44' title="bbox 150 2132 1772 2168">
     <span class='ocr_line' id='line_1_44' title="bbox 150 2132 1772 2168; baseline -0.001 -6"><span class='ocrx_word' id='word_1_551' title='bbox 150 2134 231 2162; x_wconf 83' lang='lat' dir='ltr'><strong>Petro</strong></span> <span class='ocrx_word' id='word_1_552' title='bbox 245 2134 371 2165; x_wconf 89' lang='lat' dir='ltr'><strong>dicentis,</strong></span> <span class='ocrx_word' id='word_1_553' title='bbox 389 2138 418 2160; x_wconf 90' lang='lat' dir='ltr'><strong>ut</strong></span> <span class='ocrx_word' id='word_1_554' title='bbox 430 2142 483 2161; x_wconf 84' lang='lat' dir='ltr'><strong>non</strong></span> <span class='ocrx_word' id='word_1_555' title='bbox 501 2134 601 2168; x_wconf 80' lang='lat' dir='ltr'><strong>septies</strong></span> <span class='ocrx_word' id='word_1_556' title='bbox 623 2138 731 2167; x_wconf 73' lang='lat' dir='ltr'><strong>peccata</strong></span> <span class='ocrx_word' id='word_1_557' title='bbox 752 2132 901 2158; x_wconf 84' lang='lat' dir='ltr'><strong>dimitteret</strong></span> <span class='ocrx_word' id='word_1_558' title='bbox 916 2132 962 2158; x_wconf 72' lang='lat' dir='ltr'><strong>sed</strong></span> <span class='ocrx_word' id='word_1_559' title='bbox 982 2132 1136 2166; x_wconf 75' lang='lat' dir='ltr'><strong>Septuagies</strong></span> <span class='ocrx_word' id='word_1_560' title='bbox 1152 2133 1270 2166; x_wconf 78' lang='lat' dir='ltr'><strong>septies;</strong></span> <span class='ocrx_word' id='word_1_561' title='bbox 1289 2137 1315 2159; x_wconf 87' lang='lat' dir='ltr'><strong>ct</strong></span> <span class='ocrx_word' id='word_1_562' title='bbox 1338 2133 1391 2160; x_wconf 88' lang='lat' dir='ltr'><strong>illis</strong></span> <span class='ocrx_word' id='word_1_563' title='bbox 1415 2134 1594 2165; x_wconf 71' lang='lat' dir='ltr'><strong>Ecclesiaste,</strong></span> <span class='ocrx_word' id='word_1_564' title='bbox 1613 2134 1654 2160; x_wconf 87' lang='lat' dir='ltr'><strong>Da</strong></span> <span class='ocrx_word' id='word_1_565' title='bbox 1670 2140 1772 2168; x_wconf 75' lang='lat' dir='ltr'><strong>partem</strong></span> 
     </span>
    </p>
   </div>
   <div class='ocr_carea' id='block_1_45' title="bbox 148 2179 1772 2214">
    <p class='ocr_par' dir='ltr' id='par_1_45' title="bbox 148 2179 1772 2214">
     <span class='ocr_line' id='line_1_45' title="bbox 148 2179 1772 2214; baseline -0.001 -7"><span class='ocrx_word' id='word_1_566' title='bbox 148 2185 246 2214; x_wconf 78' lang='lat' dir='ltr'><strong>septem</strong></span> <span class='ocrx_word' id='word_1_567' title='bbox 272 2189 371 2207; x_wconf 81' lang='lat' dir='ltr'><strong>necnon</strong></span> <span class='ocrx_word' id='word_1_568' title='bbox 395 2185 418 2207; x_wconf 90' lang='lat' dir='ltr'><strong>et</strong></span> <span class='ocrx_word' id='word_1_569' title='bbox 442 2186 516 2211; x_wconf 83' lang='lat' dir='ltr'><strong>octo;</strong></span> <span class='ocrx_word' id='word_1_570' title='bbox 538 2181 570 2208; x_wconf 89' lang='lat' dir='ltr'><strong>de</strong></span> <span class='ocrx_word' id='word_1_571' title='bbox 591 2180 691 2214; x_wconf 86' lang='lat' dir='ltr'><strong>quibus</strong></span> <span class='ocrx_word' id='word_1_572' title='bbox 711 2180 825 2213; x_wconf 78' lang='lat' dir='ltr'><strong>mystica</strong></span> <span class='ocrx_word' id='word_1_573' title='bbox 841 2179 964 2213; x_wconf 65' lang='lat' dir='ltr'><strong>quaedam</strong></span> <span class='ocrx_word' id='word_1_574' title='bbox 988 2183 1014 2206; x_wconf 91' lang='lat' dir='ltr'><strong>et</strong></span> <span class='ocrx_word' id='word_1_575' title='bbox 1036 2180 1194 2214; x_wconf 80' lang='lat' dir='ltr'><strong>persubtilia</strong></span> <span class='ocrx_word' id='word_1_576' title='bbox 1218 2184 1418 2206; x_wconf 80' lang='lat' dir='ltr'><strong>commentatur</strong></span> <span class='ocrx_word' id='word_1_577' title='bbox 1438 2180 1598 2207; x_wconf 83' lang='lat' dir='ltr'><strong>Ambrosius</strong></span> <span class='ocrx_word' id='word_1_578' title='bbox 1616 2181 1686 2207; x_wconf 89' lang='lat' dir='ltr'><strong>libro</strong></span> <span class='ocrx_word' id='word_1_579' title='bbox 1701 2189 1726 2211; x_wconf 84' lang='lat' dir='ltr'><strong>v,</strong></span> <span class='ocrx_word' id='word_1_580' title='bbox 1746 2181 1772 2206; x_wconf 84' lang='lat' dir='ltr'><strong>in</strong></span> 
     </span>
    </p>
   </div>
   <div class='ocr_carea' id='block_1_46' title="bbox 148 2227 1771 2263">
    <p class='ocr_par' dir='ltr' id='par_1_46' title="bbox 148 2227 1771 2263">
     <span class='ocr_line' id='line_1_46' title="bbox 148 2227 1771 2263; baseline -0.001 -9"><span class='ocrx_word' id='word_1_581' title='bbox 148 2227 250 2255; x_wconf 77' lang='lat' dir='ltr'><strong>Lucam</strong></span> <span class='ocrx_word' id='word_1_582' title='bbox 271 2237 299 2255; x_wconf 92' lang='lat' dir='ltr'><strong>n.</strong></span> <span class='ocrx_word' id='word_1_583' title='bbox 317 2229 371 2256; x_wconf 61' lang='lat'><strong>49:</strong></span> <span class='ocrx_word' id='word_1_584' title='bbox 396 2238 476 2263; x_wconf 85' lang='lat' dir='ltr'><strong>quem</strong></span> <span class='ocrx_word' id='word_1_585' title='bbox 500 2229 634 2256; x_wconf 85' lang='lat' dir='ltr'><strong>Ambrosii</strong></span> <span class='ocrx_word' id='word_1_586' title='bbox 658 2229 748 2255; x_wconf 82' lang='lat' dir='ltr'><strong>locum</strong></span> <span class='ocrx_word' id='word_1_587' title='bbox 773 2228 926 2255; x_wconf 80' lang='lat' dir='ltr'><strong>Cimmeriis</strong></span> <span class='ocrx_word' id='word_1_588' title='bbox 952 2227 1072 2254; x_wconf 86' lang='lat' dir='ltr'><strong>tenebris</strong></span> <span class='ocrx_word' id='word_1_589' title='bbox 1095 2228 1213 2254; x_wconf 87' lang='lat' dir='ltr'><strong>obsitum</strong></span> <span class='ocrx_word' id='word_1_590' title='bbox 1240 2227 1354 2254; x_wconf 82' lang='lat' dir='ltr'><strong>Maurini</strong></span> <span class='ocrx_word' id='word_1_591' title='bbox 1375 2227 1494 2254; x_wconf 86' lang='lat' dir='ltr'><strong>editores</strong></span> <span class='ocrx_word' id='word_1_592' title='bbox 1517 2235 1587 2262; x_wconf 69' lang='lat' dir='ltr'><strong>a&#39;gre</strong></span> <span class='ocrx_word' id='word_1_593' title='bbox 1614 2227 1771 2259; x_wconf 83' lang='lat' dir='ltr'><strong>declarant;</strong></span> 
     </span>
    </p>
   </div>
   <div class='ocr_carea' id='block_1_47' title="bbox 150 2274 1772 2311">
    <p class='ocr_par' dir='ltr' id='par_1_47' title="bbox 150 2274 1772 2311">
     <span class='ocr_line' id='line_1_47' title="bbox 150 2274 1772 2311; baseline 0 -10"><span class='ocrx_word' id='word_1_594' title='bbox 150 2275 359 2310; x_wconf 84' lang='lat' dir='ltr'><strong>Mopsuestenus</strong></span> <span class='ocrx_word' id='word_1_595' title='bbox 375 2281 466 2303; x_wconf 85' lang='lat' dir='ltr'><strong>autem</strong></span> <span class='ocrx_word' id='word_1_596' title='bbox 490 2276 617 2311; x_wconf 66' lang='lat' dir='ltr'><strong>praulicla</strong></span> <span class='ocrx_word' id='word_1_597' title='bbox 638 2276 720 2302; x_wconf 77' lang='lat' dir='ltr'><strong>verba</strong></span> <span class='ocrx_word' id='word_1_598' title='bbox 736 2275 897 2309; x_wconf 84' lang='lat' dir='ltr'><strong>simpliciter</strong></span> <span class='ocrx_word' id='word_1_599' title='bbox 917 2283 1034 2309; x_wconf 77' lang='lat' dir='ltr'><strong>vereque</strong></span> <span class='ocrx_word' id='word_1_600' title='bbox 1058 2276 1195 2309; x_wconf 77' lang='lat' dir='ltr'><strong>explicat:</strong></span> <span class='ocrx_word' id='word_1_601' title='bbox 1219 2274 1345 2308; x_wconf 77' lang='lat' dir='ltr'><strong>Muuiﬁce</strong></span> <span class='ocrx_word' id='word_1_602' title='bbox 1364 2274 1398 2300; x_wconf 90' lang='lat' dir='ltr'><strong>da</strong></span> <span class='ocrx_word' id='word_1_603' title='bbox 1419 2275 1560 2310; x_wconf 66' lang='lat' dir='ltr'><strong>egentibus,</strong></span> <span class='ocrx_word' id='word_1_604' title='bbox 1580 2284 1660 2310; x_wconf 81' lang='lat' dir='ltr'><strong>neque</strong></span> <span class='ocrx_word' id='word_1_605' title='bbox 1677 2276 1702 2301; x_wconf 87' lang='lat' dir='ltr'><strong>in</strong></span> <span class='ocrx_word' id='word_1_606' title='bbox 1723 2275 1772 2302; x_wconf 77' lang='lat' dir='ltr'><strong>Izoe</strong></span> 
     </span>
    </p>
   </div>
   <div class='ocr_carea' id='block_1_48' title="bbox 151 2322 1770 2358">
    <p class='ocr_par' dir='ltr' id='par_1_48' title="bbox 151 2322 1770 2358">
     <span class='ocr_line' id='line_1_48' title="bbox 151 2322 1770 2358; baseline 0 -10"><span class='ocrx_word' id='word_1_607' title='bbox 151 2323 287 2350; x_wconf 79' lang='lat' dir='ltr'><strong>abundare</strong></span> <span class='ocrx_word' id='word_1_608' title='bbox 302 2331 414 2350; x_wconf 78' lang='lat' dir='ltr'><strong>recuses.</strong></span> <span class='ocrx_word' id='word_1_609' title='bbox 437 2323 469 2350; x_wconf 87' lang='lat' dir='ltr'><strong>Et</strong></span> <span class='ocrx_word' id='word_1_610' title='bbox 486 2324 642 2350; x_wconf 68' lang='lat' dir='ltr'><strong>universum</strong></span> <span class='ocrx_word' id='word_1_611' title='bbox 658 2323 767 2357; x_wconf 84' lang='lat' dir='ltr'><strong>quidem</strong></span> <span class='ocrx_word' id='word_1_612' title='bbox 791 2322 994 2350; x_wconf 85' lang='lat' dir='ltr'><strong>Testamentum</strong></span> <span class='ocrx_word' id='word_1_613' title='bbox 1012 2322 1094 2350; x_wconf 78' lang='lat' dir='ltr'><strong>Vctus</strong></span> <span class='ocrx_word' id='word_1_614' title='bbox 1111 2324 1333 2358; x_wconf 59' lang='lat' dir='ltr'><strong>pra‘pwationcm</strong></span> <span class='ocrx_word' id='word_1_615' title='bbox 1356 2322 1423 2349; x_wconf 87' lang='lat' dir='ltr'><strong>Novi</strong></span> <span class='ocrx_word' id='word_1_616' title='bbox 1444 2322 1537 2354; x_wconf 85' lang='lat' dir='ltr'><strong>luisse,</strong></span> <span class='ocrx_word' id='word_1_617' title='bbox 1553 2326 1635 2356; x_wconf 88' lang='lat' dir='ltr'><strong>atque</strong></span> <span class='ocrx_word' id='word_1_618' title='bbox 1651 2322 1741 2348; x_wconf 84' lang='lat' dir='ltr'><strong>omnia</strong></span> <span class='ocrx_word' id='word_1_619' title='bbox 1755 2330 1770 2348; x_wconf 88' lang='lat' dir='ltr'><strong>a</strong></span> 
     </span>
    </p>
   </div>
   <div class='ocr_carea' id='block_1_49' title="bbox 150 2370 1769 2405">
    <p class='ocr_par' dir='ltr' id='par_1_49' title="bbox 150 2370 1769 2405">
     <span class='ocr_line' id='line_1_49' title="bbox 150 2370 1769 2405; baseline 0 -10"><span class='ocrx_word' id='word_1_620' title='bbox 150 2370 205 2397; x_wconf 82' lang='lat' dir='ltr'><strong>Deo</strong></span> <span class='ocrx_word' id='word_1_621' title='bbox 220 2371 252 2397; x_wconf 82' lang='lat' dir='ltr'><strong>ad</strong></span> <span class='ocrx_word' id='word_1_622' title='bbox 271 2375 415 2398; x_wconf 90' lang='lat' dir='ltr'><strong>venturum</strong></span> <span class='ocrx_word' id='word_1_623' title='bbox 433 2371 572 2398; x_wconf 82' lang='lat' dir='ltr'><strong>Christum</strong></span> <span class='ocrx_word' id='word_1_624' title='bbox 588 2370 703 2401; x_wconf 83' lang='lat' dir='ltr'><strong>directa,</strong></span> <span class='ocrx_word' id='word_1_625' title='bbox 718 2370 824 2397; x_wconf 78' lang='lat' dir='ltr'><strong>sincere</strong></span> <span class='ocrx_word' id='word_1_626' title='bbox 842 2375 988 2404; x_wconf 75' lang='lat' dir='ltr'><strong>sancti-que</strong></span> <span class='ocrx_word' id='word_1_627' title='bbox 1006 2371 1098 2397; x_wconf 86' lang='lat' dir='ltr'><strong>multis</strong></span> <span class='ocrx_word' id='word_1_628' title='bbox 1115 2371 1180 2398; x_wconf 82' lang='lat' dir='ltr'><strong>locis</strong></span> <span class='ocrx_word' id='word_1_629' title='bbox 1193 2370 1351 2397; x_wconf 84' lang='lat' dir='ltr'><strong>Theodorus</strong></span> <span class='ocrx_word' id='word_1_630' title='bbox 1367 2370 1507 2401; x_wconf 81' lang='lat' dir='ltr'><strong>latetut&#39;,v.</strong></span> <span class='ocrx_word' id='word_1_631' title='bbox 1525 2378 1565 2405; x_wconf 83' lang='lat' dir='ltr'><strong>gr.</strong></span> <span class='ocrx_word' id='word_1_632' title='bbox 1583 2378 1609 2404; x_wconf 91' lang='lat' dir='ltr'><strong>p.</strong></span> <span class='ocrx_word' id='word_1_633' title='bbox 1623 2370 1648 2401; x_wconf 78' lang='lat' dir='ltr'><strong>l,</strong></span> <span class='ocrx_word' id='word_1_634' title='bbox 1665 2370 1708 2402; x_wconf 76' lang='lat'><strong>69,</strong></span> <span class='ocrx_word' id='word_1_635' title='bbox 1725 2370 1769 2402; x_wconf 63' lang='grc' dir='ltr'><strong>Η,</strong></span> 
     </span>
    </p>
   </div>
   <div class='ocr_carea' id='block_1_50' title="bbox 151 2405 1770 2452">
    <p class='ocr_par' dir='ltr' id='par_1_50' title="bbox 151 2405 1770 2452">
     <span class='ocr_line' id='line_1_50' title="bbox 151 2405 1770 2452; baseline 0.001 -10"><span class='ocrx_word' id='word_1_636' title='bbox 151 2419 180 2443; x_wconf 80' lang='grc' dir='ltr'>Η</span> <span class='ocrx_word' id='word_1_637' title='bbox 190 2419 228 2444; x_wconf 69' lang='lat' dir='ltr'><strong>t-l</strong></span> <span class='ocrx_word' id='word_1_638' title='bbox 239 2418 279 2448; x_wconf 81' lang='lat' dir='ltr'><strong>l6.</strong></span> <span class='ocrx_word' id='word_1_639' title='bbox 297 2418 359 2449; x_wconf 75' lang='grc'><strong>120,</strong></span> <span class='ocrx_word' id='word_1_640' title='bbox 372 2418 436 2448; x_wconf 74' lang='lat'><strong>208,</strong></span> <span class='ocrx_word' id='word_1_641' title='bbox 449 2419 583 2452; x_wconf 73' lang='lat' dir='ltr'><strong>pnecipue</strong></span> <span class='ocrx_word' id='word_1_642' title='bbox 609 2425 672 2444; x_wconf 83' lang='lat' dir='ltr'><strong>vero</strong></span> <span class='ocrx_word' id='word_1_643' title='bbox 689 2418 716 2444; x_wconf 90' lang='lat' dir='ltr'><strong>in</strong></span> <span class='ocrx_word' id='word_1_644' title='bbox 738 2417 846 2451; x_wconf 83' lang='lat' dir='ltr'><strong>prologo</strong></span> <span class='ocrx_word' id='word_1_645' title='bbox 857 2417 890 2443; x_wconf 84' lang='lat' dir='ltr'><strong>ad</strong></span> <span class='ocrx_word' id='word_1_646' title='bbox 902 2416 1000 2443; x_wconf 85' lang='lat' dir='ltr'><strong>Jouam</strong></span> <span class='ocrx_word' id='word_1_647' title='bbox 1011 2425 1020 2443; x_wconf 91' lang='lat'><em>:</em></span> <span class='ocrx_word' id='word_1_648' title='bbox 1035 2417 1114 2451; x_wconf 83' lang='lat' dir='ltr'><strong>cujus</strong></span> <span class='ocrx_word' id='word_1_649' title='bbox 1126 2418 1263 2452; x_wconf 71' lang='lat' dir='ltr'><strong>propheta:</strong></span> <span class='ocrx_word' id='word_1_650' title='bbox 1277 2417 1378 2451; x_wconf 82' lang='lat' dir='ltr'><strong>grande</strong></span> <span class='ocrx_word' id='word_1_651' title='bbox 1391 2417 1455 2444; x_wconf 88' lang='lat' dir='ltr'><strong>illud</strong></span> <span class='ocrx_word' id='word_1_652' title='bbox 1469 2405 1540 2444; x_wconf 77' lang='lat' dir='ltr'><strong>intra</strong></span> <span class='ocrx_word' id='word_1_653' title='bbox 1553 2421 1641 2444; x_wconf 82' lang='lat' dir='ltr'><strong>cetum</strong></span> <span class='ocrx_word' id='word_1_654' title='bbox 1654 2418 1770 2444; x_wconf 88' lang='lat' dir='ltr'><strong>viventis</strong></span> 
     </span>
    </p>
   </div>
   <div class='ocr_carea' id='block_1_51' title="bbox 150 2462 1767 2498">
    <p class='ocr_par' dir='ltr' id='par_1_51' title="bbox 150 2462 1767 2498">
     <span class='ocr_line' id='line_1_51' title="bbox 150 2462 1767 2498; baseline 0 -8"><span class='ocrx_word' id='word_1_655' title='bbox 150 2465 323 2493; x_wconf 82' lang='lat' dir='ltr'><strong>miraculum.</strong></span> <span class='ocrx_word' id='word_1_656' title='bbox 340 2464 410 2498; x_wconf 92' lang='lat' dir='ltr'><strong>quod</strong></span> <span class='ocrx_word' id='word_1_657' title='bbox 423 2463 532 2498; x_wconf 86' lang='lat' dir='ltr'><strong>quidam</strong></span> <span class='ocrx_word' id='word_1_658' title='bbox 545 2466 670 2490; x_wconf 85' lang='lat' dir='ltr'><strong>recentes</strong></span> <span class='ocrx_word' id='word_1_659' title='bbox 682 2462 772 2488; x_wconf 85' lang='lat' dir='ltr'><strong>critici</strong></span> <span class='ocrx_word' id='word_1_660' title='bbox 789 2462 921 2489; x_wconf 87' lang='lat' dir='ltr'><strong>scelerate</strong></span> <span class='ocrx_word' id='word_1_661' title='bbox 932 2462 1054 2489; x_wconf 84' lang='lat' dir='ltr'><strong>derident</strong></span> <span class='ocrx_word' id='word_1_662' title='bbox 1068 2463 1113 2497; x_wconf 87' lang='lat' dir='ltr'><strong>(ne</strong></span> <span class='ocrx_word' id='word_1_663' title='bbox 1123 2463 1232 2490; x_wconf 87' lang='lat' dir='ltr'><strong>Christo</strong></span> <span class='ocrx_word' id='word_1_664' title='bbox 1247 2463 1356 2497; x_wconf 86' lang='lat' dir='ltr'><strong>quidem</strong></span> <span class='ocrx_word' id='word_1_665' title='bbox 1368 2463 1464 2490; x_wconf 85' lang='lat' dir='ltr'><strong>Matth.</strong></span> <span class='ocrx_word' id='word_1_666' title='bbox 1482 2472 1528 2495; x_wconf 85' lang='lat' dir='ltr'><strong>xu,</strong></span> <span class='ocrx_word' id='word_1_667' title='bbox 1543 2462 1588 2495; x_wconf 75' lang='lat'><strong>40,</strong></span> <span class='ocrx_word' id='word_1_668' title='bbox 1601 2463 1767 2497; x_wconf 87' lang='lat' dir='ltr'><strong>credentes),</strong></span> 
     </span>
    </p>
   </div>
   <div class='ocr_carea' id='block_1_52' title="bbox 149 2508 1770 2544">
    <p class='ocr_par' dir='ltr' id='par_1_52' title="bbox 149 2508 1770 2544">
     <span class='ocr_line' id='line_1_52' title="bbox 149 2508 1770 2544; baseline 0 -9"><span class='ocrx_word' id='word_1_669' title='bbox 149 2510 273 2536; x_wconf 86' lang='lat' dir='ltr'><strong>nonnulli</strong></span> <span class='ocrx_word' id='word_1_670' title='bbox 296 2509 439 2544; x_wconf 79' lang='lat' dir='ltr'><strong>allegorice</strong></span> <span class='ocrx_word' id='word_1_671' title='bbox 463 2513 568 2535; x_wconf 87' lang='lat' dir='ltr'><strong>tantum</strong></span> <span class='ocrx_word' id='word_1_672' title='bbox 595 2509 758 2541; x_wconf 86' lang='lat' dir='ltr'><strong>admittunt,</strong></span> <span class='ocrx_word' id='word_1_673' title='bbox 788 2508 830 2535; x_wconf 85' lang='lat' dir='ltr'><strong>vel</strong></span> <span class='ocrx_word' id='word_1_674' title='bbox 863 2509 1001 2543; x_wconf 73' lang='lat' dir='ltr'><strong>propheta‘</strong></span> <span class='ocrx_word' id='word_1_675' title='bbox 1029 2509 1163 2535; x_wconf 83' lang='lat' dir='ltr'><strong>somnium</strong></span> <span class='ocrx_word' id='word_1_676' title='bbox 1199 2510 1373 2541; x_wconf 84' lang='lat' dir='ltr'><strong>existimant,</strong></span> <span class='ocrx_word' id='word_1_677' title='bbox 1411 2510 1457 2536; x_wconf 83' lang='lat' dir='ltr'><strong>alii</strong></span> <span class='ocrx_word' id='word_1_678' title='bbox 1489 2518 1522 2538; x_wconf 81' lang='lat' dir='ltr'><strong>ex</strong></span> <span class='ocrx_word' id='word_1_679' title='bbox 1552 2510 1650 2536; x_wconf 81' lang='lat' dir='ltr'><strong>fabulis</strong></span> <span class='ocrx_word' id='word_1_680' title='bbox 1680 2510 1770 2536; x_wconf 89' lang='lat' dir='ltr'><strong>ethni-</strong></span> 
     </span>
    </p>
   </div>
   <div class='ocr_carea' id='block_1_53' title="bbox 149 2551 1771 2589">
    <p class='ocr_par' dir='ltr' id='par_1_53' title="bbox 149 2551 1771 2589">
     <span class='ocr_line' id='line_1_53' title="bbox 149 2551 1771 2589; baseline 0.001 -8"><span class='ocrx_word' id='word_1_681' title='bbox 149 2563 255 2585; x_wconf 70' lang='lat' dir='ltr'><strong>corum.</strong></span> <span class='ocrx_word' id='word_1_682' title='bbox 286 2559 350 2589; x_wconf 87' lang='lat' dir='ltr'><strong>puta</strong></span> <span class='ocrx_word' id='word_1_683' title='bbox 376 2554 410 2581; x_wconf 88' lang='lat' dir='ltr'><strong>de</strong></span> <span class='ocrx_word' id='word_1_684' title='bbox 434 2553 619 2584; x_wconf 82' lang='lat' dir='ltr'><strong>Andromeda.</strong></span> <span class='ocrx_word' id='word_1_685' title='bbox 647 2552 689 2579; x_wconf 85' lang='lat' dir='ltr'><strong>vel</strong></span> <span class='ocrx_word' id='word_1_686' title='bbox 713 2553 747 2579; x_wconf 90' lang='lat' dir='ltr'><strong>de</strong></span> <span class='ocrx_word' id='word_1_687' title='bbox 776 2551 892 2579; x_wconf 85' lang='lat' dir='ltr'><strong>Hercule</strong></span> <span class='ocrx_word' id='word_1_688' title='bbox 919 2553 964 2587; x_wconf 91' lang='lat' dir='ltr'><strong>qui</strong></span> <span class='ocrx_word' id='word_1_689' title='bbox 989 2552 1115 2587; x_wconf 80' lang='lat' dir='ltr'><strong>Neptunii</strong></span> <span class='ocrx_word' id='word_1_690' title='bbox 1140 2554 1216 2581; x_wconf 85' lang='lat' dir='ltr'><strong>canis</strong></span> <span class='ocrx_word' id='word_1_691' title='bbox 1238 2554 1392 2582; x_wconf 82' lang='lat' dir='ltr'><strong>visceribus</strong></span> <span class='ocrx_word' id='word_1_692' title='bbox 1414 2556 1500 2582; x_wconf 85' lang='lat' dir='ltr'><strong>evasit</strong></span> <span class='ocrx_word' id='word_1_693' title='bbox 1526 2556 1680 2587; x_wconf 84' lang='lat' dir='ltr'><strong>incolumis,</strong></span> <span class='ocrx_word' id='word_1_694' title='bbox 1705 2563 1771 2583; x_wconf 88' lang='lat' dir='ltr'><strong>con-</strong></span> 
     </span>
    </p>
   </div>
   <div class='ocr_carea' id='block_1_54' title="bbox 150 2597 1768 2636">
    <p class='ocr_par' dir='ltr' id='par_1_54' title="bbox 150 2597 1768 2636">
     <span class='ocr_line' id='line_1_54' title="bbox 150 2597 1768 2636; baseline 0.002 -10"><span class='ocrx_word' id='word_1_695' title='bbox 150 2601 313 2635; x_wconf 73' lang='lat' dir='ltr'><strong>glutinatum</strong></span> <span class='ocrx_word' id='word_1_696' title='bbox 338 2599 480 2634; x_wconf 82' lang='lat' dir='ltr'><strong>dictitant;</strong></span> <span class='ocrx_word' id='word_1_697' title='bbox 504 2600 547 2634; x_wconf 87' lang='lat' dir='ltr'><strong>pie</strong></span> <span class='ocrx_word' id='word_1_698' title='bbox 575 2598 746 2629; x_wconf 85' lang='lat' dir='ltr'><strong>Theodorus,</strong></span> <span class='ocrx_word' id='word_1_699' title='bbox 770 2601 800 2624; x_wconf 85' lang='lat' dir='ltr'><strong>tit</strong></span> <span class='ocrx_word' id='word_1_700' title='bbox 824 2605 883 2624; x_wconf 86' lang='lat' dir='ltr'><strong>mos</strong></span> <span class='ocrx_word' id='word_1_701' title='bbox 907 2602 949 2624; x_wconf 87' lang='lat' dir='ltr'><strong>est</strong></span> <span class='ocrx_word' id='word_1_702' title='bbox 972 2597 1100 2625; x_wconf 57' lang='lat' dir='ltr'><strong>Ecclesia‘</strong></span> <span class='ocrx_word' id='word_1_703' title='bbox 1118 2600 1226 2625; x_wconf 75' lang='lat' dir='ltr'><strong>Patrum</strong></span> <span class='ocrx_word' id='word_1_704' title='bbox 1244 2604 1271 2626; x_wconf 88' lang='lat' dir='ltr'><strong>et</strong></span> <span class='ocrx_word' id='word_1_705' title='bbox 1292 2601 1500 2632; x_wconf 80' lang='lat' dir='ltr'><strong>catholicorum,</strong></span> <span class='ocrx_word' id='word_1_706' title='bbox 1525 2609 1686 2636; x_wconf 87' lang='lat' dir='ltr'><strong>summaque</strong></span> <span class='ocrx_word' id='word_1_707' title='bbox 1706 2609 1768 2629; x_wconf 88' lang='lat' dir='ltr'><strong>cum</strong></span> 
     </span>
    </p>
   </div>
   <div class='ocr_carea' id='block_1_55' title="bbox 152 2643 1769 2681">
    <p class='ocr_par' dir='ltr' id='par_1_55' title="bbox 152 2643 1769 2681">
     <span class='ocr_line' id='line_1_55' title="bbox 152 2643 1769 2681; baseline 0.001 -10"><span class='ocrx_word' id='word_1_708' title='bbox 152 2645 305 2672; x_wconf 80' lang='lat' dir='ltr'><strong>reverentia</strong></span> <span class='ocrx_word' id='word_1_709' title='bbox 333 2646 506 2680; x_wconf 82' lang='lat' dir='ltr'><strong>amplectitur</strong></span> <span class='ocrx_word' id='word_1_710' title='bbox 530 2652 582 2672; x_wconf 88' lang='lat' dir='ltr'><strong>nec</strong></span> <span class='ocrx_word' id='word_1_711' title='bbox 608 2643 641 2671; x_wconf 89' lang='lat' dir='ltr'><strong>de</strong></span> <span class='ocrx_word' id='word_1_712' title='bbox 668 2651 699 2670; x_wconf 88' lang='lat' dir='ltr'><strong>eo</strong></span> <span class='ocrx_word' id='word_1_713' title='bbox 726 2643 904 2678; x_wconf 65' lang='lat' dir='ltr'><strong>qumstionem</strong></span> <span class='ocrx_word' id='word_1_714' title='bbox 929 2643 1010 2669; x_wconf 92' lang='lat' dir='ltr'><strong>ullam</strong></span> <span class='ocrx_word' id='word_1_715' title='bbox 1033 2643 1090 2669; x_wconf 85' lang='lat' dir='ltr'><strong>ﬁeri</strong></span> <span class='ocrx_word' id='word_1_716' title='bbox 1116 2645 1226 2678; x_wconf 88' lang='lat' dir='ltr'><strong>patitur.</strong></span> <span class='ocrx_word' id='word_1_717' title='bbox 1253 2644 1286 2671; x_wconf 88' lang='lat' dir='ltr'><strong>Ut</strong></span> <span class='ocrx_word' id='word_1_718' title='bbox 1308 2650 1397 2672; x_wconf 86' lang='lat' dir='ltr'><strong>autem</strong></span> <span class='ocrx_word' id='word_1_719' title='bbox 1424 2647 1524 2673; x_wconf 90' lang='lat' dir='ltr'><strong>mentis</strong></span> <span class='ocrx_word' id='word_1_720' title='bbox 1548 2645 1695 2678; x_wconf 85' lang='lat' dir='ltr'><strong>Theodori,</strong></span> <span class='ocrx_word' id='word_1_721' title='bbox 1716 2655 1769 2681; x_wconf 87' lang='lat' dir='ltr'><strong>qua</strong></span> 
     </span>
    </p>
   </div>
   <div class='ocr_carea' id='block_1_56' title="bbox 150 2690 1770 2728">
    <p class='ocr_par' dir='ltr' id='par_1_56' title="bbox 150 2690 1770 2728">
     <span class='ocr_line' id='line_1_56' title="bbox 150 2690 1770 2728; baseline 0 -10"><span class='ocrx_word' id='word_1_722' title='bbox 150 2693 308 2727; x_wconf 74' lang='lat' dir='ltr'><strong>prophetias</strong></span> <span class='ocrx_word' id='word_1_723' title='bbox 340 2692 373 2719; x_wconf 89' lang='lat' dir='ltr'><strong>de</strong></span> <span class='ocrx_word' id='word_1_724' title='bbox 399 2692 509 2719; x_wconf 87' lang='lat' dir='ltr'><strong>Christo</strong></span> <span class='ocrx_word' id='word_1_725' title='bbox 531 2691 624 2722; x_wconf 88' lang='lat' dir='ltr'><strong>tradit,</strong></span> <span class='ocrx_word' id='word_1_726' title='bbox 647 2691 753 2718; x_wconf 88' lang='lat' dir='ltr'><strong>illustre</strong></span> <span class='ocrx_word' id='word_1_727' title='bbox 781 2690 918 2725; x_wconf 88' lang='lat' dir='ltr'><strong>specimen</strong></span> <span class='ocrx_word' id='word_1_728' title='bbox 944 2690 1016 2721; x_wconf 87' lang='lat' dir='ltr'><strong>dem,</strong></span> <span class='ocrx_word' id='word_1_729' title='bbox 1043 2698 1097 2717; x_wconf 88' lang='lat' dir='ltr'><strong>non</strong></span> <span class='ocrx_word' id='word_1_730' title='bbox 1123 2692 1255 2719; x_wconf 86' lang='lat' dir='ltr'><strong>recusabo</strong></span> <span class='ocrx_word' id='word_1_731' title='bbox 1283 2693 1311 2719; x_wconf 92' lang='lat' dir='ltr'><strong>in</strong></span> <span class='ocrx_word' id='word_1_732' title='bbox 1340 2693 1454 2728; x_wconf 81' lang='lat' dir='ltr'><strong>gratiam</strong></span> <span class='ocrx_word' id='word_1_733' title='bbox 1483 2692 1590 2718; x_wconf 90' lang='lat' dir='ltr'><strong>illorum</strong></span> <span class='ocrx_word' id='word_1_734' title='bbox 1616 2692 1770 2726; x_wconf 71' lang='lat' dir='ltr'><strong>quitiraece</strong></span> 
     </span>
    </p>
   </div>
   <div class='ocr_carea' id='block_1_57' title="bbox 152 2737 1770 2774">
    <p class='ocr_par' dir='ltr' id='par_1_57' title="bbox 152 2737 1770 2774">
     <span class='ocr_line' id='line_1_57' title="bbox 152 2737 1770 2774; baseline 0.001 -10"><span class='ocrx_word' id='word_1_735' title='bbox 152 2738 278 2765; x_wconf 76' lang='lat' dir='ltr'><strong>nesciunt</strong></span> <span class='ocrx_word' id='word_1_736' title='bbox 295 2737 528 2773; x_wconf 86' lang='lat' dir='ltr'><strong>(quandoquidem</strong></span> <span class='ocrx_word' id='word_1_737' title='bbox 548 2737 673 2765; x_wconf 87' lang='lat' dir='ltr'><strong>Latinam</strong></span> <span class='ocrx_word' id='word_1_738' title='bbox 691 2737 943 2772; x_wconf 78' lang='lat' dir='ltr'><strong>interpretationem</strong></span> <span class='ocrx_word' id='word_1_739' title='bbox 965 2737 999 2763; x_wconf 89' lang='lat' dir='ltr'><strong>ab</strong></span> <span class='ocrx_word' id='word_1_740' title='bbox 1014 2737 1065 2764; x_wconf 91' lang='lat' dir='ltr'><strong>hoc</strong></span> <span class='ocrx_word' id='word_1_741' title='bbox 1079 2738 1217 2766; x_wconf 77' lang='lat' dir='ltr'><strong>volumine</strong></span> <span class='ocrx_word' id='word_1_742' title='bbox 1233 2740 1347 2771; x_wconf 72' lang='lat' dir='ltr'><strong>exclusi,</strong></span> <span class='ocrx_word' id='word_1_743' title='bbox 1363 2747 1444 2774; x_wconf 86' lang='lat' dir='ltr'><strong>quam</strong></span> <span class='ocrx_word' id='word_1_744' title='bbox 1466 2739 1585 2766; x_wconf 85' lang='lat' dir='ltr'><strong>liberiori</strong></span> <span class='ocrx_word' id='word_1_745' title='bbox 1603 2740 1658 2766; x_wconf 88' lang='lat' dir='ltr'><strong>otio</strong></span> <span class='ocrx_word' id='word_1_746' title='bbox 1681 2739 1770 2766; x_wconf 80' lang='lat' dir='ltr'><strong>absol-</strong></span> 
     </span>
    </p>
   </div>
   <div class='ocr_carea' id='block_1_58' title="bbox 149 2783 1766 2821">
    <p class='ocr_par' dir='ltr' id='par_1_58' title="bbox 149 2783 1766 2821">
     <span class='ocr_line' id='line_1_58' title="bbox 149 2783 1766 2821; baseline 0.002 -12"><span class='ocrx_word' id='word_1_747' title='bbox 149 2783 264 2810; x_wconf 67' lang='lat' dir='ltr'><strong>vundam</strong></span> <span class='ocrx_word' id='word_1_748' title='bbox 283 2785 538 2819; x_wconf 77' lang='lat' dir='ltr'><strong>pcrpolicinlzunquc</strong></span> <span class='ocrx_word' id='word_1_749' title='bbox 553 2786 673 2815; x_wconf 72' lang='lat' dir='ltr'><strong>reservo)</strong></span> <span class='ocrx_word' id='word_1_750' title='bbox 687 2785 854 2812; x_wconf 80' lang='lat' dir='ltr'><strong>luculentum</strong></span> <span class='ocrx_word' id='word_1_751' title='bbox 872 2787 988 2811; x_wconf 84' lang='lat' dir='ltr'><strong>tractum</strong></span> <span class='ocrx_word' id='word_1_752' title='bbox 1008 2784 1104 2813; x_wconf 86' lang='lat' dir='ltr'><strong>Latine</strong></span> <span class='ocrx_word' id='word_1_753' title='bbox 1120 2794 1218 2819; x_wconf 87' lang='lat' dir='ltr'><strong>ponere</strong></span> <span class='ocrx_word' id='word_1_754' title='bbox 1233 2787 1266 2813; x_wconf 83' lang='lat' dir='ltr'><strong>ad</strong></span> <span class='ocrx_word' id='word_1_755' title='bbox 1282 2787 1327 2814; x_wconf 86' lang='lat' dir='ltr'><strong>illa</strong></span> <span class='ocrx_word' id='word_1_756' title='bbox 1343 2787 1425 2814; x_wconf 86' lang='lat' dir='ltr'><strong>Joelis</strong></span> <span class='ocrx_word' id='word_1_757' title='bbox 1440 2787 1522 2814; x_wconf 84' lang='lat' dir='ltr'><strong>verba</strong></span> <span class='ocrx_word' id='word_1_758' title='bbox 1538 2794 1597 2821; x_wconf 87' lang='lat' dir='ltr'><strong>cap.</strong></span> <span class='ocrx_word' id='word_1_759' title='bbox 1614 2794 1643 2818; x_wconf 82' lang='grc' dir='ltr'>ιι,</span> <span class='ocrx_word' id='word_1_760' title='bbox 1661 2785 1740 2812; x_wconf 73' lang='grc'><strong>28-51</strong></span> <span class='ocrx_word' id='word_1_761' title='bbox 1760 2796 1766 2813; x_wconf 87' lang='lat'><strong><em>:</em></strong></span> 
     </span>
    </p>
   </div>
   <div class='ocr_carea' id='block_1_59' title="bbox 151 2831 1766 2868">
    <p class='ocr_par' dir='ltr' id='par_1_59' title="bbox 151 2831 1766 2868">
     <span class='ocr_line' id='line_1_59' title="bbox 151 2831 1766 2868; baseline -0.001 -10"><span class='ocrx_word' id='word_1_762' title='bbox 151 2831 296 2865; x_wconf 79' lang='lat' dir='ltr'><strong>E/fuudmn</strong></span> <span class='ocrx_word' id='word_1_763' title='bbox 314 2833 345 2859; x_wconf 81' lang='lat' dir='ltr'><strong>do</strong></span> <span class='ocrx_word' id='word_1_764' title='bbox 366 2832 467 2866; x_wconf 83' lang='lat' dir='ltr'><strong>Spiritu</strong></span> <span class='ocrx_word' id='word_1_765' title='bbox 483 2840 538 2858; x_wconf 75' lang='lat' dir='ltr'><strong>meo</strong></span> <span class='ocrx_word' id='word_1_766' title='bbox 554 2840 631 2867; x_wconf 83' lang='lat' dir='ltr'><strong>super</strong></span> <span class='ocrx_word' id='word_1_767' title='bbox 646 2841 747 2859; x_wconf 88' lang='lat' dir='ltr'><strong>ontnem</strong></span> <span class='ocrx_word' id='word_1_768' title='bbox 768 2839 883 2864; x_wconf 81' lang='lat' dir='ltr'><strong>carnem,</strong></span> <span class='ocrx_word' id='word_1_769' title='bbox 900 2836 924 2857; x_wconf 87' lang='lat' dir='ltr'><strong>et</strong></span> <span class='ocrx_word' id='word_1_770' title='bbox 941 2831 1130 2866; x_wconf 76' lang='lat' dir='ltr'><strong>prop/telalmnt</strong></span> <span class='ocrx_word' id='word_1_771' title='bbox 1146 2834 1197 2867; x_wconf 81' lang='lat' dir='ltr'><strong>ﬁlii</strong></span> <span class='ocrx_word' id='word_1_772' title='bbox 1213 2834 1291 2860; x_wconf 79' lang='lat' dir='ltr'><strong>vestri</strong></span> <span class='ocrx_word' id='word_1_773' title='bbox 1305 2838 1329 2860; x_wconf 84' lang='lat' dir='ltr'><strong>et</strong></span> <span class='ocrx_word' id='word_1_774' title='bbox 1349 2833 1413 2868; x_wconf 73' lang='lat' dir='ltr'><strong>ﬁlia:</strong></span> <span class='ocrx_word' id='word_1_775' title='bbox 1430 2838 1530 2864; x_wconf 79' lang='lat' dir='ltr'><strong>cestrw,</strong></span> <span class='ocrx_word' id='word_1_776' title='bbox 1548 2837 1573 2858; x_wconf 79' lang='lat' dir='ltr'><strong>et</strong></span> <span class='ocrx_word' id='word_1_777' title='bbox 1598 2840 1669 2858; x_wconf 83' lang='lat' dir='ltr'><strong>senes</strong></span> <span class='ocrx_word' id='word_1_778' title='bbox 1689 2837 1766 2858; x_wconf 75' lang='lat' dir='ltr'><strong>vestri</strong></span> 
     </span>
    </p>
   </div>
   <div class='ocr_carea' id='block_1_60' title="bbox 151 2877 1768 2913">
    <p class='ocr_par' dir='ltr' id='par_1_60' title="bbox 151 2877 1768 2913">
     <span class='ocr_line' id='line_1_60' title="bbox 151 2877 1768 2913; baseline 0 -10"><span class='ocrx_word' id='word_1_779' title='bbox 151 2878 255 2904; x_wconf 74' lang='lat' dir='ltr'><strong>sonmiu</strong></span> <span class='ocrx_word' id='word_1_780' title='bbox 275 2878 451 2906; x_wconf 68' lang='lat' dir='ltr'><strong>somniubuut.</strong></span> <span class='ocrx_word' id='word_1_781' title='bbox 466 2883 490 2903; x_wconf 83' lang='lat' dir='ltr'><strong>ct</strong></span> <span class='ocrx_word' id='word_1_782' title='bbox 505 2879 609 2912; x_wconf 62' lang='lat' dir='ltr'><strong>juvenes</strong></span> <span class='ocrx_word' id='word_1_783' title='bbox 627 2879 706 2905; x_wconf 77' lang='lat' dir='ltr'><strong>uestri</strong></span> <span class='ocrx_word' id='word_1_784' title='bbox 731 2878 841 2905; x_wconf 72' lang='lat' dir='ltr'><strong>visiones</strong></span> <span class='ocrx_word' id='word_1_785' title='bbox 862 2878 994 2904; x_wconf 77' lang='lat' dir='ltr'><strong>videbunt.</strong></span> <span class='ocrx_word' id='word_1_786' title='bbox 1016 2877 1051 2904; x_wconf 87' lang='lat' dir='ltr'><strong>Et</strong></span> <span class='ocrx_word' id='word_1_787' title='bbox 1073 2887 1150 2913; x_wconf 79' lang='lat' dir='ltr'><strong>super</strong></span> <span class='ocrx_word' id='word_1_788' title='bbox 1166 2889 1252 2907; x_wconf 78' lang='lat' dir='ltr'><strong>servos</strong></span> <span class='ocrx_word' id='word_1_789' title='bbox 1272 2888 1352 2911; x_wconf 83' lang='lat' dir='ltr'><strong>meos,</strong></span> <span class='ocrx_word' id='word_1_790' title='bbox 1369 2885 1393 2907; x_wconf 82' lang='lat' dir='ltr'><strong>et</strong></span> <span class='ocrx_word' id='word_1_791' title='bbox 1417 2887 1493 2913; x_wconf 81' lang='lat' dir='ltr'><strong>super</strong></span> <span class='ocrx_word' id='word_1_792' title='bbox 1516 2878 1628 2904; x_wconf 82' lang='lat' dir='ltr'><strong>ancillas</strong></span> <span class='ocrx_word' id='word_1_793' title='bbox 1648 2886 1718 2904; x_wconf 84' lang='lat' dir='ltr'><strong>meas</strong></span> <span class='ocrx_word' id='word_1_794' title='bbox 1742 2879 1768 2904; x_wconf 84' lang='lat' dir='ltr'><strong>iu</strong></span> 
     </span>
    </p>
   </div>
   <div class='ocr_carea' id='block_1_61' title="bbox 153 2922 1765 2961">
    <p class='ocr_par' dir='ltr' id='par_1_61' title="bbox 153 2922 1765 2961">
     <span class='ocr_line' id='line_1_61' title="bbox 153 2922 1765 2961; baseline 0 -12"><span class='ocrx_word' id='word_1_795' title='bbox 153 2924 242 2951; x_wconf 74' lang='lat' dir='ltr'><strong>diebus</strong></span> <span class='ocrx_word' id='word_1_796' title='bbox 258 2925 312 2951; x_wconf 77' lang='lat' dir='ltr'><strong>illis</strong></span> <span class='ocrx_word' id='word_1_797' title='bbox 332 2925 464 2958; x_wconf 68' lang='lat' dir='ltr'><strong>c/I&#39;uiulum</strong></span> <span class='ocrx_word' id='word_1_798' title='bbox 479 2925 511 2952; x_wconf 76' lang='lat' dir='ltr'><strong>de</strong></span> <span class='ocrx_word' id='word_1_799' title='bbox 528 2925 628 2959; x_wconf 78' lang='lat' dir='ltr'><strong>Spiritu</strong></span> <span class='ocrx_word' id='word_1_800' title='bbox 644 2932 718 2958; x_wconf 81' lang='lat' dir='ltr'><strong>meo;</strong></span> <span class='ocrx_word' id='word_1_801' title='bbox 733 2930 756 2951; x_wconf 76' lang='lat' dir='ltr'><strong>et</strong></span> <span class='ocrx_word' id='word_1_802' title='bbox 774 2922 996 2951; x_wconf 75' lang='lat' dir='ltr'><strong>vaticinabantur.</strong></span> <span class='ocrx_word' id='word_1_803' title='bbox 1014 2923 1045 2950; x_wconf 80' lang='lat' dir='ltr'><strong>Et</strong></span> <span class='ocrx_word' id='word_1_804' title='bbox 1063 2924 1130 2952; x_wconf 81' lang='lat' dir='ltr'><strong>dabo</strong></span> <span class='ocrx_word' id='word_1_805' title='bbox 1143 2927 1264 2961; x_wconf 76' lang='lat' dir='ltr'><strong>prodigio</strong></span> <span class='ocrx_word' id='word_1_806' title='bbox 1280 2927 1306 2952; x_wconf 88' lang='lat' dir='ltr'><strong>iu</strong></span> <span class='ocrx_word' id='word_1_807' title='bbox 1323 2926 1386 2953; x_wconf 74' lang='lat' dir='ltr'><strong>cwlo</strong></span> <span class='ocrx_word' id='word_1_808' title='bbox 1402 2930 1426 2952; x_wconf 75' lang='lat' dir='ltr'><strong>et</strong></span> <span class='ocrx_word' id='word_1_809' title='bbox 1443 2933 1520 2960; x_wconf 75' lang='lat' dir='ltr'><strong>super</strong></span> <span class='ocrx_word' id='word_1_810' title='bbox 1535 2929 1642 2957; x_wconf 79' lang='lat' dir='ltr'><strong>(errant,</strong></span> <span class='ocrx_word' id='word_1_811' title='bbox 1660 2923 1765 2958; x_wconf 59' lang='lat' dir='ltr'><strong>sangui-</strong></span> 
     </span>
    </p>
   </div>
  </div>
