1947 3071
148 127 200 154 H7
786 127 865 156 ANG.
886 127 958 155 MA”
977 127 1172 155 I’RrEFATIO.
1737 126 1787 153 H8

145 194 206 213 nent
221 190 244 212 et
260 185 344 221 ignem
362 192 386 213 et
402 195 522 221 imperent
533 187 614 221 fumi;
631 187 671 214 sol
686 191 799 214 vertetur
811 189 838 214 in
856 188 984 220 tenebras,
1000 192 1025 214 et
1037 188 1100 215 luna
1111 189 1137 214 in
1151 187 1314 223 sanguinem,
1326 193 1386 214 ante
1401 195 1481 222 quam
1498 186 1584 213 veniat
1595 185 1650 212 dies
1671 184 1780 211 Domini

147 241 259 267 magnus
275 239 298 259 et
315 233 442 261 illustris.
461 233 508 266 liti,
523 235 646 269 ittquam,
664 240 725 270 post
739 236 790 262 alia
805 236 879 263 dicta
895 235 1056 263 Theodorus
1071 236 1190 271 disputat
1206 236 1245 263 sic
1259 244 1265 262 :
1286 235 1368 262 Verba
1380 235 1434 262 haec
1446 229 1539 261 beatus
1559 233 1653 260 Petrus
1669 232 1780 259 Juateos

146 280 284 315 alloquens
294 280 327 307 de
342 281 460 315 Spiritus
480 284 566 309 sancti
584 283 695 310 adventu
703 284 839 317 usurpavit
853 284 1105 316 convenientissima,
1122 281 1330 318 quandoquidem
1346 282 1434 316 prisca
1448 282 1490 308 lea:
1505 284 1656 315 futurorum
1668 281 1785 306 omnium

145 327 269 360 quadam
281 327 376 354 umbra
393 328 542 362 fuit.—~Et
557 329 605 356 illa
621 329 724 364 quidem
741 334 826 356 vetera
842 337 952 364 parvum
965 329 1030 365 quid
1049 335 1124 357 erant
1136 335 1161 356 et
1178 334 1302 364 tanquam
1315 327 1519 358 adumbratum;
1537 327 1576 353 ita
1593 331 1622 353 ut
1642 326 1784 353 secundum

128 406 129 410 η
146 375 304 408 hyperbolen
319 377 406 410 potius
427 385 506 412 quam
527 377 669 405 secundum
685 379 722 405 rei
736 379 882 412 veritatem,
899 379 971 406 dicta
982 380 1091 414 fuerint,
1109 379 1153 406 sed
1165 379 1222 413 ipsa
1234 378 1339 405 demttm
1348 377 1478 403 dictarunt
1488 376 1619 402 veracitas
1634 375 1661 402 itt
1677 374 1784 401 Christo

147 421 262 449 Domino
275 423 395 457 effectum
411 425 549 459 manifeste
564 426 675 458 habuit;
686 435 736 461 quo
749 432 863 462 tempore
880 436 975 462 magna
987 428 1075 455 omnia
1088 433 1111 454 et
1128 429 1243 462 terriﬁca
1258 434 1374 460 novaque
1388 429 1412 451 et
1427 425 1494 450 ntira
1510 432 1564 459 prce
1577 424 1678 450 cunctis
1691 423 1785 458 prisca:

147 468 212 502 lcqt’s
234 469 367 496 eventibus
389 476 565 504 apparuerunt
587 479 596 498 :
616 472 655 498 ita
679 476 708 498 ut
734 471 810 499 Vetus
836 473 1031 499 Testamentum
1053 473 1199 508 a'nigntatis
1217 472 1273 499 loco
1289 471 1378 505 fuerit,
1395 478 1482 496 rerum
1503 474 1590 495 autem
1606 470 1652 495 sub
1678 468 1784 496 Christo

148 513 263 541 Domino
284 520 418 550 gestarum
438 515 591 551 magnitudo
613 516 748 543 veritatem
772 517 876 544 demum
890 518 996 545 stiterit.
1015 518 1097 552 Atque
1113 518 1150 544 ita
1170 518 1260 544 beatus
1277 516 1364 543 aiebat
1384 515 1468 541 David
1483 514 1514 540 de
1537 515 1630 548 populo
1645 523 1652 541 :
1669 514 1727 542 Non
1743 519 1785 542 est

148 564 279 590 derelicta
296 565 386 591 anima
402 565 461 598 ejus
475 565 501 591 in
516 565 634 594 inferno.
653 573 740 600 neque
757 573 821 593 caro
835 566 894 600 ejus
912 567 979 593 vidit
992 567 1194 601 corruptionem
1212 568 1219 581 '
1234 575 1241 592 ε
1258 565 1325 601 quod
1341 572 1404 592 sane
1419 562 1451 589 de
1466 570 1493 588 re
1513 567 1567 588 tum
1584 567 1656 596 gesta
1673 562 1786 597 intelligi

148 610 248 643 nequit,
265 610 309 637 sed
322 611 496 646 tnetaphorice
509 617 585 647 atque
603 613 766 647 hyperbolice
781 614 879 640 dicitur
894 618 995 646 ereptus
1014 614 1124 649 populus
1139 614 1171 641 de
1185 614 1300 648 periculo
1316 617 1391 648 atque
1405 610 1526 645 pernicie.
1542 609 1588 636 Rei
1607 618 1686 644 porro
1700 611 1785 644 ipsius

149 657 316 690 vaticiniique
329 658 424 684 veritas
439 659 465 685 in
480 658 586 686 Christo
600 658 714 686 Domino
729 660 818 695 palam
833 660 905 694 facta
916 665 964 693 cst,
977 669 1034 687 cum
1052 665 1157 695 propter
1171 660 1322 694 resurgendi
1337 660 1458 686 virtutem
1469 664 1548 690 neque
1562 656 1652 682 aninta
1666 656 1722 690 ejus
1740 657 1785 682 ditt

150 702 221 735 apud
235 703 332 737 inferos
348 711 456 738 corpore
469 704 591 739 sejuncta
604 706 712 738 mansit,
725 714 805 740 neque
819 714 911 740 corptts
923 707 1115 739 corruptionem
1130 706 1212 732 ullam
1223 714 1330 740 passum
1346 705 1407 739 fuit,
1424 707 1493 740 quod
1506 714 1558 732 non
1573 704 1658 731 solum
1671 704 1785 738 ﬁguram

150 751 285 783 propriam
297 751 415 783 retinuit,
431 753 458 779 in
473 761 525 788 qua
540 758 672 780 mortuum
688 754 786 788 fuerat,
799 763 887 781 verum
901 755 982 781 etiam
998 754 1031 781 ad
1047 754 1222 781 immortalem
1237 754 1511 788 incorruptibilemque
1527 758 1650 780 naturam
1665 752 1783 779 transiit.

150 794 326 827 Quamobrem
343 797 433 831 priora
449 798 507 830 illa,
522 800 633 834 cenigma
649 800 773 834 fuerunt;
788 801 844 828 hac
860 802 1018 836 posteriora,
1033 803 1140 828 veritas.
1154 801 1251 828 Beatus
1269 802 1350 836 igitur
1369 801 1463 828 Petrus
1481 801 1564 828 verbis
1586 801 1640 827 illis
1657 805 1785 834 tanquam

150 841 214 867 olim
229 841 402 875 melaphorice
419 852 470 870 non
481 844 537 871 sine
555 853 637 872 causa
648 845 736 878 dictis,
758 855 825 873 ttunc
849 852 936 873 autem
953 851 1069 873 eventum
1088 855 1176 873 verum
1192 847 1218 872 in
1241 852 1313 881 gesta
1328 854 1355 873 re
1374 847 1529 878 consecutis,
1547 855 1610 872 usus
1622 850 1676 876 est;
1695 845 1734 872 ita
1757 850 1784 870 ut

150 895 219 913 nunc
239 889 322 922 magis
341 889 513 923 pra'sentibus
527 896 594 918 esset
616 891 782 924 credendam,
799 901 878 927 qttam
900 893 931 919 de
955 893 1050 927 priscis
1072 893 1127 920 illis
1147 894 1390 928 obstupesccndunt.
1417 893 1449 920 Et
1471 894 1552 929 paulo
1572 893 1642 920 infra
1658 903 1664 919 :
1682 892 1785 919 Cuncta

150 935 287 962 verissima
302 936 329 962 in
344 936 450 964 Christo
466 938 578 965 Domino
594 944 748 971 evaserunt;
765 945 858 966 namet
872 940 912 966 sol
924 949 978 967 vere
994 940 1176 967 obtenebratus
1191 941 1251 975 fuit,
1265 945 1288 967 et
1304 941 1368 966 luna
1382 941 1496 975 pariter;
1508 948 1654 975 magnaque
1664 945 1687 967 et
1701 940 1785 966 multa

149 980 214 1006 caelo
230 985 350 1017 terraque
363 984 486 1018 prodigia
503 985 673 1018 acciderunt;
695 992 719 1013 et
740 986 840 1014 Christi
864 987 971 1014 Domini
991 988 1117 1014 salutaris
1133 988 1240 1022 sanguis
1264 988 1334 1014 visus
1354 992 1412 1018 est;
1432 992 1456 1013 et
1471 987 1539 1021 ignis
1559 994 1700 1021 spectrttnt,
1716 987 1785 1021 quod

149 1025 328 1055 descendentis
343 1028 458 1064 Spiritus
473 1031 523 1058 vim
541 1033 730 1068 signiﬁcabat;
748 1034 790 1060 cui
802 1034 935 1068 prweessit
951 1034 1017 1065 fumi
1033 1041 1124 1068 vapor,
1141 1035 1185 1068 qui
1203 1039 1340 1061 erenturas
1355 1033 1557 1068 cruci/iatoribus
1572 1041 1661 1067 ptenas
1679 1039 1784 1067 porten-

150 1069 236 1098 debat.
251 1072 323 1099 Tunc
333 1075 414 1101 etiant
430 1075 546 1110 Spiritus
559 1078 646 1105 sancti
660 1079 754 1113 gratia:
767 1080 854 1105 cuncti
866 1080 1008 1114 participes
1025 1079 1090 1114 facti
1106 1084 1185 1112 sunt,
1203 1080 1343 1114 multisque
1362 1087 1393 1105 ac
1407 1080 1488 1106 variis
1502 1079 1705 1106 charismatibus
1720 1079 1785 1106 insi-

150 1119 236 1152 gniti:
252 1128 332 1155 quare
353 1122 402 1149 alii
412 1124 614 1158 prophetabant.
638 1126 685 1152 alii
700 1127 815 1160 plurima
836 1126 946 1154 edebant
965 1128 1106 1160 miracula,
1125 1127 1155 1154 ob
1178 1127 1346 1154 asserenda":
1369 1134 1447 1162 gestw
1470 1128 1506 1154 rei
1519 1128 1737 1163 magnitudinem,
1759 1133 1784 1154 et

151 1165 250 1193 Christi
264 1167 372 1195 Domini
385 1178 430 1196 seu
440 1171 519 1205 [idem
531 1181 575 1200 seu
589 1173 703 1208 gloriam
713 1166 959 1203 constabiliendam.
973 1175 1049 1208 Quod
1068 1176 1129 1203 olitn
1142 1176 1223 1211 igitur
1237 1176 1411 1210 ntetapltorice
1425 1176 1551 1211 propheta
1569 1177 1607 1202 vel
1621 1177 1783 1210 hyperbolice

149 1214 264 1249 dixerat,
282 1225 351 1244 nuttc
364 1219 533 1254 manifestam
551 1221 626 1248 habet
639 1222 850 1257 signiﬁcatarum
867 1231 954 1250 rerum
971 1223 1124 1254 veritatem;
1144 1223 1196 1250 itno
1213 1223 1290 1250 verba
1307 1223 1378 1257 infra
1398 1232 1438 1250 res
1454 1225 1525 1258 ipsas
1541 1229 1613 1250 sunt.
1630 1223 1684 1250 Cur
1696 1224 1784 1258 itaque

150 1258 198 1285 ltoc
218 1262 369 1289 vaticinium
384 1264 496 1300 itemque
507 1268 618 1302 reliqua,
635 1273 759 1303 quotquot
774 1269 806 1295 de
819 1269 880 1296 aliis
893 1269 964 1296 dicta
978 1277 993 1296 a
1005 1269 1137 1302 prophetis
1161 1273 1232 1301 sunt,
1245 1269 1276 1295 de
1288 1268 1387 1295 Christi
1402 1269 1508 1296 Domini
1521 1269 1702 1296 incarnatione
1713 1268 1783 1295 beati

150 1306 264 1335 apostoli
278 1308 537 1343 intellexerintJtanc
551 1314 644 1340 nterito
655 1322 734 1348 quam
748 1315 862 1342 discimus
874 1324 983 1342 causam
993 1315 1096 1342 credere
1110 1315 1178 1341 licet.
1196 1314 1240 1341 Sic
1254 1315 1321 1342 enim
1337 1319 1361 1342 et
1377 1316 1544 1350 antiquarttnt
1561 1324 1647 1342 rerum
1670 1314 1783 1341 historia

151 1351 257 1378 ’Πίηίυιε
271 1353 333 1387 ﬁcta
350 1362 466 1390 apparet,
481 1363 504 1384 et
519 1358 673 1393 magnitudo
687 1360 856 1392 pra'sentiutn
871 1367 903 1386 ea:
916 1360 1025 1386 illarum
1040 1359 1238 1393 comparatione
1249 1359 1333 1393 magis
1346 1360 1516 1393 coarguitur;
1533 1364 1610 1394 atque
1623 1358 1689 1385 illud
1705 1358 1784 1384 undi-

150 1405 199 1431 que
217 1406 336 1433 apparet,
354 1411 394 1429 res
411 1404 535 1431 nimirum
550 1405 641 1431 veteris
654 1405 716 1440 legis
736 1405 769 1431 ad
786 1405 855 1432 Novi
872 1406 1033 1433 Testantenti
1048 1411 1153 1433 eventus
1166 1405 1281 1440 referri:
1300 1405 1365 1432 adeo
1381 1410 1468 1433 tamen
1482 1407 1573 1441 priora
1592 1405 1783 1441 posterioribus

149 1445 249 1477 (cdere,
264 1453 393 1482 quantum
410 1459 516 1485 corpore
531 1451 651 1478 utnbram
666 1451 821 1479 deteriorem
838 1461 894 1480 esse
905 1461 953 1488 par
969 1458 1018 1483 est.
1033 1453 1082 1479 etsi
1095 1453 1129 1478 ad
1154 1452 1201 1478 hoc
1218 1452 1350 1487 quadrare
1366 1452 1477 1480 videtur.
1497 1454 1636 1481 Hactenus
1657 1453 1783 1480 Theodo-

151 1499 215 1525 rus;
232 1494 275 1520 cui
298 1495 491 1529 astipulantem
506 1499 577 1526 dabo
591 1499 731 1532 Ruﬁnum,
750 1501 795 1535 qui
814 1501 840 1527 in
864 1500 1061 1528 Commentario
1081 1500 1115 1527 ad
1132 1500 1207 1528 Osete
1222 1500 1299 1526 verba
1315 1507 1376 1534 cap.
1393 1509 1429 1534 ιι,
1449 1503 1475 1535 1,
1494 1501 1536 1528 Ea;
1556 1501 1672 1537 zEgypto
1695 1500 1783 1527 vocavi

150 1537 252 1565 Filium
272 1549 368 1574 meum,
384 1543 424 1570 sic
437 1545 550 1573 scribit:
566 1546 642 1579 Quod
659 1547 690 1574 de
709 1548 805 1581 popqu
825 1548 923 1574 dictum
947 1556 1002 1575 esse
1019 1548 1162 1582 prophetia:
1178 1552 1265 1574 textus
1287 1547 1411 1580 ostendit,
1432 1547 1480 1574 hoc
1494 1549 1574 1574 etiam
1589 1548 1623 1574 ad
1643 1555 1782 1582 personam

149 1583 258 1612 Domini
276 1589 360 1614 nostri
377 1588 443 1616 Iesu
457 1590 557 1618 Christi
569 1600 645 1626 posse
667 1594 820 1628 transferri,
836 1593 984 1627 apostolica
1002 1594 1157 1621 monstravit
1182 1593 1345 1624 auctoritas;
1365 1601 1410 1627 per
1434 1602 1509 1627 quem
1532 1594 1652 1620 videlicet
1670 1601 1701 1620 ea
1724 1601 1783 1628 qute

148 1630 252 1659 Judceis
272 1634 336 1661 data
352 1641 427 1663 erant
439 1637 535 1665 divina:
562 1641 669 1674 pietatis
689 1641 816 1676 insignia,
842 1646 867 1667 et
885 1641 1048 1668 cumulatius
1066 1641 1141 1668 nobis
1161 1641 1343 1674 conferrentur
1362 1645 1385 1667 et
1399 1640 1511 1675 gratius.
1528 1638 1565 1666 Ne
1590 1639 1656 1665 illud
1671 1647 1782 1674 quoque

152 1686 207 1705 non
225 1679 371 1707 dicendum
391 1687 441 1715 est,
468 1685 538 1718 quod
560 1685 756 1720 prophetarum
775 1686 843 1713 ordo
862 1686 933 1721 apud
952 1686 1126 1713 Theodorum
1146 1686 1273 1713 diversus
1288 1678 1303 1713 ἐι
1319 1685 1460 1713 conttttuni
1483 1685 1509 1711 in
1527 1685 1630 1712 Graecis
1652 1685 1782 1712 editioni-

150 1726 201 1754 bus
218 1732 271 1759 est,
290 1727 328 1755 illi
348 1737 413 1756 vero
430 1731 580 1760 conformis
596 1741 676 1768 quem
698 1733 794 1760 Latina
815 1734 924 1768 vulgata
949 1733 1058 1759 retinet.
1076 1732 1113 1759 Ea
1131 1740 1213 1767 porro
1232 1732 1432 1760 versiculorum
1449 1731 1604 1762 distinctio,
1618 1738 1699 1766 quam
1716 1737 1782 1758 neo-

149 1774 227 1802 terici
245 1775 419 1810 invexerunt,
438 1786 578 1814 quantque
591 1780 647 1815 jam
673 1784 781 1808 mutare
804 1781 839 1807 ob
855 1781 1048 1816 pervulgatum
1075 1788 1154 1807 nsum
1173 1788 1228 1807 non
1245 1781 1365 1815 expedit,
1392 1779 1512 1806 absurda
1535 1787 1606 1814 smpe
1629 1783 1656 1806 et
1682 1783 1778 1806 contra

149 1821 283 1849 orationis
302 1825 466 1852 sententiam
492 1827 690 1861 cognoscitur:
710 1827 782 1861 quod
800 1827 897 1853 vitium
919 1827 946 1853 in
964 1827 1114 1861 majoribus
1135 1834 1244 1861 quoque
1262 1827 1445 1861 capitulorum
1469 1826 1638 1854 seclionibus
1655 1827 1780 1861 quando-

150 1876 203 1903 que
215 1869 366 1898 adtttissum
383 1872 526 1906 videmus;
542 1881 602 1908 quae
616 1874 706 1901 omnia
727 1874 863 1901 Theodori
887 1882 989 1904 sermo,
1005 1874 1052 1909 qui
1070 1874 1187 1902 diversis
1205 1875 1290 1901 utitur
1306 1874 1409 1909 pausis,
1435 1874 1573 1900 emendat.
1591 1873 1681 1908 Atque
1707 1874 1777 1900 hanc

151 1915 271 1949 cupitum
287 1915 450 1944 divisionem
469 1919 624 1947 inconsulte
640 1919 787 1946 admodum
804 1919 904 1946 factam
921 1920 948 1946 in
961 1920 1104 1947 Ciceronis
1118 1927 1227 1954 quoque
1241 1916 1424 1951 orationibus,
1434 1919 1639 1946 demonstrasse
1659 1926 1701 1945 me
1716 1919 1781 1946 olim

150 1964 272 1996 memini,
285 1972 347 1992 cum
361 1965 539 1994 Verrinarum
560 1972 651 2002 partes
669 1975 702 1994 ex
721 1967 915 2002 antiquissimo
931 1967 1069 1994 Vaticana:
1085 1967 1259 1994 bibliothecae
1282 1967 1460 2002 palimpsesto
1484 1967 1602 1993 ederem.
1618 1965 1671 1994 Sed
1690 1971 1781 1994 tamen

150 2011 311 2041 Theodorus
328 2023 381 2042 non
401 2015 504 2044 idcirco
518 2018 598 2045 aliter
614 2023 772 2046 contextum
790 2019 921 2045 biblicum
938 2017 1186 2045 discrintinandum
1200 2017 1383 2049 demonstrat,
1399 2017 1472 2052 quod
1490 2017 1547 2052 ipse
1564 2017 1646 2043 ullam
1660 2017 1780 2051 capitum

150 2060 405 2096 versiculorumque
422 2064 570 2091 sectionem
593 2064 694 2097 faciat;
713 2068 754 2091 est
776 2065 849 2091 enim
870 2065 897 2091 in
916 2064 1010 2091 codice
1032 2064 1163 2091 continua
1183 2064 1319 2098 scriptura
1338 2063 1400 2097 (etsi
1418 2071 1468 2098 ego
1493 2063 1521 2089 in
1537 2062 1658 2090 editione
1680 2063 1782 2090 discri-

152 2109 281 2144 minavi);
296 2111 343 2137 scd
359 2112 423 2146 quia
438 2111 502 2139 dum
517 2113 597 2140 aliter
613 2112 753 2139 exorditur
769 2113 933 2145 orationem,
954 2114 1076 2148 itemque
1090 2113 1170 2140 aliter
1191 2112 1305 2142 claudit.
1322 2119 1402 2147 quant
1423 2111 1557 2147 Vulgatus
1572 2115 1664 2138 textus
1679 2119 1734 2146 pra:
1752 2120 1782 2139 se

152 2157 217 2188 fert,
235 2157 370 2186 diversam
388 2159 601 2194 rcspiralionum
617 2159 827 2194 scct'tonuutque
843 2161 978 2186 rationem
993 2167 1022 2186 se
1036 2159 1181 2194 agnovisse
1197 2159 1376 2186 demonstrat.

188 2203 251 2230 Vill.
275 2203 403 2239 Superest
428 2209 457 2232 ut
476 2205 661 2238 Theodorum,
675 2210 810 2241 quatenus
829 2213 843 2232 a
866 2211 940 2232 recto
960 2206 1070 2233 tramite
1093 2205 1200 2232 videtur
1217 2204 1371 2236 deﬂectere,
1392 2211 1595 2239 coarguamus;
1614 2204 1688 2231 haud
1704 2204 1779 2231 illius

151 2253 259 2288 quidem
274 2253 400 2281 diatribae
416 2261 492 2281 more
511 2262 571 2289 qua:
595 2255 667 2281 inter
697 2254 798 2289 scripta
823 2254 1012 2289 Chrysostomi
1039 2254 1071 2280 ad
1093 2253 1266 2280 Theodorum
1286 2253 1390 2288 lapsum
1413 2253 1522 2288 legitur,
1545 2253 1592 2280 sed
1611 2253 1665 2280 leni
1690 2253 1781 2288 potius

152 2299 336 2328 admonitione
351 2301 496 2336 legentium
513 2306 542 2328 ut
553 2302 733 2336 periculosam
751 2302 915 2336 quandoque
935 2302 1022 2336 ipsius
1038 2301 1187 2337 ἑρμηνείαν
1205 2303 1330 2328 caveant.
1349 2301 1395 2327 Est
1408 2301 1479 2327 enim
1495 2301 1629 2335 peculiare
1644 2300 1780 2329 Theodori

151 2346 315 2379 institutum,
337 2351 367 2374 ut
385 2347 528 2382 prophetas
552 2347 684 2375 historice
704 2347 831 2383 explicet,
851 2347 876 2374 id
900 2352 941 2375 est
966 2352 995 2374 ut
1019 2348 1072 2374 vim
1092 2347 1194 2382 passim
1220 2346 1408 2373 vaticiniorum
1434 2346 1467 2373 dc
1494 2346 1598 2374 Veteris
1612 2347 1779 2374 Testantcnti

151 2395 232 2421 rebus
247 2394 460 2428 hominibusque
471 2394 604 2430 intelligat
620 2402 651 2421 ac
669 2394 865 2429 interpretetur
879 2404 885 2421 ί
903 2395 1022 2429 atquein
1039 2394 1083 2421 his
1097 2394 1258 2421 nominatim
1274 2393 1427 2420 minoribus
1440 2394 1579 2428 prophetis
1594 2394 1779 2428 captivitatem

152 2449 257 2474 semper
270 2449 301 2468 ac
318 2441 516 2476 postliminium
532 2440 686 2468 indecorum
703 2449 759 2476 pra:
781 2441 870 2468 oculis
891 2441 989 2474 habet;
1010 2441 1038 2468 itt
1060 2441 1168 2468 duobus
1187 2444 1278 2468 autent
1301 2439 1458 2474 postremis,
1481 2439 1614 2467 Zacharia
1634 2441 1740 2467 scilicet
1755 2445 1781 2467 et.

152 2486 294 2518 Malachia,
311 2491 435 2522 tempora
450 2494 558 2522 quoque
577 2487 793 2514 Machabaeorum
818 2487 957 2523 agnoscit;
976 2487 1010 2514 ad
1025 2487 1165 2514 Christum
1181 2490 1270 2513 autem
1289 2486 1405 2520 ejusque
1428 2485 1578 2512 Ecclesium
1596 2487 1708 2513 nonnisi
1726 2487 1782 2514 fore

151 2539 260 2569 propter
272 2535 405 2561 veriorem
419 2534 624 2569 plenioremque
638 2534 760 2567 ἔκϐασιν,
781 2534 809 2562 id
825 2540 867 2562 est
888 2538 1017 2566 euentum,
1039 2533 1170 2560 vaticinia
1195 2532 1288 2563 refert,
1313 2536 1342 2559 ut
1366 2532 1394 2558 in
1416 2533 1527 2559 recitato
1542 2533 1666 2567 exemplo
1678 2541 1780 2568 cogno-

150 2582 248 2612 vimus.
267 2589 417 2616 rursusque
429 2582 462 2608 ad
479 2581 617 2609 Micbmam
639 2590 666 2616 ν,
689 2582 716 2615 2,
736 2582 781 2610 ubi
803 2583 837 2610 de
861 2582 1090 2617 promissionibus
1108 2589 1123 2608 a
1141 2580 1196 2608 Deo
1209 2580 1302 2609 Davidi
1325 2579 1405 2607 factis
1430 2584 1524 2607 noster
1543 2580 1682 2615 disputat;
1701 2585 1727 2608 et
1748 2581 1780 2608 ad

151 2628 310 2656 Zachariam
327 2638 365 2661 ts,
382 2629 426 2662 10,
440 2629 486 2657 ubi
501 2629 659 2657 vaticinium
676 2631 748 2657 inter
761 2630 957 2658 Zorobabelem
976 2635 1004 2658 et
1015 2630 1155 2657 Christum
1172 2628 1255 2656 dividi
1270 2636 1352 2663 posse
1363 2633 1455 2662 negat.
1475 2628 1555 2663 Atqui
1572 2628 1629 2656 lucc
1643 2629 1714 2656 ratio
1726 2637 1780 2656 non

150 2677 285 2704 immerito
298 2677 403 2705 Graecis
422 2676 581 2713 Latinisque
595 2674 723 2706 Patribus
739 2679 861 2714 ipsisque
875 2679 956 2706 etiam
971 2677 1094 2705 conciliis
1106 2680 1236 2711 suspecta
1247 2679 1328 2710 atque
1350 2675 1501 2710 improbata
1521 2675 1572 2702 fuit
1591 2685 1598 2702 :
1626 2680 1690 2703 sunt
1707 2675 1779 2702 enim

149 2731 244 2758 reapse
259 2723 390 2751 vaticinia
406 2725 500 2755 multa,
522 2732 582 2759 qute
598 2723 737 2751 Christum
753 2725 844 2757 unice,
868 2725 977 2752 nemine
1001 2723 1174 2758 interposito,
1196 2724 1339 2756 spectant;
1364 2729 1453 2756 neque
1475 2722 1609 2749 Theodori
1630 2722 1779 2750 auctoritas

149 2772 222 2794 tanta
242 2772 295 2800 est,
312 2777 400 2803 neque
412 2769 471 2804 ejus
486 2779 600 2800 acumen
615 2777 669 2799 tam
686 2773 823 2806 singulare
846 2772 1023 2804 credendum,
1043 2777 1072 2798 ut
1093 2770 1166 2805 quod
1184 2770 1229 2796 alii
1249 2769 1356 2800 Patres,
1379 2770 1447 2798 tales
1469 2771 1591 2806 tantique
1607 2771 1670 2801 viri,
1692 2770 1779 2798 subli-

150 2815 234 2842 lnim'e
250 2816 297 2842 illo
312 2818 502 2845 tantummodo
519 2827 601 2847 sensu
619 2819 777 2854 prtedictum
800 2825 929 2854 putarunt
953 2828 984 2848 ac
1005 2821 1170 2851 docuerunt,
1192 2817 1257 2844 huic
1283 2817 1416 2845 arbitratu
1439 2824 1488 2844 suo
1504 2817 1537 2844 dc
1560 2816 1642 2844 rebus
1661 2817 1777 2851 printum

185 2885 195 2903 ⁵
213 2885 286 2914 Psal.
300 2894 345 2914 sv.
363 2886 406 2914 10.
