1947 3071
157 151 206 180 no
770 154 850 182 suo.
873 153 945 181 MAI!
967 153 1163 183 ramento.
1733 149 1784 177 ἐκ)

153 210 283 237 humanis
297 211 433 245 expticare
447 208 537 240 liccat,
557 208 656 237 deinde
672 209 705 236 ad
725 209 833 238 divinas
850 211 999 239 transferre
1016 220 1023 238 :
1039 218 1100 246 qua:
1113 211 1183 238 ratio
1196 213 1363 244 quantopere
1380 207 1450 242 apud
1467 209 1562 243 vulgus
1577 208 1783 244 prophetiaritm

149 255 224 281 \ires
252 253 393 289 infringat,
420 254 630 281 imbecilliorum
656 254 736 282 tidem
763 255 895 287 debilitet,
921 256 1048 291 foresque
1067 257 1148 284 etiam
1180 255 1363 283 ineredulitati
1394 255 1588 282 nonnullorum
1608 255 1720 290 pandat,
1743 255 1783 289 pi'r

149 309 249 331 ontnes
267 303 398 330 sentiunt.
417 301 489 329 Sane
509 301 562 328 hoc
575 307 662 335 genus
683 300 915 335 interpretationis
935 302 1055 336 apprime
1079 300 1180 329 Iudaeis
1202 300 1364 336 capitalibus
1383 299 1487 327 Christi
1507 300 1782 334 Christianorumque

150 351 224 378 omni
240 354 362 384 tempore
379 349 515 381 hostibus,
530 347 669 383 placuisse
687 355 737 382 par
758 351 818 374 est:
838 348 872 375 ob
889 355 1004 382 eamque
1025 355 1136 375 causam
1165 347 1350 382 ἰουδαιόφρονα
1369 345 1540 373 Theodorum
1557 353 1572 372 a
1589 345 1705 381 Georgio
1723 345 1778 372 lla-

152 394 267 421 martolo
281 394 308 421 in
324 393 455 421 chronica
466 393 555 420 adhuc
571 392 674 419 inedito
687 391 790 418 dictum
807 397 889 426 puto;
907 396 964 420 tum
979 393 1060 419 etiam
1076 393 1139 428 quia
1157 393 1363 428 synedrieorum
1379 390 1591 418 commentarios
1605 390 1710 425 (nescio
1724 398 1779 425 quo

150 446 219 467 usus
236 439 392 474 interprete)
410 439 515 466 videtur
538 439 661 467 studiose
680 439 857 471 lectitavisse,
885 440 926 467 vel
953 442 1044 475 potius
1065 440 1174 468 Iudaeos
1198 441 1343 475 magistros
1360 438 1469 467 audisse
1491 447 1498 464 :
1523 445 1585 465 nam
1610 444 1683 466 certe
1707 440 1778 473 apud

149 483 350 513 llenaudotium
368 486 404 522 (ιι)
421 485 620 514 Bar—Salibreus
641 487 690 514 abs
712 486 813 514 Iudaeis
832 488 986 516 institutum
1007 489 1180 517 Theodorum
1199 493 1324 516 nostrum
1339 489 1465 516 atlirmat.
1482 489 1581 524 Utique
1595 498 1665 524 quas
1680 490 1778 516 Hiero-

149 537 248 566 nymus
266 532 332 559 dicit
348 540 409 560 esse
427 532 601 560 llebrmorum
623 533 784 564 sententias,
807 540 854 560 eas
869 534 939 568 apud
957 534 1130 562 Theodorum
1148 535 1311 569 quandoque
1325 533 1449 569 legimus.
1466 534 1542 568 Quod
1563 540 1652 561 tamen
1674 535 1770 562 obser-

149 584 193 607 vat
209 581 234 606 in
250 588 301 608 suo
315 580 509 608 Commentario
521 581 547 607 in
567 579 664 608 Jonam
682 581 874 617 Hieronymus,
891 581 1032 609 Hebrremn
1052 582 1200 617 Joscphum
1218 582 1327 609 Titanis
1343 580 1509 608 intellexisse
1523 579 1625 607 Ciliciae
1639 579 1775 612 Tarsum:

148 627 174 653 id
189 626 360 654 Theodorum
384 627 573 654 adversantem
593 626 683 653 habet.
705 626 762 654 Nec
786 634 868 661 porro
881 625 1002 654 Judaicte
1024 632 1105 654 sectae
1129 634 1248 654 amorem
1266 625 1411 653 Theodoro
1428 624 1562 659 imputare
1581 624 1654 655 licet,
1670 623 1775 650 etenim

147 673 176 701 in
193 675 303 710 prologo
318 675 350 701 ad
364 673 460 702 Jonam
473 673 629 701 Judzeorum
643 673 774 701 adversus
790 674 928 702 Christum
942 675 1122 708 pervicaciam
1140 681 1234 701 severe
1248 673 1373 707 castigat.
1385 671 1454 698 lllud
1468 671 1549 698 etiam
1561 670 1642 704 paulo
1661 670 1774 698 liberius

147 720 220 754 apud
236 719 407 748 Theodorum
429 721 484 748 dici
500 721 608 748 videtur
625 729 651 756 p.
675 721 720 753 63,
740 721 804 754 212,
817 721 882 755 225,
899 721 971 757 quod
994 722 1102 749 Veteris
1119 721 1286 749 Testamenti
1304 719 1461 747 hominibus
1483 727 1572 753 neque
1601 717 1661 745 Filii
1685 726 1774 753 neque

149 764 268 799 Spiritus
282 765 369 793 sancti
384 774 508 801 persona:
522 773 637 800 prorsus
653 766 823 794 innotuerint
840 766 932 801 ;quod
953 771 1044 793 tamen
1060 766 1230 800 privilegium
1246 764 1384 800 prophetis
1397 769 1471 792 certe
1486 765 1626 792 nonnullis
1641 765 1712 791 haud
1727 765 1776 792 de-

148 811 243 839 hcmus
258 811 374 847 eripere.
397 812 488 846 Qitare
507 815 704 842 commentario
721 814 754 841 ad
781 814 942 842 Zachariam
965 815 1105 842 substrata
1130 814 1244 849 legimus
1261 813 1346 840 Graeci
1367 813 1485 841 hominis
1510 814 1625 843 scholia,
1642 813 1775 840 adversus

147 858 218 886 hanc
234 858 370 887 Theodori
383 860 537 893 audaciam,
555 869 636 892 ouam
659 869 710 897 ego
733 869 843 897 quoque
862 863 1031 896 aliquantum
1048 862 1165 889 inhibui.
1186 861 1254 888 Illud
1268 861 1386 895 denique
1401 863 1444 887 vix
1458 863 1501 887 est
1517 860 1687 895 probandum
1701 859 1774 893 quod

147 904 192 931 Dei
209 905 359 933 locutiones
383 907 415 934 ad
436 907 565 942 propheta
604 908 776 943 visionesque
795 913 822 936 et
837 909 927 936 varias
948 908 1130 936 revelationes
1145 908 1226 935 unico
1240 915 1311 942 saepe
1330 907 1443 934 denotat
1462 905 1602 941 ἐνεργείας
1623 905 1772 935 vocabulo;

146 960 302 987 quanquam
316 953 366 980 hac
383 961 467 989 super
488 962 518 982 re
533 956 671 989 sapienter
683 961 815 990 acuteque
826 955 988 983 Theodorus
1003 956 1125 990 disputat
1142 955 1194 984 sub
1213 955 1321 982 initium
1345 953 1472 985 Naliumi,
1487 953 1532 980 ubi
1547 952 1643 987 λῆμμα
1653 952 1775 979 vocabu-

147 1002 201 1027 lum
213 1000 342 1035 explicat,
356 1001 422 1028 etin
440 1006 515 1029 recta
530 1011 644 1038 prorsus
656 1005 791 1032 sententia
811 1004 948 1032 consistit.
966 1003 1059 1038 Neque
1073 1011 1138 1030 vero
1152 1003 1297 1038 quisquam
1315 1009 1398 1029 sanus
1415 1001 1479 1028 mihi
1502 999 1685 1031 suecensebit,
1699 1001 1773 1035 quod

147 1047 283 1075 Theodori
299 1047 412 1082 scripta,
431 1048 482 1075 etsi
501 1050 587 1076 errori
604 1050 753 1084 aliquando
770 1051 905 1085 proxima,
924 1050 952 1076 i‘n
972 1050 1059 1076 lucem
1082 1049 1224 1081 emittam;
1243 1048 1310 1074 uteri
1324 1047 1396 1074 enim
1414 1055 1446 1074 ac
1461 1047 1526 1074 vitia
1546 1046 1637 1076 bonis.
1653 1051 1682 1073 ut
1695 1049 1774 1080 puto.

145 1093 272 1126 plurimis
286 1093 462 1121 obruuntur:
481 1099 538 1122 tum
554 1103 604 1130 ego
624 1096 695 1122 hanc
713 1096 866 1131 apologiam
891 1096 917 1122 in
939 1095 1098 1130 praafatione
1123 1095 1157 1122 ad
1180 1093 1319 1126 Photium,
1339 1093 1490 1128 praesertim
1509 1099 1572 1119 vero
1587 1091 1620 1118 ad
1657 1091 1774 1119 Ariano-

144 1147 205 1166 rum
220 1140 373 1175 fragmenta
389 1143 421 1176 (t.
437 1142 484 1174 lll,
501 1147 572 1177 part.
588 1151 619 1175 ιι.
640 1151 666 1178 p.
685 1144 814 1180 l86-l87)
829 1148 883 1171 tam
900 1144 999 1170 invicte
1015 1143 1143 1175 instruxi,
1163 1145 1192 1169 ut
1213 1141 1316 1169 nullum
1333 1140 1433 1167 addere
1445 1139 1558 1166 verbum
1572 1139 1628 1173 jam
1641 1146 1711 1174 opus
1725 1138 1774 1168 sit.

180 1184 225 1212 IX.
245 1186 445 1216 Constitueram
474 1189 538 1216 olim
562 1193 661 1216 cuncta
681 1189 817 1217 Theodori
851 1189 1002 1224 fragmenta
1030 1197 1063 1216 ex
1089 1187 1231 1215 Vaticanis
1258 1185 1409 1221 praesertim
1434 1184 1540 1212 catenis
1564 1182 1666 1210 Graecis
1691 1187 1775 1218 atque

143 1235 322 1264 Orientalium
338 1237 492 1272 linguarum
515 1236 656 1264 codicibus
677 1237 847 1271 eonjunetim
872 1238 952 1265 edere
965 1237 1002 1271 (ὁ)
1022 1247 1028 1264 :
1047 1237 1120 1271 quod
1145 1236 1208 1271 quia
1233 1243 1306 1262 tuine
1327 1242 1374 1270 per
1399 1230 1592 1266 occupationes
1613 1237 1665 1256 non
1685 1229 1772 1260 licuit,

144 1284 294 1319 fragmenta
312 1285 406 1312 saltem
422 1285 510 1319 ampla
528 1291 560 1311 ex
576 1283 636 1317 ejus
648 1282 798 1317 deperditis
811 1282 848 1309 De
860 1283 1046 1310 incarnatione
1065 1282 1182 1313 Domini,
1198 1285 1224 1308 et
1233 1278 1335 1307 Contra
1352 1277 1546 1313 Apollinarem,
1562 1279 1588 1303 et
1605 1277 1633 1302 in
1650 1275 1776 1302 Psatmos

144 1329 233 1359 libris.
244 1337 303 1364 qum
319 1329 448 1356 Leontius
464 1329 528 1355 olim
542 1328 726 1361 transi-ripsit,
741 1327 865 1354 (lanisius
886 1326 981 1353 Latine
997 1325 1184 1353 tantummodo
1207 1324 1302 1355 edidit,
1321 1331 1394 1350 nunc
1412 1330 1464 1357 ego
1486 1321 1579 1349 Graece
1594 1329 1626 1348 ex
1640 1320 1773 1348 Vaticano

144 1378 300 1408 pervetusto
316 1375 410 1402 codice
432 1374 594 1409 proferenda
612 1375 716 1406 curavi,
736 1382 798 1401 eum
820 1373 925 1401 Leontii
947 1373 980 1400 de
1000 1373 1042 1400 his
1062 1372 1176 1407 judicio,
1192 1372 1237 1405 qui
1253 1372 1380 1398 latentem
1396 1369 1423 1396 in
1439 1369 1481 1395 his
1498 1368 1621 1395 haeresim
1635 1372 1708 1394 recte
1726 1375 1771 1394 πη

143 1419 211 1451 ιωὶι,
224 1425 250 1446 et
265 1419 292 1446 in
312 1420 446 1454 prooemio
469 1419 608 1453 complura
628 1417 765 1445 Theodori
790 1426 872 1453 opera
888 1422 1041 1449 enumerat,
1059 1425 1120 1452 quae
1139 1417 1315 1444 consectanei
1333 1420 1388 1442 tam
1409 1416 1531 1443 studiose
1548 1415 1774 1448 oeeultabant,ut

143 1461 272 1490 Leontius
288 1464 346 1498 ipse
357 1463 466 1490 nonnisi
485 1470 568 1497 opere
585 1463 622 1490 De
637 1463 821 1490 incarnatione
841 1464 944 1498 potitus
960 1463 1006 1490 sit.
1024 1462 1077 1490 Sed
1092 1463 1163 1489 enim
1177 1470 1227 1490 nos
1245 1462 1330 1489 multo
1347 1462 1411 1489 olim
1430 1463 1507 1498 plura
1522 1461 1657 1489 Theodori
1669 1461 1772 1496 scripta

143 1508 171 1535 in
190 1507 350 1543 praefatione
363 1508 396 1535 ad
413 1508 530 1543 primum
544 1508 721 1536 Collectionis
737 1513 839 1535 nostrze
855 1509 982 1535 volumen
996 1508 1215 1543 percensuimus.

178 1595 216 1627 (α)
238 1595 337 1631 Liturg.
356 1595 401 1623 0r.
419 1600 438 1622 ι.
451 1595 483 1626 ll,
500 1603 526 1630 p.
542 1594 604 1622 622.
670 1630 673 1631 ν
918 1629 923 1631 Α
980 1596 1090 1626 Niceno,
1108 1596 1152 1622 ubi
1170 1596 1202 1623 de
1215 1601 1310 1623 sancto
1326 1597 1427 1631 Spiritu
1444 1597 1470 1623 in
1493 1596 1584 1623 Jcsum
1600 1596 1771 1631 baptizatum

178 1631 214 1663 (ὸ)
236 1629 341 1667 lluruni
360 1629 578 1667 [raginentoruin
602 1630 750 1667 specimen,
766 1634 878 1667 pprattrr
899 1629 924 1656 iul
981 1632 1189 1665 superveniente
1213 1640 1304 1658 sermo
1325 1629 1362 1661 lit.
1386 1637 1438 1659 etc.
1464 1632 1572 1667 Legitur
1601 1629 1671 1659 iul-"ra
1697 1632 1773 1660 inter

142 1666 214 1696 quod
227 1667 297 1692 ndidi
311 1666 343 1692 ad
360 1665 447 1700 Photii
462 1665 721 1700 Amphilochianain
732 1665 846 1698 primam
864 1673 924 1698 cap.
980 1666 1115 1693 Theodori
1133 1667 1282 1700 fragmenta
1302 1668 1327 1693 iu
1340 1667 1484 1694 Joannem.

143 1701 194 1732 DS,
217 1705 304 1728 exstat
334 1702 361 1728 in
383 1699 513 1727 Vaticana
535 1701 561 1726 in
582 1700 681 1726 Lucam
704 1699 804 1727 Catena
827 1701 924 1726 inedita

153 1809 774 1817 —____._—_——_——
787 1809 890 1815 ...-

488 1904 621 1949 ANG.
671 1902 803 1946 MA”
848 1900 1168 1946 PBJEFATIO
1205 1902 1453 1946 ALTERA.

606 2010 763 2043 (Bibliotheca
773 2017 833 2035 nova
846 2011 957 2040 Patrum,
969 2013 1026 2034 tom.
1040 2011 1092 2039 γι»,
1107 2011 1187 2035 anze
1198 2010 1279 2042 185$.)

939 2112 974 2119 ..-

179 2195 200 2222 1.
222 2194 260 2222 De
270 2202 411 2222 sacrorqu
427 2196 558 2222 librorum
579 2196 749 2223 obscuritate
773 2196 866 2231 (quam
889 2197 915 2223 in
940 2197 1081 2232 prophetis
1101 2198 1237 2231 praecipue
1251 2195 1396 2230 compcriri
1425 2203 1537 2223 necesse
1554 2197 1606 2232 est)
1620 2195 1768 2233 Polychro-

148 2245 206 2271 nius
220 2244 385 2277 Apamensis
400 2245 544 2278 episcopus
556 2243 637 2270 breve
652 2244 716 2269 olim
733 2244 882 2278 capitulum
895 2245 1020 2279 scripsit,
1036 2245 1107 2278 quod
1123 2252 1173 2270 nos
1190 2246 1215 2270 in
1227 2243 1418 2277 antiquissimo
1429 2241 1524 2270 codice
1534 2241 1665 2270 Vaticano
1674 2245 1768 2272 obser-

145 2294 248 2321 vatum,
262 2293 289 2317 et
303 2297 318 2316 a
333 2289 430 2316 Photio
447 2290 528 2316 etiam
543 2291 614 2315 inter
629 2289 873 2323 Amphilochianas
888 2290 1056 2324 quaestiones
1077 2297 1146 2324 quas
1164 2290 1300 2316 edidimus
1320 2290 1445 2322 relatum,
1472 2294 1535 2318 ante
1562 2290 1611 2317 hos
1633 2299 1720 2318 annos
1740 2292 1768 2319 in

146 2336 317 2370 Scriptorum
332 2341 452 2362 veterum
471 2335 557 2370 primo
571 2335 710 2362 volumine
734 2335 941 2362 eolloeavimus.
962 2335 1047 2368 Quam
1070 2343 1142 2362 nunc
1165 2342 1220 2361 rem
1246 2342 1461 2362 commemorare
1477 2343 1530 2362 non
1547 2336 1597 2362 fuit
1614 2336 1720 2368 inutile,
1739 2343 1768 2364 ut

146 2383 234 2417 major
245 2383 310 2410 hinc
327 2383 387 2410 laus
404 2382 437 2409 ad
456 2382 629 2417 Polychronii
646 2381 757 2409 fratrem
769 2381 945 2409 Theodorum
958 2387 1082 2410 nostrum
1098 2382 1316 2416 Mopsuestenum
1333 2381 1479 2413 redundet,
1496 2382 1576 2417 cujus
1591 2388 1645 2410 tam
1658 2384 1767 2418 planam

145 2433 254 2463 tamque
267 2429 441 2464 perspicuam
459 2429 654 2463 prophetarum
678 2430 814 2456 minorum
837 2431 1091 2465 interpretationem
1115 2430 1264 2461 eﬂ'erimus,
1288 2437 1405 2464 quorum
1425 2431 1585 2465 plerumque
1599 2431 1728 2464 elocutio,
1743 2432 1766 2459 si

145 2476 216 2502 nuda
234 2480 381 2509 spectetur,
401 2483 470 2510 pene
487 2483 542 2510 pm
566 2477 674 2504 czeteris
690 2482 876 2503 sacrosancta:
892 2478 1043 2513 Scriptura:
1058 2478 1216 2505 auctoribus
1232 2478 1408 2505 obscuritatis
1423 2477 1540 2512 caligine
1554 2478 1638 2512 premi
1649 2477 1766 2505 videtur.

143 2519 177 2546 Et
191 2521 372 2548 nihilominus
390 2522 544 2549 luminosus
559 2523 627 2549 adeo
644 2523 687 2549 vir
702 2523 865 2551 Theodorus
887 2524 987 2551 librum
1004 2525 1063 2560 ipse
1079 2533 1188 2559 quoque
1211 2525 1245 2552 de
1265 2525 1381 2552 obscura
1399 2525 1537 2552 locutione
1559 2525 1720 2558 (Biblioruln
1738 2530 1768 2553 ut

144 2567 222 2602 puto)
237 2569 453 2603 conscripserat.
472 2570 505 2596 ab
522 2569 657 2598 Ehediesu
680 2571 708 2597 in
723 2572 848 2605 catalogo
863 2579 913 2599 suo
934 2577 1126 2602 memoratum,
1148 2581 1202 2607 quo
1220 2573 1324 2607 scripto
1344 2573 1419 2599 fratri
1437 2579 1487 2599 suo
1503 2571 1686 2606 Polyehronio
1701 2578 1767 2607 sup-

144 2614 233 2647 petias
260 2613 378 2641 fortasse
403 2616 516 2644 ferebat.
536 2617 590 2645 Sed
606 2626 698 2646 nonne
717 2627 792 2652 vero,
806 2620 880 2647 dicet
891 2621 1002 2654 aliquis,
1020 2620 1081 2647 aliae
1096 2621 1180 2647 etiam
1195 2626 1306 2647 exstant
1326 2621 1359 2647 ad
1377 2621 1426 2647 hos
1446 2620 1602 2647 salebrosos
1622 2619 1768 2654 prophetas

143 2664 370 2697 explanationes?
383 2665 498 2694 Exstant
517 2676 593 2700 sane,
613 2674 642 2695 ut
659 2670 762 2704 publici
782 2670 844 2696 libri
867 2670 976 2700 docent,
997 2674 1082 2704 utque
1108 2670 1176 2697 alias
1202 2669 1365 2696 nominatim
1389 2667 1535 2699 recensui;
1556 2666 1710 2701 mirumque
1726 2670 1766 2693 est

143 2709 216 2743 quod
235 2710 306 2736 intra
319 2711 515 2747 quinquaginta
527 2715 638 2743 circiter
654 2725 751 2747 annos,
766 2725 864 2751 nempe
875 2718 909 2744 ab
920 2721 1042 2744 extrema
1059 2717 1151 2744 saeculi
1169 2718 1259 2751 quarti
1277 2721 1365 2751 parte,
1381 2717 1413 2743 ad
1435 2715 1554 2742 medium
1570 2715 1626 2741 fere
1637 2714 1765 2741 saeculum

143 2755 269 2787 quintum
294 2756 376 2790 (quod
405 2757 498 2785 hercle
519 2760 628 2787 doctius
653 2761 781 2788 Ecclesiae
801 2770 888 2787 mrum
914 2762 976 2794 fuit)
997 2761 1148 2788 floruerunt
1171 2762 1333 2788 nobilissimi
1355 2761 1546 2796 prophetarum
1568 2760 1663 2786 horum
1683 2759 1765 2786 inter-

165 2805 235 2827 retes
252 2800 397 2828 Theodoro
414 2808 510 2829 nostro
525 2807 760 2840 contemporanei,
779 2806 805 2838 1,
828 2806 858 2832 S.
875 2806 1072 2841 Hieronymus;
1094 2808 1121 2837 2,
1142 2806 1267 2839 Rufinus,
1287 2812 1316 2834 ut
1331 2808 1412 2841 vulgo
1431 2807 1456 2833 in
1477 2805 1618 2832 codicibus
1633 2805 1765 2840 librisque

145 2845 293 2878 scribitur;
310 2848 336 2877 5,
350 2847 378 2874 S.
390 2848 508 2882 Cyrillus
524 2849 741 2882 Alexandrinus;
760 2851 786 2882 4.
803 2850 1001 2878 Theoderetus.
1022 2851 1125 2878 Horum
1147 2852 1258 2886 inquam
1279 2852 1398 2878 omnium
1419 2852 1543 2878 videntes
1560 2850 1630 2885 typis
1647 2850 1763 2885 impres—

149 2897 193 2917 eos
210 2890 363 2922 luculentas
373 2895 593 2925 conmentarios,
610 2902 678 2929 quas
690 2904 751 2922 cum
764 2896 956 2929 Mopsucstcno
972 2902 1068 2924 nostro
1090 2897 1226 2930 conferre,
1244 2897 1359 2932 perutile
1375 2897 1582 2932 jucundumquc
1599 2896 1694 2924 lectori
1709 2895 1764 2925 fore
