1947 3071
142 169 186 198 με]
760 172 839 200 ANG.
861 172 930 200 MAII
952 171 1146 200 PR/EFATIO.
1720 172 1769 199 P22

139 233 206 263 puto
221 237 227 255 :
241 229 343 263 quibus
355 236 407 264 ego
423 229 473 256 etsi
492 227 557 255 nihil
573 227 717 255 detrahere
735 230 807 261 volo,
825 231 869 256 aio
885 229 1067 256 nihilominus
1083 232 1208 255 nostrum
1228 227 1302 256 hunc
1319 227 1404 255 videri
1425 227 1561 256 scribendi
1582 233 1639 255 arte
1661 236 1714 255 non
1728 229 1771 255 in-

139 274 278 306 feriorem,
294 275 468 309 limpitutline
484 281 572 302 autem
588 279 615 302 et
628 277 748 303 naturali
760 276 878 311 quadam
892 276 1022 303 facilitate
1036 283 1119 310 prope
1139 275 1296 310 gratiorem.
1320 273 1436 302 Felicem
1452 283 1546 303 rursus
1563 280 1668 302 nitatem
1695 275 1769 301 illam

140 319 270 353 pra-diro,
285 327 346 354 qum
369 327 464 354 praeter
481 322 529 348 hos
547 322 680 356 quinque,
696 322 758 348 tulit
778 329 804 348 et
827 322 896 349 alios
920 329 994 349 nunc
1016 321 1173 357 deperditos
1194 320 1352 347 eorumdem
1374 321 1567 355 prophetarum
1592 320 1769 353 interpretes:

139 365 247 392 scilicet
266 365 410 402 Didymum
425 372 493 396 teste
506 369 672 404 Hieronymo
692 370 728 396 De
744 370 793 398 uir.
811 370 852 397 ill.
868 378 893 397 c.
911 370 978 403 109;
994 369 1233 405 Chrysostomum,
1247 376 1328 403 quem
1346 376 1376 395 se
1395 369 1494 403 legisse
1511 369 1548 395 ait
1567 369 1593 395 in
1608 367 1769 403 praefatione

140 419 191 438 sua
209 412 335 445 Ruﬁnus.
352 416 508 451 pariterque
524 417 694 452 Epitrazmius
709 419 899 446 Antiochenus
922 419 994 454 apud
1010 417 1136 445 Photium
1154 417 1228 452 (cod.
1244 417 1305 448 129,
1323 417 1365 444 ed.
1381 425 1408 451 p.
1422 415 1500 450 820);
1521 415 1668 442 Eudociam
1693 414 1769 440 deni-

139 464 368 510 paean-gustatu.
384 467 412 489 ut
426 463 494 510 idem
510 465 546 510 in
555 465 650 493 codice
670 466 719 494 184
748 467 833 493 tradit
846 467 969 495 Photius.
987 466 1064 500 Quod
1080 467 1102 494 si
1119 473 1182 493 vera
1197 471 1239 493 est
1253 465 1416 492 Parisiensis
1429 464 1532 491 codicis
1549 464 1599 491 142
1613 462 1767 498 inscriptio,

139 503 206 555 latet
221 504 258 531 ibi
271 507 355 555 cotevi
373 509 511 555 praedictis
527 508 673 544 Epiphanii
697 512 724 537 in
749 510 903 538 Nalmmum
926 513 1134 538 commentatio.
1164 511 1232 538 Nam
1258 511 1403 545 cujusnam
1426 511 1518 538 saeculi
1537 511 1617 538 homo
1633 511 1656 537 is
1675 510 1766 542 fuerit,

140 553 221 583 cujus
243 553 384 604 tros-olim
412 553 564 589 fragmenta
582 556 636 583 tria
657 558 836 585 recitarimus
857 558 966 593 (Script.
990 564 1039 586 vel.
1059 567 1105 590 vn,
1133 567 1160 593 p.
1178 559 1239 593 68),
1263 559 1315 585 hoc
1331 559 1410 585 titulo
1426 568 1433 586 :
1448 558 1577 589 Ἐϐίωνος
1590 559 1621 584 ἐκ
1637 558 1686 592 τῆς
1703 557 1768 592 περὶ

139 599 288 650 Ϊτροφητῶν
303 599 469 636 ἐξηγήσεως,
487 603 596 631 Ebiom’s
608 611 640 631 επ
652 608 820 633 enarratione
837 608 864 633 in
875 615 906 641 pr

999 616 1025 638 ‘s.
1041 615 1096 633 non
1117 606 1197 633 facile
1213 606 1359 633 definietur
1377 615 1384 633 :
1401 603 1502 632 etenim
1521 604 1548 630 in
1569 602 1664 630 codice
1682 602 1768 629 nobili

139 644 284 696 Yaticano,
301 655 382 696 quem
400 650 496 676 iterum
512 651 693 685 inspeximus.
710 652 842 680 scribitur
858 653 1003 687 perspicue
1017 652 1155 684 ’E6iuwog.
1174 653 1211 679 ita
1231 656 1260 678 ut
1280 651 1455 686 cogitandum
1473 649 1601 676 videatur
1618 648 1652 675 de
1665 647 1768 675 EbiOne

139 686 255 717 Joannis
267 691 383 725 apostoli
396 697 637 728 contemporaneo.
661 696 732 723 Sane
754 695 886 728 Ebionwi,
904 686 1018 724 auctore
1038 697 1196 724 authentico
1219 697 1371 732 Epiphanio
1392 696 1459 730 (ilmf‘
1482 693 1567 725 XXX,
1587 693 1642 728 18),
1657 697 1771 720 caeteros

140 736 288 768 prophetas
306 736 485 770 detestantes.
501 747 586 766 unum
601 740 742 767 Christum
764 742 951 776 agnoscebant
971 742 1144 777 prophetam,
1166 743 1200 769 de
1217 751 1271 777 quo
1290 750 1344 769 uno
1360 748 1456 776 reapse
1477 741 1530 767 tria
1549 740 1595 766 illa
1617 739 1769 773 fragmenta

142 779 303 831 loquuntur.
321 782 354 831 At
375 790 439 831 vero
458 783 583 811 Labbeus
605 785 814 820 (conspect.op.
832 785 956 812 Damasc.
979 794 1006 821 p.
1026 786 1081 820 50).
1099 786 1204 820 legebat
1223 787 1250 813 in
1267 786 1362 814 codice
1374 787 1515 814 Gallicano
1538 786 1683 817 Εὺϐἱωυος.
1703 784 1769 812 Utra

141 825 224 853 lectio
240 828 278 853 sit
293 828 392 860 verior,
408 828 480 857 Deus
492 831 562 865 scit;
579 832 627 859 sed
637 837 711 860 certe
725 838 751 859 ct
762 832 869 860 Eubion
888 834 1019 868 antiquus
1037 833 1117 860 homo
1129 833 1190 865 fuit,
1203 833 1424 869 quandoquidem
1438 834 1604 861 Anastasius
1616 832 1767 868 presbyter.

141 872 212 906 apud
228 881 310 907 quem
326 874 478 910 fragmenta
493 877 539 904 illa
556 884 663 906 servata
675 884 750 910 sunt,
770 881 802 906 ad
818 881 906 914 prisca
922 881 1022 907 saecula
1040 881 1169 914 pertinet,
1186 888 1235 908 nec
1254 881 1310 908 fere
1329 881 1522 915 Mopsuesteno
1540 880 1677 908 recentior
1691 879 1768 914 judi-

141 919 247 969 candus
257 925 310 969 est.
325 922 471 969 anastasio
483 929 574 951 autem
587 929 835 959 contemporaneus
849 925 901 952 fuit
917 926 1082 961 Hesychius,
1099 926 1180 961 cujus
1197 926 1289 954 multte
1305 927 1421 961 sparsim
1439 927 1473 954 ad
1491 926 1637 962 prophetas
1653 924 1769 952 adnota-

141 965 230 992 tiones
241 966 268 992 in
282 965 424 994 Vaticanis
437 969 580 997 codicibus
596 970 691 997 latent.

177 1035 209 1062 ll.
232 1036 425 1065 Verumtamen
445 1042 474 1065 ut
485 1037 517 1063 ad
535 1037 757 1072 Mopsuestenum
778 1044 903 1065 nostrum
927 1039 1081 1071 redeamus,
1101 1039 1220 1066 hominis
1235 1039 1343 1074 quidem
1359 1039 1518 1070 historiam,
1536 1042 1593 1066 tota
1606 1036 1771 1070 antiquitate

141 1085 167 1108 et
182 1084 332 1116 praesertim
348 1084 374 1110 in
390 1083 500 1111 Oriente
515 1083 677 1118 famigerati,
690 1085 715 1110 iu
730 1084 781 1110 alia
795 1092 843 1111 nos
863 1083 1033 1118 Scriptorum
1047 1084 1207 1112 collectione
1222 1089 1241 1111 t.
1257 1084 1299 1116 Vl,
1317 1085 1551 1116 adumbravimus,
1575 1083 1662 1118 deque
1686 1075 1769 1108 libro-

142 1134 201 1153 runt
213 1129 273 1163 ejus
293 1130 476 1163 multitudine,
498 1133 614 1165 meritis,
633 1140 665 1159 ac
681 1133 952 1167 reprehensionibus,
969 1133 1047 1165 satis,
1064 1137 1093 1159 ut
1105 1137 1180 1168 pulo,
1197 1132 1327 1164 diximus,
1343 1136 1370 1160 ct
1389 1133 1467 1160 nobis
1485 1140 1557 1159 nunc
1569 1131 1646 1165 plura
1661 1129 1769 1157 dicendi

141 1177 228 1203 otium
247 1177 372 1206 iecimus.
394 1180 462 1211 Quia
485 1184 575 1207 tamen
591 1180 719 1214 pleraque
740 1181 850 1207 nonnisi
865 1179 957 1207 Graece
979 1181 1007 1207 in
1024 1181 1111 1207 lucem
1133 1184 1211 1207 antea
1224 1179 1383 1212 extulimus,
1402 1179 1489 1206 visum
1503 1181 1545 1205 est
1565 1181 1640 1203 lauto
1657 1179 1770 1202 auclore

141 1223 245 1250 diutius
257 1224 381 1251 homines
398 1223 490 1252 Grmce
512 1226 622 1260 ignaros
636 1234 689 1252 non
705 1225 832 1252 fraudare
849 1235 855 1252 :
878 1225 970 1260 itaque
991 1226 1110 1260 antiqme
1133 1229 1233 1252 nostrae
1254 1224 1445 1259 promissionis
1461 1229 1595 1249 memores
1615 1224 1703 1246 totunt
1716 1219 1768 1246 im—

140 1272 218 1306 pigre
235 1271 362 1299 Latiuum
387 1272 512 1306 fecimus,
535 1279 644 1308 tamque
673 1275 762 1309 spisso
780 1281 861 1308 opere
881 1281 1007 1308 magnam
1032 1273 1113 1307 hujus
1130 1272 1278 1299 voluminis
1303 1276 1407 1306 partem
1425 1269 1608 1304 implevimus.
1624 1267 1657 1294 Et
1670 1271 1772 1300 seoan

140 1318 251 1352 quidem
265 1319 449 1354 Mopsuesteni
468 1319 669 1355 est,.ludaicam
686 1320 836 1354 praesertim
855 1319 998 1346 historiam
1021 1320 1177 1350 illustrare;
1202 1319 1238 1344 ita
1251 1321 1342 1344 tamen
1367 1321 1396 1344 ut
1422 1316 1613 1351 propheticum
1630 1314 1769 1349 spiritum.

139 1368 167 1390 ct
182 1364 339 1391 relationem
356 1365 391 1392 ad
403 1364 540 1392 Christum
554 1365 699 1400 praecipuis
710 1365 744 1396 .in
758 1365 826 1391 locis
846 1372 908 1399 agnt

1001 1372 1024 1390 lc
1040 1364 1169 1395 fateatur,
1182 1370 1339 1399 quanquam
1365 1370 1436 1397 saepe
1464 1362 1525 1388 κατ’
1543 1361 1666 1392 ἔκϐασιν,
1686 1359 1711 1386 id
1728 1363 1770 1386 est

140 1412 293 1439 secundum
306 1413 456 1447 pleniorem
478 1413 504 1439 in
520 1412 631 1439 Christo
645 1412 863 1446 Christianisque
882 1412 964 1439 rebus
984 1413 1177 1438 vaticiniorum
1194 1415 1320 1439 eventum
1339 1419 1345 1437 :
1361 1411 1432 1445 quod
1450 1418 1537 1445 genus
1558 1407 1768 1443 interpretandi,

139 1459 192 1486 etsi
209 1460 269 1486 aliis
281 1467 391 1495 quoque
406 1459 457 1486 SS.
480 1459 631 1486 Bil'liorum
649 1459 845 1494 interpretibus
868 1467 922 1486 non
947 1459 1025 1494 plane
1050 1459 1201 1489 insolitum.
1226 1459 1254 1485 in
1279 1455 1424 1485 Theodoro
1440 1462 1531 1483 tamen
1550 1458 1707 1489 suspectum
1721 1453 1772 1479 alia

139 1506 253 1539 quando
268 1505 339 1539 fuit;
361 1509 388 1532 et
412 1506 438 1532 id
463 1513 529 1533 sane
553 1505 664 1532 nonnisi
686 1506 728 1540 pie
748 1505 911 1540 sinceraque
931 1512 993 1532 cum
1013 1504 1065 1531 iide
1086 1512 1099 1530 a
1118 1503 1275 1531 Christiano
1301 1503 1436 1538 scriptore
1453 1501 1509 1528 lieri
1526 1499 1618 1527 debet.
1633 1498 1720 1530 Quam
1736 1497 1771 1524 ob

139 1558 199 1577 rem
215 1555 310 1578 nosrer
327 1551 403 1578 visus
414 1554 456 1577 est
469 1551 606 1585 aliquibus
624 1550 817 1586 ἱουδαιὸερρων;
833 1557 990 1585 quanquam
1010 1550 1068 1584 ipse
1087 1549 1198 1576 Christo
1215 1557 1244 1576 se
1259 1549 1375 1576 firmiter
1388 1547 1509 1579 credere,
1526 1551 1552 1574 et
1566 1545 1627 1580 ejus
1641 1543 1771 1572 deitatem

139 1598 357 1634 teciinomiazque
375 1599 533 1634 mysterium
554 1598 679 1632 religiose
701 1598 837 1628 venerari,
856 1597 959 1631 liquido
981 1597 1161 1629 demonstrat,
1182 1601 1245 1631 puta
1273 1604 1317 1631 pp.
1337 1596 1398 1628 159,
1422 1594 1484 1627 150,
1509 1593 1569 1621 191.
1593 1592 1689 1620 Utrum
1706 1598 1772 1618 vero

138 1650 167 1673 et
182 1646 314 1673 llebraire
328 1646 449 1677 sciverit,
465 1653 518 1672 non
534 1644 601 1672 satis
617 1647 743 1677 constat;
759 1644 807 1671 sed
822 1644 941 1679 Syriacae
961 1644 1056 1670 saltem
1073 1643 1183 1669 dialerti
1204 1650 1256 1668 non
1276 1642 1328 1668 fuit
1344 1643 1466 1677 ignarus,
1481 1643 1609 1678 quoniam
1624 1640 1722 1676 Syrum
1738 1648 1773 1666 ex

139 1691 277 1718 llehraico
296 1691 470 1726 interpretem
497 1698 550 1717 non
569 1690 653 1718 semel
673 1690 792 1724 exagitat
813 1697 844 1716 ac
867 1688 967 1715 refutat
984 1696 1026 1723 pp.
1043 1689 1106 1719 ‘Ml,
1129 1687 1192 1719 232,
1208 1688 1271 1715 263.
1291 1687 1325 1713 At
1347 1687 1404 1722 ipse
1424 1692 1497 1714 certe
1515 1686 1585 1713 LXX
1603 1687 1767 1718 interpretes

140 1740 223 1767 unice
236 1739 373 1774 sequitur,
385 1738 548 1769 admiratur,
566 1745 596 1764 ac
617 1737 709 1764 laudat
727 1745 753 1772 p.
766 1736 829 1763 952.
849 1735 984 1763 I’rzeterca
999 1736 1103 1762 Variam
1119 1740 1146 1762 et
1162 1735 1299 1761 curiosum
1314 1735 1495 1762 eruditionem
1518 1738 1613 1767 sponte
1626 1731 1775 1766 deditoque

140 1792 225 1820 opera
240 1785 328 1812 vitare
340 1792 370 1812 se
386 1785 452 1812 dicit
466 1794 493 1820 p.
510 1785 571 1818 136,
593 1785 652 1817 [59,
666 1785 729 1817 227,
745 1790 772 1812 et
791 1785 986 1820 prophetarum
1009 1783 1198 1810 tantummodo
1213 1783 1329 1810 vocibus
1340 1781 1519 1817 explanandis
1531 1780 1700 1808 incumbere.

180 1844 224 1872 ΙΙΙ.
245 1843 304 1872 Hoc
321 1852 371 1871 nos
386 1852 456 1878 opus
475 1844 502 1870 in
518 1844 662 1876 Vaticano,
677 1843 742 1870 olim
757 1842 946 1874 Colnmnensi,
962 1843 1039 1868 mira:
1055 1842 1219 1876 integritatis
1234 1845 1262 1868 et
1274 1840 1444 1874 antiquitatis
1455 1839 1549 1866 codice
1564 1838 1728 1868 invenimus.
1745 1841 1772 1863 et

142 1901 206 1919 cum
222 1893 276 1919 alio
293 1893 406 1926 insuper
422 1890 565 1922 Vaticano,
582 1898 633 1917 nec
652 1890 766 1924 antiquo
779 1892 869 1916 tamen
887 1896 937 1915 nec
951 1888 1067 1922 integro,
1084 1887 1222 1913 interdum
1241 1886 1419 1913 contulimus.
1444 1884 1538 1911 Testes
1558 1883 1666 1918 quidem
1681 1881 1772 1916 operis

142 1943 233 1970 erant,
248 1938 369 1973 synodus
385 1938 481 1971 quinta
496 1936 665 1964 a-cumenica
681 1941 735 1962 act.
748 1935 781 1968 4;
799 1935 898 1962 deinde
914 1934 1048 1961 Ebediesu
1068 1934 1093 1960 in
1112 1933 1237 1967 catalogo
1251 1940 1312 1966 cap.
1325 1932 1374 1963 it);
1392 1934 1526 1965 quotquot
1545 1929 1662 1963 denique
1678 1928 1770 1962 operis

143 1985 255 2012 codices
272 1991 369 2010 nomen
396 1983 483 2010 nostri
504 1981 639 2009 Theodori
662 1981 824 2015 inscriptum
850 1979 1129 2014 babent.thuidem
1151 1978 1285 2005 Ebediesu
1311 1978 1348 2003 ait
1371 1975 1543 2003 Theodorum
1559 1973 1703 2008 scripsisse
1721 1971 1772 1998 hoc

143 2039 215 2065 Opus
230 2030 263 2057 ad
279 2030 423 2064 quemdam
442 2037 500 2055 mur
513 2029 615 2059 Turim,
634 2032 663 2054 ut
683 2027 777 2054 scribit
800 2026 968 2053 Echellcnsis
989 2025 1123 2052 Ebediesu
1146 2024 1250 2057 editor;
1270 2027 1297 2050 at
1312 2031 1375 2050 vero
1390 2023 1557 2049 Asscmanus
1574 2021 1600 2047 iu
1617 2020 1699 2050 altera
1715 2019 1773 2045 edis

144 2081 221 2106 tione
239 2078 377 2106 scribebat
397 2086 455 2104 mar
477 2077 596 2112 Tyrium,
617 2083 755 2110 nunquam
779 2076 923 2102 inuncmor
936 2075 978 2101 sui
996 2073 1124 2108 Syriatici
1144 2081 1219 2105 mar;
1232 2080 1281 2107 ego
1301 2079 1364 2098 γυνθ
1379 2069 1466 2097 ausim
1484 2071 1579 2094 contra
1592 2066 1771 2092 Assemanum

145 2125 294 2153 emendare
308 2124 480 2158 Martyrium,
493 2109 683 2158 (Ehrysostomi
701 2121 824 2154 adeoque
842 2120 926 2147 etiam
944 2118 1080 2146 Theodori
1101 2118 1244 2152 aequalem,
1266 2121 1293 2144 et
1304 2120 1398 2151 postea
1415 2112 1566 2141 Antiochia:
1577 2109 1770 2146 patriarcham.

145 2180 207 2206 qme
220 2171 270 2198 fuit
291 2170 427 2197 Theodori
452 2168 558 2203 patria;
575 2167 691 2201 ideoque
712 2174 828 2201 pronum
848 2165 954 2192 credilu
977 2168 1031 2194 est.
1048 2165 1162 2190 missum
1186 2163 1220 2189 ab
1241 2169 1273 2190 eo
1296 2169 1367 2196 opus
1382 2160 1415 2187 ad
1437 2159 1522 2186 civem
1536 2161 1566 2184 ut
1579 2155 1772 2184 verisimilecst

146 2226 241 2248 suum,
257 2217 388 2243 illustrem
408 2215 476 2242 adeo
492 2214 593 2246 virum,
611 2213 658 2247 qui
677 2212 863 2238 Antiochenas
879 2210 988 2236 demum
1015 2209 1114 2235 infulas
1138 2211 1303 2234 consecutus
1321 2209 1373 2233 est.
1388 2204 1464 2237 Quod
1485 2203 1508 2230 si
1528 2202 1590 2237 quis
1605 2202 1708 2235 quaerat
1723 2205 1772 2224 cur

147 2267 249 2301 passim
266 2265 427 2292 Theodorus
442 2263 468 2290 in
486 2262 627 2289 codicibus
640 2261 817 2288 Antiorhenus
836 2260 926 2294 potius
943 2266 1022 2292 quant
1041 2256 1241 2291 Mopsuestcnus
1259 2256 1381 2286 dicatur;
1398 2255 1467 2280 hanc
1482 2257 1594 2278 causam
1615 2255 1676 2275 esse
1689 2250 1772 2282 puto,

146 2312 220 2347 quml
235 2311 406 2346 Mopsuestiac
416 2307 536 2343 episcopi
550 2307 604 2333 duo
622 2307 732 2332 fuerunt
748 2304 896 2336 Tir-odori,
912 2305 987 2338 prior
1011 2303 1149 2337 antiquior
1171 2302 1216 2336 qui
1240 2300 1367 2328 secundae
1386 2298 1563 2325 Amiochena:
1584 2294 1688 2330 synodo
1705 2292 1771 2320 sub-

147 2338 260 2391 scripsit
271 2338 427 2390 {posterior
443 2353 486 2379 hic
498 2338 692 2379 celeberrimus
707 2354 810 2381 noster,
823 2349 870 2383 qui
885 2348 1072 2375 distinctionis
1084 2347 1171 2381 gratia
1186 2346 1356 2373 vocitabatur
1368 2352 1398 2372 ex
1412 2343 1497 2377 patria
1511 2348 1560 2368 sua
1572 2338 1772 2366 Antiltchenus.

149 2403 195 2430 Sic
207 2385 259 2437 ego
316 2401 459 2428 codicibus
471 2398 528 2425 ﬁeri
543 2397 621 2424 video
637 2396 670 2422 de
680 2395 785 2422 Joanne
798 2394 940 2428 Xiphilino
953 2393 1110 2428 patriarcha
1127 2390 1431 2425 Coustantinopolitano
1450 2388 1510 2422 ejus
1531 2385 1648 2413 nominis
1663 2387 1774 2414 octavo.

148 2449 195 2482 qui
214 2434 318 2481 p'ariter
332 2442 520 2472 distinctionis
536 2441 625 2475 gratia
640 2440 743 2467 dicitur
759 2438 993 2468 Chalcedonensis.
1010 2446 1024 2464 a
1039 2438 1126 2471 patria
1147 2437 1186 2462 vel
1208 2436 1325 2462 fortass:
1339 2443 1352 2461 a
1371 2436 1462 2469 priore
1479 2434 1650 2468 episcopatu,
1662 2435 1692 2457 ut
1706 2437 1772 2456 con-

147 2492 439 2530 jecturaliterjudico.
461 2490 541 2518 Certe
565 2490 635 2516 duos
653 2488 799 2514 Anthitnos
824 2487 870 2522 qui
889 2491 968 2514 mtate
993 2494 1052 2512 mea
1078 2485 1406 2518 Constantinopolitanam
1422 2483 1577 2510 cathedram
1600 2479 1774 2507 insederunt.

149 2524 222 2568 haud
241 2539 374 2567 numerali
390 2541 454 2564 nota
471 2535 543 2570 apud
563 2535 672 2562 Graecos
691 2534 822 2568 distingui
847 2533 941 2563 audio,
962 2532 1008 2559 sed
1035 2532 1153 2565 priorem
1178 2530 1318 2564 Ephesium
1337 2529 1380 2555 ubi
1397 2529 1448 2555 fuit
1466 2532 1546 2554 antea
1566 2525 1701 2553 exarchus
1716 2524 1772 2558 epi-

150 2597 268 2623 scopus;
286 2588 401 2614 alterunt
417 2583 686 2614 Thessalonicensem,
700 2589 715 2607 a
730 2588 821 2615 priore
835 2581 899 2607 item
917 2580 1086 2615 episcopatu,
1102 2578 1250 2605 nominari.

186 2644 230 2672 IV.
250 2643 431 2671 Promisimus
451 2641 516 2668 olim
530 2643 635 2674 partem
652 2638 788 2665 Theodori
803 2645 856 2664 non
874 2637 1008 2664 modicam
1028 2636 1219 2663 Cammenlarii
1236 2636 1262 2662 in
1277 2635 1410 2667 Psalntos,
1427 2642 1459 2660 ex
1475 2632 1615 2660 codicibus
1633 2631 1774 2657 Vaticanis

151 2691 324 2721 sumendam,
341 2689 455 2721 eﬂerre;
472 2695 566 2714 verum
579 2694 610 2714 ea
627 2694 672 2714 res
695 2687 847 2714 breviorem
869 2690 964 2720 postea
982 2685 1126 2717 ambitum,
1151 2685 1186 2710 ob
1208 2684 1270 2710 illas
1286 2689 1385 2710 causas
1409 2686 1487 2708 nacta
1510 2685 1561 2712 est,
1579 2686 1648 2713 quas
1662 2681 1724 2711 apto
1745 2677 1771 2702 in

152 2740 210 2765 loco
224 2738 356 2769 diximus,
376 2737 421 2764 ubi
438 2735 569 2771 quidquid
583 2735 642 2768 ejus
655 2735 746 2769 operis
759 2734 868 2761 interim
883 2734 910 2760 in
926 2741 1023 2760 manus
1040 2733 1123 2762 venit,
1145 2735 1205 2766 post
1221 2731 1367 2766 prophetas
1384 2727 1570 2763 exposuimus.
1587 2724 1731 2751 Feliciores
1746 2723 1772 2747 in

152 2784 288 2811 Theodori
303 2782 500 2811 commentario
516 2780 548 2807 ad
559 2779 692 2806 JOannem
708 2779 820 2811 fuimus,
832 2778 911 2812 cujus
928 2778 1063 2812 ingentem
1081 2784 1176 2811 reapse
1191 2780 1306 2802 tractum
1322 2783 1382 2802 cum
1396 2773 1526 2808 peculiari
1540 2770 1622 2797 animi
1634 2769 1772 2802 voluptate

154 2831 180 2857 in
196 2833 283 2858 lucem
299 2829 495 2864 protraximus.
510 2825 603 2860 Neque
621 2829 711 2851 tamen
730 2831 803 2850 nunc
818 2827 940 2858 repetere
954 2823 1064 2858 placuit,
1079 2826 1171 2857 partes
1184 2821 1244 2848 illas
1263 2829 1316 2849 non
1332 2821 1453 2848 modicas
1466 2822 1492 2847 in
1504 2818 1650 2853 Epistulam
1667 2816 1701 2843 ad
1717 2815 1768 2858 Ra:

155 2883 256 2904 manus.
279 2881 339 2909 qua:
364 2873 457 2898 Graece
477 2877 575 2906 quarto
599 2871 734 2906 Spitilegii
756 2871 866 2897 Romani
889 2871 1021 2898 volumini
1038 2870 1102 2897 olim
1123 2869 1312 2897 inseruimus:
1335 2877 1421 2903 neque
1442 2869 1504 2895 item
1523 2867 1676 2902 complures
1695 2865 1775 2905 illas,

156 2927 215 2956 quae
230 2928 292 2948 cum
308 2919 404 2946 Latine
419 2921 523 2945 tantum
540 2920 679 2945 exstarent
699 2916 739 2943 vel
755 2916 780 2942 in
800 2916 895 2951 synodi
914 2917 1015 2952 quinta
1037 2918 1115 2950 actis,
1135 2916 1176 2943 vel
1190 2915 1260 2950 apud
1281 2902 1423 2942 Leontium
1438 2914 1465 2941 in
1481 2914 1647 2947 Basuagiana
1665 2902 1768 2940 (iaitisii
