1947 3071
166 177 218 206 ΗΞ

760 163 933 202 TIlEODORl
952 172 1192 202 MOPSUESTENI

1739 165 1791 192 12‘

166 236 295 268 editione,
309 243 358 262 nos
375 234 453 270 primi
469 233 563 261 Graece
576 234 602 260 in
618 237 725 261 sextum
745 233 909 271 Scriptorum
931 238 1044 260 veterum
1066 237 1167 259 tomum
1188 230 1363 258 contulimus.
1380 228 1507 256 Lectores
1521 233 1586 261 ergo
1603 228 1715 252 utantur
1730 223 1793 271 feli-

166 281 232 307 Liter
253 281 330 307 novis
347 280 388 307 his
406 279 578 307 celeberrimi
599 279 650 306 SS.
667 278 817 306 Bibliorum
834 270 1059 305 commentatoris
1074 277 1188 307 divitiis.
1204 284 1274 312 quas
1294 275 1440 310 pontiiicize
1462 274 1632 301 bibliotheca:
1648 270 1791 299 codicibus

165 330 292 360 acceptas
305 325 403 352 debent
422 335 428 352 :
446 327 683 362 meminerintque,
703 335 794 354 rerum
813 326 922 361 quidem
941 325 1082 353 historiam
1095 333 1129 352 ne
1151 325 1176 351 in
1194 323 1333 359 prophetis
1347 323 1455 358 quidem
1474 329 1535 349 esse
1549 319 1745 356 perimendum.
1762 321 1791 343 nt

165 371 282 406 Cyrillus
300 371 358 405 ipse
374 375 401 398 et
417 371 631 408 Cltrysostomus
659 378 686 401 et
711 373 859 409 Gregorius
884 373 948 404 PP..
976 373 1077 407 aliique
1103 372 1198 399 Patres
1222 375 1333 398 monent
1349 380 1355 397 :
1373 371 1512 397 Christum
1539 374 1628 395 tamen
1657 374 1790 402 pratctpuc

164 421 280 453 ejusque
293 418 454 451 Ecclesium,
469 422 513 455 qui
531 426 573 449 est
587 429 673 449 sacrae
693 420 841 456 Scriptura:
857 428 967 455 scopus,
987 425 1142 454 nostraeque
1157 419 1254 446 salutis
1273 418 1420 452 negotium,
1440 424 1494 451 pne
1509 416 1596 443 oculis
1612 415 1740 442 habeant.

202 465 247 491 list
263 469 353 491 autem
372 465 449 498 ordo,
466 474 547 500 quem
561 467 646 494 codex
667 466 726 494 Vat.
739 471 823 498 tenet,
839 466 1098 493 commentariorum
1118 464 1253 491 Theodori
1272 463 1343 497 apud
1360 471 1409 490 nos
1426 463 1470 489 hic
1486 472 1492 489 :

304 511 335 537 In
354 509 448 537 Oscam
465 519 490 546 p.
508 512 532 538 i.

306 554 339 581 In
358 555 457 582 Joclcm
476 564 501 590 p.
519 556 563 582 68.

306 599 340 627 Ιιι
354 602 478 628 Amosum
495 611 519 636 ιι.
537 602 580 628 9i.

305 643 338 670 In
357 645 470 671 Abdium
487 653 515 680 p.
533 645 592 672 MO.

305 689 338 716 1η
353 689 450 716 Jonam
465 698 491 724 p.
508 691 569 718 150.

305 736 336 763 1η
351 736 490 763 Hic/uuam
507 745 533 771 p.
552 737 613 764 170.

1146 508 1178 535 In
1195 508 1348 534 Nalntumm
1362 516 1388 543 p.
1402 508 1463 534 210.

1143 555 1176 580 In
1193 554 1361 580 llabacurum
1376 562 1402 588 p.
1417 554 1480 581 251.

1143 599 1176 626 In
1194 599 1356 633 Sapltom'am
1372 607 1398 634 p.
1411 599 1475 626 249.

1146 644 1178 671 In
1193 645 1317 679 Aggtz’um
1332 652 1358 679 p.
1374 644 1436 671 269.

1146 688 1179 715 In
1191 688 1351 716 Zachariam
1365 697 1390 723 p.
1408 688 1472 716 ⁸284.

1144 735 1177 762 In
1190 734 1351 761 Malae/tiam
1369 731 1474 769 ιιόὶϐὅ.

201 781 358 816 Sequuntur
371 782 521 817 fragmenta
537 782 564 808 in
586 781 707 808 Psalmos
728 789 755 816 p.
772 781 843 813 390;
864 785 891 808 et
906 782 932 808 in
945 779 1058 808 Joannis
1075 779 1245 814 Evangelia»:
1259 787 1285 814 p.
1303 779 1354 807 596
1362 780 1432 808 -408,

164 885 1784 910 W

309 980 906 1068 ΘΕΟΔΩΡΟΥ
978 980 1632 1067 ΑΝΤΙΟΧΕΩΣ

231 1118 650 1188 ΕΡΜΗΝΕΙΑ
706 1123 930 1186 ΩΣΗΕ

991 1122 1159 1188 ΤΟΥ
1210 1123 1704 1190 ΠΡΟΦΗΤΟΥ.

400 1346 894 1424 THEODORI
951 1347 1070 1425 AN
1083 1347 1536 1426 TIOCHENI

240 1506 804 1564 COMMENTARIUS
849 1507 916 1562 ΙΝ
968 1507 1202 1564 OSEAM
1241 1508 1696 1565 PROPHETAM.

195 1720 217 1755 ι
237 1718 337 1746 Contra
352 1726 399 1746 cos
417 1719 462 1753 qui
483 1723 585 1745 temere
605 1719 762 1754 prophetica
781 1718 862 1746 verba
883 1722 937 1745 tra.
953 1720 978 1748 Α

158 1765 256 1794 ςιδιιιιιι
269 1766 431 1800 suscipiunt,
447 1769 528 1800 atque
541 1770 569 1791 ιιι
584 1766 654 1792 viain
673 1765 870 1800 posterioribus
883 1773 941 1792 mu~

157 1810 243 1841 niam,
262 1810 413 1845 aggrediar,
432 1809 487 1837 Deo
505 1811 638 1844 adjutore,
655 1811 688 1838 ad
705 1819 748 1837 res
769 1811 942 1845 propheticus

157 1856 353 1890 explanandas.
369 1861 448 1891 capto
463 1857 541 1883 initio
555 1857 588 1883 ab
603 1857 684 1888 Osca,
702 1857 748 1892 qui
765 1861 792 1883 et
814 1857 941 1892 princeps

157 1902 229 1928 inter
253 1902 370 1936 reliquos
396 1902 540 1936 prophetas
565 1908 643 1929 aetate
667 1908 717 1930 est.
739 1902 806 1928 Nam
829 1910 862 1930 ex
887 1910 941 1937 quo

157 1947 253 1974 bcat‘us
269 1947 364 1977 David.
381 1949 453 1975 sicut
472 1956 521 1981 ego
543 1948 568 1974 in
588 1948 775 1982 superioribus
789 1948 856 1979 dixi.
873 1956 942 1974 cun-

157 1998 217 2020 ctas
231 2001 290 2028 qua:
303 1994 401 2028 populo
413 1999 551 2020 eventura:
567 1999 646 2020 erant
662 2001 751 2021 rerum
770 1994 940 2028 publicarum

156 2039 350 2066 conversiones
369 2039 514 2066 manifeste
533 2039 559 2065 in
575 2039 686 2074 psalmis
702 2043 889 2070 enarravcrat,
904 2039 941 2066 si-

157 2085 270 2111 lentium
286 2085 447 2111 intermedia
461 2090 584 2119 tempora
594 2086 748 2120 occupavit,
759 2086 822 2119 quia
836 2085 941 2112 scilicet

157 2130 224 2156 nihil
243 2130 277 2156 ab
295 2131 342 2156 illo
359 2130 527 2157 vaticinante
542 2130 756 2163 praetermissum
774 2130 871 2157 fuerat.
887 2129 940 2157 Sed

155 2177 227 2203 enim
243 2177 335 2203 statim
353 2185 384 2203 ac
402 2182 509 2211 tempus
531 2177 631 2208 adfuit,
655 2184 710 2212 quo
727 2181 870 2213 cmpcrunt
893 2176 940 2202 ad-

157 2229 234 2249 versa
247 2222 302 2254 pati
317 2221 411 2249 decem
423 2219 643 2259 tribus,Assyriis
669 2230 717 2249 eas
741 2222 938 2256 prementibus,

155 2267 243 2294 donec
265 2267 389 2295 funditus
411 2269 492 2295 avitis
511 2276 624 2296 eversas
636 2268 748 2295 sedibus
762 2268 940 2296 Sennaclieri-

156 2321 217 2342 mus
232 2315 258 2341 in
275 2319 403 2342 extranea
417 2315 475 2341 loca
492 2315 647 2347 transtulit;
662 2321 723 2341 cum
737 2314 804 2349 jam,
817 2314 938 2350 inquam,

156 2359 256 2386 factum
277 2365 350 2387 esset
368 2360 475 2386 initium
492 2360 689 2391 calamitatum,
706 2367 774 2394 quas
791 2362 863 2394 genti
882 2362 940 2388 im—

155 2405 273 2438 pcndere
289 2405 374 2432 tnulto
388 2411 450 2432 ante
474 2405 558 2431 David
576 2405 758 2439 przedixerat;
778 2405 880 2432 Ezccize
895 2407 938 2433 ui-
955 2391 976 2420 Β

155 2446 252 2472 mirum
266 2451 355 2478 :etate,
370 2448 416 2482 qui
432 2446 508 2474 Iuda:
527 2451 553 2474 et
568 2446 719 2480 Benjamini
739 2447 865 2474 tribubus
888 2448 939 2474 llll-

153 2492 305 2526 peritabat;
321 2493 412 2520 divina
423 2494 520 2528 gratia,
531 2494 611 2520 rebus
620 2493 675 2527 jam
689 2493 865 2525 instantibus,
875 2502 938 2528 pro-

154 2538 249 2572 phetas
272 2539 379 2572 publice
396 2539 480 2571 misit,
505 2539 680 2574 primumque.
702 2540 730 2566 in
757 2540 799 2566 bis
825 2539 937 2572 Oscam,

153 2584 198 2618 qui
213 2583 345 2618 quidquid
363 2584 493 2611 divinitus
509 2585 563 2612 illis
579 2589 739 2613 eventurum
754 2591 813 2612 crat
828 2587 939 2612 nuntia-

153 2635 193 2656 ret
205 2639 211 2656 :
222 2629 322 2663 quiqtte
335 2629 361 2656 in
377 2631 535 2657 memoriam
550 2631 634 2658 veluti
646 2639 779 2660 revocans
793 2632 938 2667 praedictas

152 2676 217 2702 olim
235 2683 250 2701 a
268 2674 367 2702 Davide
383 2677 569 2710 calamitates,
587 2677 683 2704 harum
703 2686 764 2704 mox
783 2677 936 2706 fttturarum

151 2722 259 2756 culpam
275 2721 406 2749 lsraelitis
420 2722 581 2757 imponeret,
600 2731 615 2750 a
634 2723 680 2751 Dei
701 2725 776 2751 cultu
793 2731 824 2751 ac
847 2725 938 2752 notio-

152 2775 186 2794 ne
214 2768 375 2802 jampridem
399 2769 517 2800 aversis,
539 2774 619 2804 atque
638 2770 671 2797 ad
690 2771 761 2797 idola
783 2771 931 2799 daemones-

187 2835 243 2863 ²-⁵Ι
263 2845 298 2863 ιιι.
315 2836 426 2865 Θειόθεν.

1026 1717 1110 1753 (Cod.
1128 1717 1255 1746 Column.
1278 1717 1366 1750 XLV,
1394 1727 1420 1754 p.
1444 1719 1483 1754 l.)
1520 1720 1566 1751 Εἰς
1591 1720 1700 1754 ἔλεγχον
1726 1720 1782 1747 τῶν

993 1763 1178 1796 ἀϐασανίστως
1203 1763 1358 1790 ἐπιϐάλλειν
1383 1766 1444 1796 ταῖς
1467 1768 1650 1801 προφητικαῖς
1678 1767 1780 1802 ἐπιχει-

994 1809 1111 1844 ρούντων
1139 1811 1257 1843 φωναῖς,
1291 1810 1336 1836 καὶ
1365 1809 1416 1845 μὴν
1440 1811 1486 1837 καὶ
1515 1812 1581 1847 πρὸς
1608 1812 1779 1847 κατασκευὴν

991 1854 1045 1880 τῶν
1056 1855 1128 1889 ἑξῆς,
1143 1855 1289 1890 ἀρξώμεθα
1301 1855 1349 1890 τῆς
1361 1856 1415 1882 τῶν
1429 1857 1606 1891 προᾳητικῶν
1619 1859 1778 1892 σαφηνείας,

991 1900 1058 1926 θεοῦ
1069 1900 1194 1932 διδόντος,
1211 1900 1264 1926 ἀπὸ
1276 1900 1322 1927 τοῦ
1335 1902 1413 1936 Ὠσηὲ
1425 1903 1472 1937 τὴν
1486 1903 1572 1937 ἀρχὴν
1590 1903 1778 1939 ποιησάμενοι,

991 1945 1020 1971 ὃν
1045 1946 1091 1971 καὶ
1106 1945 1210 1981 πρῶτον
1235 1944 1352 1981 εἶναιτῷ
1369 1947 1456 1982 χρόνῳ
1473 1949 1626 1983 συμϐέϐηκε
1648 1949 1701 1975 τῶν
1725 1949 1778 1975 λοι-

991 1990 1050 2017 πῶν
1080 1993 1249 2026 προφητῶν²
1277 1992 1323 2018 τοῦ
1347 1993 1402 2028 γὰρ
1429 1994 1564 2029 μακαρίου
1588 1994 1686 2026 Δαυῖδ,
1716 1995 1778 2021 καθ’

991 2036 1008 2063 ἃ.
1027 2036 1144 2071 πρόσθεν
1157 2037 1242 2073 ἔφθην
1264 2037 1349 2064 εἰπὼν
1362 2039 1412 2073 li),
1431 2039 1460 2064 ὲν
1474 2039 1591 2074 ψαλμοῖς
1606 2041 1713 2072 ἁπάσας
1729 2041 1778 2073 τὰς

991 2083 1055 2118 περὶ
1076 2083 1121 2109 τὸν
1134 2083 1198 2109 λαὸν
1218 2084 1350 2119 ἐσομένας
1371 2084 1520 2119 μεταϐολὰς
1533 2086 1654 2117 ὲπζοντος
1676 2087 1777 2122 προδή-

990 2127 1061 2160 λως,
1094 2129 1156 2164 σιγὴ
1181 2129 1231 2164 μὲν
1247 2129 1292 2155 τὸν
1317 2131 1346 2155 ὲν
1362 2131 1438 2165 μέσῳ
1464 2131 1558 2165 χρόνον
1580 2133 1714 2166 κατεῖχεν,
1730 2131 1776 2159 ἅτε

990 2173 1146 2208 ἀρκούντως
1174 2175 1281 2201 ἅπαντα
1297 2176 1490 2210 προειρηκότο;
1504 2176 1607 2202 ἐκείνου
1620 2185 1625 2191 ·
1642 2177 1734 2212 ἐπειδὴ
1748 2177 1776 2204 δὲ

991 2218 1133 2254 ἐπιστῆναι
1147 2219 1193 2246 τὸν
1211 2220 1303 2254 καιρὸν
1321 2220 1420 2252 συνέϐη
1438 2220 1498 2246 καθ’
1513 2220 1542 2246 ὃν
1556 2221 1670 2256 ἤρξαντο
1686 2222 1776 2254 κακῶς

990 2264 1104 2299 πάσχειν
1116 2265 1144 2291 αἱ
1160 2265 1227 2291 δέκα
1245 2265 1337 2299 φυλαὶ,
1358 2266 1412 2292 τῶν
1436 2266 1586 2302 ’Λπσυρίων
1602 2267 1687 2299 αὐτὰς
1703 2268 1775 2295 πολιν,

989 2309 1140 2344 ορκούντων
1163 2311 1243 2346 ἄχρις
1265 2308 1295 2338 οὗ
1320 2311 1460 2343 παντελῶς
1488 2312 1572 2344 αὑτὰς
1595 2313 1648 2339 τῶν
1671 2314 1779 2340 οἰκείων

989 2356 1078 2382 τόπων
1094 2357 1108 2382 ό
1132 2357 1317 2392 Σενναχηρεὶμ
1339 2357 1446 2391 ἀφελὼν
1465 2359 1504 2389 εἰς
1527 2358 1683 2394 ἀλλοτρίους
1711 2369 1775 2395 μετ-

990 2402 1073 2437 ῲχισε
1089 2403 1198 2435 τόπους.
1222 2403 1262 2430 Τά
1279 2412 1309 2430 τε
1325 2404 1467 2439 πόρῤωθεν
1484 2405 1520 2439 τῷ
1541 2405 1667 2440 μακαρίῳ
1695 2405 1776 2432 Δαυῖδ
1795 2406 1798 2408 ’

991 2452 1177 2487 προειρημένα
1193 2452 1257 2487 περὶ
1274 2451 1326 2478 τῶν
1342 2453 1379 2487 τῷ
1397 2453 1454 2487 λαῷ
1469 2453 1681 2488 συμϐησομένων
1695 2454 1775 2488 χαλε-

991 2497 1060 2529 πῶν,
1075 2498 1123 2533 τὴν
1143 2498 1230 2532 ἀρχὴν
1242 2498 1366 2524 ἐντεῦθεν
1379 2499 1484 2533 ἐδέχετο
1494 2508 1500 2514 ·
1522 2500 1590 2534 ὅπερ
1603 2497 1650 2526 οὖν
1662 2501 1707 2526 ἐπὶ
1721 2500 1775 2526 τῶν

991 2543 1061 2570 κατὰ
1074 2543 1119 2570 τὸν
1138 2544 1261 2576 Ἐζεκίαν
1278 2544 1385 2578 ἐγένετο
1395 2546 1508 2581 καιρῶν,
1522 2546 1572 2580 τῆς
1589 2546 1673 2572 Ἰούδα
1686 2546 1773 2581 φυλῆς

988 2589 1164 2623 βασιλεύοντα
1182 2590 1230 2616 σὺν
1244 2591 1275 2624 τῇ
1292 2590 1430 2624 Βενιαμὶν,
1454 2590 1620 2625 προεϐάλετο
1633 2591 1687 2617 τῶν
1703 2599 1773 2626 πρα-

987 2635 1098 2669 γμάτων
1121 2635 1236 2668 ἐγγύθεν
1247 2635 1329 2661 ὄντων
1349 2635 1432 2670 ἡῧεία
1451 2637 1529 2670 χάρις
1540 2637 1603 2668 τοὺς
1619 2637 1770 2672 προφήτας,

987 2681 1032 2706 καὶ
1048 2681 1099 2715 πρό
1113 2689 1143 2714 γε
1159 2681 1212 2706 τῶν
1225 2680 1326 2707 λοιπῶν
1341 2681 1386 2707 τὸν
1409 2681 1487 2714 Ὠσηὲ
1503 2681 1639 2716 μηνύοντα
1656 2682 1690 2708 τὰ
1709 2683 1773 2717 περὶ

986 2727 1082 2758 αὐτοὺς
1097 2726 1188 2752 θεόθεν
1199 2727 1236 2746 ⁸-⁵
1249 2727 1373 2762 ἐσόμενα,
1389 2729 1424 2762 (p.
1442 2728 1470 2761 2)
1486 2728 1613 2763 καθάπερ
1624 2728 1685 2755 τινὰ
1704 2728 1770 2754 ὑπό-

986 2781 1082 2808 μνησιν
1103 2772 1263 2808 ποιούμενον
1279 2773 1334 2800 τῶν
1354 2773 1428 2809 παρᾶ
1443 2774 1481 2808 τῷ
1495 2773 1576 2800 Δαυῒδ
1597 2774 1682 2800 πάλαι
1694 2782 1724 2800 τε
1738 2774 1772 2799 εἰ·

187 2892 224 2924 (t)
246 2891 378 2921 Videlicet
402 2895 429 2921 in
454 2892 650 2922 commentario
676 2901 726 2922 suo
745 2893 779 2920 ad
801 2893 934 2927 l’salmos,
954 2897 1032 2932 cuius
1060 2898 1182 2933 ingentes
1201 2899 1329 2935 reliquias
1358 2907 1407 2927 nos
1435 2899 1571 2928 volumine
1590 2899 1641 2928 hoc
1659 2897 1770 2927 exhibu-

154 2929 255 2964 bimus.
