1947 3071
134 181 183 210 125

648 179 920 208 COMMENTARIUS
939 178 970 205 ιιι
992 176 1090 205 ΟΒΕΑΞ
1108 174 1183 203 CAP.
1201 175 1220 203 Ι.

1705 170 1754 200 ιρο

133 239 257 274 ρημένων
271 237 319 264 καὶ
339 238 485 274 πρόπαλαι,
499 238 535 269 ὡς
548 238 579 265 ἂν
593 238 646 265 τῶν
660 248 688 265 τε
710 239 845 274 ἐσομένων
864 247 914 274 χα-

977 243 1019 271 [lle
1035 242 1165 269 perquam
1178 233 1301 261 studiose
1316 233 1473 268 conversis;
1495 233 1520 267 2
1540 235 1621 267 atque
1635 234 1663 259 ul
1683 230 1754 258 idem

131 284 221 310 λεπιῖιν
240 284 303 315 τοὺς
327 284 497 319 Ἰσραηλίτας
518 285 681 319 ἁποερήνειεν
705 285 824 316 αἰτίους,
850 286 918 311 ἁπο-

131 329 247 359 στάντας
258 329 307 363 μὲν
322 329 371 363 τῆς
383 329 445 359 περὶ
459 329 503 355 τὸν
516 329 581 355 θεὸν
593 330 740 365 θεραπείας
754 338 783 356 τε
795 330 840 356 καὶ
849 330 918 363 γνώ-

132 381 210 404 σεως,
231 374 295 408 περὶ
311 373 339 399 δὲ
357 378 390 400 τά
406 374 501 400 εἴδωλα
514 375 561 400 καὶ
576 376 638 406 τοὺς
658 375 787 410 δαίμονας
811 375 918 401 ἃπασαν

129 420 241 454 ἔχοντας
256 420 306 454 τὴν
320 420 454 454 σπουδήνδ
477 419 554 454 δῆλόν
576 428 606 445 τε
621 421 756 454 ποιήσειεν
770 421 810 446 ὅτι
823 421 871 446 οὐκ
887 420 919 446 ἒκ

129 473 202 495 τινος
219 464 363 499 συντυχίας
373 465 495 498 γίγνεται
512 465 598 491 ταῦτα
610 473 617 480 ·
636 466 777 501 πόρρωθεν
788 466 815 492 δὲ
827 467 919 501 εἴρητό

129 518 160 535 τε
174 511 220 536 καὶ
234 510 388 545 προώριστο
408 510 447 544 τῷ
467 510 526 545 Θεῷ
544 510 678 545 γενέσθαι,
695 511 744 546 τὴν
758 512 860 538 τούτων
873 513 919 538 αὺ-

131 554 187 579 τῶν
202 554 377 589 ἐπισταμένῳ
390 555 498 586 κακίαν,
513 556 560 581 καὶ
578 555 611 582 τὰ
631 557 695 591 περὶ
719 556 816 588 αὐτοὺς
829 557 919 584 ὅντινα

129 600 230 634 τρόπον
247 600 383 634 προσῆκεν
406 601 557 635 οἰκονομεῖν
574 601 655 628 είὸότι
679 603 782 636 σαφῶς,
798 604 837 633 εἰς
853 611 919 637 προ-

131 646 309 680 παρασκευὴν
318 647 419 682 τῆςτοῧ
437 647 569 673 Δεσπότω
581 647 698 682 Χριστοῦ
710 648 818 681 δείξεώς
830 657 858 675 τε
873 650 919 675 καὶ

132 691 286 726 παρουσίας
297 699 305 707 ⁸
321 690 393 718 ὥστε
405 691 459 727 γὰρ
473 692 550 727 δῆλον
563 692 665 718 ἅπασιν
679 693 802 726 γενέσθαι
817 694 857 720 ὅτι
869 695 919 729 τὴν

132 737 197 770 περὶ
212 737 258 763 τὸν
273 737 337 764 λαὸν
354 738 516 773 κηδεμονίαν
532 737 576 764 διὰ
594 738 639 763 τὸν
661 738 689 771 ἐξ
705 739 794 764 αὐτῶν
808 740 920 774 προσδο-

133 781 254 816 κώμενον
267 782 434 817 φανήσεσθαι
453 784 579 815 ποιεῖται,
592 782 715 809 ἐκδίδωσι
727 784 776 818 μὲν
789 784 838 815 τὰς
855 784 919 810 δέκα

133 827 219 860 φυλὰς
235 829 267 862 τῇ
289 828 342 853 τῶν
361 828 510 862 Ἀσσυρίων
529 828 700 863 αἰχμαλωσίᾳ
712 837 719 844 ο
744 830 872 863 φυλάττει
892 831 920 856 δὲ

133 874 180 899 ἐπὶ
193 874 247 899 τῶν
258 874 347 900 τόπων
361 875 411 909 τὴν
427 874 511 901 Ἰούδα
527 875 620 909 μόνην,
632 875 662 907 ἐξ
676 874 766 911 ἧσπερ
781 877 897 912 ἤμελλεν
907 880 920 905 ὁ

133 919 269 953 Δεσπότης
281 920 475 953 ἀναφαίνεσθαι
490 920 519 946 τὸ
531 921 601 946 κατὰ
616 921 704 956 σάρκα
718 922 844 957 Χριστός.
857 923 921 949 ’Ἡν-

134 973 188 999 περ
199 963 245 991 οὖν
256 966 295 996 είς
308 965 496 1000 αἰχμαλωσίαν
505 965 567 992 ὕστε
573 975 617 1001 ρον
631 968 800 994 ἀπελθοῦσαν
817 968 861 995 διὰ
871 969 920 1000 τὰς

134 1010 223 1037 αὐτῶν
243 1010 353 1037 ἐκείνων
371 1011 542 1046 παρανομίας
559 1012 611 1038 ὑπὸ
629 1013 862 1049 Ναϐουχοδονόσορ
874 1015 919 1041 τοῦ

133 1055 166 1090 βα
171 1055 341 1087 πλεύσαντος
348 1056 400 1082 τῶν
408 1056 533 1083 Βαϐυλων
538 1057 593 1087 ίιον,
602 1058 756 1084 ἐπανελθεῖν
763 1059 921 1094 παραδόξως

133 1101 281 1136 πεποίηκεν
288 1109 294 1116 ·
302 1102 502 1128 ἐπανελθόντων
513 1102 562 1138 μὲν
570 1104 616 1130 καὶ
626 1105 657 1130 ἐκ
665 1105 717 1131 τῶν
725 1105 825 1132 λοιπῶν
832 1106 922 1140 φυλῶν

132 1146 212 1173 τινῶν
228 1147 417 1182 εὐαριθμήτων
440 1148 469 1180 ἐξ
486 1149 613 1184 ἑκάστης,
631 1149 680 1185 τῆς
700 1151 784 1177 Ἰούδα
795 1151 822 1178 δὲ
837 1153 921 1187 μόνης

133 1192 332 1227 ὲπαναχοείσης
346 1192 409 1227 ὅλης
420 1200 427 1207 ⁸
444 1192 482 1224 ὡς
495 1192 528 1219 ἂν
542 1193 646 1227 γένοιτο
660 1195 738 1229 δῆλον
751 1196 792 1222 ὅτι
807 1197 923 1231 ἠδύνατο

136 1238 185 1272 μὲν
205 1237 345 1273 βουληθεὶς
359 1239 373 1264 ὁ
391 1239 457 1270 Θεὸς
471 1239 517 1266 καὶ
539 1241 601 1272 τοὺς
615 1241 725 1273 λοιποὺς
738 1243 860 1276 ἅπαντας
871 1245 921 1270 ἐπ-

135 1284 282 1318 αναγαγεῖν
297 1285 398 1319 ὁμοίως
417 1285 502 1322 ταύτῃ
516 1294 522 1301 ·
551 1286 588 1321 (p.
609 1288 634 1322 5)
658 1287 797 1323 ἀμελήσας
822 1289 850 1316 δὲ
869 1290 922 1317 τῶν

135 1329 247 1382 λοιπιῖιν,
267 1330 329 1365 περὶ
356 1330 456 1366 ταύτην
482 1332 589 1358 ἃπασαν
613 1333 688 1359 ἔθετο
710 1335 759 1369 τὴν
783 1336 922 1370 φροντίδα,

135 1374 182 1407 ἀφ’
196 1374 286 1410 ἧσπερ
312 1375 428 1409 ἤμελλεν
445 1377 458 1402 ὁ
473 1377 610 1412 Δεσπότης
625 1379 833 1407 ἁναδείκνυσθαι
854 1383 923 1417 Χρι-

136 1421 207 1452 στὸς,
217 1421 265 1446 ἐπὶ
276 1423 351 1456 κοινῇ
362 1423 395 1456 τῇ
409 1423 515 1449 πάντων
527 1423 694 1458 φανούμενος
703 1427 838 1462 σωτηρίᾳ·
854 1429 925 1455 κατὰ

135 1468 163 1494 δὲ
177 1467 272 1494 τοῦτον
287 1469 331 1495 τὸν
353 1470 432 1503 λόγον
455 1470 501 1496 καὶ
520 1470 548 1496 αἱ
565 1470 619 1497 τῶν
632 1472 779 1507 προφητῶν
795 1473 925 1508 μηνύσεις

136 1512 283 1547 ἐτύγχανον
295 1515 452 1548 ἀναγκαῖαι,
465 1515 594 1551 δηλοῦσαι
605 1517 646 1543 ὅτι
661 1517 744 1544 πάλαι
757 1527 786 1544 τε
798 1519 925 1554 δεδογμέ-

968 282 1057 316 palam
1076 281 1187 311 faceret,
1204 279 1276 306 haud
1292 287 1358 306 casu
1376 280 1468 313 aliquo
1488 279 1545 305 haec
1560 278 1631 304 mala
1647 276 1755 303 contin-

967 336 1039 362 gere,
1058 327 1104 354 sed
1121 327 1206 353 multo
1222 330 1285 352 ante
1302 326 1424 352 edicenie
1445 332 1477 351 ac
1501 324 1664 352 decernente
1689 322 1754 353 Deo,

968 375 1011 400 cui
1028 377 1055 400 et
1074 373 1260 399 israclitaruiu
1287 371 1448 405 improbitas
1472 371 1613 405 explorata
1634 373 1703 401 erat,
1727 371 1755 394 et

968 420 1049 447 simul
1068 423 1207 453 comperta
1225 418 1307 448 ratio,
1322 425 1375 451 qua
1388 425 1450 443 cum
1464 417 1507 444 his
1525 415 1661 450 agendum
1682 418 1755 445 erat,

969 466 1004 492 ob
1022 465 1091 491 viain
1106 464 1253 499 parandam
1273 463 1375 490 Christi
1399 462 1507 488 Domini
1530 461 1680 488 ostensioni
1712 462 1756 486 at-

969 519 1022 546 que
1037 510 1177 537 adventui.
1195 509 1267 535 Deus
1286 508 1384 535 etenim
1402 513 1432 534 ut
1444 514 1550 534 omnes
1563 507 1693 533 certiores
1716 508 1756 531 la-

968 563 1052 587 ceret.
1071 565 1100 583 se
1120 557 1210 591 populi
1227 563 1319 582 curam
1338 562 1432 589 gerere
1452 557 1561 588 propter
1580 560 1641 580 eum
1661 552 1706 586 qui
1721 559 1754 578 ex

969 605 1051 639 hujus
1067 610 1164 637 genere
1177 603 1299 628 oriturus
1315 599 1537 634 exspectabatur,
1552 598 1655 625 idcirco
1670 597 1756 624 tradi-

969 649 1008 676 dit
1022 649 1114 674 dcceui
1132 647 1219 674 tribus
1231 646 1384 680 Assyriacm
1399 643 1562 678 captivitati,
1580 643 1688 669 unicam
1708 650 1755 669 ve-

969 703 1000 722 ru
1017 695 1129 721 retinuit
1157 694 1183 720 iii
1200 693 1259 720 suis
1284 691 1396 719 sedibus
1422 690 1499 717 ludat
1517 689 1630 720 tribum.
1643 688 1677 715 de
1702 696 1756 723 qua

970 741 1101 768 Dominus
1115 740 1239 767 exiturus
1255 743 1313 766 erat
1327 737 1478 765 secundum
1494 743 1604 762 carnem
1618 734 1755 762 Christus.

970 786 1056 819 Quam
1079 787 1143 813 item
1170 785 1303 819 captivam
1328 783 1455 815 deinceps
1479 782 1622 809 abductam
1646 784 1758 814 propter

971 841 1051 868 pares
1077 832 1237 866 iniquitates
1254 838 1268 856 a
1295 828 1566 856 Nabucliodonosoro
1590 824 1760 860 Babylonio-

971 886 1031 905 rum
1049 886 1123 912 rcge,
1145 876 1235 903 redire
1253 874 1416 902 mirabiliter
1432 874 1532 906 voluit;
1550 872 1660 907 quicum
1676 870 1757 897 etiam

971 925 1004 952 de
1020 923 1134 958 reliquis
1152 921 1277 948 tribubus
1300 921 1415 955 exiguus
1436 926 1566 946 numerus
1591 916 1762 952 postliminia

972 977 1099 998 reversus
1115 973 1174 1002 est;
1195 967 1303 994 interim
1322 966 1386 992 dum
1413 972 1467 991 una
1492 963 1568 990 Judae
1587 963 1674 989 tribus
1696 968 1756 988 cuin

972 1024 1022 1044 suo
1032 1014 1133 1051 populo
1149 1013 1223 1040 omni
1241 1013 1267 1039 iii
1278 1011 1394 1047 patriam
1409 1019 1438 1037 se
1446 1009 1548 1043 recepit
1563 1018 1569 1035 :
1583 1016 1638 1043 quo
1654 1005 1760 1042 perspi-

973 1069 1053 1088 cuum
1063 1061 1148 1092 ﬁeret,
1161 1058 1259 1085 volenti
1269 1057 1323 1084 Deo
1332 1056 1462 1091 possibile
1469 1055 1554 1082 fuisse
1568 1054 1688 1088 reliquas
1698 1052 1760 1078 uni-

973 1115 1066 1135 VCI‘SRS
1073 1107 1144 1133 haud
1154 1111 1320 1138 secusquam
1328 1103 1406 1129 istam
1415 1108 1544 1128 revocare
1553 1109 1560 1127 :
1572 1103 1759 1126 verumtamen

973 1154 1101 1189 neglectis
1115 1149 1275 1183 caiteris,ad
1285 1149 1354 1176 hanc
1370 1155 1452 1174 uuam
1462 1154 1543 1173 curas
1551 1153 1614 1172 suas
1629 1144 1762 1171 contulis-

974 1209 1013 1229 sc.
1026 1208 1058 1227 ex
1074 1207 1128 1234 qua
1145 1198 1278 1225 Dominus
1294 1194 1450 1230 proditurus
1466 1196 1525 1220 erat
1544 1192 1681 1222 Christus,
1699 1197 1760 1218 cum

973 1247 1090 1281 denique
1105 1253 1153 1280 pro
1169 1244 1308 1271 communi
1322 1243 1410 1270 salute
1426 1239 1651 1274 conspiciendum
1668 1245 1698 1264 se
1712 1237 1762 1264 da-

973 1298 1024 1320 ret.
1050 1292 1097 1319 llis
1121 1292 1159 1318 ita
1176 1298 1206 1318 se
1225 1289 1406 1319 habentibus,
1435 1286 1630 1321 prophetarum
1653 1291 1765 1319 quoque

973 1339 1099 1366 vaticinia
1119 1336 1275 1364 necessaria
1290 1340 1380 1366 erant,
1399 1340 1516 1368 quorum
1534 1339 1586 1366 ope
1604 1334 1699 1357 notum
1716 1329 1763 1356 ﬁe-

974 1389 1026 1416 ret,
1043 1391 1138 1419 poenas
1156 1382 1219 1409 olim
1238 1389 1251 1407 a
1271 1381 1325 1408 Deo
1339 1381 1464 1407 decretas
1480 1383 1561 1412 atque
1577 1384 1591 1403 a
1610 1377 1688 1404 beato
1709 1375 1762 1402 lia-

974 1432 1035 1458 vide
1051 1430 1205 1466 praadictas,
1224 1435 1296 1455 nunc
1321 1426 1429 1453 demum
1447 1424 1580 1452 indictum
1598 1423 1642 1455 iri,
1662 1429 1762 1449 arcana

977 1478 1021 1505 Dei
1043 1475 1211 1512 providentia
1230 1478 1344 1501 cunctas
1371 1471 1464 1507 populi
1492 1471 1566 1498 vices
1594 1469 1763 1496 moderante.

976 1525 1063 1559 Atque
1077 1523 1111 1550 ob
1126 1522 1195 1548 lianc
1210 1519 1337 1547 videlicet
1352 1525 1463 1545 causam
1475 1517 1572 1544 beatus
1581 1521 1690 1549 quoque
1702 1521 1766 1548 pro-

136 1567 169 1608 να
183 1558 222 1609 τε)
238 1559 307 1609 Θειξ),
326 1560 373 1586 καὶ
389 1561 433 1587 διὰ
449 1561 496 1587 τοῦ
519 1563 654 1598 μακαρίον
676 1563 757 1590 Δαυῒδ
781 1565 922 1600 εἰρημένα,

978 1558 1056 1605 pheta
1066 1568 1150 1595 Oseas
1165 1565 1310 1593 manifeste
1324 1563 1459 1599 signiﬁcat
1474 1569 1535 1597 quae
1545 1561 1601 1589 Deo
1618 1559 1766 1587 mandante

135 1613 184 1630 νυν
196 1604 330 1640 λαμϐάνει
347 1606 443 1641 πέρας,
459 1607 622 1642 ἀπορῤἠτως
634 1608 742 1635 ἅπαντα
753 1610 924 1645 οἰκονομοῦν-

135 1657 182 1680 to;
196 1650 230 1676 τὰ
249 1651 313 1685 περὶ
324 1651 423 1683 αὐτοὺς
434 1650 480 1677 τοῦ
496 1651 562 1678 Θεοῦ
573 1660 579 1666 ·
598 1652 667 1688 ὅπερ
683 1650 729 1679 οὗν
744 1655 791 1680 καὶ
805 1656 819 1681 ὁ
837 1658 925 1691 μακά-

978 1618 1107 1642 eventura
1131 1612 1231 1648 populo
1250 1614 1329 1638 erant
1352 1612 1464 1645 propter
1490 1607 1550 1643 ejus
1585 1605 1764 1641 impietatem.

979 1660 1024 1688 Sic
1041 1665 1131 1687 autem
1150 1659 1246 1693 incipit
1266 1665 1273 1683 :

136 1704 193 1731 ριος
212 1696 290 1732 Ὠσηὲ
301 1697 385 1722 ποιῶν
398 1698 413 1724 ὀ
428 1698 580 1733 προφήτης,
589 1698 623 1724 τὰ
636 1698 700 1734 περὶ
713 1699 758 1725 τὸν
773 1700 836 1728 λαὸν
855 1703 924 1740 ὑπὲρ
938 1701 975 1732 ὧν
1000 1706 1114 1741 ἠσέϐουν
1140 1704 1209 1731 κατὰ
1243 1702 1317 1730 Θείαν
1337 1701 1454 1737 ἐσόμενα
1479 1699 1577 1734 βουλὴν
1601 1696 1698 1734 μηνύει
1717 1703 1771 1724 σα·-

140 1743 200 1774 φῶς
211 1750 218 1757 ⁸
231 1742 343 1778 ἄρχεται
359 1743 388 1769 δὲ
402 1742 488 1774 οὕτως
500 1750 507 1757 ·

468 1789 545 1816 ΚΕΦ.
564 1789 602 1816 A’.

173 1835 290 1870 Στίχ.α’.
302 1850 337 1855 —
348 1844 358 1861 ‹
377 1834 462 1868 Λόγος
477 1834 580 1870 Κυρίου
596 1834 624 1866 ὃς
636 1835 752 1871 ἐγενήθη
771 1837 836 1872 πρὸς
852 1838 930 1874 Ὠσηὲ

137 1883 184 1908 τὶν
206 1881 254 1908 τοῦ
281 1881 382 1917 Βεηρὶ,
411 1882 440 1906 ὲν
468 1881 584 1917 ἡμέραις
616 1881 705 1912 Ὀζίου
731 1883 778 1908 καὶ
813 1883 932 1920 Ὶωάθαμ

138 1929 185 1955 καὶ
206 1926 293 1962 Ἀχαζ
324 1927 371 1954 καὶ
404 1926 524 1959 Ἐζεκίου
553 1927 684 1961 βατιλέων
715 1927 810 1959 Ἰούδα,
833 1930 879 1955 καὶ
902 1930 930 1956 ἐν

140 1974 258 2009 ἡμέραις
285 1973 425 2009 Ἰεροϐοὲιμ
442 1973 499 1999 υἱοῦ
526 1973 603 2004 Ίωὰς
623 1973 756 2006 βασιλέως
782 1975 900 2010 Ἰσραήλ.
916 1986 924 2001 ι

141 2019 191 2052 Ὠς
201 2021 341 2054 ἐπιγραφή
354 2020 396 2051 τίς
406 2021 478 2045 ἐστιν
493 2018 561 2055 αὕτη
575 2020 621 2046 τοῦ
639 2020 741 2054 βιϐλίου
756 2022 927 2057 περιεκτικὴ,

139 2066 256 2100 δηλοῦσα
269 2066 312 2092 τόν
324 2074 353 2092 τε
366 2065 507 2100 προφήτην
518 2062 602 2100 οὗπερ
613 2066 669 2092 ἐστὶ
679 2066 712 2092 τὰ
732 2066 874 2102 εἰρημένα,
883 2067 930 2094 καὶ

139 2114 184 2139 τὸν
200 2113 294 2147 καιρὸν
305 2113 365 2139 καθ’
374 2113 403 2138 ὃν
414 2111 518 2147 εἰρήκει
530 2112 616 2139 ταῦτα
628 2121 634 2127 ·
646 2112 723 2147 λόγον
734 2113 761 2139 δὲ
769 2115 870 2149 Κυρίου
881 2115 930 2150 τὴν

142 2159 281 2194 ἐνέργειαν
295 2157 451 2192 ἁπανταχοῦ
464 2158 536 2191 λέγει
547 2158 596 2193 τὴν
612 2159 653 2192 ἐφ’
663 2159 716 2193 ὅτῳ
732 2159 829 2194 δήποτε
840 2168 931 2194 γιγνο⁴

142 2205 225 2240 μένην
237 2213 245 2220 ο
265 2205 303 2237 ὡς
314 2204 354 2237 τὸ,
372 2214 381 2230 ‹
400 2204 445 2239 Τῷ
457 2204 528 2239 λόγῳ
542 2205 644 2240 Κυρίου
659 2206 684 2231 ot
697 2206 806 2240 οὐρανοὶ
821 2207 931 2239 ἐστερε-

140 2252 264 2288 ώθησαν,
284 2262 293 2277 ι
315 2252 358 2278 ἵνα
376 2252 440 2287 εἴπῃ
457 2252 496 2278 ὅτι
516 2253 549 2287 τῇ
568 2253 692 2288 ἐνεργείᾳ
717 2254 882 2288 συνέστησαν
897 2254 929 2288 τῇ

1314 1787 1392 1816 CAP.
1412 1786 1431 1813 Ι.

1016 1839 1097 1866 Vatis.
1123 1838 1145 1864 Ι.
1168 1835 1339 1862 ——iVerbum
1356 1831 1463 1859 Domini
1481 1829 1554 1865 quod
1568 1829 1669 1856 factum
1681 1830 1722 1854 est
1734 1827 1766 1852 ad

979 1885 1075 1913 Oscam
1092 1883 1174 1910 ﬁliuni
1193 1881 1279 1911 liceri,
1296 1880 1322 1906 in
1341 1878 1436 1905 diebus
1451 1875 1524 1902 Ozia:
1541 1878 1567 1901 et
1589 1872 1726 1900 Joatliaini
1742 1875 1769 1898 ct

979 1930 1078 1958 Aeliazi
1096 1933 1122 1956 et
1142 1927 1244 1954 Ezecize
1265 1932 1357 1960 rogum
1376 1923 1462 1954 Judae,
1482 1925 1508 1948 ct
1530 1921 1556 1946 in
1573 1919 1669 1945 diebus
1692 1915 1768 1943 Jero-

982 1976 1072 2005 boaiiii
1088 1975 1170 2001 Joaso
1188 1973 1244 2000 nati
1255 1971 1280 2006 3
1297 1970 1368 2004 regis
1385 1967 1503 1995 lsraelis.
1518 1975 1525 1989 ι
1539 1965 1590 1991 Hic
1600 1963 1696 1990 titulus
1710 1961 1770 1996 qui-

982 2024 1043 2050 daiii
1055 2024 1107 2051 est,
1117 2018 1178 2046 libri
1193 2019 1381 2051 argumentum
1396 2013 1512 2041 habens.
1531 2009 1666 2042 simulque
1679 2006 1770 2034 decla-

984 2076 1046 2095 rans
1055 2071 1166 2099 ctaquo
1177 2062 1306 2098 propheta
1321 2065 1346 2086 et
1360 2066 1414 2093 quo
1424 2062 1546 2091 tempore
1560 2053 1686 2081 dicantur
1701 2052 1768 2078 haec.

983 2113 1101 2140 Verbum
1122 2097 1219 2136 autem
1244 2105 1350 2133 Domini
1376 2111 1425 2138 pro
1440 2103 1464 2129 vi
1485 2101 1576 2128 divina
1604 2100 1706 2133 tibique
1729 2097 1770 2124 di-

983 2159 1019 2185 cit
1033 2156 1185 2189 Scriptiira,
1197 2157 1368 2187 quacumque
1385 2149 1411 2174 in
1427 2155 1456 2174 re
1470 2154 1499 2173 se
1513 2147 1632 2172 exscrat.
1646 2142 1724 2169 Velut
1739 2141 1772 2168 il-

983 2204 1058 2231 ludzi
1069 2200 1158 2228 Verbo
1168 2197 1273 2225 Domini
1287 2196 1347 2222 mali
1362 2194 1458 2221 firmati
1470 2196 1534 2220 sunt
1544 2192 1581 2222 “.i
1593 2190 1670 2225 quasi
1685 2189 1770 2219 dicat,

983 2250 1009 2277 vi
1018 2249 1108 2276 divina
1117 2253 1164 2273 eos
1175 2245 1259 2271 fuisse
1267 2244 1435 2276 compactos.
1444 2239 1527 2266 Porro
1538 2237 1589 2263 vini
1598 2235 1715 2262 divinam
1727 2233 1772 2260 hic

141 2279 217 2335 οείᾴι
246 2279 321 2325 θιείαν
344 2298 373 2325 δὲ
388 2279 688 2334 ἐνέργειανηκάνταῦθα
713 2299 788 2332 λέγει
815 2279 875 2326 κατ’

985 2302 1091 2330 quoque
1099 2292 1174 2323 dicit,
1183 2298 1197 2316 a
1206 2297 1259 2324 qua
1282 2288 1435 2314 futurorum
1446 2284 1575 2311 revelalio
1584 2281 1723 2317 prophetae
1732 2279 1771 2312 ﬁt,

142 2344 310 2379 ἀποκάλυψις
320 2344 375 2370 τῶν
390 2344 525 2379 ἐσομένων
543 2344 647 2378 ἐγίνετο
666 2346 703 2378 τῷ
719 2346 845 2380 προφήτῃ
856 2353 862 2360 ·
884 2346 930 2380 ἀφ’

141 2389 231 2427 ἧσπερ
245 2390 319 2425 αὐτῷ
334 2390 422 2416 καὶτὸ
438 2390 525 2424 λέγειν
539 2399 568 2416 τε
582 2391 628 2417 καὶ
644 2390 756 2426 μηνύειν
770 2391 804 2417 τὰ
815 2391 932 2426 ἐσόμενα

141 2438 255 2474 δύναμις
274 2437 415 2472 ὑπῆρχεν·
432 2438 472 2467 είς
489 2436 603 2472 δήλωσιν
619 2437 647 2463 δὲ
662 2437 869 2473 ἀκριϐεστέραν,
886 2437 932 2464 καὶ

149 2483 228 2510 τὸτοῦ
250 2482 355 2518 Πατρὸς
372 2482 548 2518 προστίθησιν
557 2482 643 2518 ὄνομα
653 2491 659 2498 ·
674 2483 830 2517 ἀναγκαίως
848 2483 876 2509 δὲ
891 2482 934 2509 λέ-

145 2538 187 2563 γει
205 2530 252 2556 καὶ
274 2529 320 2555 τὺν
343 2528 452 2563 καιρὸν,
468 2529 497 2555 ὲν
519 2525 595 2564 ᾧπερ
610 2528 680 2555 κατὰ
700 2529 749 2564 τὴν
762 2529 933 2563 ἀποκάλυψιν

143 2577 191 2611 τὴν
206 2575 389 2610 ἐγγενομένην
404 2575 479 2610 αὐτῷ
497 2574 600 2602 οειόθεν
620 2576 721 2610 ἐμήνυε
745 2575 778 2602 τὰ
800 2575 932 2609 ἐσόμενα⁸

144 2625 181 2656 (p.
200 2622 225 2657 vi)
244 2622 317 2656 λέγει
339 2621 367 2647 δὲ
387 2621 428 2648 ὅτι
443 2621 503 2648 καθ’
521 2621 549 2647 ὃν
565 2622 659 2656 καιρὸν
682 2621 773 2654 Ὀζίας
796 2630 824 2647 τε
844 2621 935 2647 ἐῆασί-

143 2668 202 2694 λευε
219 2669 266 2695 καὶ
288 2667 411 2702 Ἰωάθαμ
430 2667 476 2693 καὶ
497 2666 586 2702 Ἀχαζ
600 2668 646 2694 καὶ
667 2667 790 2699 Ἐζεκίας
803 2676 810 2683 ³
837 2667 884 2701 ἀφ’
898 2663 935 2692 ὦν

146 2715 306 2749 σκοπήσειεν
317 2714 352 2740 ἄν
369 2722 412 2744 τις
428 2713 538 2744 εἰκότως
548 2714 589 2739 ὅτι
600 2714 648 2748 οὐχ
665 2713 716 2740 ὑπὸ
732 2713 796 2748 μίαν
807 2713 867 2739 τινα
887 2713 936 2748 ἅρ-

146 2760 239 2795 μονεαν
253 2759 448 2794 συγγέγραφεν
463 2758 492 2785 τὺ
513 2758 613 2794 βιϐλίον
631 2759 644 2785 ὁ
664 2760 815 2794 προφήτης,
833 2758 890 2785 ἀλλ’
906 2758 934 2784 ὲν

143 2805 281 2839 διαφόροις
296 2804 406 2838 καιροῖς
427 2803 476 2834 τὰς
499 2803 563 2838 περὶ
576 2803 630 2829 τῶν
647 2803 783 2838 ἐσομένων
798 2803 935 2830 ἀποκαλύ-

144 2851 203 2887 ψεις
219 2850 375 2886 δεχόμενος.
392 2850 508 2876 ἐποιεῖτο
524 2850 575 2877 τῶν
590 2851 725 2885 ἐσομένων
737 2850 785 2886 τὴν
800 2850 915 2886 μήνυσιν
925 2857 932 2864 ⁸

180 2929 191 2945 ⁸
204 2929 275 2956 i‘sai.
296 2935 383 2959 usti,
397 2927 425 2954 ὕ.

980 2325 1142 2374 dicendique
1157 2338 1244 2364 virtus
1260 2333 1405 2362 exhibetur
1422 2336 1504 2365 atque
1519 2333 1581 2356 ante
1600 2325 1775 2362 signiﬁcandi

980 2396 1039 2423 quzc
1051 2373 1164 2413 ventura
1179 2385 1265 2410 erant.
1283 2379 1341 2406 Jaiii
1363 2378 1397 2405 ob
1414 2377 1455 2404 sui
1473 2375 1619 2407 pleniorem
1637 2373 1772 2402 notitiam,

981 2417 1070 2459 Il’ati'is
1081 2435 1189 2464 quoque
1200 2433 1297 2453 nomen
1313 2424 1425 2451 ascribit
1438 2431 1443 2448 :
1457 2427 1513 2448 tum
1529 2421 1609 2447 etiam
1619 2417 1776 2445 necessario

982 2463 1222 2512 teiiipusradnotal,
1239 2478 1292 2506 quo
1305 2469 1454 2497 secundum
1465 2466 1628 2502 inipertitaiii
1640 2465 1690 2491 sibi
1706 2463 1777 2490 divi-

983 2510 1056 2551 nitus
1068 2519 1259 2548 revelationem
1282 2524 1325 2543 res
1337 2519 1460 2549 posteras
1471 2511 1646 2548 prtccincbat.
1656 2510 1776 2537 Prmﬁnit

983 2568 1065 2603 igitur
1076 2570 1183 2598 tempus
1193 2571 1246 2597 quo
1258 2564 1439 2595 regnaverunt
1449 2557 1529 2585 Ozias
1540 2562 1566 2583 et
1577 2555 1737 2583 Joaliiainus
1749 2561 1777 2582 et

982 2614 1111 2641 Achazns
1125 2616 1149 2638 et
1165 2609 1287 2636 Ezecias.
1306 2606 1382 2634 Unde
1398 2605 1488 2640 quivis
1506 2611 1669 2640 cognoscere
1684 2605 1776 2636 queat,

985 2661 1055 2688 haud
1075 2666 1127 2686 una
1143 2655 1324 2684 continuatiin
1342 2654 1412 2681 serie
1426 2654 1556 2687 scriptum
1573 2651 1657 2678 fuisse
1672 2650 1745 2676 hunc
1762 2657 1777 2676 a

989 2707 1118 2744 propheta
1128 2704 1237 2734 librum,
1250 2702 1297 2729 sed
1309 2705 1388 2736 prout
1403 2700 1483 2727 variis
1493 2698 1662 2733 temporibus
1672 2696 1777 2723 futuro-

989 2742 1048 2781 ruin
1061 2752 1185 2779 notiones
1196 2748 1357 2783 excipiebat.
1370 2748 1409 2773 sic
1417 2746 1545 2773 vaticinia
1556 2744 1692 2775 edidisse;
1707 2742 1779 2768 facta

989 2799 1061 2828 haud
1069 2797 1152 2825 semel
1160 2788 1317 2823 earumdem
1334 2800 1425 2820 rerum
1436 2792 1573 2819 mentione
1583 2787 1736 2824 prodivinis
1747 2786 1782 2812 ad

990 2855 1018 2875 se
1033 2843 1162 2875 oraculis,
1176 2848 1236 2877 qua:
1253 2840 1280 2868 in
1295 2839 1394 2875 populo
1411 2838 1548 2873 vulgabat,
1561 2840 1590 2863 ut
1606 2835 1678 2862 hunc
1694 2830 1783 2860 futuri
