1947 3071
178 161 225 188 ΙΞἸ

767 160 939 188 ἸῚΙΕΟυΟΙῖΙ
957 161 1194 189 MOPSUESTENI

1742 165 1792 192 1‘28

173 223 343 249 adinoncret.
356 219 484 249 Similiter
495 221 602 249 beatum
610 230 717 258 qttoque
727 222 853 250 Davidem
865 224 944 252 eoder

1010 224 1282 260 ὑπομιμνησκόμενός
1306 233 1335 251 τε
1350 225 1414 260 περὶ
1428 224 1481 252 τῶν
1496 224 1585 251 αὐτῶν
1609 222 1737 254 πολλάκις
1749 223 1794 250 διὰ

173 272 333 301 argumento
354 267 509 301 complures
528 269 661 296 cecinisse
681 269 801 304 psalmos
819 269 954 302 videmus,

171 319 288 345 quorum
306 312 429 347 singulos
453 321 502 347 pro
525 314 629 342 cnﬂesti
651 317 750 342 mentis
773 315 956 344 illustratione

170 363 254 390 atque
278 357 392 392 spiritali
408 358 592 387 admonitione
617 361 786 396 compositus
818 362 852 389 ad
881 363 954 398 vulgi

171 409 251 428 usum
277 404 493 437 pronuntiabat:
519 409 546 432 et
570 404 630 440 ipse
650 405 777 433 videlicet
795 407 952 434 earumdem

169 455 260 474 rerum
278 450 459 477 revelationes
475 459 545 485 saepe
558 451 739 486 recipiens.et
752 459 953 488 consequenter

167 494 309 528 evulgaus.
319 495 533 530 quotiescunque
543 496 585 524 his
595 497 714 524 oraculis
724 497 823 532 dignus
840 498 954 526 habeba-

167 542 222 564 tur.
236 537 295 566 Jam
313 540 359 566 ubi
376 540 443 567 dixit
453 540 538 568 Oseas
552 542 662 576 quinam
674 542 851 571 essentJuda:
865 552 951 579 reges,

166 591 222 618 quo
236 588 358 620 tempore
370 585 403 613 ad
411 587 630 621 prophelandum
643 588 735 615 divina
749 590 837 624 gratia
852 590 952 617 excita-

165 634 210 656 tus
230 630 297 662 t'uit,
313 631 352 657 ait
367 631 448 659 etiam
463 633 539 659 illum
556 634 602 668 qui
619 634 724 665 Israeli.
752 635 778 661 id
795 640 838 662 est
858 628 952 663 decem

166 675 301 707 tribubus,
312 680 376 703 tunc
387 677 537 712 imperabat
545 677 750 712 Jeroboamum,
765 679 840 708 .loasi
854 680 950 714 filium,

163 724 289 754 nepotem
310 720 529 753 .loacliasiJehu
543 724 722 759 abnepotem:
744 734 823 760 quem
844 731 951 761 postre-

163 773 236 792 mum
246 766 279 793 ad
290 767 407 795 Aehaabi
415 769 527 803 ejusque
539 770 636 798 domus
647 778 754 806 pinnam
766 771 838 800 Deus
846 773 951 800 excita-

162 815 238 838 verat
250 819 298 846 μοι·
312 814 469 847 prophetam
480 815 604 842 lilisazum
616 825 622 843 :
636 816 778 852 eidemque
787 820 950 852 promiserat

162 856 219 884 fore
234 861 263 884 ut
277 859 376 893 posteri
389 860 448 894 ejus
461 868 547 895 usque
562 861 595 888 ad
608 866 732 897 quartam
748 863 947 897 generationem

1006 271 1054 306 τῆς
1068 269 1264 304 ἀποκαλύψεως
1276 270 1326 305 τῆς
1341 270 1426 302 θείας.
1442 269 1488 296 καὶ
1501 269 1533 305 δὴ
1549 269 1596 295 καὶ
1609 268 1694 302 λέγων
1707 267 1794 298 αὑτὰς

1005 315 1073 350 πρὸς
1089 316 1134 342 τὸν
1146 315 1219 347 λαὸν,
1240 316 1279 347 είς
1295 315 1411 350 δήλωσιν
1428 315 1482 341 τῶν
1498 314 1648 349 ἐσομένων·
1662 313 1746 347 ὅνπερ
1760 311 1792 346 δὴ

1004 361 1105 396 τρόπον
1121 361 1170 388 καὶ
1185 362 1200 387 ὸ
1215 361 1348 397 μακάριος
1360 360 1441 388 Δαυ⁴ίδ
1448 362 1489 392 είς
1502 360 1551 395 τὴν
1564 359 1648 393 αὐτὴν
1663 357 1792 385 ὑπόθεσιν

1004 408 1127 442 φαίνεται
1149 407 1291 439 πλείστους
1313 407 1436 442 ψαλμοὺς
1460 405 1591 441 εἰρηκὼς,
1616 401 1653 431 ὧν
1677 404 1791 430 ἕκαστον

1005 453 1074 480 κατὰ
1088 453 1137 488 τὴν
1150 453 1346 488 ἐγγιγνομένην
1358 451 1525 486 ἀποκάλυψίν
1535 460 1564 477 τε
1581 449 1655 484 αὐτῷ
1668 449 1714 476 καὶ
1729 447 1790 475 ὑπό-

1005 507 1102 534 μνησιν
1116 499 1149 533 τῇ
1169 498 1216 524 τοῦ
1241 498 1395 533 πνεύματος
1415 495 1539 532 ἐνεργείᾳ
1552 494 1682 522 συνετίθει
1697 502 1727 520 τε
1741 494 1790 520 καὶ

1002 544 1071 580 πρὸς
1087 544 1134 579 τὴν
1148 544 1248 579 ἑτέρων
1262 543 1389 578 ἐξεφώνει
1404 542 1512 578 χρείαν·
1526 541 1606 573 αὑτός
1618 549 1647 567 τε
1659 539 1722 576 περὶ
1735 539 1789 565 τῶν

1001 590 1091 617 αὐτῶν
1108 589 1291 624 ἀποκαλύψεις
1315 589 1458 624 δεχόμενος
1477 586 1607 618 πολλάκις
1628 585 1676 612 καὶ
1702 584 1788 618 λέγων

1001 635 1164 666 ἀκολούθως,
1173 635 1266 666 ὁσάκις
1273 634 1301 660 δὲ
1309 634 1363 660 τῶν
1371 634 1459 660 αὐτῶν
1465 632 1660 666 ἀποκαλύψεων
1669 631 1785 666 ἠξιοῦτο·

1001 681 1119 716 εἰρηκὼς
1135 681 1164 707 δὲ
1190 682 1251 712 τοὺς
1277 681 1327 715 τῆς
1355 679 1484 710 Ἰουδαίας
1507 678 1648 714 βασιλέας,
1671 676 1787 712 ὁπηνίκα

1001 727 1069 762 πρὸς
1095 727 1126 753 τὸ
1153 726 1334 762 προφητεύειν
1362 726 1498 761 διήγειρεν
1518 725 1536 760 ή
1559 724 1619 751 θεία
1642 723 1721 759 χάρις
1741 723 1786 749 τὸν

1007 773 1096 808 Ὠσηὲ,
1115 771 1189 806 λέγει
1204 773 1251 799 καὶ
1267 772 1312 798 τὸν
1337 773 1366 798 ὲν
1380 771 1418 806 τῷ
1441 770 1559 805 Ἰσραὴλ,
1577 769 1649 796 τοῦτ’
1666 768 1723 795 ἐστι
1741 767 1787 794 τὸν

1000 818 1029 845 ὲν
1042 818 1107 845 δέκα
1123 819 1219 852 φυλαῖς
1235 817 1411 853 βασιλεύοντα
1425 817 1485 843 τότε
1505 815 1656 851 Ὶεροὸοὰμ,
1672 815 1718 841 τὸν
1737 813 1786 840 τοῦ

1005 864 1080 896 Ἰωὰς
1095 864 1161 896 υἱὸν,
1180 864 1289 898 ἔγγονον
1303 864 1331 890 δὲ
1347 863 1394 890 τοῦ
1410 862 1532 898 Ἰωάχαζ,
1549 862 1578 893 ὃς
1591 861 1649 892 υἱὸς
1665 859 1784 894 ἐγεγόνει

161 909 245 936 regno
269 903 434 937 potirentur:
454 904 482 940 ἥ,
504 913 620 940 quorum
646 907 755 941 quidem
771 908 866 935 tertius
891 912 944 935 erat

1000 911 1046 937 τοῦ
1069 911 1149 946 Ἰηοῦ,
1162 910 1192 942 ὃς
1212 911 1258 936 ἐπὶ
1273 910 1392 945 τιμωρίᾳ
1406 909 1452 936 τοῦ
1469 917 1498 935 τε
1519 907 1622 944 Ἀχαὰὸ
1636 907 1684 933 καὶ
1695 906 1787 940 πάσης

159 945 349 979 Jeroboamus,
359 947 432 976 Joasi
441 948 522 981 ﬁlius.
533 949 658 978 Joacltasi
671 946 885 987 ncposfquartus
899 960 949 980 au-

161 999 213 1019 tem
221 992 268 1019 fuit
279 993 435 1026 Zacharias,
444 994 598 1022 .leroboami
608 996 740 1032 tilius,qui
751 1002 811 1032 post
820 1006 866 1024 sex
874 999 949 1032 regni

160 1047 269 1066 menses
281 1039 357 1071 obiit.
374 1040 400 1067 in
417 1049 471 1075 quo
486 1041 588 1068 exitum
606 1042 699 1069 habuit
717 1043 837 1070 divinum
852 1044 949 1070 vatici-

159 1084 251 1117 nium;
272 1086 402 1113 translata
416 1087 546 1122 deinceps
557 1088 628 1122 regia
640 1088 772 1123 dignitate
787 1098 801 1116 a
818 1089 885 1116 Jehu
901 1098 948 1124 ge—

159 1136 225 1156 nere
239 1129 272 1156 ad
285 1129 442 1164 Sellemum,
468 1133 515 1166 qui
540 1133 611 1160 haud
634 1134 753 1166 ejusdem
780 1135 950 1170 cognationis

158 1179 226 1202 erat.
234 1175 301 1203 Cum
315 1177 406 1211 itaque
414 1178 606 1212 capessivisset
616 1178 742 1207 lsrahelis
752 1187 865 1215 regnum
872 1179 950 1208 Jero—

159 1221 283 1253 boamus,
301 1227 327 1250 et
343 1222 423 1252 Ozias
440 1223 635 1260 Hierosolymis
654 1225 809 1260 imperaret.
825 1227 948 1255 cladibus

157 1274 299 1303 coeperunt
326 1270 394 1297 allici
420 1270 514 1298 decem
541 1272 638 1302 tribus.
654 1273 740 1300 donec
764 1280 811 1300 eas
835 1281 947 1307 prorsus

158 1315 269 1342 servitio
293 1316 416 1345 addictas
437 1318 553 1352 migrare
574 1319 662 1352 coegit
689 1326 735 1346 rex
760 1318 944 1353 Assyriorum.

157 1360 248 1392 Quare
267 1363 410 1390 commodo
434 1367 553 1398 tempore
571 1364 746 1390 vaticinatum
765 1364 835 1391 venit
849 1364 946 1398 Oseas,

158 1408 352 1441 praesagiorum
368 1409 437 1436 beati
453 1409 561 1437 Davidis
576 1411 734 1437 memoriam
748 1410 892 1442 refricans,
903 1414 946 1437 at-

157 1460 210 1486 que
218 1461 248 1479 ea
257 1453 312 1486 jam
325 1454 446 1488 proxima
456 1456 594 1487 nuntians,
605 1463 664 1490 qua:
675 1455 760 1482 multo
771 1455 872 1483 antede
881 1457 947 1491 ipsis

158 1498 284 1532 praedicta
303 1499 420 1526 fuerant.
434 1499 524 1534 Pergit
539 1505 628 1527 autem
644 1500 752 1528 dicere:

999 953 1081 980 αὑτοῦ
1098 954 1146 988 τῆς
1161 954 1251 985 οἰκίας
1277 953 1322 980 διὰ
1338 952 1385 979 τοῦ
1399 954 1538 988 προφήτου
1555 951 1705 978 Ἐλισσαίου
1722 958 1787 985 προ-

1000 998 1155 1033 ϐαλόμενος,
1172 999 1186 1025 ό
1202 998 1268 1030 Θεὸς
1286 998 1420 1033 ὑπέσχετο
1433 998 1497 1033 ἄχρι
1515 996 1647 1031 τετάρτης
1659 995 1784 1030 διαδοχῆς

998 1045 1044 1070 ἐπὶ
1057 1045 1104 1079 τῆς
1116 1044 1252 1080 βασιλείας
1265 1044 1373 1071 ἔσεσθαι
1386 1044 1448 1076 τοὺς
1460 1043 1490 1076 ἐξ
1500 1042 1580 1070 αὑτοῦ
1591 1042 1765 1077 γιγνομένους
1774 1048 1782 1056 ⁸

1000 1086 1034 1116 ὧν
1050 1091 1140 1125 τρίτος
1159 1090 1208 1125 μὲν
1229 1088 1263 1126 ἦν
1283 1091 1297 1117 ὁ
1318 1089 1468 1125 Ίεροΰοὰμ,
1485 1090 1523 1124 (p.
1538 1089 1565 1121 5)
1591 1088 1648 1119 υίὸς
1671 1088 1719 1122 μὲν
1735 1086 1782 1113 τοῦ

1006 1136 1091 1168 Ἰωὰς,
1107 1136 1216 1170 ἔγγονος
1227 1136 1255 1162 δὲ
1268 1135 1316 1162 τοῦ
1335 1135 1450 1171 Ὶωάχαζ
1461 1144 1467 1150 ·
1488 1135 1619 1170 τέταρτος
1635 1134 1664 1160 δὲ
1685 1133 1782 1166 γέγονε

998 1183 1133 1218 Ζαχαρίας
1147 1184 1161 1209 ὁ
1176 1183 1222 1209 τοῦ
1239 1182 1378 1217 Ἰεροὸοὰμ
1389 1181 1456 1214 υἱὸς,
1471 1181 1500 1213 ὃς
1515 1182 1561 1207 ἐπὶ
1577 1180 1606 1214 EE;
1621 1178 1782 1215 βασιλεύσας

997 1230 1053 1260 τοῖς
1074 1229 1140 1263 μησὶ
1160 1228 1352 1263 τετελεύτηκεν
1365 1237 1372 1243 ·
1393 1227 1479 1262 πέρας
1497 1227 1544 1262 μὲν
1561 1227 1605 1252 ἐπ’
1627 1224 1710 1252 αὑτοῦ
1730 1224 1782 1258 τῆς

997 1274 1161 1309 ἐπαγγελίας
1178 1274 1314 1308 λαϐούσης
1334 1274 1385 1308 τῆς
1397 1273 1482 1305 θείας,
1500 1271 1671 1308 μεταστάσης
1683 1271 1711 1297 δὲ
1724 1270 1781 1296 λοι-

997 1320 1046 1346 πον
1064 1320 1117 1346 ἀπὸ
1129 1320 1175 1346 τοῦ
1187 1320 1281 1354 γένους
1295 1319 1342 1346 τοῦ
1358 1318 1427 1353 Ἰηοῦ
1444 1319 1493 1354 τῆς
1516 1317 1654 1353 βασιλείας
1677 1317 1723 1343 ἐπὶ
1736 1315 1781 1343 τὸν

995 1366 1112 1401 Σελλήμ,
1129 1366 1159 1392 ού
1173 1366 1224 1401 τῆς
1239 1365 1324 1400 αὐτῆς
1343 1366 1498 1400 ὑπάρχοντα
1515 1363 1692 1399 συγγενείας·
1710 1371 1781 1397 παρ-

995 1412 1117 1446 εληλύθει
1141 1412 1190 1447 μὲν
1214 1410 1260 1438 οὖν
1275 1412 1314 1443 είς
1338 1411 1386 1446 τὴν
1412 1410 1459 1437 τοῦ
1480 1410 1584 1445 Ἰσραὴλ
1609 1408 1745 1444 βασιλείαν
1766 1408 1781 1433 ό

1001 1455 1248 1490 ”Ιερο6οὰμ,’οζίου
1265 1455 1452 1489 βασιλεύοντος
1465 1454 1515 1489 τῆς
1536 1453 1728 1489 Ἰερουσαλήμ·
1751 1451 1780 1485 ἐξ

995 1502 1101 1528 ἐκείνου
1118 1502 1165 1529 τοῦ
1181 1503 1276 1538 χρόνου
1292 1503 1338 1529 τοῦ
1356 1503 1448 1534 κακῶς
1469 1502 1598 1538 πράττειν
1618 1501 1712 1528 ἔλαδον
1731 1499 1780 1534 τὴν

157 1545 244 1579 ἀρχὴν
257 1545 281 1570 oi
301 1545 354 1570 τῶν
373 1545 439 1572 δέκα
462 1545 561 1579 φυλῶν,
577 1543 709 1580 ἄχρις.οὒ
731 1545 870 1578 παντελῶς
894 1546 979 1578 αὐτὰς
995 1547 1182 1582 αίχμαλώτους
1203 1547 1293 1574 λαϐὼν
1313 1547 1461 1582 μετῴκισεν
1475 1548 1489 1573 ὁ
1501 1547 1553 1573 τῶν
1566 1545 1716 1581 Ἀσσυρίων
1734 1544 1782 1580 βα-

159 1591 248 1622 σιλεύς
262 1600 268 1606 ·
283 1591 347 1618 ὥστ’
364 1591 395 1617 ἂν
410 1592 520 1623 εἰκότως
543 1593 612 1619 κατὰ
631 1592 724 1619 τοῦτον
745 1593 790 1618 τὸν
808 1592 902 1628 καιρὸν
925 1593 971 1619 ἐπὶ
998 1593 1046 1628 τὴν
1068 1593 1235 1629 προφητείαν
1259 1594 1304 1620 τὸν
1327 1593 1405 1628 Ὠσηὲ
1427 1591 1655 1628 παρεληλυθέναι,
1674 1590 1728 1616 τῶν
1751 1598 1781 1616 τι

158 1639 336 1674 προρρήσεων
357 1638 597 1672 ὑπομιμνήσκοντα
621 1638 667 1664 τοῦ
691 1638 826 1674 μακαρίου
848 1638 938 1671 Δαυῒδ,
957 1639 1003 1665 καὶ
1019 1640 1220 1675 μνημονεύοντα
1250 1639 1364 1674 ἐγγύθεν
1393 1639 1509 1674 ἐσόμενα
1527 1638 1562 1665 τὰ
1581 1638 1613 1674 δὴ
1641 1637 1782 1673 πόρρωθεν

158 1686 291 1718 εἰρημένα
307 1685 368 1720 περὶ
379 1685 466 1712 αὐτῶν
480 1693 486 1700 '
508 1685 554 1711 καὶ
568 1686 636 1720 μετὰ
648 1686 734 1712 ταῦτα
750 1682 845 1722 φησίν·

194 1761 276 1789 Vens.
297 1762 324 1789 2.
342 1777 376 1781 -—
397 1772 407 1788 ι
427 1761 533 1789 Initium
548 1764 620 1790 verbi
637 1763 742 1790 Domini
755 1765 787 1791 ad
797 1763 906 1791 Oscam.
925 1775 935 1790 ι

157 1807 245 1836 Patet.
263 1807 327 1833 hinc
349 1806 394 1833 Dei
422 1808 539 1842 empisse
565 1808 620 1834 ﬁeri
647 1809 679 1835 ad
698 1809 773 1835 illum
797 1810 941 1836 revelatio-

159 1861 225 1880 nes:
242 1853 287 1887 qui
304 1852 447 1879 rnandatei
465 1857 494 1879 ut
509 1854 652 1888 conjugem
665 1855 836 1882 meretricem
848 1854 940 1887 ducat,

158 1907 191 1926 ex
223 1907 308 1934 eaque
345 1899 446 1926 liberos
481 1905 623 1934 procreet:
653 1900 733 1935 cujus
762 1902 801 1928 rei
830 1909 941 1928 causam

158 1940 266 1980 quoque
275 1945 359 1977 addit,
378 1955 387 1970 ι
407 1945 486 1977 Quia,
504 1946 750 1980 inquil,fornicans
761 1947 942 1975 fornicabitur

159 1996 230 2017 terra
251 1998 264 2016 a
277 1990 401 2017 Domino.
414 2000 424 2016 ι
449 1990 520 2018 Sane
539 1990 610 2018 Deus
630 1992 752 2026 quaedam
771 2001 786 2019 a
803 1993 941 2028 prophetis

159 2037 281 2064 facienda
296 2041 383 2067 curat,
399 2043 459 2071 quae
474 2037 566 2064 nmltis
578 2041 674 2071 prreter
684 2038 812 2065 decorum
826 2046 886 2066 esse
900 2040 940 2066 ri-

157 2082 278 2109 dentur:
300 2083 380 2108 veluti
398 2089 459 2108 cum
479 2083 574 2109 Isaiam
595 2091 687 2110 coram
705 2084 831 2111 omnibus
857 2085 940 2119 jussit

158 2128 261 2154 nudum
283 2131 309 2154 et
333 2128 519 2155 cxcalceatum
545 2129 680 2156 incedere.
708 2129 759 2156 Sed
780 2130 831 2156 hoc
848 2137 872 2157 et
888 2130 939 2156 alia

157 2174 290 2208 ejusmodi
308 2175 425 2201 evidenti
455 2175 571 2202 consilio
589 2179 699 2210 peracta
720 2175 840 2203 fuerunt.
873 2176 939 2203 Nam

157 2221 218 2255 quia
232 2221 354 2255 plerique
373 2220 466 2247 audire
481 2229 623 2249 sermones
639 2222 790 2250 oscitanter
804 2223 938 2256 solemus;

156 2270 292 2300 gestorum
324 2273 389 2292 vero
406 2269 487 2300 atque
502 2266 622 2293 visorum
644 2267 762 2293 novitate
791 2272 939 2299 terremur,

156 2312 305 2346 przesertim
330 2312 351 2338 si
375 2311 431 2338 hate
457 2311 559 2338 absona
583 2319 598 2337 a
619 2312 745 2339 facientis
769 2320 845 2340 more
868 2313 938 2346 sint;

157 2358 254 2384 merito
279 2357 349 2384 Deus
375 2361 486 2392 propter
517 2357 692 2384 Hebrreorum
723 2357 939 2385 incredulitatem

1027 1763 1099 1798 Στίχ.
1117 1763 1149 1798 β’.
1159 1774 1207 1788 -ι
1227 1763 1310 1798 Ἀρχὴ
1321 1762 1400 1796 λόγου
1416 1763 1517 1797 Κυρίου
1530 1761 1596 1796 πρὸς
1605 1760 1693 1795 Ὠσηὲ
1708 1769 1716 1785 ι
1725 1760 1779 1794 Δῆν-

992 1810 1036 1836 λον
1050 1808 1097 1836 ὃτι¹
1105 1808 1228 1835 ἐντεῦθεν
1243 1809 1291 1843 τῆς
1303 1809 1371 1843 προς
1379 1808 1459 1835 αὑτὸν
1470 1806 1667 1840 ἀποκαλύψεως
1679 1805 1780 1841 ἤρξατο

991 1857 1005 1882 ὁ
1015 1855 1080 1886 Θεός
1090 1863 1096 1869 ·
1117 1854 1221 1881 κελεύει
1237 1863 1266 1880 τε
1282 1853 1356 1888 αὖτῷ
1368 1854 1484 1887 γυναῖκα
1496 1852 1597 1887 πόρνην
1615 1850 1779 1885 ἀγαγέσθαι,

992 1901 1038 1927 καὶ
1052 1900 1084 1936 δὴ
1103 1901 1149 1926 καὶ
1170 1899 1356 1925 τεκνώσασθαι
1381 1898 1410 1931 ἐξ
1432 1898 1515 1932 αὐτῆς
1529 1905 1535 1912 ·
1551 1897 1599 1924 καὶ
1618 1896 1668 1932 τὴν
1688 1896 1780 1923 αἰτίαν

991 1946 1170 1982 προστίθησι·
1196 1955 1205 1972 ι
1223 1945 1295 1972 Διότι
1324 1943 1524 1980 ὲκπορνεύουσα
1553 1942 1732 1977 ὲκπορνεύσει
1760 1943 1776 1976 ἡ

991 1991 1027 2026 γῆ
1051 1991 1105 2017 ἀπὸ
1127 1989 1236 2016 δπισθεν
1258 1989 1305 2016 τοῦ
1323 1989 1436 2024 Κυρίου.
1455 1998 1464 2013 ι
1494 1989 1531 2014 Τὸ
1555 1987 1604 2022 μὲν
1622 1985 1668 2014 οὖν
1687 1995 1776 2022 παρα-

992 2036 1133 2068 σκευάζειν
1143 2036 1204 2062 τινὰ
1214 2035 1267 2062 τῶν
1278 2035 1327 2070 οὐχ
1338 2035 1472 2069 ἁρμοδίων
1484 2031 1552 2060 εἶναι
1562 2033 1710 2060 δοκούντων
1721 2033 1778 2063 τοῖς

991 2083 1096 2114 πολλοῖς
1107 2083 1169 2114 τοὺς
1180 2082 1320 2117 προφήτας
1329 2081 1414 2106 ποιεῖν
1423 2080 1468 2106 τὸν
1476 2079 1552 2111 Θεὸν,
1561 2079 1598 2110 ὡς
1613 2078 1656 2104 τὸν
1664 2078 1777 2104 Ἡσαΐαν

991 2129 1093 2164 γυμνὸν
1108 2128 1273 2163 ἁνυπόδητον
1287 2127 1428 2153 ἐκέλευσεν
1441 2127 1470 2152 ὲν
1487 2125 1562 2160 μέσῳ
1578 2123 1778 2159 παριέναιπάν-

990 2183 1054 2205 των,
1071 2175 1109 2209 (p.
1123 2174 1150 2208 6)
1164 2175 1210 2200 καὶ
1223 2173 1308 2199 ὁπόσα
1328 2173 1359 2206 δὴ
1375 2172 1494 2203 τοιαῦτα,
1507 2170 1638 2205 πρόδηλον
1657 2170 1711 2205 ἔχει
1727 2170 1776 2205 τὴν

990 2221 1088 2247 αἰτίαν.
1111 2220 1219 2254 Ἐπειδὴ
1245 2220 1298 2254 γὰρ
1318 2220 1342 2244 οἱ
1359 2218 1449 2244 πολλοὶ
1466 2218 1521 2243 τῶν
1537 2217 1585 2252 μὲν
1601 2217 1687 2250 λόγων
1704 2225 1775 2251 παρ-

991 2266 1078 2300 έργως
1092 2266 1200 2292 ἀκούειν
1213 2264 1357 2298 εἰώθαμεν,
1371 2262 1591 2298 ὲκταραττόμεθα
1602 2262 1630 2288 δὲ
1648 2262 1714 2294 πρὸς
1726 2262 1775 2296 τὴν

989 2311 1044 2338 τῶν
1060 2311 1208 2346 γινομένων
1223 2319 1251 2336 τε
1265 2310 1310 2336 καὶ
1329 2309 1473 2344 ὁρωμένων
1487 2308 1647 2343 καινότητα⁸
1662 2308 1708 2334 καὶ
1724 2307 1776 2342 μά·

990 2356 1068 2382 λιστα
1079 2357 1116 2382 ὅτ’
1137 2355 1169 2382 ἂν
1195 2355 1290 2390 ἀπῳδὰ
1311 2354 1358 2381 τοῦ
1380 2355 1480 2390 τρόπου
1503 2353 1549 2379 τοῦ
1572 2354 1710 2385 ποιοῦντος
1725 2354 1775 2379 ὑπ-

155 2403 201 2428 «lat
236 2410 308 2436 saepe
341 2409 452 2436 operam
486 2406 514 2428 nt
546 2403 609 2428 talia
641 2403 780 2437 prophch
813 2403 936 2436 faciant;

996 2402 1071 2438 ἀρξῃ,
1086 2401 1198 2432 εἰκότως
1213 2401 1226 2427 ό
1238 2401 1303 2432 Θεὸς
1318 2401 1362 2426 διὰ
1375 2401 1403 2426 τὸ
1416 2399 1469 2426 τῶν
1482 2399 1616 2426 Ἰουδαίων
1633 2399 1775 2431 δυσπειθὲς

155 2455 253 2480 nempe
263 2451 292 2473 ut
309 2448 463 2481 perculsum
476 2447 595 2474 novitate
609 2455 723 2482 operum
741 2448 852 2482 vulgus.
874 2456 938 2474 cau-

155 2501 212 2518 sam
224 2501 313 2518 rerum
326 2493 412 2520 discat
427 2497 508 2527 atque
521 2493 638 2520 cilicium
651 2494 790 2521 doceatur.
805 2493 940 2520 Mandavit

155 2545 219 2572 t'l‘gﬂ
230 2538 366 2572 prophetae
375 2542 400 2565 ut
416 2539 586 2566 meretricem
598 2547 707 2566 uxorem
718 2539 843 2566 duceret:
858 2547 938 2574 porro

156 2591 254 2610 novum
275 2589 333 2609 erat
351 2583 478 2610 feminam
499 2583 633 2618 ejusmodi
649 2591 663 2610 a
684 2585 813 2620 propheta
834 2586 937 2612 assumi

156 2631 182 2656 in
201 2628 367 2655 matrimonii
383 2629 552 2656 convictum:
572 2629 599 2656 id
616 2630 688 2664 quod
717 2637 777 2657 eum
805 2629 830 2665 5
843 2638 936 2664 reapse

157 2675 226 2701 Deus
243 2674 333 2701 facere
344 2674 473 2708 jusserat.
493 2675 524 2702 Et
546 2675 681 2709 prophetae
703 2675 812 2710 quidem
838 2676 936 2703 licebat

156 2719 267 2754 legitimi
282 2719 401 2752 conjugii
414 2721 571 2746 societatem
586 2723 696 2754 optare.
712 2724 898 2747 verumtamen
913 2721 936 2748 is

155 2769 276 2792 scortum
289 2764 370 2791 etiam
384 2764 435 2791 sibi
452 2764 617 2799 copulatum,
634 2765 811 2799 pudicitiam,
835 2768 863 2791 ut
889 2772 938 2800 par

154 2814 227 2840 erat.
251 2809 372 2838 edocuit.
396 2809 512 2837 Necesse
530 2817 611 2844 porro
627 2815 686 2837 erat
707 2810 800 2837 mirari
825 2817 933 2841 omnes.

156 2855 229 2890 quod
244 2855 284 2882 vir
300 2855 380 2884 ollicii
394 2855 473 2883 valde
487 2855 638 2887 studiosus,
654 2856 765 2883 omissis
780 2863 840 2891 quae
855 2855 935 2890 pudi-

158 2900 315 2931 citimlaudc
333 2899 474 2935 ﬂorebant,
496 2901 606 2937 nuptias
623 2901 774 2929 meretricis
789 2901 935 2936 appetivis~

989 2447 1191 2482 παρασκευάζει
1207 2447 1335 2478 πολλάκις
1348 2447 1409 2478 τοὺς
1424 2447 1566 2480 προφήτας
1581 2445 1693 2471 τοιαῦτα
1713 2453 1773 2470 τινα

989 2493 1210 2528 διαπράττεσθαι,
1231 2492 1264 2518 ἵν’
1277 2494 1309 2518 ὲκ
1325 2491 1374 2527 τῆς
1389 2491 1442 2517 τῶν
1456 2491 1604 2525 γινομένων
1617 2490 1774 2524 καινότητος

988 2538 1210 2574 ἐπιστρεφόμενοί
1219 2548 1276 2570 πως
1290 2539 1314 2564 οἱ
1327 2538 1373 2564 τοῦ
1384 2537 1448 2564 λαοῦ
1462 2536 1617 2572 μανθάνωσι
1627 2544 1656 2562 τε
1665 2535 1714 2571 τὴν
1730 2536 1773 2562 αἰ-

987 2584 1048 2611 τίαν
1065 2585 1112 2610 καὶ
1135 2583 1442 2611 παιδεύο›νταιτὸ”δὲον.
1462 2582 1603 2609 Ἐκὲλευσε
1625 2582 1713 2608 τοίνυν
1735 2581 1774 2616 τῷ

989 2631 1115 2665 προφήτῃ
1130 2630 1232 2664 πόρνην
1244 2630 1394 2664 ἀγαγέσθαι
1410 2630 1541 2663 γυναῖκα·
1558 2628 1649 2655 καινδν
1663 2627 1717 2663 γὰρ
1739 2626 1772 2662 ἦν

989 2676 1019 2701 τὸ
1034 2676 1078 2701 τὸν
1091 2677 1233 2711 προφήτην
1246 2675 1351 2702 ἑλέσθαι
1363 2676 1477 2709 γυναῖκα
1492 2674 1620 2709 τοιαύτην
1632 2675 1671 2706 εἰς
1682 2675 1772 2709 γάμου

989 2721 1079 2747 λαϐεῖν
1091 2721 1242 2752 κοινωνίαν,
1257 2722 1324 2756 ὅπερ
1336 2719 1381 2747 οὖν
1398 2720 1470 2756 αὐτῷ
1485 2722 1595 2756 ποιῆσαι
1608 2720 1772 2755 προσέταξεν

989 2767 1003 2792 ὁ
1017 2766 1081 2797 Θεύς
1093 2773 1100 2780 ·
1126 2766 1219 2801 ἐπειδὴ
1240 2766 1312 2800 αὐτῷ
1330 2775 1360 2792 τε
1375 2765 1413 2801 τῷ
1436 2767 1565 2802 προφήτῃ
1579 2767 1618 2797 εἰς
1631 2765 1772 2792 κοινωνίαν

990 2811 1079 2846 γάμου
1090 2812 1205 2845 γυναῖκα
1217 2811 1309 2837 λαϐεῖν
1323 2811 1394 2837 κατὰ
1407 2810 1487 2846 νόμον
1500 2810 1563 2846 ἐξῆν
1577 2819 1583 2825 ’
1594 2810 1642 2845 τήν
1661 2818 1691 2836 τε
1705 2809 1764 2844 πόρ

989 2864 1038 2890 νην
1055 2855 1200 2890 λαμϐάνων
1213 2857 1359 2890 σωφρονεῖν
1376 2855 1484 2882 ἔπειθεν
1506 2855 1544 2887 ὡς
1565 2855 1637 2886 εἰκός
1648 2854 1773 2888 ’ἀνάγκη

988 2900 1042 2937 γὰρ
1056 2899 1090 2937 ἦν
1114 2901 1262 2934 ξενίζεσθαι
1277 2901 1325 2937 μὲν
1340 2902 1473 2933 ἅπαντας.
1491 2902 1532 2928 ὅτι
1548 2901 1617 2936 ἀνὴρ
1629 2901 1676 2931 τοῦ
1688 2908 1772 2935 προσ-
