1947 3071
147 120 193 148 {51

740 114 913 142 Tlll-LODORI
930 107 1178 141 IOPSEESTENL

1724 98 1778 126 432

148 181 237 216 ipsius
255 179 301 205 Dei
319 177 462 204 manifeste
482 175 636 211 pugnaulis.
656 175 713 202 Hoc
732 175 805 202 enim
831 174 935 206 signiﬁ-

997 171 1032 197 :06
1048 178 1079 205 γε
1091 169 1182 200 αὐτοῖς
1196 163 1377 200 πολεμοῦντος
1390 163 1436 190 τοῦ
1449 163 1516 190 Θεοῦ
1532 163 1682 199 προδήλως·
1697 161 1779 188 τοῦτο

1055 215 1061 216 ,
1085 214 1090 216 _
1114 215 1124 216 η
1152 213 1157 216 .
1207 212 1227 216 ..
1354 210 1361 216 .
1463 209 1469 216 .
1543 208 1568 216 ι.
1673 207 1679 216 .
1716 208 1726 216 .

149 230 213 253 cant
228 225 309 252 verba
329 233 338 248 ι
354 223 503 250 adversans
519 221 686 249 adversabor
700 221 764 248 illis.
779 230 787 246 I
807 220 896 255 Atque
907 223 936 246 ut

149 271 247 304 magis.
261 269 359 303 inquit,
371 268 568 298 demonstrem,
585 267 722 294 voluntate
737 273 795 292 mea
808 265 866 292 lucc
883 265 936 292 illis

149 314 288 345 accidere,
315 312 412 338 addam
435 311 511 338 Juda:
537 312 717 342 mentionem,
741 310 820 344 cujus
841 314 936 337 contra

151 360 311 389 miserebor,
328 366 390 384 cum
408 357 434 384 in
453 357 523 384 idem
539 357 686 384 discrimen
702 357 736 384 ab
753 356 872 391 Assyriis
889 363 937 382 vo-

152 406 270 436 cabitur,
286 405 332 439 qui
344 404 472 431 lsraelem
485 404 588 430 faciunt
599 404 734 437 captivum
747 412 753 430 :
769 403 937 436 setvaboque

154 452 230 478 illum
248 451 350 477 virtute
364 457 433 481 mea,
450 457 504 477 non
520 457 585 476 arcu
597 450 637 476 vel
655 457 719 476 ense
735 453 781 475 aut
796 449 874 480 bello,
892 456 938 475 ne-

152 505 207 532 que
221 497 276 524 ullo
292 504 404 531 prorsus
420 495 560 523 hominum
578 495 680 522 auxilio
698 495 807 527 fretum,
821 498 868 521 sed
880 501 938 520 mea

154 545 241 571 solius
257 543 283 570 vi
307 546 383 569 tanto
405 542 525 576 periculo
548 545 681 576 ereptum.
707 540 735 566 Id
751 540 823 575 quod
846 547 938 567 revera

153 590 278 624 contigit,
289 588 384 624 angelo
393 592 475 614 noctu
487 590 596 614 centum
608 587 745 621 octoginta
764 586 846 612 millia
858 585 941 621 Assy-

156 636 258 661 riorum
276 634 421 661 acervatim
436 633 594 665 occidente;
616 633 641 667 7
659 634 694 659 ita
710 637 740 659 ut
753 632 849 667 reliqui
864 641 893 659 se
914 633 939 659 in

156 681 246 715 fugant
264 679 443 713 conjcceriut,
464 678 560 705 incola
580 685 669 705 autent
691 678 940 714 Hierosolymorum

157 727 270 753 liberam
285 725 399 751 salutem
413 724 553 751 consecuti
571 723 637 751 sint.
652 723 759 750 Paritur
774 731 884 750 rursum
900 723 941 749 al-

156 774 198 797 ter
218 770 304 800 ﬁlius,
329 776 409 803 quem
435 769 568 795 dictorum
587 775 670 794 causa
692 768 941 794 conﬁrmandorum

155 816 232 849 jubet
247 814 338 840 vocari
359 823 367 838 ι
381 821 433 839 ιιοη
451 814 566 847 populus
584 821 675 846 meus;
689 823 696 838 ι
715 820 879 847 causamque
894 820 942 839 no-

986 215 1041 251 γὰρ
1051 214 1125 250 δηλοῖ
1134 213 1190 246 τδ,(
1207 210 1443 245 Ἀντιτασσύμενος
1458 208 1635 243 ἀντιτάξομαι
1649 207 1750 238 αὐτοῖς.
1766 216 1776 232 ι

987 263 1034 293 Εἰς
1056 260 1166 296 μείζονα
1183 258 1211 285 δὲ
1232 256 1371 289 ἀπόδειξιν
1389 256 1436 283 τοῦ
1462 255 1568 290 γνώμῃ,
1590 254 1690 289 φησὶν.
1723 254 1778 288 ἐμῇ

987 306 1074 333 ταῦτα
1088 303 1208 339 γίνεσθαι
1222 303 1288 338 περὶ
1304 302 1413 333 αὐτοὺς,
1430 300 1585 335 παρέξομαι
1598 299 1632 325 τὰ
1646 298 1717 325 κατὰ
1732 298 1780 324 τὸν

994 351 1112 381 Ἰούδαν,
1138 349 1185 381 οὒς
1202 347 1305 383 ὲλεήσω
1327 355 1358 373 τε
1385 345 1438 372 ὑπὸ
1464 345 1518 371 τῶν
1547 343 1698 379 Ἀσσυρίων
1723 342 1782 369 τῶν

988 397 1109 427 ἐκείνους
1127 392 1411 429 αἱχμαλωτευσάντων
1427 391 1461 416 τὰ
1477 390 1557 424 ὅμοια
1575 387 1781 418 κινδυνεύοντας

990 443 1101 471 παθεῖν·
1117 441 1165 468 καὶ
1185 439 1331 475 περισώσω
1346 438 1379 473 τῇ
1399 436 1558 470 δυνάμειτῇ
1583 436 1647 470 ἐμῇ.
1664 434 1695 461 οὐ
1709 433 1781 468 τόξῳ

990 490 1038 517 καὶ
1052 490 1123 523 ξίφει
1137 487 1185 514 καὶ
1198 485 1320 521 πολέμῳ,
1333 483 1390 510 ἀλλ’
1403 482 1463 509 οὐδέ
1474 490 1527 508 τινι
1543 481 1701 516 ἀνθρωπίνῃ
1715 489 1782 514 συμ-

992 537 1076 572 μαχίᾳ
1098 533 1295 570 βοηθουμένους
1321 528 1466 562 καθάπαξ,
1486 528 1553 564 μόνῃ
1569 527 1597 553 δὲ
1610 529 1644 562 τῇ
1664 528 1717 562 ἐμῇ
1732 526 1779 552 δυ-

990 584 1069 618 νάμει
1083 582 1129 608 τὸν
1146 578 1271 606 τοσοῦτον
1283 577 1404 604 κίνδυνον
1423 574 1619 609 διαψεύγοντας
1632 582 1639 588 ·
1657 574 1726 608 ὅπερ
1746 573 1779 608 δὴ

991 629 1037 657 καὶ
1054 628 1175 662 γέγονεν.
1192 623 1310 658 ἀγγέλου
1327 622 1372 649 διὰ
1389 621 1440 656 τῆς
1453 619 1552 652 νυκτὸς
1569 619 1665 655 ἁθρόον
1682 619 1780 645 ἑκατὺν

991 675 1153 709 ὀγδοήκοντα
1165 671 1246 698 πέντε
1261 669 1383 705 χιλιάδας
1395 667 1448 694 τῶν
1468 666 1616 701 Ἀσσυρίων
1629 665 1778 691 ἀνελόντος·

991 721 1028 752 ὼς
1041 718 1178 755 τραπῆναι
1194 716 1243 751 μὲν
1257 715 1324 751 πρὸς
1338 713 1426 748 φυγὴν
1441 712 1504 744 τοὺς
1516 711 1636 742 λοιποὺς,
1652 710 1782 745 ἀναντίρ-

995 767 1074 801 ῥητον
1090 763 1118 790 δὲ
1131 762 1194 793 τοὺς
1210 761 1256 787 ἐπὶ
1275 761 1308 795 τῇ
1331 757 1509 794 Ἰερουσαλὴμ
1524 756 1651 789 δέξασθαι
1664 756 1713 790 τὴν
1727 764 1781 781 σω-

994 800 1100 845 τηρίαν.
1115 807 1242 834 Τίκτεται
1256 805 1284 831 δὲ
1298 805 1378 831 πάλιν
1392 804 1438 830 καὶ
1452 800 1620 837 ἓτεροςυίδς.
1637 801 1665 826 ὃν
1679 801 1718 831 είς
1732 801 1781 834 τὴν

158 861 240 887 minis
253 858 353 886 additu
364 858 469 893 Quippe
485 867 533 886 vos
557 859 627 885 haud
650 858 705 892 jam
730 859 844 893 populus
866 866 942 885 lucus

997 856 1045 882 τῶν
1052 854 1203 891 εἰρημένων
1213 851 1364 887 βεϐαίωσιν,
1376 851 1421 876 (οὺ
1428 849 1491 875 λαὸν
1502 858 1510 873 ι
1520 847 1626 874 κελεύει
1634 846 1779 880 κληθῆναι’

158 907 246 937 eritis,
261 912 349 939 neque
362 911 411 938 ego
426 909 514 934 \a-slcr
527 912 574 929 ero
588 903 697 937 (Deus):
708 909 770 928 »νος
778 903 850 930 enim
866 910 880 929 a
895 910 943 929 cu-

159 959 189 977 ia
206 958 263 977 mea
280 949 407 984 deinceps
423 950 502 975 alicui
523 949 617 981 eritis,
639 957 709 983 quos
733 956 783 983 ego
814 953 943 983 tanquam

158 1001 303 1023 extraneos
334 995 553 1028 impendentibus
588 994 693 1020 tradam
720 993 942 1021 adversitatibus.

160 1039 261 1066 Deinde
278 1038 410 1073 adjuugit,
432 1048 440 1062 ι
455 1045 596 1064 numerum
612 1037 727 1064 ﬁliorum
738 1037 844 1064 lsraelis
860 1036 944 1063 fuisse

159 1085 242 1112 veluti
270 1084 519 1111 immensurabilem
543 1085 627 1110 maris
656 1091 765 1110 arenam
779 1088 805 1110 et
821 1083 945 1110 innume—

160 1130 282 1157 rabilem.
295 1139 302 1155 I
322 1129 408 1164 Maius
419 1129 518 1163 quippe
530 1128 689 1155 miraculum
701 1132 770 1161 erat,
782 1133 808 1155 et
817 1128 946 1155 manifes-

160 1180 216 1202 tum
230 1175 329 1201 divina:
343 1175 390 1201 ira:
405 1178 593 1208 argumentum
607 1173 749 1205 exhibens,
769 1175 791 1200 si
810 1173 878 1200 tanti
894 1181 946 1200 nu-

161 1220 227 1246 meri
244 1220 372 1254 populum
395 1219 422 1246 in
446 1219 632 1253 captivitatem
656 1218 800 1245 confertim
823 1217 947 1250 dederet,

161 1265 268 1292 nemine
296 1265 322 1291 in
340 1268 415 1290 tanta
439 1263 612 1290 multitudine
648 1263 682 1290 ad
706 1263 843 1290 feremlam
867 1270 946 1298 opem

160 1310 270 1337 idoneo.

198 1399 316 1431 Deinde,
334 1399 373 1425 uti
394 1406 453 1425 mos
467 1401 510 1425 est
527 1396 684 1432 prophetis,
699 1401 725 1424 et
739 1397 849 1431 quidem
864 1397 944 1424 etiam
960 1392 980 1420 C

162 1445 244 1472 lseato
269 1444 364 1470 Davidi
383 1461 391 1472 ,
419 1450 481 1470 cum
509 1442 633 1469 molestis
663 1441 754 1468 dulcia
782 1442 945 1473 nuntiandi,

161 1489 425 1524 conversionemque
446 1488 479 1514 ad
503 1488 620 1518 laetiora.
637 1492 748 1522 propter
769 1488 848 1515 malis
871 1488 946 1514 labo-

163 1537 282 1562 rantium
297 1535 434 1562 solamen:
454 1543 463 1559 ι
480 1533 510 1560 Et
523 1533 588 1566 erit,
634 1533 735 1568 inquit,
782 1534 809 1560 in
826 1534 886 1560 loco
903 1534 946 1560 ubi

163 1583 266 1608 dictqu
285 1581 338 1607 illis
361 1579 465 1611 fuerat,
483 1579 535 1606 Vos
548 1585 603 1605 non
620 1579 736 1613 populus
755 1587 848 1610 meus,
866 1579 947 1606 iidem

164 1629 336 1655 vocabuntur
358 1626 404 1652 lilii
427 1626 473 1652 Dei
494 1626 622 1653 viventis.
652 1635 661 1651 ι
685 1625 732 1652 Sic
752 1626 834 1653 etiam
853 1626 948 1652 beatus

165 1674 248 1700 David
267 1674 300 1700 de
317 1671 473 1707 Assyriacis
498 1672 578 1698 rebus
595 1672 722 1702 locutus,
744 1672 777 1698 ad
796 1675 948 1698 extremum

163 1719 249 1747 addit:
270 1728 279 1744 ι
295 1719 363 1751 Quis
379 1718 454 1744 dabit
475 1725 508 1744 ex
532 1719 598 1744 Sion
627 1720 747 1745 salutare
763 1717 864 1744 Israel?
880 1717 947 1743 Cum

164 1765 296 1791 averterit
309 1763 441 1790 Dominus
453 1763 639 1797 captivitatem
652 1763 742 1798 populi
757 1763 811 1796 sui,
826 1763 949 1790 exsulta-

164 1811 204 1837 bit
229 1809 332 1841 Jacob,
356 1813 384 1836 et
407 1809 542 1836 laetabitur
558 1808 679 1836 lsrael’;
705 1818 715 1834 ι
736 1807 839 1836 docens
855 1808 950 1835 adfore

165 1860 289 1890 tempus,
320 1862 376 1889 quo
399 1855 584 1888 captivitatem
604 1862 699 1881 eorum
721 1853 791 1882 Deus
812 1854 948 1889 expediat.

166 1901 243 1929 Nunc
263 1901 333 1928 idem
351 1901 467 1932 dicitur,
487 1901 607 1927 futurum
629 1900 732 1927 scilicet
749 1904 778 1927 ut
798 1901 842 1927 ubi
859 1900 948 1927 Israe-

165 1947 220 1974 lita:
235 1946 325 1973 vocati
343 1946 452 1973 fuerant
464 1945 537 1972 «Non
553 1946 679 1981 populus,
691 1955 700 1972 ι
711 1946 738 1972 id
751 1949 815 1973 esta
831 1945 876 1972 Dei
889 1954 950 1980 pro-

163 1992 284 2019 videntia
321 1992 444 2026 abjecli;
476 1991 576 2019 ibidem
608 1993 779 2027 appellentur
816 1992 862 2019 ﬁlii
901 1991 948 2019 Dei

164 2038 294 2069 viventis,
328 2038 354 2064 id
380 2042 421 2065 est
451 2038 511 2071 ejus
542 2038 690 2064 amicitiam
719 2042 890 2072 rccupcrent.
916 2038 948 2064 Et

166 2083 296 2119 praeclare
313 2083 414 2109 dicitur
431 2092 439 2108 ι
460 2083 486 2109 ἱιι
504 2084 562 2109 loco
582 2083 633 2110 isto
653 2093 662 2110 ι
683 2078 715 2110 ei
733 2091 786 2118 quo
804 2087 947 2118 postquam

164 2131 226 2157 idos
252 2129 322 2156 Deus
345 2129 529 2160 transtulerat,
554 2129 579 2155 in
612 2129 737 2156 euuldctn
767 2137 862 2156 rursus
891 2133 949 2155 erat

165 2175 339 2201 reducturus.
364 2173 480 2207 Subjicit
504 2174 587 2209 igitur
612 2174 645 2201 ad
669 2174 799 2208 majorem
824 2175 865 2201 sui
882 2175 947 2200 dicti

166 2220 398 2250 declarationem,
418 2219 499 2246 Vens.
520 2220 550 2246 Η
578 2235 613 2238 -
635 2230 643 2245 ι
665 2219 948 2254 Etcongregabunlur

165 2267 192 2293 in
210 2274 293 2292 unum
318 2265 366 2291 lilii
381 2264 458 2291 Juda:
478 2269 561 2299 atque
581 2264 700 2297 lsraclis,
725 2265 879 2300 faciuntque
895 2266 946 2292 sibi

165 2312 345 2346 principatum
369 2319 471 2342 unum,
499 2315 525 2337 et
557 2311 704 2337 ascendent
732 2311 765 2337 de
796 2313 916 2345 regione.
937 2321 946 2336 ν

163 2357 266 2392 Nempe
282 2357 319 2383 ait
336 2357 404 2388 fore,
424 2360 452 2382 ut
471 2357 586 2391 depulso
603 2364 617 2382 a
637 2355 714 2383 Iuda:
738 2357 809 2383 tribu
833 2357 947 2392 Babylo-

163 2403 217 2430 nici
231 2402 333 2429 servitii
348 2402 425 2436 jugu,
441 2402 469 2436 8
487 2410 540 2428 una
565 2403 687 2428 omnium
709 2403 820 2429 libertas
836 2403 881 2434 sit,
907 2407 948 2429 at-

162 2455 216 2482 que
237 2455 332 2474 omnes
349 2448 400 2473 sub
416 2455 471 2473 uno
492 2447 546 2474 sint
564 2447 735 2482 principatu,
757 2448 828 2475 haud
843 2449 898 2482 jam
918 2453 948 2474 ut

164 2497 243 2519 antea
260 2493 411 2525 divisi,sed
429 2493 512 2520 unius
528 2494 633 2528 imperii
650 2493 746 2520 ditioui
763 2494 886 2526 obnoxii,
902 2496 945 2521 cui

164 2537 343 2572 pricsitluda:
356 2538 446 2565 tribus
458 2548 466 2569 ',
478 2544 504 2565 ct
522 2539 568 2573 qui
592 2539 626 2566 dc
649 2539 700 2565 huc
715 2547 814 2573 genere
833 2545 908 2572 sunt,
921 2541 947 2567 in

165 2585 238 2617 regia
254 2583 387 2618 dignitate
405 2585 616 2612 constituantur.
634 2585 735 2612 Deinde
751 2586 835 2615 addit.
856 2597 864 2611 ι
878 2587 946 2619 Quia

165 2637 262 2663 magna
285 2629 344 2656 dies
362 2629 503 2656 Jezraelis.
526 2640 534 2654 ι
551 2631 617 2657 Nam
639 2639 701 2658 (‘lltll
718 2633 786 2659 dixit
803 2641 898 2667 pinnas
913 2635 947 2661 ab

164 2675 205 2702 eis
221 2675 310 2701 datum
325 2675 370 2707 iri,
387 2675 437 2701 lioc
452 2675 594 2708 intellexit,
612 2676 669 2703 fore
681 2678 810 2705 nimirum
828 2684 855 2704 ut
873 2685 948 2713 post-

164 2728 244 2755 quam
263 2728 374 2748 suoruin
391 2720 522 2748 scelerum
543 2729 625 2750 causa
647 2724 717 2750 male
739 2725 861 2751 uiulctati
886 2725 945 2752 fuc-

169 2767 233 2798 rint,
259 2770 314 2792 lum
336 2765 444 2793 demum
466 2767 596 2795 terribilis
618 2769 701 2796 veluti
727 2773 809 2804 atque
830 2771 945 2799 illustris

219 2843 228 2860 ³
243 2842 377 2874 Paulam,
397 2843 420 2871 7.

992 902 1038 928 καὶ
1052 901 1101 935 τὴν
1120 899 1209 926 αἰτίαν
1225 898 1314 931 λέγει’
1333 906 1342 922 ι
1357 897 1418 922 ’Ότι
1435 895 1513 930 ὑμεῖς
1530 893 1559 919 οὐ
1575 893 1638 924 λαός
1654 901 1716 927 μου,
1734 891 1781 918 καὶ

992 945 1047 980 ἐγὼ
1059 945 1110 973 οὐκ
1124 945 1181 980 είμὶ
1201 943 1287 979 ὑμῶν·
1307 953 1315 968 ι
1329 943 1407 976 ὑμεῖς
1426 949 1456 966 τε
1472 941 1527 975 γὰρ
1545 937 1783 972 ἀπαλλοτροιωθή-

993 979 1072 1018 σεσθε
1088 990 1137 1026 τῆς
1153 979 1222 1025 ἐμῆς
1240 986 1405 1023 κηδεμονίας
1425 984 1528 1016 λοιπὸν,
1552 983 1628 1018 κάγὼ
1647 979 1675 1009 δὲ
1693 983 1730 1014 ὡς
1748 981 1782 1009 ἂν

994 1037 1150 1072 ἀλλοτρίους
1173 1035 1251 1066 ὕντας
1269 1035 1326 1065 τοῖς
1341 1031 1526 1067 ἐπικειμένοις
1543 1029 1653 1057 ὲχδώσω
1669 1029 1781 1059 κακοῖς·

993 1080 1052 1109 εἶτα
1074 1081 1182 1115 ἐπάγει·
1203 1090 1212 1105 t
1227 1080 1288 1106 Ὅτι
1309 1078 1342 1113 ἢν
1361 1076 1475 1113 ἀριθμὸς
1499 1075 1553 1101 τῶν
1580 1074 1646 1100 υἱῶν
1675 1073 1786 1110 Ἰσραὴλ

994 1128 1060 1154 ὡσεὶ
1079 1128 1171 1162 ἅμμος
1194 1126 1242 1159 τῆς
1260 1125 1410 1158 θαλάσσης,
1436 1123 1484 1148 καὶ
1507 1121 1557 1148 οὐκ
1581 1119 1785 1155 ὲκμετρηθήσε-

994 1182 1051 1205 ται,
1075 1173 1113 1208 (p.
1134 1172 1177 1207 10)
1218 1170 1281 1198 οὐδὲ
1298 1168 1557 1204 ὲξαριθμηθήσεται·
1585 1176 1593 1192 ι
1615 1166 1707 1201 μεῖζον
1729 1167 1784 1201 γὰρ

995 1217 1029 1254 ἦν
1044 1218 1074 1245 τὸ
1093 1217 1184 1252 θαῦμα
1201 1220 1247 1243 καὶ
1266 1215 1339 1250 σαφῆ
1355 1215 1404 1250 τῆς
1420 1213 1495 1245 θείας
1511 1212 1595 1248 ὀργῆς
1610 1212 1655 1238 τὸν
1675 1211 1784 1245 ἔλεγχον

1001 1263 1198 1300 παρεχόμενον,
1215 1263 1238 1288 εἰ
1254 1260 1396 1291 τοσούτους
1408 1259 1487 1290 ὄντας
1502 1258 1599 1293 ἀθρόον
1613 1257 1786 1292 αἰχμαλωσίᾳ

1001 1307 1160 1342 παρεδίδου,
1185 1306 1266 1342 μηδὲν
1291 1305 1320 1338 ἐξ
1337 1304 1426 1332 αὐτῶν
1448 1303 1583 1330 τοσούτων
1609 1303 1692 1329 ὄντων
1712 1302 1784 1336 ὡφε-

999 1354 1102 1380 λεῖσθαι
1116 1353 1188 1384 οἴους
1202 1361 1230 1379 τε
1245 1352 1334 1383 ὄντας.

1034 1396 1089 1425 Εἶθ’
1112 1399 1179 1432 ὅπερ
1203 1397 1262 1429 ἔθος
1279 1399 1334 1429 τοῖς
1354 1396 1525 1432 προφήταις,
1549 1395 1595 1422 καὶ
1619 1395 1668 1430 μὲν
1684 1394 1730 1420 καὶ
1747 1394 1786 1429 τῷ

999 1445 1126 1480 μακαρίῳ
1137 1444 1218 1470 Δαυῖδ
1232 1444 1262 1470 τὸ
1276 1444 1304 1469 ἐν
1319 1443 1394 1478 μέσῳ
1405 1443 1459 1469 τῶν
1474 1442 1602 1477 λυπηρῶν
1617 1441 1663 1468 καὶ
1674 1441 1707 1467 τὰ
1721 1441 1787 1475 ἡδέα

999 1491 1123 1526 μηνύειν,
1137 1491 1186 1526 τήν
1201 1499 1228 1516 τε
1244 1490 1289 1516 ἐπὶ
1302 1490 1332 1516 τὸ
1343 1490 1463 1525 κρεῖττον
1482 1487 1631 1523 μεταϐολὴν
1643 1487 1786 1522 ὲπίιλὶυχα-

998 1538 1086 1574 γωγίᾳ
1106 1538 1160 1564 τῶν
1184 1538 1212 1563 ἐν
1230 1538 1285 1568 τοῖς
1302 1537 1404 1572 χείροσι
1423 1536 1581 1571 γινομένων,
1603 1545 1611 1560 ι
1627 1535 1680 1562 Καὶ
1698 1535 1784 1565 ἔσται,

999 1583 1091 1618 φησιν,
1107 1583 1136 1610 ὲν
1151 1583 1188 1618 τῷ
1202 1583 1277 1617 τόπῳ
1292 1580 1322 1609 οὗ
1344 1582 1447 1618 ὲῤῥήθη
1472 1583 1572 1613 αὐτοῖς,
1595 1581 1631 1608 υὺ
1652 1581 1715 1612 λαός
1735 1589 1786 1613 μου

999 1629 1086 1663 ὑμεῖς.
1103 1628 1177 1655 αὐτοὶ⁸
1195 1628 1377 1664 κληθήσονται
1400 1629 1453 1654 υἱοὶ
1474 1628 1540 1654 Θεοῦ
1556 1627 1664 1659 ζῶντος.
1681 1636 1691 1652 ›
1709 1626 1787 1653 ὓῦτω

999 1675 1045 1701 καὶ
1063 1675 1077 1700 ὁ
1093 1674 1226 1709 μακάριος
1245 1674 1326 1700 Δαυῒδ
1342 1674 1375 1700 τὰ
1393 1673 1462 1700 κατὰ
1478 1674 1541 1704 τοὺς
1570 1673 1729 1705 Ἀσσυρίους
1749 1673 1787 1698 εἱ-

999 1721 1066 1751 πὼν.
1082 1722 1206 1755 ἐπάγενι
1221 1721 1268 1751 Τίς
1286 1721 1367 1746 δώσει
1383 1722 1414 1746 ἐκ
1443 1719 1510 1746 Σιὼν
1531 1720 1562 1746 τὺ
1585 1720 1719 1754 σωτήριον
1738 1719 1785 1746 τοῦ

1006 1767 1132 1803 Ίσραήλ;
1159 1767 1203 1793 Ἐν
1225 1766 1263 1801 τῷ
1285 1766 1448 1802 ἐπιστρέψαι
1484 1765 1586 1801 Κύριον
1608 1765 1657 1800 τὴν
1685 1766 1786 1800 αὗχμα-

999 1811 1099 1839 λωσῐαν
1117 1812 1163 1838 τοῦ
1180 1812 1244 1839 λαοῦ
1268 1812 1360 1844 αὑτοῦ,
1385 1812 1579 1846 ἀγαλλιάσεται
1606 1811 1713 1842 Ἰακὼϐ,
1739 1811 1785 1838 καὶ

999 1858 1216 1893 εὐφρανθήσεται
1248 1857 1356 1893 Ἰσραήλ
1391 1866 1399 1882 ι
1426 1857 1531 1888 δεικνὺς
1556 1858 1598 1883 ὅτι
1625 1857 1700 1883 ἔσται
1727 1865 1786 1883 και-

1000 1905 1055 1940 ρὸς,
1070 1903 1187 1938 ὁπηνίκα
1206 1904 1254 1939 τὴν
1271 1902 1460 1938 αἰχμαλωσίαν
1477 1902 1551 1929 λύσει
1570 1902 1678 1933 πάντως
1694 1902 1786 1934 αὐτοῖς

998 1952 1012 1977 ὁ
1026 1950 1106 1981 Θεός·
1126 1950 1156 1976 τὸ
1172 1950 1227 1985 γὰρ
1244 1949 1309 1975 αὐτὸ
1323 1948 1354 1984 δὴ
1370 1948 1509 1975 κάνταῦθά
1530 1957 1623 1983 φησιν,
1639 1949 1679 1975 ὅτι
1702 1949 1786 1974 Ἔνθα

999 1994 1030 2029 δὴ
1045 1994 1199 2030 ἐκλήθησαν
1216 1995 1257 2020 Οὐ
1272 1994 1358 2026 λαὸς,
1375 1994 1446 2020 τοῦτ’
1461 1994 1517 2020 ἔστι
1531 1995 1723 2030 ἀπερρίφησαν
1738 1994 1786 2029 τῆς

1001 2040 1128 2074 προνοίας
1155 2039 1204 2075 τῆς
1229 2039 1309 2074 ἐμῆς,
1330 2039 1445 2065 ἐνταῦθα
1470 2039 1502 2073 δὴ
1527 2039 1707 2074 κληθήσονται
1733 2038 1786 2064 υἱοὶ

1001 2085 1068 2111 Θεοῦ
1083 2085 1181 2117 ζῶντος
1191 2093 1197 2099 ”
1214 2084 1257 2111 ἵνα
1274 2085 1348 2120 εἴπῃ,
1362 2083 1508 2116 Τεύξονται
1528 2085 1608 2110 πάλιν
1622 2085 1670 2118 τῆς
1684 2084 1786 2110 οἰκειώ-

1001 2139 1068 2161 ceto;
1088 2131 1138 2165 τῆς
1160 2130 1245 2165 ἐμῆς
1264 2129 1354 2160 καλῶς
1370 2129 1453 2155 εἰπὼν
1475 2130 1504 2155 τὸ
1524 2129 1558 2155 ἐν
1573 2129 1611 2162 τῷ
1632 2131 1721 2162 τόπῳ,
1739 2129 1784 2163 ἀφ’

999 2174 1084 2212 οὗπερ
1102 2177 1197 2207 αὐτοὺς
1213 2175 1317 2210 ἀφελὼν
1331 2177 1369 2207 εἰς
1383 2175 1428 2202 τὸν
1447 2175 1526 2201 αὐτὸν
1539 2175 1686 2208 ἐπανάγειν
1701 2175 1784 2210 ἤμελ-

1000 2224 1043 2249 λεν
1060 2221 1155 2248 πάλιν·
1179 2223 1276 2255 ἐπάγει
1291 2221 1355 2255 γοῦν
1375 2222 1415 2252 είς
1439 2220 1550 2256 μείζονα
1573 2220 1619 2246 τοῦ
1639 2221 1783 2255 λεγομένου

1001 2269 1164 2302 σαφήνειαν·
1193 2267 1265 2301 Στῐχ.
1299 2266 1333 2292 ια’
1370 2280 1404 2285 -
1427 2275 1435 2291 ι
1458 2266 1512 2291 Καὶ
1532 2266 1745 2300 συναχθήσονται
1761 2268 1784 2293 οἱ

1000 2315 1052 2340 υἱοὶ
1075 2313 1159 2340 Ἰούδα
1173 2313 1219 2339 καὶ
1233 2313 1256 2338 οί
1273 2312 1326 2338 υἱοὶ
1348 2311 1456 2347 Ἰσραὴλ
1471 2311 1517 2337 ἐπὶ
1536 2311 1566 2337 τὸ
1593 2312 1669 2343 αὐτὸ,
1687 2314 1723 2347 (p.
1741 2313 1784 2348 Η)

1000 2359 1047 2385 καὶ
1067 2358 1195 2393 θήσονται
1215 2358 1321 2388 ἑαυτοῖς
1346 2357 1432 2392 ἀρχὴν
1461 2357 1536 2392 μίαν,
1565 2358 1609 2384 καὶ
1635 2358 1783 2392 ἀναϐήσον-

999 2412 1043 2430 ται
1060 2405 1091 2429 ἐκ
1109 2403 1158 2437 τῆς
1175 2403 1234 2436 γῆς.
1254 2411 1261 2426 ι
1284 2401 1363 2434 Λέγει
1381 2401 1408 2427 δὲ
1429 2401 1470 2426 ὅτι
1492 2401 1559 2435 μετὰ
1572 2401 1619 2435 τὴν
1639 2401 1678 2432 είς
1698 2401 1784 2426 Βαϐυ-

999 2449 1072 2476 λῶνα
1091 2448 1278 2483 αἰχμαλωσίαν
1293 2447 1347 2473 τῶν
1370 2447 1418 2481 τῆς
1445 2446 1531 2472 Ἰούδα
1554 2447 1648 2480 φυλῆς,
1673 2446 1721 2482 μία
1744 2455 1784 2478 τις

1000 2494 1125 2520 ἁπάντων
1136 2493 1280 2526 γενήσεται
1295 2491 1434 2526 ἐλευθερία
1444 2501 1450 2506 ·
1466 2493 1507 2518 ὅτι
1522 2491 1553 2526 δὴ
1565 2492 1615 2518 ὑπὸ
1633 2493 1696 2526 μίαν
1711 2492 1784 2518 ἔσον-

999 2550 1042 2568 ται
1058 2541 1105 2574 τὴν
1121 2539 1225 2574 ἀρχὴν,
1241 2538 1332 2565 οὐκέτι
1349 2539 1523 2574 διῃρημένοι,
1539 2538 1664 2573 καθάπερ
1687 2539 1786 2574 πρότε-

1001 2595 1056 2623 ρον,
1073 2585 1125 2612 ὑπὸ
1142 2585 1205 2620 μίαν
1223 2585 1252 2610 δὲ
1264 2584 1339 2616 ὄντες
1354 2585 1402 2619 τὴν
1419 2585 1522 2619 ἀρχήνο
1542 2584 1597 2610 τῶν
1612 2585 1720 2610 πάντων
1738 2585 1785 2619 μὲν

1000 2631 1123 2668 ἡγεῖσθαι
1138 2631 1187 2666 τὴν
1210 2630 1294 2656 Ἰούδα
1312 2630 1408 2665 φυλὴν,
1422 2631 1451 2655 ὲν
1467 2630 1590 2664 βασιλείᾳ
1609 2630 1637 2656 δὲ
1652 2630 1699 2656 καὶ
1712 2631 1782 2665 ἀρχῇ

1000 2678 1164 2706 καθεστάναι
1178 2677 1241 2707 τοὺς
1263 2676 1291 2709 ἐξ
1306 2677 1413 2711 ἐκείνης
1427 2676 1609 2710 τυγχάνοντας
1626 2677 1674 2711 τῆς
1688 2676 1782 2710 φυλῆς·

1001 2724 1060 2752 εἶτα
1083 2723 1196 2758 ἐπάγει,
1214 2732 1223 2747 ι
1243 2722 1303 2748 ’Ὁτι
1323 2720 1427 2756 μεγάλη
1444 2721 1536 2756 ἡμέρα
1554 2722 1600 2747 τοῦ
1621 2721 1750 2756 Ἰεζραήλ.
1773 2731 1780 2746 ι

1007 2771 1114 2806 Ἐπειδὴ
1135 2769 1188 2804 γὰρ
1204 2766 1278 2794 εἶπεν
1294 2768 1333 2793 ὅτι
1356 2766 1424 2802 ὑπὲρ
1446 2766 1541 2793 τούτου
1561 2767 1675 2793 δώτουςι
1698 2767 1781 2797 δίκας,
