1947 3071
160 115 173 143 Ι
179 116 218 144 515

689 115 964 144 COMMENTARIUS
984 116 1017 142 ιΝ
1034 115 1134 143 ΟΞΕᾸΞ
1153 115 1230 142 CAP.
1245 115 1277 145 Il.

1750 117 1803 144 £34

159 177 247 204 τοῦτο
265 176 389 212 βούλεται
405 177 504 209 εἰπεῖν,
522 178 563 204 ὅτι
580 177 682 204 τούτων
696 178 729 213 δὴ
749 178 803 205 τῶν
818 179 889 214 ὑπὲρ
911 179 952 214 τῆς

1012 176 1110 204 evadat
1135 175 1195 203 dies
1224 175 1283 208 illa,
1298 183 1352 209 qua
1383 179 1484 210 praeter
1511 184 1618 204 omnem
1652 176 1800 205 humanam

159 223 285 258 πρόσθεν
300 224 392 250 αὐτῶν
408 224 539 256 ἀσεϐείας
552 224 725 251 πεπονθότων
735 225 829 257 κακῶς
838 246 844 257 ,
858 226 962 260 φοϐερά

157 277 203 300 τις
219 270 297 297 ἐσται
316 271 363 297 καὶ
375 271 497 303 ἐπίδοξος
511 273 527 306 ἡ
539 272 629 306 ἡμέρα
644 272 746 306 ἐκείνη.
762 272 824 298 καθ’
839 273 872 308 ἥν
885 272 960 308 παρὰ

158 315 258 341 πᾶσαν
280 315 455 352 ἀνθρωπίνην
472 317 578 348 ἐλπίδα,
601 316 650 352 τῆς
671 317 802 344 ἐπανόδου
817 318 959 350 τεύξονται

158 359 212 386 ἐπὶ
228 361 265 388 τὰ
279 362 368 388 οἰκεῖα
378 371 385 377 ·
400 363 447 388 καὶ
462 362 504 394 τίς
517 364 533 397 ἡ
550 363 703 396 ἀπόδειξιςς

495 409 575 435 ΚΕΦ.
595 409 634 435 Β’.

196 453 277 488 Στίχ.
295 457 330 485 α’,
345 453 377 489 β’.
398 470 432 475 -—-
450 465 458 480 ‹
478 453 580 481 Εἴπατε
595 455 633 490 τῷ
656 455 763 490 ἀδελφῷ
784 456 869 491 ὑμῶν,
888 457 961 488 Aw};

160 508 216 534 μου
231 508 239 515 -
272 501 319 527 καὶ
334 502 366 535 τῆ
394 501 495 536 ἀδελφῇ
521 501 607 536 ὑμῶν,
641 502 802 537 Ἦλεημένη.
823 512 831 528 ι
857 504 958 530 Εἴπατε

158 543 224 570 ἀντὶ
241 544 290 571 τοῦ
314 545 428 580 Ἐρεῖτε,
444 546 486 571 ἳνα
502 545 566 581 εἴπῃ
581 547 622 572 ὅτι
640 547 853 582 ἐναλλαγήσεται
868 549 958 580 αὐτοῖς

157 590 195 616 τὰ
208 591 343 626 ὀνόματα.
369 591 496 627 ’Δρμόσει
509 593 563 628 γὰρ
578 593 679 625 αὐτοῖς,
695 594 771 629 φησὶ,
784 594 814 620 τὸ
827 595 888 621 Λαδ
914 595 958 622 λέ-

159 637 263 670 γεσθαι
281 638 328 664 καὶ
357 638 519 672 Ἦλεημένη,
541 638 579 669 ὼς
598 638 782 674 ᾠκειωμένοις
794 648 823 666 τε
845 641 891 666 καὶ
907 641 959 675 τῆς

159 683 373 719 φιλανθρωπίας
390 684 557 711 ἀπολαύουσι
577 686 638 711 τότε
659 686 709 720 τῆς
726 687 812 721 ὲμῆς·
829 685 888 714 εἶτα
905 688 958 714 ἀπὸ

160 729 212 764 τῆς
227 730 416 765 προκειμένης
430 731 543 763 εἰκόνος,
560 731 606 757 τοῦ
618 731 698 765 λόγου
711 732 760 767 ¹τὴν
773 733 900 769 ἀφορμὴν
912 733 959 760 λα-

159 774 214 802 ῦών
231 783 239 790 ⁸
257 786 267 801 ‹
284 776 416 811 Κρίθητε,
440 778 515 813 φησὶ.
539 778 608 812 πρὸς
627 777 675 813 τὴν
689 778 794 814 μητέρα
809 779 885 814 ὑμῶν
899 779 958 815 κρί-

160 821 238 855 θητε-
261 821 302 847 ὅτι
324 821 392 856 αύτὴ
417 822 448 848 οὑ
471 823 537 858 γυνή
564 832 626 858 μου,
649 823 726 857 κάγὼ
749 823 798 849 οὐκ
818 823 887 858 ἀνὴρ
907 824 955 850 αύ-

159 867 220 901 τῆς.
238 877 248 892 ι
268 867 329 894 Ἐπὶ
345 867 395 901 μὲν
409 868 463 903 γὰρ
477 869 525 903 τῆς
536 869 720 904 προκειμένης
733 869 846 900 εἰκόνος,
860 871 898 904 (p.
913 869 956 904 12)

159 912 275 945 εῠδηὶ.ον
295 913 336 938 ὅτι
358 913 465 948 μητέρα
481 913 530 947 μὲν
547 914 596 949 τὴν
610 914 713 949 πόρνην
728 914 815 945 καλεῖ,
830 914 913 941 τέκνα
928 914 956 940 δὲ

159 957 194 983 τὰ
216 958 247 990 ἐξ
269 958 356 993 αὐτῆς
372 958 410 989 ὡς
426 959 500 990 εἰκὸς
516 959 679 994 γεννηθέντα
691 969 699 976 ·
719 960 836 987 ἐνταῦθα
852 961 879 987 δὲ
903 970 955 996 μη-
967 995 974 1000 _

159 1003 228 1038 τέρα
249 1003 298 1038 μὲν
319 1004 394 1038 λέγει
416 1004 466 1039 τὴν
489 1005 649 1040 συναγωγὴν
672 1006 727 1032 τῶν
755 1006 900 1038 Ἰουδαίων,
922 1007 956 1042 ἣν

159 1048 267 1075 ἄνωθεν
276 1049 376 1075 ὡσανεὶ
389 1050 626 1084 μνηστευσάμενός
637 1059 666 1076 τε
676 1051 722 1077 καὶ
736 1051 855 1085 συνάψας
866 1051 954 1087 ἐαυτῷ

159 1096 194 1130 τῇ
210 1095 375 1130 κηδεμονίας
391 1096 528 1132 ὑπερϐολῇ
547 1096 665 1132 ἐξήγαγέ
684 1105 713 1123 τε
733 1097 782 1132 τῆς
803 1097 952 1131 Αἰγύπτου,

160 1142 208 1167 καὶ
229 1141 388 1177 ἐλευθερίας
404 1141 524 1175 ἀξιώσας
544 1143 583 1174 εἰς
597 1142 646 1178 τὴν
660 1142 762 1177 ἔρημον
775 1143 889 1178 ἢγαγεν,
908 1144 954 1169 ἐπὶ

160 1186 198 1222 τῷ
215 1187 268 1222 τὴν
288 1186 445 1214 θεοσέϐειαν
466 1188 643 1215 ἑκπαιδεῠσαι
666 1190 706 1220 εἰς
729 1189 839 1224 μείζονα
862 1189 953 1224 σχέσιν

159 1235 276 1268 ἀγαγεῖν
292 1233 406 1260 ἑαυτοῦ·
424 1234 495 1261 καθά
514 1235 561 1261 καὶ
581 1235 595 1260 ὁ
613 1235 746 1270 μακάριος
778 1235 857 1261 Δαυίδ
875 1243 951 1270 φησι·

163 1290 172 1306 ε
188 1279 333 1315 λιπιήσϐητι
350 1281 401 1315 τῆς
422 1279 584 1314 συναγωγῆς
607 1289 654 1306 σου
669 1279 703 1316 ἧς
720 1281 827 1316 ἐκτήσω
843 1281 890 1307 ἀπ’
903 1281 953 1316 ἀρ-

158 1326 225 1360 χῆς,
247 1324 394 1359 ὲλυτρὼσω
411 1325 507 1360 ῥάϐδον
536 1325 717 1360 κληρονομίας
747 1335 804 1353 σου.
827 1335 836 1351 ι
863 1326 951 1353 Τέκνα

158 1371 187 1397 δὲ
213 1370 319 1405 ταύτης
338 1371 385 1397 τὸν
411 1371 481 1397 κατά
505 1371 630 1406 διαδοχὴν
650 1372 679 1405 ἐξ
705 1371 789 1407 αὐτῆς
814 1373 950 1400 συστάντα

157 1416 223 1443 λαόν
233 1424 240 1430 '
261 1416 301 1448 ὼς
313 1416 369 1452 γὰρ
382 1417 407 1442 οἱ
426 1417 544 1452 πατέρες
557 1418 581 1443 οξ
597 1417 657 1443 τότε
672 1418 796 1452 λέγονται
809 1418 863 1445 τῶν
883 1418 952 1453 μετά

156 1462 262 1489 ταῦτα·
283 1472 294 1488 ‹
313 1463 346 1489 οι
369 1462 424 1498 γὰρ
447 1463 565 1498 πατέρες
595 1463 681 1498 ὑμῶν,
706 1464 782 1499 φησὶ,
810 1464 840 1490 τὸ
865 1464 952 1500 μάννα

157 1508 261 1543 ἔφαγον
279 1510 308 1535 ὲν
323 1510 357 1544 τῇ
373 1509 479 1544 ἐρήμῳ,
494 1510 541 1536 καὶ
556 1510 701 1536 ἀπέθανον.
718 1520 726 1535 ι
743 1510 821 1537 ὓῦτω
833 1511 880 1537 καὶ
897 1512 950 1546 μή-

155 1562 209 1589 τηρ
233 1555 250 1589 ἡ
277 1555 380 1589 ταύτης
402 1555 547 1590 συναγωγὴ
573 1555 682 1582 καλοῖτο
703 1555 735 1582 ἂν
759 1556 881 1587 δικαίως,
904 1557 950 1591 ἀφ’

155 1596 247 1634 ἧσπερ
264 1599 296 1625 τὸ
311 1600 381 1635 μετὰ
390 1600 476 1626 ταῦτα
490 1601 616 1635 σύστημα
630 1601 725 1635 γέγονε
735 1601 790 1627 τῶν
807 1602 950 1628 Ἰουδαίων·

156 1646 296 1678 ὀνειδίζων
306 1644 352 1673 οὖν
367 1647 466 1678 αὐτοὺς
478 1646 527 1681 τὴν
541 1646 690 1682 μοχθηρίαν
707 1647 756 1673 τοῦ
769 1647 881 1682 τρόπον,
903 1656 953 1674 κα-

157 1691 210 1721 λῶς
224 1691 309 1726 φησὶν
326 1691 384 1723 ὃτι,
407 1691 528 1718 Ἀνωθεν
543 1692 604 1718 ἐστὲ
621 1692 768 1727 μοχθηροὶ,
784 1693 830 1718 καὶ
846 1695 879 1728 τῇ
899 1702 952 1728 μη-

156 1735 200 1770 τρὶ
226 1736 322 1770 σαφῶς
344 1736 462 1767 ἐοικότες
484 1738 516 1772 τῇ
537 1737 636 1772 οἰκεία.
654 1738 685 1764 Εἰ
699 1738 767 1772 γοῦν
786 1747 827 1770 τις
847 1738 880 1765 τὰ
897 1738 951 1765 τῶν

156 1781 215 1807 τότε
235 1781 325 1816 κρίνοι
342 1783 388 1808 καὶ
409 1782 445 1809 τὰ
462 1782 520 1815 νῦν,
543 1783 642 1819 πολλὴν
662 1784 751 1810 αὐτῶν
771 1785 882 1819 εὑρήσει
905 1793 952 1811 σα-

157 1826 214 1859 φῶς
225 1827 277 1862 τὴν
291 1828 453 1861 συγγένειαν
465 1837 471 1843 ·
488 1828 600 1855 ἐκείνων
615 1829 664 1864 μὲν
683 1830 750 1864 μετὰ
765 1830 796 1856 τὸ
815 1829 950 1856 τοσούτων

158 1873 204 1899 καὶ
220 1874 390 1908 τηλικούτων
401 1875 494 1909 τυχεῖν
508 1875 629 1908 ἀγαθῶν,
643 1876 837 1910 τολμησάντων
851 1876 952 1912 μόσχον

157 1926 186 1944 τε
211 1920 418 1946 κατασκευάσαι
441 1921 488 1946 καὶ
516 1921 611 1953 εἰπεῖν,
642 1932 651 1947 ι
673 1918 752 1948 Οὗτοι
770 1922 794 1948 οἱ
817 1921 872 1948 θεοί
893 1921 950 1955 σου,

162 1964 289 1999 Ἰσραὴλ,
308 1965 332 1991 οἳ
350 1965 484 2001 ἐξήγαγον
506 1975 534 1992 σε
553 1967 584 1992 ὲκ
601 1967 652 2002 γῆς
667 1968 803 2001 Αἰγύπτου
815 1976 821 1983 ·
843 1978 853 1994 ›
875 1968 951 2004 ὑμῶν

158 2010 185 2035 δὲ
204 2011 267 2036 καθ’
287 2012 433 2046 ὁμοιότητα
450 2013 562 2040 ἐκείνων
577 2012 811 2040 καταλελοιπότων
835 2014 884 2050 μὲν
901 2015 950 2050 τὴν

159 2056 258 2089 γνῶσιν
279 2056 328 2092 τὴν
347 2057 428 2092 ὲμὴν,
446 2058 493 2084 τοῦ
516 2057 648 2092 τοσαύτην
665 2059 742 2093 ὑμῶν
764 2059 882 2086 πάντοτε
902 2068 951 2086 πε-

159 2104 306 2138 ποιημένου
320 2104 495 2139 κηδεμονίαν.
518 2104 555 2139 (p.
576 2105 619 2139 15)
638 2106 683 2130 επὶ
695 2105 722 2131 δὲ
740 2105 788 2140 τὴν
800 2105 854 2132 τῶν
871 2106 950 2132 εἰδὼ-

159 2145 209 2173 λων
227 2150 376 2185 θεραπείαν
391 2151 567 2186 τραπέντων·
586 2151 653 2177 ὥστ’
670 2151 703 2177 ἂν
718 2152 856 2186 ἁρμοδίως
877 2153 949 2187 ὑμᾶς

159 2195 374 2231 παρεικασϐἦναι
393 2197 425 2231 τῇ
442 2197 528 2232 πόρνῃ
540 2205 547 2211 ·
560 2197 622 2223 ἐπεὶ
637 2198 705 2232 μήτε
723 2197 786 2231 ὑμῖν
802 2197 873 2224 οὕτω
889 2198 948 2224 δια-

160 2241 294 2276 κειμένοις
314 2242 449 2277 ἁρμόττον
461 2242 492 2268 τὺ
507 2243 590 2278 ἐμοὺς
611 2243 650 2269 ἐτι
665 2243 806 2270 καλεῖσθαι
818 2251 825 2258 '
843 2243 897 2278 ἐγώ
917 2252 946 2270 τε

159 2287 412 2323 ἁπηλλοτριωμένος
432 2288 520 2322 ,ὑμῶν
546 2288 574 2322 ἐξ
601 2288 690 2315 αὐτῶν
720 2289 863 2324 δείκνυμαι
893 2289 948 2315 τῶν

160 2334 342 2368 πραγμάτων·
355 2333 500 2368 τοιγαροῦν
510 2334 537 2360 τί
547 2343 553 2366 ;

192 2380 255 2416 Στίχ
268 2384 337 2415 γ’-ε¹.
348 2395 383 2400 -
397 2390 406 2406 ι
429 2381 483 2407 Καὶ
502 2381 590 2416 ὲξαρῶ
604 2382 652 2418 τὴν
671 2381 798 2417 πορνείαν
821 2381 906 2416 αὐτῆς
921 2382 953 2408 ἐκ

160 2425 302 2459 προσώπου
316 2435 378 2461 μου,
392 2427 439 2452 καὶ
453 2426 501 2461 τὴν
515 2427 636 2461 μοιχείαν
645 2428 729 2462 αὐτῆς
743 2428 774 2453 ὲκ
789 2427 871 2462 μέσου
882 2435 951 2462 μασ-

160 2471 211 2497 τῶν
223 2472 324 2507 αὐτῆς·
337 2481 346 2497 ι
363 2473 472 2507 μακρὰν
485 2471 538 2508 γὰρ
551 2473 646 2502 αὐτοὺς
659 2473 777 2507 ἐμαυτοῦ
788 2474 951 2508 καταστήσω

161 2516 201 2543 διὰ
211 2518 258 2553 τῆς
279 2517 479 2552 αἰχμαλωσίας,
495 2518 542 2544 καὶ
557 2518 600 2544 διὰ
617 2519 666 2553 τῆς
685 2519 778 2554 πόρρω
796 2519 849 2544 τῶν
861 2519 951 2545 τόπων

162 2564 307 2599 ἀπαγωγῆς
317 2572 324 2579 ·
343 2564 381 2595 ὡς
397 2564 494 2598 μηκέτι
510 2564 621 2600 θεωρεῖν
636 2564 719 2600 αὐτὴν
744 2567 808 2599 παρ’
823 2565 884 2599 ἐμοὶ
901 2564 950 2599 τὴν

162 2611 284 2643 πορνείαν
314 2609 476 2636 ὲκτελοῦσαν
499 2610 549 2644 τὴν
578 2611 696 2637 οἰκείαν·
724 2612 793 2646 μήτε
826 2611 874 2645 μὲν
902 2610 950 2646 τὴν

164 2655 280 2689 μοιχείαν
295 2655 328 2690 ἦν
354 2654 424 2689 μετά
443 2655 542 2690 πολλῆς
561 2656 706 2691 ἐργάζεται
725 2658 773 2691 τῆς
791 2656 949 2687 ἀκολασίας,

162 2699 263 2727 ἃπασαν
281 2700 382 2736 ἑαυτὴν
399 2700 530 2736 προθεῖσα
551 2703 608 2734 τοῖς
635 2702 769 2734 εἰδώλοις·
794 2702 872 2728 τοῦτο
896 2702 950 2737 γὰρ

162 2742 244 2779 λέγει·
272 2747 303 2773 τὸ
323 2756 332 2773 ι
361 2745 393 2773 ὲκ
416 2746 496 2781 μέσου
517 2748 626 2783 μαστῶν
649 2749 742 2784 αὐτῆς,
761 2758 770 2774 )
785 2749 822 2780 ὡς
841 2748 873 2774 iv
895 2747 948 2774 τῶν

196 2804 228 2822 ’⁸-³
241 2803 314 2831 Psal.
341 2810 440 2831 uxut.
457 2803 482 2831 2.

964 1526 985 1554 ο
1002 1514 1131 1545 parentes
1159 1511 1344 1537 recentiorum
1367 1519 1373 1536 :

1012 230 1087 257 spem
1104 222 1222 249 reditum
1239 221 1266 248 in
1286 221 1402 256 patriam
1425 227 1643 258 consequentur.
1668 223 1800 256 Quaenam

1013 276 1075 296 vero
1090 273 1133 295 est
1148 268 1208 303 ejus
1224 268 1264 295 rei
1279 267 1478 295 demonstratio
1491 269 1502 295 ?

1337 404 1413 432 CAP.
1434 405 1466 431 ll.

1046 451 1129 479 Vsus.
1146 451 1173 483 1,
1187 450 1214 478 2.
1229 465 1266 470 ——-
1281 460 1290 476 ‹
1312 450 1399 477 Dicite
1427 450 1503 478 fratri
1532 457 1623 480 vestro
1634 473 1641 485 ,
1674 451 1796 487 Populus

1011 506 1089 525 meus
1100 508 1107 531 ;
1120 502 1147 525 et
1159 499 1247 525 sorori
1264 503 1370 529 vestrm,
1387 497 1601 525 Misericordiam
1611 505 1768 527 consecuta.
1785 509 1795 526 ι

1011 545 1109 576 Dicite,
1126 552 1176 579 pro
1193 543 1295 571 Dicetis
1312 552 1318 571 :
1335 544 1442 571 scilicet
1459 544 1496 570 ait
1512 543 1572 571 fore
1587 548 1617 570 ut
1632 545 1686 571 illis
1702 545 1799 571 immu-

1011 594 1103 616 tcntur
1129 590 1242 617 nomina
1266 599 1273 616 :
1300 589 1458 616 nominibus
1482 593 1571 616 autem
1599 589 1671 616 facta
1694 589 1798 625 signiﬁ-

1009 642 1054 663 cat
1067 636 1118 670 (2).
1144 636 1284 670 Congruet
1301 636 1374 663 enim
1390 636 1474 670 ipsis,
1490 636 1546 668 ait,
1565 637 1655 663 vocari
1673 636 1778 671 Populo
1789 658 1797 669 ,

1009 687 1037 709 et
1053 682 1231 710 Clementiam
1243 687 1415 716 consecutae;
1433 686 1562 717 tanquam
1578 681 1758 710 familiaribus
1772 687 1799 709 et

1010 728 1155 755 clementia
1171 735 1232 754 mea
1247 732 1314 754 tunc
1327 727 1493 755 fruentibus.
1511 727 1612 754 Deinde
1626 735 1641 754 a
1658 728 1799 762 proposita

1010 774 1127 808 imagine
1148 781 1242 800 ansam
1264 773 1372 800 dicendi
1398 773 1524 807 capiens,
1541 783 1551 798 ι
1569 773 1649 801 Ferte
1689 774 1796 809 inquit,

1007 819 1075 846 ferte
1115 819 1278 846 sententiam
1289 824 1384 846 contra
1392 824 1505 847 matrem
1518 825 1653 852 vestram;
1666 821 1729 855 quia
1739 821 1797 856 ipsa

974 851 994 878 Β
1009 865 1080 891 haud
1098 873 1168 892 uxor
1183 873 1253 897 mea,
1269 873 1319 893 nec
1332 874 1383 901 ego
1400 867 1440 893 vir
1456 866 1526 900 ejus.
1545 876 1555 892 ι
1572 865 1630 893 Jam
1646 867 1798 895 secundum

1007 911 1108 937 dictam
1126 911 1274 946 imaginem
1298 913 1475 946 perspicuum
1498 917 1550 944 est,
1578 917 1693 940 matrem
1717 914 1752 941 ab
1764 922 1798 941 eo

1006 958 1101 984 vocari
1127 958 1297 985 meretricem
1323 959 1414 989 illam,
1438 958 1509 986 ﬁlios
1524 963 1614 986 autem
1638 960 1698 987 sine
1715 959 1798 987 dubio

1005 1011 1052 1031 eos
1070 1005 1116 1038 qui
1134 1004 1167 1031 de
1187 1004 1281 1031 eadem
1306 1005 1363 1031 nati
1383 1009 1470 1032 erant.
1491 1005 1544 1033 Sed
1565 1009 1658 1033 tamen
1679 1006 1723 1032 liie
1739 1014 1797 1033 ma-

1004 1054 1074 1077 trem
1094 1050 1161 1077 dicit
1178 1049 1333 1077 Judzeorum
1352 1058 1536 1086 synagogam.
1552 1060 1634 1087 quam
1653 1054 1797 1087 superiore

1004 1101 1128 1130 tempore
1143 1099 1274 1130 tanquam
1292 1096 1344 1123 sibi
1363 1097 1529 1131 desponsam
1545 1102 1627 1132 atque,
1637 1099 1795 1133 copulatam

1002 1142 1103 1169 eximia
1122 1142 1295 1177 providentia
1315 1142 1448 1169 eduxerat
1466 1151 1498 1170 ex
1514 1143 1644 1179 Egypto,
1662 1152 1693 1172 ac
1709 1145 1795 1172 liber-

1002 1191 1059 1215 tate
1081 1188 1209 1223 dignatus
1235 1188 1261 1215 in
1283 1189 1422 1216 desertum
1445 1197 1532 1224 usque
1552 1191 1744 1225 transtulerat;
1766 1197 1795 1219 ut

1003 1234 1039 1260 ibi
1053 1242 1113 1261 eam
1132 1234 1243 1261 doceret
1257 1235 1386 1269 pietatem
1407 1242 1472 1270 erga
1490 1243 1520 1263 se
1536 1236 1640 1271 majore
1658 1237 1735 1264 cultu
1761 1246 1793 1264 ac

1003 1280 1095 1314 specie
1109 1286 1283 1314 expromere.
1301 1278 1389 1307 Sicuti
1412 1282 1493 1307 etiam
1515 1280 1612 1309 beatus
1637 1282 1674 1309 ait
1697 1281 1793 1314 David,

1006 1337 1015 1352 ‹
1031 1326 1133 1354 Memor
1149 1331 1209 1354 esto
1226 1327 1450 1361 congregationis
1466 1330 1531 1358 tuae,
1546 1335 1628 1361 quam
1643 1328 1794 1362 possedisti

1004 1373 1038 1399 ab
1055 1372 1144 1399 initio.
1163 1371 1312 1399 Redemisti
1327 1372 1432 1407 virgam
1460 1373 1626 1401 haereditatis
1654 1375 1762 1402 tuae”.
1781 1385 1791 1401 ›

1009 1417 1159 1453 Synagogae
1179 1426 1243 1445 vero
1259 1418 1360 1445 liberos
1376 1419 1423 1450 ait,
1436 1423 1595 1453 generatum
1611 1427 1643 1447 ex
1658 1427 1690 1447 ea
1705 1427 1794 1455 popu<

1002 1464 1070 1491 lum.
1099 1464 1205 1500 Rcapse
1230 1464 1305 1490 illius
1341 1465 1475 1499 temporis
1506 1463 1633 1492 homines
1665 1464 1794 1492 dicuntur

1399 1519 1408 1535 ι
1428 1509 1496 1536 Nam
1516 1516 1608 1545 patres
1636 1511 1664 1546 9
1694 1512 1793 1544 vestri,

1004 1556 1103 1589 inquit,
1121 1555 1360 1582 manducaverunt
1376 1562 1476 1582 manna
1494 1554 1661 1589 in.deserto.
1677 1559 1705 1582 et
1721 1563 1795 1582 mor-

1003 1601 1042 1627 tui
1066 1604 1142 1627 sunt.
1166 1610 1175 1626 ›
1199 1600 1246 1627 Sic
1266 1601 1349 1627 etiam
1369 1600 1466 1627 matris
1491 1600 1601 1627 nomine
1618 1601 1794 1635 congregatio

1004 1647 1061 1673 hace
1075 1646 1138 1681 jure
1158 1646 1350 1681 appellabitur,
1367 1654 1400 1673 ex
1417 1653 1471 1680 qua
1494 1649 1603 1680 postera
1623 1653 1689 1680 gens
1701 1645 1794 1673 Juda-

1003 1700 1081 1719 orum
1096 1695 1244 1727 propagata
1255 1695 1307 1719 est.
1323 1692 1499 1726 Exprobrans
1511 1691 1602 1726 itaque
1619 1692 1674 1718 illis
1686 1700 1792 1719 morum

1004 1739 1205 1774 improbitatem
1226 1744 1302 1768 recte
1321 1739 1370 1766 ait:
1391 1737 1494 1765 Fuistis
1513 1738 1547 1765 ab
1565 1738 1679 1773 antiquo
1700 1738 1792 1774 pravi,

1003 1788 1154 1819 vestraeque
1164 1785 1243 1811 matri
1258 1784 1382 1818 apprime
1394 1783 1510 1811 similes.
1521 1782 1580 1810 1am
1592 1783 1614 1810 si
1626 1784 1687 1819 quis
1703 1789 1793 1811 vetera

1003 1838 1067 1857 cum
1085 1829 1266 1865 praesentibus
1286 1828 1427 1860 conferet,
1455 1829 1542 1855 multa
1568 1829 1631 1856 inde
1649 1829 1739 1857 eliciet
1761 1837 1793 1856 ac

1003 1876 1173 1910 perspicuam
1204 1876 1436 1903 similitudiru-m:
1461 1882 1559 1908 nempe
1586 1875 1658 1909 quod
1687 1875 1723 1901 illi
1754 1880 1794 1902 tot

1003 1921 1140 1955 tantisque
1164 1921 1301 1948 beneﬁciis
1321 1920 1427 1951 affecti,
1451 1920 1568 1947 conﬂato
1588 1921 1727 1947 audaciter
1753 1921 1793 1947 vi-

1005 1968 1070 1999 tulo,
1086 1967 1205 1994 dixerint
1221 1977 1227 1994 :
1245 1976 1253 1992 α
1271 1966 1304 1993 11»
1330 1971 1393 1994 sunt.
1407 1966 1444 1993 dii
1463 1967 1513 1999 tui,
1529 1967 1610 1993 Israel
1624 1987 1631 1998 ,
1653 1967 1698 2000 qui
1716 1971 1742 1994 te
1759 1975 1791 1994 ex

1004 2009 1120 2048 {Egypto
1138 2013 1301 2039 eduxerunt.
1325 2022 1334 2038 ι
1353 2013 1406 2039 Vos
1426 2020 1501 2045 vero,
1525 2011 1594 2039 Deus
1609 2013 1706 2047 inquit,
1732 2012 1792 2039 Illo-

1002 2066 1062 2085 rum
1078 2059 1209 2093 exemplis
1227 2059 1266 2085 usi
1279 2080 1285 2090 ,
1303 2059 1411 2093 abjeeta
1427 2058 1525 2085 notitia
1542 2058 1610 2089 mei,
1624 2059 1671 2093 qui
1686 2062 1791 2085 tantam

1002 2105 1084 2132 vestri
1111 2105 1323 2132 sollici..nlincm
1356 2105 1439 2139 gessi,
1465 2104 1496 2130 ad
1527 2104 1659 2131 idolorum
1687 2105 1790 2132 cultum

1003 2150 1129 2176 conversi
1146 2150 1213 2176 estis
1231 2157 1237 2173 :
1255 2157 1308 2183 quo
1326 2149 1353 2175 fit
1368 2152 1397 2175 ut
1410 2153 1472 2183 apte
1484 2148 1559 2175 vobis
1571 2150 1790 2177 accommodetur

966 2206 987 2232 υ
1002 2195 1154 2222 meretricis
1171 2195 1268 2230 imago.
1282 2194 1408 2222 Jamvcro
1427 2202 1475 2221 vos
1493 2194 1543 2220 hac
1559 2195 1713 2221 animorum
1729 2203 1791 2230 pra-

1006 2242 1088 2268 vitate
1109 2240 1230 2267 imbutos
1247 2240 1316 2266 haud
1335 2248 1382 2274 par
1401 2245 1442 2267 est
1462 2240 1564 2268 diutius
1584 2249 1660 2268 meos
1674 2241 1764 2268 vocari
1782 2251 1788 2269 :

1002 2287 1159 2321 etquidem
1188 2294 1237 2321 ego
1266 2294 1280 2312 a
1313 2285 1389 2312 vobis
1413 2286 1585 2313 abalienatus
1617 2294 1688 2314 sum.
1719 2286 1789 2319 Quid

1001 2333 1086 2367 ergo?

1042 2379 1124 2406 Vsus.
1147 2378 1208 2405 5-5.
1232 2393 1256 2398 --
1277 2387 1285 2402 ι
1308 2377 1433 2404 Auferam
1455 2376 1664 2405 fornicationem
1690 2379 1749 2414 ejus
1773 2386 1789 2406 τι

1002 2429 1150 2461 conspectu
1170 2432 1229 2451 meo
1243 2445 1250 2455 ,
1271 2427 1297 2450 et
1317 2424 1480 2450 adulleriqu
1502 2424 1561 2459 ejus
1576 2432 1591 2451 e
1613 2424 1702 2451 medio
1723 2426 1789 2452 ube-

1003 2481 1062 2499 rum
1091 2472 1161 2506 ejus.
1198 2481 1207 2496 ι
1237 2470 1346 2497 Scilicet
1384 2470 1477 2504 procul
1511 2478 1554 2497 tne
1581 2475 1685 2505 gentem
1717 2471 1788 2499 hanc

1003 2519 1132 2553 abigam.
1168 2515 1319 2552 projectum
1356 2516 1382 2542 in
1418 2516 1600 2550 captivitatem
1639 2521 1720 2550 atque
1753 2519 1787 2545 ad

1003 2564 1151 2599 longinqua
1180 2564 1237 2589 loca
1263 2562 1448 2588 translatam:
1469 2569 1503 2588 ne
1527 2561 1632 2589 diutius
1653 2563 1722 2597 apud
1746 2572 1788 2591 me

1001 2611 1106 2636 videam
1132 2609 1314 2636 scortalioues
1332 2607 1393 2641 ejus
1408 2613 1432 2634 et
1454 2608 1588 2634 adulteria
1609 2609 1788 2643 cupidissime

1002 2656 1131 2687 admissa,
1158 2655 1221 2681 dum
1250 2662 1279 2680 se
1302 2654 1380 2680 idolis
1403 2657 1486 2679 totum
1521 2654 1632 2680 addicit.
1662 2655 1689 2681 ld
1714 2655 1786 2681 enim

1001 2701 1137 2736 Significat
1168 2709 1176 2725 ι
1196 2708 1210 2725 c
1232 2697 1320 2726 medio
1340 2698 1454 2725 uberum
1480 2699 1551 2733 ejus,
1570 2709 1579 2724 ι
1605 2704 1733 2734 tanquam
1763 2700 1785 2726 si

1004 2752 1092 2774 Scorla
1111 2755 1157 2781 per
1173 2745 1283 2772 nimiam
1306 2744 1444 2772 lasciviam
1462 2753 1523 2772 cum
1546 2746 1711 2772 amatoribus
1728 2751 1786 2773 Sitis

195 2860 231 2897 (2)
251 2862 313 2890 Haec
335 2862 518 2891 nominibus...
542 2862 684 2897 aigniﬁca',
708 2862 735 2888 in
757 2860 851 2888 Graeco
878 2859 985 2886 desunt.
1009 2857 1088 2885 Eosr.
