1947 3071
124 186 175 213 157

652 182 929 212 COMMENTARIUS
946 182 978 210 IN
999 181 1100 210 OSEAE
1112 181 1191 211 CAP.
1209 182 1245 210 ll.

1703 181 1754 209 158

125 243 214 278 χρυσᾶ
229 243 339 276 ἐποίητε
354 244 388 278 τῇ
404 243 485 270 Βαάλ.
506 253 514 270 ι
531 244 706 280 Μαθήσονταί
720 254 750 271 τε
767 245 805 277 ὡς
820 245 919 280 πολλήν

986 251 1081 270 uorum
1105 251 1215 271 causam
1239 243 1413 279 imputarent.
1442 250 1504 278 quae
1526 245 1617 270 tamen
1650 249 1666 269 a
1692 249 1754 276 me,

126 297 187 315 τινα
209 291 259 324 τὴν
281 289 392 323 ἄγνοιαν
416 290 535 322 ἐνόσουν,
552 291 666 322 ἐκείνοις
684 291 851 326 λογιζόμενοι
866 290 920 316 τῶν

127 333 282 368 προσόντων
297 333 408 367 ἀγαθῶν
422 335 514 366 αὐτοῖς
529 335 580 369 ’τὴν
598 336 700 362 αἰτίαν·
718 336 790 371 ἆπερ
809 333 855 362 οὖν
874 335 921 362 αὐ-

127 381 184 409 τοῖς
209 379 303 413 σαφῶς
333 381 397 416 παρ’
419 381 485 415 ἐμοῦ
511 381 558 407 τοῦ
584 382 694 417 ποιητοῦ
719 382 772 409 τῶν
795 382 921 409 ἁπάντων

129 424 249 459 διαρκῶς
271 426 438 461 ἐχορηγεῖτο,
454 427 486 453 οὑ
510 428 632 462 καρποὺς
650 428 813 462 παρέχοντος
830 427 920 462 μόνον,

129 470 198 496 ἀλλὰ
214 471 261 497 καὶ
280 471 410 507 ἀργύριον
424 472 471 498 καὶ
488 473 608 507 χρυσίον,
628 473 659 499 ἔκ
671 482 699 499 τε
720 473 769 508 τῆς
786 473 856 499 κατὰ
875 472 923 507 τὴν

130 517 267 550 Αἴγυπτον
285 518 385 550 ἐξόδου,
402 518 450 544 καὶ
474 518 527 554 μὴν
542 519 589 545 καὶ
607 519 678 545 κατὰ
694 519 797 545 πολλῶν
811 519 923 553 ὕστερον

129 561 262 598 ἀφορμῶν
287 564 404 598 ἑτέρωνο
420 564 465 598 ἀφ’
479 561 516 590 ῶν
530 565 581 590 οὐκ
601 564 705 591 ὤκνουν
725 564 820 591 εἴδωλα
841 573 925 590 κατα-

130 607 309 640 σκευάζοντες
331 610 446 642 ὲαυτοῖς,
469 611 571 646 σεμνήν
588 619 649 637 τινα
668 610 712 637 διὰ
730 610 778 644 τὴν
793 610 842 645 τῆς
859 609 925 644 ὕλης

131 652 288 685 πλεονεξίαν
305 654 355 688 τὴν
368 654 516 691 θεραπείαν
533 655 623 682 αὐτῶν
634 655 768 690 ἡγεῖσθαι.

167 729 242 764 Στίχ.
268 730 347 765 θ’-ιβ’.
368 741 426 758 -ι
443 732 494 758 Διὰ
522 732 600 759 τοῦτο
623 733 778 767 ἐπιστρέψω
810 733 857 759 καὶ
881 741 927 758 κο-

134 776 249 812 μιοῦμαι
261 777 306 803 τὸν
324 777 396 803 σῖτόν
415 786 466 813 μου
483 778 544 804 καθ’
554 778 630 813 ὥραν
645 779 736 805 αὑτοῦ.
754 788 763 803 ι
778 777 927 813 Τοιγαροῦν

133 822 234 858 πολλὴν
252 823 281 849 ὲν
301 823 392 855 αὐτοῖς
410 824 562 859 ἐργάσομαι
579 824 628 860 τὴν
647 824 800 858 ἀκαρπίαν
815 825 844 850 ὲν
858 820 880 857 ᾧ
896 823 928 859 δὴ

135 867 253 903 μάλιστα
272 868 360 904 καιρῷ
382 868 430 904 τὴν
456 869 618 905 προσδοκίαν
644 869 732 896 αὐτῶν
748 870 797 905 τῆς
811 869 928 896 ἀπολαύ-

971 296 1064 315 rcrum
1087 289 1209 316 omnium
1235 293 1358 319 auctore.
1381 289 1489 316 abunde
1506 288 1574 323 ipsis
1598 287 1757 323 suppedita-

970 333 1086 367 bantur;
1098 341 1187 369 neque
1203 334 1275 361 enim
1289 333 1382 369 fruges
1397 334 1587 361 tantummodo
1601 334 1635 361 iis
1649 333 1756 366 suﬂ'eci,

971 387 1066 406 verum
1091 380 1172 407 etiam
1193 383 1335 414 argentum
1359 383 1440 414 atque
1459 387 1555 407 aurum
1577 383 1635 407 tum
1656 387 1756 407 exeun-

972 425 1045 452 tibus
1062 433 1094 452 ex
1111 425 1238 460 Aigypto,
1259 430 1315 452 tum
1331 425 1392 453 aliis
1408 429 1501 460 postea
1520 426 1663 460 permultis
1677 432 1759 453 even-

974 471 1056 498 libus.
1073 470 1107 497 At
1121 478 1185 497 vero
1211 471 1263 506 ipsi
1287 471 1413 499 conflatis
1425 479 1458 499 ex
1471 472 1521 499 hac
1540 473 1653 500 materia
1665 472 1758 503 idolis.

975 524 1029 543 non
1059 516 1221 543 dubitarunt
1249 517 1313 543 vani
1346 517 1438 544 cultus
1463 517 1695 550 observationem,
1721 518 1758 545 ob

974 562 1074 589 metalli
1095 563 1288 597 praestantiam,
1304 562 1413 598 plurimi
1429 562 1529 590 facere.

1015 730 1095 758 Vens.
1116 730 1193 757 9-12.
1209 745 1242 750 —
1264 739 1273 756 ι
1296 730 1441 765 Propterea
1463 734 1598 763 revertar,
1619 733 1648 758 ct
1668 731 1762 759 tollam

977 775 1100 802 triticum
1119 783 1207 802 meum
1229 776 1257 802 in
1272 779 1393 810 tempore
1408 782 1469 802 suo.
1486 784 1495 800 ι
1510 774 1647 803 Grandem
1658 776 1765 805 scilicet

979 822 1046 856 ipsis
1067 821 1168 848 creabo
1197 821 1390 853 sterilitatem;
1419 829 1483 848 nam
1509 829 1564 857 quo
1588 821 1763 857 potissimum

980 873 1104 902 tempore
1128 867 1182 894 frui
1207 867 1289 894 bonis
1315 873 1438 902 sperant,
1466 871 1531 894 tunc
1554 868 1629 895 omni
1654 871 1766 903 repente

135 921 204 945 σεως
216 913 332 948 ἔχουσιν,
348 914 408 940 τότε
421 914 453 950 δὴ
468 914 572 946 πάντας
586 915 676 941 αὐτῶν
688 915 784 950 ἀθρόον
797 915 927 949 ἀφαιρού-

986 918 1071 948 ετεριο
1083 914 1123 940 eis
1139 912 1442 944 fructu.consuetorum
1454 914 1586 940 varietate
1601 914 1764 941 damnorum

137 967 218 993 μενος
233 960 295 991 τοὺς
314 960 446 995 καρποὺς,
464 962 498 996 τῇ
519 961 641 996 ποικιλίᾳ
659 961 713 987 τῶν
729 960 862 987 εἰωθότων
881 961 928 987 λυ-

137 1004 280 1039 μαίνεσθαι
301 1006 358 1037 τοῖς
384 1005 525 1037 τοιούτοις,
549 1006 672 1042 ὲρυσίῦῃ,
695 1003 750 1032 οἷον
769 1006 866 1040 εἰπεῖν,
882 1006 929 1033 καὶ

135 1050 250 1086 χαλάζῃ.
267 1050 314 1077 καὶ
337 1052 392 1082 τοῖς
417 1050 557 1084 τοιούτοις,
577 1052 662 1078 ὁπόσα
678 1052 773 1087 ἀθρόον
789 1053 930 1087 συμϐάντα

136 1096 266 1127 πολλάκις
290 1096 345 1122 τῶν
373 1097 543 1131 φαινομένων
569 1097 684 1133 καρπῶν
708 1098 824 1134 παντελῆ
848 1098 931 1125 ἀπώ-

137 1141 211 1168 λειαν
230 1142 389 1177 εἴργασται·
413 1142 483 1168 ὥστε
510 1143 540 1168 ὃν
567 1143 617 1169 οὐκ
633 1143 754 1177 ἔγνωσαν
778 1144 863 1170 αἴτιον
882 1144 931 1170 αὑ-

136 1189 194 1220 τοῖς
210 1187 263 1214 τῶν
292 1187 413 1221 ἀγαθῶν,
430 1189 462 1222 τῇ
493 1188 651 1224 ἐπαγομένη
676 1188 805 1224 τιμωρίᾳ,
830 1189 875 1214 καὶ
897 1189 930 1223 τῇ

137 1232 192 1258 τῶν
219 1232 348 1259 δοθέντων
374 1233 536 1268 ἀφαιρέσει,
561 1233 660 1267 γνῶναι
700 1233 802 1268 σαφῶς.
833 1244 842 1259 ι
877 1234 931 1260 Καὶ

137 1279 291 1314 ὰφελοῦμαι
307 1279 342 1305 τὰ
356 1279 453 1314 ἱμάτιά
471 1288 532 1314 μου,
547 1280 639 1306 καὶτὰ
653 1279 744 1307 ὀθόνια
757 1289 818 1314 μου,
833 1280 870 1314 (p.
888 1279 931 1315 l7)

137 1324 186 1351 τοῦ
202 1324 239 1360 μὴ
259 1324 405 1351 καλύπτειν
418 1325 467 1360 τὴν
484 1324 676 1360 ἀσχημοσύνην
697 1325 792 1360 αὐτῆς.
815 1335 824 1351 ι
842 1325 932 1352 Πάντα

138 1371 226 1397 ὁπόσα
240 1371 376 1406 διαφόρως
390 1371 482 1402 αὐτοῖς
494 1372 558 1406 παρ’
577 1371 643 1406 ἐμοῦ
667 1371 856 1407 χορηγούμενα
871 1371 932 1398 ἐκό-

141 1424 204 1451 σμει
222 1424 251 1442 τε
272 1415 319 1442 καὶ
338 1415 573 1452 εὐπρεπεστέρους
597 1415 702 1442 ἐδείκνυ
718 1415 773 1441 τῶν
791 1415 841 1450 τῆς
865 1415 933 1442 ἁπο-

138 1460 260 1493 λαύσεως
275 1460 376 1488 λοιπῶν
393 1460 555 1496 ἀνθρώπων,
573 1461 659 1487 ταῦτα
691 1460 808 1495 ἀφελὼν,
837 1461 933 1495 ἀτιμο-

139 1507 236 1542 τέρους
260 1507 412 1541 ἐργάσομαι
442 1507 561 1533 πάντων.
579 1515 589 1531 ι
616 1506 671 1532 Καὶ
696 1506 743 1532 νῦν
769 1506 934 1540 ἀποκαλύψω

142 1553 192 1587 τὴν
207 1551 377 1588 ἀκαθαρσίαν
391 1551 476 1587 αὐτῆς
491 1550 604 1578 ἐνώπιον
626 1551 679 1578 τῶν
695 1551 818 1587 ἐραστῶν
832 1551 932 1586 αὐτῆς·

139 1598 189 1624 καὶ
211 1597 298 1629 οὐδεὶς
318 1597 348 1623 οὺ
378 1596 415 1632 μὴ
436 1596 560 1632 ἐξέληται
577 1597 661 1633 αὐτὴν
681 1597 713 1623 ὲκ
735 1596 825 1632 χειρός
839 1605 900 1632 μου.
923 1606 932 1622 ο

142 1642 225 1669 Ὥστε
239 1642 283 1668 διὰ
295 1641 345 1677 τῆς
361 1640 496 1676 τιμωρίας
505 1641 554 1676 τῆς
568 1640 640 1676 ὲμῆς
653 1640 820 1675 σαφεστέραν
834 1640 935 1666 ἅπασιν

140 1688 231 1716 αὐτῶν
257 1687 385 1722 γενέσθαι
421 1686 470 1722 τὴν
495 1686 667 1721 παρανομίαν
699 1686 732 1720 ἢν
768 1684 934 1720 εἰργάζοντο,

141 1732 298 1767 ἀφεστῶτες
324 1732 372 1767 μὲν
395 1730 474 1766 ἐμοῦ,
499 1732 532 1766 τῇ
561 1730 616 1756 τῶν
636 1729 771 1765 δαιμόνων
793 1729 822 1755 δὲ
850 1737 935 1764 προσ-

143 1777 285 1813 ανέχοντες
300 1776 442 1812 θεραπείᾳ·
455 1773 492 1803 ὧν
508 1777 550 1802 ἐπ’
562 1775 639 1811 ὂψεσι
651 1774 803 1810 βαρυτάτας
819 1773 937 1806 δέξονται

143 1824 209 1858 παρ’
224 1822 291 1857 ἐμοῦ
307 1822 357 1853 τὰς
378 1822 524 1857 τιμωρίας,
545 1821 605 1848 οὐδὲ
623 1821 687 1856 μιᾶς
706 1820 751 1846 ὑπ’
766 1818 854 1846 αὐτῶν
872 1819 935 1855 βοη-

144 1868 218 1899 θείας
242 1867 382 1899 ἀξιοῦσθαι
407 1864 456 1893 οἷοί
484 1875 514 1892 τε
538 1865 627 1898 ὄντες·
654 1866 716 1892 ἐπεὶ
737 1865 784 1892 καὶ
805 1865 936 1900 κρείττων

146 1914 236 1949 πάσης
251 1914 300 1949 τῆς
325 1913 498 1948 ὲπαγομὲνης
517 1913 607 1944 αὐτοῖς
622 1913 687 1948 παρ’
713 1911 780 1947 ἐμοῦ
803 1911 936 1946 τιμωρίας

147 1966 164 1993 η
177 1958 300 1994 δύναμις,
318 1968 328 1984 ι
348 1958 403 1985 Καὶ
421 1957 584 1993 ἀποστρέψω
598 1957 688 1989 πάσας
707 1957 756 1989 τὰς
770 1956 938 1992 εὐφροσύνας

146 2004 241 2039 αὐτῆς,
259 2004 306 2031 καὶ
322 2004 411 2036 πάσας
425 2004 474 2035 τὰς
490 2004 587 2039 ἑορτὰς
602 2003 696 2037 αὐτῆς,
716 2004 762 2030 καὶ
777 2003 826 2034 τὰς
838 2011 938 2038 νουμη-

148 2050 207 2080 νίας
222 2049 316 2085 αὐτῆς,
334 2050 382 2076 καὶ
400 2049 435 2076 τὰ
453 2049 579 2076 Σάὸϐατα
603 2049 697 2084 αὐτῆς,
714 2049 760 2075 καὶ
784 2048 873 2080 πάσας
889 2048 938 2079 τὰς

149 2095 324 2131 πανηγύρεις.
350 2104 360 2120 ι
382 2095 450 2121 Οὐδὲ
469 2094 534 2129 γοῦν
550 2094 728 2130 πανηγύρεως
748 2094 795 2120 καὶ⁴
811 2094 907 2129 ἑορτῆς
921 2094 938 2129 ἦ

149 2149 218 2173 τινος
233 2140 403 2176 εὐφροσύνης
417 2141 521 2172 ἕξουσιν
540 2139 580 2166 ἔτι
598 2140 703 2176 καιρὸν,
717 2139 765 2166 ἆτε
785 2141 818 2175 τῇ
837 2140 938 2175 αἰχμα-

149 2185 233 2221 λωσίᾳ
251 2187 469 2222 παραδιδόμενα,
481 2187 527 2213 καὶ
535 2187 593 2218 ταῖς
605 2186 659 2212 τῶν
675 2186 841 2221 κατεχόντων
854 2185 939 2219 ἀνάγ-

150 2241 212 2264 καις
231 2232 383 2268 πιεζόμενοι
403 2233 541 2264 ποικίλως.
568 2242 577 2258 ε
600 2233 655 2259 Καὶ
684 2232 790 2266 ἀφανιῶ
819 2231 939 2267 ἄμπελον

150 2277 243 2311 αὐτῆς,
257 2278 303 2303 καὶ
317 2277 366 2309 τὰς
383 2278 467 2308 συκᾶς
482 2277 576 2312 αὐτῆς,
594 2277 674 2308 Ὅσα,
689 2275 758 2309 εἶπε,
778 2276 941 2312 μισθώματά

153 2330 203 2358 μου
224 2323 282 2349 ἐστὶ
298 2323 384 2350 ταῦτα
396 2323 413 2349 ἃ
433 2323 535 2350 ἔδωκάν
551 2332 597 2359 μοι
620 2324 645 2350 οι
669 2322 781 2358 ἐρασταί
797 2331 858 2358 μου.
874 2332 883 2348 ι
901 2323 939 2358 (p.

155 2368 196 2401 18)
211 2369 318 2400 Πάντας
331 2369 363 2404 δὴ
389 2369 452 2401 τοὺς
474 2371 594 2405 καρποὺς
614 2369 704 2396 αὐτῶν
728 2369 887 2405 ἀφελοῦμαι,
904 2366 942 2396 ὧν

153 2415 205 2445 τοῖς
226 2415 351 2450 δαίμοσιν
377 2414 529 2449 ἐλογίζοντο
549 2415 599 2450 τὴν
619 2415 702 2442 δόσιν.
719 2424 728 2440 ε
745 2415 801 2442 Καὶ
826 2414 942 2450 θήσομαι

155 2459 222 2486 αὐτὰ
244 2461 285 2491 εἰς
310 2459 469 2495 μαρτύριον.
489 2469 497 2485 ι
514 2459 594 2486 Ὥστε
618 2459 668 2495 τὴν
692 2458 835 2494 ἀφαίρεσιν
855 2457 944 2484 αὐτῶν

157 2506 287 2544 μεγίστην
311 2503 381 2532 εἶναι
408 2506 560 2541 μαρτυρίαν
589 2506 639 2541 τῆς
659 2505 831 2540 παρανομίας
854 2503 944 2531 αὐτῶν

155 2552 202 2586 τῆς
213 2551 339 2587 πρόσθεν,
353 2551 413 2578 καθ’
429 2551 462 2588 ἣν
474 2554 529 2584 τοῖς
541 2552 665 2588 δαίμοσιν
682 2552 831 2586 ἐλογίζοντο
842 2552 944 2583 ἐκεῖνα,

155 2597 188 2625 ὧν
208 2598 254 2624 καὶ
269 2598 317 2632 τῆς
333 2598 431 2629 δόσεως
448 2599 494 2624 καὶ
510 2598 560 2633 τῆς
576 2598 743 2634 ἀφαιρέσεως
762 2598 856 2634 κύριος
872 2598 946 2634 ἤμην

154 2645 216 2678 ἐγώ.
237 2654 246 2670 ε
264 2645 319 2671 Καὶ
334 2644 522 2679 καταφάγεται
541 2645 612 2671 αὐτὰ
633 2645 666 2672 τὰ
682 2645 764 2681 θηρία
787 2645 832 2671 τοῦ
848 2645 944 2680 ἀγροῦ,

157 2690 202 2716 καὶ
215 2690 251 2716 τὰ
263 2690 375 2717 πετεινὰ
386 2690 432 2717 τοῦ
443 2690 568 2724 οὐρανοῦ,
582 2691 628 2717 καὶ
639 2690 673 2718 τὰ
683 2690 785 2726 ἑρπετὰ
794 2691 845 2726 τῆς
858 2691 918 2726 γῆς.
933 2700 942 2717 ι

157 2735 203 2768 Εἰς
213 2735 301 2771 λύμην
313 2737 384 2763 αὑτά
405 2736 534 2773 προθήσω
555 2738 647 2769 πᾶσιν,
667 2736 736 2764 ὥστε
756 2737 838 2772 μηδὲν
855 2737 885 2770 ἐξ,
897 2741 946 2764 αο-

979 960 1106 990 obruam,
1127 958 1254 992 rubigine
1278 958 1381 994 (puta),
1407 958 1540 994 grandine
1558 962 1585 986 et
1606 958 1766 993 hujusmodi

980 1006 1061 1036 aliis,
1081 1012 1142 1039 qua;
1164 1005 1255 1032 subito
1275 1005 1439 1040 ingruentia,
1468 1012 1539 1039 sape
1561 1004 1685 1040 frugibus
1706 1004 1764 1039 jam

981 1058 1042 1078 sese
1056 1050 1263 1077 ostendentibus
1275 1057 1433 1085 supremum
1448 1050 1560 1084 exitium
1574 1050 1708 1081 inferunt.
1724 1055 1763 1082 ut.

981 1103 1062 1131 quem
1076 1096 1211 1123 bonorum
1226 1103 1339 1124 suorum
1355 1100 1496 1123 auctorem
1514 1104 1568 1123 non
1587 1102 1766 1132 agnoverant.

982 1149 1015 1168 ex
1031 1141 1148 1176 impacta
1163 1141 1258 1169 saltem
1276 1149 1367 1177 poma,
1380 1147 1407 1169 et
1425 1142 1461 1170 rei
1475 1142 1545 1169 data:
1559 1142 1696 1170 ablatione
1711 1151 1769 1170 ma-

982 1184 1081 1213 nifeste
1094 1189 1273 1220 cognoscant.
1289 1195 1298 1211 ε
1317 1185 1351 1212 Ει
1372 1185 1494 1213 auferam
1517 1187 1681 1214 vestimenta
1696 1194 1768 1218 mea,

982 1237 1009 1259 et
1025 1232 1184 1259 linteamina
1197 1239 1267 1264 mea,
1287 1240 1321 1259 ne
1334 1233 1458 1266 operiant
1472 1232 1649 1267 ignominiam
1666 1232 1737 1268 ejus.
1756 1243 1766 1259 ι

983 1277 1160 1311 Quaecunque
1188 1284 1203 1303 a
1237 1284 1280 1303 me.
1303 1276 1480 1304 multifariam
1510 1278 1608 1304 collata
1635 1278 1770 1305 ornabant

983 1331 1047 1355 eos,
1064 1327 1092 1350 et
1106 1324 1237 1351 lautiores
1258 1324 1366 1350 caeteris
1387 1322 1524 1350 faciebant
1544 1323 1590 1358 qui
1605 1323 1662 1350 haec
1680 1325 1771 1358 possi-

983 1369 1048 1396 dent
1067 1368 1235 1400 hominibus,
1256 1368 1314 1395 haec
1334 1369 1446 1402 inquam
1462 1367 1603 1400 auferens,
1625 1369 1773 1403 despectis-

984 1415 1069 1441 simos
1106 1414 1228 1442 omnium
1266 1415 1414 1449 praestabo.
1445 1423 1455 1440 ε
1485 1415 1517 1441 Et
1544 1422 1617 1442 nunc
1645 1416 1773 1443 revelabo

985 1460 1186 1487 innnunditiam
1205 1460 1294 1495 ipsius
1313 1460 1342 1487 in
1362 1466 1512 1495 conspectu
1531 1466 1685 1489 amatorum
1701 1463 1772 1495 ejus,

985 1509 1012 1533 et
1026 1513 1106 1533 nemo
1117 1510 1194 1533 eruet
1209 1513 1269 1533 eam
1284 1505 1317 1533 de
1330 1514 1413 1533 manu
1428 1513 1497 1533 mea.
1518 1515 1529 1532 ι
1546 1507 1635 1542 Atque
1654 1507 1690 1534 ita
1707 1508 1774 1534 ultio

986 1559 1045 1578 mea
1061 1551 1277 1579 manifestiorem
1294 1552 1345 1587 12
1359 1552 1468 1579 cunctis
1484 1552 1579 1580 reddet
1590 1555 1699 1588 culpam
1720 1561 1775 1588 qua

987 1606 1016 1624 se
1036 1598 1229 1630 irretiverunt,
1254 1598 1318 1625 dum
1341 1606 1384 1625 me
1407 1598 1538 1626 derelicto
1561 1599 1594 1625 ad
1619 1599 1774 1626 dmmonum

986 1644 1088 1671 cultum
1110 1651 1139 1671 se
1153 1644 1331 1671 contulerunt
1347 1653 1355 1671 :
1376 1644 1456 1679 cujus
1471 1652 1570 1677 causa,
1597 1645 1776 1679 gravissimas

987 1691 1075 1724 palam
1098 1690 1172 1717 luent
1200 1697 1313 1725 poenas,
1339 1690 1414 1717 nulla
1435 1690 1590 1718 daemonum
1620 1698 1672 1725 ope
1694 1691 1775 1725 potiri

987 1736 1124 1768 valentes;
1147 1736 1246 1763 etenim
1264 1736 1360 1763 inﬂicti
1376 1737 1431 1764 illis
1448 1745 1464 1763 a
1483 1744 1527 1763 me
1551 1737 1679 1772 supplicii
1698 1737 1778 1772 longe

987 1781 1102 1809 validior
1113 1781 1154 1808 vis
1169 1786 1220 1809 est.
1236 1791 1245 1807 ι
1267 1781 1300 1809 Ει
1315 1786 1437 1810 avertam
1455 1787 1568 1809 cunctas
1586 1782 1694 1810 laetitias
1706 1783 1777 1817 ejus,

986 1831 1014 1855 et
1027 1828 1186 1855 neomenias
1207 1827 1299 1862 ipsius
1317 1835 1349 1855 ac
1364 1828 1495 1861 Sabbata,
1508 1836 1660 1865 omnesque
1676 1830 1779 1857 solem-

986 1873 1097 1901 nitates.
1125 1883 1134 1899 ι
1160 1873 1254 1908 Neque
1277 1874 1458 1902 solemnitatis
1476 1874 1560 1909 igitur
1585 1882 1675 1910 neque
1695 1875 1779 1902 ullius

986 1918 1052 1950 festi
1064 1938 1071 1950 .
1085 1926 1175 1954 neque
1193 1920 1341 1954 cujuslibet
1356 1920 1448 1955 gaudii
1466 1924 1574 1954 tempus
1592 1920 1724 1955 deinceps
1737 1921 1779 1949 eis

987 1965 1054 1997 erit,
1066 1965 1122 2000 jam
1137 1965 1263 1993 videlicet
1274 1966 1422 2000 captivitati
1433 1966 1587 1998 traditis,et
1601 1966 1778 1994 dominorum

988 2010 1116 2037 violentia
1133 2011 1206 2038 varie
1226 2011 1339 2045 pressis.
1359 2020 1368 2036 ί
1392 2010 1425 2037 Et
1442 2010 1581 2038 destruam
1595 2011 1701 2039 vineam
1719 2011 1780 2046 ejus

989 2064 1021 2083 ac
1035 2056 1114 2087 ﬁcus.
1129 2057 1163 2084 de
1174 2058 1274 2091 quibus
1286 2058 1344 2091 ipsa
1357 2057 1464 2084 dixerat
1480 2068 1486 2084 :
1502 2057 1550 2084 Ha:
1562 2061 1626 2085 sunt
1640 2058 1781 2086 mercedes

991 2110 1066 2134 mete,
1081 2110 1151 2137 quas
1165 2103 1231 2129 mihi
1246 2107 1383 2130 amatores
1400 2102 1453 2130 mei
1467 2102 1610 2130 dederunt.
1630 2112 1640 2128 ι
1658 2103 1787 2130 Cunctos

991 2147 1070 2181 plane
1085 2147 1193 2174 fructus
1207 2147 1247 2174 eis
1255 2147 1380 2181 eripiam,
1392 2154 1463 2182 quos
1473 2151 1601 2181 acceptos
1611 2147 1781 2175 dzemonibns

990 2192 1156 2220 referebant.
1179 2202 1189 2218 ‹
1215 2193 1305 2227 Atque
1322 2200 1354 2220 ea
1379 2200 1479 2227 ponam
1500 2193 1527 2220 in
1551 2193 1749 2220 testimonium.
1769 2202 1778 2219 I

991 2237 1094 2272 Nempe
1119 2237 1177 2265 haec
1200 2238 1328 2273 spoliatio
1349 2238 1497 2265 maximum
1519 2239 1573 2266 erit
1594 2239 1781 2267 testimonium

995 2283 1138 2318 praeteritae
1152 2283 1316 2319 iniquitatis.
1328 2291 1381 2318 qua
1394 2284 1466 2311 bona
1482 2284 1526 2311 illa
1539 2292 1553 2311 a
1564 2285 1736 2313 daemonibus
1753 2293 1783 2313 se

996 2328 1097 2355 habere
1127 2328 1274 2359 dicebant,
1300 2337 1417 2363 quormn
1447 2333 1538 2356 tamen
1573 2329 1727 2356 dandorum
1756 2333 1784 2357 et

996 2375 1206 2402 aulerendorum
1226 2375 1330 2402 arbiter
1349 2383 1399 2410 ego
1419 2383 1506 2402 eram.
1522 2385 1532 2401 ‹
1553 2375 1586 2402 Et
1603 2375 1740 2403 vorabunt
1751 2383 1784 2402 ea

996 2420 1060 2447 fera:
1079 2421 1148 2456 agri,
1176 2425 1202 2449 et
1228 2421 1347 2448 volatilia
1370 2422 1448 2453 cmli,
1473 2425 1499 2448 et
1528 2422 1637 2457 reptilia
1660 2425 1749 2451 terrae.
1771 2431 1781 2448 ι

996 2466 1101 2494 Cuncta
1118 2467 1219 2502 passim
1238 2467 1369 2495 vastanda
1386 2467 1527 2502 objiciam.
1543 2468 1579 2494 ita
1593 2471 1623 2494 ut
1637 2467 1706 2494 nihil
1717 2467 1786 2494 utile

996 2512 1203 2547 superfuturum
1219 2513 1253 2540 iis
1265 2514 1311 2540 sit.
1327 2513 1392 2548 Agri
1408 2512 1484 2545 feris,
1499 2512 1560 2540 coeli
1576 2512 1684 2543 avibus.
1705 2516 1785 2540 terrae

999 2555 1172 2590 serpentibus
1198 2557 1358 2583 varietatem
1386 2555 1517 2583 denotare
1542 2556 1629 2583 voluit
1652 2555 1784 2584 hostium.

997 2601 1045 2635 qui
1070 2601 1132 2628 illos
1147 2609 1257 2636 pessum
1282 2605 1363 2629 erant
1386 2601 1488 2629 daturi.
1510 2601 1578 2629 Nam
1594 2601 1658 2629 forte
1676 2601 1786 2637 quidem

1000 2647 1102 2674 saevitia
1128 2647 1251 2675 nocendo
1278 2648 1449 2676 imminent:
1469 2655 1533 2676 aves
1556 2648 1591 2676 iis
1615 2656 1676 2683 quae
1691 2647 1788 2675 volunt

1002 2692 1084 2720 facile
1103 2693 1227 2720 involant
1244 2703 1250 2721 :
1268 2693 1437 2728 serpentium
1462 2693 1580 2729 denique
1591 2694 1788 2729 gravissimum

999 2742 1194 2766 nocumentum
1210 2743 1264 2767 εει.

157 2783 211 2810 τῶν
221 2782 370 2810 ἀπόνασθαι
392 2781 519 2813 τούτους·
545 2782 626 2818 θηρία
646 2781 700 2817 γὰρ
716 2781 801 2817 ἀγροῦ
812 2802 819 2814 ,
837 2783 883 2808 καὶ
907 2783 1016 2809 πετεινὰ
1039 2782 1170 2818 ούρανοῦ,
1191 2783 1237 2810 καὶ
1263 2784 1364 2819 ἑρπετά
1381 2783 1447 2818 γῆς,
1467 2784 1497 2811 τὺ
1515 2784 1684 2820 πολύτροπον
1702 2785 1789 2811 εἰπεῖν

158 2827 287 2864 ἐϐουλήθη
306 2829 362 2855 τῶν
388 2827 564 2864 λυμαίνεσθαι
583 2826 746 2868 μελλόντων
775 2827 865 2858 αὐτοῖς
887 2827 1038 2862 πολεμίων·
1069 2828 1161 2864 ἐπειδὴ
1196 2828 1226 2854 τὸ
1248 2828 1298 2863 μὲν
1323 2829 1432 2864 θηρίον,
1454 2832 1487 2866 τῇ
1512 2831 1632 2866 ὠμότητι
1661 2830 1790 2865 βλάπτειν

157 2874 277 2911 ἕτοιμον
293 2875 327 2902 τὰ
344 2875 454 2902 πετεινὰ
470 2875 508 2907 δὲ,
526 2872 565 2908 τῷ
581 2874 662 2900 πᾶσιν
677 2872 840 2907 ἐφίπτασθαι
855 2869 895 2902 οἷς
915 2872 948 2899 ἂν
962 2873 1041 2910 ἐθέλῃ
1060 2874 1158 2909 ῥᾳδίως
1169 2881 1175 2888 ·
1192 2873 1227 2900 τὰ
1243 2874 1345 2910 ἑρπετὰ
1362 2874 1400 2907 δὲ,
1421 2877 1456 2911 τῇ
1470 2875 1602 2911 βαρύτητι
1621 2876 1671 2912 τῆς
1691 2876 1789 2911 λύμης.

193 2931 266 2968 Στίχ.
275 2935 319 2966 ιγ’,
332 2934 408 2962 ιδ’.--
418 2942 427 2958 ι
435 2933 492 2960 Καὶ
498 2933 635 2969 ἐκδικήσω
643 2934 686 2960 ἐπ’
697 2933 781 2968 αὐτὴν
792 2933 839 2966 τὰς
851 2933 933 2969 ἡμέρα

1043 2934 1126 2963 νεεδ.
1143 2935 1186 2968 l5,
1205 2934 1249 2963 Η.
1263 2950 1299 2956 -
1315 2943 1326 2961 ι
1345 2934 1377 2962 Et
1399 2935 1515 2963 ulciscar
1538 2943 1620 2971 super
1643 2942 1702 2962 eam
1729 2934 1788 2961 dies

275 2982 414 3013 Ρλτιιοι..
436 2982 495 3013 Gn.
520 2981 627 3013 LXVI.

1012 3017 1024 3021 -
1642 2983 1663 3014 5
