1947 3071
167 187 219 217 πθ

165 246 280 279 Baalim,
301 246 400 281 quibus
420 252 517 280 nempe
539 245 582 272 his
605 245 685 272 idolis
707 245 865 272 immolabat
893 254 899 272 :

165 295 277 322 inaures
306 299 371 320 suas
401 291 569 326 moniliaque
607 299 656 318 sua
694 291 917 326 circumponebat
942 301 948 318 ε

164 346 286 374 suosque
312 344 449 364 amatores
477 338 646 368 sectabatur.
676 337 728 364 mei
758 337 856 369 oblita,
885 337 950 364 dicit

164 384 306 411 Dominus.
323 392 332 408 ι
347 382 409 409 Haec
421 382 549 412 nimirum
564 383 713 417 patientur,
727 389 822 416 pwnas
838 382 949 410 luendo.

163 434 306 466 propterea
323 429 393 463 quod
410 428 490 454 idolis
507 427 682 458 adliteserint,
699 427 799 461 quibus
816 427 949 453 sacriﬁria

163 483 270 510 queque
288 475 455 504 obtulerunt.
479 478 506 500 et
528 473 716 500 solemnitates
731 473 839 499 illorum
862 473 948 499 cultui

162 521 334 552 dedicarunt,
368 520 514 554 plurimum
544 519 780 553 circumponentes
810 525 947 551 omatmn,

162 571 305 600 coitusque
333 566 455 592 celebres
480 565 514 592 ad
540 565 693 591 dzemonum
724 565 947 599 superstitionem

161 615 357 639 eonvocantes.
367 611 468 636 nullam
477 617 541 636 vero
551 609 601 636 mei
614 610 772 635 memoriam
785 610 946 636 retinentes.

162 656 231 682 Dicit
239 660 328 682 autem
337 654 387 689 13
396 654 508 686 Baalim,
516 654 575 680 loco
584 653 762 686 idolorum,in
773 658 850 687 parte
856 653 948 680 omnia

160 704 321 738 complexus
340 711 346 728 :
364 705 420 728 tum
434 706 461 727 et
478 705 615 726 amatores
631 707 706 726 more
721 700 801 727 solito
816 700 881 726 dicit
900 707 949 734 pro

160 748 331 777 demonibus
346 756 354 780 ;
372 751 479 774 constat
499 746 570 773 enim
582 766 589 777 ,
608 746 634 772 in
656 746 790 772 idolorum
815 746 948 780 obsequio

160 802 256 829 reapse
268 795 406 821 daemones
423 793 513 819 cultos
532 792 628 818 fuisse.
648 801 657 816 ι
677 791 783 818 idcirco
800 800 850 826 ego
866 792 948 819 sedu-

159 849 220 868 cam
243 841 327 872 illam,
348 843 376 866 et
396 839 482 865 instar
500 838 600 864 deserti
624 845 733 871 penam.
755 847 764 863 ι
789 837 946 872 Captivitati

158 895 218 914 eam
232 886 348 916 tradam,
369 885 470 918 inquit.
492 884 528 910 ita
544 887 574 910 ut
591 884 670 910 bonis
686 883 815 910 omnibus
832 884 946 918 spoliata

761 185 936 214 TllEODOlil
965 185 1210 215 MOPSUESTEM

923 250 949 272 et
965 251 986 276 Α
1001 247 1055 272 τῶν
1072 246 1188 281 Βααλὶμ,
1206 246 1234 271 ἐν
1250 242 1293 277 αἷς
1310 244 1424 271 ἐπέθυεν
1446 245 1547 278 αὐτοῖς,
1566 244 1613 271 καὶ
1628 245 1796 280 περιετίθετο

1744 186 1796 215 MO

1002 292 1035 319 τὰ
1060 292 1158 318 ἐνώτια
1178 292 1273 326 αὐτῆς,
1292 292 1339 318 καὶ
1355 291 1389 317 τὰ
1409 290 1546 325 καθόρμια
1562 290 1655 325 αὐτῆς,
1672 290 1719 317 καὶ
1735 291 1796 317 tm-

1003 338 1096 373 ρεύετο
1108 337 1195 363 ὀπίσω
1208 337 1261 363 τῶν
1273 336 1395 372 ἐραστῶν
1410 335 1504 370 αὐτῆς,
1519 335 1585 370 ἐμοῦ
1599 335 1628 361 δὲ
1639 335 1797 368 ἐπελάθετο,

1001 383 1075 417 λέγει
1089 383 1201 417 Κύριος.
1229 392 1237 408 ι
1261 382 1353 408 Ταῦτα
1373 381 1402 407 δὲ
1425 381 1562 407 πείσονται
1585 381 1661 412 δίκας
1681 381 1797 413 διδόντες

1002 428 1071 463 ὑπὲρ
1082 424 1119 454 ὧν
1130 429 1186 459 τοῖς
1203 426 1320 457 εἰδώλοις
1332 427 1485 461 προσεῖχον,
1500 422 1541 456 οἷς
1552 425 1584 460 δὴ
1599 425 1648 456 τὰς
1662 424 1757 457 θυσίας
1766 433 1796 452 τε

1002 473 1148 508 προσῆγον,
1165 473 1211 499 καὶ
1234 472 1401 506 πανηγύρεις
1422 471 1467 497 ἐπὶ
1490 472 1523 506 τῇ
1545 470 1647 497 τούτων
1664 470 1796 506 θρησκείᾳ

1001 519 1142 550 συνίστων,
1160 519 1261 554 κόσμον
1275 527 1304 544 τε
1319 517 1521 552 περιτιθέμενοι
1541 516 1676 549 πλεῖστον,
1692 517 1730 551 (p.
1747 517 1794 552 i9)

1000 567 1046 593 καὶ
1057 565 1224 600 πανηγύρεις
1238 564 1414 594 συνιστῶντες
1427 563 1474 589 ἐπὶ
1486 564 1519 598 τῇ
1534 562 1589 588 τῶν
1603 563 1736 597 δαιμόνων
1750 563 1795 590 θε-

1001 612 1112 647 ραπεία,
1129 611 1194 646 ἐμοῦ
1209 611 1236 637 δὲ
1250 612 1359 645 μνήμην
1372 609 1479 644 ἔχοντες
1494 609 1635 644 οὐδεμίαν·
1653 609 1726 643 λέγει
1740 610 1795 647 γὰρ

999 659 1055 688 τοῖς
1072 657 1120 692 μὲν
1137 656 1243 690 Βααλὶμ
1257 655 1329 682 τοῦτ’
1345 655 1402 681 ἐστι
1425 656 1480 686 τοῖς
1500 654 1629 686 εἰδώλοις,
1648 655 1679 680 ἐκ
1695 655 1795 690 μέρους

999 702 1032 728 τὰ
1045 703 1133 728 πάντα
1149 702 1249 735 λέγων·
1267 701 1384 736 ἐραστὰς
1405 700 1433 727 δὲ
1448 701 1568 736 συνήθως
1582 700 1710 733 ὀνομάζει
1731 702 1795 732 τοὺς

998 745 1126 780 δαίμονας
1137 754 1143 760 ·
1161 745 1270 780 εὔδηλον
1286 745 1339 781 γὰρ
1358 746 1398 772 ὅτι
1415 746 1444 771 ἑν
1459 746 1491 780 τῇ
1514 745 1568 772 τῶν
1581 745 1697 772 εἰδώλων
1715 745 1794 780 θερα-

999 792 1063 828 πείᾳ
1085 792 1211 827 δαίμονες
1233 790 1301 827 ἦσαν
1327 793 1351 818 οἱ
1377 792 1589 827 θεραπευόμενοι
1612 793 1676 828 παρ’
1693 792 1793 819 αὐτῶν.

1001 847 1010 862 ι
1031 838 1079 863 Διά
1098 837 1176 864 τοῦτο
1196 837 1251 871 ἐγὼ
1272 838 1364 864 πλανὼ
1385 837 1480 872 αὐτὴν,
1503 839 1549 863 καὶ
1568 838 1640 871 τάξω
1657 838 1741 874 αὐτὴν
1756 838 1795 869 ὡς

999 883 1109 919 ἔρημον.
1133 894 1142 909 ι
1159 884 1336 919 Αἱχμαλωσίᾳ
1353 884 1517 920 παραδώσω,
1535 885 1626 919 φησὶν,
1652 884 1721 911 ὥστε
1744 885 1794 911 αύ-

159 937 273 967 vagetur
285 932 313 958 in
330 930 382 957 viis
393 950 400 961 .
413 937 482 964 quas
495 933 573 956 antea
590 929 733 956 nesciebat
744 949 750 959 .
767 937 840 956 nunc
855 934 943 955 autem

997 930 1046 965 ’τὴν
1068 931 1176 957 πάντων
1200 931 1301 966 ἔρημον
1327 929 1408 957 οὖσαν
1433 931 1487 958 τῶν
1510 931 1620 965 ἀγαθῶν
1642 931 1794 958 πλανᾶσθαι

159 977 318 1005 calamitose
343 975 490 1003 decurrere
519 974 635 1009 cogitur.
662 974 723 1001 Mox
746 979 835 1002 tamen
861 982 947 1009 puum:

158 1024 270 1052 decreto
278 1021 487 1049 conversionem
502 1028 611 1055 quoque
623 1020 649 1046 in
666 1020 763 1047 melius
775 1020 948 1050 commiscet.

158 1070 205 1104 qui
226 1073 268 1096 est
285 1068 482 1103 prophetarum
501 1074 571 1097 mos,
592 1067 631 1092 sic
644 1067 725 1092 etiam
741 1066 849 1093 beatum
866 1066 946 1092 Davi-

158 1117 219 1142 dem
244 1113 418 1143 imitantium.
433 1113 478 1147 qui
502 1120 572 1146 stirpe
593 1113 620 1138 in
637 1111 754 1140 Psalmis
778 1113 946 1140 calamitates

157 1161 260 1196 pariter
278 1159 404 1190 dicebat,
420 1162 447 1185 et
466 1159 630 1185 solutionem
651 1159 840 1193 pollicebatur.
857 1158 945 1186 Veluti

157 1214 219 1234 cum
251 1206 277 1232 in
301 1204 443 1232 tricesimo
474 1205 580 1238 psalmo
609 1204 647 1230 ait
665 1212 697 1231 ιι
727 1203 856 1232 Miserere
883 1205 945 1235 mei.

157 1251 287 1282 Domine,
302 1250 430 1285 quoniam
447 1250 574 1277 tribulor.
596 1249 709 1277 Turbati
729 1255 795 1277 sunt
812 1251 838 1277 in
856 1250 947 1277 furore

156 1298 228 1326 oculi
252 1297 322 1327 mei.
344 1300 371 1323 et
389 1297 479 1322 anima
507 1303 566 1322 mea
590 1304 621 1322 ac
645 1300 740 1323 venter
765 1304 852 1324 mens.
877 1296 946 1328 Quia

156 1342 257 1370 defecit
272 1342 299 1368 in
314 1342 408 1368 dolore
423 1342 475 1368 vita
491 1349 560 1372 mea,
583 1346 608 1368 et
636 1341 700 1368 anni
717 1342 770 1368 mei
792 1343 819 1368 in
837 1343 945 1377 gemiti-

155 1388 208 1416 bus
234 1387 268 1414 “.
285 1396 294 1412 ι
316 1385 383 1413 Τιιιιι
411 1392 438 1413 et
461 1387 560 1413 deinde
584 1386 636 1412 alia
658 1386 702 1414 his
730 1387 842 1414 similia.
862 1387 946 1414 Paulo

156 1438 218 1467 post
246 1436 352 1462 tamen,
379 1431 472 1458 dicere
498 1439 631 1466 pergens,
660 1431 722 1457 ait:
750 1441 758 1456 ι
782 1431 945 1459 Benedictus

155 1478 300 1508 Dominus,
321 1477 367 1512 qui
393 1476 549 1503 iniriiicavit
572 1476 791 1503 misericordiam
812 1486 890 1504 suam
918 1479 945 1504 in

154 1522 266 1550 civitate
292 1522 407 1548 munita.
428 1531 437 1547 ι
457 1521 490 1548 Et
518 1530 581 1548 mox
608 1523 671 1549 item
697 1523 749 1549 alia
775 1523 943 1558 huiusmodi.

154 1568 239 1596 Multa
267 1567 310 1595 his
338 1568 413 1602 paria
438 1567 465 1593 in
489 1567 604 1594 Psalmis
630 1570 785 1602 eompcrire
805 1574 858 1601 est,
883 1578 943 1604 qua:

155 1614 293 1650 propheta.-
311 1613 468 1640 necessario
491 1612 582 1639 studio
606 1612 758 1646 iaciebant,
782 1623 836 1641 non
854 1616 942 1642 modi-

154 1667 214 1686 cam
237 1658 410 1685 audientibus
434 1663 558 1685 creantes
583 1658 726 1686 utilitatem
749 1667 756 1687 :
777 1667 895 1696 namque
916 1665 944 1688 ut

153 1704 319 1732 calamitatis
332 1703 510 1738 pra-dictione
520 1704 689 1737 territarent,
704 1705 840 1734 bonorum
852 1712 943 1735 autem

154 1750 363 1778 denuntiatione
380 1750 406 1776 in
422 1758 498 1785 spem
514 1750 661 1785 erigerent.

189 1880 274 1908 Vens.
295 1881 336 1907 15.
351 1881 464 1914 -—Quid
480 1889 545 1916 ergo
565 1882 619 1908 ait?
638 1892 645 1906 ι
664 1881 696 1909 Et
719 1882 815 1917 loquar
839 1883 871 1909 ad
897 1890 944 1910 cor

153 1926 224 1960 eius.
238 1936 251 1953 ,ι
276 1926 400 1958 Solabor.
414 1927 511 1961 inquit,
531 1927 604 1953 illam
620 1936 680 1962 quae
700 1929 944 1956 inconsolabilibus

153 1971 329 1998 conﬂictatur
346 1972 434 1998 malis.
459 1980 468 1996 ι
490 1973 521 1998 int
538 1971 609 1999 dabo
623 1973 647 2000 ei
668 1974 860 2007 possessiones
878 1982 944 2001 suas

152 2016 265 2044 ibidem.
285 2026 295 2042 ι
325 2016 476 2044 Restituam
504 2018 579 2044 illam
603 2019 630 2045 in
656 2019 779 2053 priorum
808 2021 941 2047 honorum

153 2070 246 2095 usum,
264 2062 420 2098 captivitate
437 2063 568 2091 liberans.
594 2074 603 2089 ι
630 2063 663 2091 Et
681 2065 779 2092 vallem
802 2066 893 2093 Achor
909 2067 943 2093 ad

152 2108 327 2144 aperiendam
346 2108 553 2143 intelligentiam
566 2109 663 2144 ipsius.
685 2120 695 2136 ι
715 2109 753 2138 Ita
767 2115 798 2137 ut
811 2119 942 2146 quaecun-

152 2162 205 2189 que
221 2154 268 2182 illo
287 2155 315 2182 in
340 2155 402 2182 loco
420 2157 543 2190 perpessi
569 2157 688 2188 l'ucrnnt.
713 2166 743 2185 ea
758 2158 887 2193 deinceps
909 2160 941 2186 ad

998 976 1067 1001 κατά
1083 975 1131 1007 τὰς
1145 975 1231 1007 ὁδοὺς,
1248 976 1281 1006 ἃς
1305 976 1437 1011 πρότερον
1453 977 1502 1003 οὐκ
1528 976 1624 1008 εἰδυῖα,
1640 975 1687 1002 νῦν
1701 976 1793 1003 ἀνύειν

998 1020 1051 1046 ὑπὸ
1073 1019 1122 1054 τῆς
1145 1021 1287 1055 συμφορᾶς
1309 1020 1494 1055 ἠναγκάζετο·
1515 1018 1575 1046 εἶτα
1594 1021 1792 1056 καταμίγνυσιν

997 1067 1029 1100 τῇ
1047 1066 1183 1101 ἀποφάσει
1205 1066 1254 1100 τῆς
1271 1066 1404 1101 τιμωρὲας
1423 1066 1470 1092 καὶ
1486 1066 1536 1101 τὴν
1556 1066 1602 1092 ἐπὶ
1621 1065 1652 1092 τὸ
1667 1064 1792 1101 κρεῖττον

999 1111 1161 1147 μεταϐολὴν,
1177 1111 1269 1142 καθὼς
1292 1111 1351 1142 ἔθος
1375 1113 1430 1143 τοῖς
1452 1112 1605 1147 προφήταις
1630 1113 1728 1143 ποιεῖν,
1747 1121 1792 1147 μι-

999 1157 1143 1192 μουμένοις
1158 1158 1203 1184 καὶ
1220 1158 1290 1183 κατὰ
1305 1158 1434 1185 τοῦτοτὸν
1445 1158 1578 1193 μακάριον
1595 1157 1693 1185 Δαυῒδ,
1717 1158 1747 1190 ὃς
1762 1159 1791 1186 ὲν

997 1203 1122 1237 Ψαλμοῖς
1138 1203 1204 1238 ὁμοῦ
1221 1211 1251 1228 τε
1269 1202 1397 1234 πολλάκις
1412 1202 1460 1234 τὰς
1481 1203 1623 1237 συμφορὰς
1638 1202 1725 1237 ἔλεγε,
1744 1204 1793 1230 καὶ

996 1250 1046 1282 τὴν
1066 1248 1142 1274 λύσιν
1167 1249 1337 1283 ὑπισχνεῖτο·
1357 1248 1394 1279 ὡς
1416 1249 1478 1274 ὅταν
1500 1249 1546 1274 ἐπὶ
1567 1248 1613 1274 τοῦ
1628 1248 1791 1283 τριακοστοῦ

997 1294 1064 1330 λέγῃ
1076 1293 1198 1328 ψαλμοῦ·
1217 1303 1226 1319 ι
1251 1294 1376 1328 Ἐλέησόν
1401 1303 1446 1328 με,
1474 1294 1569 1329 Κύριε,
1585 1295 1625 1320 ὅτι
1646 1294 1789 1329 θλίϐομαι·

997 1340 1186 1374 ἐταράχθησαν
1203 1341 1231 1366 ἐν
1246 1339 1322 1374 θυμῷ
1345 1340 1369 1365 οὶ
1391 1339 1523 1374 ὀφθαλμοί
1546 1341 1635 1375 μου,ὴ
1651 1340 1721 1376 ψυχή
1739 1349 1791 1376 μου

997 1387 1044 1412 καὶ
1059 1387 1074 1420 ἡ
1091 1386 1197 1421 γαστήρ
1214 1393 1281 1421 μου¹
1299 1386 1338 1411 ὅτι
1353 1385 1475 1418 ἐξέλιπεν
1491 1387 1518 1412 ἐν
1532 1386 1611 1423 ὀδύνῃ
1623 1388 1639 1421 ἡ
1656 1387 1711 1422 ζωή
1727 1396 1789 1422 μου.

997 1431 1043 1457 καὶ
1062 1431 1095 1457 τὰ
1111 1430 1156 1465 ἔτη
1179 1439 1228 1465 μου
1244 1433 1272 1457 ἐν
1288 1432 1458 1466 στεναγμοῖς.
1475 1441 1484 1457 ι
1502 1431 1558 1458 Καὶ
1584 1432 1644 1458 καθ’
1671 1432 1734 1467 ἑξῆς
1755 1433 1790 1459 τὰ.

997 1477 1077 1512 ὃμοια
1090 1479 1209 1509 τούτοις·
1229 1475 1289 1504 εἶτα
1311 1477 1463 1513 προϐαίνων
1476 1477 1522 1504 τοῦ
1545 1478 1623 1512 λόγου
1636 1478 1706 1504 κατὰ
1721 1478 1790 1513 βρα-

996 1522 1046 1557 χέα
1060 1522 1141 1557 φησίν
1152 1530 1156 1535 ·
1168 1532 1176 1547 ι
1193 1522 1343 1556 Εὐλογητὸς
1358 1522 1468 1558 Κύριος,
1491 1523 1529 1550 ὅτι
1546 1523 1739 1557 ἑθαυμάστωσε
1758 1523 1791 1549 τὸ

996 1568 1069 1599 ἕλεος
1086 1567 1167 1594 αὑτοῦ
1181 1569 1210 1594 ἐν
1228 1568 1303 1594 πόλει
1317 1569 1455 1604 περιοχῆς·
1473 1579 1482 1595 ι
1500 1570 1546 1595 καὶ
1561 1569 1620 1595 καθ’
1636 1569 1698 1603 ἑξῆς
1710 1569 1738 1595 δὲ
1755 1569 1790 1595 τὰ

994 1615 1075 1649 ὃμοια
1096 1614 1216 1645 τούτοις·
1241 1613 1324 1639 πολλὰ
1347 1614 1375 1640 δὲ
1397 1614 1509 1641 τοιαῦτα
1532 1615 1577 1641 ἐπὶ
1598 1615 1652 1641 τῶν
1666 1614 1790 1650 Ψαλμῶν

994 1660 1068 1695 εὕροι
1086 1668 1127 1691 τις
1141 1660 1188 1686 ἂν·
1205 1659 1276 1694 ἆπερ
1293 1657 1339 1685 οὖν
1355 1660 1511 1694 ἀναγκαίως
1531 1660 1671 1696 ἐζήλωσαν
1683 1661 1708 1687 οἱ
1722 1669 1788 1696 προ-

994 1707 1086 1742 φῆται,
1102 1708 1141 1742 (p.
1158 1707 1203 1742 ‘20)
1219 1707 1317 1742 πολλὴν
1333 1709 1388 1738 τοῖς
1403 1708 1530 1734 ἀκούουσι
1545 1709 1725 1744 παρεχόμενοι
1738 1708 1788 1744 τὴν

994 1753 1158 1788 χρείαν-,ὼς
1175 1753 1207 1780 ἂν
1222 1753 1265 1779 διὰ
1282 1754 1331 1789 μὲν
1348 1754 1402 1781 τῶν
1422 1755 1471 1790 τῆς
1496 1756 1638 1790 συμφορᾶς
1658 1755 1788 1791 ῥημάτων

995 1799 1114 1832 φοϐοῖεν·
1131 1799 1175 1825 διὰ
1188 1799 1215 1825 δὲ
1228 1799 1278 1834 τῆς
1292 1799 1346 1826 τῶν
1360 1800 1471 1834 ἀγαθῶν
1488 1801 1664 1836 ἐπαγγελίας,
1679 1800 1787 1827 εὐέλπι-

993 1845 1040 1877 δας
1057 1847 1168 1872 ποιοῖεν.
1812 1842 1815 1845 ’

1028 1891 1103 1926 Στίχ,
1121 1895 1161 1918 ιε’.
1178 1907 1213 1912 -—
1231 1892 1263 1918 Τί
1292 1890 1338 1919 οὖν
1354 1900 1437 1926 φησις
1453 1902 1461 1918 ι
1474 1892 1529 1919 Καί
1544 1892 1651 1928 λαλήσω
1672 1893 1718 1919 ἐπὶ
1736 1893 1786 1928 τὴν

993 1937 1107 1972 καρδίαν
1126 1937 1222 1972 αὐτῆς.
1244 1948 1253 1963 ›
1265 1938 1474 1973 Παρακαλέσω,
1504 1938 1597 1974 φησὶν,
1615 1938 1700 1974 αὐτὴν
1717 1939 1786 1973 μετὰ

992 1983 1081 2019 τοῦτο,
1092 1983 1320 2019 ἀπαραμυθήτως
1331 1983 1498 2011 παλαίουσαν
1516 1985 1571 2015 τοῖς
1587 1986 1691 2015 κακοῖς.
1709 1994 1717 2010 ι
1730 1985 1786 2011 Καὶ

992 2028 1069 2056 δώσω
1086 2029 1154 2065 αὐτῇ
1172 2029 1207 2056 τὰ
1220 2031 1348 2065 κτήματα
1370 2030 1454 2065 αὐτῆς
1469 2029 1583 2057 ἐκεῖθεν,
1605 2040 1614 2056 ι
1632 2031 1784 2057 Ἀποκατα-

994 2075 1083 2110 στήσω
1096 2075 1177 2102 πάλιν
1188 2075 1272 2110 αὐτὴν
1284 2076 1330 2102 ἐπὶ
1340 2076 1389 2111 τὴν
1401 2076 1455 2102 τῶν
1470 2076 1609 2111 προτέρων
1623 2077 1784 2109 ἀπόλαυσιν,

992 2121 1042 2156 τῆς
1050 2121 1236 2156 αἰχμαλωσίας
1247 2122 1398 2154 ὲκσπάσας.
1413 2132 1421 2147 ι
1435 2123 1489 2149 Καὶ
1505 2123 1552 2158 τὴν
1567 2123 1676 2150 κοιλάδα
1685 2124 1783 2160 Ἀχὼρ,

992 2165 1122 2198 διανοῐξαι
1138 2166 1246 2193 σύνεσιν
1267 2167 1360 2202 αὐτῆς.
1375 2176 1387 2193 ι
1419 2167 1498 2194 Ὥστε
1522 2168 1608 2195 ὁπόσα
1630 2169 1690 2195 κατ’
1713 2170 1786 2196 ὲκεῖο

151 2200 351 2228 restitutionem
374 2201 401 2227 in
427 2201 566 2228 meliorem
584 2207 685 2229 statum
704 2209 731 2230 et
748 2205 870 2238 priorum
887 2207 943 2232 cla-

996 2219 1040 2238 vov
1054 2211 1205 2238 πεπόνθασι
1228 2212 1273 2238 τὸν
1290 2212 1383 2244 τόπον,
1405 2213 1565 2240 συντελέσαι
1580 2214 1672 2240 λοιπον
1692 2215 1785 2247 αὺτοῖς

151 2245 226 2272 dium
250 2246 467 2274 sublevationem
489 2251 640 2275 vertantur.
667 2248 791 2276 Sentient
805 2251 889 2281 enim,
913 2255 942 2276 nt.

150 2296 200 2324 par
217 2295 268 2321 est,
280 2298 312 2318 ex
328 2291 380 2318 hac
401 2291 427 2318 in
451 2292 549 2319 melius
561 2294 750 2327 conversione,
767 2296 839 2329 quod
855 2300 882 2322 et
897 2296 941 2322 illa

150 2335 240 2363 tristia
267 2344 320 2363 non
346 2337 453 2364 incuria
476 2345 536 2365 mea
556 2339 659 2373 experti
683 2340 795 2372 fuerint,
808 2341 855 2368 sed
876 2342 940 2376 quia

149 2381 272 2408 cadendo
288 2383 410 2416 oportuit
424 2383 484 2410 illos
496 2389 669 2418 peccatorum
686 2385 737 2420 14
753 2394 865 2413 suormn
880 2396 940 2414 scn-

135 2456 138 2462 ,
150 2435 211 2454 sum
226 2428 377 2463 percipere.
390 2428 457 2456 Nam
474 2439 482 2455 ι
498 2430 594 2457 vallem
608 2431 708 2462 Achor,
729 2442 737 2456 ι
750 2433 837 2459 locum
851 2434 942 2461 dicere

141 2474 269 2514 (videtur,
283 2475 309 2500 in
330 2482 384 2510 quo
404 2477 554 2510 praesertim
569 2478 759 2511 gravissimam
777 2486 940 2514 acceperant

139 2510 213 2560 ibelli
230 2520 355 2547 cladem:
379 2529 411 2548 ex
432 2530 486 2556 qua
508 2528 656 2551 consecuta
685 2524 771 2551 fuerat
794 2526 939 2560 captivitas

137 2551 212 2608 :cum
227 2567 337 2600 propria
366 2568 500 2594 malorum
526 2571 646 2604 sequela.
668 2571 757 2605 Atque
774 2580 806 2599 ex
823 2572 874 2599 hac
888 2573 940 2599 loci

149 2615 239 2647 parte,
256 2616 339 2638 totam
354 2613 462 2640 videtur
481 2614 603 2648 ipsorum
620 2616 767 2651 designare
780 2619 917 2653 regionem
933 2628 938 2645 :

149 2658 178 2685 in
189 2665 247 2692 qua
263 2662 409 2692 postquam
425 2659 570 2687 innumera
591 2662 625 2688 ab
642 2662 767 2691 hostibus
789 2666 862 2691 mala
878 2673 940 2700 per—

150 2703 224 2740 pessi
250 2702 368 2735 fuerant.
393 2705 421 2732 in
445 2707 629 2741 captivitatem
659 2710 775 2745 denique
792 2712 826 2739 ab
841 2712 938 2740 iisdem

149 2749 258 2776 abducti
273 2749 392 2777 luerunt.
416 2760 424 2776 ι
441 2750 473 2777 Ει
492 2752 682 2782 humilialﬁtur
707 2757 765 2784 illic
783 2757 864 2792 juxta
881 2760 940 2787 dies

149 2794 271 2822 infantia:
294 2804 361 2827 suae,
378 2800 404 2824 et
418 2797 495 2832 juxta
518 2799 576 2827 dies
604 2803 774 2832 ascensionis
798 2805 885 2840 ipsius
907 2806 940 2834 de

147 2845 220 2870 terra
235 2841 353 2878 Egypti.
372 2852 381 2868 ι
393 2843 528 2877 Quoniam
542 2848 676 2883 superbia:
690 2850 799 2879 nomine
811 2852 938 2888 indigitat

185 2924 209 2941 "
220 2923 296 2953 l'sal.
309 2933 374 2959 xxx,
391 2926 433 2953 10.

994 2258 1034 2289 είς
1051 2257 1191 2292 βελτίωσιν
1203 2259 1250 2284 καὶ
1259 2258 1401 2293 διόρθωσιν
1417 2259 1471 2286 τῶν
1487 2259 1692 2294 προειληφότων
1707 2270 1786 2288 πται-

995 2303 1120 2337 σμάτωνο
1139 2303 1315 2338 αἰσθήσονται
1341 2305 1406 2340 γὰρ,
1419 2305 1458 2336 ὡς
1482 2305 1566 2337 εἰκὸς,
1581 2307 1612 2332 ἐκ
1631 2307 1680 2341 τῆς
1696 2307 1742 2333 ἐπὶ
1754 2307 1786 2334 τὸ

993 2350 1115 2383 κρεῖττον
1127 2350 1288 2385 μεταϐολῆς.
1307 2351 1346 2377 ὅτι
1360 2351 1471 2377 καὶτῶν
1491 2351 1620 2387 λυπηρῶν
1640 2352 1689 2379 οὐκ
1708 2353 1784 2380 ἐπει-

994 2394 1114 2429 ράθησαν
1132 2395 1164 2420 δι’
1186 2395 1316 2430 ἀμέλειαν
1336 2396 1414 2432 ἐμὴν,
1436 2397 1493 2423 ἀλλ’
1506 2397 1598 2432 ἐπειδὴ
1616 2398 1785 2430 πταίσαντας

992 2439 1116 2475 αἴσθησιν
1128 2441 1211 2476 ἐχρῆν
1220 2441 1274 2467 τῶν
1281 2443 1488 2478 ἁμαρτημάτων
1496 2443 1589 2470 λαϐεῖν
1599 2443 1653 2470 τῶν
1662 2444 1782 2470 οἰκείων⁸

991 2486 1022 2511 τὸ
1033 2486 1087 2521 γὰρ
1103 2496 1111 2511 ι
1125 2487 1233 2514 κοιλάδα
1251 2487 1350 2523 Ἀχὼρ,
1367 2498 1376 2513 ι
1391 2489 1472 2515 τόπον
1488 2488 1559 2516 ἔοικε
1574 2490 1662 2524 λέγειν
1673 2491 1702 2516 ὲν
1751 2490 1783 2526 δὴ

993 2532 1111 2567 μάλιστα
1120 2532 1168 2568 τὴν
1179 2533 1335 2570 βαρυτάτην
1344 2535 1468 2568 ἐδέξαντο
1478 2535 1525 2562 τοῦ
1536 2536 1655 2571 πολέμου
1666 2538 1781 2572 τροπήν·

991 2578 1028 2609 ὡς
1041 2579 1222 2615 ἀκολουθῆσαι
1235 2581 1285 2616 τήν
1298 2589 1326 2606 τε
1341 2582 1530 2617 αἰχμαλωσίαν
1541 2602 1548 2614 ,
1571 2583 1617 2609 καὶ
1630 2582 1664 2609 τὰ
1678 2583 1784 2609 ἐκεῖθεν

992 2625 1065 2650 κακὰ
1090 2625 1183 2652 λοιπόν
1195 2635 1202 2641 ³
1217 2626 1254 2657 ὼς
1283 2627 1366 2660 εἰκὸς,
1391 2629 1422 2655 ἐκ
1439 2629 1539 2664 μέρους
1559 2629 1629 2655 κατά
1643 2629 1672 2656 τὺ
1689 2629 1783 2662 εἰωθὸς

992 2671 1081 2697 πᾶσαν
1096 2671 1185 2698 αὐτῶν
1194 2672 1283 2698 καλῶν
1298 2673 1346 2708 τὴν
1362 2675 1398 2708 (p.
1414 2674 1459 2706 2i)
1474 2674 1566 2710 χώραν
1576 2684 1582 2690 ·
1602 2673 1655 2711 ὲνῇ
1668 2675 1782 2702 πλεῖστα

991 2717 1040 2743 ὅσα
1050 2717 1124 2753 παρᾶ
1132 2718 1184 2744 τῶν
1192 2718 1329 2753 πολεμίων
1338 2721 1578 2756 ὑπομεμενηκότες
1587 2722 1669 2753 κακὰ,
1677 2722 1722 2747 ἐπὶ
1733 2721 1782 2756 τὴν

991 2762 1177 2796 αἰχμαλωσίαν
1186 2764 1347 2799 ἀπήχθησαν
1361 2765 1412 2791 ὑπὸ
1426 2765 1480 2791 τῶν
1492 2766 1655 2800 πολεμίων.‹
1670 2766 1724 2792 Καὶ
1739 2775 1782 2793 τα-

991 2807 1186 2842 πεινωθήσεται
1196 2809 1254 2834 ἐκεῖ
1266 2809 1335 2835 κατὰ
1345 2810 1393 2840 τὰς
1401 2810 1507 2845 ἡμέρας
1516 2811 1676 2845 νηπιότητος
1684 2811 1779 2846 αὐτῆς,

991 2853 1113 2880 καὶκατὰ
1126 2853 1175 2885 τὰς
1191 2854 1298 2889 ἡμέρας
1315 2855 1473 2888 ἀναϐάσεως
1484 2856 1570 2890 αὐτῆς
1587 2858 1618 2883 ὲκ
1634 2856 1685 2891 γῆς
1697 2857 1778 2892 Λιγύ-
