1947 3071
133 191 180 221 ιιι
665 194 936 223 COMMENTARIUS
956 193 989 221 IN
1010 194 1110 221 OSEIE
1131 194 1205 222 CAP.
1227 194 1257 222 ll.
1683 196 1763 223 ΑΗΖ

131 259 226 278 που.»
241 251 352 285 ’Ἐπειδὴ
366 251 421 286 γὰρ
436 252 623 287 ὑπερηςεανίαν
639 253 712 287 λέγει
728 253 758 279 τὺ
772 252 921 287 ἀποστῆναξ

976 252 1140 286 apostasiam
1167 252 1374 287 neglectumque
1401 252 1458 283 Dei.
1482 252 1697 280 humiliationem
1721 255 1770 282 vi.

131 306 163 324 τε
176 296 222 323 καὶ
231 296 369 332 ἀμελῆσαι
383 296 431 323 τοῦ
442 297 534 329 Galae,
549 298 790 332 ταπείνωσινλέγει
804 299 854 334 τὴν
871 298 927 324 ἐπί-

133 354 232 380 γνωσιν
245 345 292 372 τοῦ
304 346 493 381 προσήκοντος
503 355 509 361 ·
528 347 613 373 καὶτὸ
628 347 666 377 ὡς
681 346 814 380 δεσπότην
831 353 860 371 τε
880 345 927 370 καὶ

133 392 228 428 κριτὴν
235 392 281 418 καὶ
289 393 393 427 Κύριον
399 393 452 419 τῶν
461 393 585 419 ἁπάντων
594 392 733 427 φοϐεῖσθαι
741 392 860 422 δικαίως
870 400 926 417 τοικ

133 436 220 464 ούτων
227 435 283 469 οὖν,
293 437 387 471 φησὶν,
395 438 424 464 ἐν
435 437 474 472 τῷ
485 438 572 473 καιρῷ
582 438 706 470 τεύξεται
714 438 762 472 τῆς
775 437 924 472 συμφορᾶς,

134 482 194 508 καθ’
208 483 352 517 ὁμοιότητα
364 483 420 509 τῶν
435 483 506 510 κατὰ
517 483 565 517 τὴν
577 483 713 516 Αἴγυπτον
727 482 886 516 γεγονότων,
901 482 925 508 οἳ

132 529 167 564 τῇ
179 528 232 554 τῶν
247 528 365 554 πλίνθων
376 529 492 564 ἐργασίᾳ
501 529 716 564 συντριϐόμενοι,
726 529 883 562 ἐπέγνωσαν
895 538 924 555 τε

133 572 196 598 ὅθεν
210 572 329 608 προσῆκε
339 573 389 607 τὴν
404 573 506 599 τούτων
527 573 653 608 εὐρέσῢαι
672 573 748 599 λύσιν
759 582 765 588 ·
783 574 830 599 καὶ
842 574 923 608 ἐϐόη-

135 628 186 646 σαν
206 619 325 651 ἅπαντες
350 620 418 655 πρὸς
447 620 530 647 Θεόν·
554 620 624 646 ὥστε
646 621 726 647 αὑτὸν
746 621 924 647 ἐπινεύσαντα

133 667 194 697 ταῖς
216 666 269 692 τῶν
292 665 415 700 βοώντων
434 667 557 701 αἰτήσεσι
574 667 644 701 μετὰ
663 667 782 702 μεγάλου
797 667 843 693 τοῦ
858 666 927 694 θαὺ4

135 718 220 744 ματος
241 711 391 745 παρασχεῖν
406 711 497 741 αὐτοῖς
513 711 561 745 τὴν
576 711 678 738 οἰκείαν
696 711 830 746 βοήθειαν.
854 712 922 738 Καθ’

131 756 281 791 ὁμοιότητα
292 757 335 792 δὴ,
353 758 446 791 φησιν,
459 757 570 784 ἐκείνων
583 758 660 784 ἔσται
676 759 764 785 καὶτὰ
778 759 825 785 νῦν
837 767 841 772 ·
853 759 923 785 οὕτω

133 802 378 837 σωφρονιζομὲνων
389 811 418 828 τε
433 803 484 829 ὑπὸ
505 803 553 838 τῆς
571 805 723 839 συμφορᾶς,
736 805 783 830 καὶ
795 805 920 839 ἐπιγινωσ

135 846 254 873 σχόντων
270 847 316 873 τὸν
331 847 421 873 αἴτιον
435 848 489 874 τῶν
506 848 631 882 ἀγαθῶν·
651 849 698 875 καὶ
714 850 859 876 αἰτούντων
872 850 921 884 μὲν

132 892 183 928 τὴν
198 892 321 928 βοήθειαν
346 894 462 925 ἐκεῖθεν,
482 895 551 929 μετὰ
567 895 666 929 πολλῆς
680 895 709 921 δὲ
728 896 778 931 τῆς
798 896 922 928 εὐκολίας

132 939 321 973 τυγχανόντων
341 939 437 974 αὐτῆς.

168 984 243 1019 Στὲχ.
260 987 345 1016 ις’-κ’.
364 999 399 1004 -α
419 995 428 1011 ι
449 986 504 1012 Καὶ
518 986 593 1013 ἔσται
618 988 647 1013 ἐν
668 990 701 1023 τῇ
717 989 808 1024 ἡμέρᾳ
820 990 921 1026 ἐκείνῃ,

132 1028 207 1063 λέγει
224 1029 335 1065 Κύριος,
351 1031 460 1057 καλεσει
475 1040 508 1066 με
522 1031 536 1057 ὁ
552 1033 622 1069 ἀνήρ
636 1043 698 1068 μου,
712 1035 758 1060 καὶ
767 1035 798 1061 οὐ
815 1035 923 1061 καλεσει

134 1083 168 1110 με
181 1075 221 1102 ἔτι
239 1076 345 1111 Βααλίμ
356 1085 363 1091 ·
384 1077 431 1104 καὶ
445 1077 535 1113 ἐξαρῶ
548 1079 583 1105 τὰ
607 1079 726 1115 ὀνόματα
746 1081 800 1107 τῶν
818 1081 924 1115 Βααλὶμ

132 1122 166 1148 ὲκ
199 1122 247 1148 τοῦ
271 1123 404 1158 πόματος
432 1124 535 1159 αὺτῆς’
565 1125 613 1151 καὶ
637 1126 667 1152 οὺ
700 1126 737 1161 μὴ
769 1127 923 1162 μνησθῶσιν

133 1168 172 1202 (p.
196 1168 243 1199 22)
268 1168 360 1195 οὐκέτι
388 1167 443 1194 τῶν
467 1168 606 1204 ὀνομάτων
628 1171 728 1199 αὐτῶν.
750 1181 765 1205 ¹ι
791 1172 857 1198 Τότε
878 1174 922 1208 δὴ.

133 1215 227 1249 φησὶν,
253 1214 448 1249 ἐπιγνώσονται
478 1216 615 1252 κηδεμόνα
636 1218 746 1250 οἰκεῖον,
777 1219 824 1245 καὶ
853 1219 922 1245 πάν-

132 1269 187 1287 των
203 1261 372 1294 ἀποστάντες
385 1263 440 1290 τῶν
452 1263 564 1295 λοιπῶν⁷
578 1265 610 1298 τῇ
619 1263 749 1299 θεραπείᾳ
762 1265 923 1299 προσέξουσι

130 1308 165 1341 τῇ
182 1307 247 1342 ἐμῇ,
269 1309 359 1343 πάσης
377 1309 429 1343 τῆς
447 1309 501 1335 τῶν
517 1308 633 1335 εἰδώλων
648 1310 829 1345 ἀφιστάμενοι
841 1311 923 1346 θερα-

132 1353 213 1384 πείας
226 1361 233 1367 ⁸
248 1353 286 1384 ὡς
309 1353 444 1388 μηδεμίαν
476 1354 587 1389 μνήμην
606 1354 704 1386 αὐτοὺς
724 1354 797 1390 ἔχειν
812 1355 923 1382 ἐκείνων

132 1399 184 1432 ἔτι,
198 1399 264 1434 μηδέ
274 1408 337 1426 τινα
352 1400 431 1434 λόγον
442 1401 533 1427 αὐτῶν
550 1401 683 1427 ποιεῖσθαι
699 1401 745 1427 τοῦ
762 1400 855 1429 λοιποῦ
871 1410 878 1416 '
893 1401 923 1428 τὸ

132 1446 172 1479 δὲ,
187 1456 196 1471 ι
215 1447 253 1473 Οὐ
268 1447 377 1473 καλέσει
398 1456 432 1482 με
454 1447 494 1474 ἔτι
509 1447 623 1482 Βααλὶμ,
644 1456 653 1472 ι
669 1447 762 1482 ἐπειδὴ
777 1447 842 1479 Θεὸς
861 1445 894 1483 ἦν
909 1449 923 1474 ὁ

131 1493 219 1520 ταῦτα
235 1493 332 1526 λέγων,
348 1493 461 1525 Οὐκέτι,
474 1493 550 1526 φησὶ,
566 1493 616 1528 τὴν
631 1493 780 1528 ὀνομασίαν
794 1493 842 1528 τὴν
853 1494 923 1528 ἐμὴν

133 1539 292 1575 ἐπιθήσουσι
308 1540 364 1570 τοῖς
381 1538 488 1573 Βααλξμ
499 1547 505 1554 ·
522 1539 570 1565 ἆτε
586 1539 637 1573 τῆς
654 1539 703 1573 μὲν
719 1539 827 1574 ἀπάτης
836 1548 922 1574 κεχω-

133 1585 256 1621 ρισμένοι
275 1585 324 1620 τῆς
349 1584 471 1615 ἐκείνων,
491 1585 559 1620 προς
573 1584 622 1619 ἐμὲ
644 1584 672 1610 δὲ
689 1585 756 1620 ὀρᾷν
772 1585 923 1619 ἐγνωκότες
937 1597 957 1624 C

131 1630 179 1656 τοῦ
194 1629 288 1656 λοιποῦ
298 1629 344 1656 τὸν
363 1629 448 1660 ὕντως
470 1629 546 1655 Θεόν.
562 1637 571 1654 ι
585 1629 640 1655 Καὶ
654 1629 817 1665 διαθήσομαι
832 1631 922 1662 αὐτοῖς

131 1677 266 1712 διαθήκην
284 1678 312 1703 ὲν
341 1678 374 1712 τῇ
407 1676 499 1712 ἡμέρᾳ
524 1676 615 1712 ἐκείνῃ
642 1677 713 1711 μετὰ
737 1676 791 1702 τῶν
821 1676 922 1712 Θηρίων

131 1723 179 1749 τοῦ
205 1723 302 1758 ἀγροῦ,
329 1724 375 1750 καὶ
396 1723 464 1758 μετὰ
481 1723 534 1749 τῶν
557 1723 688 1749 πετεινῶν
714 1723 761 1749 τοῦ
785 1723 920 1759 οὐρανοῦ,

132 1770 179 1796 καὶ
206 1769 275 1804 μετὰ
301 1769 353 1795 τῶν
369 1768 492 1803 ἑρπετῶν
508 1768 558 1803 τῆς
577 1768 640 1803 γῆς.
659 1778 669 1794 ›
686 1768 755 1800 Τοὺς
778 1769 920 1804 πρότερον,

133 1816 225 1850 φησὶν,
240 1816 331 1846 αὐτοῖς
345 1813 581 1846 ἐπιϐουλεύοντας,
596 1813 644 1840 καὶ
660 1813 796 1848 πολεμίως
811 1814 922 1849 ἔχοντας

133 1861 201 1898 πρὸς
217 1862 326 1893 αὐτοὺς,
342 1860 544 1895 παρασκευάσω
562 1859 610 1895 τὴν
625 1859 694 1894 πρὸς
704 1859 802 1892 αὐτοὺς
814 1860 921 1887 ἑλέσθαι

133 1906 232 1940 φιλίαν.
245 1916 254 1931 ι
269 1907 324 1933 Καὶ
346 1905 422 1938 τόξον
448 1906 494 1932 καὶ
516 1904 651 1939 ῥομφαίαν
669 1904 716 1931 καὶ
729 1904 846 1936 πόλεμον
860 1915 922 1931 συν-

131 1952 221 1988 τρίψω
238 1952 292 1978 ἀπὸ
309 1951 358 1986 τῆς
377 1952 440 1985 γῆς·
456 1961 465 1977 ι
484 1951 573 1986 πάσης
594 1950 692 1981 αὐτοὺς
717 1950 832 1985 πολέμου
863 1951 922 1977 πεί-

133 2009 184 2036 ρας
208 1999 286 2031 ὲκτὺς
309 1999 481 2033 καταστήσω.
506 2008 514 2023 ι
535 1997 589 2024 Καὶ
608 1997 729 2024 κατοικῶ
757 1998 854 2029 αὐτοὺς
877 1997 921 2024 ἐπ’

132 2045 234 2073 ἑλπίδι·
266 2055 275 2072 ι
300 2044 504 2080 παρασκευάσω
530 2043 558 2069 δὲ
580 2043 612 2069 ἐκ
626 2043 680 2069 τῶν
701 2043 921 2078 προσγινομένων

133 2093 223 2123 αὐτοῖς
248 2090 367 2125 ἀγαθῶν,
394 2090 441 2116 καὶ
465 2089 529 2124 περὶ
554 2088 608 2114 τῶν
624 2088 693 2123 μετὰ
708 2089 793 2115 ταῦτα
807 2089 921 2125 χρηστό-

132 2147 198 2173 τερα
216 2137 346 2169 ἐλπίζειν.
369 2145 379 2162 α
401 2135 455 2162 Καὶ
474 2134 676 2170 μνηστεύσομαὶ
699 2143 729 2161 σε
752 2136 861 2170 ἐμαυτῷ
881 2136 921 2167 εἰς

132 2185 177 2212 τὸν
201 2185 302 2211 αἰῶνα·
321 2183 367 2209 καὶ
390 2182 593 2218 μνηστεύσομαι
619 2181 730 2217 ἐμαυτῷ
758 2182 786 2207 ἐν
820 2181 921 2208 δικαιο-

134 2231 200 2266 σύνῃ
222 2231 269 2256 καὶ
296 2231 324 2256 ἐν
354 2229 468 2264 κρίμασι
490 2229 537 2255 καὶ
560 2229 588 2254 ὲν
615 2228 683 2263 ἐλέῳ
701 2229 747 2255 καὶ
766 2229 794 2254 ἐν
819 2230 920 2264 οἰκτιρ-

979 296 1072 323 cissim
1089 296 1155 322 dicit
1177 296 1258 323 oliicii
1275 297 1378 331 proprii
1393 296 1587 331 cognitionem,
1603 298 1763 334 justumque

980 341 1036 374 Dei,
1052 346 1082 369 ut
1099 342 1241 376 principis,
1260 341 1418 376 judieisque
1441 350 1472 369 ac
1484 342 1602 376 Domini,
1622 345 1760 373 timorem.

979 387 1057 415 Hunc
1068 396 1144 423 ergo,
1168 389 1216 420 ait,
1234 389 1396 422 calamitatis
1420 393 1539 424 tempore
1557 390 1675 417 fructum
1694 399 1762 418 nan-

978 434 1107 466 ciscetur,
1137 439 1217 469 prout
1238 435 1301 462 olim
1331 435 1356 462 in
1383 435 1500 470 Aigypto
1528 437 1667 468 nsuvenit,
1699 444 1761 464 cum

978 488 1058 515 opere
1082 480 1204 508 latericio
1225 480 1348 507 faciendo
1368 481 1464 512 attriti,
1486 487 1654 515 agnoverunt
1676 483 1762 510 unde-

977 534 1039 553 nam
1065 526 1196 553 malorum
1216 527 1376 554 solutionem
1399 531 1490 561 petere
1510 527 1656 562 deberent;
1691 537 1761 556 cun-

977 573 1068 606 ctique
1095 571 1129 597 ad
1157 571 1240 598 Deum
1269 573 1473 605 clamaverunt;
1505 580 1558 607 quo
1585 572 1665 605 facto,
1690 573 1761 602 Deus

977 624 1100 643 annuens
1126 617 1300 644 clamantium
1335 617 1471 651 precibus,
1498 626 1551 644 non
1576 618 1634 645 sine
1666 619 1762 653 grandi

978 661 1108 688 miraculo
1119 670 1197 689 suum
1210 662 1250 689 eis
1262 662 1391 689 auxilium
1404 663 1593 697 suppeditavit.
1602 663 1760 698 Praesentia,

978 707 1076 742 inquit,
1092 707 1150 742 pari
1165 715 1196 734 ac
1214 708 1258 734 illa
1277 712 1368 735 vetera
1387 708 1541 735 conditione
1556 710 1637 736 ﬂent:
1658 709 1702 736 his
1719 710 1762 735 vi-

977 753 1074 780 delicet
1089 754 1244 781 calamitate
1264 754 1426 786 emendatis,
1442 759 1538 782 etenm
1554 756 1600 790 qui
1613 762 1696 782 causa
1713 755 1762 782 bo-

977 806 1073 825 norum
1096 803 1137 825 est
1159 800 1368 833 agnoscentibus
1382 820 1388 831 .
1408 800 1582 835 indidemque
1608 808 1686 836 opem
1714 808 1762 835 po-

977 845 1127 876 scentibus,
1140 853 1278 880 pronaque
1294 846 1501 880 impetrantibus
1516 846 1654 873 facilitate.

941 926 962 955 Β

1010 984 1093 1011 Vens.
1110 984 1246 1011 46-20.—
1259 996 1266 1010 ι
1283 985 1393 1020 Eritque
1404 985 1447 1012 die
1463 986 1519 1018 illa,
1534 985 1601 1013 dicit
1619 986 1761 1019 Dominus,

974 1030 1083 1056 vocabit
1103 1038 1146 1057 me
1169 1030 1211 1056 vir
1232 1038 1327 1061 meus,
1352 1035 1378 1057 ct
1399 1038 1453 1057 non
1468 1031 1576 1057 vocabit
1600 1039 1643 1058 me
1658 1031 1761 1058 diutius

975 1075 1088 1102 Baalim.
1115 1075 1297 1110 Auferamque
1321 1076 1429 1103 nomina
1443 1075 1546 1103 Baalim
1567 1084 1601 1104 ex
1621 1085 1668 1104 ore
1690 1077 1761 1111 ejus.

975 1129 1024 1149 nec
1053 1122 1269 1149 recordabuntur
1303 1122 1419 1149 ulterius
1452 1122 1593 1149 nominum
1624 1130 1729 1149 eorum.
1749 1132 1758 1147 ι

975 1167 1051 1194 Tunc
1082 1167 1242 1203 proprium,
1272 1167 1376 1202 inquit,
1405 1171 1559 1194 curatorem
1593 1172 1760 1203 agnoscent,

974 1213 1134 1248 cunctisque
1150 1213 1211 1240 aliis
1225 1213 1345 1245 omissis,
1359 1213 1392 1240 ad
1404 1214 1506 1240 cultum
1520 1221 1608 1241 meum
1620 1215 1759 1246 accedent,

974 1259 1008 1285 ab
1023 1259 1096 1286 omni
1116 1259 1248 1286 idolorum
1263 1259 1393 1294 obsequio
1419 1260 1591 1293 recedentes;
1612 1262 1639 1287 in
1656 1266 1760 1288 tantum

974 1309 1004 1331 ut
1027 1304 1128 1331 nullam
1148 1305 1257 1332 illorum
1284 1305 1444 1332 memoriam
1458 1305 1603 1337 retineant,
1619 1307 1660 1333 vel
1678 1307 1761 1333 mini-

975 1358 1046 1377 mam
1063 1351 1191 1386 posthinc
1204 1358 1297 1378 curam
1311 1355 1415 1386 gerant.
1426 1350 1505 1384 Quod
1523 1359 1586 1379 vero
1602 1353 1649 1382 ait.
1671 1361 1680 1377 ι
1701 1352 1761 1380 Non

974 1395 1110 1422 vocabunt
1127 1403 1170 1422 me
1180 1395 1296 1430 amplius
1311 1395 1424 1428 Baalim,
1442 1405 1451 1421 ι
1468 1396 1596 1431 quoniam
1615 1397 1685 1424 Deus
1701 1402 1761 1424 erat

973 1441 1087 1476 qui15
1112 1441 1149 1468 ita
1174 1441 1304 1476 loquitur,
1333 1441 1410 1468 Haud
1437 1442 1518 1474 ultra,
1543 1442 1642 1477 inquit,
1660 1451 1762 1471 nomen

974 1495 1064 1514 meum
1086 1487 1189 1514 Baalim
1210 1487 1368 1522 imponent;
1385 1488 1604 1523 quandoquidem
1619 1490 1653 1516 ab
1672 1489 1761 1517 idolo-

975 1541 1034 1560 rum
1045 1540 1138 1561 errore
1155 1533 1283 1568 regressi,
1298 1533 1331 1561 ad
1352 1541 1395 1560 me
1408 1534 1436 1560 in
1451 1538 1590 1568 posterum
1606 1535 1762 1563 didicerunt

974 1582 1110 1616 respicere
1122 1589 1216 1609 verum
1234 1581 1328 1609 Deum.
1345 1591 1354 1607 ι
1370 1581 1531 1616 Curaboque
1544 1583 1585 1610 eis
1605 1583 1694 1610 foedus
1716 1583 1761 1611 die

974 1628 1018 1654 illa
1033 1635 1095 1654 cum
1112 1627 1177 1655 feris
1191 1628 1260 1662 agri.
1283 1631 1310 1654 et
1324 1635 1386 1654 cum
1399 1627 1462 1654 caeli
1474 1628 1642 1660 volucribus,
1656 1633 1682 1656 et
1698 1637 1761 1657 cum

974 1677 1053 1700 terra:
1076 1673 1227 1707 reptilibus.
1246 1682 1256 1698 ι
1274 1673 1331 1704 Illa,
1355 1673 1453 1707 inquit,
1470 1674 1611 1708 quaeipsis
1626 1678 1704 1701 antea
1719 1675 1762 1702 in-

974 1718 1154 1751 sidiabantur,
1175 1722 1201 1745 et
1216 1718 1308 1746 hostili
1327 1719 1419 1745 animo
1444 1723 1532 1751 erant,
1552 1719 1622 1747 dabo
1638 1728 1759 1755 operam,

974 1768 1003 1791 ut
1017 1763 1118 1792 eisdem
1137 1764 1256 1791 amicitia
1278 1764 1438 1800 junganlur.
1462 1774 1471 1790 ι
1489 1766 1643 1800 Arcumque
1656 1771 1683 1793 et
1705 1767 1760 1801 gla-

973 1810 1046 1837 dium
1067 1817 1099 1837 ac
1120 1809 1219 1837 bellum
1239 1814 1296 1836 tota
1317 1810 1428 1845 regione
1451 1814 1601 1838 conteram.
1621 1821 1630 1837 )
1658 1811 1762 1848 Nempe

973 1855 1034 1882 illos
1048 1856 1122 1882 omni
1149 1855 1211 1882 belli
1234 1855 1357 1882 molestia
1378 1856 1530 1890 expediam.
1556 1866 1566 1881 ‹
1583 1856 1616 1883 Et
1638 1857 1762 1885 habitare

972 1910 1019 1930 eos
1044 1903 1141 1930 faciam
1166 1910 1228 1929 cum
1257 1910 1314 1936 spe.
1334 1912 1343 1928 ι
1373 1902 1448 1930 Dabo
1467 1911 1588 1938 operam,
1605 1907 1634 1930 ut
1648 1912 1680 1932 ex
1703 1905 1760 1938 jam

973 1950 1124 1985 impetratis
1137 1949 1227 1981 bonis,
1243 1949 1353 1977 meliora
1374 1950 1456 1976 etiam
1474 1957 1503 1977 se
1519 1953 1611 1984 postea
1627 1957 1761 1977 consecu-

973 2001 1049 2023 turos
1066 1999 1186 2031 spercnt.
1206 2004 1215 2020 ι
1232 1995 1266 2021 Et
1286 1994 1422 2029 sponsabo
1438 1997 1463 2021 te
1479 1995 1547 2021 mihi
1569 1995 1596 2022 in
1618 1995 1762 2029 sempiter-

973 2051 1036 2070 num
1052 2051 1057 2069 :
1072 2047 1099 2069 et
1116 2041 1253 2076 sponsabo
1267 2041 1334 2067 mibi
1350 2040 1375 2067 in
1399 2040 1516 2074 iustitia.
1544 2041 1571 2068 in
1593 2040 1717 2074 iudiciis,
1733 2045 1761 2068 et

972 2089 1000 2115 in
1013 2087 1210 2118 misericordia.
1224 2091 1250 2114 et
1264 2087 1291 2114 in
1303 2086 1534 2114 miserationibus.
1551 2096 1562 2113 ι
1577 2085 1625 2118 Te,
1637 2087 1759 2122 inquam,

973 2135 999 2162 in
1016 2134 1163 2161 amicitiam
1176 2141 1260 2161 meam
1272 2141 1414 2168 reponam,
1428 2133 1531 2168 tibique
1547 2133 1759 2161 familiaritatem

972 2189 1059 2210 meam
1081 2181 1245 2212 restituam;
1259 2187 1337 2215 aequo
1355 2180 1417 2215 jure
1432 2187 1525 2215 agens,
1539 2184 1565 2207 et
1579 2187 1627 2208 eas
1641 2181 1687 2215 qui
1710 2181 1760 2207 tibi

972 2227 1138 2263 captivitatis
1164 2232 1283 2261 tempore
1301 2226 1393 2261 injurii
1424 2226 1534 2253 fuerunt
1559 2226 1686 2261 puniens.
1713 2227 1759 2261 ju-

135 2278 203 2312 μοῖς.
223 2286 233 2302 ι
255 2276 299 2302 Ἐν
320 2276 353 2310 τῇ
377 2275 523 2310 οἰκειότητί
553 2283 581 2300 σε
611 2275 690 2301 πάλιν
717 2274 860 2307 κατατάξω
884 2276 917 2310 τῇ

975 2278 1098 2309 stumque
1128 2272 1160 2301 de
1185 2273 1314 2300 omnibus
1338 2272 1470 2308 judicium
1501 2272 1601 2306 ferens,
1628 2281 1672 2301 res
1697 2278 1759 2300 tuas

133 2323 185 2358 ἐμῇ
197 2331 203 2337 ·
218 2321 328 2357 παρέξω
340 2321 368 2348 δέ
381 2329 432 2351 σοι,
448 2320 526 2356 φησὶ,
544 2321 582 2355 (ρ.
594 2320 639 2355 ‘25)
653 2321 701 2356 τὴν
719 2320 854 2347 οἰκείωσιν
869 2321 918 2356 τὴν

132 2370 211 2404 ἐμὴν,
221 2367 414 2403 ἐτιμελόμενός
425 2376 453 2393 τε
469 2367 516 2393 τοῦ
531 2366 648 2398 δικαίου,
663 2367 709 2393 καὶ
725 2366 846 2398 κολάζων
857 2367 920 2398 τοὺς

132 2414 294 2448 ἠδικηκότας
318 2422 348 2439 σε
376 2413 447 2439 κατὰ
475 2412 520 2438 τὸν
543 2413 591 2448 τῆς
605 2413 795 2448 αἰχμαλωσίας
814 2413 919 2448 καιρὸν,

133 2460 230 2494 κρίνων
246 2468 274 2486 τε
291 2460 377 2486 ἅπασι
390 2458 458 2494 μετὰ
470 2458 517 2484 τοῦ
526 2459 629 2485 δικαίου
641 2467 647 2473 ·
663 2459 709 2485 καὶ
728 2459 779 2494 μὴν
794 2460 841 2485 καὶ
853 2458 920 2493 ἐλέῳ

132 2507 165 2533 τὰ
180 2506 251 2533 κατὰ
265 2505 293 2532 σὲ
308 2504 428 2532 διοικῶν.
446 2515 454 2530 ι
474 2505 528 2531 Καὶ
544 2505 745 2540 μνηστεὺσομαί
763 2513 791 2530 σε
808 2504 920 2539 ἐμαυτῷ

132 2554 160 2580 ἐν
170 2554 269 2584 πίστει,
292 2552 338 2578 καὶ
357 2550 495 2587 ἐπιγνώσῃ
512 2552 556 2577 τὸν
578 2551 689 2587 Κύριον.
707 2561 716 2576 ι
733 2551 848 2586 Δέξομαι
869 2551 918 2586 τὴν

133 2601 251 2636 προσῆκε
267 2599 337 2635 Θεῷ,
351 2599 399 2626 καὶ
411 2599 548 2633 Δεσπότην
563 2598 797 2632 ἐπιγινωσκόντων
807 2599 917 2624 οἰκεῖον.

164 2647 237 2682 Στὶχ.
260 2645 314 2673 κα’,
331 2660 368 2666 ——
385 2654 394 2669 I
411 2645 466 2670 Καὶ
488 2644 564 2671 ἔσται
586 2645 613 2670 ἐν
641 2645 674 2679 τῇ
704 2644 795 2680 ἡμέρᾳ
815 2643 918 2680 ἐκείνῃ,

130 2693 200 2727 λέγει
209 2693 321 2728 Κύριος,
336 2690 521 2725 ἐπακούσομαι
536 2690 574 2725 τῷ
592 2690 708 2725 οὐρανῷ.
722 2690 768 2716 καὶ
781 2690 794 2715 ὁ
804 2690 918 2725 οὐρανὸς

130 2738 309 2766 ἐπακούσεται
320 2739 353 2773 τῇ
371 2738 418 2772 γῇ.
437 2736 483 2763 καὶ
504 2737 521 2771 ἡ
537 2736 573 2771 γῆ
596 2736 778 2762 ἐπακούσεται
795 2735 834 2771 τῷ
852 2736 916 2770 σίτῳ

131 2785 175 2812 καὶ
185 2785 224 2820 τῷ
237 2785 302 2820 οἴνῳ
312 2783 362 2810 καὶ
374 2782 414 2817 τῷ
426 2782 509 2817 ἐλαίῳ
525 2791 530 2797 ·
541 2782 587 2808 καὶ
599 2779 668 2808 αὐτὰ
683 2782 864 2808 ἐπακούσεται
877 2781 915 2816 τῷ

136 2833 242 2869 Ἰσραήλ
253 2842 259 2848 ·
282 2834 328 2859 καὶ
341 2830 436 2866 σπερῶ
451 2831 534 2865 αὐτὴν
547 2830 658 2865 ἐμαυτῷ
677 2830 723 2855 ἐπὶ
738 2831 787 2865 τῆς
798 2830 860 2864 γῆς,
871 2829 918 2856 καὶ

130 2879 229 2914 ἐλεήσω
241 2878 291 2913 τὴν
303 2878 354 2904 οὐκ
364 2876 521 2911 ήλεημένην
530 2884 537 2890 ”
554 2876 601 2902 καὶ
613 2875 668 2910 ἐρῶ
685 2875 722 2910 τῷ
736 2876 766 2902 οὑ
782 2876 838 2910 λαῷ
855 2883 917 2910 μου,

131 2925 197 2957 Λαὸς
211 2933 261 2960 μου
285 2922 309 2950 εἴ
329 2923 362 2949 τύ
374 2931 380 2937 ·
393 2923 439 2949 καὶ
454 2922 535 2952 αὐτὸς
548 2922 614 2957 ἐρεῖ.
636 2922 737 2956 Κύριος
751 2923 765 2948 ὁ
781 2921 848 2952 Θεός
868 2930 918 2956 μου

131 2969 155 2998 ιὶ
174 2980 216 2998 συ.
232 2980 241 2997 ι
256 2970 324 2996 Τότε
343 2969 377 3004 δὴ
391 2968 491 3003 πολλὴν
512 2969 585 3001 ἕξετε
605 2968 652 2994 καὶ
672 2968 723 2994 τῶν
740 2968 854 3004 καρπῶν
870 2968 918 3003 τὴν

972 2321 1089 2356 denique
1110 2320 1226 2355 benigne
1249 2327 1355 2354 regens.
1372 2329 1381 2344 ‹
1401 2319 1434 2346 Ει
1450 2319 1587 2353 sponsabo
1599 2323 1626 2346 te
1643 2319 1708 2347 mihi
1729 2321 1758 2347 in

973 2368 1033 2398 lide.
1054 2372 1079 2394 et
1096 2374 1246 2402 cognosces
1256 2366 1409 2393 Dominum.
1425 2375 1435 2391 ι
1448 2365 1512 2398 Vos,
1526 2365 1646 2400 inquam,
1664 2366 1690 2392 in
1709 2375 1759 2394 ne-

971 2413 1154 2441 cessariorqu
1180 2419 1295 2439 numero
1309 2412 1436 2446 posthinc
1450 2412 1564 2443 habebo,
1583 2412 1630 2446 qui
1651 2416 1678 2439 et
1691 2413 1757 2440 mihi

971 2459 1126 2485 credidistis
1153 2462 1235 2492 prout
1253 2457 1307 2494 Deo
1321 2465 1369 2492 par
1384 2462 1436 2490 est,
1447 2465 1543 2492 meque
1559 2462 1683 2484 vestrum
1703 2457 1757 2485 Do-

972 2505 1075 2531 minum
1090 2505 1250 2539 agnovistis.

942 2551 1078 2578 οἱκείωσιν
1101 2550 1177 2584 ὑμῶν
1202 2549 1294 2576 λοιπὸν
1317 2550 1536 2576 πεπιστευκότων
1554 2550 1584 2575 τέ
1605 2558 1649 2584 μοι
1667 2549 1757 2580 καθὼς

1006 2643 1090 2670 Vens.
1106 2642 1151 2669 9.1.
1170 2657 1203 2661 ——
1217 2651 1226 2667 ι
1239 2642 1351 2676 Eritque
1374 2641 1417 2669 die
1442 2642 1499 2673 illa,
1524 2641 1589 2669 dicit
1613 2641 1756 2675 Dominus.

971 2689 1115 2717 exaudiam
1142 2689 1295 2720 coelum,ct
1323 2688 1422 2715 cmlum
1445 2688 1572 2715 exaudiet
1593 2692 1706 2721 terram,
1730 2694 1758 2716 et

969 2741 1043 2763 terra
1069 2735 1194 2762 exaudiet
1223 2734 1345 2760 triticum
1368 2738 1395 2761 et
1427 2734 1518 2761 vinum
1540 2739 1567 2761 ct
1591 2735 1702 2765 oleum.
1729 2739 1758 2762 et

969 2781 1026 2808 haec
1048 2781 1194 2808 exaudieut
1213 2780 1348 2807 lsraclcm.
1372 2779 1520 2814 Seramque
1544 2787 1603 2807 eam
1631 2780 1697 2807 mihi
1728 2781 1756 2808 in

967 2831 1051 2859 terra,
1066 2831 1094 2854 et
1107 2826 1258 2854 miserebor
1276 2826 1335 2859 ejus
1350 2825 1429 2860 cujus
1445 2833 1499 2852 non
1519 2833 1594 2852 eram
1612 2825 1754 2852 misertus.

967 2873 1114 2908 Dicamque
1131 2872 1230 2907 populo
1247 2880 1302 2898 non
1321 2879 1397 2903 meo,
1423 2871 1542 2905 Populus
1560 2878 1634 2897 meus
1649 2878 1680 2897 es
1696 2874 1726 2897 tn
1745 2879 1752 2896 :

967 2923 992 2947 et
1005 2920 1063 2954 ipse
1073 2918 1293 2950 dieet,l)ominus
1301 2917 1371 2944 Deus
1385 2924 1462 2943 meus
1476 2925 1505 2944 cs
1516 2921 1555 2943 tu.
1577 2915 1669 2943 )TUHC
1680 2919 1755 2943 certe

968 2967 1081 2994 multam
1100 2965 1234 2994 habebitis
1250 2964 1357 3000 frugum
1379 2964 1529 2992 ubertatem
1548 2972 1554 2990 :
1572 2962 1672 2990 ctenim
1688 2968 1752 2996 aer,

1807 3011 1886 3043 ,Α
