1947 3071
167 160 220 188 “3

774 155 951 184 THEODORI
969 156 1217 186 MOPSUESTENI

1751 159 1803 186 1H

164 229 210 248 me
230 219 344 249 volente,
369 216 481 243 imbrem
506 214 595 242 telluri
616 214 758 248 demittet;
784 215 885 250 quippe
899 222 955 242 cm-

1010 216 1140 251 ἁφθονίαν
1154 225 1160 231 ·
1177 217 1190 243 ό
1206 216 1255 251 μὲν
1266 217 1317 252 γὰρ
1330 217 1383 252 ἀὴρ
1393 217 1461 243 κατά
1474 217 1586 252 γνώμην
1605 218 1671 253 ἐμὴν
1688 219 1802 254 παρέξει

166 266 223 292 lum
239 271 287 299 pro
302 269 364 290 aere
377 261 459 293 dicit,
473 260 558 287 veluti
573 267 635 288 cum
654 260 717 287 οωιὶ
735 260 863 288 volucres
874 260 958 292 dicit,

167 317 264 345 nempe
285 308 345 335 illas
360 315 420 342 qua
442 314 534 333 aerem
553 306 669 333 ﬁndunt.
692 305 778 334 Terra
799 309 890 334 autem
907 306 959 333 rite

166 356 278 390 irrigata
301 353 406 380 fructus
423 360 489 380 suos
513 351 686 379 abundanter
699 352 833 385 prmbebit
857 359 865 378 :
887 359 958 386 quo-

165 409 228 428 rum
242 400 316 426 lauto
329 398 412 426 Israel
425 406 475 425 usu
490 397 596 425 fruetur
608 418 615 430 ,
629 398 655 424 id
668 402 711 425 est
720 403 799 425 teme
810 397 956 425 bonorum.

165 446 332 481 Faciamque
348 450 378 472 ut
395 444 447 480 16
466 443 604 479 propriam
619 444 757 478 regionem
776 443 867 470 denuo
882 443 958 470 inco-

167 493 234 523 lant,
264 498 317 526 qua
347 494 427 518 antea
454 490 552 526 privati
579 489 705 522 fuerant;
732 494 814 523 atque
846 488 883 516 ita
917 488 957 516 ibi

168 537 299 570 degentes
313 536 415 564 cultum
431 536 496 562 mihi
515 535 691 562 exhibebunt.
710 534 738 561 ld
755 535 828 561 enim
852 533 956 568 signiﬁ-

168 588 233 610 cant
248 583 292 610 illa
307 583 399 614 verba,
415 593 423 607 ι
436 581 530 609 Seram
546 588 605 608 eam
620 580 686 607 mihi
701 580 727 606 in
744 585 813 607 terra
828 589 834 606 :
851 589 859 605 ›
872 585 957 606 meta-

167 629 254 662 phora
282 635 297 654 a
316 627 530 656 seminatoribns
555 630 662 660 sttmpta
684 625 775 652 dicere
799 625 905 657 volens,
927 634 957 652 se

167 675 228 701 illos
245 678 300 701 tota
316 680 412 700 rursus
428 673 537 708 regione
554 671 642 706 patria
660 678 835 706 sparsurum,
859 670 886 697 in
902 678 956 706 qua

166 727 265 747 secure
290 719 471 750 babitabunt,
502 717 658 752 debitisque
690 724 754 751 erga
784 724 828 743 me
856 716 956 743 ofﬁciis

168 766 326 800 fungentur.
361 764 427 798 Qua:
451 763 560 799 quidem
581 764 620 790 ita
644 763 790 795 evenient,
819 762 883 797 quia
912 770 956 790 res

167 816 276 844 vestrae,
301 819 345 838 me
358 815 482 841 curante,
501 809 615 836 meliore
640 809 798 836 conditione
821 815 882 837 esse
900 815 956 835 cce-

169 862 282 892 perunt;
307 857 374 884 adeo
389 860 418 883 ut
434 856 575 883 ntisertum
596 855 632 882 sit
648 855 721 883 illitts
739 862 800 890 quae
815 858 893 882 extra
905 855 956 881 nti-

168 903 346 931 sericordiatn
376 902 482 934 fuerat;
514 900 657 935 iactusque
690 901 726 927 sit
751 900 879 935 populus,
909 899 956 934 qui

167 953 248 977 antea
258 956 312 976 non
326 953 385 975 erat
398 947 525 982 populus.
550 949 638 982 Atque
652 947 688 973 ita
706 947 770 981 jure
794 946 898 981 optitno
912 946 957 975 his

168 996 224 1027 (iet,
249 995 313 1030 quia
335 997 363 1021 et
387 994 439 1028 ipsi
466 997 558 1020 vetere
581 1000 676 1020 errore
703 992 810 1023 relicto,
833 992 955 1020 debitum

167 1049 248 1069 suum
267 1040 426 1075 agnoscent,
443 1038 571 1072 claraque
585 1046 652 1065 voce
665 1038 774 1070 dicent,
791 1038 878 1065 solum
895 1046 957 1066 esse

165 1087 346 1122 ipsorummet
372 1093 433 1112 vere
462 1084 606 1111 Dorninnnt
634 1091 666 1110 ac
699 1083 794 1116 Deum,
817 1091 879 1111 etim
909 1083 955 1119 qui

167 1133 288 1159 omnium
306 1135 413 1158 creator
425 1133 479 1162 est,
497 1130 699 1165 specialctnqtte
714 1130 753 1157 eis
769 1137 863 1157 curam
878 1138 955 1157 suam

166 1178 280 1206 caelitus
295 1177 400 1204 tribuit.

494 1339 570 1366 CAP.
592 1337 634 1366 111.

205 1399 288 1426 Vens.
308 1397 333 1425 1.
353 1411 387 1417 —
403 1406 412 1422 ι
433 1396 559 1430 Dixitque
581 1395 647 1421 mihi
676 1394 807 1421 Dominus
833 1403 840 1421 :
859 1393 956 1421 Adhuc

169 1445 250 1478 vade,
265 1448 291 1471 et
309 1443 390 1477 dilige
413 1442 553 1468 mulierem
571 1440 730 1475 diligentem
755 1439 825 1466 mala
843 1443 870 1466 et
884 1440 958 1466 adul-

169 1497 256 1519 teram
289 1499 296 1517 :
330 1488 400 1516 haud
428 1495 508 1515 secus
533 1493 616 1522 quam
648 1485 719 1513 Deus
750 1485 820 1512 ﬁlios
849 1485 957 1513 lsraelis

167 1538 267 1573 diligit,
289 1536 354 1563 dum
378 1534 428 1569 ipsi
450 1533 482 1559 ad
503 1533 568 1560 deos
587 1532 692 1559 alienos
711 1532 872 1566 respiciunt,
896 1531 956 1559 dili-

171 1588 292 1618 gnntque
305 1580 434 1616 cnpedias
444 1585 471 1606 et
483 1579 607 1606 vinacea.
625 1588 634 1603 ι
652 1577 720 1604 llinc
739 1585 848 1612 quoque
862 1577 957 1612 explo-

170 1634 260 1657 ratum
284 1628 323 1661 ﬁt,
340 1625 413 1662 quod
439 1625 578 1652 multoties
601 1624 736 1657 diximus,
755 1631 809 1651 non
831 1624 865 1650 ad
888 1623 958 1651 scri-

166 1675 272 1711 ptionis
289 1675 415 1705 formam,
428 1679 537 1707 unoque
555 1675 660 1702 tenore,
677 1671 870 1705 prophetarum
892 1677 957 1697 ora-

171 1722 231 1748 cula
242 1721 326 1747 fuisse
335 1718 506 1753 conscripta,
519 1716 566 1744 sed
581 1724 614 1744 ex
629 1716 773 1743 intervallo
781 1715 896 1746 dictata.
913 1723 958 1742 se-

171 1766 290 1794 cundum
299 1769 472 1800 acceptarum
483 1768 605 1797 tempora
613 1762 810 1790 revelationum
821 1770 828 1787 ε
839 1769 955 1797 qttarum

171 1811 303 1839 instinctu
324 1809 358 1836 ad
373 1809 502 1845 populum
526 1807 687 1835 necessario
703 1807 785 1834 verba
807 1807 954 1838 faciebant,

171 1857 270 1884 divinis
299 1855 543 1882 illuminationibus
574 1853 760 1880 consectanei.
795 1853 860 1880 Nam
893 1860 954 1879 cum

170 1902 297 1938 superius
310 1905 467 1929 enarrasset
483 1900 600 1926 oblatam
615 1899 667 1927 sibi
689 1899 797 1926 illarum
815 1907 906 1926 rerum
921 1899 956 1926 ob

171 1939 263 1985 populi
299 1947 524 1982 vituperationem
560 1946 724 1981 imaginem,
755 1946 854 1973 merito
883 1954 956 1974 nune

169 1994 364 2023 revelationem
380 1993 492 2019 alteram
509 1991 612 2026 pariter
626 1992 750 2026 exponit,
766 1999 847 2025 quam
863 1996 957 2026 utpote

172 2047 187 2066 a
197 2038 251 2065 Deo
265 2038 316 2065 sibi
331 2037 492 2068 immissam,
503 2036 598 2071 nequit
609 2037 732 2063 reticere.
747 2035 850 2063 Etenim
862 2036 955 2069 verba,

174 2093 183 2108 ε
202 2083 273 2110 Dixit
288 2081 508 2111 mihiliominus,
528 2090 537 2106 ι
562 2081 613 2108 hoc
634 2080 797 2115 signiﬁcant,
826 2081 956 2109 nimirum

173 2128 219 2154 Dei
244 2128 380 2162 loquentis
399 2134 493 2154 vocem
509 2127 593 2153 veluti
605 2135 677 2159 esse,
700 2126 798 2153 factam
816 2127 889 2154 illam
904 2128 954 2155 sibi

173 2173 224 2208 17
251 2173 382 2200 divinitus
410 2173 611 2200 revelationetn.
638 2172 775 2199 Mandavit
798 2181 863 2208 ergo
890 2175 955 2202 tnihi

172 2221 314 2248 mulierem
334 2220 434 2247 habere
451 2220 620 2251 adulteram,
636 2223 663 2247 et
685 2219 806 2254 cujusvis
823 2219 954 2246 malormn

172 2266 279 2300 generis
301 2265 482 2299 operatricem
500 2273 508 2291 :
525 2268 555 2291 ut
575 2265 632 2292 haec
649 2265 731 2292 etiam
753 2265 956 2299 repraesentatio

171 2312 296 2348 quaedam
316 2312 351 2339 sit
366 2310 480 2342 mentis,
498 2318 580 2345 quam
603 2318 653 2345 ego
670 2318 734 2345 erga
757 2311 865 2338 lsraelis
886 2311 956 2338 [ilius

172 2357 290 2384 retinere
304 2356 414 2388 studui,
431 2363 590 2390 quanquam
602 2356 675 2382 omni
693 2356 860 2390 improbitati
879 2355 957 2382 dedi-

172 2408 225 2434 tos,
235 2410 368 2436 suumque
377 2406 468 2436 aperte
477 2401 640 2428 adulteriqu
651 2406 833 2433 ostentantes;
844 2401 890 2436 qui
901 2402 955 2429 diis

172 2447 242 2474 (also
257 2447 328 2481 apud
349 2447 472 2474 ethnicos
487 2446 618 2481 reputatis
632 2445 766 2479 student;
793 2454 957 2481 tnagnopo-re

172 2497 326 2528 satagentes
351 2493 512 2520 constitutas
531 2492 587 2518 illic
607 2492 753 2526 religiones
770 2493 883 2526 exsequi
903 2502 909 2519 :
929 2493 955 2519 id

171 2539 244 2566 enim
261 2538 415 2573 signiﬁcant
428 2539 511 2566 verba
531 2547 539 2564 ι
557 2537 679 2573 cupedi:e
696 2545 759 2565 cum
782 2538 923 2571 vinaceis;
943 2548 952 2564 ι

172 2586 250 2620 quasi
281 2585 354 2612 dicat
380 2593 463 2619 panes
492 2585 566 2612 varie
596 2585 751 2616 laboratos,
777 2591 839 2610 cum
867 2584 956 2618 passis

171 2630 300 2658 nitnirum
323 2629 392 2661 uvis,
418 2630 543 2656 admistis
566 2629 698 2661 bellariis,
720 2637 790 2664 quos
815 2636 889 2656 more
905 2637 956 2656 suo

172 2676 290 2712 quodam
317 2675 397 2703 idolis
419 2675 567 2702 oﬁ‘erebant
589 2685 594 2701 :
616 2684 679 2702 nam
703 2685 712 2701 ι
738 2676 870 2710 cupedias
891 2683 956 2702 eum

171 2722 292 2750 vinaceis
306 2726 439 2756 appetere,
458 2731 467 2746 ι
481 2721 582 2748 dictant
597 2727 638 2749 est
650 2729 698 2755 pro
714 2722 851 2756 voluptate
871 2729 953 2756 quam

172 2768 339 2796 honorandis
357 2767 439 2795 idolis
459 2768 581 2802 capiunt.
604 2767 689 2794 Porro
709 2768 858 2802 superiora
880 2768 954 2795 dicta

172 2815 246 2842 fuere
257 2814 407 2848 praesertim
417 2814 451 2841 ad
461 2813 555 2841 decem
564 2813 685 2840 tribuum
695 2813 955 2848 reprehensionem,

172 2869 284 2898 quarum
297 2861 412 2895 populus
425 2860 555 2887 derelicto
572 2860 637 2890 Deo,
651 2867 681 2887 se
692 2860 773 2887 idolis
785 2860 930 2887 addixerat
947 2869 954 2887 :

172 2912 228 2932 haec
250 2909 341 2933 autem
370 2905 404 2932 ad
431 2905 672 2942 reprehensionem
704 2906 808 2940 pariter
838 2906 948 2933 illorum

1012 263 1044 296 τῇ
1057 263 1091 297 γῇ
1103 262 1149 288 τὸν
1157 263 1234 288 ὑετόν
1247 271 1252 276 ·
1263 263 1376 297 οὐρανὸν
1389 262 1443 297 γὰρ
1452 263 1496 289 τὸν
1504 264 1572 298 ἀέρα
1591 265 1669 290 καλεί
1683 273 1689 279 ·
1701 265 1739 296 ὡς
1755 266 1803 291 καὶ

1011 309 1046 334 τὰ
1066 309 1177 335 πετεινὰ
1193 309 1240 335 τοῦ
1258 308 1373 344 οὐρανοῦ
1387 309 1450 335 ὅταν
1465 309 1541 344 λέγῃ,
1562 310 1604 337 ἵνα
1624 311 1687 345 εἴπῃ
1701 311 1734 337 τὰ
1757 311 1802 337 τέο

1011 361 1112 388 μνοντα
1126 353 1171 380 τὺν
1186 353 1288 388 άέρασή
1301 354 1328 379 δὲ
1337 353 1373 388 γῆ
1385 355 1420 385 ὡς
1430 354 1502 385 εἰκὸς
1513 354 1647 390 ἀρδομένη
1657 356 1719 387 τοὺς
1734 365 1800 392 καρ-

1010 399 1078 431 ποὺς
1085 399 1208 434 ἀφθόνως
1221 400 1368 435 παρέξεται
1384 401 1447 432 τοὺς
1463 401 1596 433 οἰκείους·
1612 402 1645 428 ἑκ
1660 402 1688 428 δὲ
1699 403 1801 429 τούτων

1008 445 1124 479 ἄφθονον
1134 445 1148 471 ό
1162 445 1269 481 Ἰσραὴλ
1280 446 1329 481 τὴν
1341 446 1488 473 ἀπόλαυσιν
1495 447 1624 482 κτήσεται
1635 447 1690 474 τῶν
1706 449 1738 474 ὲκ
1751 448 1800 484 τῆς

1008 490 1060 525 γῆς
1070 490 1189 524 ἀγαθῶνδ
1199 490 1402 522 παρασκευάσω
1410 499 1438 517 τε
1448 491 1528 518 πάλιν
1539 491 1637 523 αὐτοὺς
1646 492 1695 526 τὴν
1706 492 1757 527 γῆν
1765 492 1797 518 οι-

1011 537 1070 562 κεῖν
1080 536 1129 571 τὴν
1141 536 1221 566 ἰδίαν.
1236 535 1327 572 ἧσπερ
1342 534 1388 563 οὖν
1401 536 1578 572 ἀφῃρέθησαν
1585 537 1710 572 πρόσθεν,
1720 537 1757 569 ὡς
1767 537 1801 564 ἂν

1009 581 1047 617 (p.
1066 581 1112 616 ‘24)
1129 581 1222 608 αὐτόθι
1237 582 1376 616 διάγοντες
1389 583 1439 617 τῆς
1449 583 1518 617 ἐμῆς
1543 583 1714 618 ἐπιμελοῖντο
1724 582 1801 618 θερα-

1008 627 1097 659 πείας
1107 627 1185 654 τοῦτο
1198 628 1252 664 γὰρ
1266 627 1340 661 λέγει
1352 628 1393 661 τὸ,
1404 637 1412 652 ι
1424 628 1520 663 Σπερῶ
1533 628 1617 663 αὐτὴν
1632 629 1743 664 ἐμαυτῷ
1754 629 1800 655 ἐπὶ

1007 673 1057 707 τῆς
1075 674 1144 707 γῆς·
1165 682 1174 699 ι
1189 673 1219 699 ὲκ
1234 674 1391 708 μεταφορᾶς
1407 673 1460 699 τῶν
1478 673 1642 708 σπειρόντων
1660 673 1800 709 βουληθεὶς

1008 719 1106 749 εἰπεῖν,
1120 719 1160 745 ὅτι
1175 719 1253 745 Κατὰ
1264 719 1354 754 πάσης
1364 718 1462 750 αὐτοὺς
1475 718 1577 745 ἐκτενῶ
1592 719 1672 745 πάλιν
1684 719 1734 753 τῆς
1748 720 1800 755 γῆς

1007 763 1057 797 τῆς
1065 763 1180 796 οἰκείας,
1195 764 1264 798 μετὰ
1277 764 1426 798 ἀσφαλείας
1436 773 1465 790 τε
1479 764 1620 795 οἰκοῦντας
1628 765 1741 799 ἐναὺτῇ,
1752 764 1798 790 καὶ

1007 806 1062 832 τῶν
1081 807 1143 842 ἐμοὶ
1168 808 1360 843 προσηκόντων
1379 809 1574 844 ἀντεχομένους
1587 809 1696 836 λοιπόν·
1720 810 1798 836 ἐσται

1007 853 1036 880 δὲ
1050 853 1148 884 ταῦτα,
1171 854 1265 889 ἐπειδὴ
1291 854 1444 891 μεταϐολὴν
1462 855 1510 890 τὴν
1530 856 1575 882 ἐπὶ
1587 856 1617 882 τὸ
1629 857 1751 891 κρεῖττον
1763 857 1798 884 τὰ

1009 899 1070 926 καθ’
1086 900 1159 934 ὑμᾶς
1172 900 1216 927 διὰ
1230 901 1280 935 τῆς
1294 901 1456 936 κηδεμονίας
1473 901 1578 936 δέχεται
1591 901 1642 936 τῆς
1657 902 1726 936 ἐμῆς
1740 910 1746 916 ⁸
1759 902 1799 934 ὡς

1009 945 1142 973 ἐλεεῖσθαι
1157 946 1206 982 μὲν
1222 946 1271 982 τὴν
1293 948 1342 973 οὐκ
1367 947 1536 983 ἠλεημένην·
1551 948 1615 974 λαὸν
1627 948 1654 974 δὲ
1672 946 1741 974 εἶναι
1751 948 1797 974 τὸν

1007 993 1038 1018 οὑ
1064 992 1197 1028 πρότερον
1222 992 1285 1019 λαόν
1299 1001 1305 1007 ·
1319 993 1388 1028 ὅπερ
1402 991 1448 1020 οὖν
1470 993 1581 1025 εἰκότως
1603 994 1693 1024 αὐτοῖς
1713 1002 1798 1029 προσ-

1008 1038 1094 1070 έσται,
1107 1039 1200 1074 ἐπειδὴ
1216 1040 1336 1065 κάκεῖνοι
1351 1039 1398 1074 τῆς
1411 1040 1542 1075 πρότερον
1551 1031 1716 1070 ἀποστάντες
1731 1039 1798 1067 πλά-

1007 1094 1056 1120 νης
1088 1085 1283 1119 ἐπιγνώσονταί
1309 1094 1338 1112 τε
1371 1086 1401 1112 τὸ
1417 1086 1485 1118 δέον,
1504 1087 1551 1112 καὶ
1575 1086 1644 1121 μετὰ
1666 1086 1797 1121 λαμπρᾶς

1008 1129 1101 1165 ἐροῦσι
1123 1130 1172 1165 τῆς
1197 1130 1298 1165 φωνῆς,
1314 1131 1354 1157 ὅτι
1374 1131 1454 1162 αὐτὸς
1470 1131 1501 1165 δὴ
1520 1132 1599 1166 μόνος
1617 1131 1690 1157 ἐστὶν
1707 1130 1796 1156 αὐτῶν

1007 1175 1092 1206 ὄντως
1107 1175 1208 1211 Κύριός
1223 1183 1253 1201 τε
1268 1176 1314 1202 καὶ
1329 1175 1404 1207 Θεὸς,
1422 1177 1435 1202 ὀ
1451 1176 1504 1202 τῶν
1517 1176 1642 1203 ἁπάντων
1660 1177 1708 1211 μὲν
1723 1185 1797 1210 ποιη-

1009 1221 1058 1255 τὴς
1075 1221 1122 1247 καὶ
1136 1221 1278 1256 δεσπότης,
1294 1221 1361 1248 ἰδίαν
1371 1222 1400 1248 δὲ
1413 1223 1504 1254 αὐτοῖς
1516 1222 1618 1250 ἄνωθεν
1629 1223 1677 1258 τὴν
1693 1223 1796 1249 οἰκείαν

1010 1267 1105 1302 νείμας
1119 1267 1290 1302 κηδεμονίαν.

1339 1335 1415 1363 ΚΕΦ.
1431 1335 1467 1363 Γ¹.

1045 1393 1119 1427 Στιχ.
1148 1395 1183 1419 α’.
1207 1407 1242 1412 ——
1259 1402 1268 1418 ι
1288 1393 1343 1419 Καὶ
1369 1390 1430 1420 εἶπε
1458 1393 1559 1428 Κύριος
1583 1394 1651 1429 πρός
1672 1402 1718 1429 με,
1735 1393 1796 1420 Ἔτι

1010 1438 1157 1475 πορεύθητι
1168 1439 1214 1466 καὶ
1225 1439 1367 1475 ἀγάπησον
1384 1441 1501 1474 γυναῖκα
1523 1439 1674 1474 ἀγαπῶσαν
1690 1439 1797 1476 πονηρὰ

1011 1485 1058 1511 καὶ
1076 1485 1210 1520 μοιχαλίν·
1223 1485 1314 1517 καθὼς
1330 1486 1425 1521 ἀγαπᾷ
1435 1487 1448 1512 ὁ
1458 1485 1523 1517 Θεὸς
1535 1486 1609 1518 υἱοὺς
1617 1485 1734 1521 Ἰσραὴλ,
1748 1486 1796 1513 καὶ

1011 1532 1088 1558 αὐτοὶ
1099 1531 1296 1558 ἀποϐλέπουσιν
1309 1533 1354 1559 ἐπὶ
1361 1532 1439 1564 θεοὺς
1449 1532 1615 1568 ἀλλοτρίους,
1629 1533 1676 1559 καὶ
1690 1532 1796 1566 φιλοῦσι

1011 1578 1142 1612 πέμματα
1154 1577 1223 1613 μετὰ
1237 1577 1381 1612 σταφίδων.
1400 1587 1408 1603 ι
1423 1578 1539 1614 Εὔδηλον
1553 1578 1704 1610 δπολλάκις
1721 1579 1796 1613 είρή-

1009 1632 1098 1659 καμεν
1127 1623 1284 1655 κάντεῦθεν,
1310 1624 1351 1650 ὄτι
1369 1623 1405 1659 μὴ
1423 1623 1452 1650 ὲν
1472 1624 1633 1659 συγγραφῆς
1645 1623 1708 1650 είδει
1725 1623 1796 1650 κατὰ

1011 1670 1075 1704 μίαν
1099 1670 1231 1705 ἁρμονίαν
1262 1670 1467 1705 συγγέγραπται
1494 1669 1529 1696 τὰ
1548 1669 1603 1696 τῶν
1630 1669 1794 1704 προφητῶν·

1008 1716 1178 1751 διῃρημένως
1196 1715 1224 1742 δὲ
1239 1715 1277 1750 (p.
1294 1715 1339 1751 25)
1352 1716 1460 1751 εἴρηται
1471 1715 1541 1742 κατὰ
1553 1715 1597 1742 τὸν
1611 1715 1665 1742 τῶν
1691 1715 1796 1742 ἀποκα‹

1008 1761 1113 1796 λύψεων
1128 1758 1165 1788 ὧν
1184 1761 1309 1794 ἐδέξαντο
1319 1763 1414 1797 καιρόν
1426 1771 1432 1778 ·
1446 1762 1487 1796 ἐφ’
1502 1759 1545 1793 αἶς
1559 1761 1604 1788 καὶ
1619 1761 1654 1788 τὰ
1665 1762 1733 1797 πρὸς
1748 1762 1795 1788 τὸν

1008 1807 1073 1834 λαὸν
1103 1807 1258 1841 ἀναγκαίως
1279 1809 1448 1842 προσήγοντο
1474 1807 1562 1841 λέγειν
1584 1808 1641 1838 ταῖς
1657 1807 1795 1834 ἀποκαλύ-

1007 1854 1086 1888 ψεσιν
1100 1853 1226 1888 ἑπόμενοι
1241 1855 1302 1885 ταῖς
1326 1853 1412 1885 θείαις
1424 1861 1431 1868 ·
1447 1853 1566 1888 εἰρηκὼς
1581 1853 1634 1889 γὰρ
1648 1853 1697 1888 τὴν
1713 1853 1794 1888 λῆψιν

1007 1900 1056 1934 τῆς
1071 1900 1229 1926 κατ’ὲκεῖνα
1239 1899 1341 1930 εἰκόνος
1355 1900 1398 1925 ἐπ’
1411 1899 1519 1934 ἔλεγχον
1530 1899 1578 1926 τοῦ
1592 1899 1655 1926 λαοῦ
1667 1899 1793 1935 ῥηθέντα,

1007 1946 1118 1977 δικαίως
1132 1945 1228 1981 ἑτέραν
1243 1945 1414 1980 ἀποκάλυψιν
1426 1944 1541 1971 ἐνταῦθα
1551 1944 1684 1979 διηγεῖται
1702 1945 1794 1977 πάλιν,

1007 1992 1041 2027 ῆν
1050 1991 1122 2027 παρὰ
1132 1990 1199 2018 Θεοῦ
1209 1990 1353 2026 δεξάμενος
1364 1989 1499 2017 ἐκτίθεται
1508 1990 1663 2024 ἀναγκαίως
1671 1999 1677 2005 ·
1692 1991 1722 2016 τὸ
1729 1991 1795 2026 γὰρ,

1010 2048 1020 2063 ‹
1039 2036 1105 2065 Εῐπε
1119 2037 1220 2074 Κύριος
1234 2037 1301 2073 πρὸς
1316 2037 1360 2072 μὲ,
1378 2046 1388 2062 ι
1400 2036 1479 2063 τοῦτο
1489 2036 1573 2071 δηλοῖ,
1590 2036 1658 2063 Θεοῦ
1672 2037 1795 2070 λέγοντος

1007 2082 1077 2112 εἶναι
1113 2085 1204 2120 φωνὴν
1230 2084 1278 2119 τὴν
1311 2083 1496 2118 γεγενημένην
1526 2083 1694 2117 ἀποκάλυψιν
1720 2083 1795 2118 αὺτῷ

1008 2130 1110 2157 θειόθεν
1125 2138 1132 2145 ’
1160 2129 1242 2162 Εἶπεν
1261 2127 1307 2155 οὖν
1334 2137 1389 2163 μοι¹
1415 2128 1492 2162 φησὶ,
1512 2127 1575 2162 περὶ
1588 2129 1703 2161 γυναῖκα
1723 2128 1795 2163 ἔχειν

1010 2175 1152 2211 μοιχαλίδα
1177 2175 1224 2201 καὶ
1241 2174 1378 2201 παντοίων
1397 2173 1508 2208 ὲργάτιν
1521 2172 1614 2199 κακῶν
1625 2181 1632 2188 ·
1647 2173 1685 2204 ὡς
1702 2174 1734 2199 ἂν
1750 2174 1795 2208 μί-

973 2245 994 2272 D
1011 2231 1092 2258 μησις
1109 2222 1150 2257 εἴη
1163 2222 1210 2248 καὶ
1226 2220 1305 2247 τοῦτο
1321 2218 1499 2255 τῆςγνώμης,
1519 2219 1553 2254 ἣν
1565 2221 1630 2254 περὶ
1642 2220 1706 2251 τοὺς
1721 2220 1796 2252 υἱοὺς

979 2264 1121 2306 ξ”Ῑσραὴλ
1156 2268 1309 2299 ἀποσώζειν
1353 2265 1525 2299 ἐσπούδακα,
1549 2266 1623 2302 πάσῃ
1661 2266 1796 2302 μοχθηρίᾳ

1009 2315 1155 2346 συζῶντας,
1181 2313 1228 2339 καὶ
1252 2312 1324 2347 σαφῆ
1355 2311 1403 2346 τὴν
1431 2311 1536 2338 ἑαυτῶν
1557 2312 1796 2347 ἐπιδεικνυμένους

1010 2360 1150 2395 μοιχείαν·
1178 2358 1202 2384 οἳ
1233 2357 1298 2393 περὶ
1333 2357 1476 2393 διαφόρους
1509 2357 1693 2385 ἐσπουδάκασι
1718 2357 1795 2388 θεοὺς

1008 2406 1070 2436 τοὺς
1094 2403 1170 2439 παρὰ
1197 2405 1252 2435 τοῖς
1279 2403 1367 2430 ἔθνεσι
1387 2403 1563 2438 νομισθέντας
1590 2403 1706 2438 ψευδῶς,
1731 2404 1794 2438 περὶ

1009 2450 1106 2478 πολλοῦ
1120 2449 1275 2484 ποιούμενοι
1293 2449 1324 2476 τό
1340 2449 1390 2484 τὴν
1408 2449 1474 2484 παρ’
1489 2449 1580 2480 αὐτοῖς
1597 2448 1794 2483 νενομισμένην

1009 2496 1157 2530 θεραπείαν
1173 2495 1331 2530 προσάγειν·
1350 2494 1429 2521 τοῦτο
1443 2495 1497 2530 γὰρ
1506 2495 1580 2529 λέγει
1594 2494 1623 2521 τὸ
1635 2504 1644 2520 ι
1660 2494 1796 2530 πέμματα

1010 2542 1079 2576 μετὰ
1102 2541 1256 2574 σταφίδων·
1279 2550 1288 2566 ›
1308 2541 1351 2567 ’ίνα
1380 2541 1444 2576 εἴπῃ
1478 2541 1576 2575 ἄρτους
1595 2539 1642 2572 οὓς
1665 2541 1794 2572 ποικίλως

1008 2586 1257 2618 κατασκευάζοντες
1273 2585 1383 2620 σταφίσι
1395 2594 1424 2612 τε
1448 2586 1561 2617 καὶτοῖς
1573 2586 1733 2621 τραγήμασι
1751 2594 1796 2620 μι-

1007 2631 1130 2666 γνύντες,
1163 2632 1234 2659 κατά
1258 2641 1284 2658 τι
1310 2632 1365 2658 τῶν
1392 2632 1456 2667 περὶ
1487 2630 1571 2657 ταῦτα
1588 2632 1703 2666 ἐχόντων
1723 2631 1794 2663 ἔθος,

1009 2678 1175 2714 προσέφερον
1188 2679 1244 2710 τοῖς
1261 2677 1388 2709 εἰδώλοις·
1405 2677 1436 2703 τὺ
1451 2677 1504 2712 γὰρ
1520 2687 1529 2703 ι
1545 2678 1650 2710 φιλοῦσι
1663 2678 1795 2713 πέμματα

1010 2723 1079 2759 μετὰ
1099 2723 1246 2758 σταφίδων,
1265 2734 1273 2749 ι
1295 2724 1355 2750 ἀντὶ
1375 2722 1433 2754 τοῦ,
1455 2723 1487 2749 δι’
1501 2723 1596 2758 ἡδονῆς
1616 2724 1690 2749 ἐστιν
1702 2724 1794 2754 αὐτοῖς

1007 2769 1093 2796 ταῦτα
1104 2771 1190 2796 ποιεῖν
1203 2771 1248 2796 ἐπὶ
1257 2771 1324 2805 τιμῇ
1338 2769 1392 2796 τῶν
1408 2769 1535 2796 εἰδώλων.
1558 2769 1596 2804 (p.
1609 2769 1656 2804 26)
1672 2769 1750 2795 Ἔστι
1764 2769 1794 2794 δὲ

1008 2815 1082 2850 αὐτῷ
1093 2815 1126 2841 τὰ
1140 2815 1189 2850 μὲν
1203 2815 1323 2850 πρότερα
1340 2814 1471 2850 είρημένα
1484 2814 1551 2850 πρὸς
1569 2814 1678 2849 ἔλεγχον
1695 2813 1794 2849 μᾶλλον

1007 2860 1062 2888 τῶν
1075 2861 1140 2887 δέκα
1154 2861 1254 2895 φυλῶν·
1264 2861 1289 2887 οἳ
1302 2860 1527 2891 καταλελοιπότες
1541 2859 1586 2886 τὸν
1603 2860 1668 2886 θεὸν
1683 2861 1738 2891 τοίς
1754 2860 1792 2885 εί-

1008 2907 1101 2938 δώλοις
1118 2907 1260 2942 προσεῖχον
1270 2914 1276 2922 ·
1294 2906 1373 2933 ταυτὶ
1381 2905 1409 2932 δὲ
1424 2905 1492 2941 πρὸς
1508 2905 1616 2940 ἔλεγχον
1624 2905 1678 2932 τῶν
1694 2905 1727 2940 τῇ
1744 2903 1792 2939 βα-
