1947 3071
139 156 197 184 H5

676 151 951 182 COMMENTARIUS
969 150 1001 177 ΙΝ
1020 148 1122 178 οδελε
1141 149 1219 177 CAP.
1237 149 1280 177 ΙΙΙ.

1732 146 1783 177 HG

138 218 231 254 στλείᾳ
246 218 438 252 προσηκόντων
451 217 500 251 τῆς
517 215 649 247 ἰουδαίας
663 224 669 230 ·
686 215 711 242 οἳ
724 214 770 240 τὸν
786 214 850 241 ναὸν
866 213 930 248 ἕχον

995 210 1145 245 pertinent,
1161 209 1207 244 qui
1226 209 1254 236 in
1270 208 1371 235 Iudaeae
1392 215 1476 243 regno
1490 206 1617 253 vivebant
1635 215 1642 233 :
1663 213 1783 241 namque

137 273 188 296 τες
213 263 279 300 παρ¹
309 264 426 295 ἑαυτοῖς,
450 263 496 289 καὶ
514 262 547 297 δὴ
569 262 615 288 καί
636 270 695 288 τινα
716 260 833 295 σπουδὴν
852 260 896 286 διά
908 268 938 285 τε

138 309 326 344 πανηγύρεων
340 309 387 334 καὶ
397 307 497 334 Θυσιῶν
509 305 708 340 ἐνδεικνύμενοι
717 305 781 340 περὶ
792 304 838 330 τὸν
853 303 937 334 ὅντως

137 354 218 386 Θεὸν,
235 353 434 390 μοιχευομένης
457 353 536 387 δίκην
553 352 602 387 τὴν
619 351 683 386 περὶ
697 351 731 378 τὰ
746 350 844 377 εἴδωλα
858 350 938 385 θερα-

138 400 221 427 πείαν
251 400 386 434 συνῆπτον
422 401 454 435 τῇ
491 399 604 432 ἐνδείξει
634 399 684 434 τῆς
710 398 775 434 περὶ
806 397 837 424 τὺ
861 397 937 424 Θεῖον

138 447 273 482 σπουδῆς.

175 584 425 620 Στιχ.β’-ε’.-Εἶτα
437 585 520 619 λέγειΔ
538 595 546 612 ι
557 585 611 612 Καὶ
621 585 815 621 ἐμισθωσάμην
826 586 937 619 ἐμαυτῷ

138 632 223 658 πέντε
231 633 278 659 καὶ
285 632 351 659 δέκα
358 632 500 668 ἀργυρίου,
522 632 568 660 καὶ
574 633 662 668 γομορ
669 632 781 668 κριθῶν,
799 632 844 658 καὶ
858 631 935 658 νεὸὲλ

139 677 240 705 οῐνουῚ
320 678 496 714 ἀκριὸολογίᾳ
509 679 682 714 χρησάμενος
702 679 743 710 εἰς
758 678 874 713 δήλωσιν
887 678 934 704 τοῦ

131 754 138 759 ,
145 723 283 757 γεγονότος
291 723 385 755 ὅντως
395 724 541 758 ἀναγκαῖον
547 722 575 748 δέ
584 721 684 749 καὶτοῦ
696 731 704 748 ι
715 721 912 757 ἐμισθωσάμην
923 731 932 747 ν

141 770 172 796 τὸ
183 769 346 805 ὑπόδειγμα,
361 770 422 796 ἐπεὶ
429 769 476 796 καὶ
486 771 499 796 ὁ
511 769 577 800 Θεὸς
585 769 631 795 ἐπὶ
641 768 771 804 μεγάλαις
780 768 895 804 δωρεαῖς
902 776 933 794 τε

141 815 190 840 καὶ
204 814 309 849 μισθοῖς
320 815 383 845 τοὺς
401 813 543 848 Ἰουδαίους
558 813 645 848 ἑαυτῷ
661 812 789 847 συνῆψεν.
809 813 879 839 ιΚαὶ
894 811 935 839 εἷ-

141 868 193 886 πον
217 860 284 895 πρὸς
305 859 400 894 αὐτὴν,
418 858 537 895 Ἡμέρας
561 859 660 891 πολλὰς
678 859 777 895 καθίσῃ
798 859 842 885 ἐπ’
861 859 933 894 ἐμοὶ,

992 261 1019 284 et
1036 257 1075 288 bi,
1091 264 1249 292 quanquam
1266 255 1397 290 templum
1417 254 1489 289 apud
1510 262 1540 281 se
1555 247 1699 285 haberent,
1716 259 1782 279 nec-

994 311 1049 330 non
1067 303 1187 338 aliquam
1199 302 1404 330 observantiam
1423 301 1628 329 solemnitatum
1643 307 1675 326 ac
1694 299 1782 327 sacri-

993 349 1118 376 lieiorum
1147 356 1203 384 pm
1234 356 1264 376 se
1289 348 1397 375 ferrent
1425 347 1452 374 in
1470 347 1527 374 veri
1559 346 1607 374 Dei
1635 345 1779 377 honorem,

992 395 1175 422 nihilominus
1202 394 1291 421 instar
1314 393 1468 425 adulteras,
1490 393 1628 420 idolorum
1657 391 1779 423 cultum,

993 449 1056 468 cum
1080 441 1318 468 demonstratione
1340 439 1427 467 studii
1455 446 1520 474 erga
1551 438 1639 466 Deum
1671 438 1771 473 copula

991 486 1066 514 bant.

1029 586 1119 614 Vrsas.
1133 587 1192 614 “2-5.
1211 602 1244 607 -—
1263 594 1272 611 ι
1291 586 1324 612 Et
1349 585 1477 613 mercede
1501 584 1621 612 conduxi
1636 592 1695 612 eam
1712 584 1779 611 Inibi

993 633 1154 668 quindecim
1177 632 1326 666 argenteis,
1350 636 1377 658 et
1394 639 1462 658 coro
1480 630 1574 658 hordei
1600 638 1633 657 ac
1649 638 1779 657 mensura

990 679 1059 706 vini.
1082 687 1090 704 ι
1113 677 1216 704 Minuta
1243 677 1294 704 hac
1319 678 1458 704 locutione
1480 678 1567 703 utitur
1591 676 1625 703 ad
1647 683 1719 703 vera:
1740 676 1779 703 rei

989 729 1072 758 gestae
1082 723 1359 750 demonstrationem.
1372 722 1438 749 ltem
1455 730 1526 757 opus
1543 722 1594 748 fuit
1605 731 1615 747 ι
1627 720 1776 748 mercedis»

988 769 1125 804 exemplo,
1147 769 1211 804 quia
1233 768 1305 795 Deus
1329 776 1441 803 quoque
1463 768 1571 802 magnis
1591 767 1671 794 donis
1697 771 1782 801 atque

989 815 1162 842 mercedibus
1183 814 1293 842 Iudaeos
1312 814 1366 841 sibi
1385 813 1544 841 addixerat.
1564 823 1573 838 ι
1592 813 1708 848 Dixique
1728 812 1753 841 ei
1769 822 1778 840 :

989 860 1053 888 Dies
1072 861 1174 888 multus
1197 859 1372 895 exspectabis
1399 867 1462 891 me,
1487 864 1514 887 et
1539 867 1590 894 ego
1604 863 1649 892 te;
1676 864 1704 887 et
1722 854 1778 886 non

142 906 190 933 καὶ
202 905 257 940 ἐγὼ
270 906 317 932 ἐπὶ
332 907 384 937 σοὶ,
401 906 447 932 καὶ
461 905 491 931 οὺ
509 905 546 941 μὴ
560 904 723 942 πορνεύσῃς,
736 905 797 932 οὐδὲ
814 905 851 940 μὴ
867 905 930 941 γένῃ

985 906 1177 938 fornicaberis,
1197 914 1286 941 neque
1308 907 1368 933 viro
1385 906 1453 933 eris.
1483 915 1493 932 I
1516 905 1600 939 Quasi
1621 906 1692 933 Deus
1709 914 1778 941 quo-

139 952 229 988 ἀνδρί.
245 962 254 978 ι
284 952 326 984 Ὠς
344 952 377 979 ἂν
399 952 446 978 καὶ
467 951 514 978 τοῦ
540 951 608 978 Θεοῦ
627 952 677 978 οὐκ
696 953 738 978 ἐπ’
752 951 852 986 ὀλίγον,
876 952 933 979 ἀλλ’

139 999 187 1025 ἐπὶ
201 998 300 1034 μακρῷ
312 998 352 1034 τῷ
366 998 455 1034 χρόνῳ
467 997 610 1034 προσέχειν
625 1007 655 1024 τε
671 998 745 1034 αὐτῷ
760 998 935 1034 βουληθέντος

139 1046 203 1078 τοὺς
226 1046 385 1077 Ἰουδαίους.
409 1046 456 1073 καὶ
470 1046 520 1081 τὴν
535 1045 699 1081 κηδεμονίαν
714 1045 806 1078 αὐτοῖς
820 1045 935 1082 ὑποσχο-

143 1092 222 1127 μένου
241 1091 291 1126 τὴν
304 1091 425 1118 οἰκείαν·
446 1091 517 1118 οὓτω
535 1100 566 1118 τε
582 1092 682 1124 αὐτοὺς
703 1091 879 1127 βουληθέντος
896 1091 933 1128 μὴ

143 1136 261 1172 προςιτὰ
272 1136 370 1164 εἴδωλα
386 1137 484 1169 νεύειν,
502 1137 548 1163 ἐπὶ
562 1137 591 1164 δὲ
606 1137 656 1172 τῆς
671 1136 735 1172 περὶ
746 1137 828 1163 αὑτὸν
844 1137 934 1172 μένειν

139 1183 256 1215 εὐνοίας.
269 1180 335 1210 Εἶτα
344 1183 429 1217 λέγειν
446 1192 455 1208 ‹
467 1183 539 1209 Διὸτι
550 1183 604 1218 ἠμέ
609 1191 658 1219 ρας
667 1183 768 1214 πολλὰς
777 1183 933 1210 καθίσονται

139 1230 165 1256 oi.
181 1229 233 1256 υἱοὶ
252 1229 360 1265 Ἰσραὴλ
380 1230 430 1256 οὐκ
444 1229 519 1261 ὄντος
539 1229 681 1264 βασιλέως,
702 1229 762 1256 οὐδὲ
786 1229 861 1261 ὖντος
882 1229 932 1264 ἄρ-

139 1283 233 1310 χοντος
250 1275 288 1310 (p.
301 1275 359 1309 27),
374 1276 434 1302 οὐδὲ
450 1275 532 1311 οὔσης
549 1276 655 1308 θυσίας,
673 1276 733 1303 οὐδὲ
748 1276 824 1308 ὄντος
839 1276 933 1304 θυσια-

140 1321 263 1356 στηρίου,
279 1321 339 1348 οὐδὲ
357 1322 501 1357 ίερατείας,
515 1322 575 1349 οὐδὲ
590 1323 688 1358 δήλων.
703 1333 713 1348 ι
741 1324 784 1355 Ὠς
795 1323 850 1358 γὰρ
862 1324 933 1351 ἐκείσ

139 1376 189 1403 νης
203 1368 253 1395 οὐκ
265 1369 312 1395 ἐπὶ
325 1369 380 1395 τῶν
396 1369 536 1405 συνθηκῶν
551 1369 683 1405 μεινάσης
697 1370 751 1397 τῶν
767 1371 884 1403 οἰκείων,
898 1372 931 1407 τῇ

138 1413 167 1440 δὲ
184 1416 300 1451 πορνικῇ
316 1415 413 1452 γνώμῃ
426 1417 496 1452 πρὸς
509 1417 619 1452 ἑτέρους
633 1417 776 1452 νευσάσης,
789 1417 875 1450 οὕτως
889 1419 931 1444 ὲν-

139 1459 225 1486 ταῦθα
237 1460 323 1494 λέγει,
340 1460 534 1497 δτιΠαρόμοια
548 1462 581 1498 δὴ
596 1463 640 1489 καὶ
655 1462 709 1489 τῶν
723 1463 855 1490 Ἰουδαίων
868 1464 933 1499 περὶ

139 1503 190 1539 ἐμὲ
204 1505 403 1540 πεποιηκότων,
419 1507 555 1543 τιμωρίαν
569 1508 662 1540 αὐτοῖς
677 1508 808 1543 ἀνάλογον
826 1509 930 1543 ἐπάξω,

139 1550 182 1584 ἐφ’
195 1551 279 1587 ἱκανῷ
294 1552 342 1587 μὲν
352 1553 391 1588 τῷ
401 1553 488 1589 χρόνῳ
498 1554 636 1590 παραδοὺς
646 1555 831 1591 αἰχμαλωσίᾳ,
843 1565 931 1591 παρα-

140 1597 276 1630 σκευάσας
289 1598 317 1624 δὲ
331 1599 438 1626 πάντων
447 1599 501 1626 τῶν
515 1600 586 1627 κατὰ
598 1601 648 1636 τὴν
662 1601 753 1636 χώραν
766 1601 815 1635 τὴν
829 1603 931 1629 οἰκείαν

139 1643 260 1679 ἐρήμους
275 1641 345 1672 εἷναι
367 1645 524 1678 παντελῶς·
547 1646 585 1678 ὡς
610 1647 740 1682 βασιλέως
760 1648 808 1683 μὲν
830 1649 930 1675 οἰκείου

139 1689 220 1721 ἐκτὸς
238 1688 306 1717 εἶναι
323 1691 370 1717 καὶ
382 1691 521 1727 ἄρχοντος,
543 1692 591 1719 ἆτε
609 1693 654 1727 ὑφ’
666 1693 752 1729 ἑτέρῳ
766 1694 871 1728 βασιλεῖ
885 1703 925 1721 τε·

137 1735 307 1769 ταγμένους,
329 1733 405 1772 ᾧπερ
424 1737 614 1772 αἰχμαλώτους
633 1739 780 1773 γεγονότας
796 1739 931 1767 δουλεύειν

138 1780 244 1816 ἀνάγκη
256 1789 264 1795 ·
289 1782 462 1818 ἀφαιρεῖσθαι
484 1783 513 1810 δὲ
527 1783 616 1811 αὐτῶν
639 1784 750 1817 καὶτὰς
766 1785 860 1817 θυσίας
884 1787 931 1813 καὶ

138 1825 187 1860 τὴν
205 1827 252 1853 τοῦ
273 1827 466 1864 θυσιαστηρίου
481 1830 588 1866 χρείαν,
604 1830 651 1857 καὶ
665 1831 755 1858 πᾶσαν
769 1831 817 1867 τὴν
830 1833 931 1867 ἱερατιο

139 1872 190 1909 κήν
204 1872 390 1910 λειτουργίαν”
405 1875 449 1902 διὰ
461 1876 492 1902 τὸ
508 1877 652 1910 γεγονότας
665 1878 852 1913 αἰχμαλώτους
864 1879 931 1914 πόῤ-

140 1920 413 1956 ρωκαθεστάναιτῶν
421 1922 510 1949 τόπων
524 1923 552 1949 ὲν
564 1921 606 1955 οἷς
618 1924 766 1959 ἱερατεύειν
781 1924 841 1959 Θεῷ
855 1933 930 1951 νενο-

140 1967 270 2001 μισμένον
295 1966 416 2002 ὑπῆρχεν
430 1987 438 2000 ,
459 1968 583 2004 ἀμοιρεῖν
607 1969 635 1996 δὲ
661 1970 708 1996 καὶ
732 1971 782 2005 τῆς
806 1971 853 1997 ἐπὶ
873 1971 930 2003 τοῖς

138 2012 334 2047 ἀπορουμένοις
355 2013 400 2040 διὰ
416 2013 469 2040 τῶν
492 2015 639 2050 προφητῶν
656 2015 798 2051 δηλώσεως
813 2025 820 2032 ·
844 2014 929 2052 οὗπερ

138 2055 185 2084 οὖν
197 2058 327 2094 πρότερον
345 2059 492 2094 ἐτύγχανον
508 2060 648 2092 ποικίλως,
670 2071 679 2087 ε
693 2062 748 2088 Καὶ
762 2062 831 2097 μετὰ
843 2062 929 2090 ταῦτα

138 2102 346 2139 ἐπιστρέφουσιν
362 2106 386 2131 οἰ
398 2106 452 2132 υἱοὶ
474 2105 593 2142 Ἰσραὴλ,
604 2106 652 2133 καὶ
666 2105 812 2143 ζητήσουσι
827 2108 929 2144 Κύριον

138 2148 182 2175 τὸν
204 2149 271 2176 Θεὸν
289 2150 397 2183 αὐτῶν,
421 2151 469 2178 καὶ
490 2152 573 2178 Δαϐιδ
595 2152 642 2179 τὸν
661 2152 772 2187 βασιλέα
798 2153 898 2181 αὐτῶν.
915 2163 926 2180 ι

139 2195 302 2230 Τηνικαῦτα,
318 2197 416 2232 φησὶν,
439 2198 594 2234 αἰσθόμενοι
616 2199 671 2226 τῶν
696 2199 804 2227 οἰκείων
823 2199 926 2233 κακῶν,

985 961 1039 989 que
1054 961 1108 980 non
1130 953 1286 988 paulisper,
1307 953 1354 981 sed
1379 953 1512 980 diuturno
1527 957 1649 988 tempore
1668 953 1777 980 Judazos

984 999 1051 1026 velit
1068 999 1121 1026 sibi
1139 999 1300 1030 adhaerere,
1323 998 1426 1034 quibus
1446 997 1570 1025 vicissim
1586 1005 1681 1025 curam
1698 1006 1776 1025 suam

985 1046 1122 1082 promittit
1142 1055 1150 1073 :
1171 1046 1210 1073 ita
1229 1045 1368 1073 mandans
1382 1046 1532 1080 quominus
1550 1045 1584 1072 ad
1602 1045 1673 1072 idola
1693 1045 1779 1072 decli-

983 1096 1060 1126 nent,
1076 1092 1124 1120 sed
1142 1099 1208 1127 erga
1221 1100 1252 1120 se
1268 1091 1487 1119 benevolentiam
1511 1091 1659 1118 retineant.
1679 1091 1777 1119 Postea

984 1139 1051 1167 dicit
1078 1148 1085 1167 :
1107 1147 1116 1165 ι
1142 1138 1212 1172 Quia
1236 1139 1296 1166 dies
1317 1138 1419 1166 multos
1438 1137 1574 1165 sedebunt
1596 1137 1644 1164 [iiii
1667 1137 1776 1166 lsraelis

983 1186 1043 1214 sine
1058 1193 1134 1221 rege,
1152 1189 1180 1213 et
1195 1185 1256 1213 sine
1274 1185 1415 1220 principe,
1434 1189 1463 1212 et
1481 1185 1541 1212 sine
1558 1184 1611 1220 18
1627 1185 1774 1216 sacrilicio,

984 1238 1011 1261 et
1024 1233 1085 1260 sine
1107 1232 1200 1264 altari,
1216 1239 1250 1259 ac
1271 1232 1332 1259 sine
1358 1231 1641 1259 manifestationibus.
1662 1241 1671 1257 )
1694 1231 1776 1259 Nam-

984 1287 1049 1314 que,
1064 1279 1132 1306 utsi
1151 1278 1197 1305 illa
1214 1278 1314 1305 mulier
1330 1279 1358 1304 in
1380 1277 1484 1304 laedere
1501 1285 1553 1305 suo
1573 1285 1628 1304 non
1648 1285 1776 1312 perman-

984 1326 1083 1356 sisset,
1103 1324 1150 1352 sed
1167 1323 1328 1351 meretricio
1344 1323 1437 1350 animo
1455 1323 1488 1350 ad
1505 1323 1574 1350 alios
1592 1323 1774 1351 declinasset:

983 1371 1021 1399 ita
1033 1371 1078 1398 hic
1092 1371 1168 1403 dicit,
1188 1369 1216 1397 Si
1234 1370 1310 1405 paria
1325 1369 1412 1397 Judmi
1429 1369 1496 1397 mihi
1513 1369 1630 1397 fecerint
1642 1389 1649 1402 ,
1665 1377 1775 1405 ptenam

982 1417 1019 1444 iis
1044 1416 1156 1451 dignam
1190 1415 1353 1450 imponam,
1387 1415 1470 1450 longo
1503 1415 1615 1449 quidem
1652 1419 1777 1449 tempore

983 1462 1137 1497 captivitati
1164 1461 1299 1492 tradens,
1324 1464 1351 1488 et
1374 1461 1498 1488 omnium
1529 1459 1625 1495 patria:
1654 1460 1775 1495 regionis

984 1517 1076 1536 rerum
1095 1508 1202 1536 faciens
1218 1512 1330 1544 egentes
1351 1517 1357 1534 :
1379 1515 1444 1543 rege
1465 1507 1572 1534 scilicet
1591 1507 1634 1534 vel
1649 1507 1776 1541 principe

984 1555 1097 1590 proprio
1124 1555 1250 1590 expulso,
1275 1554 1398 1590 ipsisque
1422 1554 1501 1581 alteri
1525 1554 1581 1588 regi
1608 1554 1774 1588 suppositis,

983 1602 1028 1629 cui
1042 1602 1167 1636 captivos
1187 1601 1274 1629 factos
1288 1601 1392 1628 servire
1405 1608 1522 1628 necesse
1537 1601 1592 1627 erit
1611 1609 1617 1626 ι
1635 1600 1775 1635 simulque

982 1648 1086 1675 auferri
1107 1647 1307 1675 sacriﬁciorum
1338 1647 1437 1679 ritum,
1456 1652 1482 1673 et
1500 1646 1598 1675 altaris
1624 1653 1723 1677 usum,
1748 1650 1775 1672 et

982 1694 1153 1723 sacerdotale
1168 1701 1249 1721 omne
1263 1694 1461 1725 ministerium,
1478 1694 1542 1728 quia
1559 1691 1660 1728 captivi
1676 1691 1774 1727 procul

981 1742 1017 1770 iis
1035 1742 1104 1769 locis
1119 1741 1323 1772 consisterent,
1340 1740 1387 1768 ubi
1409 1739 1465 1768 Deo
1480 1747 1559 1767 sacra
1583 1739 1676 1767 facere
1688 1739 1775 1774 legiti-

982 1794 1059 1814 mum
1080 1790 1158 1818 erat,
1182 1791 1210 1813 et
1222 1785 1372 1814 dubiorum
1397 1793 1509 1820 quoque
1534 1784 1690 1816 solutione,
1711 1792 1774 1819 qua:

981 1833 1179 1868 prophetarum
1205 1841 1253 1860 ore
1276 1833 1376 1866 fiebat,
1398 1835 1539 1864 carerent,
1561 1839 1670 1867 quaque
1693 1836 1774 1859 antea

980 1878 1159 1906 multifariam
1178 1878 1350 1906 fruebantur.
1373 1888 1382 1904 ε
1402 1878 1434 1905 Et
1448 1882 1509 1914 post
1523 1878 1581 1905 [nec
1601 1881 1774 1905 revertentur

981 1923 1029 1951 ﬁlii
1042 1923 1163 1957 Israelis,
1175 1928 1204 1951 et
1223 1927 1348 1959 quaerent
1368 1923 1514 1951 Dominum
1536 1923 1621 1950 Deum
1637 1931 1729 1954 suum,
1745 1926 1773 1950 et

980 1968 1110 1996 Davidein
1135 1977 1224 2004 regem
1251 1977 1344 1997 suum.
1361 1979 1370 1994 ι
1396 1968 1486 2001 Tunc,
1509 1969 1608 2003 inquit,
1637 1969 1772 1995 malorum

980 2021 1092 2041 suorum
1113 2022 1198 2041 sensu
1219 2014 1304 2045 tacti,
1323 2014 1491 2041 sententiam
1511 2014 1772 2045 commutabunt,et

980 2058 1028 2086 Dei
1044 2059 1187 2086 scientiam
1200 2059 1359 2094 cultumque
1374 2059 1499 2087 studiose
1510 2059 1659 2087 ascisoent.
1674 2059 1727 2086 Sed
1744 2057 1771 2086 et

979 2113 1072 2139 regem
1098 2105 1200 2132 habere
1224 2106 1360 2140 optabunt
1385 2113 1419 2133 ex
1444 2105 1555 2132 Davidis
1579 2105 1769 2133 successione.

979 2151 1043 2179 Haec
1066 2152 1139 2179 enim
1163 2160 1212 2179 ceu
1238 2156 1300 2186 post
1321 2152 1440 2179 reditum
1459 2156 1592 2179 eventura
1612 2151 1689 2184 dicit,
1707 2159 1770 2177 cum

979 2199 1032 2226 sub
1058 2205 1113 2226 uno
1140 2206 1204 2233 rege
1229 2197 1396 2225 Zorobabele
1412 2198 1578 2225 exstiterunt
1601 2204 1707 2229 omnes,
1736 2203 1771 2223 ex

140 2241 351 2275 μετασαλοῦνται
365 2242 414 2278 τὴν
427 2243 554 2279 γνώμην,
570 2245 620 2280 τὴν
637 2244 684 2272 τοῦ
704 2245 771 2272 Θεοῦ
788 2245 925 2281 μετιόντες

984 2243 1082 2272 Davide
1105 2244 1220 2279 stirpem
1246 2244 1382 2277 ducente;
1399 2243 1525 2278 deposita
1548 2243 1605 2278 jam
1633 2242 1769 2270 sententia

138 2285 236 2319 γνῶσίν
250 2295 281 2314 τε
296 2287 343 2314 καὶ
365 2288 511 2324 θεραπείαν
527 2290 645 2326 σπουδῇ·
668 2291 714 2317 καὶ
734 2290 766 2326 δὴ
783 2291 830 2318 καὶ
847 2291 924 2326 βασι-

139 2330 185 2358 λέα
201 2331 356 2368 στέρξουσιν
368 2333 440 2369 ἔχειν
456 2335 500 2361 τὸν
513 2335 545 2362 ἐκ
559 2335 610 2371 τῆς
624 2336 672 2363 τοῦ
687 2336 770 2363 Δανῖδ
782 2337 906 2373 διαδοχῆς
916 2346 923 2352 ·

138 2377 176 2411 (p.
187 2377 233 2411 28)
250 2378 337 2406 ταῦτα
351 2380 405 2415 γὰρ
416 2380 453 2412 ὡς
465 2381 533 2416 μετὰ
544 2382 592 2417 τὴν
606 2382 735 2409 ἐπάνοδον
749 2383 865 2418 ἐσόμενα
880 2383 925 2410 λέ-

139 2430 198 2457 γει,
220 2424 265 2451 ὅτε
290 2425 335 2460 ὑφ’
351 2426 391 2453 ἑνὶ
415 2426 517 2461 βασιλεῖ
538 2427 577 2463 τῷ
600 2427 752 2464 Ζοροϐάϐελ
777 2429 924 2464 ἐτύγχανον

137 2467 252 2502 ἅπαντες
266 2472 299 2498 ὲκ
312 2471 359 2498 τοῦ
373 2472 455 2499 Δαυῒδ
469 2473 656 2509 καταγομένῳ,
674 2475 765 2501 οὐκέτι
779 2475 924 2510 ζηλοῦντες

137 2514 185 2550 τὴν
198 2515 310 2551 γνώμην
325 2518 444 2553 ἐκείνην,
469 2518 530 2545 καθ’
554 2519 587 2554 ἣν
608 2520 759 2547 ἀποστᾶσαν.
783 2521 833 2556 τῆς
848 2521 926 2556 βασι-

137 2560 209 2593 λείας
228 2562 282 2590 τῶν
308 2564 439 2600 διαδόχων
460 2565 507 2591 τοῦ
526 2566 659 2601 μακαρίου
678 2566 759 2593 Δαυῖδ
771 2587 779 2600 ,
803 2568 833 2594 αἱ
858 2568 925 2594 δέκα

137 2607 217 2640 φυλαὶ
230 2608 359 2642 βασιλέας
381 2611 484 2637 εἵλοντο
498 2612 617 2647 ἐτέρους.
648 2622 658 2638 ο
670 2613 725 2640 Καὶ
747 2614 925 2648 ἐκστήσονται

136 2652 181 2679 ἐπὶ
193 2655 248 2685 τοῖς
263 2655 377 2690 ἀγαθοῖς
398 2656 479 2683 αὑτοῦ
502 2658 546 2684 ἐπ’
562 2657 683 2693 ἐσχάτων
704 2659 757 2685 τῶν
774 2660 895 2695 ἡμερῶν.
911 2671 927 2686 ι-

136 2697 182 2730 εἰς
198 2699 327 2727 ἔκστασιν
341 2702 371 2728 δὲ
387 2704 603 2738 καταστήσονται
619 2705 719 2736 πάντες
735 2707 768 2740 τῇ
785 2706 922 2742 ὑπερϐολῇ

977 2291 1035 2322 illa,
1050 2298 1104 2326 qua
1119 2290 1184 2317 olim
1206 2298 1221 2317 a
1237 2289 1311 2317 beati
1328 2289 1440 2317 Davidis
1455 2290 1539 2324 regiis
1560 2288 1769 2316 successoribus

978 2336 1138 2364 deﬁcientes
1167 2336 1262 2364 decem
1288 2336 1392 2368 tribus,
1422 2336 1491 2363 alios
1518 2335 1571 2363 sibi
1600 2335 1767 2369 delegerant.

981 2391 991 2408 ‹
1011 2382 1045 2409 Εῑ
1072 2382 1223 2418 stupebunt
1252 2389 1335 2417 super
1362 2381 1442 2409 bonis
1466 2381 1527 2416 ejus
1555 2381 1583 2407 in
1610 2379 1769 2408 novissimis

978 2429 1085 2457 diebus.
1116 2439 1124 2455 I
1151 2428 1289 2456 Exstasim
1316 2427 1462 2464 quamdam
1495 2427 1634 2462 patientur
1673 2433 1769 2453 omnes

978 2481 1085 2502 summa
1102 2481 1194 2501 rerum
1216 2473 1414 2506 admiratione,
1435 2475 1597 2507 reputantes
1616 2471 1709 2506 qualia
1728 2471 1769 2498 illi

979 2524 1138 2556 quantaque
1156 2520 1228 2547 bona
1249 2527 1264 2546 a
1284 2518 1331 2546 Dei
1351 2518 1521 2553 providentia
1540 2517 1682 2545 consecuti
1700 2517 1766 2545 sint.

980 2568 1030 2596 His
1050 2567 1083 2594 ad
1103 2567 1257 2594 incolarum
1276 2564 1377 2593 Juda-ae
1403 2564 1643 2600 reprehensionem
1664 2563 1746 2590 dietis
1759 2583 1766 2595 .

978 2619 1151 2640 communem
1172 2611 1270 2639 deinde
1287 2611 1320 2638 ad
1335 2618 1433 2638 omnes
1452 2611 1603 2638 orationem
1620 2609 1766 2642 convertit,

978 2658 1060 2686 modo
1085 2658 1146 2691 bos,
1167 2657 1248 2684 modo
1273 2656 1345 2688 illos,
1371 2657 1453 2684 modo
1477 2659 1592 2682 cunctos
1616 2654 1697 2682 simul
1718 2653 1766 2680 ob-

974 2706 1101 2740 jurgans.

135 2743 178 2770 τοῦ
203 2744 358 2782 θαύματος,
379 2748 597 2784 ἀναλογιζόμενοι
615 2751 721 2777 ὁπόσων
742 2752 832 2783 αὐτοῖς
849 2751 959 2786 ἀγαθῶν
976 2750 1020 2778 διὰ
1035 2750 1085 2786 τῆς
1104 2750 1232 2784 προνοίας
1247 2748 1296 2784 τῆς
1309 2748 1395 2780 θείας,
1412 2748 1549 2782 ἐνεγένετο
1564 2748 1672 2781 τυχεῖν·
1691 2746 1720 2772 ἐν
1736 2744 1765 2770 δὲ

134 2791 235 2824 τούτοις
260 2793 309 2820 καὶ
327 2793 363 2820 τὰ
380 2794 447 2829 πρὸς
467 2794 577 2831 ἔλεγχον
598 2796 653 2823 τῶν
669 2798 740 2823 κατὰ
762 2797 811 2833 τὴν
832 2798 962 2825 Ἰουδαίαν
976 2796 1071 2828 εἰπὼν,
1088 2796 1175 2822 κοινὸν
1196 2794 1288 2821 λοιπὸν
1309 2795 1376 2830 προς
1394 2794 1515 2826 ἅπαντας
1530 2794 1645 2820 ποιεῖται
1661 2791 1705 2819 τὸν
1722 2790 1764 2817 λό-

135 2845 189 2870 γον,
204 2839 268 2866 ποτέ
292 2839 345 2875 μὲν
369 2839 490 2874 τούτους,
513 2842 577 2868 ποτε
599 2842 626 2869 δὲ
648 2843 778 2876 ἐκείνους,
795 2844 861 2871 ποτὲ
870 2844 897 2870 δὲ
912 2844 1032 2875 ἅπαντας
1049 2842 1167 2877 ἐλέγχων
1183 2842 1270 2876 κοινῇ.
