  <div class='ocr_page' id='page_1' title='image "/cluster/home/n/w/nwhite01/storage/ocr_20150623/66/njp.32101077772695/089.png"; bbox 0 0 1940 3064; ppageno 0'>
   <div class='ocr_carea' id='block_1_1' title="bbox 155 128 204 157">
    <p class='ocr_par' dir='ltr' id='par_1_1' title="bbox 155 128 204 157">
     <span class='ocr_line' id='line_1_1' title="bbox 155 128 204 157; baseline -0.02 0"><span class='ocrx_word' id='word_1_1' title='bbox 155 128 204 157; x_wconf 77' lang='lat' dir='ltr'><strong>N7</strong></span> 
     </span>
    </p>
   </div>
   <div class='ocr_carea' id='block_1_2' title="bbox 475 191 618 222">
    <p class='ocr_par' dir='ltr' id='par_1_2' title="bbox 475 191 618 222">
     <span class='ocr_line' id='line_1_2' title="bbox 475 191 618 222; baseline 0.021 -4"><span class='ocrx_word' id='word_1_2' title='bbox 475 191 552 221; x_wconf 79' lang='lat' dir='ltr'><strong>CAP.</strong></span> <span class='ocrx_word' id='word_1_3' title='bbox 572 192 618 222; x_wconf 82' lang='lat' dir='ltr'><strong>IV.</strong></span> 
     </span>
    </p>
   </div>
   <div class='ocr_carea' id='block_1_3' title="bbox 191 250 943 292">
    <p class='ocr_par' dir='ltr' id='par_1_3' title="bbox 191 250 943 292">
     <span class='ocr_line' id='line_1_3' title="bbox 191 250 943 292; baseline 0.013 -12"><span class='ocrx_word' id='word_1_4' title='bbox 191 252 273 282; x_wconf 74' lang='lat' dir='ltr'><strong>Vens.</strong></span> <span class='ocrx_word' id='word_1_5' title='bbox 290 250 352 282; x_wconf 52' lang='lat'><strong>4-5:</strong></span> <span class='ocrx_word' id='word_1_6' title='bbox 364 270 399 276; x_wconf 90' lang='lat'><strong>—-</strong></span> <span class='ocrx_word' id='word_1_7' title='bbox 415 257 468 292; x_wconf 78' lang='lat' dir='ltr'><strong>l9</strong></span> <span class='ocrx_word' id='word_1_8' title='bbox 484 257 587 286; x_wconf 90' lang='lat' dir='ltr'><strong>Idcirco</strong></span> <span class='ocrx_word' id='word_1_9' title='bbox 600 260 638 287; x_wconf 92' lang='lat' dir='ltr'><strong>ait</strong></span> <span class='ocrx_word' id='word_1_10' title='bbox 654 268 661 286; x_wconf 93' lang='lat'>:</span> <span class='ocrx_word' id='word_1_11' title='bbox 684 270 693 286; x_wconf 85' lang='grc'><em>‹</em></span> <span class='ocrx_word' id='word_1_12' title='bbox 717 261 816 289; x_wconf 86' lang='lat' dir='ltr'><strong>Audite</strong></span> <span class='ocrx_word' id='word_1_13' title='bbox 831 263 943 290; x_wconf 91' lang='lat' dir='ltr'><strong>verbum</strong></span> 
     </span>
    </p>
   </div>
   <div class='ocr_carea' id='block_1_4' title="bbox 154 300 945 340">
    <p class='ocr_par' dir='ltr' id='par_1_4' title="bbox 154 300 945 340">
     <span class='ocr_line' id='line_1_4' title="bbox 154 300 945 340; baseline 0.013 -15"><span class='ocrx_word' id='word_1_14' title='bbox 154 300 274 332; x_wconf 80' lang='lat' dir='ltr'><strong>Domini,</strong></span> <span class='ocrx_word' id='word_1_15' title='bbox 291 309 308 327; x_wconf 91' lang='lat' dir='ltr'><strong>o</strong></span> <span class='ocrx_word' id='word_1_16' title='bbox 325 301 432 330; x_wconf 85' lang='lat' dir='ltr'><strong>Israelis</strong></span> <span class='ocrx_word' id='word_1_17' title='bbox 449 304 508 336; x_wconf 84' lang='lat' dir='ltr'><strong>lilii,</strong></span> <span class='ocrx_word' id='word_1_18' title='bbox 526 306 588 338; x_wconf 83' lang='lat' dir='ltr'><strong>quia</strong></span> <span class='ocrx_word' id='word_1_19' title='bbox 601 305 735 340; x_wconf 82' lang='lat' dir='ltr'><strong>judicium</strong></span> <span class='ocrx_word' id='word_1_20' title='bbox 752 306 867 335; x_wconf 87' lang='lat' dir='ltr'><strong>Domino</strong></span> <span class='ocrx_word' id='word_1_21' title='bbox 883 316 945 335; x_wconf 85' lang='lat' dir='ltr'><strong>cum</strong></span> 
     </span>
    </p>
   </div>
   <div class='ocr_carea' id='block_1_5' title="bbox 157 345 945 386">
    <p class='ocr_par' dir='ltr' id='par_1_5' title="bbox 157 345 945 386">
     <span class='ocr_line' id='line_1_5' title="bbox 157 345 945 386; baseline 0.014 -16"><span class='ocrx_word' id='word_1_22' title='bbox 157 345 359 374; x_wconf 72' lang='lat' dir='ltr'><strong>habitatoribus</strong></span> <span class='ocrx_word' id='word_1_23' title='bbox 372 352 452 376; x_wconf 73' lang='lat' dir='ltr'><strong>tet-ne</strong></span> <span class='ocrx_word' id='word_1_24' title='bbox 468 359 474 376; x_wconf 92' lang='lat'><strong>:</strong></span> <span class='ocrx_word' id='word_1_25' title='bbox 496 358 550 377; x_wconf 89' lang='lat' dir='ltr'><strong>non</strong></span> <span class='ocrx_word' id='word_1_26' title='bbox 568 356 610 379; x_wconf 87' lang='lat' dir='ltr'><strong>est</strong></span> <span class='ocrx_word' id='word_1_27' title='bbox 624 352 697 379; x_wconf 90' lang='lat' dir='ltr'><strong>enim</strong></span> <span class='ocrx_word' id='word_1_28' title='bbox 714 353 825 386; x_wconf 84' lang='lat' dir='ltr'><strong>veritas,</strong></span> <span class='ocrx_word' id='word_1_29' title='bbox 845 359 872 381; x_wconf 87' lang='lat' dir='ltr'><strong>et</strong></span> <span class='ocrx_word' id='word_1_30' title='bbox 891 363 945 381; x_wconf 92' lang='lat' dir='ltr'><strong>non</strong></span> 
     </span>
    </p>
   </div>
   <div class='ocr_carea' id='block_1_6' title="bbox 154 393 946 432">
    <p class='ocr_par' dir='ltr' id='par_1_6' title="bbox 154 393 946 432">
     <span class='ocr_line' id='line_1_6' title="bbox 154 393 946 432; baseline 0.013 -14"><span class='ocrx_word' id='word_1_31' title='bbox 154 395 197 419; x_wconf 85' lang='lat' dir='ltr'><strong>est</strong></span> <span class='ocrx_word' id='word_1_32' title='bbox 214 393 413 426; x_wconf 86' lang='lat' dir='ltr'><strong>misericordia.</strong></span> <span class='ocrx_word' id='word_1_33' title='bbox 428 404 516 432; x_wconf 89' lang='lat' dir='ltr'><strong>neque</strong></span> <span class='ocrx_word' id='word_1_34' title='bbox 531 399 646 426; x_wconf 87' lang='lat' dir='ltr'><strong>scientia</strong></span> <span class='ocrx_word' id='word_1_35' title='bbox 662 399 709 426; x_wconf 83' lang='lat' dir='ltr'><strong>Dei</strong></span> <span class='ocrx_word' id='word_1_36' title='bbox 725 400 751 426; x_wconf 91' lang='lat' dir='ltr'><strong>iu</strong></span> <span class='ocrx_word' id='word_1_37' title='bbox 767 405 850 428; x_wconf 86' lang='lat' dir='ltr'><strong>terra.</strong></span> <span class='ocrx_word' id='word_1_38' title='bbox 863 402 946 429; x_wconf 85' lang='lat' dir='ltr'><strong>Male-</strong></span> 
     </span>
    </p>
   </div>
   <div class='ocr_carea' id='block_1_7' title="bbox 155 438 945 481">
    <p class='ocr_par' dir='ltr' id='par_1_7' title="bbox 155 438 945 481">
     <span class='ocr_line' id='line_1_7' title="bbox 155 438 945 481; baseline 0.014 -17"><span class='ocrx_word' id='word_1_39' title='bbox 155 438 270 471; x_wconf 84' lang='lat' dir='ltr'><strong>dictum,</strong></span> <span class='ocrx_word' id='word_1_40' title='bbox 283 445 310 467; x_wconf 90' lang='lat' dir='ltr'><strong>et</strong></span> <span class='ocrx_word' id='word_1_41' title='bbox 325 443 512 481; x_wconf 84' lang='lat' dir='ltr'><strong>mendacium,</strong></span> <span class='ocrx_word' id='word_1_42' title='bbox 528 448 555 471; x_wconf 81' lang='lat' dir='ltr'><strong>et</strong></span> <span class='ocrx_word' id='word_1_43' title='bbox 577 445 769 477; x_wconf 83' lang='lat' dir='ltr'><strong>homicidium,</strong></span> <span class='ocrx_word' id='word_1_44' title='bbox 786 451 813 474; x_wconf 93' lang='lat' dir='ltr'><strong>et</strong></span> <span class='ocrx_word' id='word_1_45' title='bbox 831 448 945 481; x_wconf 86' lang='lat' dir='ltr'><strong>lurtmn,</strong></span> 
     </span>
    </p>
   </div>
   <div class='ocr_carea' id='block_1_8' title="bbox 155 479 949 527">
    <p class='ocr_par' dir='ltr' id='par_1_8' title="bbox 155 479 949 527">
     <span class='ocr_line' id='line_1_8' title="bbox 155 479 949 527; baseline 0.013 -18"><span class='ocrx_word' id='word_1_46' title='bbox 155 488 183 510; x_wconf 82' lang='lat' dir='ltr'><strong>et</strong></span> <span class='ocrx_word' id='word_1_47' title='bbox 199 484 363 513; x_wconf 77' lang='lat' dir='ltr'><strong>adulterium</strong></span> <span class='ocrx_word' id='word_1_48' title='bbox 378 479 581 516; x_wconf 76' lang='lat' dir='ltr'><strong>inundaverant</strong></span> <span class='ocrx_word' id='word_1_49' title='bbox 600 494 711 523; x_wconf 89' lang='lat' dir='ltr'><strong>terram,</strong></span> <span class='ocrx_word' id='word_1_50' title='bbox 726 497 753 518; x_wconf 91' lang='lat' dir='ltr'><strong>et</strong></span> <span class='ocrx_word' id='word_1_51' title='bbox 763 493 875 527; x_wconf 81' lang='lat' dir='ltr'><strong>sanguis</strong></span> <span class='ocrx_word' id='word_1_52' title='bbox 888 500 949 521; x_wconf 47' lang='lat' dir='ltr'><strong>san.</strong></span> 
     </span>
    </p>
   </div>
   <div class='ocr_carea' id='block_1_9' title="bbox 157 529 945 573">
    <p class='ocr_par' dir='ltr' id='par_1_9' title="bbox 157 529 945 573">
     <span class='ocr_line' id='line_1_9' title="bbox 157 529 945 573; baseline 0.013 -18"><span class='ocrx_word' id='word_1_53' title='bbox 157 529 231 559; x_wconf 65' lang='lat' dir='ltr'><strong>guini</strong></span> <span class='ocrx_word' id='word_1_54' title='bbox 249 531 416 561; x_wconf 80' lang='lat' dir='ltr'><strong>commistus</strong></span> <span class='ocrx_word' id='word_1_55' title='bbox 438 538 489 559; x_wconf 86' lang='lat' dir='ltr'><strong>est.</strong></span> <span class='ocrx_word' id='word_1_56' title='bbox 510 543 519 559; x_wconf 74' lang='grc' dir='ltr'><strong>ι</strong></span> <span class='ocrx_word' id='word_1_57' title='bbox 549 535 616 568; x_wconf 78' lang='lat' dir='ltr'><strong>Age,</strong></span> <span class='ocrx_word' id='word_1_58' title='bbox 638 535 695 569; x_wconf 89' lang='lat' dir='ltr'><strong>jam</strong></span> <span class='ocrx_word' id='word_1_59' title='bbox 723 537 824 569; x_wconf 85' lang='lat' dir='ltr'><strong>audite,</strong></span> <span class='ocrx_word' id='word_1_60' title='bbox 848 538 945 573; x_wconf 88' lang='lat' dir='ltr'><strong>inquit,</strong></span> 
     </span>
    </p>
   </div>
   <div class='ocr_carea' id='block_1_10' title="bbox 155 575 948 618">
    <p class='ocr_par' dir='ltr' id='par_1_10' title="bbox 155 575 948 618">
     <span class='ocr_line' id='line_1_10' title="bbox 155 575 948 618; baseline 0.014 -17"><span class='ocrx_word' id='word_1_61' title='bbox 155 575 260 608; x_wconf 86' lang='lat' dir='ltr'><strong>judicio</strong></span> <span class='ocrx_word' id='word_1_62' title='bbox 277 577 418 604; x_wconf 68' lang='lat' dir='ltr'><strong>vobiscum</strong></span> <span class='ocrx_word' id='word_1_63' title='bbox 431 578 628 614; x_wconf 76' lang='lat' dir='ltr'><strong>disceptantem</strong></span> <span class='ocrx_word' id='word_1_64' title='bbox 646 581 742 615; x_wconf 84' lang='lat' dir='ltr'><strong>Deum,</strong></span> <span class='ocrx_word' id='word_1_65' title='bbox 760 587 842 618; x_wconf 83' lang='lat' dir='ltr'><strong>atque</strong></span> <span class='ocrx_word' id='word_1_66' title='bbox 859 589 948 612; x_wconf 86' lang='lat' dir='ltr'><strong>osten-</strong></span> 
     </span>
    </p>
   </div>
   <div class='ocr_carea' id='block_1_11' title="bbox 157 620 947 664">
    <p class='ocr_par' dir='ltr' id='par_1_11' title="bbox 157 620 947 664">
     <span class='ocr_line' id='line_1_11' title="bbox 157 620 947 664; baseline 0.015 -18"><span class='ocrx_word' id='word_1_67' title='bbox 157 620 266 648; x_wconf 87' lang='lat' dir='ltr'><strong>dentem</strong></span> <span class='ocrx_word' id='word_1_68' title='bbox 279 623 353 657; x_wconf 82' lang='lat' dir='ltr'><strong>quali</strong></span> <span class='ocrx_word' id='word_1_69' title='bbox 369 629 527 660; x_wconf 88' lang='lat' dir='ltr'><strong>quantaque</strong></span> <span class='ocrx_word' id='word_1_70' title='bbox 546 627 650 654; x_wconf 85' lang='lat' dir='ltr'><strong>malitia</strong></span> <span class='ocrx_word' id='word_1_71' title='bbox 671 628 871 663; x_wconf 79' lang='lat' dir='ltr'><strong>providentiam</strong></span> <span class='ocrx_word' id='word_1_72' title='bbox 887 631 947 664; x_wconf 88' lang='lat' dir='ltr'><strong>ejus</strong></span> 
     </span>
    </p>
   </div>
   <div class='ocr_carea' id='block_1_12' title="bbox 157 670 948 708">
    <p class='ocr_par' dir='ltr' id='par_1_12' title="bbox 157 670 948 708">
     <span class='ocr_line' id='line_1_12' title="bbox 157 670 948 708; baseline 0.014 -14"><span class='ocrx_word' id='word_1_73' title='bbox 157 670 326 696; x_wconf 88' lang='lat' dir='ltr'><strong>remunerati</strong></span> <span class='ocrx_word' id='word_1_74' title='bbox 346 670 417 698; x_wconf 86' lang='lat' dir='ltr'><strong>sitis.</strong></span> <span class='ocrx_word' id='word_1_75' title='bbox 445 671 531 699; x_wconf 76' lang='lat' dir='ltr'><strong>Nemo</strong></span> <span class='ocrx_word' id='word_1_76' title='bbox 556 674 657 708; x_wconf 90' lang='lat' dir='ltr'><strong>quippe</strong></span> <span class='ocrx_word' id='word_1_77' title='bbox 678 679 799 703; x_wconf 81' lang='lat' dir='ltr'><strong>vestrum</strong></span> <span class='ocrx_word' id='word_1_78' title='bbox 825 677 948 706; x_wconf 84' lang='lat' dir='ltr'><strong>veritatis</strong></span> 
     </span>
    </p>
   </div>
   <div class='ocr_carea' id='block_1_13' title="bbox 158 715 948 757">
    <p class='ocr_par' dir='ltr' id='par_1_13' title="bbox 158 715 948 757">
     <span class='ocr_line' id='line_1_13' title="bbox 158 715 948 757; baseline 0.014 -18"><span class='ocrx_word' id='word_1_79' title='bbox 158 721 253 740; x_wconf 86' lang='lat' dir='ltr'><strong>curam</strong></span> <span class='ocrx_word' id='word_1_80' title='bbox 266 715 344 750; x_wconf 76' lang='lat' dir='ltr'><strong>gerit,</strong></span> <span class='ocrx_word' id='word_1_81' title='bbox 363 725 453 752; x_wconf 87' lang='lat' dir='ltr'><strong>neque</strong></span> <span class='ocrx_word' id='word_1_82' title='bbox 473 718 556 745; x_wconf 84' lang='lat' dir='ltr'><strong>ullam</strong></span> <span class='ocrx_word' id='word_1_83' title='bbox 579 719 723 748; x_wconf 88' lang='lat' dir='ltr'><strong>charitalis</strong></span> <span class='ocrx_word' id='word_1_84' title='bbox 740 729 803 757; x_wconf 80' lang='lat' dir='ltr'><strong>erga</strong></span> <span class='ocrx_word' id='word_1_85' title='bbox 824 722 948 750; x_wconf 81' lang='lat' dir='ltr'><strong>homines</strong></span> 
     </span>
    </p>
   </div>
   <div class='ocr_carea' id='block_1_14' title="bbox 159 758 949 802">
    <p class='ocr_par' dir='ltr' id='par_1_14' title="bbox 159 758 949 802">
     <span class='ocr_line' id='line_1_14' title="bbox 159 758 949 802; baseline 0.015 -18"><span class='ocrx_word' id='word_1_86' title='bbox 159 758 291 787; x_wconf 90' lang='lat' dir='ltr'><strong>rationem</strong></span> <span class='ocrx_word' id='word_1_87' title='bbox 305 761 387 789; x_wconf 82' lang='lat' dir='ltr'><strong>habet</strong></span> <span class='ocrx_word' id='word_1_88' title='bbox 405 772 410 789; x_wconf 93' lang='lat'><strong>:</strong></span> <span class='ocrx_word' id='word_1_89' title='bbox 428 764 564 798; x_wconf 87' lang='lat' dir='ltr'><strong>siquidem</strong></span> <span class='ocrx_word' id='word_1_90' title='bbox 582 774 616 793; x_wconf 86' lang='lat' dir='ltr'><strong>ue</strong></span> <span class='ocrx_word' id='word_1_91' title='bbox 634 766 668 794; x_wconf 88' lang='lat' dir='ltr'><strong>de</strong></span> <span class='ocrx_word' id='word_1_92' title='bbox 684 767 850 802; x_wconf 78' lang='lat' dir='ltr'><strong>Deiquidem</strong></span> <span class='ocrx_word' id='word_1_93' title='bbox 863 769 949 796; x_wconf 87' lang='lat' dir='ltr'><strong>scien-</strong></span> 
     </span>
    </p>
   </div>
   <div class='ocr_carea' id='block_1_15' title="bbox 159 805 949 849">
    <p class='ocr_par' dir='ltr' id='par_1_15' title="bbox 159 805 949 849">
     <span class='ocr_line' id='line_1_15' title="bbox 159 805 949 849; baseline 0.015 -19"><span class='ocrx_word' id='word_1_94' title='bbox 159 805 195 831; x_wconf 89' lang='lat' dir='ltr'><strong>tia</strong></span> <span class='ocrx_word' id='word_1_95' title='bbox 211 806 321 834; x_wconf 89' lang='lat' dir='ltr'><strong>solliciti</strong></span> <span class='ocrx_word' id='word_1_96' title='bbox 336 809 421 842; x_wconf 82' lang='lat' dir='ltr'><strong>estis;</strong></span> <span class='ocrx_word' id='word_1_97' title='bbox 440 810 487 837; x_wconf 89' lang='lat' dir='ltr'><strong>sed</strong></span> <span class='ocrx_word' id='word_1_98' title='bbox 503 810 579 838; x_wconf 79' lang='lat' dir='ltr'><strong>fraus</strong></span> <span class='ocrx_word' id='word_1_99' title='bbox 596 817 624 839; x_wconf 93' lang='lat' dir='ltr'><strong>ct</strong></span> <span class='ocrx_word' id='word_1_100' title='bbox 639 814 819 840; x_wconf 86' lang='lat' dir='ltr'><strong>exsecrabilia</strong></span> <span class='ocrx_word' id='word_1_101' title='bbox 836 822 949 849; x_wconf 83' lang='lat' dir='ltr'><strong>prorsus</strong></span> 
     </span>
    </p>
   </div>
   <div class='ocr_carea' id='block_1_16' title="bbox 724 135 1188 178">
    <p class='ocr_par' dir='ltr' id='par_1_16' title="bbox 724 135 1188 178">
     <span class='ocr_line' id='line_1_16' title="bbox 724 135 1188 178; baseline 0.013 -15"><span class='ocrx_word' id='word_1_102' title='bbox 724 175 727 178; x_wconf 79' lang='lat'><em>_</em></span> <span class='ocrx_word' id='word_1_103' title='bbox 753 135 926 165; x_wconf 78' lang='lat' dir='ltr'><strong>THEODORI</strong></span> <span class='ocrx_word' id='word_1_104' title='bbox 947 139 1188 170; x_wconf 80' lang='lat' dir='ltr'><strong>MOPSUESTENI</strong></span> 
     </span>
    </p>
   </div>
   <div class='ocr_carea' id='block_1_17' title="bbox 1734 145 1787 176">
    <p class='ocr_par' dir='ltr' id='par_1_17' title="bbox 1734 145 1787 176">
     <span class='ocr_line' id='line_1_17' title="bbox 1734 145 1787 176; baseline 0.038 -2"><span class='ocrx_word' id='word_1_105' title='bbox 1734 145 1787 176; x_wconf 66' lang='grc' dir='ltr'><strong>με</strong></span> 
     </span>
    </p>
   </div>
   <div class='ocr_carea' id='block_1_18' title="bbox 1312 203 1449 231">
    <p class='ocr_par' dir='ltr' id='par_1_18' title="bbox 1312 203 1449 231">
     <span class='ocr_line' id='line_1_18' title="bbox 1312 203 1449 231; baseline 0 -1"><span class='ocrx_word' id='word_1_106' title='bbox 1312 203 1391 231; x_wconf 68' lang='grc' dir='ltr'><strong>ΚΕιῐι.</strong></span> <span class='ocrx_word' id='word_1_107' title='bbox 1412 205 1449 230; x_wconf 85' lang='grc' dir='ltr'><strong>Δ¹.</strong></span> 
     </span>
    </p>
   </div>
   <div class='ocr_carea' id='block_1_19' title="bbox 1033 268 1786 307">
    <p class='ocr_par' dir='ltr' id='par_1_19' title="bbox 1033 268 1786 307">
     <span class='ocr_line' id='line_1_19' title="bbox 1033 268 1786 307; baseline 0.004 -12"><span class='ocrx_word' id='word_1_108' title='bbox 1033 268 1105 303; x_wconf 82' lang='grc' dir='ltr'>Στίχ,</span> <span class='ocrx_word' id='word_1_109' title='bbox 1120 273 1184 297; x_wconf 62' lang='grc' dir='ltr'>ια’-ε’,</span> <span class='ocrx_word' id='word_1_110' title='bbox 1197 285 1230 290; x_wconf 77' lang='lat'><strong>—~</strong></span> <span class='ocrx_word' id='word_1_111' title='bbox 1243 270 1288 297; x_wconf 87' lang='grc' dir='ltr'>Διὸ</span> <span class='ocrx_word' id='word_1_112' title='bbox 1300 280 1390 306; x_wconf 80' lang='grc' dir='ltr'>φησιν·</span> <span class='ocrx_word' id='word_1_113' title='bbox 1405 282 1414 298; x_wconf 83' lang='grc'>‹</span> <span class='ocrx_word' id='word_1_114' title='bbox 1426 271 1572 299; x_wconf 78' lang='grc' dir='ltr'>’Λκούσατε</span> <span class='ocrx_word' id='word_1_115' title='bbox 1583 271 1660 305; x_wconf 80' lang='grc' dir='ltr'>λόγον</span> <span class='ocrx_word' id='word_1_116' title='bbox 1671 270 1786 307; x_wconf 77' lang='grc' dir='ltr'>Κυρίου,</span> 
     </span>
    </p>
   </div>
   <div class='ocr_carea' id='block_1_20' title="bbox 997 316 1787 353">
    <p class='ocr_par' dir='ltr' id='par_1_20' title="bbox 997 316 1787 353">
     <span class='ocr_line' id='line_1_20' title="bbox 997 316 1787 353; baseline 0.001 -11"><span class='ocrx_word' id='word_1_117' title='bbox 997 316 1049 342; x_wconf 81' lang='grc' dir='ltr'>υἱοὶ</span> <span class='ocrx_word' id='word_1_118' title='bbox 1071 316 1180 352; x_wconf 79' lang='grc' dir='ltr'>Ἰσραὴλ</span> <span class='ocrx_word' id='word_1_119' title='bbox 1193 337 1200 348; x_wconf 89' lang='lat'><strong>,</strong></span> <span class='ocrx_word' id='word_1_120' title='bbox 1225 318 1264 343; x_wconf 80' lang='grc' dir='ltr'>ὅτι</span> <span class='ocrx_word' id='word_1_121' title='bbox 1279 318 1368 352; x_wconf 82' lang='grc' dir='ltr'>κρίσις</span> <span class='ocrx_word' id='word_1_122' title='bbox 1384 318 1424 353; x_wconf 84' lang='grc' dir='ltr'>τῷ</span> <span class='ocrx_word' id='word_1_123' title='bbox 1446 318 1540 353; x_wconf 80' lang='grc' dir='ltr'>Κυρίῳ</span> <span class='ocrx_word' id='word_1_124' title='bbox 1559 318 1628 353; x_wconf 85' lang='grc' dir='ltr'>πρὺς</span> <span class='ocrx_word' id='word_1_125' title='bbox 1641 317 1703 348; x_wconf 78' lang='grc' dir='ltr'>τοὺς</span> <span class='ocrx_word' id='word_1_126' title='bbox 1718 325 1787 344; x_wconf 84' lang='grc' dir='ltr'>κατ-</span> 
     </span>
    </p>
   </div>
   <div class='ocr_carea' id='block_1_21' title="bbox 996 362 1786 398">
    <p class='ocr_par' dir='ltr' id='par_1_21' title="bbox 996 362 1786 398">
     <span class='ocr_line' id='line_1_21' title="bbox 996 362 1786 398; baseline 0 -10"><span class='ocrx_word' id='word_1_127' title='bbox 996 362 1137 394; x_wconf 72' lang='grc' dir='ltr'>οεκοῦντας</span> <span class='ocrx_word' id='word_1_128' title='bbox 1158 363 1207 398; x_wconf 84' lang='grc' dir='ltr'>τὴν</span> <span class='ocrx_word' id='word_1_129' title='bbox 1231 363 1302 397; x_wconf 81' lang='grc' dir='ltr'>γῆν·</span> <span class='ocrx_word' id='word_1_130' title='bbox 1326 363 1392 389; x_wconf 70' lang='grc' dir='ltr'>διότι</span> <span class='ocrx_word' id='word_1_131' title='bbox 1416 364 1466 390; x_wconf 71' lang='grc' dir='ltr'>οὐκ</span> <span class='ocrx_word' id='word_1_132' title='bbox 1483 363 1557 390; x_wconf 78' lang='grc' dir='ltr'>ἔστιν</span> <span class='ocrx_word' id='word_1_133' title='bbox 1579 362 1702 398; x_wconf 80' lang='grc' dir='ltr'>ἀλήθεια,</span> <span class='ocrx_word' id='word_1_134' title='bbox 1727 362 1786 389; x_wconf 73' lang='grc' dir='ltr'>οὐδὲ</span> 
     </span>
    </p>
   </div>
   <div class='ocr_carea' id='block_1_22' title="bbox 997 407 1787 444">
    <p class='ocr_par' dir='ltr' id='par_1_22' title="bbox 997 407 1787 444">
     <span class='ocr_line' id='line_1_22' title="bbox 997 407 1787 444; baseline 0.001 -11"><span class='ocrx_word' id='word_1_135' title='bbox 997 407 1079 439; x_wconf 82' lang='grc' dir='ltr'>ἕλεος,</span> <span class='ocrx_word' id='word_1_136' title='bbox 1097 409 1157 434; x_wconf 70' lang='grc' dir='ltr'><strong>οὐδὲ</strong></span> <span class='ocrx_word' id='word_1_137' title='bbox 1181 408 1327 442; x_wconf 84' lang='grc' dir='ltr'>ἐπίγνωσις</span> <span class='ocrx_word' id='word_1_138' title='bbox 1343 408 1411 436; x_wconf 76' lang='grc' dir='ltr'>Θεοῦ</span> <span class='ocrx_word' id='word_1_139' title='bbox 1429 410 1477 435; x_wconf 68' lang='grc' dir='ltr'><strong>ἐπὶ</strong></span> <span class='ocrx_word' id='word_1_140' title='bbox 1495 409 1544 444; x_wconf 81' lang='grc' dir='ltr'>τῆς</span> <span class='ocrx_word' id='word_1_141' title='bbox 1560 408 1612 443; x_wconf 83' lang='grc' dir='ltr'>γῆς</span> <span class='ocrx_word' id='word_1_142' title='bbox 1624 416 1631 424; x_wconf 63' lang='grc' dir='ltr'>θ</span> <span class='ocrx_word' id='word_1_143' title='bbox 1660 407 1716 443; x_wconf 79' lang='grc' dir='ltr'>ἀρὰ</span> <span class='ocrx_word' id='word_1_144' title='bbox 1739 408 1787 434; x_wconf 63' lang='grc' dir='ltr'>καὶ</span> 
     </span>
    </p>
   </div>
   <div class='ocr_carea' id='block_1_23' title="bbox 997 451 1789 488">
    <p class='ocr_par' dir='ltr' id='par_1_23' title="bbox 997 451 1789 488">
     <span class='ocr_line' id='line_1_23' title="bbox 997 451 1789 488; baseline 0.003 -12"><span class='ocrx_word' id='word_1_145' title='bbox 997 451 1103 482; x_wconf 63' lang='grc' dir='ltr'>ψεῦδος,</span> <span class='ocrx_word' id='word_1_146' title='bbox 1115 451 1161 478; x_wconf 73' lang='grc' dir='ltr'>καὶ</span> <span class='ocrx_word' id='word_1_147' title='bbox 1175 452 1263 486; x_wconf 78' lang='grc' dir='ltr'>φόνος,</span> <span class='ocrx_word' id='word_1_148' title='bbox 1274 453 1321 479; x_wconf 78' lang='grc' dir='ltr'>καὶ</span> <span class='ocrx_word' id='word_1_149' title='bbox 1334 452 1432 488; x_wconf 78' lang='grc' dir='ltr'>κλοπὴ,</span> <span class='ocrx_word' id='word_1_150' title='bbox 1441 453 1487 479; x_wconf 75' lang='grc' dir='ltr'>καὶ</span> <span class='ocrx_word' id='word_1_151' title='bbox 1500 453 1607 488; x_wconf 78' lang='grc' dir='ltr'><strong>μοιχεία</strong></span> <span class='ocrx_word' id='word_1_152' title='bbox 1621 453 1731 488; x_wconf 79' lang='grc' dir='ltr'><strong>κέχυται</strong></span> <span class='ocrx_word' id='word_1_153' title='bbox 1742 452 1789 478; x_wconf 79' lang='grc' dir='ltr'><strong>ἐπὶ</strong></span> 
     </span>
    </p>
   </div>
   <div class='ocr_carea' id='block_1_24' title="bbox 998 496 1790 534">
    <p class='ocr_par' dir='ltr' id='par_1_24' title="bbox 998 496 1790 534">
     <span class='ocr_line' id='line_1_24' title="bbox 998 496 1790 534; baseline 0.001 -12"><span class='ocrx_word' id='word_1_154' title='bbox 998 496 1047 531; x_wconf 79' lang='grc' dir='ltr'>τῆς</span> <span class='ocrx_word' id='word_1_155' title='bbox 1060 497 1121 531; x_wconf 82' lang='grc' dir='ltr'>γῆς,</span> <span class='ocrx_word' id='word_1_156' title='bbox 1142 497 1189 523; x_wconf 68' lang='grc' dir='ltr'>καὶ</span> <span class='ocrx_word' id='word_1_157' title='bbox 1203 497 1307 532; x_wconf 78' lang='grc' dir='ltr'><strong>αἵματα</strong></span> <span class='ocrx_word' id='word_1_158' title='bbox 1328 498 1370 532; x_wconf 77' lang='grc' dir='ltr'><strong>ἐφ’</strong></span> <span class='ocrx_word' id='word_1_159' title='bbox 1387 499 1486 532; x_wconf 78' lang='grc' dir='ltr'>αἵμασι</span> <span class='ocrx_word' id='word_1_160' title='bbox 1503 499 1657 534; x_wconf 88' lang='grc' dir='ltr'>μίσγουσιν.</span> <span class='ocrx_word' id='word_1_161' title='bbox 1673 508 1682 524; x_wconf 77' lang='grc' dir='ltr'><strong>ι</strong></span> <span class='ocrx_word' id='word_1_162' title='bbox 1708 497 1790 524; x_wconf 78' lang='grc' dir='ltr'><strong>Ἀλλὰ</strong></span> 
     </span>
    </p>
   </div>
   <div class='ocr_carea' id='block_1_25' title="bbox 998 541 1789 579">
    <p class='ocr_par' dir='ltr' id='par_1_25' title="bbox 998 541 1789 579">
     <span class='ocr_line' id='line_1_25' title="bbox 998 541 1789 579; baseline -0.001 -11"><span class='ocrx_word' id='word_1_163' title='bbox 998 543 1052 577; x_wconf 68' lang='grc' dir='ltr'><strong>γὰρ</strong></span> <span class='ocrx_word' id='word_1_164' title='bbox 1076 542 1122 568; x_wconf 80' lang='grc' dir='ltr'><strong>ἐπὶ</strong></span> <span class='ocrx_word' id='word_1_165' title='bbox 1147 542 1262 575; x_wconf 78' lang='grc' dir='ltr'><strong>τούτοις,</strong></span> <span class='ocrx_word' id='word_1_166' title='bbox 1286 544 1386 578; x_wconf 58' lang='grc' dir='ltr'>φησιν,</span> <span class='ocrx_word' id='word_1_167' title='bbox 1409 543 1544 570; x_wconf 83' lang='grc' dir='ltr'>ἀκούσατε</span> <span class='ocrx_word' id='word_1_168' title='bbox 1559 543 1718 579; x_wconf 79' lang='grc' dir='ltr'>κρινομένου</span> <span class='ocrx_word' id='word_1_169' title='bbox 1741 541 1789 568; x_wconf 83' lang='grc' dir='ltr'>τοῦ</span> 
     </span>
    </p>
   </div>
   <div class='ocr_carea' id='block_1_26' title="bbox 998 587 1790 623">
    <p class='ocr_par' dir='ltr' id='par_1_26' title="bbox 998 587 1790 623">
     <span class='ocr_line' id='line_1_26' title="bbox 998 587 1790 623; baseline 0 -9"><span class='ocrx_word' id='word_1_170' title='bbox 998 587 1064 614; x_wconf 74' lang='grc' dir='ltr'>Θεοῦ</span> <span class='ocrx_word' id='word_1_171' title='bbox 1083 588 1150 623; x_wconf 80' lang='grc' dir='ltr'>πρὸς</span> <span class='ocrx_word' id='word_1_172' title='bbox 1166 589 1237 623; x_wconf 78' lang='grc' dir='ltr'>ὑμᾶς</span> <span class='ocrx_word' id='word_1_173' title='bbox 1251 589 1298 614; x_wconf 74' lang='grc' dir='ltr'>καὶ</span> <span class='ocrx_word' id='word_1_174' title='bbox 1319 588 1471 620; x_wconf 80' lang='grc' dir='ltr'>δεικνύντος</span> <span class='ocrx_word' id='word_1_175' title='bbox 1485 588 1552 620; x_wconf 80' lang='grc' dir='ltr'>οἵοις</span> <span class='ocrx_word' id='word_1_176' title='bbox 1566 597 1596 614; x_wconf 89' lang='grc' dir='ltr'><strong>τε</strong></span> <span class='ocrx_word' id='word_1_177' title='bbox 1619 588 1667 614; x_wconf 62' lang='grc' dir='ltr'><strong>καὶ⁸</strong></span> <span class='ocrx_word' id='word_1_178' title='bbox 1686 587 1790 623; x_wconf 78' lang='grc' dir='ltr'>ἡλίκοις</span> 
     </span>
    </p>
   </div>
   <div class='ocr_carea' id='block_1_27' title="bbox 998 632 1792 669">
    <p class='ocr_par' dir='ltr' id='par_1_27' title="bbox 998 632 1792 669">
     <span class='ocr_line' id='line_1_27' title="bbox 998 632 1792 669; baseline -0.001 -10"><span class='ocrx_word' id='word_1_179' title='bbox 998 633 1081 660; x_wconf 80' lang='grc' dir='ltr'>αὑτοῦ</span> <span class='ocrx_word' id='word_1_180' title='bbox 1102 633 1152 669; x_wconf 83' lang='grc' dir='ltr'>τὴν</span> <span class='ocrx_word' id='word_1_181' title='bbox 1168 634 1330 669; x_wconf 81' lang='grc' dir='ltr'><strong>κηδεμονίαν</strong></span> <span class='ocrx_word' id='word_1_182' title='bbox 1347 634 1499 669; x_wconf 70' lang='grc' dir='ltr'><strong>ἠμείψασθε</strong></span> <span class='ocrx_word' id='word_1_183' title='bbox 1516 635 1628 665; x_wconf 87' lang='grc' dir='ltr'>κακοῖς’</span> <span class='ocrx_word' id='word_1_184' title='bbox 1652 632 1792 668; x_wconf 73' lang='grc' dir='ltr'>φροντίζει</span> 
     </span>
    </p>
   </div>
   <div class='ocr_carea' id='block_1_28' title="bbox 1001 679 1792 722">
    <p class='ocr_par' dir='ltr' id='par_1_28' title="bbox 1001 679 1792 722">
     <span class='ocr_line' id='line_1_28' title="bbox 1001 679 1792 722; baseline 0 -16"><span class='ocrx_word' id='word_1_185' title='bbox 1001 680 1053 715; x_wconf 81' lang='grc' dir='ltr'>μὲν</span> <span class='ocrx_word' id='word_1_186' title='bbox 1064 680 1118 716; x_wconf 90' lang='grc' dir='ltr'><strong>γὰρ</strong></span> <span class='ocrx_word' id='word_1_187' title='bbox 1129 681 1257 716; x_wconf 81' lang='grc' dir='ltr'><strong>ἀληθείας</strong></span> <span class='ocrx_word' id='word_1_188' title='bbox 1269 681 1358 712; x_wconf 70' lang='grc' dir='ltr'>οὐδεὶς</span> <span class='ocrx_word' id='word_1_189' title='bbox 1371 682 1398 707; x_wconf 82' lang='grc' dir='ltr'>ἐν</span> <span class='ocrx_word' id='word_1_190' title='bbox 1413 681 1488 722; x_wconf 69' lang='grc' dir='ltr'>ὑμῖν,</span> <span class='ocrx_word' id='word_1_191' title='bbox 1500 681 1557 708; x_wconf 77' lang='grc' dir='ltr'><strong>ἀλλ’</strong></span> <span class='ocrx_word' id='word_1_192' title='bbox 1569 681 1629 707; x_wconf 77' lang='grc' dir='ltr'><strong>οὐδὲ</strong></span> <span class='ocrx_word' id='word_1_193' title='bbox 1642 679 1792 715; x_wconf 83' lang='grc' dir='ltr'>φιλανθρω-</span> 
     </span>
    </p>
   </div>
   <div class='ocr_carea' id='block_1_29' title="bbox 1000 725 1793 763">
    <p class='ocr_par' dir='ltr' id='par_1_29' title="bbox 1000 725 1793 763">
     <span class='ocr_line' id='line_1_29' title="bbox 1000 725 1793 763; baseline 0 -11"><span class='ocrx_word' id='word_1_194' title='bbox 1000 727 1064 758; x_wconf 83' lang='grc' dir='ltr'>πίας</span> <span class='ocrx_word' id='word_1_195' title='bbox 1077 727 1142 762; x_wconf 85' lang='grc' dir='ltr'>ὑμῖν</span> <span class='ocrx_word' id='word_1_196' title='bbox 1155 727 1248 761; x_wconf 81' lang='grc' dir='ltr'>λόγος·</span> <span class='ocrx_word' id='word_1_197' title='bbox 1275 729 1313 762; x_wconf 89' lang='lat' dir='ltr'><strong>(p.</strong></span> <span class='ocrx_word' id='word_1_198' title='bbox 1330 728 1376 759; x_wconf 70' lang='lat'><strong>29)</strong></span> <span class='ocrx_word' id='word_1_199' title='bbox 1397 727 1457 753; x_wconf 75' lang='grc' dir='ltr'>ἐπεὶ</span> <span class='ocrx_word' id='word_1_200' title='bbox 1473 727 1540 763; x_wconf 74' lang='grc' dir='ltr'>μηδὲ</span> <span class='ocrx_word' id='word_1_201' title='bbox 1555 727 1603 761; x_wconf 86' lang='grc' dir='ltr'>τῆς</span> <span class='ocrx_word' id='word_1_202' title='bbox 1633 726 1708 758; x_wconf 78' lang='grc' dir='ltr'>θείας</span> <span class='ocrx_word' id='word_1_203' title='bbox 1721 725 1793 760; x_wconf 80' lang='grc' dir='ltr'>γνῶ-</span> 
     </span>
    </p>
   </div>
   <div class='ocr_carea' id='block_1_30' title="bbox 1001 771 1792 808">
    <p class='ocr_par' dir='ltr' id='par_1_30' title="bbox 1001 771 1792 808">
     <span class='ocr_line' id='line_1_30' title="bbox 1001 771 1792 808; baseline -0.004 -9"><span class='ocrx_word' id='word_1_204' title='bbox 1001 782 1069 804; x_wconf 87' lang='grc' dir='ltr'>σεως</span> <span class='ocrx_word' id='word_1_205' title='bbox 1085 773 1161 808; x_wconf 76' lang='grc' dir='ltr'>ἔχετε</span> <span class='ocrx_word' id='word_1_206' title='bbox 1177 773 1321 808; x_wconf 79' lang='grc' dir='ltr'>φροντίδα·</span> <span class='ocrx_word' id='word_1_207' title='bbox 1345 773 1435 807; x_wconf 82' lang='grc' dir='ltr'><strong>ἀπάτη</strong></span> <span class='ocrx_word' id='word_1_208' title='bbox 1449 772 1477 799; x_wconf 78' lang='grc' dir='ltr'><strong>δὲ</strong></span> <span class='ocrx_word' id='word_1_209' title='bbox 1498 772 1546 798; x_wconf 75' lang='grc' dir='ltr'>καὶ</span> <span class='ocrx_word' id='word_1_210' title='bbox 1565 771 1599 798; x_wconf 74' lang='grc' dir='ltr'><strong>τὰ</strong></span> <span class='ocrx_word' id='word_1_211' title='bbox 1616 771 1707 806; x_wconf 74' lang='grc' dir='ltr'>πάσης</span> <span class='ocrx_word' id='word_1_212' title='bbox 1727 771 1792 803; x_wconf 78' lang='grc' dir='ltr'>ἄξιοι</span> 
     </span>
    </p>
   </div>
   <div class='ocr_carea' id='block_1_31' title="bbox 1000 814 1789 853">
    <p class='ocr_par' dir='ltr' id='par_1_31' title="bbox 1000 814 1789 853">
     <span class='ocr_line' id='line_1_31' title="bbox 1000 814 1789 853; baseline -0.005 -9"><span class='ocrx_word' id='word_1_213' title='bbox 1000 818 1133 853; x_wconf 81' lang='grc' dir='ltr'><strong>κατάρας,</strong></span> <span class='ocrx_word' id='word_1_214' title='bbox 1149 818 1228 852; x_wconf 82' lang='grc' dir='ltr'>φόνος</span> <span class='ocrx_word' id='word_1_215' title='bbox 1242 826 1271 843; x_wconf 86' lang='grc' dir='ltr'><strong>τε</strong></span> <span class='ocrx_word' id='word_1_216' title='bbox 1288 817 1334 844; x_wconf 78' lang='grc' dir='ltr'>καὶ</span> <span class='ocrx_word' id='word_1_217' title='bbox 1348 817 1435 851; x_wconf 81' lang='grc' dir='ltr'>κλοπὴ</span> <span class='ocrx_word' id='word_1_218' title='bbox 1451 817 1497 842; x_wconf 79' lang='grc' dir='ltr'>καὶ</span> <span class='ocrx_word' id='word_1_219' title='bbox 1513 816 1619 851; x_wconf 85' lang='grc' dir='ltr'>μοιχεία</span> <span class='ocrx_word' id='word_1_220' title='bbox 1635 815 1680 841; x_wconf 77' lang='grc' dir='ltr'>διὰ</span> <span class='ocrx_word' id='word_1_221' title='bbox 1697 814 1789 849; x_wconf 82' lang='grc' dir='ltr'>πάσης</span> 
     </span>
    </p>
   </div>
   <div class='ocr_carea' id='block_1_32' title="bbox 159 852 951 909">
    <p class='ocr_par' dir='ltr' id='par_1_32' title="bbox 159 852 945 895">
     <span class='ocr_line' id='line_1_32' title="bbox 159 852 945 895; baseline 0.015 -19"><span class='ocrx_word' id='word_1_222' title='bbox 159 857 252 884; x_wconf 81' lang='lat' dir='ltr'><strong>opera,</strong></span> <span class='ocrx_word' id='word_1_223' title='bbox 269 852 457 888; x_wconf 77' lang='lat' dir='ltr'><strong>homicidium,</strong></span> <span class='ocrx_word' id='word_1_224' title='bbox 479 856 580 884; x_wconf 74' lang='lat' dir='ltr'><strong>furtum</strong></span> <span class='ocrx_word' id='word_1_225' title='bbox 601 861 682 893; x_wconf 84' lang='lat' dir='ltr'><strong>atque</strong></span> <span class='ocrx_word' id='word_1_226' title='bbox 701 859 864 887; x_wconf 77' lang='lat' dir='ltr'><strong>adulterium</strong></span> <span class='ocrx_word' id='word_1_227' title='bbox 884 868 945 895; x_wconf 87' lang='lat' dir='ltr'><strong>pas-</strong></span> 
     </span>
    </p>
   </div>
   <div class='ocr_carea' id='block_1_33' title="bbox 1004 852 1794 909">
    <p class='ocr_par' dir='ltr' id='par_1_33' title="bbox 1004 860 1794 909">
     <span class='ocr_line' id='line_1_33' title="bbox 1004 860 1794 909; baseline -0.005 -19"><span class='ocrx_word' id='word_1_228' title='bbox 1004 864 1082 899; x_wconf 76' lang='grc' dir='ltr'>χύδην</span> <span class='ocrx_word' id='word_1_229' title='bbox 1096 864 1260 890; x_wconf 76' lang='grc' dir='ltr'>ἐπιτελεῖται</span> <span class='ocrx_word' id='word_1_230' title='bbox 1273 864 1322 898; x_wconf 83' lang='grc' dir='ltr'>τῆς</span> <span class='ocrx_word' id='word_1_231' title='bbox 1335 865 1386 898; x_wconf 86' lang='grc' dir='ltr'>γῆς</span> <span class='ocrx_word' id='word_1_232' title='bbox 1403 871 1410 878; x_wconf 88' lang='grc'><strong>·</strong></span> <span class='ocrx_word' id='word_1_233' title='bbox 1435 861 1568 896; x_wconf 82' lang='grc' dir='ltr'>τοσαύτην</span> <span class='ocrx_word' id='word_1_234' title='bbox 1583 861 1659 896; x_wconf 85' lang='grc' dir='ltr'>ὑμῶν</span> <span class='ocrx_word' id='word_1_235' title='bbox 1675 860 1794 909; x_wconf 61' lang='grc' dir='ltr'>ἐχόντων</span> 
     </span>
    </p>
   </div>
   <div class='ocr_carea' id='block_1_34' title="bbox 160 895 949 938">
    <p class='ocr_par' dir='ltr' id='par_1_34' title="bbox 160 895 949 938">
     <span class='ocr_line' id='line_1_34' title="bbox 160 895 949 938; baseline 0.016 -18"><span class='ocrx_word' id='word_1_236' title='bbox 160 895 211 921; x_wconf 85' lang='lat' dir='ltr'><strong>sim</strong></span> <span class='ocrx_word' id='word_1_237' title='bbox 228 896 256 923; x_wconf 94' lang='lat' dir='ltr'><strong>in</strong></span> <span class='ocrx_word' id='word_1_238' title='bbox 271 901 344 924; x_wconf 89' lang='lat' dir='ltr'><strong>terra</strong></span> <span class='ocrx_word' id='word_1_239' title='bbox 362 905 542 935; x_wconf 83' lang='lat' dir='ltr'><strong>exercentur;</strong></span> <span class='ocrx_word' id='word_1_240' title='bbox 567 904 726 938; x_wconf 90' lang='lat' dir='ltr'><strong>mutuisque</strong></span> <span class='ocrx_word' id='word_1_241' title='bbox 747 905 869 933; x_wconf 71' lang='lat' dir='ltr'><strong>caedibus</strong></span> <span class='ocrx_word' id='word_1_242' title='bbox 886 910 949 932; x_wconf 91' lang='lat' dir='ltr'><strong>tan-</strong></span> 
     </span>
    </p>
   </div>
   <div class='ocr_carea' id='block_1_35' title="bbox 161 942 949 984">
    <p class='ocr_par' dir='ltr' id='par_1_35' title="bbox 161 942 949 984">
     <span class='ocr_line' id='line_1_35' title="bbox 161 942 949 984; baseline 0.014 -18"><span class='ocrx_word' id='word_1_243' title='bbox 161 945 253 975; x_wconf 91' lang='lat' dir='ltr'><strong>topere</strong></span> <span class='ocrx_word' id='word_1_244' title='bbox 279 942 439 979; x_wconf 81' lang='lat' dir='ltr'><strong>indulgetis.</strong></span> <span class='ocrx_word' id='word_1_245' title='bbox 462 950 492 972; x_wconf 90' lang='lat' dir='ltr'><strong>ut</strong></span> <span class='ocrx_word' id='word_1_246' title='bbox 516 954 624 982; x_wconf 89' lang='lat' dir='ltr'><strong>semper</strong></span> <span class='ocrx_word' id='word_1_247' title='bbox 642 955 704 975; x_wconf 90' lang='lat' dir='ltr'><strong>cum</strong></span> <span class='ocrx_word' id='word_1_248' title='bbox 732 950 949 984; x_wconf 57' lang='lat' dir='ltr'><strong>pracedentibus</strong></span> 
     </span>
    </p>
   </div>
   <div class='ocr_carea' id='block_1_36' title="bbox 159 985 950 1030">
    <p class='ocr_par' dir='ltr' id='par_1_36' title="bbox 159 985 950 1030">
     <span class='ocr_line' id='line_1_36' title="bbox 159 985 950 1030; baseline 0.014 -18"><span class='ocrx_word' id='word_1_249' title='bbox 159 995 242 1014; x_wconf 80' lang='lat' dir='ltr'><strong>cruor</strong></span> <span class='ocrx_word' id='word_1_250' title='bbox 259 988 429 1024; x_wconf 89' lang='lat' dir='ltr'><strong>subsequens</strong></span> <span class='ocrx_word' id='word_1_251' title='bbox 444 992 602 1019; x_wconf 86' lang='lat' dir='ltr'><strong>misceatur.</strong></span> <span class='ocrx_word' id='word_1_252' title='bbox 621 1003 630 1018; x_wconf 77' lang='grc' dir='ltr'><strong>ι</strong></span> <span class='ocrx_word' id='word_1_253' title='bbox 644 985 764 1029; x_wconf 63' lang='grc' dir='ltr'>ῬιῸμιρι·</span> <span class='ocrx_word' id='word_1_254' title='bbox 782 996 834 1023; x_wconf 87' lang='lat' dir='ltr'><strong>hoc</strong></span> <span class='ocrx_word' id='word_1_255' title='bbox 849 996 950 1030; x_wconf 81' lang='lat' dir='ltr'><strong>lugebit</strong></span> 
     </span>
    </p>
   </div>
   <div class='ocr_carea' id='block_1_37' title="bbox 160 1035 946 1075">
    <p class='ocr_par' dir='ltr' id='par_1_37' title="bbox 160 1035 946 1075">
     <span class='ocr_line' id='line_1_37' title="bbox 160 1035 946 1075; baseline 0.01 -16"><span class='ocrx_word' id='word_1_256' title='bbox 160 1038 245 1064; x_wconf 87' lang='lat' dir='ltr'><strong>terra,</strong></span> <span class='ocrx_word' id='word_1_257' title='bbox 255 1035 499 1065; x_wconf 86' lang='lat' dir='ltr'><strong>etminueturcum</strong></span> <span class='ocrx_word' id='word_1_258' title='bbox 513 1040 642 1067; x_wconf 88' lang='lat' dir='ltr'><strong>omnibus</strong></span> <span class='ocrx_word' id='word_1_259' title='bbox 653 1041 699 1075; x_wconf 89' lang='lat' dir='ltr'><strong>qui</strong></span> <span class='ocrx_word' id='word_1_260' title='bbox 712 1041 834 1068; x_wconf 83' lang='lat' dir='ltr'><strong>habitant</strong></span> <span class='ocrx_word' id='word_1_261' title='bbox 849 1050 920 1069; x_wconf 86' lang='lat' dir='ltr'><strong>eam.</strong></span> <span class='ocrx_word' id='word_1_262' title='bbox 937 1052 946 1067; x_wconf 85' lang='grc'><strong>›</strong></span> 
     </span>
    </p>
   </div>
   <div class='ocr_carea' id='block_1_38' title="bbox 160 1078 950 1123">
    <p class='ocr_par' dir='ltr' id='par_1_38' title="bbox 160 1078 950 1123">
     <span class='ocr_line' id='line_1_38' title="bbox 160 1078 950 1123; baseline 0.014 -19"><span class='ocrx_word' id='word_1_263' title='bbox 160 1078 189 1105; x_wconf 90' lang='lat' dir='ltr'><strong>ln</strong></span> <span class='ocrx_word' id='word_1_264' title='bbox 208 1079 282 1106; x_wconf 88' lang='lat' dir='ltr'><strong>luctu</strong></span> <span class='ocrx_word' id='word_1_265' title='bbox 306 1085 379 1108; x_wconf 87' lang='lat' dir='ltr'><strong>terra</strong></span> <span class='ocrx_word' id='word_1_266' title='bbox 400 1083 491 1111; x_wconf 89' lang='lat' dir='ltr'><strong>omnis</strong></span> <span class='ocrx_word' id='word_1_267' title='bbox 508 1085 674 1119; x_wconf 85' lang='lat' dir='ltr'><strong>versabitur,</strong></span> <span class='ocrx_word' id='word_1_268' title='bbox 693 1091 804 1122; x_wconf 83' lang='lat' dir='ltr'><strong>propter</strong></span> <span class='ocrx_word' id='word_1_269' title='bbox 821 1088 950 1123; x_wconf 78' lang='lat' dir='ltr'><strong>ingruen-</strong></span> 
     </span>
    </p>
   </div>
   <div class='ocr_carea' id='block_1_39' title="bbox 159 1124 950 1164">
    <p class='ocr_par' dir='ltr' id='par_1_39' title="bbox 159 1124 950 1164">
     <span class='ocr_line' id='line_1_39' title="bbox 159 1124 950 1164; baseline 0.013 -14"><span class='ocrx_word' id='word_1_270' title='bbox 159 1124 227 1151; x_wconf 88' lang='lat' dir='ltr'><strong>tium</strong></span> <span class='ocrx_word' id='word_1_271' title='bbox 245 1127 378 1153; x_wconf 89' lang='lat' dir='ltr'><strong>malorum</strong></span> <span class='ocrx_word' id='word_1_272' title='bbox 404 1130 639 1164; x_wconf 76' lang='lat' dir='ltr'><strong>magnitudinem:</strong></span> <span class='ocrx_word' id='word_1_273' title='bbox 664 1132 727 1159; x_wconf 90' lang='lat' dir='ltr'><strong>dum</strong></span> <span class='ocrx_word' id='word_1_274' title='bbox 745 1133 762 1159; x_wconf 89' lang='lat' dir='ltr'><strong>ii</strong></span> <span class='ocrx_word' id='word_1_275' title='bbox 779 1137 834 1160; x_wconf 90' lang='lat' dir='ltr'><strong>tam</strong></span> <span class='ocrx_word' id='word_1_276' title='bbox 852 1134 950 1160; x_wconf 88' lang='lat' dir='ltr'><strong>imma-</strong></span> 
     </span>
    </p>
   </div>
   <div class='ocr_carea' id='block_1_40' title="bbox 159 1170 950 1215">
    <p class='ocr_par' dir='ltr' id='par_1_40' title="bbox 159 1170 950 1215">
     <span class='ocr_line' id='line_1_40' title="bbox 159 1170 950 1215; baseline 0.014 -19"><span class='ocrx_word' id='word_1_277' title='bbox 159 1170 230 1198; x_wconf 68' lang='lat' dir='ltr'><strong>niter</strong></span> <span class='ocrx_word' id='word_1_278' title='bbox 245 1173 278 1198; x_wconf 88' lang='lat' dir='ltr'><strong>ab</strong></span> <span class='ocrx_word' id='word_1_279' title='bbox 300 1172 427 1202; x_wconf 86' lang='lat' dir='ltr'><strong>hostibus</strong></span> <span class='ocrx_word' id='word_1_280' title='bbox 451 1175 636 1209; x_wconf 85' lang='lat' dir='ltr'><strong>trucidantur,</strong></span> <span class='ocrx_word' id='word_1_281' title='bbox 653 1183 682 1204; x_wconf 94' lang='lat' dir='ltr'><strong>ut</strong></span> <span class='ocrx_word' id='word_1_282' title='bbox 700 1179 808 1206; x_wconf 88' lang='lat' dir='ltr'><strong>nonnisi</strong></span> <span class='ocrx_word' id='word_1_283' title='bbox 834 1180 950 1215; x_wconf 82' lang='lat' dir='ltr'><strong>exiguus</strong></span> 
     </span>
    </p>
   </div>
   <div class='ocr_carea' id='block_1_41' title="bbox 159 1217 947 1257">
    <p class='ocr_par' dir='ltr' id='par_1_41' title="bbox 159 1217 947 1257">
     <span class='ocr_line' id='line_1_41' title="bbox 159 1217 947 1257; baseline 0.013 -15"><span class='ocrx_word' id='word_1_284' title='bbox 159 1217 311 1245; x_wconf 89' lang='lat' dir='ltr'><strong>incolarum</strong></span> <span class='ocrx_word' id='word_1_285' title='bbox 327 1228 458 1249; x_wconf 88' lang='lat' dir='ltr'><strong>numerus</strong></span> <span class='ocrx_word' id='word_1_286' title='bbox 474 1223 593 1257; x_wconf 86' lang='lat' dir='ltr'><strong>supersit</strong></span> <span class='ocrx_word' id='word_1_287' title='bbox 606 1233 612 1250; x_wconf 90' lang='lat'>:</span> <span class='ocrx_word' id='word_1_288' title='bbox 625 1224 651 1251; x_wconf 89' lang='lat' dir='ltr'><strong>id</strong></span> <span class='ocrx_word' id='word_1_289' title='bbox 667 1225 739 1251; x_wconf 86' lang='lat' dir='ltr'><strong>enim</strong></span> <span class='ocrx_word' id='word_1_290' title='bbox 755 1226 947 1257; x_wconf 81' lang='lat' dir='ltr'><strong>valentverba,</strong></span> 
     </span>
    </p>
   </div>
   <div class='ocr_carea' id='block_1_42' title="bbox 161 1262 949 1300">
    <p class='ocr_par' dir='ltr' id='par_1_42' title="bbox 161 1262 949 1300">
     <span class='ocr_line' id='line_1_42' title="bbox 161 1262 949 1300; baseline 0.013 -11"><span class='ocrx_word' id='word_1_291' title='bbox 161 1272 172 1288; x_wconf 72' lang='grc' dir='ltr'>ί</span> <span class='ocrx_word' id='word_1_292' title='bbox 187 1262 322 1292; x_wconf 83' lang='lat' dir='ltr'><strong>Minuelur</strong></span> <span class='ocrx_word' id='word_1_293' title='bbox 337 1270 407 1293; x_wconf 88' lang='lat' dir='ltr'><strong>terra</strong></span> <span class='ocrx_word' id='word_1_294' title='bbox 425 1275 487 1294; x_wconf 91' lang='lat' dir='ltr'><strong>cum</strong></span> <span class='ocrx_word' id='word_1_295' title='bbox 506 1269 692 1298; x_wconf 81' lang='lat' dir='ltr'><strong>habitantibus</strong></span> <span class='ocrx_word' id='word_1_296' title='bbox 707 1279 777 1298; x_wconf 86' lang='lat' dir='ltr'><strong>eam.</strong></span> <span class='ocrx_word' id='word_1_297' title='bbox 795 1281 848 1296; x_wconf 66' lang='lat' dir='ltr'><strong>i—</strong></span> <span class='ocrx_word' id='word_1_298' title='bbox 861 1282 869 1298; x_wconf 76' lang='grc' dir='ltr'><strong>ι</strong></span> <span class='ocrx_word' id='word_1_299' title='bbox 881 1272 949 1300; x_wconf 92' lang='lat' dir='ltr'><strong>Cum</strong></span> 
     </span>
    </p>
   </div>
   <div class='ocr_carea' id='block_1_43' title="bbox 161 1310 949 1349">
    <p class='ocr_par' dir='ltr' id='par_1_43' title="bbox 161 1310 949 1349">
     <span class='ocr_line' id='line_1_43' title="bbox 161 1310 949 1349; baseline 0.014 -14"><span class='ocrx_word' id='word_1_300' title='bbox 161 1310 225 1337; x_wconf 82' lang='lat' dir='ltr'><strong>l&#39;eris</strong></span> <span class='ocrx_word' id='word_1_301' title='bbox 237 1311 305 1345; x_wconf 82' lang='lat' dir='ltr'><strong>agri,</strong></span> <span class='ocrx_word' id='word_1_302' title='bbox 318 1320 380 1339; x_wconf 91' lang='lat' dir='ltr'><strong>cum</strong></span> <span class='ocrx_word' id='word_1_303' title='bbox 391 1314 532 1349; x_wconf 77' lang='lat' dir='ltr'><strong>reptilibus</strong></span> <span class='ocrx_word' id='word_1_304' title='bbox 541 1320 630 1347; x_wconf 70' lang='lat' dir='ltr'><strong>terra).</strong></span> <span class='ocrx_word' id='word_1_305' title='bbox 643 1323 740 1344; x_wconf 87' lang='lat' dir='ltr'><strong>etcum</strong></span> <span class='ocrx_word' id='word_1_306' title='bbox 754 1319 815 1345; x_wconf 66' lang='grc' dir='ltr'><strong>ρωΙὶ</strong></span> <span class='ocrx_word' id='word_1_307' title='bbox 830 1319 949 1346; x_wconf 77' lang='lat' dir='ltr'><strong>volueri—</strong></span> 
     </span>
    </p>
   </div>
   <div class='ocr_carea' id='block_1_44' title="bbox 160 1356 951 1400">
    <p class='ocr_par' dir='ltr' id='par_1_44' title="bbox 160 1356 951 1400">
     <span class='ocr_line' id='line_1_44' title="bbox 160 1356 951 1400; baseline 0.016 -19"><span class='ocrx_word' id='word_1_308' title='bbox 160 1356 221 1383; x_wconf 92' lang='lat' dir='ltr'><strong>bus.</strong></span> <span class='ocrx_word' id='word_1_309' title='bbox 243 1367 251 1382; x_wconf 84' lang='grc' dir='ltr'><strong>ι</strong></span> <span class='ocrx_word' id='word_1_310' title='bbox 271 1357 385 1393; x_wconf 81' lang='lat' dir='ltr'><strong>Tropirc</strong></span> <span class='ocrx_word' id='word_1_311' title='bbox 401 1368 475 1388; x_wconf 87' lang='lat' dir='ltr'><strong>more</strong></span> <span class='ocrx_word' id='word_1_312' title='bbox 499 1370 549 1389; x_wconf 92' lang='lat' dir='ltr'><strong>suo</strong></span> <span class='ocrx_word' id='word_1_313' title='bbox 571 1364 648 1396; x_wconf 82' lang='lat' dir='ltr'><strong>dicit,</strong></span> <span class='ocrx_word' id='word_1_314' title='bbox 669 1364 728 1391; x_wconf 82' lang='lat' dir='ltr'><strong>fore</strong></span> <span class='ocrx_word' id='word_1_315' title='bbox 744 1370 772 1392; x_wconf 88' lang='lat' dir='ltr'><strong>ut</strong></span> <span class='ocrx_word' id='word_1_316' title='bbox 796 1373 857 1392; x_wconf 88' lang='lat' dir='ltr'><strong>cum</strong></span> <span class='ocrx_word' id='word_1_317' title='bbox 873 1366 951 1400; x_wconf 83' lang='lat' dir='ltr'><strong>plebe</strong></span> 
     </span>
    </p>
   </div>
   <div class='ocr_carea' id='block_1_45' title="bbox 160 1403 949 1444">
    <p class='ocr_par' dir='ltr' id='par_1_45' title="bbox 160 1403 949 1444">
     <span class='ocr_line' id='line_1_45' title="bbox 160 1403 949 1444; baseline 0.015 -17"><span class='ocrx_word' id='word_1_318' title='bbox 160 1403 297 1438; x_wconf 82' lang='lat' dir='ltr'><strong>principes</strong></span> <span class='ocrx_word' id='word_1_319' title='bbox 322 1412 431 1440; x_wconf 86' lang='lat' dir='ltr'><strong>quoque</strong></span> <span class='ocrx_word' id='word_1_320' title='bbox 460 1407 584 1442; x_wconf 87' lang='lat' dir='ltr'><strong>ejusdem</strong></span> <span class='ocrx_word' id='word_1_321' title='bbox 613 1415 738 1444; x_wconf 84' lang='lat' dir='ltr'><strong>pereant,</strong></span> <span class='ocrx_word' id='word_1_322' title='bbox 758 1411 805 1444; x_wconf 93' lang='lat' dir='ltr'><strong>qui</strong></span> <span class='ocrx_word' id='word_1_323' title='bbox 830 1411 949 1438; x_wconf 80' lang='lat' dir='ltr'><strong>ferarum</strong></span> 
     </span>
    </p>
   </div>
   <div class='ocr_carea' id='block_1_46' title="bbox 161 1449 950 1493">
    <p class='ocr_par' dir='ltr' id='par_1_46' title="bbox 161 1449 950 1493">
     <span class='ocr_line' id='line_1_46' title="bbox 161 1449 950 1493; baseline 0.016 -20"><span class='ocrx_word' id='word_1_324' title='bbox 161 1451 248 1474; x_wconf 83' lang='lat' dir='ltr'><strong>instar</strong></span> <span class='ocrx_word' id='word_1_325' title='bbox 273 1449 469 1480; x_wconf 80' lang='lat' dir='ltr'><strong>inﬁrmioribus</strong></span> <span class='ocrx_word' id='word_1_326' title='bbox 496 1454 657 1483; x_wconf 87' lang='lat' dir='ltr'><strong>nocebant:</strong></span> <span class='ocrx_word' id='word_1_327' title='bbox 682 1460 708 1483; x_wconf 86' lang='lat' dir='ltr'><strong>et</strong></span> <span class='ocrx_word' id='word_1_328' title='bbox 730 1465 779 1484; x_wconf 90' lang='lat' dir='ltr'><strong>ceu</strong></span> <span class='ocrx_word' id='word_1_329' title='bbox 799 1466 863 1485; x_wconf 80' lang='lat' dir='ltr'><strong>ares</strong></span> <span class='ocrx_word' id='word_1_330' title='bbox 878 1466 950 1493; x_wconf 68' lang='lat' dir='ltr'><strong>qua:-</strong></span> 
     </span>
    </p>
   </div>
   <div class='ocr_carea' id='block_1_47' title="bbox 161 1493 949 1537">
    <p class='ocr_par' dir='ltr' id='par_1_47' title="bbox 161 1493 949 1537">
     <span class='ocr_line' id='line_1_47' title="bbox 161 1493 949 1537; baseline 0.014 -18"><span class='ocrx_word' id='word_1_331' title='bbox 161 1493 223 1520; x_wconf 88' lang='lat' dir='ltr'><strong>dam</strong></span> <span class='ocrx_word' id='word_1_332' title='bbox 240 1495 402 1531; x_wconf 88' lang='lat' dir='ltr'><strong>diripiendis</strong></span> <span class='ocrx_word' id='word_1_333' title='bbox 421 1500 588 1534; x_wconf 81' lang='lat' dir='ltr'><strong>pauperibus</strong></span> <span class='ocrx_word' id='word_1_334' title='bbox 607 1501 699 1529; x_wconf 86' lang='lat' dir='ltr'><strong>subito</strong></span> <span class='ocrx_word' id='word_1_335' title='bbox 716 1503 894 1537; x_wconf 82' lang='lat' dir='ltr'><strong>involabant;</strong></span> <span class='ocrx_word' id='word_1_336' title='bbox 909 1504 949 1530; x_wconf 78' lang='lat' dir='ltr'><strong>vel</strong></span> 
     </span>
    </p>
   </div>
   <div class='ocr_carea' id='block_1_48' title="bbox 1000 905 1794 946">
    <p class='ocr_par' dir='ltr' id='par_1_48' title="bbox 1000 905 1794 946">
     <span class='ocr_line' id='line_1_48' title="bbox 1000 905 1794 946; baseline -0.005 -9"><span class='ocrx_word' id='word_1_337' title='bbox 1000 910 1064 946; x_wconf 78' lang='grc' dir='ltr'>περὶ</span> <span class='ocrx_word' id='word_1_338' title='bbox 1088 910 1117 937; x_wconf 77' lang='grc' dir='ltr'>τὸ</span> <span class='ocrx_word' id='word_1_339' title='bbox 1143 910 1265 944; x_wconf 81' lang='grc' dir='ltr'>φονεύειν</span> <span class='ocrx_word' id='word_1_340' title='bbox 1288 909 1417 944; x_wconf 80' lang='grc' dir='ltr'><strong>ἀλλήλους</strong></span> <span class='ocrx_word' id='word_1_341' title='bbox 1440 909 1489 944; x_wconf 81' lang='grc' dir='ltr'>τὴν</span> <span class='ocrx_word' id='word_1_342' title='bbox 1513 907 1640 943; x_wconf 87' lang='grc' dir='ltr'>σπουδὴν,</span> <span class='ocrx_word' id='word_1_343' title='bbox 1662 907 1732 933; x_wconf 80' lang='grc' dir='ltr'>ὥστε</span> <span class='ocrx_word' id='word_1_344' title='bbox 1748 905 1794 933; x_wconf 71' lang='grc' dir='ltr'><strong>ἀεὶ</strong></span> 
     </span>
    </p>
   </div>
   <div class='ocr_carea' id='block_1_49' title="bbox 999 953 1790 992">
    <p class='ocr_par' dir='ltr' id='par_1_49' title="bbox 999 953 1790 992">
     <span class='ocr_line' id='line_1_49' title="bbox 999 953 1790 992; baseline -0.008 -8"><span class='ocrx_word' id='word_1_345' title='bbox 999 959 1054 988; x_wconf 83' lang='grc' dir='ltr'>τοῖς</span> <span class='ocrx_word' id='word_1_346' title='bbox 1070 956 1245 992; x_wconf 74' lang='grc' dir='ltr'>προειληφόσι</span> <span class='ocrx_word' id='word_1_347' title='bbox 1260 956 1314 983; x_wconf 84' lang='grc' dir='ltr'><strong>τῶν</strong></span> <span class='ocrx_word' id='word_1_348' title='bbox 1330 955 1390 982; x_wconf 83' lang='grc' dir='ltr'>καθ’</span> <span class='ocrx_word' id='word_1_349' title='bbox 1408 955 1470 990; x_wconf 76' lang='grc' dir='ltr'><strong>ἑξῆς</strong></span> <span class='ocrx_word' id='word_1_350' title='bbox 1485 954 1612 990; x_wconf 82' lang='grc' dir='ltr'>μιγνῢναι</span> <span class='ocrx_word' id='word_1_351' title='bbox 1625 954 1660 980; x_wconf 74' lang='grc' dir='ltr'>τὰ</span> <span class='ocrx_word' id='word_1_352' title='bbox 1676 953 1790 988; x_wconf 73' lang='grc' dir='ltr'>αἵματα.</span> 
     </span>
    </p>
   </div>
   <div class='ocr_carea' id='block_1_50' title="bbox 1003 997 1792 1035">
    <p class='ocr_par' dir='ltr' id='par_1_50' title="bbox 1003 997 1792 1035">
     <span class='ocr_line' id='line_1_50' title="bbox 1003 997 1792 1035; baseline -0.005 -8"><span class='ocrx_word' id='word_1_353' title='bbox 1003 1010 1011 1026; x_wconf 75' lang='grc' dir='ltr'><strong>ι</strong></span> <span class='ocrx_word' id='word_1_354' title='bbox 1024 1001 1073 1027; x_wconf 82' lang='grc' dir='ltr'><strong>Διὰ</strong></span> <span class='ocrx_word' id='word_1_355' title='bbox 1087 1001 1166 1027; x_wconf 80' lang='grc' dir='ltr'>τοῦτο</span> <span class='ocrx_word' id='word_1_356' title='bbox 1179 1000 1310 1035; x_wconf 72' lang='grc' dir='ltr'>πενθήσει</span> <span class='ocrx_word' id='word_1_357' title='bbox 1323 1001 1340 1035; x_wconf 90' lang='grc' dir='ltr'>ἡ</span> <span class='ocrx_word' id='word_1_358' title='bbox 1353 1000 1389 1035; x_wconf 77' lang='grc' dir='ltr'>γῆ</span> <span class='ocrx_word' id='word_1_359' title='bbox 1401 1019 1408 1031; x_wconf 86' lang='lat'><strong>,</strong></span> <span class='ocrx_word' id='word_1_360' title='bbox 1431 999 1479 1026; x_wconf 71' lang='grc' dir='ltr'>καὶ</span> <span class='ocrx_word' id='word_1_361' title='bbox 1495 998 1726 1034; x_wconf 83' lang='grc' dir='ltr'>σμικρυνθήσεται</span> <span class='ocrx_word' id='word_1_362' title='bbox 1741 997 1792 1024; x_wconf 60' lang='grc' dir='ltr'>σὺν</span> 
     </span>
    </p>
   </div>
   <div class='ocr_carea' id='block_1_51' title="bbox 1000 1044 1793 1080">
    <p class='ocr_par' dir='ltr' id='par_1_51' title="bbox 1000 1044 1793 1080">
     <span class='ocr_line' id='line_1_51' title="bbox 1000 1044 1793 1080; baseline -0.004 -7"><span class='ocrx_word' id='word_1_363' title='bbox 1000 1048 1067 1073; x_wconf 73' lang='grc' dir='ltr'>πᾶσι</span> <span class='ocrx_word' id='word_1_364' title='bbox 1089 1047 1147 1077; x_wconf 83' lang='grc' dir='ltr'>τοῖς</span> <span class='ocrx_word' id='word_1_365' title='bbox 1172 1045 1344 1073; x_wconf 78' lang='grc' dir='ltr'>κατοικοῦσιν</span> <span class='ocrx_word' id='word_1_366' title='bbox 1368 1046 1463 1080; x_wconf 81' lang='grc' dir='ltr'>αὐτήν.</span> <span class='ocrx_word' id='word_1_367' title='bbox 1487 1055 1496 1070; x_wconf 78' lang='grc' dir='ltr'><strong>ι</strong></span> <span class='ocrx_word' id='word_1_368' title='bbox 1530 1045 1574 1071; x_wconf 83' lang='grc' dir='ltr'>Ἐν</span> <span class='ocrx_word' id='word_1_369' title='bbox 1599 1044 1793 1071; x_wconf 73' lang='grc' dir='ltr'>πένθει-πᾶσαι</span> 
     </span>
    </p>
   </div>
   <div class='ocr_carea' id='block_1_52' title="bbox 1000 1090 1792 1128">
    <p class='ocr_par' dir='ltr' id='par_1_52' title="bbox 1000 1090 1792 1128">
     <span class='ocr_line' id='line_1_52' title="bbox 1000 1090 1792 1128; baseline -0.004 -9"><span class='ocrx_word' id='word_1_370' title='bbox 1000 1093 1036 1128; x_wconf 84' lang='grc' dir='ltr'>γῆ</span> <span class='ocrx_word' id='word_1_371' title='bbox 1048 1093 1192 1127; x_wconf 84' lang='grc' dir='ltr'>γενήσεται</span> <span class='ocrx_word' id='word_1_372' title='bbox 1203 1092 1246 1118; x_wconf 79' lang='grc' dir='ltr'><strong>διὰ</strong></span> <span class='ocrx_word' id='word_1_373' title='bbox 1260 1092 1290 1118; x_wconf 74' lang='grc' dir='ltr'><strong>τὺ</strong></span> <span class='ocrx_word' id='word_1_374' title='bbox 1303 1092 1415 1126; x_wconf 81' lang='grc' dir='ltr'>μέγεθος</span> <span class='ocrx_word' id='word_1_375' title='bbox 1426 1092 1480 1118; x_wconf 86' lang='grc' dir='ltr'><strong>τῶν</strong></span> <span class='ocrx_word' id='word_1_376' title='bbox 1493 1091 1689 1126; x_wconf 74' lang='grc' dir='ltr'>ἐπιγινομένων</span> <span class='ocrx_word' id='word_1_377' title='bbox 1700 1090 1792 1122; x_wconf 78' lang='grc' dir='ltr'>αὐτοῖς</span> 
     </span>
    </p>
   </div>
   <div class='ocr_carea' id='block_1_53' title="bbox 1000 1136 1790 1173">
    <p class='ocr_par' dir='ltr' id='par_1_53' title="bbox 1000 1136 1790 1173">
     <span class='ocr_line' id='line_1_53' title="bbox 1000 1136 1790 1173; baseline -0.003 -9"><span class='ocrx_word' id='word_1_378' title='bbox 1000 1138 1113 1165; x_wconf 83' lang='grc' dir='ltr'><strong>κακῶν·</strong></span> <span class='ocrx_word' id='word_1_379' title='bbox 1146 1137 1216 1164; x_wconf 74' lang='grc' dir='ltr'>οὕτω</span> <span class='ocrx_word' id='word_1_380' title='bbox 1243 1137 1296 1164; x_wconf 86' lang='grc' dir='ltr'><strong>τῶν</strong></span> <span class='ocrx_word' id='word_1_381' title='bbox 1319 1137 1454 1173; x_wconf 82' lang='grc' dir='ltr'>πολεμίων</span> <span class='ocrx_word' id='word_1_382' title='bbox 1480 1137 1664 1173; x_wconf 77' lang='grc' dir='ltr'>ἀναιρούντων</span> <span class='ocrx_word' id='word_1_383' title='bbox 1690 1136 1790 1168; x_wconf 77' lang='grc' dir='ltr'>αὐτοὺς</span> 
     </span>
    </p>
   </div>
   <div class='ocr_carea' id='block_1_54' title="bbox 1000 1182 1791 1218">
    <p class='ocr_par' dir='ltr' id='par_1_54' title="bbox 1000 1182 1791 1218">
     <span class='ocr_line' id='line_1_54' title="bbox 1000 1182 1791 1218; baseline -0.003 -8"><span class='ocrx_word' id='word_1_384' title='bbox 1000 1183 1133 1218; x_wconf 75' lang='grc' dir='ltr'><strong>ἀφειδῶς,</strong></span> <span class='ocrx_word' id='word_1_385' title='bbox 1159 1183 1229 1210; x_wconf 86' lang='grc' dir='ltr'>ὥστε</span> <span class='ocrx_word' id='word_1_386' title='bbox 1256 1183 1295 1215; x_wconf 84' lang='grc' dir='ltr'><strong>εἰς</strong></span> <span class='ocrx_word' id='word_1_387' title='bbox 1321 1183 1467 1209; x_wconf 77' lang='grc' dir='ltr'>ἐλάττωσιν</span> <span class='ocrx_word' id='word_1_388' title='bbox 1495 1182 1653 1218; x_wconf 76' lang='grc' dir='ltr'>περιστῆναι</span> <span class='ocrx_word' id='word_1_389' title='bbox 1678 1182 1731 1208; x_wconf 85' lang='grc' dir='ltr'><strong>τῶν</strong></span> <span class='ocrx_word' id='word_1_390' title='bbox 1753 1182 1791 1208; x_wconf 82' lang='grc' dir='ltr'>οι-</span> 
     </span>
    </p>
   </div>
   <div class='ocr_carea' id='block_1_55' title="bbox 1001 1227 1792 1264">
    <p class='ocr_par' dir='ltr' id='par_1_55' title="bbox 1001 1227 1792 1264">
     <span class='ocr_line' id='line_1_55' title="bbox 1001 1227 1792 1264; baseline -0.005 -8"><span class='ocrx_word' id='word_1_391' title='bbox 1001 1230 1118 1256; x_wconf 81' lang='grc' dir='ltr'>κοὺντων</span> <span class='ocrx_word' id='word_1_392' title='bbox 1134 1229 1179 1256; x_wconf 81' lang='grc' dir='ltr'>τὸν</span> <span class='ocrx_word' id='word_1_393' title='bbox 1192 1228 1318 1264; x_wconf 78' lang='grc' dir='ltr'>ἀριθμόν·</span> <span class='ocrx_word' id='word_1_394' title='bbox 1330 1228 1408 1255; x_wconf 82' lang='grc' dir='ltr'>τοῦτο</span> <span class='ocrx_word' id='word_1_395' title='bbox 1422 1228 1476 1263; x_wconf 80' lang='grc' dir='ltr'><strong>γὰρ</strong></span> <span class='ocrx_word' id='word_1_396' title='bbox 1490 1228 1563 1262; x_wconf 77' lang='grc' dir='ltr'>λέγει</span> <span class='ocrx_word' id='word_1_397' title='bbox 1577 1227 1617 1260; x_wconf 82' lang='grc' dir='ltr'>τὸ,</span> <span class='ocrx_word' id='word_1_398' title='bbox 1632 1237 1640 1252; x_wconf 90' lang='grc'><em>‹</em></span> <span class='ocrx_word' id='word_1_399' title='bbox 1656 1227 1792 1262; x_wconf 86' lang='grc' dir='ltr'>Σμικρυν-</span> 
     </span>
    </p>
   </div>
   <div class='ocr_carea' id='block_1_56' title="bbox 1001 1273 1792 1323">
    <p class='ocr_par' dir='ltr' id='par_1_56' title="bbox 1001 1273 1792 1311">
     <span class='ocr_line' id='line_1_56' title="bbox 1001 1273 1792 1311; baseline -0.005 -9"><span class='ocrx_word' id='word_1_400' title='bbox 1001 1276 1112 1311; x_wconf 83' lang='grc' dir='ltr'>θήσεται</span> <span class='ocrx_word' id='word_1_401' title='bbox 1142 1276 1158 1311; x_wconf 86' lang='grc' dir='ltr'><strong>ἡ</strong></span> <span class='ocrx_word' id='word_1_402' title='bbox 1185 1275 1220 1310; x_wconf 75' lang='grc' dir='ltr'><strong>’χῆ</strong></span> <span class='ocrx_word' id='word_1_403' title='bbox 1247 1275 1295 1301; x_wconf 74' lang='grc' dir='ltr'>σὺν</span> <span class='ocrx_word' id='word_1_404' title='bbox 1322 1275 1378 1306; x_wconf 90' lang='grc' dir='ltr'>τοῖς</span> <span class='ocrx_word' id='word_1_405' title='bbox 1402 1273 1575 1300; x_wconf 77' lang='grc' dir='ltr'>κατοικοῦσιν</span> <span class='ocrx_word' id='word_1_406' title='bbox 1598 1273 1691 1308; x_wconf 81' lang='grc' dir='ltr'>αὑτήν.</span> <span class='ocrx_word' id='word_1_407' title='bbox 1722 1282 1732 1298; x_wconf 65' lang='grc' dir='ltr'><strong>ι</strong></span> <span class='ocrx_word' id='word_1_408' title='bbox 1757 1286 1792 1293; x_wconf 88' lang='lat'><strong>—-—</strong></span> 
     </span>
    </p>
   </div>
   <div class='ocr_carea' id='block_1_57' title="bbox 1004 1319 1792 1355">
    <p class='ocr_par' dir='ltr' id='par_1_57' title="bbox 1004 1319 1792 1355">
     <span class='ocr_line' id='line_1_57' title="bbox 1004 1319 1792 1355; baseline -0.003 -9"><span class='ocrx_word' id='word_1_409' title='bbox 1004 1332 1012 1346; x_wconf 77' lang='grc' dir='ltr'><strong>ι</strong></span> <span class='ocrx_word' id='word_1_410' title='bbox 1027 1322 1079 1348; x_wconf 75' lang='grc' dir='ltr'><strong>Σὺν</strong></span> <span class='ocrx_word' id='word_1_411' title='bbox 1091 1322 1147 1352; x_wconf 82' lang='grc' dir='ltr'>τοῖς</span> <span class='ocrx_word' id='word_1_412' title='bbox 1160 1321 1264 1355; x_wconf 78' lang='grc' dir='ltr'>θηρίοις</span> <span class='ocrx_word' id='word_1_413' title='bbox 1277 1319 1324 1346; x_wconf 78' lang='grc' dir='ltr'>τοῦ</span> <span class='ocrx_word' id='word_1_414' title='bbox 1342 1319 1438 1355; x_wconf 80' lang='grc' dir='ltr'><strong>ἀγροῦ,</strong></span> <span class='ocrx_word' id='word_1_415' title='bbox 1453 1319 1500 1346; x_wconf 80' lang='grc' dir='ltr'><strong>καὶ</strong></span> <span class='ocrx_word' id='word_1_416' title='bbox 1523 1320 1579 1351; x_wconf 84' lang='grc' dir='ltr'>τοῖς</span> <span class='ocrx_word' id='word_1_417' title='bbox 1601 1319 1726 1354; x_wconf 78' lang='grc' dir='ltr'>ἑρπετοῖς</span> <span class='ocrx_word' id='word_1_418' title='bbox 1740 1319 1792 1353; x_wconf 77' lang='grc' dir='ltr'>τῆς</span> 
     </span>
    </p>
   </div>
   <div class='ocr_carea' id='block_1_58' title="bbox 1001 1363 1791 1402">
    <p class='ocr_par' dir='ltr' id='par_1_58' title="bbox 1001 1363 1791 1402">
     <span class='ocr_line' id='line_1_58' title="bbox 1001 1363 1791 1402; baseline -0.003 -10"><span class='ocrx_word' id='word_1_419' title='bbox 1001 1369 1062 1402; x_wconf 87' lang='grc' dir='ltr'>γῆς,</span> <span class='ocrx_word' id='word_1_420' title='bbox 1074 1367 1120 1394; x_wconf 76' lang='grc' dir='ltr'>καὶ</span> <span class='ocrx_word' id='word_1_421' title='bbox 1132 1367 1179 1393; x_wconf 67' lang='grc' dir='ltr'><strong>σὺν</strong></span> <span class='ocrx_word' id='word_1_422' title='bbox 1194 1368 1251 1397; x_wconf 83' lang='grc' dir='ltr'>τοῖς</span> <span class='ocrx_word' id='word_1_423' title='bbox 1263 1367 1394 1397; x_wconf 80' lang='grc' dir='ltr'>πετεινοῖς</span> <span class='ocrx_word' id='word_1_424' title='bbox 1411 1365 1456 1392; x_wconf 83' lang='grc' dir='ltr'>τοῦ</span> <span class='ocrx_word' id='word_1_425' title='bbox 1477 1364 1602 1401; x_wconf 76' lang='grc' dir='ltr'>οὐρανοῦ.</span> <span class='ocrx_word' id='word_1_426' title='bbox 1621 1374 1630 1391; x_wconf 74' lang='grc' dir='ltr'><strong>ι</strong></span> <span class='ocrx_word' id='word_1_427' title='bbox 1647 1363 1791 1400; x_wconf 83' lang='grc' dir='ltr'>Τροπικῶς</span> 
     </span>
    </p>
   </div>
   <div class='ocr_carea' id='block_1_59' title="bbox 1001 1411 1793 1448">
    <p class='ocr_par' dir='ltr' id='par_1_59' title="bbox 1001 1411 1793 1448">
     <span class='ocr_line' id='line_1_59' title="bbox 1001 1411 1793 1448; baseline -0.005 -8"><span class='ocrx_word' id='word_1_428' title='bbox 1001 1414 1074 1448; x_wconf 76' lang='grc' dir='ltr'>λέγει</span> <span class='ocrx_word' id='word_1_429' title='bbox 1089 1414 1159 1440; x_wconf 74' lang='grc' dir='ltr'>κατὰ</span> <span class='ocrx_word' id='word_1_430' title='bbox 1182 1413 1212 1439; x_wconf 86' lang='grc' dir='ltr'><strong>τὺ</strong></span> <span class='ocrx_word' id='word_1_431' title='bbox 1230 1413 1334 1445; x_wconf 70' lang='grc' dir='ltr'>εἰωθὸς,</span> <span class='ocrx_word' id='word_1_432' title='bbox 1361 1413 1401 1439; x_wconf 81' lang='grc' dir='ltr'>ὃτι</span> <span class='ocrx_word' id='word_1_433' title='bbox 1424 1411 1635 1439; x_wconf 75' lang='grc' dir='ltr'>συναπολοῦνται</span> <span class='ocrx_word' id='word_1_434' title='bbox 1652 1411 1698 1438; x_wconf 73' lang='grc' dir='ltr'><strong>καὶ</strong></span> <span class='ocrx_word' id='word_1_435' title='bbox 1715 1411 1740 1438; x_wconf 79' lang='lat' dir='ltr'><strong>oi.</strong></span> <span class='ocrx_word' id='word_1_436' title='bbox 1763 1411 1793 1437; x_wconf 77' lang='grc' dir='ltr'>ἐν</span> 
     </span>
    </p>
   </div>
   <div class='ocr_carea' id='block_1_60' title="bbox 1001 1457 1795 1494">
    <p class='ocr_par' dir='ltr' id='par_1_60' title="bbox 1001 1457 1795 1494">
     <span class='ocr_line' id='line_1_60' title="bbox 1001 1457 1795 1494; baseline -0.004 -8"><span class='ocrx_word' id='word_1_437' title='bbox 1001 1461 1091 1491; x_wconf 83' lang='grc' dir='ltr'>αὐτοῖς</span> <span class='ocrx_word' id='word_1_438' title='bbox 1107 1459 1214 1486; x_wconf 77' lang='grc' dir='ltr'>δυνατοὶ</span> <span class='ocrx_word' id='word_1_439' title='bbox 1227 1460 1282 1490; x_wconf 84' lang='grc' dir='ltr'>τοῖς</span> <span class='ocrx_word' id='word_1_440' title='bbox 1297 1459 1409 1491; x_wconf 77' lang='grc' dir='ltr'>λοιποῖς,</span> <span class='ocrx_word' id='word_1_441' title='bbox 1422 1459 1446 1484; x_wconf 78' lang='grc' dir='ltr'><strong>οἱ</strong></span> <span class='ocrx_word' id='word_1_442' title='bbox 1459 1458 1561 1494; x_wconf 82' lang='grc' dir='ltr'>θηρίων</span> <span class='ocrx_word' id='word_1_443' title='bbox 1580 1466 1610 1484; x_wconf 85' lang='grc' dir='ltr'><strong>τε</strong></span> <span class='ocrx_word' id='word_1_444' title='bbox 1625 1457 1702 1492; x_wconf 86' lang='grc' dir='ltr'>δίκην</span> <span class='ocrx_word' id='word_1_445' title='bbox 1723 1458 1795 1491; x_wconf 84' lang='grc' dir='ltr'>ὲπη-</span> 
     </span>
    </p>
   </div>
   <div class='ocr_carea' id='block_1_61' title="bbox 1004 1502 1794 1542">
    <p class='ocr_par' dir='ltr' id='par_1_61' title="bbox 1004 1502 1794 1542">
     <span class='ocr_line' id='line_1_61' title="bbox 1004 1502 1794 1542; baseline -0.004 -10"><span class='ocrx_word' id='word_1_446' title='bbox 1004 1506 1143 1542; x_wconf 77' lang='grc' dir='ltr'>ρεάζοντες</span> <span class='ocrx_word' id='word_1_447' title='bbox 1158 1507 1213 1537; x_wconf 84' lang='grc' dir='ltr'>τοῖς</span> <span class='ocrx_word' id='word_1_448' title='bbox 1229 1504 1448 1540; x_wconf 78' lang='grc' dir='ltr'>ἀσθενεστέροις·</span> <span class='ocrx_word' id='word_1_449' title='bbox 1460 1504 1507 1531; x_wconf 70' lang='grc' dir='ltr'>καὶ</span> <span class='ocrx_word' id='word_1_450' title='bbox 1519 1504 1613 1539; x_wconf 78' lang='grc' dir='ltr'>ὥσπερ</span> <span class='ocrx_word' id='word_1_451' title='bbox 1628 1503 1688 1530; x_wconf 83' lang='grc' dir='ltr'>τινὰ</span> <span class='ocrx_word' id='word_1_452' title='bbox 1705 1502 1794 1537; x_wconf 73' lang='grc' dir='ltr'>πτηνὰ</span> 
     </span>
    </p>
   </div>
   <div class='ocr_carea' id='block_1_62' title="bbox 161 1539 951 1589">
    <p class='ocr_par' dir='ltr' id='par_1_62' title="bbox 161 1539 950 1584">
     <span class='ocr_line' id='line_1_62' title="bbox 161 1539 950 1584; baseline 0.013 -18"><span class='ocrx_word' id='word_1_453' title='bbox 161 1539 280 1575; x_wconf 84' lang='lat' dir='ltr'><strong>denique</strong></span> <span class='ocrx_word' id='word_1_454' title='bbox 302 1544 470 1578; x_wconf 85' lang='lat' dir='ltr'><strong>serpentium</strong></span> <span class='ocrx_word' id='word_1_455' title='bbox 496 1546 549 1572; x_wconf 90' lang='lat' dir='ltr'><strong>ritu</strong></span> <span class='ocrx_word' id='word_1_456' title='bbox 575 1547 715 1581; x_wconf 85' lang='lat' dir='ltr'><strong>proximos</strong></span> <span class='ocrx_word' id='word_1_457' title='bbox 746 1557 870 1584; x_wconf 72' lang='lat' dir='ltr'><strong>quosque</strong></span> <span class='ocrx_word' id='word_1_458' title='bbox 889 1551 950 1576; x_wconf 82' lang='lat' dir='ltr'><strong>vul-</strong></span> 
     </span>
    </p>
   </div>
   <div class='ocr_carea' id='block_1_63' title="bbox 1004 1539 1793 1589">
    <p class='ocr_par' dir='ltr' id='par_1_63' title="bbox 1004 1539 1793 1587">
     <span class='ocr_line' id='line_1_63' title="bbox 1004 1539 1793 1587; baseline 0.006 -9"><span class='ocrx_word' id='word_1_459' title='bbox 1004 1539 1109 1587; x_wconf 67' lang='grc' dir='ltr'>αθρὸον.</span> <span class='ocrx_word' id='word_1_460' title='bbox 1125 1553 1184 1583; x_wconf 82' lang='grc' dir='ltr'>ταῖς</span> <span class='ocrx_word' id='word_1_461' title='bbox 1204 1551 1258 1577; x_wconf 90' lang='grc' dir='ltr'><strong>τῶν</strong></span> <span class='ocrx_word' id='word_1_462' title='bbox 1275 1551 1398 1586; x_wconf 79' lang='grc' dir='ltr'>πενήτων</span> <span class='ocrx_word' id='word_1_463' title='bbox 1415 1551 1554 1585; x_wconf 80' lang='grc' dir='ltr'>ἁρπαγαῖς</span> <span class='ocrx_word' id='word_1_464' title='bbox 1577 1550 1700 1581; x_wconf 74' lang='grc' dir='ltr'>ἐπιόντες</span> <span class='ocrx_word' id='word_1_465' title='bbox 1712 1558 1722 1563; x_wconf 88' lang='grc'><em>’</em></span> <span class='ocrx_word' id='word_1_466' title='bbox 1745 1549 1793 1575; x_wconf 57' lang='grc' dir='ltr'><strong>καὶ</strong></span> 
     </span>
    </p>
   </div>
   <div class='ocr_carea' id='block_1_64' title="bbox 162 1588 950 1630">
    <p class='ocr_par' dir='ltr' id='par_1_64' title="bbox 162 1588 950 1630">
     <span class='ocr_line' id='line_1_64' title="bbox 162 1588 950 1630; baseline 0.014 -17"><span class='ocrx_word' id='word_1_467' title='bbox 162 1594 258 1614; x_wconf 88' lang='lat' dir='ltr'><strong>nerare</strong></span> <span class='ocrx_word' id='word_1_468' title='bbox 273 1588 431 1617; x_wconf 88' lang='lat' dir='ltr'><strong>studebant.</strong></span> <span class='ocrx_word' id='word_1_469' title='bbox 445 1600 454 1616; x_wconf 75' lang='grc' dir='ltr'><strong>ι</strong></span> <span class='ocrx_word' id='word_1_470' title='bbox 470 1591 553 1619; x_wconf 84' lang='lat' dir='ltr'><strong>Maris</strong></span> <span class='ocrx_word' id='word_1_471' title='bbox 566 1601 674 1628; x_wconf 81' lang='lat' dir='ltr'><strong>quoque</strong></span> <span class='ocrx_word' id='word_1_472' title='bbox 687 1595 777 1630; x_wconf 86' lang='lat' dir='ltr'><strong>pisces</strong></span> <span class='ocrx_word' id='word_1_473' title='bbox 789 1596 925 1623; x_wconf 81' lang='lat' dir='ltr'><strong>delicicut.</strong></span> <span class='ocrx_word' id='word_1_474' title='bbox 940 1607 950 1623; x_wconf 84' lang='grc'><strong>›</strong></span> 
     </span>
    </p>
   </div>
   <div class='ocr_carea' id='block_1_65' title="bbox 163 1633 954 1676">
    <p class='ocr_par' dir='ltr' id='par_1_65' title="bbox 163 1633 954 1676">
     <span class='ocr_line' id='line_1_65' title="bbox 163 1633 954 1676; baseline 0.014 -17"><span class='ocrx_word' id='word_1_475' title='bbox 163 1633 269 1665; x_wconf 81' lang='lat' dir='ltr'><strong>Cuncti,</strong></span> <span class='ocrx_word' id='word_1_476' title='bbox 295 1639 324 1661; x_wconf 91' lang='lat' dir='ltr'><strong>ut</strong></span> <span class='ocrx_word' id='word_1_477' title='bbox 350 1643 406 1663; x_wconf 86' lang='lat' dir='ltr'><strong>uno</strong></span> <span class='ocrx_word' id='word_1_478' title='bbox 432 1639 516 1666; x_wconf 87' lang='lat' dir='ltr'><strong>verbo</strong></span> <span class='ocrx_word' id='word_1_479' title='bbox 535 1639 635 1672; x_wconf 87' lang='lat' dir='ltr'><strong>dicam,</strong></span> <span class='ocrx_word' id='word_1_480' title='bbox 655 1642 711 1675; x_wconf 87' lang='lat' dir='ltr'><strong>qui,</strong></span> <span class='ocrx_word' id='word_1_481' title='bbox 733 1645 864 1676; x_wconf 84' lang='lat' dir='ltr'><strong>tanquam</strong></span> <span class='ocrx_word' id='word_1_482' title='bbox 879 1651 954 1670; x_wconf 86' lang='lat' dir='ltr'><strong>mare</strong></span> 
     </span>
    </p>
   </div>
   <div class='ocr_carea' id='block_1_66' title="bbox 163 1678 952 1723">
    <p class='ocr_par' dir='ltr' id='par_1_66' title="bbox 163 1678 952 1723">
     <span class='ocr_line' id='line_1_66' title="bbox 163 1678 952 1723; baseline 0.014 -19"><span class='ocrx_word' id='word_1_483' title='bbox 163 1678 264 1712; x_wconf 86' lang='lat' dir='ltr'><strong>pisces.</strong></span> <span class='ocrx_word' id='word_1_484' title='bbox 285 1681 325 1707; x_wconf 78' lang='lat' dir='ltr'><strong>sic</strong></span> <span class='ocrx_word' id='word_1_485' title='bbox 343 1687 443 1710; x_wconf 88' lang='lat' dir='ltr'><strong>terram</strong></span> <span class='ocrx_word' id='word_1_486' title='bbox 461 1685 613 1719; x_wconf 85' lang='lat' dir='ltr'><strong>replebant,</strong></span> <span class='ocrx_word' id='word_1_487' title='bbox 635 1686 758 1715; x_wconf 82' lang='lat' dir='ltr'><strong>funditus</strong></span> <span class='ocrx_word' id='word_1_488' title='bbox 770 1688 952 1723; x_wconf 84' lang='lat' dir='ltr'><strong>disperibunt.</strong></span> 
     </span>
    </p>
   </div>
   <div class='ocr_carea' id='block_1_67' title="bbox 163 1723 955 1769">
    <p class='ocr_par' dir='ltr' id='par_1_67' title="bbox 163 1723 955 1769">
     <span class='ocr_line' id='line_1_67' title="bbox 163 1723 955 1769; baseline 0.014 -19"><span class='ocrx_word' id='word_1_489' title='bbox 163 1723 211 1751; x_wconf 84' lang='lat' dir='ltr'><strong>llis</strong></span> <span class='ocrx_word' id='word_1_490' title='bbox 225 1725 300 1752; x_wconf 83' lang='lat' dir='ltr'><strong>addit</strong></span> <span class='ocrx_word' id='word_1_491' title='bbox 320 1736 326 1753; x_wconf 87' lang='lat'>:</span> <span class='ocrx_word' id='word_1_492' title='bbox 353 1736 361 1752; x_wconf 81' lang='grc' dir='ltr'><strong>ι</strong></span> <span class='ocrx_word' id='word_1_493' title='bbox 388 1727 423 1754; x_wconf 92' lang='lat' dir='ltr'><strong>Ut</strong></span> <span class='ocrx_word' id='word_1_494' title='bbox 448 1737 528 1757; x_wconf 83' lang='lat' dir='ltr'><strong>nemo</strong></span> <span class='ocrx_word' id='word_1_495' title='bbox 549 1732 590 1758; x_wconf 86' lang='lat' dir='ltr'><strong>vel</strong></span> <span class='ocrx_word' id='word_1_496' title='bbox 609 1732 757 1766; x_wconf 82' lang='lat' dir='ltr'><strong>judicctur,</strong></span> <span class='ocrx_word' id='word_1_497' title='bbox 771 1734 812 1761; x_wconf 85' lang='lat' dir='ltr'><strong>vel</strong></span> <span class='ocrx_word' id='word_1_498' title='bbox 826 1739 955 1769; x_wconf 82' lang='lat' dir='ltr'><strong>arguatur</strong></span> 
     </span>
    </p>
   </div>
   <div class='ocr_carea' id='block_1_68' title="bbox 163 1770 955 1810">
    <p class='ocr_par' dir='ltr' id='par_1_68' title="bbox 163 1770 955 1810">
     <span class='ocr_line' id='line_1_68' title="bbox 163 1770 955 1810; baseline 0.016 -15"><span class='ocrx_word' id='word_1_499' title='bbox 163 1770 318 1804; x_wconf 85' lang='lat' dir='ltr'><strong>quisquam.</strong></span> <span class='ocrx_word' id='word_1_500' title='bbox 327 1772 493 1807; x_wconf 68' lang='lat' dir='ltr'><strong>)20Tanta,</strong></span> <span class='ocrx_word' id='word_1_501' title='bbox 504 1776 601 1810; x_wconf 91' lang='lat' dir='ltr'><strong>inquit,</strong></span> <span class='ocrx_word' id='word_1_502' title='bbox 610 1778 732 1804; x_wconf 91' lang='lat' dir='ltr'><strong>omnium</strong></span> <span class='ocrx_word' id='word_1_503' title='bbox 742 1787 831 1805; x_wconf 89' lang='lat' dir='ltr'><strong>rerum</strong></span> <span class='ocrx_word' id='word_1_504' title='bbox 842 1780 955 1808; x_wconf 85' lang='lat' dir='ltr'><strong>vastitas</strong></span> 
     </span>
    </p>
   </div>
   <div class='ocr_carea' id='block_1_69' title="bbox 164 1815 956 1860">
    <p class='ocr_par' dir='ltr' id='par_1_69' title="bbox 164 1815 956 1860">
     <span class='ocr_line' id='line_1_69' title="bbox 164 1815 956 1860; baseline 0.016 -19"><span class='ocrx_word' id='word_1_505' title='bbox 164 1815 226 1847; x_wconf 87' lang='lat' dir='ltr'><strong>crit,</strong></span> <span class='ocrx_word' id='word_1_506' title='bbox 237 1821 362 1852; x_wconf 89' lang='lat' dir='ltr'><strong>ntneque</strong></span> <span class='ocrx_word' id='word_1_507' title='bbox 379 1819 597 1856; x_wconf 75' lang='lat' dir='ltr'><strong>deincepsjudex</strong></span> <span class='ocrx_word' id='word_1_508' title='bbox 613 1826 743 1858; x_wconf 80' lang='lat' dir='ltr'><strong>supersit,</strong></span> <span class='ocrx_word' id='word_1_509' title='bbox 762 1833 812 1852; x_wconf 80' lang='lat' dir='ltr'><strong>nec</strong></span> <span class='ocrx_word' id='word_1_510' title='bbox 826 1827 872 1860; x_wconf 89' lang='lat' dir='ltr'><strong>qui</strong></span> <span class='ocrx_word' id='word_1_511' title='bbox 888 1827 956 1853; x_wconf 89' lang='lat' dir='ltr'><strong>alio-</strong></span> 
     </span>
    </p>
   </div>
   <div class='ocr_carea' id='block_1_70' title="bbox 165 1864 954 1906">
    <p class='ocr_par' dir='ltr' id='par_1_70' title="bbox 165 1864 954 1906">
     <span class='ocr_line' id='line_1_70' title="bbox 165 1864 954 1906; baseline 0.018 -19"><span class='ocrx_word' id='word_1_512' title='bbox 165 1869 225 1888; x_wconf 86' lang='lat' dir='ltr'><strong>rum</strong></span> <span class='ocrx_word' id='word_1_513' title='bbox 237 1864 353 1891; x_wconf 89' lang='lat' dir='ltr'><strong>erimiua</strong></span> <span class='ocrx_word' id='word_1_514' title='bbox 367 1867 505 1902; x_wconf 77' lang='lat' dir='ltr'><strong>corrigat:</strong></span> <span class='ocrx_word' id='word_1_515' title='bbox 521 1871 627 1897; x_wconf 82' lang='lat' dir='ltr'><strong>cunctis</strong></span> <span class='ocrx_word' id='word_1_516' title='bbox 637 1879 690 1898; x_wconf 82' lang='lat' dir='ltr'><strong>una</strong></span> <span class='ocrx_word' id='word_1_517' title='bbox 701 1873 868 1906; x_wconf 80' lang='lat' dir='ltr'><strong>captivitatis</strong></span> <span class='ocrx_word' id='word_1_518' title='bbox 880 1874 954 1900; x_wconf 85' lang='lat' dir='ltr'><strong>cala-</strong></span> 
     </span>
    </p>
   </div>
   <div class='ocr_carea' id='block_1_71' title="bbox 166 1907 951 1952">
    <p class='ocr_par' dir='ltr' id='par_1_71' title="bbox 166 1907 951 1952">
     <span class='ocr_line' id='line_1_71' title="bbox 166 1907 951 1952; baseline 0.015 -19"><span class='ocrx_word' id='word_1_519' title='bbox 166 1907 258 1935; x_wconf 86' lang='lat' dir='ltr'><strong>mitate</strong></span> <span class='ocrx_word' id='word_1_520' title='bbox 267 1917 342 1944; x_wconf 83' lang='lat' dir='ltr'><strong>a-que</strong></span> <span class='ocrx_word' id='word_1_521' title='bbox 353 1911 469 1939; x_wconf 88' lang='lat' dir='ltr'><strong>obrutis.</strong></span> <span class='ocrx_word' id='word_1_522' title='bbox 482 1923 491 1938; x_wconf 88' lang='grc'><strong>‹</strong></span> <span class='ocrx_word' id='word_1_523' title='bbox 501 1912 622 1948; x_wconf 82' lang='lat' dir='ltr'><strong>Populus</strong></span> <span class='ocrx_word' id='word_1_524' title='bbox 632 1920 721 1942; x_wconf 83' lang='lat' dir='ltr'><strong>autem</strong></span> <span class='ocrx_word' id='word_1_525' title='bbox 734 1925 810 1944; x_wconf 87' lang='lat' dir='ltr'><strong>meus</strong></span> <span class='ocrx_word' id='word_1_526' title='bbox 822 1922 951 1952; x_wconf 81' lang='lat' dir='ltr'><strong>tanquam</strong></span> 
     </span>
    </p>
   </div>
   <div class='ocr_carea' id='block_1_72' title="bbox 165 1954 956 1996">
    <p class='ocr_par' dir='ltr' id='par_1_72' title="bbox 165 1954 956 1996">
     <span class='ocr_line' id='line_1_72' title="bbox 165 1954 956 1996; baseline 0.015 -17"><span class='ocrx_word' id='word_1_527' title='bbox 165 1954 304 1988; x_wconf 86' lang='lat' dir='ltr'><strong>sacerdos,</strong></span> <span class='ocrx_word' id='word_1_528' title='bbox 331 1957 375 1983; x_wconf 90' lang='lat' dir='ltr'><strong>cui</strong></span> <span class='ocrx_word' id='word_1_529' title='bbox 397 1958 597 1986; x_wconf 86' lang='lat' dir='ltr'><strong>contradicitur</strong></span> <span class='ocrx_word' id='word_1_530' title='bbox 614 1970 620 1986; x_wconf 93' lang='lat'>:</span> <span class='ocrx_word' id='word_1_531' title='bbox 641 1970 649 1985; x_wconf 70' lang='grc' dir='ltr'><strong>ι</strong></span> <span class='ocrx_word' id='word_1_532' title='bbox 668 1961 800 1996; x_wconf 77' lang='lat' dir='ltr'><strong>dignitate</strong></span> <span class='ocrx_word' id='word_1_533' title='bbox 819 1964 892 1990; x_wconf 90' lang='lat' dir='ltr'><strong>omni</strong></span> <span class='ocrx_word' id='word_1_534' title='bbox 908 1964 956 1990; x_wconf 88' lang='lat' dir='ltr'><strong>de-</strong></span> 
     </span>
    </p>
   </div>
   <div class='ocr_carea' id='block_1_73' title="bbox 165 1999 952 2045">
    <p class='ocr_par' dir='ltr' id='par_1_73' title="bbox 165 1999 952 2045">
     <span class='ocr_line' id='line_1_73' title="bbox 165 1999 952 2045; baseline 0.015 -20"><span class='ocrx_word' id='word_1_535' title='bbox 165 1999 273 2032; x_wconf 82' lang='lat' dir='ltr'><strong>ciduus,</strong></span> <span class='ocrx_word' id='word_1_536' title='bbox 296 2003 426 2038; x_wconf 77' lang='lat' dir='ltr'><strong>nulloque</strong></span> <span class='ocrx_word' id='word_1_537' title='bbox 443 2005 501 2038; x_wconf 87' lang='lat' dir='ltr'><strong>jam</strong></span> <span class='ocrx_word' id='word_1_538' title='bbox 529 2006 641 2033; x_wconf 88' lang='lat' dir='ltr'><strong>habitus</strong></span> <span class='ocrx_word' id='word_1_539' title='bbox 665 2014 791 2043; x_wconf 83' lang='lat' dir='ltr'><strong>respectu</strong></span> <span class='ocrx_word' id='word_1_540' title='bbox 823 2010 923 2045; x_wconf 75' lang='lat' dir='ltr'><strong>dignus</strong></span> <span class='ocrx_word' id='word_1_541' title='bbox 947 2020 952 2036; x_wconf 76' lang='grc' dir='ltr'><strong>ε</strong></span> 
     </span>
    </p>
   </div>
   <div class='ocr_carea' id='block_1_74' title="bbox 166 2046 955 2090">
    <p class='ocr_par' dir='ltr' id='par_1_74' title="bbox 166 2046 955 2090">
     <span class='ocr_line' id='line_1_74' title="bbox 166 2046 955 2090; baseline 0.018 -19"><span class='ocrx_word' id='word_1_542' title='bbox 166 2046 250 2072; x_wconf 78' lang='lat' dir='ltr'><strong>veluti</strong></span> <span class='ocrx_word' id='word_1_543' title='bbox 267 2048 291 2074; x_wconf 87' lang='lat' dir='ltr'><strong>si</strong></span> <span class='ocrx_word' id='word_1_544' title='bbox 310 2049 372 2083; x_wconf 89' lang='lat' dir='ltr'><strong>quis</strong></span> <span class='ocrx_word' id='word_1_545' title='bbox 388 2050 556 2079; x_wconf 85' lang='lat' dir='ltr'><strong>sacerdosin</strong></span> <span class='ocrx_word' id='word_1_546' title='bbox 570 2056 784 2082; x_wconf 77' lang='lat' dir='ltr'><strong>controversiam</strong></span> <span class='ocrx_word' id='word_1_547' title='bbox 800 2057 912 2090; x_wconf 82' lang='lat' dir='ltr'><strong>incidat,</strong></span> <span class='ocrx_word' id='word_1_548' title='bbox 929 2064 955 2085; x_wconf 86' lang='lat' dir='ltr'><strong>et</strong></span> 
     </span>
    </p>
   </div>
   <div class='ocr_carea' id='block_1_75' title="bbox 165 2091 956 2131">
    <p class='ocr_par' dir='ltr' id='par_1_75' title="bbox 165 2091 956 2131">
     <span class='ocr_line' id='line_1_75' title="bbox 165 2091 956 2131; baseline 0.016 -14"><span class='ocrx_word' id='word_1_549' title='bbox 165 2091 328 2126; x_wconf 75' lang='lat' dir='ltr'><strong>deportatur,</strong></span> <span class='ocrx_word' id='word_1_550' title='bbox 347 2101 428 2130; x_wconf 84' lang='lat' dir='ltr'><strong>atque</strong></span> <span class='ocrx_word' id='word_1_551' title='bbox 454 2097 525 2131; x_wconf 83' lang='lat' dir='ltr'><strong>apud</strong></span> <span class='ocrx_word' id='word_1_552' title='bbox 546 2106 642 2126; x_wconf 88' lang='lat' dir='ltr'><strong>omnes</strong></span> <span class='ocrx_word' id='word_1_553' title='bbox 667 2100 873 2130; x_wconf 81' lang='lat' dir='ltr'><strong>delionestetur.</strong></span> <span class='ocrx_word' id='word_1_554' title='bbox 894 2114 902 2129; x_wconf 76' lang='grc' dir='ltr'><strong>ε</strong></span> <span class='ocrx_word' id='word_1_555' title='bbox 924 2103 956 2130; x_wconf 78' lang='lat' dir='ltr'><strong>Et</strong></span> 
     </span>
    </p>
   </div>
   <div class='ocr_carea' id='block_1_76' title="bbox 164 2137 955 2174">
    <p class='ocr_par' dir='ltr' id='par_1_76' title="bbox 164 2137 955 2174">
     <span class='ocr_line' id='line_1_76' title="bbox 164 2137 955 2174; baseline 0.014 -11"><span class='ocrx_word' id='word_1_556' title='bbox 164 2137 290 2165; x_wconf 84' lang='lat' dir='ltr'><strong>iuiirmus</strong></span> <span class='ocrx_word' id='word_1_557' title='bbox 314 2141 365 2166; x_wconf 90' lang='lat' dir='ltr'><strong>erit</strong></span> <span class='ocrx_word' id='word_1_558' title='bbox 391 2141 519 2169; x_wconf 88' lang='lat' dir='ltr'><strong>interdiu.</strong></span> <span class='ocrx_word' id='word_1_559' title='bbox 539 2153 548 2167; x_wconf 75' lang='grc' dir='ltr'><strong>ι</strong></span> <span class='ocrx_word' id='word_1_560' title='bbox 572 2143 730 2172; x_wconf 86' lang='lat' dir='ltr'><strong>Diulissimc</strong></span> <span class='ocrx_word' id='word_1_561' title='bbox 754 2146 782 2173; x_wconf 91' lang='lat' dir='ltr'><strong>in</strong></span> <span class='ocrx_word' id='word_1_562' title='bbox 799 2146 955 2174; x_wconf 84' lang='lat' dir='ltr'><strong>inﬁrmitate</strong></span> 
     </span>
    </p>
   </div>
   <div class='ocr_carea' id='block_1_77' title="bbox 164 2184 955 2221">
    <p class='ocr_par' dir='ltr' id='par_1_77' title="bbox 164 2184 955 2221">
     <span class='ocr_line' id='line_1_77' title="bbox 164 2184 955 2221; baseline 0.014 -11"><span class='ocrx_word' id='word_1_563' title='bbox 164 2184 321 2211; x_wconf 82' lang='lat' dir='ltr'><strong>versabitur</strong></span> <span class='ocrx_word' id='word_1_564' title='bbox 344 2185 560 2215; x_wconf 79' lang='lat' dir='ltr'><strong>incumbentium</strong></span> <span class='ocrx_word' id='word_1_565' title='bbox 585 2187 727 2218; x_wconf 78' lang='lat' dir='ltr'><strong>malarum.</strong></span> <span class='ocrx_word' id='word_1_566' title='bbox 748 2201 757 2217; x_wconf 84' lang='lat'><strong>(</strong></span> <span class='ocrx_word' id='word_1_567' title='bbox 779 2192 811 2218; x_wconf 85' lang='lat' dir='ltr'><strong>Et</strong></span> <span class='ocrx_word' id='word_1_568' title='bbox 831 2193 955 2221; x_wconf 84' lang='lat' dir='ltr'><strong>intirmus</strong></span> 
     </span>
    </p>
   </div>
   <div class='ocr_carea' id='block_1_78' title="bbox 1007 1595 1797 1634">
    <p class='ocr_par' dir='ltr' id='par_1_78' title="bbox 1007 1595 1797 1634">
     <span class='ocr_line' id='line_1_78' title="bbox 1007 1595 1797 1634; baseline -0.004 -10"><span class='ocrx_word' id='word_1_569' title='bbox 1007 1599 1055 1633; x_wconf 76' lang='grc' dir='ltr'>οὐχ</span> <span class='ocrx_word' id='word_1_570' title='bbox 1071 1595 1151 1634; x_wconf 80' lang='grc' dir='ltr'>ἦττον</span> <span class='ocrx_word' id='word_1_571' title='bbox 1171 1597 1293 1632; x_wconf 80' lang='grc' dir='ltr'>ἑρπετῶν</span> <span class='ocrx_word' id='word_1_572' title='bbox 1309 1597 1437 1631; x_wconf 76' lang='grc' dir='ltr'>βλάπτειν</span> <span class='ocrx_word' id='word_1_573' title='bbox 1453 1596 1651 1626; x_wconf 75' lang='grc' dir='ltr'>ἐσπουδακότες</span> <span class='ocrx_word' id='word_1_574' title='bbox 1667 1595 1730 1627; x_wconf 86' lang='grc' dir='ltr'>τοὺς</span> <span class='ocrx_word' id='word_1_575' title='bbox 1746 1595 1797 1621; x_wconf 74' lang='grc' dir='ltr'><strong>πέ-</strong></span> 
     </span>
    </p>
   </div>
   <div class='ocr_carea' id='block_1_79' title="bbox 1006 1641 1792 1679">
    <p class='ocr_par' dir='ltr' id='par_1_79' title="bbox 1006 1641 1792 1679">
     <span class='ocr_line' id='line_1_79' title="bbox 1006 1641 1792 1679; baseline -0.006 -9"><span class='ocrx_word' id='word_1_576' title='bbox 1006 1644 1062 1675; x_wconf 83' lang='grc' dir='ltr'>λας.</span> <span class='ocrx_word' id='word_1_577' title='bbox 1079 1646 1116 1678; x_wconf 84' lang='lat' dir='ltr'><strong>(p.</strong></span> <span class='ocrx_word' id='word_1_578' title='bbox 1129 1643 1173 1679; x_wconf 82' lang='lat'><strong>50)</strong></span> <span class='ocrx_word' id='word_1_579' title='bbox 1192 1652 1200 1668; x_wconf 84' lang='grc'><em>‹</em></span> <span class='ocrx_word' id='word_1_580' title='bbox 1215 1642 1269 1669; x_wconf 77' lang='grc' dir='ltr'><strong>Καὶ</strong></span> <span class='ocrx_word' id='word_1_581' title='bbox 1283 1642 1373 1677; x_wconf 81' lang='grc' dir='ltr'><strong>ἰχθύες</strong></span> <span class='ocrx_word' id='word_1_582' title='bbox 1384 1642 1435 1677; x_wconf 76' lang='grc' dir='ltr'>τῆς</span> <span class='ocrx_word' id='word_1_583' title='bbox 1448 1642 1585 1676; x_wconf 78' lang='grc' dir='ltr'>θαλάσσης</span> <span class='ocrx_word' id='word_1_584' title='bbox 1597 1641 1792 1676; x_wconf 69' lang='grc' dir='ltr'>ἐκλείψουσιν.»</span> 
     </span>
    </p>
   </div>
   <div class='ocr_carea' id='block_1_80' title="bbox 1006 1687 1795 1724">
    <p class='ocr_par' dir='ltr' id='par_1_80' title="bbox 1006 1687 1795 1724">
     <span class='ocr_line' id='line_1_80' title="bbox 1006 1687 1795 1724; baseline -0.003 -8"><span class='ocrx_word' id='word_1_585' title='bbox 1006 1691 1157 1721; x_wconf 70' lang='grc' dir='ltr'>Ἅπαντες,</span> <span class='ocrx_word' id='word_1_586' title='bbox 1185 1689 1323 1724; x_wconf 71' lang='grc' dir='ltr'>συντόμως</span> <span class='ocrx_word' id='word_1_587' title='bbox 1343 1690 1438 1721; x_wconf 77' lang='grc' dir='ltr'>εἰπεῖν,</span> <span class='ocrx_word' id='word_1_588' title='bbox 1456 1689 1480 1715; x_wconf 76' lang='grc' dir='ltr'>οἱ</span> <span class='ocrx_word' id='word_1_589' title='bbox 1499 1689 1559 1715; x_wconf 84' lang='grc' dir='ltr'>καθ’</span> <span class='ocrx_word' id='word_1_590' title='bbox 1574 1689 1720 1724; x_wconf 83' lang='grc' dir='ltr'>ὁμοιότητα</span> <span class='ocrx_word' id='word_1_591' title='bbox 1738 1687 1795 1714; x_wconf 84' lang='grc' dir='ltr'><strong>τῶν</strong></span> 
     </span>
    </p>
   </div>
   <div class='ocr_carea' id='block_1_81' title="bbox 1005 1734 1796 1771">
    <p class='ocr_par' dir='ltr' id='par_1_81' title="bbox 1005 1734 1796 1771">
     <span class='ocr_line' id='line_1_81' title="bbox 1005 1734 1796 1771; baseline -0.003 -9"><span class='ocrx_word' id='word_1_592' title='bbox 1005 1737 1053 1771; x_wconf 78' lang='grc' dir='ltr'>τῆς</span> <span class='ocrx_word' id='word_1_593' title='bbox 1069 1736 1202 1770; x_wconf 72' lang='grc' dir='ltr'>θαλάττης</span> <span class='ocrx_word' id='word_1_594' title='bbox 1221 1735 1318 1770; x_wconf 75' lang='grc' dir='ltr'>ἰχθύων</span> <span class='ocrx_word' id='word_1_595' title='bbox 1339 1735 1505 1770; x_wconf 77' lang='grc' dir='ltr'>πληροῦντες</span> <span class='ocrx_word' id='word_1_596' title='bbox 1519 1735 1568 1770; x_wconf 84' lang='grc' dir='ltr'>τὴν</span> <span class='ocrx_word' id='word_1_597' title='bbox 1586 1735 1636 1770; x_wconf 74' lang='grc' dir='ltr'>γῆν</span> <span class='ocrx_word' id='word_1_598' title='bbox 1645 1734 1730 1770; x_wconf 82' lang='grc' dir='ltr'>ἄρδην</span> <span class='ocrx_word' id='word_1_599' title='bbox 1742 1735 1796 1760; x_wconf 87' lang='grc' dir='ltr'><strong>ἁπ-</strong></span> 
     </span>
    </p>
   </div>
   <div class='ocr_carea' id='block_1_82' title="bbox 1005 1779 1797 1815">
    <p class='ocr_par' dir='ltr' id='par_1_82' title="bbox 1005 1779 1797 1815">
     <span class='ocr_line' id='line_1_82' title="bbox 1005 1779 1797 1815; baseline -0.003 -7"><span class='ocrx_word' id='word_1_600' title='bbox 1005 1781 1138 1808; x_wconf 76' lang='grc' dir='ltr'>ολοῧνται.</span> <span class='ocrx_word' id='word_1_601' title='bbox 1154 1781 1266 1811; x_wconf 72' lang='grc' dir='ltr'>Τούτοις</span> <span class='ocrx_word' id='word_1_602' title='bbox 1278 1781 1384 1815; x_wconf 73' lang='grc' dir='ltr'>ἐπάγει·</span> <span class='ocrx_word' id='word_1_603' title='bbox 1404 1781 1514 1812; x_wconf 81' lang='grc' dir='ltr'>ιὊπως</span> <span class='ocrx_word' id='word_1_604' title='bbox 1532 1780 1625 1815; x_wconf 79' lang='grc' dir='ltr'>μηδεὶς</span> <span class='ocrx_word' id='word_1_605' title='bbox 1641 1780 1709 1815; x_wconf 85' lang='grc' dir='ltr'>μήτε</span> <span class='ocrx_word' id='word_1_606' title='bbox 1721 1779 1797 1806; x_wconf 80' lang='grc' dir='ltr'>δικά-</span> 
     </span>
    </p>
   </div>
   <div class='ocr_carea' id='block_1_83' title="bbox 1006 1825 1796 1862">
    <p class='ocr_par' dir='ltr' id='par_1_83' title="bbox 1006 1825 1796 1862">
     <span class='ocr_line' id='line_1_83' title="bbox 1006 1825 1796 1862; baseline -0.001 -10"><span class='ocrx_word' id='word_1_607' title='bbox 1006 1826 1095 1861; x_wconf 81' lang='grc' dir='ltr'>ζηται,</span> <span class='ocrx_word' id='word_1_608' title='bbox 1113 1827 1180 1862; x_wconf 88' lang='grc' dir='ltr'>μήτε</span> <span class='ocrx_word' id='word_1_609' title='bbox 1196 1826 1339 1860; x_wconf 78' lang='grc' dir='ltr'>ἐλέγχηται</span> <span class='ocrx_word' id='word_1_610' title='bbox 1355 1826 1458 1861; x_wconf 81' lang='grc' dir='ltr'>μηδείς.</span> <span class='ocrx_word' id='word_1_611' title='bbox 1475 1835 1484 1851; x_wconf 72' lang='grc' dir='ltr'><strong>ι</strong></span> <span class='ocrx_word' id='word_1_612' title='bbox 1507 1825 1630 1860; x_wconf 81' lang='grc' dir='ltr'>Τοσαύτη</span> <span class='ocrx_word' id='word_1_613' title='bbox 1647 1826 1686 1857; x_wconf 79' lang='grc' dir='ltr'><strong>δὲ,</strong></span> <span class='ocrx_word' id='word_1_614' title='bbox 1703 1826 1796 1861; x_wconf 78' lang='grc' dir='ltr'>φησὶν.</span> 
     </span>
    </p>
   </div>
   <div class='ocr_carea' id='block_1_84' title="bbox 1006 1867 1797 1906">
    <p class='ocr_par' dir='ltr' id='par_1_84' title="bbox 1006 1867 1797 1906">
     <span class='ocr_line' id='line_1_84' title="bbox 1006 1867 1797 1906; baseline 0 -10"><span class='ocrx_word' id='word_1_615' title='bbox 1006 1871 1114 1897; x_wconf 70' lang='grc' dir='ltr'>ἅπαντα</span> <span class='ocrx_word' id='word_1_616' title='bbox 1131 1870 1232 1906; x_wconf 77' lang='grc' dir='ltr'>ἐρημία</span> <span class='ocrx_word' id='word_1_617' title='bbox 1250 1870 1369 1903; x_wconf 79' lang='grc' dir='ltr'>καθέξει,</span> <span class='ocrx_word' id='word_1_618' title='bbox 1395 1870 1432 1902; x_wconf 84' lang='grc' dir='ltr'>ὡς</span> <span class='ocrx_word' id='word_1_619' title='bbox 1452 1871 1520 1906; x_wconf 86' lang='grc' dir='ltr'>μήτε</span> <span class='ocrx_word' id='word_1_620' title='bbox 1536 1870 1582 1896; x_wconf 71' lang='grc' dir='ltr'>τὸν</span> <span class='ocrx_word' id='word_1_621' title='bbox 1596 1870 1739 1902; x_wconf 74' lang='grc' dir='ltr'>δικάζοντα</span> <span class='ocrx_word' id='word_1_622' title='bbox 1756 1867 1797 1897; x_wconf 80' lang='grc' dir='ltr'><strong>εἴ·</strong></span> 
     </span>
    </p>
   </div>
   <div class='ocr_carea' id='block_1_85' title="bbox 1006 1915 1798 1951">
    <p class='ocr_par' dir='ltr' id='par_1_85' title="bbox 1006 1915 1798 1951">
     <span class='ocr_line' id='line_1_85' title="bbox 1006 1915 1798 1951; baseline 0 -9"><span class='ocrx_word' id='word_1_623' title='bbox 1006 1925 1050 1942; x_wconf 79' lang='grc' dir='ltr'><strong>ναι</strong></span> <span class='ocrx_word' id='word_1_624' title='bbox 1066 1916 1168 1948; x_wconf 68' lang='grc' dir='ltr'>λοιπον,</span> <span class='ocrx_word' id='word_1_625' title='bbox 1188 1917 1255 1951; x_wconf 85' lang='grc' dir='ltr'>μήτε</span> <span class='ocrx_word' id='word_1_626' title='bbox 1277 1916 1322 1942; x_wconf 71' lang='grc' dir='ltr'><strong>τὸν</strong></span> <span class='ocrx_word' id='word_1_627' title='bbox 1336 1916 1370 1942; x_wconf 75' lang='grc' dir='ltr'><strong>τὰ</strong></span> <span class='ocrx_word' id='word_1_628' title='bbox 1387 1915 1489 1951; x_wconf 78' lang='grc' dir='ltr'>ἐτέρων</span> <span class='ocrx_word' id='word_1_629' title='bbox 1507 1915 1696 1951; x_wconf 77' lang='grc' dir='ltr'>διορθούμενον</span> <span class='ocrx_word' id='word_1_630' title='bbox 1719 1915 1798 1942; x_wconf 79' lang='grc' dir='ltr'>πταί-</span> 
     </span>
    </p>
   </div>
   <div class='ocr_carea' id='block_1_86' title="bbox 1007 1961 1798 1998">
    <p class='ocr_par' dir='ltr' id='par_1_86' title="bbox 1007 1961 1798 1998">
     <span class='ocr_line' id='line_1_86' title="bbox 1007 1961 1798 1998; baseline -0.003 -9"><span class='ocrx_word' id='word_1_631' title='bbox 1007 1971 1111 1998; x_wconf 69' lang='grc' dir='ltr'>σματα·</span> <span class='ocrx_word' id='word_1_632' title='bbox 1130 1964 1179 1998; x_wconf 75' lang='grc' dir='ltr'><strong>μιᾷ</strong></span> <span class='ocrx_word' id='word_1_633' title='bbox 1191 1964 1223 1998; x_wconf 85' lang='grc' dir='ltr'><strong>τῇ</strong></span> <span class='ocrx_word' id='word_1_634' title='bbox 1239 1963 1287 1998; x_wconf 85' lang='grc' dir='ltr'>τῆς</span> <span class='ocrx_word' id='word_1_635' title='bbox 1301 1961 1489 1998; x_wconf 81' lang='grc' dir='ltr'>αἰχμαλωσίας</span> <span class='ocrx_word' id='word_1_636' title='bbox 1507 1963 1634 1998; x_wconf 74' lang='grc' dir='ltr'>συμφορᾷ</span> <span class='ocrx_word' id='word_1_637' title='bbox 1650 1962 1798 1997; x_wconf 85' lang='grc' dir='ltr'>κατεχομέ-</span> 
     </span>
    </p>
   </div>
   <div class='ocr_carea' id='block_1_87' title="bbox 1006 2008 1798 2044">
    <p class='ocr_par' dir='ltr' id='par_1_87' title="bbox 1006 2008 1798 2044">
     <span class='ocr_line' id='line_1_87' title="bbox 1006 2008 1798 2044; baseline 0 -9"><span class='ocrx_word' id='word_1_638' title='bbox 1006 2018 1057 2035; x_wconf 86' lang='grc' dir='ltr'><strong>νων</strong></span> <span class='ocrx_word' id='word_1_639' title='bbox 1066 2010 1191 2036; x_wconf 78' lang='grc' dir='ltr'>ἁπὰντων</span> <span class='ocrx_word' id='word_1_640' title='bbox 1199 2009 1308 2044; x_wconf 50' lang='lat' dir='ltr'><strong>epeia);</strong></span> <span class='ocrx_word' id='word_1_641' title='bbox 1323 2019 1331 2034; x_wconf 88' lang='grc'><strong>(</strong></span> <span class='ocrx_word' id='word_1_642' title='bbox 1343 2010 1370 2035; x_wconf 88' lang='grc'><strong>’0</strong></span> <span class='ocrx_word' id='word_1_643' title='bbox 1379 2008 1407 2035; x_wconf 79' lang='grc' dir='ltr'>δὲ</span> <span class='ocrx_word' id='word_1_644' title='bbox 1415 2009 1478 2040; x_wconf 79' lang='grc' dir='ltr'>λαός</span> <span class='ocrx_word' id='word_1_645' title='bbox 1487 2018 1536 2044; x_wconf 86' lang='grc' dir='ltr'><strong>μου</strong></span> <span class='ocrx_word' id='word_1_646' title='bbox 1548 2009 1585 2040; x_wconf 79' lang='grc' dir='ltr'>ὡς</span> <span class='ocrx_word' id='word_1_647' title='bbox 1593 2010 1641 2035; x_wconf 84' lang='grc' dir='ltr'>ἀντ</span> <span class='ocrx_word' id='word_1_648' title='bbox 1646 2009 1798 2044; x_wconf 82' lang='grc' dir='ltr'>ιλεγόμενος</span> 
     </span>
    </p>
   </div>
   <div class='ocr_carea' id='block_1_88' title="bbox 1008 2054 1799 2090">
    <p class='ocr_par' dir='ltr' id='par_1_88' title="bbox 1008 2054 1799 2090">
     <span class='ocr_line' id='line_1_88' title="bbox 1008 2054 1799 2090; baseline 0 -10"><span class='ocrx_word' id='word_1_649' title='bbox 1008 2055 1104 2089; x_wconf 66' lang='grc' dir='ltr'>ἱερεύς</span> <span class='ocrx_word' id='word_1_650' title='bbox 1113 2065 1121 2080; x_wconf 73' lang='grc' dir='ltr'><strong>ι</strong></span> <span class='ocrx_word' id='word_1_651' title='bbox 1134 2055 1222 2090; x_wconf 82' lang='grc' dir='ltr'>πάσης</span> <span class='ocrx_word' id='word_1_652' title='bbox 1229 2054 1373 2081; x_wconf 81' lang='grc' dir='ltr'>ἀποπεσὼν</span> <span class='ocrx_word' id='word_1_653' title='bbox 1381 2055 1428 2089; x_wconf 78' lang='grc' dir='ltr'>τῆς</span> <span class='ocrx_word' id='word_1_654' title='bbox 1439 2054 1554 2089; x_wconf 80' lang='grc' dir='ltr'>πρόσθεν</span> <span class='ocrx_word' id='word_1_655' title='bbox 1561 2054 1648 2086; x_wconf 76' lang='grc' dir='ltr'>ἀξίας.</span> <span class='ocrx_word' id='word_1_656' title='bbox 1659 2054 1799 2080; x_wconf 74' lang='grc' dir='ltr'>καὶοὺδενὶ</span> 
     </span>
    </p>
   </div>
   <div class='ocr_carea' id='block_1_89' title="bbox 1006 2099 1798 2135">
    <p class='ocr_par' dir='ltr' id='par_1_89' title="bbox 1006 2099 1798 2135">
     <span class='ocr_line' id='line_1_89' title="bbox 1006 2099 1798 2135; baseline -0.001 -9"><span class='ocrx_word' id='word_1_657' title='bbox 1006 2101 1077 2135; x_wconf 71' lang='grc' dir='ltr'>λόγῳ</span> <span class='ocrx_word' id='word_1_658' title='bbox 1084 2100 1243 2135; x_wconf 68' lang='grc' dir='ltr'>φαινόμενος</span> <span class='ocrx_word' id='word_1_659' title='bbox 1251 2100 1333 2132; x_wconf 78' lang='grc' dir='ltr'>ἄξιος·</span> <span class='ocrx_word' id='word_1_660' title='bbox 1343 2100 1436 2135; x_wconf 76' lang='grc' dir='ltr'>ὥσπερ</span> <span class='ocrx_word' id='word_1_661' title='bbox 1443 2099 1475 2126; x_wconf 77' lang='grc' dir='ltr'>ἂν</span> <span class='ocrx_word' id='word_1_662' title='bbox 1486 2101 1558 2131; x_wconf 80' lang='grc' dir='ltr'>εἴτις</span> <span class='ocrx_word' id='word_1_663' title='bbox 1568 2100 1589 2125; x_wconf 82' lang='grc' dir='ltr'><strong>ίε</strong></span> <span class='ocrx_word' id='word_1_664' title='bbox 1594 2099 1656 2134; x_wconf 81' lang='grc' dir='ltr'>ρεὺς</span> <span class='ocrx_word' id='word_1_665' title='bbox 1663 2100 1702 2130; x_wconf 84' lang='grc' dir='ltr'><strong>είς</strong></span> <span class='ocrx_word' id='word_1_666' title='bbox 1709 2099 1798 2135; x_wconf 76' lang='grc' dir='ltr'>ἀντίρ-</span> 
     </span>
    </p>
   </div>
   <div class='ocr_carea' id='block_1_90' title="bbox 1008 2147 1798 2183">
    <p class='ocr_par' dir='ltr' id='par_1_90' title="bbox 1008 2147 1798 2183">
     <span class='ocr_line' id='line_1_90' title="bbox 1008 2147 1798 2183; baseline 0 -9"><span class='ocrx_word' id='word_1_667' title='bbox 1008 2149 1086 2183; x_wconf 73' lang='grc' dir='ltr'>ρησιν</span> <span class='ocrx_word' id='word_1_668' title='bbox 1094 2157 1126 2174; x_wconf 84' lang='grc' dir='ltr'><strong>πε</strong></span> <span class='ocrx_word' id='word_1_669' title='bbox 1132 2147 1195 2177; x_wconf 77' lang='grc' dir='ltr'>σὼν.</span> <span class='ocrx_word' id='word_1_670' title='bbox 1207 2148 1328 2174; x_wconf 82' lang='grc' dir='ltr'>ἁθετοῖτό</span> <span class='ocrx_word' id='word_1_671' title='bbox 1336 2156 1365 2174; x_wconf 84' lang='grc' dir='ltr'><strong>τε</strong></span> <span class='ocrx_word' id='word_1_672' title='bbox 1375 2149 1422 2174; x_wconf 81' lang='grc' dir='ltr'>καὶ</span> <span class='ocrx_word' id='word_1_673' title='bbox 1432 2148 1463 2174; x_wconf 81' lang='grc' dir='ltr'><strong>ατ</strong></span> <span class='ocrx_word' id='word_1_674' title='bbox 1469 2147 1591 2182; x_wconf 77' lang='grc' dir='ltr'>ιμὰζοιτο</span> <span class='ocrx_word' id='word_1_675' title='bbox 1597 2147 1671 2182; x_wconf 77' lang='grc' dir='ltr'>παρὰ</span> <span class='ocrx_word' id='word_1_676' title='bbox 1678 2147 1798 2175; x_wconf 75' lang='grc' dir='ltr'>πάντων.</span> 
     </span>
    </p>
   </div>
   <div class='ocr_carea' id='block_1_91' title="bbox 1010 2193 1799 2230">
    <p class='ocr_par' dir='ltr' id='par_1_91' title="bbox 1010 2193 1799 2230">
     <span class='ocr_line' id='line_1_91' title="bbox 1010 2193 1799 2230; baseline 0 -11"><span class='ocrx_word' id='word_1_677' title='bbox 1010 2204 1018 2219; x_wconf 85' lang='grc'><strong>‹</strong></span> <span class='ocrx_word' id='word_1_678' title='bbox 1032 2194 1085 2219; x_wconf 74' lang='grc' dir='ltr'>Καὶ</span> <span class='ocrx_word' id='word_1_679' title='bbox 1098 2195 1239 2229; x_wconf 76' lang='grc' dir='ltr'>ἀσθενήσει</span> <span class='ocrx_word' id='word_1_680' title='bbox 1252 2194 1367 2229; x_wconf 79' lang='grc' dir='ltr'>ἡμέρας.</span> <span class='ocrx_word' id='word_1_681' title='bbox 1385 2203 1395 2219; x_wconf 83' lang='grc'><strong>›</strong></span> <span class='ocrx_word' id='word_1_682' title='bbox 1418 2193 1479 2219; x_wconf 81' lang='grc' dir='ltr'>Ἐπὶ</span> <span class='ocrx_word' id='word_1_683' title='bbox 1495 2193 1619 2220; x_wconf 83' lang='grc' dir='ltr'>πλεῖστον</span> <span class='ocrx_word' id='word_1_684' title='bbox 1631 2195 1659 2220; x_wconf 81' lang='grc' dir='ltr'>ὲν</span> <span class='ocrx_word' id='word_1_685' title='bbox 1673 2193 1799 2230; x_wconf 66' lang='grc' dir='ltr'>ἀσθενείᾳ</span> 
     </span>
    </p>
   </div>
   <div class='ocr_carea' id='block_1_92' title="bbox 164 2230 951 2275">
    <p class='ocr_par' dir='ltr' id='par_1_92' title="bbox 164 2230 951 2272">
     <span class='ocr_line' id='line_1_92' title="bbox 164 2230 951 2272; baseline 0.017 -18"><span class='ocrx_word' id='word_1_686' title='bbox 164 2230 217 2255; x_wconf 50' lang='lat' dir='ltr'><strong>iuvit</strong></span> <span class='ocrx_word' id='word_1_687' title='bbox 237 2230 367 2264; x_wconf 76' lang='lat' dir='ltr'><strong>propheta</strong></span> <span class='ocrx_word' id='word_1_688' title='bbox 388 2236 476 2259; x_wconf 80' lang='lat' dir='ltr'><strong>tecum</strong></span> <span class='ocrx_word' id='word_1_689' title='bbox 499 2239 593 2261; x_wconf 89' lang='lat' dir='ltr'><strong>noctu.</strong></span> <span class='ocrx_word' id='word_1_690' title='bbox 613 2245 622 2260; x_wconf 73' lang='grc' dir='ltr'><strong>ι</strong></span> <span class='ocrx_word' id='word_1_691' title='bbox 649 2235 681 2262; x_wconf 88' lang='lat' dir='ltr'><strong>Et</strong></span> <span class='ocrx_word' id='word_1_692' title='bbox 707 2238 753 2272; x_wconf 92' lang='lat' dir='ltr'><strong>qni</strong></span> <span class='ocrx_word' id='word_1_693' title='bbox 779 2238 856 2266; x_wconf 80' lang='lat' dir='ltr'><strong>falsis</strong></span> <span class='ocrx_word' id='word_1_694' title='bbox 876 2244 951 2267; x_wconf 84' lang='lat' dir='ltr'><strong>antea</strong></span> 
     </span>
    </p>
   </div>
   <div class='ocr_carea' id='block_1_93' title="bbox 1004 2230 1799 2275">
    <p class='ocr_par' dir='ltr' id='par_1_93' title="bbox 1009 2240 1799 2275">
     <span class='ocr_line' id='line_1_93' title="bbox 1009 2240 1799 2275; baseline 0 -9"><span class='ocrx_word' id='word_1_695' title='bbox 1009 2241 1060 2267; x_wconf 76' lang='grc' dir='ltr'><strong>ὑπὸ</strong></span> <span class='ocrx_word' id='word_1_696' title='bbox 1075 2242 1128 2267; x_wconf 84' lang='grc' dir='ltr'><strong>τῶν</strong></span> <span class='ocrx_word' id='word_1_697' title='bbox 1141 2241 1322 2275; x_wconf 77' lang='grc' dir='ltr'>ἐπικειμένων</span> <span class='ocrx_word' id='word_1_698' title='bbox 1338 2241 1482 2274; x_wconf 81' lang='grc' dir='ltr'>γενήσεται</span> <span class='ocrx_word' id='word_1_699' title='bbox 1496 2240 1598 2267; x_wconf 80' lang='grc' dir='ltr'>κακῶν.</span> <span class='ocrx_word' id='word_1_700' title='bbox 1621 2251 1630 2266; x_wconf 76' lang='grc' dir='ltr'><strong>ε</strong></span> <span class='ocrx_word' id='word_1_701' title='bbox 1650 2241 1703 2267; x_wconf 75' lang='grc' dir='ltr'>Καὶ</span> <span class='ocrx_word' id='word_1_702' title='bbox 1718 2240 1799 2267; x_wconf 74' lang='grc' dir='ltr'>ἀσθεο</span> 
     </span>
    </p>
   </div>
   <div class='ocr_carea' id='block_1_94' title="bbox 165 2276 956 2319">
    <p class='ocr_par' dir='ltr' id='par_1_94' title="bbox 165 2276 956 2319">
     <span class='ocr_line' id='line_1_94' title="bbox 165 2276 956 2319; baseline 0.018 -19"><span class='ocrx_word' id='word_1_703' title='bbox 165 2276 389 2310; x_wconf 64' lang='lat' dir='ltr'><strong>praedictionibus</strong></span> <span class='ocrx_word' id='word_1_704' title='bbox 417 2279 451 2305; x_wconf 88' lang='lat' dir='ltr'><strong>ad</strong></span> <span class='ocrx_word' id='word_1_705' title='bbox 484 2287 532 2307; x_wconf 73' lang='lat' dir='ltr'><strong>vos</strong></span> <span class='ocrx_word' id='word_1_706' title='bbox 560 2280 737 2315; x_wconf 79' lang='lat' dir='ltr'><strong>decipiendos</strong></span> <span class='ocrx_word' id='word_1_707' title='bbox 765 2285 956 2319; x_wconf 84' lang='lat' dir='ltr'><strong>abutebantur,</strong></span> 
     </span>
    </p>
   </div>
   <div class='ocr_carea' id='block_1_95' title="bbox 166 2322 957 2361">
    <p class='ocr_par' dir='ltr' id='par_1_95' title="bbox 166 2322 957 2361">
     <span class='ocr_line' id='line_1_95' title="bbox 166 2322 957 2361; baseline 0.016 -14"><span class='ocrx_word' id='word_1_708' title='bbox 166 2322 288 2357; x_wconf 82' lang='lat' dir='ltr'><strong>plerique</strong></span> <span class='ocrx_word' id='word_1_709' title='bbox 312 2330 407 2350; x_wconf 76' lang='lat' dir='ltr'><strong>omnes</strong></span> <span class='ocrx_word' id='word_1_710' title='bbox 432 2323 658 2360; x_wconf 81' lang='lat' dir='ltr'><strong>inlirmabuutur;</strong></span> <span class='ocrx_word' id='word_1_711' title='bbox 687 2330 722 2356; x_wconf 89' lang='lat' dir='ltr'><strong>ab</strong></span> <span class='ocrx_word' id='word_1_712' title='bbox 750 2331 884 2359; x_wconf 87' lang='lat' dir='ltr'><strong>obruente</strong></span> <span class='ocrx_word' id='word_1_713' title='bbox 910 2341 957 2361; x_wconf 85' lang='lat' dir='ltr'><strong>eos</strong></span> 
     </span>
    </p>
   </div>
   <div class='ocr_carea' id='block_1_96' title="bbox 165 2368 956 2414">
    <p class='ocr_par' dir='ltr' id='par_1_96' title="bbox 165 2368 956 2414">
     <span class='ocr_line' id='line_1_96' title="bbox 165 2368 956 2414; baseline 0.018 -21"><span class='ocrx_word' id='word_1_714' title='bbox 165 2368 332 2400; x_wconf 84' lang='lat' dir='ltr'><strong>calamitate,</strong></span> <span class='ocrx_word' id='word_1_715' title='bbox 362 2372 506 2399; x_wconf 78' lang='lat' dir='ltr'><strong>nocturnis</strong></span> <span class='ocrx_word' id='word_1_716' title='bbox 545 2373 627 2400; x_wconf 90' lang='lat' dir='ltr'><strong>veluti</strong></span> <span class='ocrx_word' id='word_1_717' title='bbox 667 2376 786 2403; x_wconf 88' lang='lat' dir='ltr'><strong>tenebris</strong></span> <span class='ocrx_word' id='word_1_718' title='bbox 819 2380 956 2414; x_wconf 83' lang='lat' dir='ltr'><strong>occupati,</strong></span> 
     </span>
    </p>
   </div>
   <div class='ocr_carea' id='block_1_97' title="bbox 166 2413 957 2452">
    <p class='ocr_par' dir='ltr' id='par_1_97' title="bbox 166 2413 957 2452">
     <span class='ocr_line' id='line_1_97' title="bbox 166 2413 957 2452; baseline 0.018 -14"><span class='ocrx_word' id='word_1_719' title='bbox 166 2413 271 2440; x_wconf 72' lang='lat' dir='ltr'><strong>fraudis</strong></span> <span class='ocrx_word' id='word_1_720' title='bbox 285 2421 341 2440; x_wconf 64' lang='lat' dir='ltr'><strong>suae</strong></span> <span class='ocrx_word' id='word_1_721' title='bbox 362 2415 458 2443; x_wconf 81' lang='lat' dir='ltr'><strong>inutile</strong></span> <span class='ocrx_word' id='word_1_722' title='bbox 475 2418 531 2451; x_wconf 85' lang='lat' dir='ltr'><strong>jam</strong></span> <span class='ocrx_word' id='word_1_723' title='bbox 547 2419 675 2446; x_wconf 83' lang='lat' dir='ltr'><strong>molimen</strong></span> <span class='ocrx_word' id='word_1_724' title='bbox 687 2427 840 2450; x_wconf 83' lang='lat' dir='ltr'><strong>cernentes.</strong></span> <span class='ocrx_word' id='word_1_725' title='bbox 856 2433 865 2448; x_wconf 80' lang='grc' dir='ltr'><strong>ι</strong></span> <span class='ocrx_word' id='word_1_726' title='bbox 881 2413 957 2452; x_wconf 63' lang='grc' dir='ltr'>Νοοιὶ</span> 
     </span>
    </p>
   </div>
   <div class='ocr_carea' id='block_1_98' title="bbox 166 2458 956 2497">
    <p class='ocr_par' dir='ltr' id='par_1_98' title="bbox 166 2458 956 2497">
     <span class='ocr_line' id='line_1_98' title="bbox 166 2458 956 2497; baseline 0.016 -13"><span class='ocrx_word' id='word_1_727' title='bbox 166 2458 316 2485; x_wconf 81' lang='lat' dir='ltr'><strong>assimilavi</strong></span> <span class='ocrx_word' id='word_1_728' title='bbox 345 2465 457 2488; x_wconf 87' lang='lat' dir='ltr'><strong>matrem</strong></span> <span class='ocrx_word' id='word_1_729' title='bbox 485 2467 570 2490; x_wconf 82' lang='lat' dir='ltr'><strong>tuain.</strong></span> <span class='ocrx_word' id='word_1_730' title='bbox 599 2474 607 2488; x_wconf 81' lang='grc' dir='ltr'><strong>ι</strong></span> <span class='ocrx_word' id='word_1_731' title='bbox 630 2465 704 2493; x_wconf 69' lang='grc' dir='ltr'>Λάινο</span> <span class='ocrx_word' id='word_1_732' title='bbox 724 2468 780 2494; x_wconf 69' lang='lat' dir='ltr'><strong>iure</strong></span> <span class='ocrx_word' id='word_1_733' title='bbox 797 2469 823 2494; x_wconf 91' lang='lat' dir='ltr'><strong>in</strong></span> <span class='ocrx_word' id='word_1_734' title='bbox 848 2469 956 2497; x_wconf 84' lang='lat' dir='ltr'><strong>inscitia</strong></span> 
     </span>
    </p>
   </div>
   <div class='ocr_carea' id='block_1_99' title="bbox 165 2508 637 2541">
    <p class='ocr_par' dir='ltr' id='par_1_99' title="bbox 165 2508 637 2541">
     <span class='ocr_line' id='line_1_99' title="bbox 165 2508 637 2541; baseline 0.013 -11"><span class='ocrx_word' id='word_1_735' title='bbox 165 2508 248 2538; x_wconf 87' lang='lat' dir='ltr'><strong>atque</strong></span> <span class='ocrx_word' id='word_1_736' title='bbox 264 2511 359 2530; x_wconf 84' lang='lat' dir='ltr'><strong>errore</strong></span> <span class='ocrx_word' id='word_1_737' title='bbox 374 2513 480 2541; x_wconf 80' lang='lat' dir='ltr'><strong>SClllpCl‘</strong></span> <span class='ocrx_word' id='word_1_738' title='bbox 497 2511 637 2536; x_wconf 68' lang='grc' dir='ltr'>νυνδςιιιινί</span> 
     </span>
    </p>
   </div>
   <div class='ocr_carea' id='block_1_100' title="bbox 196 2650 956 2695">
    <p class='ocr_par' dir='ltr' id='par_1_100' title="bbox 196 2650 956 2695">
     <span class='ocr_line' id='line_1_100' title="bbox 196 2650 956 2695; baseline 0.014 -18"><span class='ocrx_word' id='word_1_739' title='bbox 196 2652 289 2679; x_wconf 70' lang='lat' dir='ltr'><strong>Vens.</strong></span> <span class='ocrx_word' id='word_1_740' title='bbox 305 2650 363 2677; x_wconf 86' lang='lat'><strong>6-8.</strong></span> <span class='ocrx_word' id='word_1_741' title='bbox 375 2668 409 2672; x_wconf 98' lang='lat'><strong>—</strong></span> <span class='ocrx_word' id='word_1_742' title='bbox 429 2663 439 2678; x_wconf 85' lang='grc'><em>‹</em></span> <span class='ocrx_word' id='word_1_743' title='bbox 456 2654 537 2682; x_wconf 83' lang='lat' dir='ltr'><strong>Visus</strong></span> <span class='ocrx_word' id='word_1_744' title='bbox 550 2661 592 2683; x_wconf 81' lang='lat' dir='ltr'><strong>est</strong></span> <span class='ocrx_word' id='word_1_745' title='bbox 604 2660 720 2692; x_wconf 79' lang='lat' dir='ltr'><strong>populus</strong></span> <span class='ocrx_word' id='word_1_746' title='bbox 738 2668 813 2687; x_wconf 84' lang='lat' dir='ltr'><strong>meus</strong></span> <span class='ocrx_word' id='word_1_747' title='bbox 828 2667 956 2695; x_wconf 86' lang='lat' dir='ltr'><strong>tanquam</strong></span> 
     </span>
    </p>
   </div>
   <div class='ocr_carea' id='block_1_101' title="bbox 156 2695 956 2738">
    <p class='ocr_par' dir='ltr' id='par_1_101' title="bbox 156 2695 956 2738">
     <span class='ocr_line' id='line_1_101' title="bbox 156 2695 956 2738; baseline 0.01 -13"><span class='ocrx_word' id='word_1_748' title='bbox 156 2707 214 2725; x_wconf 88' lang='lat' dir='ltr'><strong>nou</strong></span> <span class='ocrx_word' id='word_1_749' title='bbox 236 2695 349 2722; x_wconf 74' lang='lat' dir='ltr'><strong>haberis</strong></span> <span class='ocrx_word' id='word_1_750' title='bbox 365 2697 516 2725; x_wconf 81' lang='lat' dir='ltr'><strong>scientiam.</strong></span> <span class='ocrx_word' id='word_1_751' title='bbox 536 2710 544 2725; x_wconf 79' lang='grc' dir='ltr'><strong>ι</strong></span> <span class='ocrx_word' id='word_1_752' title='bbox 559 2700 614 2728; x_wconf 78' lang='lat' dir='ltr'><strong>Vos</strong></span> <span class='ocrx_word' id='word_1_753' title='bbox 633 2711 741 2737; x_wconf 87' lang='lat' dir='ltr'><strong>quoque</strong></span> <span class='ocrx_word' id='word_1_754' title='bbox 757 2705 878 2738; x_wconf 76' lang='lat' dir='ltr'><strong>ejusdem</strong></span> <span class='ocrx_word' id='word_1_755' title='bbox 895 2706 956 2732; x_wconf 87' lang='lat' dir='ltr'><strong>imi-</strong></span> 
     </span>
    </p>
   </div>
   <div class='ocr_carea' id='block_1_102' title="bbox 153 2740 956 2777">
    <p class='ocr_par' dir='ltr' id='par_1_102' title="bbox 153 2740 956 2777">
     <span class='ocr_line' id='line_1_102' title="bbox 153 2740 956 2777; baseline 0.011 -8"><span class='ocrx_word' id='word_1_756' title='bbox 153 2748 270 2769; x_wconf 64' lang='lat' dir='ltr'><strong>calores</strong></span> <span class='ocrx_word' id='word_1_757' title='bbox 298 2740 373 2772; x_wconf 77' lang='lat' dir='ltr'><strong>facti,</strong></span> <span class='ocrx_word' id='word_1_758' title='bbox 401 2743 501 2769; x_wconf 86' lang='lat' dir='ltr'><strong>nullam</strong></span> <span class='ocrx_word' id='word_1_759' title='bbox 526 2745 646 2773; x_wconf 72' lang='lat' dir='ltr'><strong>scicntize</strong></span> <span class='ocrx_word' id='word_1_760' title='bbox 669 2757 735 2776; x_wconf 69' lang='lat' dir='ltr'><strong>meae</strong></span> <span class='ocrx_word' id='word_1_761' title='bbox 754 2751 885 2777; x_wconf 83' lang='lat' dir='ltr'><strong>rationem</strong></span> <span class='ocrx_word' id='word_1_762' title='bbox 906 2751 956 2776; x_wconf 80' lang='lat' dir='ltr'><strong>lia-</strong></span> 
     </span>
    </p>
   </div>
   <div class='ocr_carea' id='block_1_103' title="bbox 151 2785 955 2830">
    <p class='ocr_par' dir='ltr' id='par_1_103' title="bbox 151 2785 955 2830">
     <span class='ocr_line' id='line_1_103' title="bbox 151 2785 955 2830; baseline 0.014 -18"><span class='ocrx_word' id='word_1_763' title='bbox 151 2787 282 2816; x_wconf 78' lang='lat' dir='ltr'><strong>buistis.</strong></span> <span class='ocrx_word' id='word_1_764' title='bbox 300 2793 310 2810; x_wconf 84' lang='grc'><strong>‹</strong></span> <span class='ocrx_word' id='word_1_765' title='bbox 332 2785 401 2817; x_wconf 85' lang='lat' dir='ltr'><strong>Quia</strong></span> <span class='ocrx_word' id='word_1_766' title='bbox 419 2793 446 2814; x_wconf 88' lang='lat' dir='ltr'><strong>et</strong></span> <span class='ocrx_word' id='word_1_767' title='bbox 462 2792 490 2814; x_wconf 89' lang='lat' dir='ltr'><strong>tu</strong></span> <span class='ocrx_word' id='word_1_768' title='bbox 505 2790 628 2823; x_wconf 87' lang='lat' dir='ltr'><strong>repulisti</strong></span> <span class='ocrx_word' id='word_1_769' title='bbox 651 2794 804 2825; x_wconf 86' lang='lat' dir='ltr'><strong>scientiam,</strong></span> <span class='ocrx_word' id='word_1_770' title='bbox 823 2796 955 2830; x_wconf 77' lang='lat' dir='ltr'><strong>repellant</strong></span> 
     </span>
    </p>
   </div>
   <div class='ocr_carea' id='block_1_104' title="bbox 149 2834 955 2875">
    <p class='ocr_par' dir='ltr' id='par_1_104' title="bbox 149 2834 955 2875">
     <span class='ocr_line' id='line_1_104' title="bbox 149 2834 955 2875; baseline 0.02 -23"><span class='ocrx_word' id='word_1_771' title='bbox 149 2837 178 2859; x_wconf 60' lang='grc' dir='ltr'>ιε</span> <span class='ocrx_word' id='word_1_772' title='bbox 197 2838 263 2863; x_wconf 60' lang='lat' dir='ltr'><strong>ego</strong></span> <span class='ocrx_word' id='word_1_773' title='bbox 285 2837 407 2864; x_wconf 87' lang='lat' dir='ltr'><strong>quoque,</strong></span> <span class='ocrx_word' id='word_1_774' title='bbox 425 2834 572 2866; x_wconf 89' lang='lat' dir='ltr'><strong>quominus</strong></span> <span class='ocrx_word' id='word_1_775' title='bbox 593 2837 747 2864; x_wconf 87' lang='lat' dir='ltr'><strong>saccrdolio</strong></span> <span class='ocrx_word' id='word_1_776' title='bbox 769 2840 832 2866; x_wconf 90' lang='lat' dir='ltr'><strong>mihi</strong></span> <span class='ocrx_word' id='word_1_777' title='bbox 858 2841 955 2875; x_wconf 81' lang='lat' dir='ltr'><strong>funga-</strong></span> 
     </span>
    </p>
   </div>
   <div class='ocr_carea' id='block_1_105' title="bbox 147 2874 955 2921">
    <p class='ocr_par' dir='ltr' id='par_1_105' title="bbox 147 2874 955 2921">
     <span class='ocr_line' id='line_1_105' title="bbox 147 2874 955 2921; baseline 0.019 -21"><span class='ocrx_word' id='word_1_778' title='bbox 147 2878 202 2905; x_wconf 60' lang='lat' dir='ltr'><strong>ris.</strong></span> <span class='ocrx_word' id='word_1_779' title='bbox 233 2885 243 2899; x_wconf 81' lang='grc'><strong>)</strong></span> <span class='ocrx_word' id='word_1_780' title='bbox 265 2874 354 2902; x_wconf 81' lang='lat' dir='ltr'><strong>Sicuti</strong></span> <span class='ocrx_word' id='word_1_781' title='bbox 367 2883 414 2904; x_wconf 87' lang='lat' dir='ltr'><strong>vos</strong></span> <span class='ocrx_word' id='word_1_782' title='bbox 429 2877 572 2906; x_wconf 80' lang='lat' dir='ltr'><strong>scientiam</strong></span> <span class='ocrx_word' id='word_1_783' title='bbox 585 2887 670 2907; x_wconf 84' lang='lat' dir='ltr'><strong>meam</strong></span> <span class='ocrx_word' id='word_1_784' title='bbox 691 2887 778 2910; x_wconf 86' lang='lat' dir='ltr'><strong>mente</strong></span> <span class='ocrx_word' id='word_1_785' title='bbox 796 2889 884 2912; x_wconf 74' lang='lat' dir='ltr'><strong>vestra</strong></span> <span class='ocrx_word' id='word_1_786' title='bbox 899 2874 955 2921; x_wconf 73' lang='lat' dir='ltr'><strong>eje-</strong></span> 
     </span>
    </p>
   </div>
   <div class='ocr_carea' id='block_1_106' title="bbox 1007 2286 1799 2323">
    <p class='ocr_par' dir='ltr' id='par_1_106' title="bbox 1007 2286 1799 2323">
     <span class='ocr_line' id='line_1_106' title="bbox 1007 2286 1799 2323; baseline 0.001 -11"><span class='ocrx_word' id='word_1_787' title='bbox 1007 2288 1082 2322; x_wconf 84' lang='grc' dir='ltr'>νήσει</span> <span class='ocrx_word' id='word_1_788' title='bbox 1095 2287 1237 2322; x_wconf 77' lang='grc' dir='ltr'>προφήτης</span> <span class='ocrx_word' id='word_1_789' title='bbox 1253 2286 1322 2321; x_wconf 81' lang='grc' dir='ltr'>μετὰ</span> <span class='ocrx_word' id='word_1_790' title='bbox 1337 2286 1384 2313; x_wconf 79' lang='grc' dir='ltr'>σοῦ</span> <span class='ocrx_word' id='word_1_791' title='bbox 1398 2287 1503 2317; x_wconf 82' lang='grc' dir='ltr'>νυκτός.</span> <span class='ocrx_word' id='word_1_792' title='bbox 1517 2295 1525 2311; x_wconf 76' lang='grc' dir='ltr'><strong>ι</strong></span> <span class='ocrx_word' id='word_1_793' title='bbox 1534 2287 1589 2314; x_wconf 78' lang='grc' dir='ltr'><strong>Καὶ</strong></span> <span class='ocrx_word' id='word_1_794' title='bbox 1603 2288 1627 2313; x_wconf 83' lang='grc' dir='ltr'>οἱ</span> <span class='ocrx_word' id='word_1_795' title='bbox 1641 2289 1702 2318; x_wconf 81' lang='grc' dir='ltr'>ταῖς</span> <span class='ocrx_word' id='word_1_796' title='bbox 1714 2288 1799 2323; x_wconf 72' lang='grc' dir='ltr'>προρ-</span> 
     </span>
    </p>
   </div>
   <div class='ocr_carea' id='block_1_107' title="bbox 1010 2333 1800 2369">
    <p class='ocr_par' dir='ltr' id='par_1_107' title="bbox 1010 2333 1800 2369">
     <span class='ocr_line' id='line_1_107' title="bbox 1010 2333 1800 2369; baseline 0 -10"><span class='ocrx_word' id='word_1_797' title='bbox 1010 2334 1104 2369; x_wconf 74' lang='grc' dir='ltr'>ρήσεσι</span> <span class='ocrx_word' id='word_1_798' title='bbox 1118 2334 1147 2359; x_wconf 77' lang='grc' dir='ltr'><strong>δὲ</strong></span> <span class='ocrx_word' id='word_1_799' title='bbox 1161 2334 1215 2365; x_wconf 78' lang='grc' dir='ltr'>τοῖς</span> <span class='ocrx_word' id='word_1_800' title='bbox 1231 2333 1340 2367; x_wconf 73' lang='grc' dir='ltr'>ψευδέσι</span> <span class='ocrx_word' id='word_1_801' title='bbox 1362 2333 1430 2369; x_wconf 81' lang='grc' dir='ltr'>πρὸς</span> <span class='ocrx_word' id='word_1_802' title='bbox 1452 2333 1559 2368; x_wconf 79' lang='grc' dir='ltr'>ἀπάτην</span> <span class='ocrx_word' id='word_1_803' title='bbox 1574 2334 1650 2368; x_wconf 86' lang='grc' dir='ltr'>ὑμῶν</span> <span class='ocrx_word' id='word_1_804' title='bbox 1666 2333 1800 2369; x_wconf 82' lang='grc' dir='ltr'>πρότερον</span> 
     </span>
    </p>
   </div>
   <div class='ocr_carea' id='block_1_108' title="bbox 1008 2379 1798 2415">
    <p class='ocr_par' dir='ltr' id='par_1_108' title="bbox 1008 2379 1798 2415">
     <span class='ocr_line' id='line_1_108' title="bbox 1008 2379 1798 2415; baseline 0.001 -10"><span class='ocrx_word' id='word_1_805' title='bbox 1008 2380 1192 2415; x_wconf 75' lang='grc' dir='ltr'>κεχρημένοι,</span> <span class='ocrx_word' id='word_1_806' title='bbox 1219 2380 1248 2405; x_wconf 86' lang='grc' dir='ltr'>ὲν</span> <span class='ocrx_word' id='word_1_807' title='bbox 1264 2379 1391 2415; x_wconf 71' lang='grc' dir='ltr'>ἀσθενείᾳ</span> <span class='ocrx_word' id='word_1_808' title='bbox 1418 2381 1536 2407; x_wconf 81' lang='grc' dir='ltr'>πλεῖστοι</span> <span class='ocrx_word' id='word_1_809' title='bbox 1556 2381 1602 2407; x_wconf 68' lang='grc' dir='ltr'>καὶ</span> <span class='ocrx_word' id='word_1_810' title='bbox 1626 2380 1702 2407; x_wconf 72' lang='grc' dir='ltr'>αὐτοὶ</span> <span class='ocrx_word' id='word_1_811' title='bbox 1717 2381 1798 2415; x_wconf 88' lang='grc' dir='ltr'>γενή-</span> 
     </span>
    </p>
   </div>
   <div class='ocr_carea' id='block_1_109' title="bbox 1008 2426 1799 2462">
    <p class='ocr_par' dir='ltr' id='par_1_109' title="bbox 1008 2426 1799 2462">
     <span class='ocr_line' id='line_1_109' title="bbox 1008 2426 1799 2462; baseline 0 -10"><span class='ocrx_word' id='word_1_812' title='bbox 1008 2435 1098 2452; x_wconf 84' lang='grc' dir='ltr'>σονται</span> <span class='ocrx_word' id='word_1_813' title='bbox 1107 2435 1113 2440; x_wconf 93' lang='grc'><strong>·</strong></span> <span class='ocrx_word' id='word_1_814' title='bbox 1130 2426 1182 2452; x_wconf 77' lang='grc' dir='ltr'><strong>ὑπὸ</strong></span> <span class='ocrx_word' id='word_1_815' title='bbox 1193 2426 1242 2461; x_wconf 79' lang='grc' dir='ltr'>τῆς</span> <span class='ocrx_word' id='word_1_816' title='bbox 1253 2427 1422 2462; x_wconf 78' lang='grc' dir='ltr'>κατεχούσης</span> <span class='ocrx_word' id='word_1_817' title='bbox 1433 2427 1530 2458; x_wconf 70' lang='grc' dir='ltr'>αὐτοὺς</span> <span class='ocrx_word' id='word_1_818' title='bbox 1541 2427 1693 2462; x_wconf 78' lang='grc' dir='ltr'>συμφορᾶς,</span> <span class='ocrx_word' id='word_1_819' title='bbox 1704 2426 1799 2461; x_wconf 78' lang='grc' dir='ltr'>ῶσπερ</span> 
     </span>
    </p>
   </div>
   <div class='ocr_carea' id='block_1_110' title="bbox 1009 2472 1799 2508">
    <p class='ocr_par' dir='ltr' id='par_1_110' title="bbox 1009 2472 1799 2508">
     <span class='ocr_line' id='line_1_110' title="bbox 1009 2472 1799 2508; baseline 0.001 -10"><span class='ocrx_word' id='word_1_820' title='bbox 1009 2472 1158 2508; x_wconf 79' lang='grc' dir='ltr'>νυκτερινῴ</span> <span class='ocrx_word' id='word_1_821' title='bbox 1172 2481 1224 2499; x_wconf 84' lang='grc' dir='ltr'>τινι</span> <span class='ocrx_word' id='word_1_822' title='bbox 1240 2473 1464 2508; x_wconf 66' lang='grc' dir='ltr'>περιξαλλόμενοι</span> <span class='ocrx_word' id='word_1_823' title='bbox 1479 2474 1576 2508; x_wconf 71' lang='grc' dir='ltr'>σκότῳ,</span> <span class='ocrx_word' id='word_1_824' title='bbox 1596 2473 1643 2499; x_wconf 77' lang='grc' dir='ltr'><strong>καὶ</strong></span> <span class='ocrx_word' id='word_1_825' title='bbox 1664 2473 1713 2507; x_wconf 84' lang='grc' dir='ltr'>τῆς</span> <span class='ocrx_word' id='word_1_826' title='bbox 1727 2473 1799 2500; x_wconf 43' lang='lat' dir='ltr'><strong>anan</strong></span> 
     </span>
    </p>
   </div>
   <div class='ocr_carea' id='block_1_111' title="bbox 1008 2518 1798 2554">
    <p class='ocr_par' dir='ltr' id='par_1_111' title="bbox 1008 2518 1798 2554">
     <span class='ocr_line' id='line_1_111' title="bbox 1008 2518 1798 2554; baseline 0.001 -9"><span class='ocrx_word' id='word_1_827' title='bbox 1008 2528 1058 2553; x_wconf 83' lang='grc' dir='ltr'><strong>της</strong></span> <span class='ocrx_word' id='word_1_828' title='bbox 1083 2518 1219 2553; x_wconf 75' lang='grc' dir='ltr'>ἄχρηστον</span> <span class='ocrx_word' id='word_1_829' title='bbox 1251 2519 1356 2550; x_wconf 78' lang='grc' dir='ltr'>ἑαυτοῖς</span> <span class='ocrx_word' id='word_1_830' title='bbox 1388 2519 1438 2554; x_wconf 78' lang='grc' dir='ltr'>τὴν</span> <span class='ocrx_word' id='word_1_831' title='bbox 1470 2519 1640 2554; x_wconf 71' lang='grc' dir='ltr'>ἐπιτήδευσιν</span> <span class='ocrx_word' id='word_1_832' title='bbox 1670 2519 1798 2553; x_wconf 84' lang='grc' dir='ltr'>ὁρῶντες.</span> 
     </span>
    </p>
   </div>
   <div class='ocr_carea' id='block_1_112' title="bbox 1012 2564 1800 2600">
    <p class='ocr_par' dir='ltr' id='par_1_112' title="bbox 1012 2564 1800 2600">
     <span class='ocr_line' id='line_1_112' title="bbox 1012 2564 1800 2600; baseline 0.003 -11"><span class='ocrx_word' id='word_1_833' title='bbox 1012 2577 1021 2589; x_wconf 77' lang='grc' dir='ltr'><strong>ι</strong></span> <span class='ocrx_word' id='word_1_834' title='bbox 1034 2565 1120 2591; x_wconf 67' lang='grc' dir='ltr'>Νυκτὶ</span> <span class='ocrx_word' id='word_1_835' title='bbox 1133 2564 1262 2599; x_wconf 80' lang='grc' dir='ltr'>ὠμοίωσα</span> <span class='ocrx_word' id='word_1_836' title='bbox 1277 2565 1326 2599; x_wconf 77' lang='grc' dir='ltr'>τὴν</span> <span class='ocrx_word' id='word_1_837' title='bbox 1341 2565 1445 2600; x_wconf 82' lang='grc' dir='ltr'>μητέρα</span> <span class='ocrx_word' id='word_1_838' title='bbox 1460 2573 1534 2593; x_wconf 80' lang='grc' dir='ltr'>σου.»</span> <span class='ocrx_word' id='word_1_839' title='bbox 1551 2564 1644 2596; x_wconf 78' lang='grc' dir='ltr'>υῦτως</span> <span class='ocrx_word' id='word_1_840' title='bbox 1659 2566 1687 2591; x_wconf 78' lang='grc' dir='ltr'>ὲν</span> <span class='ocrx_word' id='word_1_841' title='bbox 1703 2565 1800 2600; x_wconf 77' lang='grc' dir='ltr'>ἀγνοίᾳ</span> 
     </span>
    </p>
   </div>
   <div class='ocr_carea' id='block_1_113' title="bbox 1009 2610 1420 2645">
    <p class='ocr_par' dir='ltr' id='par_1_113' title="bbox 1009 2610 1420 2645">
     <span class='ocr_line' id='line_1_113' title="bbox 1009 2610 1420 2645; baseline 0.005 -9"><span class='ocrx_word' id='word_1_842' title='bbox 1009 2612 1056 2637; x_wconf 67' lang='grc' dir='ltr'>καὶ</span> <span class='ocrx_word' id='word_1_843' title='bbox 1071 2610 1160 2645; x_wconf 79' lang='grc' dir='ltr'>πλάνῃ</span> <span class='ocrx_word' id='word_1_844' title='bbox 1175 2610 1353 2638; x_wconf 74' lang='grc' dir='ltr'>καθεστῶσαν</span> <span class='ocrx_word' id='word_1_845' title='bbox 1367 2612 1420 2638; x_wconf 83' lang='grc' dir='ltr'>ἀεί.</span> 
     </span>
    </p>
   </div>
   <div class='ocr_carea' id='block_1_114' title="bbox 1045 2666 1799 2703">
    <p class='ocr_par' dir='ltr' id='par_1_114' title="bbox 1045 2666 1799 2703">
     <span class='ocr_line' id='line_1_114' title="bbox 1045 2666 1799 2703; baseline 0.004 -12"><span class='ocrx_word' id='word_1_846' title='bbox 1045 2666 1117 2700; x_wconf 85' lang='grc' dir='ltr'>Στίχ.</span> <span class='ocrx_word' id='word_1_847' title='bbox 1132 2670 1207 2702; x_wconf 65' lang='grc' dir='ltr'><strong>(ς’-η’.</strong></span> <span class='ocrx_word' id='word_1_848' title='bbox 1221 2683 1256 2686; x_wconf 89' lang='grc'><strong>-</strong></span> <span class='ocrx_word' id='word_1_849' title='bbox 1273 2677 1283 2692; x_wconf 69' lang='grc' dir='ltr'><em>ς</em></span> <span class='ocrx_word' id='word_1_850' title='bbox 1294 2667 1427 2702; x_wconf 84' lang='grc' dir='ltr'>Ὡμοιώθη</span> <span class='ocrx_word' id='word_1_851' title='bbox 1443 2669 1457 2694; x_wconf 81' lang='grc' dir='ltr'>ὁ</span> <span class='ocrx_word' id='word_1_852' title='bbox 1472 2667 1536 2700; x_wconf 75' lang='grc' dir='ltr'><strong>λαός</strong></span> <span class='ocrx_word' id='word_1_853' title='bbox 1552 2677 1602 2702; x_wconf 78' lang='grc' dir='ltr'><strong>μου</strong></span> <span class='ocrx_word' id='word_1_854' title='bbox 1617 2668 1655 2699; x_wconf 87' lang='grc' dir='ltr'>ὡς</span> <span class='ocrx_word' id='word_1_855' title='bbox 1669 2668 1719 2694; x_wconf 76' lang='grc' dir='ltr'>οὐκ</span> <span class='ocrx_word' id='word_1_856' title='bbox 1729 2667 1799 2703; x_wconf 82' lang='grc' dir='ltr'>ἔχων</span> 
     </span>
    </p>
   </div>
   <div class='ocr_carea' id='block_1_115' title="bbox 1008 2711 1799 2749">
    <p class='ocr_par' dir='ltr' id='par_1_115' title="bbox 1008 2711 1799 2749">
     <span class='ocr_line' id='line_1_115' title="bbox 1008 2711 1799 2749; baseline 0.005 -13"><span class='ocrx_word' id='word_1_857' title='bbox 1008 2711 1165 2744; x_wconf 79' lang='grc' dir='ltr'>ἐπίγνωσιν.</span> <span class='ocrx_word' id='word_1_858' title='bbox 1179 2722 1188 2737; x_wconf 75' lang='grc' dir='ltr'><strong>ι</strong></span> <span class='ocrx_word' id='word_1_859' title='bbox 1215 2712 1402 2748; x_wconf 81' lang='grc' dir='ltr'>Ἐμιμὴσασθε</span> <span class='ocrx_word' id='word_1_860' title='bbox 1417 2713 1448 2748; x_wconf 85' lang='grc' dir='ltr'><strong>δὴ</strong></span> <span class='ocrx_word' id='word_1_861' title='bbox 1465 2713 1567 2749; x_wconf 85' lang='grc' dir='ltr'>ταύτην</span> <span class='ocrx_word' id='word_1_862' title='bbox 1585 2714 1631 2740; x_wconf 75' lang='grc' dir='ltr'>καὶ</span> <span class='ocrx_word' id='word_1_863' title='bbox 1649 2714 1737 2749; x_wconf 78' lang='grc' dir='ltr'>ὑμεῖς,</span> <span class='ocrx_word' id='word_1_864' title='bbox 1753 2713 1799 2740; x_wconf 84' lang='grc' dir='ltr'><strong>οὐ-</strong></span> 
     </span>
    </p>
   </div>
   <div class='ocr_carea' id='block_1_116' title="bbox 1007 2755 1799 2794">
    <p class='ocr_par' dir='ltr' id='par_1_116' title="bbox 1007 2755 1799 2794">
     <span class='ocr_line' id='line_1_116' title="bbox 1007 2755 1799 2794; baseline 0.009 -13"><span class='ocrx_word' id='word_1_865' title='bbox 1007 2755 1070 2782; x_wconf 76' lang='grc' dir='ltr'>δένα</span> <span class='ocrx_word' id='word_1_866' title='bbox 1086 2757 1136 2791; x_wconf 77' lang='grc' dir='ltr'>τῆς</span> <span class='ocrx_word' id='word_1_867' title='bbox 1152 2758 1326 2791; x_wconf 78' lang='grc' dir='ltr'>ἐπιγνώσεως</span> <span class='ocrx_word' id='word_1_868' title='bbox 1339 2759 1387 2793; x_wconf 76' lang='grc' dir='ltr'>τῆς</span> <span class='ocrx_word' id='word_1_869' title='bbox 1401 2759 1472 2793; x_wconf 82' lang='grc' dir='ltr'>ἐμῆς</span> <span class='ocrx_word' id='word_1_870' title='bbox 1487 2759 1593 2794; x_wconf 69' lang='grc' dir='ltr'>ἔχοντες</span> <span class='ocrx_word' id='word_1_871' title='bbox 1610 2759 1704 2792; x_wconf 50' lang='grc' dir='ltr'>λόγον(</span> <span class='ocrx_word' id='word_1_872' title='bbox 1720 2759 1799 2786; x_wconf 71' lang='grc' dir='ltr'>ε”Οτι</span> 
     </span>
    </p>
   </div>
   <div class='ocr_carea' id='block_1_117' title="bbox 1007 2804 1798 2841">
    <p class='ocr_par' dir='ltr' id='par_1_117' title="bbox 1007 2804 1798 2841">
     <span class='ocr_line' id='line_1_117' title="bbox 1007 2804 1798 2841; baseline 0.005 -12"><span class='ocrx_word' id='word_1_873' title='bbox 1007 2804 1055 2829; x_wconf 78' lang='grc' dir='ltr'>καὶ</span> <span class='ocrx_word' id='word_1_874' title='bbox 1067 2804 1098 2829; x_wconf 83' lang='grc' dir='ltr'>σὺ</span> <span class='ocrx_word' id='word_1_875' title='bbox 1114 2805 1260 2838; x_wconf 73' lang='grc' dir='ltr'>ἐπίγνωσιν</span> <span class='ocrx_word' id='word_1_876' title='bbox 1274 2806 1386 2836; x_wconf 83' lang='grc' dir='ltr'>ἀπώσω,</span> <span class='ocrx_word' id='word_1_877' title='bbox 1400 2806 1546 2841; x_wconf 80' lang='grc' dir='ltr'>ἁπώσομοιί</span> <span class='ocrx_word' id='word_1_878' title='bbox 1565 2807 1602 2841; x_wconf 84' lang='lat' dir='ltr'><strong>(p.</strong></span> <span class='ocrx_word' id='word_1_879' title='bbox 1617 2807 1661 2841; x_wconf 79' lang='grc'><strong>51)</strong></span> <span class='ocrx_word' id='word_1_880' title='bbox 1679 2815 1707 2832; x_wconf 86' lang='grc' dir='ltr'><strong>σε</strong></span> <span class='ocrx_word' id='word_1_881' title='bbox 1721 2806 1798 2840; x_wconf 67' lang='grc' dir='ltr'><strong>κάγὼ</strong></span> 
     </span>
    </p>
   </div>
   <div class='ocr_carea' id='block_1_118' title="bbox 1007 2847 1799 2887">
    <p class='ocr_par' dir='ltr' id='par_1_118' title="bbox 1007 2847 1799 2887">
     <span class='ocr_line' id='line_1_118' title="bbox 1007 2847 1799 2887; baseline 0.008 -15"><span class='ocrx_word' id='word_1_882' title='bbox 1007 2847 1054 2872; x_wconf 80' lang='grc' dir='ltr'>τοῦ</span> <span class='ocrx_word' id='word_1_883' title='bbox 1075 2848 1112 2882; x_wconf 85' lang='grc' dir='ltr'>μὴ</span> <span class='ocrx_word' id='word_1_884' title='bbox 1129 2849 1277 2884; x_wconf 78' lang='grc' dir='ltr'>ἱερατεύειν</span> <span class='ocrx_word' id='word_1_885' title='bbox 1293 2859 1348 2884; x_wconf 83' lang='grc' dir='ltr'>μοι·</span> <span class='ocrx_word' id='word_1_886' title='bbox 1364 2861 1372 2874; x_wconf 74' lang='grc' dir='ltr'><strong>ι</strong></span> <span class='ocrx_word' id='word_1_887' title='bbox 1399 2850 1494 2886; x_wconf 80' lang='grc' dir='ltr'>ὥσπερ</span> <span class='ocrx_word' id='word_1_888' title='bbox 1510 2851 1539 2877; x_wconf 76' lang='grc' dir='ltr'><strong>δὲ</strong></span> <span class='ocrx_word' id='word_1_889' title='bbox 1554 2852 1632 2887; x_wconf 81' lang='grc' dir='ltr'>ὑμεῖς</span> <span class='ocrx_word' id='word_1_890' title='bbox 1646 2851 1799 2886; x_wconf 76' lang='grc' dir='ltr'>ἀποϐεϐλή-</span> 
     </span>
    </p>
   </div>
   <div class='ocr_carea' id='block_1_119' title="bbox 1010 2893 1801 2933">
    <p class='ocr_par' dir='ltr' id='par_1_119' title="bbox 1010 2893 1801 2933">
     <span class='ocr_line' id='line_1_119' title="bbox 1010 2893 1801 2933; baseline 0.01 -16"><span class='ocrx_word' id='word_1_891' title='bbox 1010 2899 1076 2918; x_wconf 76' lang='grc' dir='ltr'>κατε</span> <span class='ocrx_word' id='word_1_892' title='bbox 1099 2893 1147 2926; x_wconf 82' lang='grc' dir='ltr'>τὴν</span> <span class='ocrx_word' id='word_1_893' title='bbox 1167 2894 1267 2927; x_wconf 77' lang='grc' dir='ltr'>γνῶσιν</span> <span class='ocrx_word' id='word_1_894' title='bbox 1285 2896 1389 2923; x_wconf 80' lang='grc' dir='ltr'>ἑαυτῶν</span> <span class='ocrx_word' id='word_1_895' title='bbox 1412 2897 1461 2932; x_wconf 83' lang='grc' dir='ltr'>τὴν</span> <span class='ocrx_word' id='word_1_896' title='bbox 1477 2897 1555 2932; x_wconf 73' lang='grc' dir='ltr'>ἐμὴν,</span> <span class='ocrx_word' id='word_1_897' title='bbox 1571 2897 1641 2924; x_wconf 67' lang='grc' dir='ltr'>οὕτω</span> <span class='ocrx_word' id='word_1_898' title='bbox 1657 2897 1735 2933; x_wconf 74' lang='grc' dir='ltr'>κάγὼ</span> <span class='ocrx_word' id='word_1_899' title='bbox 1749 2898 1801 2933; x_wconf 72' lang='grc' dir='ltr'>τῆς</span> 
     </span>
    </p>
   </div>
  </div>
