1947 3071
140 143 192 170 Hi

665 146 937 176 COMMENTARIUS
957 146 990 174 ΙΝ
1010 145 1109 175 ΟΞΕΑΕ
1130 145 1208 175 CAP.
1227 147 1272 176 IV.

1715 144 1764 173 l.‘.'0

138 201 208 237 περὶ
231 201 280 237 ἐμὲ
296 202 448 237 θεραπείας
465 203 536 239 ὑμᾶς
551 204 667 239 ἐκϐαλῶ,
691 205 799 242 μακρὰν
820 206 863 233 διὰ
878 206 927 240 τῆς

982 205 1067 237 cistis,
1092 206 1132 233 sic
1155 213 1204 241 ego
1219 213 1327 240 quoque
1346 212 1394 232 ros
1411 212 1425 231 a
1444 204 1519 232 cultu
1541 210 1602 231 meo
1620 202 1765 238 expellam,

139 247 327 282 αἰχμαλωσίας
345 250 462 284 ποιήσας
476 250 531 275 τῶν
545 249 644 281 τόπων,
669 252 698 277 ὲν
722 250 763 283 οἷς
783 250 931 286 ἱερατεύειν

139 293 215 328 ὑμᾶς
227 293 364 328 προσῆκον
375 292 410 329 ἦν
424 295 495 329 ἐμοί.
512 295 596 322 Τοῦτο
610 296 683 329 λέγει
697 296 757 332 τὺ,‹
775 297 931 333 Ἀπώσομαί

139 347 173 365 σε,
185 339 233 365 τοῦ
252 339 288 374 μὴ
304 339 453 374 ἱερατεύειν
470 349 526 375 μοι.
540 351 551 371 ι
566 342 674 377 Ἐπειδὴ
684 342 738 378 γὰρ
746 343 834 370 κοινὸν
847 344 932 369 ἀπάν-

138 392 194 410 των
210 384 305 419 κέρδῡς
319 386 335 419 ἡ
348 386 479 420 ἱερατεία,
495 387 585 419 καθὼς
599 389 613 414 ὁ
628 389 760 423 μακάριος
775 389 848 424 λέγει
863 390 932 416 Παῦ-

139 425 195 459 λος,
213 427 257 453 διὰ
269 428 348 454 τοῦτο
363 430 464 463 ὀφείλει
478 430 572 467 ὥσπερ
585 432 655 468 ὑπὲρ
667 433 773 465 ἑαυτοῦ,
787 433 872 466 οὕτως
886 436 931 461 καὶ

137 473 194 498 τῶν
219 473 266 499 τοῦ
297 473 361 500 λαοῦ
387 476 552 511 προσφέρειν
581 478 762 513 ἀγνοημάτων
781 489 787 496 ·
820 481 932 512 εἰκότως

139 517 267 550 ἅπαντας
281 519 481 547 ἀποϐάλλεσθαι
495 522 544 556 τῆς
562 523 711 558 ἱερωσύνης
725 524 808 559 λέγει,
824 534 930 552 πεπαυ-

140 564 227 599 μένης
250 564 375 599 ἐκείνης·
400 566 493 602 ἐπειδὴ
513 567 608 604 ὥσπερ
629 572 757 606 γινομένη
772 572 861 598 κοινὸν
874 570 931 607 εἶχε

138 609 169 634 τὸ
184 609 292 646 κέρδος,
307 611 378 638 οὕτω
391 613 438 638 καὶ
458 614 599 649 παυομένη
616 615 708 651 κοινὴν
732 617 858 644 ἀποτελεῖ
882 619 930 654 τὴν

139 654 256 700 ζημίαν.
278 657 353 683 «Kal.
367 657 499 685 ἐπελάθου
515 659 596 695 νόμον
612 661 679 687 Θεοῦ
692 670 749 688 σου·
768 663 931 700 ἐπιλήσομαι

138 698 245 746 ’τέκνων
261 709 307 727 σου
323 702 410 736 κάγώ.
434 713 443 729 ι
477 706 749 742 Παραλογισαμένους
772 708 807 735 τὰ
828 698 931 746 νόμιμα

140 744 176 790 τα
189 744 256 790 έμὰ,
270 746 299 772 ὲν
312 747 400 774 οὐδενὶ
414 751 560 785 ποιήσομαι
578 751 658 787 λόγῳ.
677 762 686 778 ι
696 753 774 780 Κατὰ
787 753 817 780 τὸ
831 744 931 790 πλῆθος

141 788 244 821 αὐτῶν,
260 790 345 823 οὕτως
359 793 482 829 ἧμαρτόν
498 803 553 829 μοι.
570 806 579 821 ι
607 797 662 823 Καὶ
678 798 731 833 γὰρ
747 799 839 826 πολλοί
860 788 932 833 τινες

141 834 188 860 καὶ
201 835 384 872 ἀναρίθμητοι
405 838 449 865 διὰ
471 839 522 874 τῆς
543 841 706 876 κηδεμονίας
720 844 863 878 γεγονότες
882 846 931 880 τῆς

140 880 230 916 ἐμῆς,
254 882 311 909 δέον
331 884 590 918 ἑπιγινώσκειν·τὸν
611 888 714 924 ταύτης
736 890 827 922 αὐτοῖς
847 892 931 918 αἴτιον

140 927 273 974 γιεγιξνότσι
285 927 336 963 τῆς
352 929 457 965 δωρεᾶς
467 940 473 946 '
498 933 522 958 οἱ
540 933 569 959 δὲ
582 933 712 968 ἀνάλογον
727 936 767 971 τῷ
781 937 878 973 πλήθει
893 939 931 974 τῷ

140 971 235 1006 οἰκείῳ
248 971 297 1007 τὴν
311 973 351 1004 εἰς
366 975 416 1009 ἐμὲ
432 976 603 1011 παρανομίαν
620 978 807 1012 ἐπεδείξαντο,
828 971 930 1017 πολλήν

139 1024 200 1062 τινα
211 1017 259 1042 καὶ
271 1017 424 1054 ἀμέτρητον
437 1020 521 1056 αὐτὴν
532 1022 722 1058 ἐργασάμενοι,
738 1025 769 1051 Τί
780 1024 842 1058 οὖν;
861 1027 931 1062 «Τὴν

140 1060 217 1094 δόξαν
234 1062 323 1089 αὐτῶν
336 1064 377 1096 είς
391 1065 503 1100 ἀτιμίαν
517 1066 661 1102 ϐήσομαι.»
683 1069 749 1096 Ἀπὸ
762 1071 816 1097 τῶν
833 1060 930 1107 προτέ-

142 1115 195 1142 ρων
211 1107 324 1141 ἀγαθῶν
338 1110 377 1140 εἰς
392 1111 520 1145 χειρόνων
535 1114 631 1148 πεῖραν
645 1115 742 1147 αὐτοὺς
756 1118 928 1153 καταστήσω.

143 1161 152 1200 ι
172 1153 327 1190 Ἀμαρτίας
341 1155 406 1182 λαοῦ
421 1165 471 1191 μου
488 1158 629 1192 φάγονται.
643 1169 653 1186 ι
677 1163 716 1196 (ρ.
733 1162 778 1197 52)
795 1162 853 1189 Ἵνα
866 1163 931 1200 εἴπῃ

88 1236 92 1242 ῃ
139 1198 190 1230 ὅτι,
215 1200 336 1244 Τοιαύτα
349 1201 377 1228 δὲ
397 1203 411 1229 ὁ
426 1203 489 1234 λαὸς
504 1205 518 1230 ὁ
536 1205 601 1240 ἐμὸς
621 1207 790 1242 ἡμαρτηκὼς
813 1209 852 1240 εἰς
868 1198 929 1244 ἐμὲ),

140 1244 274 1279 ἀνάλογον
291 1243 327 1273 ὧν
344 1248 477 1283 πεποίηκε
489 1249 602 1284 λήψεται
613 1252 659 1278 τὸν
673 1253 788 1288 καρπόν*
802 1243 930 1282 τοιούτων

140 1290 299 1324 ἀπολαύσας
315 1293 438 1329 καρπῶν,
449 1293 493 1322 οἷά
506 1304 558 1332 περ
567 1297 685 1333 ἔσπειρε·
698 1299 728 1325 τὸ
740 1300 794 1335 γὰρ
804 1310 813 1326 ι
831 1300 931 1336 Ἄμαρ-

140 1336 200 1368 τίας
220 1337 286 1364 λαοῦ
308 1348 358 1374 μου
378 1340 519 1374 φάγονται,
536 1352 544 1367 ι
564 1344 624 1370 ἀντὶ
637 1344 695 1376 τοῦ,
713 1345 846 1373 Τοιούτων
861 1347 930 1373 ἀπο-

141 1381 287 1410 λαύσουσιν
302 1386 326 1411 οἰ
344 1386 391 1412 τοῦ
405 1387 468 1413 λαοῦ
483 1397 533 1423 μου
550 1387 594 1416 οἷά
607 1399 660 1426 περ
676 1391 808 1427 ἥμαρτον.

177 1469 252 1504 Στίχ.
273 1470 357 1498 (λ’-ια’.
378 1488 414 1493 —
429 1483 438 1500 ι
456 1475 510 1501 Καὶ
533 1476 562 1501 ὲν
585 1477 644 1508 ταῖς
669 1477 816 1513 ἁμαρτίαις
840 1480 936 1506 αὐτῶν

141 1512 272 1548 λήψονται
287 1516 362 1544 ἄλλοι
371 1518 460 1554 ψυχὰς
473 1520 570 1553 αὐτῶν.
593 1531 602 1547 ι
624 1522 707 1558 ’Υπὲρ
720 1524 773 1559 γὰρ
789 1522 826 1551 ὧν
839 1527 896 1560 ήμά

141 1567 221 1586 τανον
235 1561 276 1593 εἰς
298 1562 358 1596 ἐμὲ,
375 1564 409 1590 δι’
425 1565 526 1601 ἑτέρων
543 1566 656 1594 δώσουσι
669 1568 746 1604 δίκην
758 1569 811 1596 τῶν
824 1561 930 1598 ἐπιέναι

144 1605 295 1639 μελλόντων
315 1609 408 1641 αὐτοῖς
433 1611 579 1646 πολεμίων.
599 1623 608 1638 ε
634 1614 689 1640 Καὶ
708 1614 782 1641 ἔσται
805 1616 895 1648 καθὼς
917 1618 935 1644 όν

142 1649 215 1683 λαὸς,
232 1652 319 1684 οὕτως
343 1656 389 1680 καὶ
408 1657 421 1682 ὁ
439 1656 536 1692 ἱερεύς.
560 1668 568 1683 ι
596 1659 640 1685 Ἐν
664 1660 782 1696 τοσαύτῃ
803 1662 932 1697 συγχύσει

142 1705 171 1722 τε
183 1699 230 1724 καὶ
249 1701 378 1735 συμφορᾷ
392 1701 436 1728 διὰ
451 1702 502 1737 τῆς
511 1704 699 1739 αἰχμαλωσίας
712 1707 880 1741 γενήσονται,
894 1709 932 1740 ὼς

145 1743 210 1789 μηδὲ
237 1744 302 1779 μίαν
318 1743 389 1772 εἶναι
416 1747 601 1782 ίερατεύοντός
622 1759 653 1777 τε
674 1752 721 1778 καὶ
742 1753 790 1779 τοῦ
810 1754 862 1780 ὑπὸ
885 1754 932 1789 τὴν

145 1787 295 1834 ἱερωσύνην
316 1791 462 1826 διαφοράνι
479 1793 526 1820 an;
548 1795 660 1829 μηδενὸς
678 1797 727 1832 μὲν
744 1797 798 1824 τῶν
814 1799 842 1825 ὲν
859 1787 932 1834 ἱερα-

144 1833 201 1869 τείᾳ
220 1834 281 1871 Θείᾳ
311 1839 503 1873 προσηκόντων
520 1842 660 1876 γινομένου
683 1844 753 1875 τότε,
773 1833 890 1872 πάντων
903 1845 932 1872 δὲ

144 1880 239 1926 ’ῖῇγγῖῆγς
258 1881 447 1916 αἰχμαλωσίας
461 1887 588 1922 συμφορᾷ
606 1889 804 1924 περικειμένων
820 1891 933 1926 ὁμοίως.

148 1933 157 1948 ‹
179 1924 233 1950 Καὶ
248 1925 384 1961 ἐκδικήσω
397 1929 440 1954 ἐπ’
453 1930 549 1962 αὐτοὺς
565 1931 614 1963 τὰς
632 1932 707 1965 ὁδοὺς
722 1935 822 1967 αὐτῶν,
836 1924 882 1962 καὶ
897 1936 933 1962 τὰ

143 1968 281 1998 διαὸούλια
305 1973 396 2000 αὐτῶν
419 1975 600 2004 ἀνταποδώσω
617 1979 718 2012 αὐτοῖς.
737 1990 748 2006 ι
771 1981 931 2018 Τιμωρήσο-

147 2023 195 2047 μαι
205 2015 260 2050 γὰρ
276 2017 375 2049 αὐτοὺς
387 2019 505 2054 ἀνάλογα
520 2019 559 2053 οἷς
572 2031 602 2049 τε
616 2024 787 2053 ἐϐουλεύοντο
799 2015 932 2056 ἐπιτελεῖν

212 2063 377 2111 προῄρηντο.
401 2075 410 2091 ι
427 2067 481 2093 Καὶ
500 2068 632 2102 φάγονται
650 2072 696 2098 καὶ
719 2073 749 2099 οὐ
827 2075 934 2111 ἐμπλη-

146 2105 252 2132 σθῶσιν.
273 2117 282 2132 ι
304 2109 458 2137 ’Λπαυστον
469 2112 558 2144 ἕξουσι
579 2114 632 2142 τῶν
649 2117 740 2143 κακῶν
824 2105 929 2155 πεῖραν,

146 2151 186 2177 ἀεὶ
200 2153 257 2184 τοῖς
278 2154 396 2188 πρώτοις
418 2158 636 2193 προστιθεμένων
660 2151 825 2197 ἑτέρων-’ὲκ
852 2151 933 2199 p.211..-

899 1535 966 1575 P'c

982 251 1078 286 procul
1104 259 1152 278 vos
1171 255 1280 286 propter
1302 251 1485 286 captivitatem
1503 250 1537 277 ab
1561 250 1595 277 iis
1615 249 1683 276 locis
1701 249 1764 276 su'n-

982 303 1105 326 muvens,
1124 296 1149 322 in
1166 295 1267 330 quibus
1284 304 1339 322 rem
1365 296 1431 322 mihi
1454 295 1560 322 sacram
1582 302 1596 321 a
1612 294 1689 321 vobis
1707 293 1765 320 fieri

982 343 1160 369 constitululn
1177 344 1272 369 fuerat.
1290 341 1347 368 lloc
1361 341 1514 376 signiﬁcant
1527 341 1621 374 verba,
1639 349 1648 366 ι
1668 339 1766 374 ηρυρῐτ

982 387 1034 414 lam
1053 392 1079 414 te
1099 389 1244 422 quominus
1262 386 1415 413 sacerdotio
1437 386 1559 421 fungaris
1575 385 1651 412 mihi.
1669 395 1678 411 ι
1697 384 1765 411 Nam

982 433 1044 467 quia
1057 441 1202 460 couuuune
1218 433 1323 459 lucrum
1338 435 1380 458 est
1397 431 1589 461 sacerdotium,
1604 434 1684 466 prout
1701 430 1765 457 bea-

982 482 1026 505 tus
1044 478 1145 505 Paulus
1166 479 1214 510 ait,
1234 486 1264 505 ac
1290 484 1433 513 propterea
1454 477 1533 504 debet
1555 477 1682 504 sacerdos
1708 481 1763 503 tum

983 533 1031 560 pro
1044 530 1149 557 se,lum
1166 525 1248 552 etiam
1264 532 1313 559 pro
1330 524 1421 559 populi
1437 523 1599 558 ignorantiis
1618 522 1715 560 oll‘erre
1726 523 1766 550 “:

982 559 1080 598 merito
1113 575 1228 599 cunctos
1253 572 1287 598 de
1315 569 1469 598 sacerdotio
1496 569 1594 604 expelli
1625 559 1702 600 dicii,
1728 568 1766 596 si-

981 619 1091 652 quando
1124 619 1175 646 hoc
1204 618 1329 646 desinit:
1354 625 1416 645 nam
1444 617 1523 644 siculi
1554 616 1618 643 dum
1647 616 1764 647 exsistit,

981 671 1152 690 communem
1171 663 1270 698 praebet
1293 662 1451 693 utilitatem,
1473 661 1512 689 sic
1535 661 1673 691 desinens,
1690 667 1767 687 com-

981 717 1062 736 mune
1073 710 1265 736 detrimentum
1289 708 1369 744 parit.
1390 718 1399 733 ‹
1425 707 1457 734 Et
1478 707 1558 733 ohlita
1581 714 1610 734 es
1635 706 1701 741 legis
1719 705 1764 732 Dei

981 755 1040 787 tui;
1058 755 1207 782 obliviscar
1229 754 1347 781 liliorum
1369 758 1476 780 tuorum
1498 757 1525 779 et
1549 759 1610 786 ego.
1630 761 1639 777 ι
1654 751 1707 778 Eos
1720 751 1768 785 qui

982 801 1100 835 legitima
1132 808 1192 828 mea
1228 799 1471 835 transgredientur,
1505 798 1581 826 nihili
1614 797 1765 825 azstimabo.

985 856 994 871 ι
1015 847 1169 873 Secundum
1186 846 1390 873 multitudinem
1412 845 1463 880 21
1489 853 1594 878 eorum,
1613 845 1652 871 sic
1672 851 1767 878 pecca-

983 897 1079 918 verunt
1092 892 1169 918 mihi.
1192 901 1200 917 ι
1221 891 1287 918 Cum
1304 891 1393 923 ιιιιιιιί,
1414 891 1468 917 imo
1492 889 1714 922 innumerabiles,
1731 889 1767 916 ob

981 937 1181 972 providentiam
1210 945 1296 965 meam
1316 936 1380 963 facti
1398 940 1499 967 essent,
1519 943 1624 971 aequum
1643 935 1766 970 profecto

982 986 1052 1014 erat,
1069 987 1098 1009 ut
1113 983 1194 1017 hujus
1211 983 1334 1010 muneris
1354 986 1492 1009 auctorem
1514 985 1724 1016 cognoscerent;
1739 984 1767 1007 at

981 1028 1019 1055 illi
1033 1032 1139 1061 contra,
1155 1036 1246 1063 parem
1260 1036 1373 1055 numero
1386 1035 1434 1055 suo
1448 1027 1617 1062 iniquitatem
1631 1028 1765 1054 adversus

981 1084 1024 1103 me
1047 1081 1285 1110 exprompserunt,
1312 1076 1424 1102 multam
1448 1075 1552 1102 scilicet
1574 1079 1601 1102 et
1632 1074 1765 1101 inlinitam

980 1126 1131 1156 patrantes.
1153 1121 1222 1154 Quid
1244 1122 1330 1157 ergo?
1348 1131 1356 1147 ι
1377 1121 1496 1148 Gloriam
1519 1129 1612 1148 eorum
1638 1121 1665 1147 in
1688 1122 1765 1155 igno-

980 1166 1092 1193 miniam
1108 1167 1289 1193 couunutabo.
1314 1176 1323 1191 ι
1345 1167 1364 1192 Α
1381 1166 1519 1200 prioribus
1534 1167 1613 1194 bonis
1632 1166 1762 1201 dejeclos,

980 1212 1073 1247 pejora
1099 1212 1197 1239 faciam
1219 1213 1347 1247 experiri.
1367 1222 1375 1237 ι
1393 1212 1506 1240 Peccata
1528 1213 1619 1248 populi
1647 1212 1698 1239 mei
1715 1220 1764 1240 co-

980 1258 1097 1285 medent.
1109 1268 1118 1284 ι
1130 1257 1305 1291 Quasidicat,
1315 1250 1388 1284 Talia
1400 1257 1600 1292 populusmeus
1610 1265 1671 1284 cum
1684 1257 1711 1284 in
1722 1264 1765 1284 me

981 1304 1140 1338 peccaverit,
1147 1311 1295 1338 congruum
1305 1303 1384 1331 factis
1391 1303 1448 1330 suis
1457 1303 1574 1330 fructum
1581 1303 1721 1338 percipiet;
1729 1307 1767 1330 ta-

980 1349 1019 1376 les
1027 1357 1123 1384 nempe
1133 1349 1240 1377 l'ruetus
1248 1349 1369 1384 capiens,
1379 1349 1458 1384 quale
1469 1356 1559 1376 semen
1569 1349 1644 1384 jeeit.
1652 1348 1717 1375 Nam
1728 1349 1767 1376 lo-

980 1396 1064 1427 cutio,
1074 1406 1083 1421 ‹
1092 1395 1206 1423 Peccata
1215 1396 1306 1430 populi
1317 1396 1368 1423 mei
1380 1395 1532 1428 comedent,
1539 1404 1548 1420 ›
1561 1395 1670 1430 perinde
1677 1400 1718 1422 est
1726 1399 1768 1421 at-

981 1448 1043 1474 que,
1053 1441 1164 1468 Talibus
1171 1440 1310 1476 perfuetur
1318 1441 1434 1475 populus
1441 1448 1528 1472 meus,
1535 1441 1623 1475 qualia
1631 1440 1767 1475 peccavit.

1018 1487 1100 1514 Vens.
1122 1487 1198 1513 9-H.
1217 1501 1252 1506 —
1267 1495 1276 1511 ι
1295 1485 1328 1512 Et
1343 1486 1370 1512 in
1392 1486 1581 1520 iniquitatibus
1604 1494 1698 1513 eorum
1721 1493 1777 1512 κιο--

982 1533 1084 1568 cipient
1105 1531 1150 1558 alii
1169 1531 1276 1557 animas
1291 1530 1423 1564 ipsorum.
1442 1539 1451 1555 ι
1470 1529 1592 1564 Namque
1603 1530 1638 1556 ob
1659 1537 1690 1556 ca
1706 1536 1775 1563 qua);

983 1579 1010 1605 in
1029 1585 1071 1604 me
1092 1579 1252 1612 peecarunt,
1274 1577 1404 1603 ultionem
1429 1576 1463 1602 ab
1478 1576 1540 1603 aliis
1564 1576 1704 1610 patientur
1717 1575 1766 1602 ho-

982 1624 1082 1655 stibus,
1096 1623 1142 1658 qui
1161 1625 1337 1656 consurgent.
1353 1631 1361 1647 (
1382 1621 1413 1648 Ει
1429 1621 1480 1648 erit
1497 1621 1568 1648 sicut
1583 1621 1710 1655 populus,
1726 1620 1768 1647 sic

982 1669 1120 1698 sacerdos.
1138 1678 1147 1695 ι
1163 1669 1190 1694 lu
1204 1667 1394 1694 confusionem
1408 1671 1510 1694 tantam
1528 1666 1779 1700 calamitatemque-

982 1714 1127 1742 devenient
1143 1718 1253 1748 propter
1268 1713 1468 1747 captivitatem,
1483 1717 1512 1739 ut
1527 1712 1601 1738 nulla
1617 1712 1652 1739 sit
1672 1719 1780 1739 sacer—-

983 1761 1056 1788 dotis
1079 1760 1112 1787 ab
1131 1767 1164 1786 eo
1180 1760 1227 1794 qui
1250 1759 1302 1786 sub
1326 1759 1482 1786 sacerdotio
1503 1762 1545 1785 est
1563 1757 1765 1793 discrepanlia;

982 1808 1118 1840 quatenus
1150 1804 1218 1830 nihil
1244 1807 1309 1830 tunc
1336 1803 1378 1830 atl'
1394 1802 1561 1830 sacerdotale
1584 1802 1778 1829 ministerium'

982 1850 1124 1885 pertinens
1140 1849 1194 1879 lict.
1212 1849 1320 1876 cunctis
1336 1849 1476 1876 servitutis
1496 1848 1646 1875 infortunio
1662 1847 1768 1874 indilfe-

982 1899 1075 1923 renter
1097 1894 1242 1930 correptis.
1261 1904 1270 1919 ι
1287 1894 1320 1921 Et
1338 1894 1457 1921 ulciscar
1474 1901 1555 1928 super
1574 1901 1622 1920 eos
1643 1893 1701 1920 vias
1717 1900 1767 1920 eo-

981 1950 1054 1973 rum,
1078 1945 1105 1968 et
1128 1941 1306 1976 cogitationes
1329 1948 1424 1967 eorum
1451 1940 1562 1967 reddam
1587 1939 1664 1974 ipsis.
1680 1948 1690 1965 ι
1711 1939 1766 1966 Pu.

983 1989 1056 2015 niam
1073 1995 1120 2015 eos
1138 1995 1260 2022 congrua
1288 1987 1341 2018 his,
1366 1994 1426 2021 qua:
1449 1987 1603 2021 cogitarunt
1622 1985 1709 2012 facere
1733 1992 1768 2012 ac

983 2034 1137 2064 voluerunt,
1154 2032 1285 2059 vindicta.
1305 2041 1314 2057 ι
1331 2031 1363 2058 Et
1380 2032 1533 2061 comedent,
1557 2036 1585 2058 et
1607 2039 1661 2058 non
1678 2031 1766 2065 reple-

983 2080 1095 2107 buntur.
1115 2088 1124 2104 ι
1140 2079 1331 2106 lndesinenter
1349 2078 1420 2104 mala
1435 2077 1621 2112 experientur,
1636 2077 1697 2104 aliis
1712 2076 1766 2103 alia

983 2125 1193 2160 exeipientibus.
1213 2123 1305 2151 Utitur
1320 2128 1410 2150 autem
1429 2123 1587 2157 metaphora
1602 2130 1696 2149 eorum
1717 2123 1764 2156 qui

984 2171 1154 2198 comestione
1167 2177 1221 2196 non
1236 2169 1338 2201 satiati,
1357 2176 1455 2196 rursus
1475 2168 1638 2202 comedunt;
1653 2172 1682 2194 ut
1693 2167 1780 2194 dicat~

146 2200 229 2234 φορᾱς
245 2200 310 2227 αὐτὸ
330 2202 414 2228 εἰπὼν
438 2203 491 2229 τῶν
512 2205 594 2231 ἐπειό
620 2205 653 2232 ἂν
677 2209 807 2242 φαγόντες
825 2210 861 2245 μὴ
885 2219 930 2237 κο-

985 2215 1045 2243 {ore
1071 2219 1100 2241 ut
1125 2215 1152 2241 hi
1175 2215 1256 2241 eliam
1281 2214 1352 2240 mala
1378 2213 1571 2246 experiantur;
1597 2217 1625 2240 et
1645 2213 1765 2248 peractis

148 2245 288 2279 ρεσθῶσιν,
306 2247 448 2274 ἐσθιόντων
472 2249 566 2276 πάλιν·
580 2250 622 2277 ἵνα
640 2252 703 2288 εἴπῃ
727 2254 767 2280 ὅτι
789 2256 836 2281 καὶ
860 2253 931 2282 οὗτοι

148 2292 175 2316 ἐν
190 2292 272 2327 πείρᾳ
286 2294 444 2329 γενήσονται
458 2295 513 2321 τῶν
531 2297 622 2323 κακῶν
633 2306 640 2312 ·
657 2301 704 2324 καί
717 2300 770 2326 τῶν
792 2302 930 2337 προτέρων

147 2338 304 2371 γεγονότων,
333 2340 371 2375 (p.
389 2340 434 2375 55)
457 2342 538 2368 πάλιν
553 2342 628 2369 ἔσται
650 2343 780 2380 δεύτερα·
797 2347 880 2382 πέρας
902 2349 931 2375 δὲ

147 2383 198 2409 τῶν
213 2385 380 2419 γιγνομένων
398 2387 447 2413 οὐκ
457 2387 532 2414 ἔσται
544 2396 551 2404 ·
563 2389 593 2415 τὸ
607 2389 660 2425 γὰρ
673 2400 682 2415 ‹
698 2393 828 2424 φάγονται
847 2403 856 2418 ι
870 2394 931 2420 κάν-

147 2429 230 2456 ταῦθα
238 2428 312 2458 εἶπεν
320 2431 357 2463 ὼς
364 2432 393 2458 ὲν
403 2434 459 2464 τοῖς
466 2433 612 2468 ἁνωτέροις
622 2445 630 2461 ι
642 2436 790 2472 Ἀμαρτίας
802 2437 866 2465 λαοῦ
880 2448 930 2474 μου

149 2475 286 2517 φάγονται,
306 2486 316 2502 ι
336 2477 396 2504 ἀντὶ
419 2478 478 2510 τοῦ,
504 2480 724 2516 Πειραοήσονται.
748 2493 757 2508 ι
789 2484 932 2520 Ἐπόρνευ-

151 2528 196 2546 σαν
210 2522 255 2548 καὶ
265 2522 295 2548 οὐ
311 2522 584 2557 μὴλκατευουνοῶσιν.
603 2536 612 2551 ι
630 2526 737 2563 Ἐπειδὴ
748 2529 800 2564 γὰρ
809 2530 931 2566 ἀπέστη-

151 2566 196 2592 σάν
220 2576 269 2601 μου
282 2569 431 2603 παντελῶς,
445 2570 520 2597 οὐδὲν
537 2573 627 2604 αὐτοῖς
645 2574 685 2604 εἰς
700 2574 759 2600 δέον
774 2575 930 2610 ἐκϐήσεται.

152 2621 161 2635 ο
175 2613 244 2640 Διότι
266 2614 310 2640 τὸν
332 2615 434 2651 Κύριον
457 2617 644 2651 ἐγκατέλιπον,
668 2619 713 2646 τοῦ
733 2621 846 2654 φυλάξαι
866 2631 932 2657 πορ-

150 2657 236 2684 νείαν’
257 2660 302 2685 καὶ
323 2658 393 2687 οἶνον
406 2662 454 2688 καὶ
476 2663 601 2698 μέθυσμα
623 2664 730 2698 ἐδέξατο
749 2667 845 2701 καρδία
867 2668 931 2695 λαοῦ

152 2713 209 2737 μου.
227 2714 236 2730 ι
259 2705 457 2742 Ἀμελήσαντες
472 2709 526 2744 γὰρ
547 2709 592 2736 τοῦ
606 2710 684 2738 Θείου
698 2712 847 2745 παντελῶς,
867 2714 933 2740 πολ-

151 2748 197 2784 λὴν
209 2751 364 2785 ἐπιμέλειαν
386 2754 436 2787 τῆς
451 2755 558 2789 περὶτὰ
571 2756 667 2783 εἴδωλα
689 2758 829 2786 ἐποιοῦντο
851 2768 933 2786 σπου-

985 2261 1134 2297 prioribus.
1160 2260 1218 2287 fore
1242 2263 1271 2286 ut
1295 2259 1447 2294 posteriora
1474 2258 1766 2293 supervenianttnul-

984 2307 1094 2341 lumque
1110 2306 1189 2332 linem
1208 2305 1365 2339 impositum
1380 2304 1423 2331 iri.
1439 2303 1507 2330 Nam
1520 2303 1631 2331 verbum
1649 2313 1658 2328 ί
1674 2311 1765 2331 eome-

985 2351 1050 2379 dent
1067 2360 1076 2377 ι
1094 2350 1139 2376 hic
1154 2351 1218 2376 item
1234 2357 1267 2376 co
1282 2356 1364 2376 sensu
1376 2349 1445 2375 dicit
1457 2349 1550 2383 quoin
1565 2348 1778 2382 superioribus,.

982 2406 992 2422 ‹
1012 2403 1123 2431 peccata
1149 2395 1242 2430 populi
1269 2394 1321 2421 mei
1338 2394 1492 2425 comedent,
1511 2404 1520 2420 ι
1546 2394 1572 2420 id
1595 2397 1647 2425 est,
1675 2393 1765 2428 Expe-

981 2444 1095 2470 rientur.
1122 2451 1130 2467 ‹
1148 2441 1289 2468 Fornicati
1311 2446 1385 2471 sunt,
1404 2446 1427 2467 et
1448 2448 1501 2467 non
1517 2444 1592 2467 recte
1614 2440 1653 2467 eis
1664 2440 1731 2468 erit.
1751 2448 1765 2465 ι

982 2487 1048 2514 Nam
1066 2487 1130 2521 quia
1150 2495 1165 2512 a
1184 2494 1226 2513 me
1238 2486 1350 2513 omnino
1365 2489 1549 2517 recesserunt,
1565 2485 1634 2511 nihil
1649 2484 1683 2511 iis
1697 2484 1766 2512 bene

982 2533 1100 2561 eveniet.
1130 2541 1139 2557 ι
1160 2531 1294 2565 Quoniam
1318 2532 1462 2558 Dominum
1476 2531 1763 2566 22dereliquerunt,

983 2585 1012 2607 ut
1036 2578 1200 2607 fornicando
1216 2578 1389 2605 inluni-ercet.
1413 2577 1647 2609 Fornicationem.
1669 2578 1763 2604 vinum

981 2629 1008 2652 et
1033 2625 1194 2651 ebrietatem
1219 2631 1266 2649 cor
1288 2623 1380 2657 populi
1410 2623 1475 2650 mei.
1491 2623 1606 2657 excepit.
1627 2632 1636 2649 ι
1660 2622 1764 2656 Quippe

982 2669 1037 2697 Deo
1051 2671 1316 2704 prorsusuegleclo,
1333 2669 1444 2694 multaut
1464 2669 1537 2695 circa
1554 2668 1689 2695 idolorum
1704 2667 1764 2693 dili-

982 2717 1101 2752 gentiam
1117 2718 1368 2749 exprompscruntn
1388 2714 1455 2741 adeo
1467 2720 1496 2741 ut
1511 2715 1590 2741 malis
1605 2713 1713 2745 ebriati,
1730 2720 1765 2740 ne

983 2768 1094 2788 sensum
1107 2759 1215 2795 quidem
1233 2759 1386 2794 iniquitatis
1401 2767 1457 2787 suae
1473 2760 1600 2787 habeant.

152 2794 212 2830 δῆς·
233 2797 301 2825 ὥστε
329 2800 477 2834 μεθύοντας
504 2804 601 2835 αὐτοὺς
621 2805 676 2836 τοῖς
700 2807 809 2839 κακοῖς,
841 2807 908 2843 μηδὲ
930 2806 1060 2842 αἴσθησιν.
1077 2794 1127 2842 τῆς
1137 2806 1314 2842 παρανομίας.
1322 2806 1414 2842 λοιπὸν
1429 2806 1500 2841 ἔχειν
1513 2806 1561 2842 τῆς
1580 2806 1655 2838 ἰδίας.

188 2877 207 2893 ⁸⁸
225 2880 302 2907 lle':r.
322 2889 369 2909 vn.
385 2882 427 2909 12.
