1940 3064
163 129 212 160 151

765 135 941 164 ΤΙΙΕΟΒΟΒΙ
966 137 1207 168 MOPSUESTENI

1738 142 1791 170 152

196 187 281 216 Vsus.
296 189 392 218 ‘12-“.
410 204 444 209 —
462 200 471 216 ι
487 190 516 218 In
532 190 665 226 auspiciis
684 192 901 228 interrogabant,
921 199 946 221 et

1036 196 1110 232 Στίχ.
1136 196 1226 232 till—:52
1243 211 1279 217 —-
1295 207 1305 223 ο
1329 198 1375 225 Ἑν
1400 197 1545 234 συμϐόλοις
1568 197 1790 234 ὲπηριῖηων,καὶ

161 233 189 261 in
218 235 304 270 virgis
329 235 388 263 suis
417 236 618 264 annuntiabant
646 237 708 265 ei.»
738 237 821 271 More,
849 240 947 274 inquit,

160 280 334 308 ethnicorum
356 281 483 316 agebant,
505 283 551 317 qui
574 283 713 311 dminones
730 285 947 320 interrogabant,

161 328 219 355 sive
232 328 329 355 horum
350 329 520 362 sacerdotes,
537 339 570 358 ex
585 331 716 366 auspiciis
732 331 840 360 discere
853 334 946 360 volen-

159 376 202 400 tes
217 381 277 408 qua:
291 374 359 408 ipsis
373 381 443 410 opus
459 381 537 403 erant
555 385 561 403 :
575 384 691 411 quorum
707 382 766 405 erat
778 380 949 406 consuetudo

160 422 190 445 ut
208 419 293 454 virgis
304 420 470 454 quibusdam
484 426 603 454 utentes,
617 422 804 451 fraudulenter
818 425 851 450 ad
864 425 948 452 inter-

160 467 254 498 rogata
272 464 479 499 responderent.
497 475 506 491 ι
522 465 644 502 Spiritus
660 467 853 497 fornicationis
865 469 947 497 dece-

161 508 201 543 pit
213 516 272 541 eos,
287 515 313 537 et
329 509 457 538 fornicati
473 517 537 539 sunt
557 521 572 539 a
589 513 644 541 Deo
661 521 720 541 suo.
735 525 744 540 ι
761 514 947 542 Fornicariam

160 553 294 583 habentes
306 559 436 589 mentem,
454 557 489 584 ad
503 565 625 586 errorem
639 567 654 586 a
666 559 721 587 Deo
735 568 848 597 prorsus
858 562 947 589 aversi

160 600 377 631 declinaverunt.
395 612 404 629 ι
423 604 512 639 Super
525 606 642 634 vertices
655 607 788 634 montium
805 608 947 635 sacriﬁca—

157 646 234 679 bant,
253 651 280 674 et
296 655 380 682 super
393 648 478 676 colles
493 649 680 678 accendebant
696 651 846 687 thymiama
862 653 948 680 :sub-

158 695 204 720 tus
228 699 360 727 quercum
380 698 407 721 et
424 695 556 729 populum
572 699 600 722 et
622 697 791 725 umbrosam.
807 698 945 730 arborem,

158 736 223 771 quia
241 737 343 765 bonum
363 744 421 766 erat
437 740 639 768 umbraculum.
658 750 669 767 ›
685 740 788 770 Deinde
811 742 844 770 ad
868 750 947 770 mon-

157 786 201 811 tes
216 783 355 819 collesque
371 785 528 818 currebant,
546 786 640 821 ibique
655 787 825 815 daemonibus
840 788 946 815 sacriﬁ-

158 827 201 855 cia
228 828 381 863 faciebant,
412 838 581 866 magnasque
607 836 634 859 et
660 832 806 861 umbrosas
834 834 945 862 arbores

1002 243 1032 268 ὲν
1057 240 1162 278 ῥάϐδοις
1186 242 1267 269 αὑτοῦ
1285 243 1454 278 ἀπήγγελλον
1481 244 1564 279 αὐτῷ.
1584 253 1594 269 ι
1619 245 1653 270 Ἃ
1666 243 1737 271 κατὰ
1759 244 1790 271 τὸ

1007 287 1161 322 Ἑλληνικὸν
1171 288 1230 320 ἔθος
1247 289 1366 321 ἐποίουν,
1383 289 1467 322 λέγει,
1479 290 1554 316 ὅτιοί
1572 290 1622 324 μὲν
1641 290 1790 325 ἐπηρώτων

999 334 1062 365 τοὺς
1075 334 1214 368 δαίμονας,
1235 335 1290 361 εἴτε
1306 335 1369 366 τοὺς
1389 335 1491 362 τούτων
1513 336 1613 371 ἱερέας,
1630 335 1674 362 διὰ
1689 335 1790 370 συμϐό-

1000 381 1053 408 λων
1070 382 1214 417 μανθάνειν
1229 382 1394 417 βουλόμενοι,
1408 382 1433 408 τί
1445 382 1499 408 τῶν
1514 383 1604 414 αὐτοῖς
1624 382 1788 416 ἀναγκαίων*

999 428 1026 454 οἴ
1049 427 1119 454 κατὰ
1143 427 1173 454 τὸ
1198 427 1292 459 εἰωθὸς
1323 428 1414 459 αὐτοῖς
1435 428 1542 463 ῥάϐδοις
1568 428 1623 454 τισὶ
1649 428 1788 463 κεχρημέ-

1000 481 1039 498 νοι
1074 471 1143 507 μετᾶ
1165 473 1273 507 ἀπάτης
1294 473 1349 499 τῶν
1382 473 1542 508 ἐρωτήσεων
1571 473 1620 507 τὴν
1644 473 1790 509 ἀπόκρισιν

1000 519 1150 546 ἐποιοῦντο.
1169 527 1178 544 ι
1196 519 1334 554 Πνεῦματι
1359 519 1486 554 πορνείας
1518 519 1718 555 ἐπλανήθησαν,
1741 521 1789 547 καὶ

999 563 1197 600 ἐξεπόρνευσαν
1207 564 1261 590 ἀπὸ
1271 564 1318 590 τοῦ
1332 563 1400 590 Θεοῦ
1411 564 1511 590 αὐτῶν.
1530 573 1540 590 ι
1555 565 1674 600 Πορνικῇ
1688 566 1790 601 χρησά-

1001 620 1076 646 μενοι
1102 611 1208 647 γνώμῃ,
1237 611 1307 646 πρὸς
1329 610 1433 646 πλάνην
1457 609 1526 637 εἶδον
1553 611 1719 644 ἀποστάντες
1740 613 1789 639 τοῦ

999 657 1066 683 Θεοῦ
1083 657 1231 688 παντελῶς.
1252 667 1262 683 ε
1285 658 1346 684 Ἐπὶ
1357 657 1406 690 τὰς
1422 657 1544 692 κορυφὰς
1561 658 1617 684 τῶν
1630 658 1714 693 ὀρέων
1727 658 1789 685 ὲθυ-

1000 702 1102 734 σίαζον,
1118 702 1156 737 (p.
1178 703 1222 738 36)
1241 703 1288 730 καὶ
1306 703 1353 729 ἐπὶ
1366 703 1428 735 τοὺς
1450 702 1561 738 βουνοὺς
1573 703 1650 730 ἔθυον
1661 703 1791 730 ὑποκάτω

998 748 1078 784 δρυὸς
1090 749 1137 775 καὶ
1149 748 1248 784 λεύκης
1261 749 1307 775 καὶ
1317 749 1425 784 δένδρου
1441 749 1642 781 αυσκιάζοντος,
1653 749 1692 776 ὃτι
1707 749 1792 777 καλὸν

999 794 1098 829 σκέπη.
1112 804 1121 820 ι
1132 792 1199 822 Εἶτα
1210 795 1255 821 ἐπὶ
1269 795 1304 822 τὰ
1318 795 1368 831 δρη
1383 803 1413 821 τε
1426 795 1544 826 καὶτοὺς
1559 795 1669 830 βουνοὺς
1683 795 1794 830 ἀνέτρε-

999 849 1056 876 χον,
1077 841 1169 868 αὺτόθι
1189 841 1284 873 θυσίας
1306 841 1492 874 ἐπιτελοῦντες
1519 843 1574 873 τοῖς
1598 842 1726 877 δαίμοσι·
1742 842 1790 868 καὶ

156 873 324 910 deligebam,
343 875 387 902 ubi
403 883 471 904 suas
485 877 679 911 perversitates
694 882 874 913 peragerent;
895 886 946 906 ma-

1000 873 1114 922 δένδρων
1129 887 1163 915 τὰ
1186 888 1291 924 μεγάλα
1307 897 1336 914 τε
1357 888 1404 915 καὶ
1418 873 1515 916 σύσκια
1538 873 1720 924 ἐκλεγόμενοι,
1738 889 1789 916 αὑ-

157 927 242 954 gnum
255 920 320 956 quid
336 924 363 948 et
380 925 505 949 sanctum
520 926 651 957 putantes
665 930 727 951 esse
743 924 872 951 arborum
891 931 949 951 am-

156 965 321 1000 plitudinem
338 974 370 994 ac
391 967 567 1000 densitatem,
590 972 617 996 et
640 976 698 997 sua
718 970 851 1005 impietati
873 978 949 998 com-

157 1011 271 1038 modum
297 1012 498 1041 existimantes.
531 1023 540 1040 ι
556 1014 620 1042 ideo
651 1015 861 1042 fornicabuntur
887 1016 949 1043 lilia:

156 1060 265 1088 vestraa.
288 1061 316 1084 et
335 1065 444 1093 sponsae
465 1062 562 1087 vestrae
580 1059 712 1088 adultera:
728 1064 818 1088 erunt.
841 1060 875 1088 Et
893 1069 949 1088 non

156 1104 274 1132 visitabo
285 1113 369 1137 super
382 1106 452 1134 filias
467 1110 576 1135 vestras
596 1115 659 1136 cum
677 1107 782 1136 fuerint
794 1108 947 1141 fornicata,

155 1154 184 1178 et
198 1159 281 1186 super
294 1159 413 1186 sponsas
427 1157 534 1181 vestras
547 1161 610 1180 cum
628 1153 844 1182 adulteraverint
860 1163 867 1181 :
880 1161 947 1189 quo-

156 1196 230 1223 niam
244 1200 271 1224 et
290 1196 344 1232 ipsi
360 1205 423 1224 cum
442 1197 636 1226 meretricibus
651 1199 898 1232 conversabantur,
921 1204 948 1227 et

154 1249 218 1270 eum
245 1242 361 1271 initiatis
383 1243 573 1271 immolabant.
597 1244 631 1271 Et
654 1245 773 1279 populus
790 1245 948 1282 intelligens

156 1289 315 1316 adhaerebat
331 1288 480 1316 meretrici.
500 1298 509 1315 ›
526 1289 632 1324 Dignas
645 1290 755 1318 delictis
772 1291 873 1318 vestris
889 1298 949 1326 pte-

155 1342 207 1362 nas
219 1334 332 1367 dabitis,
346 1343 409 1362 cum
421 1335 500 1363 vobis
513 1335 590 1370 potiti
605 1336 710 1368 hostes,
725 1337 836 1364 filiabus
848 1337 948 1364 vestris

155 1387 188 1407 ac
203 1380 334 1408 uxoribus
349 1385 446 1416 stupra
468 1380 599 1414 inferent,
615 1389 732 1416 quorum
748 1389 799 1417 ego
811 1382 947 1410 factorum

155 1426 261 1453 nullam
291 1433 384 1462 geram
411 1427 644 1461 sollicitudinem;
670 1428 736 1463 quia
768 1429 866 1456 merito
889 1428 947 1456 haec

154 1473 308 1508 patiemini,
326 1473 373 1508 qui
391 1473 444 1508 23
461 1473 612 1502 fornicario
637 1482 732 1502 errore
751 1483 801 1503 vos
825 1475 946 1502 irrctivi—

155 1518 218 1550 stis,
244 1517 422 1553 conjurantes
444 1519 539 1551 simul,
556 1523 585 1546 ut
607 1527 650 1547 me
666 1519 799 1548 derelicto
821 1520 854 1547 ad
874 1520 946 1548 idola

156 1563 311 1597 accedatis;
330 1564 357 1591 in
368 1567 485 1598 tantum,
503 1569 533 1592 ut
546 1566 622 1594 multi
638 1574 672 1594 cx
686 1566 764 1594 vobis
779 1567 946 1596 constitutas

155 1618 266 1646 quoque
280 1611 352 1647 apud
374 1612 501 1640 ethnicos
521 1612 690 1640 initiationes
709 1608 897 1648 susceperint,
919 1618 947 1641 et

156 1657 293 1685 sacriﬁcia
313 1657 356 1685 his
369 1662 507 1686 .consueta
524 1662 656 1694 tanquam
677 1666 727 1694 pro
742 1659 839 1694 grandi
855 1660 947 1695 aliquo

155 1702 228 1730 bono
241 1707 383 1738 peragant.
399 1704 492 1739 Atque
506 1707 536 1731 ut
553 1704 711 1732 summatim
729 1704 867 1738 dicamus,
885 1706 948 1732 uni-

155 1755 255 1776 versus
294 1749 423 1784 populus,
442 1750 489 1784 qui
519 1750 638 1777 maxime
664 1750 787 1777 omnium
817 1751 948 1778 cordatus

155 1802 219 1822 esse
237 1793 380 1827 debuerat,
397 1799 424 1823 et
450 1795 535 1823 Deum
555 1803 605 1824 ceu
631 1797 771 1832 proprium
795 1802 947 1824 creatorem

155 1846 316 1874 agnoscere,
339 1839 450 1867 illorum
471 1841 630 1868 societatem
655 1840 787 1875 praetulit,
809 1841 856 1875 qui
875 1840 948 1868 hanc

155 1884 309 1920 improbam
327 1885 609 1921 intemperantemque
626 1886 836 1913 fornicationem
856 1891 949 1922 patra-

154 1931 233 1963 bant,
254 1939 270 1958 a
293 1930 350 1959 Deo
375 1933 477 1966 aversi,
495 1936 524 1960 et
548 1931 722 1960 demonibus
743 1932 849 1960 cultum
870 1932 948 1960 exhi-

155 1977 264 2006 bentes.

191 2121 276 2151 Vens.
294 2123 385 2151 15-19.
396 2139 431 2144 —
445 2133 455 2149 ‹
474 2123 515 2151 Tu
533 2131 609 2157 vero,
620 2124 714 2156 Israel,
725 2132 760 2153 ne
772 2125 892 2160 ignores,
908 2128 946 2158 et,

154 2167 226 2195 Juda
243 2176 277 2196 ne
295 2169 416 2204 pergatis
435 2169 462 2196 in
477 2169 600 2205 Galgala,
617 2177 707 2206 neque
722 2170 752 2198 in
772 2170 884 2197 domum
904 2170 947 2198 0n

999 935 1056 962 τόθι
1070 935 1119 971 τὴν
1139 936 1248 971 ἀπάτην
1263 935 1399 972 ἐπλήρουν
1414 936 1464 972 τὴν
1486 937 1598 969 οἰκείαν,
1617 937 1687 971 μέγα
1701 944 1726 962 τι
1742 936 1792 962 καὶ

999 981 1096 1016 σεμνὸν
1107 981 1262 1016 νομίζοντες
1272 979 1342 1008 εἶναι
1354 981 1384 1008 τὸ
1402 982 1517 1017 μέγεθος
1532 982 1581 1017 τῆς
1599 982 1654 1008 ἀπὸ
1665 982 1719 1008 τῶν
1732 981 1789 1008 δέν-

998 1027 1068 1062 δρων
1088 1027 1183 1057 σκιᾶς·
1195 1026 1266 1053 ὥστε
1283 1027 1331 1054 καὶ
1345 1028 1413 1062 πρὸς
1429 1020 1478 1062 τὴν
1493 1028 1619 1054 ἀσέϐειαν
1631 1027 1791 1064 ἐπιτηδείως

998 1073 1070 1108 ἔχειν
1093 1073 1164 1100 αὐτὰ
1190 1074 1320 1108 νομίζειν.
1339 1083 1349 1100 ι
1373 1073 1423 1101 Διὰ
1447 1074 1526 1101 τοῦτο
1547 1074 1742 1110 πορνεύσουσιν
1760 1073 1790 1100 αι

998 1119 1146 1155 θυγατέρες
1163 1119 1249 1155 ὑμῶν,
1265 1120 1313 1146 καὶ
1331 1120 1361 1147 αί
1379 1120 1483 1156 νύμφαι
1499 1120 1575 1156 ὑμῶν
1599 1121 1789 1156 μοιχεύσουσι⁸

997 1166 1044 1192 καὶ
1063 1165 1094 1192 οὐ
1112 1165 1149 1200 μὴ
1171 1165 1362 1201 ὲπισκέψωμαι
1387 1166 1432 1193 ἐπὶ
1453 1166 1503 1198 τὰς
1523 1167 1630 1202 νύμφας
1655 1167 1732 1202 ὑμῶν
1750 1167 1788 1192 ἆτ’

997 1208 1031 1236 ἂν
1055 1209 1234 1245 πορνεὺσωσι.
1261 1209 1309 1237 καὶ
1328 1210 1376 1236 ὲπὶ
1405 1210 1454 1242 τὰς
1469 1211 1578 1246 νύμφας
1602 1211 1679 1247 ὑμῶν
1703 1211 1791 1239 ὄτ⁹ἃν

999 1253 1197 1289 μοιχεύσωσιν·
1216 1254 1258 1281 ὅτι
1277 1254 1325 1282 καὶ
1340 1255 1417 1282 αὐτοὶ
1434 1255 1503 1290 μετὰ
1522 1256 1576 1282 τῶν
1598 1255 1704 1292 πορνῶν
1727 1265 1790 1283 συν-

997 1300 1136 1336 εφέροντο,
1153 1300 1199 1327 καὶ
1215 1300 1283 1335 μετὰ
1305 1301 1359 1328 τῶν
1373 1302 1572 1337 τετελεσμένων
1594 1302 1688 1330 ἔθυονο
1711 1305 1758 1330 καὶ
1774 1305 1792 1331 ὀ

996 1345 1059 1377 λαός
1069 1347 1084 1373 ὁ
1100 1346 1136 1381 (3)
1152 1345 1250 1374 συνιὼν
1262 1347 1441 1374 συνεπλέκετο
1453 1348 1522 1383 μετὰ
1543 1348 1655 1383 πόρνης.
1680 1358 1690 1374 ›
1713 1349 1790 1375 Ἀνα-

996 1392 1092 1426 λόγους
1111 1392 1142 1428 δὴ
1161 1394 1218 1424 τοῖς
1239 1393 1456 1429 πλημμελήμασι
1479 1394 1534 1424 τοῖς
1559 1394 1669 1426 οἰκείοις
1689 1393 1789 1420 δώσετε

996 1436 1045 1469 τὰς
1064 1437 1141 1469 δίκας
1151 1446 1158 1452 ·
1174 1438 1258 1465 ἑπειδ¹
1278 1438 1312 1465 ἂν
1329 1438 1514 1474 κατασχόντες
1527 1439 1603 1474 ὑμῶν
1616 1440 1640 1465 οἰ
1654 1439 1789 1473 ’πολέμιοι⁷

996 1484 1036 1514 εἰς
1049 1483 1098 1516 τὰς
1120 1483 1312 1520 προσηκούσας
1328 1485 1392 1520 ὑμῖν
1412 1484 1564 1520 θυγατέρας
1578 1493 1608 1510 τε
1625 1484 1791 1520 ὲξυϐρίζοκτι

998 1529 1046 1556 καὶ
1063 1530 1172 1565 νύμφας
1183 1537 1190 1546 ·
1207 1527 1245 1557 ὧν
1261 1530 1410 1565 γινομένων
1422 1531 1516 1557 οὐδένα
1527 1531 1675 1566 ποιήσομαι
1692 1530 1769 1565 λόγον
1781 1539 1787 1546 ·

999 1575 1113 1611 ἐπείπερ
1133 1575 1243 1607 δικαίως
1262 1576 1421 1610 ὑπομενεῖτε
1445 1575 1541 1607 ταῦτα,
1559 1576 1744 1611 συμφυρέντες
1758 1584 1790 1602 τε

997 1622 1031 1656 τῇ
1047 1623 1161 1656 πορνικῇ
1175 1621 1274 1657 πλάνῃ.
1289 1621 1337 1648 καὶ
1360 1622 1502 1648 κοινωνίαν
1518 1622 1697 1657 Μωσάμενοι
1721 1623 1792 1657 πρὸς

997 1665 1130 1701 ἀλλήλους
1151 1666 1198 1692 ἐπὶ
1215 1667 1254 1702 τῷ
1271 1666 1431 1694 καταλιπεξν
1451 1667 1502 1702 μὲν
1520 1667 1581 1702 ἐμὲ,
1601 1667 1745 1703 προσέχειν
1760 1667 1790 1695 δὲ

997 1712 1054 1742 τοῖς
1076 1711 1214 1743 εἰδώλοις·
1241 1712 1278 1746 (p.
1300 1712 1346 1746 35)
1368 1712 1438 1739 ὥστε
1458 1712 1594 1740 τελεῖσθαι
1611 1713 1660 1748 μὲν
1678 1713 1791 1745 πολλοὺς

998 1757 1027 1790 ἐξ
1042 1757 1121 1793 ὑμῶν
1135 1758 1185 1793 τὴν
1201 1758 1277 1793 παρὰ
1294 1759 1351 1790 τοῖς
1364 1758 1477 1794 Ἕλλησι
1503 1759 1700 1796 νενομισμένην
1718 1760 1790 1795 μύη-

999 1812 1056 1829 σιν⁸
1076 1804 1171 1835 θυσίας
1190 1804 1213 1830 δ’
1228 1804 1271 1830 ἐπ’
1284 1804 1399 1836 ἐκείνοις
1416 1805 1454 1836 ὡς
1467 1805 1538 1840 ὑπὲρ
1559 1806 1693 1840 μεγίστων
1709 1806 1792 1833 τινῶν

999 1849 1131 1876 ἐπιτελεῖν
1144 1849 1254 1884 ἀγαθῶν
1264 1858 1272 1865 ·
1285 1849 1359 1881 ἅπας
1371 1859 1412 1882 τε,
1431 1852 1570 1887 συντόμως
1585 1852 1682 1884 εἰπεῖν,
1701 1852 1714 1878 ὀ
1727 1852 1791 1884 λαός

997 1896 1013 1922 ὀ
1027 1895 1143 1930 μάλιστα
1163 1895 1271 1923 πάντων
1286 1896 1406 1922 συνιέναι
1418 1895 1449 1922 τὸ
1462 1896 1522 1923 δέον
1538 1896 1652 1931 ὀφείλων
1662 1897 1709 1923 καὶ
1725 1897 1794 1923 Θεὸν

998 1939 1188 1974 ἐπιγινώσκειν
1201 1940 1248 1967 τδν
1262 1941 1358 1967 ἑαυτοῦ
1372 1941 1495 1977 ποιητὴν,
1509 1941 1561 1977 τὴν
1577 1942 1645 1977 μετὰ
1663 1942 1792 1969 τοιούτων

998 1986 1085 2012 εἵλετο
1105 1986 1245 2013 κοινωνίαν
1261 1987 1286 2014 οἱ
1308 1987 1359 2022 τὴν
1378 1987 1519 2023 μοχθηρὰν
1541 1987 1643 2023 ταύτην
1663 1988 1710 2014 καὶ
1726 1988 1788 2014 ἀκό-

998 2032 1095 2059 λαστον
1106 2031 1245 2065 ὲξετέλουν
1255 2033 1393 2069 πορνείαν,
1402 2033 1470 2060 Θεοῦ
1485 2034 1533 2068 μὲν
1546 2033 1723 2065 ἀποστάντες,
1737 2034 1791 2061 δαί-

1000 2087 1063 2113 μοσι
1076 2078 1105 2104 δὲ
1119 2078 1333 2113 προσανέχοντες
1349 2078 1508 2114 θεραπείαν.

1034 2123 1107 2158 Στίχ.
1127 2123 1216 2150 ιε’-ιθ¹.
1231 2138 1266 2144 ο-
1284 2133 1293 2149 ι
1317 2123 1353 2150 Σὺ
1365 2123 1404 2156 δὲ,
1421 2123 1539 2158 Ἰσραὴλ,
1557 2123 1593 2157 μὴ
1613 2122 1714 2157 ἀγνόει,
1743 2123 1792 2150 καὶ

1004 2168 1089 2195 Ἰούδα
1106 2169 1143 2204 μὴ
1159 2168 1352 2204 εἰσπορεύεσθε
1367 2169 1406 2200 εἰς
1417 2168 1553 2202 Γάλγαλα,
1566 2168 1612 2194 καὶ
1629 2168 1666 2203 μὴ
1680 2168 1792 2195 ὰναὸαί-

155 2214 321 2246 aseendatis,
337 2218 364 2241 et
383 2214 531 2248 nejuretis
545 2216 680 2243 viventem
699 2215 855 2243 Dominum.
873 2226 884 2243 ι
907 2215 946 2244 Ne

999 2223 1058 2242 νετε
1076 2216 1116 2246 εἰς
1132 2215 1179 2241 τὸν
1199 2212 1273 2242 οἷκον
1292 2215 1349 2247 Ὢν,
1367 2214 1415 2240 καὶ
1433 2214 1471 2248 μὴ
1490 2213 1604 2249 ὀμνύετε
1626 2213 1715 2246 ζῶντα
1732 2214 1790 2241 Κύ-

155 2259 209 2292 sic,
234 2260 358 2295 inquam,
393 2268 489 2287 omnes
515 2261 636 2296 pessimo
666 2261 797 2290 laborelis
830 2262 947 2290 inscitiae

154 2305 262 2339 morbo,
279 2309 308 2332 ut
322 2305 350 2332 in
372 2304 483 2340 Galgala
505 2306 538 2333 ad
555 2307 725 2335 adorandum
738 2309 858 2337 veniatis
880 2317 947 2337 con-

155 2351 282 2378 stitutum
302 2351 359 2378 illic
380 2351 501 2384 idolum;
520 2355 547 2379 et
571 2353 708 2381 simuletis
727 2354 863 2382 honorare
883 2359 947 2382 tan—

155 2405 240 2432 quam
255 2401 387 2425 aeternum
400 2398 475 2424 illum
493 2398 539 2432 qni
554 2406 636 2426 verus
653 2399 725 2427 Deus
740 2408 795 2428 non
810 2405 862 2428 est.
876 2401 945 2428 Cum

155 2443 230 2471 seire
243 2447 379 2478 oporteat,
403 2443 574 2477 imposSIbile
593 2452 655 2472 esse
674 2445 733 2473 haec
749 2446 831 2474 simul
853 2447 946 2474 consi-

155 2493 249 2517 stere:
265 2489 352 2516 multa
378 2489 451 2516 enim
475 2494 516 2516 est
536 2489 692 2519 diﬂerentia
715 2493 811 2519 veterni
839 2492 887 2521 Dei
909 2493 944 2520 ab

155 2535 241 2567 idolo,
259 2534 332 2570 quod
354 2535 412 2562 heri
433 2543 532 2563 manus
551 2537 693 2565 hominum
715 2537 921 2566 fabricaverunt
937 2548 945 2566 :

154 2581 352 2616 conﬁtentique
373 2585 506 2609 aeternum
527 2583 611 2610 Deum
635 2591 749 2618 prorsus
776 2592 838 2612 esse
858 2585 945 2612 absti-

155 2627 275 2654 nendum
289 2626 324 2653 ab
337 2626 372 2654 iis
393 2626 441 2661 qui
457 2625 520 2653 ficte
535 2627 605 2654 hanc
621 2633 720 2662 gerunt
733 2628 873 2656 obtrusam
896 2637 946 2665 ap-

155 2673 328 2708 pellationem
343 2681 350 2698 :
365 2672 521 2706 cuiusmodi
544 2676 585 2700 est
607 2673 648 2700 0n
664 2673 779 2706 idolum,
799 2675 880 2709 cujus
904 2676 945 2703 fa-

156 2725 221 2744 num
238 2717 331 2749 aditis,
345 2717 418 2744 haud
435 2717 643 2744 convenientem
661 2718 688 2745 ei
700 2718 803 2745 cultum
820 2719 946 2749 deferen-

156 2768 207 2791 tes.
219 2771 229 2788 ι
241 2762 378 2796 Quoniam
388 2762 461 2790 sicut
472 2768 556 2788 vacca
577 2762 646 2788 asilo
658 2770 800 2797 percussa,
816 2765 946 2794 insanivit

153 2807 248 2836 Israel.
262 2818 272 2835 ι
292 2807 390 2835 Vacca:
405 2809 493 2835 instar
506 2807 640 2834 naturalis
655 2808 794 2842 cupidinis
815 2816 890 2838 motu
910 2812 946 2840 ad

191 2863 231 2897 (3)
246 2863 315 2891 Cod.
335 2863 394 2895 σοῦ,
408 2863 590 2924 fortassecpro
605 2862 666 2896 μοῦ.
681 2862 812 2897 Vulgatns
824 2864 884 2893 Lat.
901 2868 941 2894 le-

191 2900 237 2924 bat
249 2899 291 2924 οὺ.
307 2906 374 2924 nuit.
385 2898 439 2924 Sed
456 2896 530 2924 Theo
549 2903 626 2924 omni
642 2901 766 2924 no:tru|u
784 2899 883 2924 ιραίεςρ
895 2910 936 2924 ειη.

154 2900 237 2934 gebat
249 2899 291 2932 οὺ,
307 2906 374 2926 non.
385 2898 439 2926 Sed
456 2896 626 2924 Theodorqu
642 2896 766 2924 no:truiu
784 2899 883 2934 legisse
895 2910 936 2937 ορ.

1001 2269 1067 2298 ριον.
1087 2270 1097 2287 ν
1116 2261 1196 2288 Ἀλλὰ
1215 2261 1271 2296 γὰρ
1289 2261 1327 2296 μὴ
1343 2259 1415 2287 οὕτω
1430 2261 1530 2291 πάντες
1552 2260 1673 2296 χαλεπὴν
1688 2262 1791 2288 νοσείτε

996 2307 1047 2342 τὴν
1057 2306 1178 2341 ἄγνοιαν,
1193 2306 1264 2333 ὥστε
1276 2306 1379 2333 ἀνιέναι
1394 2306 1443 2342 μὲν
1457 2306 1497 2338 εἰς
1512 2305 1635 2340 Γάλγαλα
1651 2306 1697 2332 ἐπὶ
1710 2306 1791 2342 θερα-

998 2353 1063 2389 πείᾳ
1077 2352 1124 2379 τοῦ
1139 2352 1233 2380 αὐτόθι
1248 2353 1390 2388 ἱδρυμένου
1405 2350 1525 2382 εἰδώλου,
1540 2351 1745 2384 προσποιεῖσθαι
1760 2351 1789 2377 δὲ

996 2399 1081 2434 τιμᾷν
1096 2399 1142 2425 τὸν
1157 2399 1241 2426 ἀΐδιον
1258 2399 1304 2425 καὶ
1319 2398 1403 2429 ὅντως
1423 2398 1487 2424 ὅντα
1501 2397 1568 2424 Θεὸν
1578 2405 1584 2413 ’
1601 2398 1660 2423 δέον
1677 2396 1787 2425 εἰδέναι.

999 2446 1037 2478 ὡς
1054 2445 1171 2472 συνιέναι
1185 2445 1271 2472 ταῦτα
1285 2445 1420 2481 ἀλλήλοις,
1437 2444 1492 2471 τῶν
1502 2445 1651 2471 ἀδυνάτων·
1667 2443 1749 2478 πολλὴ
1760 2443 1789 2469 δὲ

998 2491 1115 2527 διαφορὰ
1134 2491 1221 2519 ἀϊδίου
1238 2499 1267 2518 τε
1283 2490 1351 2517 Θεοῦ
1362 2490 1410 2518 καὶ
1425 2490 1534 2517 εἰδώλου
1545 2490 1593 2516 τοῦ
1606 2488 1669 2524 χθὲς
1683 2488 1727 2515 ὑπ’
1741 2489 1789 2515 ἀν-

999 2536 1143 2573 θρωπείων
1165 2535 1433 2567 κατασκευασθέντος
1449 2534 1564 2571 χειρῶν·
1582 2534 1629 2560 καὶ
1650 2533 1688 2566 ὡς
1705 2533 1791 2568 τῷγε

998 2582 1045 2609 τὸν
1056 2582 1141 2609 ἀΐδιον
1155 2581 1329 2618 ὁμολογοῦντι
1344 2582 1410 2621 Θερν
1422 2580 1570 2616 ἀφεστῆναι
1589 2580 1727 2616 προσῆκον
1746 2581 1790 2616 εἴη

999 2628 1108 2656 πάντων
1119 2628 1318 2664 πεπλασμένως
1328 2628 1377 2664 τὴν
1387 2627 1532 2663 ὀνομασίαν
1543 2626 1715 2662 ἐπαγομένην
1726 2626 1791 2652 ταύ-

998 2683 1067 2710 την·
1080 2671 1138 2701 οἶόν
1159 2674 1215 2710 πέρ
1238 2675 1297 2701 ἐστι
1317 2674 1348 2701 τὸ
1365 2673 1412 2700 Ὧν
1436 2673 1560 2700 εἰδωλον-
1575 2670 1660 2707 οὗπερ
1683 2672 1723 2703 εἰς
1744 2672 1791 2698 τὸν

998 2719 1073 2748 οἶκον
1085 2721 1179 2752 εεσιτε,
1193 2721 1242 2757 τὴν
1256 2721 1305 2756 οὐχ
1317 2720 1448 2756 ἀρμοδίαν
1463 2718 1538 2754 αὐτῷ
1549 2718 1731 2754 προσάγοντες
1746 2716 1791 2743 θε-

999 2766 1124 2802 ραπείαν.
1143 2776 1154 2792 ‹
1170 2767 1231 2794 Ὅτι
1244 2767 1282 2798 ὡς
1292 2766 1408 2802 δάμαλις
1419 2765 1613 2801 παροιστρῶσα
1628 2763 1790 2799 παροίστρηη

1000 2819 1046 2838 σεν
1067 2811 1184 2847 Ἰσραήλ.
1205 2821 1214 2837 ι
1233 2811 1316 2846 Δίκην
1331 2811 1385 2846 γὰρ
1403 2810 1544 2846 δαμάλεως
1559 2810 1666 2843 κινήσει
1677 2808 1725 2839 τῆς
1739 2815 1791 2841 φυ-

995 2871 1073 2929 pggeet
1090 2868 1114 2901 ὀ,
1131 2871 1213 2903 prout
1226 2867 1309 2895 habet
1320 2867 1402 2895 etiam
1422 2865 1506 2895 codex
1520 2864 1710 2893 nobilissimus
1726 2860 1786 2892 Vat.
