1940 3064
124 126 182 155 I53

661 126 937 155 COMHENTAMUS
955 126 989 154 IN
1008 127 1108 156 ΟΞΕΛΕ
1119 129 1198 157 CAP.
1218 129 1250 157 γ.

1709 129 1761 157 155

126 185 211 220 σικῆς
236 184 385 220 ἐπιθυμίας
410 185 477 220 πρὸς
495 184 608 216 ἀταξίαν
635 185 779 220 νευσάτης.
801 185 840 219 (p.
862 184 919 218 56)

976 185 1198 213 incontinentiam
1221 186 1370 217 tendentis.
1391 194 1406 213 a
1420 185 1534 214 servitio
1552 193 1614 214 meo
1630 185 1763 214 discessi-

127 231 267 266 ἀπέστητε
283 230 334 265 μέν
352 230 402 265 τῆς
424 231 544 262 δουλείας
563 231 614 266 τῆς
631 231 709 266 ἐμῆς,
733 228 873 265 ἀκολάστῳ
891 229 920 257 δὲ

127 277 229 314 γνώμῃ
247 277 316 312 πρὸς
339 277 453 312 τὴντῶν
474 277 590 304 εἰδώλων
612 278 738 304 ἐνεύσατε
761 277 918 313 θεραπείαν.

130 333 142 348 ί
166 322 223 349 Νῦν
243 323 356 358 νεμήσει
373 323 471 354 αὐτοὺς
495 323 596 358 Κύριος
618 323 656 354 ὡς
678 323 763 359 ἀμνὸν
784 324 812 349 ἐν
838 323 920 357 εὐρυσ-

127 368 221 404 χώρῳ.
247 378 256 394 ›
281 369 472 404 Διασκορπίςω
491 369 580 396 τοίνυν
603 370 700 401 αὐτοὺς
726 370 788 405 τῇδε
809 370 920 396 κάκεῖσε

130 414 272 448 περιάγων
292 415 324 448 τῇ
339 413 394 440 τῶν
410 413 545 449 πολεμίων
561 415 658 450 ἐφόδῳ,
673 414 709 446 ὡς
733 415 815 451 μηδὲν
833 414 920 450 ἀμνοῦ

129 457 301 484 διαλλάττειν
331 458 359 484 ἐν
380 458 493 493 μεγίστῃ
517 458 594 494 χώρᾳ.
617 459 800 494 διατρέχοντός
824 468 855 485 τε
874 459 922 486 καὶ

134 504 312 538 πλανωμένου
328 505 375 531 καὶ
393 505 442 539 τὴν
465 505 566 532 οἰκείαν
580 505 771 540 ἐπιζητοῦντος
794 506 899 540 μητέρα
912 512 920 520 ⁶

131 548 164 574 τὺ
177 549 230 584 γὰρ
245 549 403 584 σκορπίσειν
418 549 500 584 λέγει,
515 550 568 576 ἀπὸ
583 551 637 577 τῶν
650 550 828 585 διανεμόντων
841 550 879 585 (4)
894 559 921 577 τι

131 595 250 628 ἀφειδῶς
273 595 320 621 καὶ
350 595 605 630 διασκορπιζόντων.
630 605 639 622 ι
663 596 782 631 Μέτοχος
805 597 921 623 εἰδώλων

138 641 269 675 Ἐφραῖμ.
290 651 300 666 ι
316 641 372 676 Τὴν
394 642 461 677 πρὸς
476 642 511 668 τὰ
530 641 628 668 εἴδωλα
644 642 746 669 εἴλοντο
760 643 902 669 κοινωνίαν
912 651 920 658 ⁸

138 684 261 721 Ἐφρατμ
274 686 328 721 γὰρ
347 686 480 722 πολλαχοῦ
495 695 525 712 τε
539 687 652 722 ἑτέρωθι
668 687 808 715 κάνταῦθα
822 689 855 714 ἐκ
873 687 922 723 μέ-

133 739 199 766 ρους
215 731 261 758 τὸν
283 731 390 768 Ἰσραὴλ
403 732 537 767 ὀνομάζει,
556 733 588 759 ἐκ
602 734 651 768 τῆς
673 733 858 769 δυνατωτέρας
873 743 922 767 φυ-

131 777 183 812 λῆς
196 779 224 804 ἐν
244 780 303 809 ταῖς
316 778 384 805 δέκα
395 778 444 814 τὴν
458 779 600 814 ὀνομασίαν
613 779 694 810 τιθείς
703 789 710 795 ·
727 779 764 812 ὡς
774 780 814 812 τὸ,
835 789 845 805 ι
862 780 922 806 Υἱοὶ

139 822 259 858 Ἐιρραῒμ
288 824 451 855 ἐντείνοντες
481 824 528 851 καὶ
557 823 698 859 βάλλοντες
726 825 823 858 τόξοις.
851 834 860 851 ι
886 840 921 845 ~—

135 877 145 893 ι
161 869 281 904 Ἔθηκαν
290 869 400 902 ἑαυτοῖς,
407 869 551 896 σκάνδαλα.
564 879 574 895 ›
584 869 668 901 Αὐτὸς
678 870 824 905 ἐπενόησεν
835 870 922 906 ἐαυτῷ

132 914 183 946 τὰς
195 915 241 941 ἐπὶ
260 915 290 941 τὸ
303 917 392 950 χεῖρον
417 915 551 950 ἐκτροπάς
561 923 569 931 ’
587 915 646 947 πῶς
669 916 715 942 καὶ
728 916 790 943 τίνα
802 917 902 951 τρόπον
913 925 922 950 ;

135 970 146 986 ε
170 961 293 997 ᾘρέτισε
308 962 487 994 Χαναναίους,
506 971 515 987 ›
529 962 578 997 τὴν
594 961 706 989 ἐκείνων
721 961 845 998 ζηλώσας
860 963 923 990 ἀσέ-

132 1006 219 1033 ϐειαν.
239 1015 248 1031 α
265 1006 445 1041 Πορνεύοντες
458 1006 663 1042 ἐξεπόρνευσαν.
679 1016 688 1033 ι
709 1006 847 1034 Ἐντεῦθεν
860 1017 924 1034 παν-

131 1052 217 1084 τελῶς
232 1052 344 1079 ἔνευσαν
362 1053 430 1088 πρὸς
446 1052 477 1079 τὸ
490 1054 591 1089 χεῖρον.
607 1062 617 1078 ι
639 1053 800 1088 Ἡγάπηεαν
813 1054 923 1088 ἀτιμίαν

132 1098 165 1124 ἐκ
177 1098 356 1133 φρυάγματος
379 1098 471 1133 αὐτῆς.
491 1108 500 1124 ι
519 1098 605 1134 Πολλῇ
626 1100 658 1134 τῇ
679 1098 792 1134 ἀπονοίᾳ
811 1100 849 1134 (p.
877 1100 922 1134 ’57)

132 1143 309 1178 χρησάμενοι,
325 1144 372 1170 καὶ
386 1145 420 1179 τῇ
434 1143 568 1180 ὑπεροψίᾳ
589 1145 622 1179 τῇ
637 1145 697 1171 κατ’
715 1144 793 1179 ἐμοῦ,
805 1146 854 1179 τὴν
868 1145 923 1171 τῶν

131 1188 248 1216 εἰδώλων
259 1189 362 1216 εἴλοντο
382 1189 569 1225 θεραπείαν,ῆ
585 1190 675 1224 πάσης
697 1190 787 1222 αὐτοῖς
812 1191 924 1225 ἀτιμίας

132 1234 261 1268 πρόξενος
284 1235 370 1262 ἔσται.
389 1244 399 1260 ι
419 1235 561 1270 Συστροφὴ
586 1235 739 1270 πνεύματος
761 1236 858 1268 αὐτοὺς
877 1245 924 1263 συ-

133 1281 187 1315 ριεί
201 1281 229 1306 ἐν
245 1281 306 1312 ταῖς
324 1280 452 1316 πτέρυξιν
470 1281 564 1315 αὐτῆς.
581 1289 590 1306 ›
613 1281 656 1312 Ὠς
670 1281 724 1317 γὰρ
736 1281 882 1317 ίτιτάμενον
894 1283 924 1309 τὸ

131 1325 226 1360 δρνεον
242 1327 303 1357 ταῖς
322 1325 434 1361 πτέρυξι
448 1327 508 1357 ταῖς
528 1326 642 1358 οίκείαις
655 1326 686 1352 τὸ
700 1328 791 1362 ἀέριον
813 1328 924 1356 ἐλαῦνον

132 1371 250 1407 πνεῦμα,
263 1373 409 1408 μετάρσιον
423 1372 529 1407 αἴρεται
540 1374 571 1408 τῇ
583 1373 691 1407 πτήσει,
706 1373 792 1404 οὕτως
809 1374 861 1400 ὑπὸ
873 1374 924 1409 τῆς

132 1417 216 1454 ὀργῆς
238 1414 311 1445 οὗτοι
342 1418 488 1453 ληφθέντες
512 1418 561 1453 τῆς
577 1419 656 1453 ἐμῆς,
671 1418 770 1446 ὡσανεὶ
793 1420 924 1456 μετέωροι

132 1463 284 1496 γεγονότες,
295 1463 364 1498 μετὰ
377 1463 478 1498 πολλῆς
492 1463 752 1499 ἁπαχθήσονταιτῆς
766 1464 871 1500 ὕϐρεως
882 1467 922 1498 είς

974 231 1036 262 stis.
1056 231 1215 266 lascivaque
1231 237 1322 259 mente
1335 232 1369 259 ad
1386 232 1522 259 idolorum
1537 232 1640 259 cultqu
1653 231 1761 259 deﬂexi-

974 277 1035 304 stis.
1052 285 1061 302 ι
1079 276 1155 304 Nunc
1176 281 1270 311 pascet
1293 285 1341 304 eos
1364 276 1497 304 Dominus
1511 277 1590 311 quasi
1612 283 1712 311 agnum
1733 276 1760 302 in

973 322 1127 350 latitudine.
1143 332 1152 348 ι
1178 322 1449 357 Dispertiaritaque
1472 322 1544 354 illos.
1571 322 1622 349 hac
1646 326 1674 350 et
1698 322 1761 349 illac

971 369 1163 403 circumagens
1189 369 1216 395 in
1237 368 1357 395 hostium
1378 369 1548 398 incursione,
1572 368 1640 395 adeo
1673 372 1704 394 ut
1726 368 1762 395 ab

973 421 1043 448 agno
1060 422 1115 441 non
1135 415 1263 442 differant
1280 415 1326 449 qui
1343 415 1369 442 iu
1386 416 1507 450 spatiosa
1525 415 1636 449 regione
1649 414 1761 441 oberrat

972 465 1087 487 matrem
1105 468 1182 488 suam
1197 460 1350 495 requirens.
1370 460 1436 487 Nam
1461 465 1567 495 pascet.
1588 468 1638 494 pro
1655 460 1761 495 disper-
1794 465 1796 478 1

972 505 1067 536 tietur,
1090 505 1142 537 ait.
1163 509 1254 540 .eapta
1283 505 1442 539 metaphora
1468 505 1502 531 ab
1526 505 1559 532 iis
1581 505 1628 539 qui
1653 504 1762 538 profuse

972 549 1173 584 dispertiuntur
1183 549 1286 584 aliquid
1306 554 1388 584 atque
1404 549 1576 584 dispergunt.
1595 559 1603 574 ε
1622 548 1763 583 Particeps
1793 552 1798 557 '

972 594 1027 630 24
1041 595 1175 622 idolorum
1191 594 1333 630 Ephraiui.
1354 605 1362 620 ι
1381 595 1495 622 Scilicet
1507 603 1569 621 cum
1590 595 1671 621 idolis
1685 602 1764 621 com-

973 641 1132 668 municavit.
1149 641 1180 667 Et
1193 649 1264 676 saepe
1283 641 1347 667 alibi
1360 646 1388 668 et
1399 649 1471 668 nunc
1484 642 1567 668 etiam
1585 641 1761 675 Ephraimum

974 694 1024 721 pro
1042 686 1143 714 lsraele
1156 687 1233 718 dicit,
1251 694 1283 714 ex
1302 687 1456 721 potentiore
1470 687 1541 713 inter
1559 686 1653 713 decem
1671 687 1761 714 tribus

974 740 1074 759 nomen
1092 740 1247 764 assumens.
1263 732 1336 761 sicut
1352 732 1437 760 illud:
1457 742 1466 757 ε
1488 731 1549 759 Filii
1566 732 1704 767 Epliraimi
1725 732 1765 759 in-

974 777 1115 805 tendentes
1131 785 1162 804 ac
1174 778 1330 812 jaculautes
1342 778 1461 805 arcubus
1475 778 1508 805 “.
1524 787 1533 803 ι
1548 792 1584 797 ——
1599 786 1608 803 ι
1629 776 1764 804 Scandala

935 840 958 868 Β
974 823 1025 852 sibi
1045 828 1204 859 posuerunt.
1221 833 1231 849 ι
1250 824 1310 858 Ipse
1335 824 1387 851 sibi
1405 824 1612 851 conversionem
1632 822 1665 849 ad
1689 823 1765 850 dete-

973 869 1044 895 riora
1059 869 1232 903 excogitavit.
1247 868 1441 902 Quamobrem,
1455 868 1498 894 vel
1510 868 1665 903 quomodo?
1680 877 1688 893 I
1700 867 1767 894 Pro-

972 914 1079 941 vocavit
1098 914 1280 946 Cliauanzeos,
1295 923 1304 940 ι
1329 915 1439 942 illorum
1463 914 1630 948 impietatem
1652 913 1765 940 aemula-

972 963 1027 986 tus.
1056 968 1065 985 ι
1079 959 1260 987 Fornicantes
1283 959 1409 986 fornicati
1427 963 1504 987 sunt.
1520 968 1529 984 ι
1551 958 1620 985 Exin
1639 958 1666 985 in
1686 958 1764 992 pejus

971 1005 1085 1032 omnino
1108 1009 1236 1033 ruerunt.
1258 1014 1267 1031 ι
1286 1005 1447 1032 Dilexerunt
1469 1004 1647 1039 ignominiam
1669 1003 1705 1030 ob
1721 1003 1764 1029 l'a-

972 1056 1044 1078 suun
1058 1051 1128 1085 ejus.
1148 1061 1158 1077 ι
1177 1049 1261 1077 Multa
1275 1054 1384 1078 utentes
1402 1050 1509 1077 insania
1524 1055 1551 1077 et
1570 1049 1704 1076 adversus
1721 1056 1764 1075 me

973 1096 1112 1131 superbia.
1136 1095 1272 1123 idolorum
1292 1095 1452 1130 religionem
1469 1094 1586 1129 amplexi
1608 1098 1683 1126 sunt,
1705 1102 1767 1129 qua:

972 1134 1156 1169 oninimodam
1187 1141 1255 1176 ipsis
1280 1141 1457 1176 ignominiam
1479 1145 1615 1176 asperget.
1645 1149 1655 1165 ι
1673 1139 1766 1166 Turbo

973 1187 1087 1222 spiritus
1109 1186 1188 1221 quasi
1213 1186 1313 1214 sibilus
1339 1186 1452 1214 extollet
1475 1193 1523 1213 eos
1545 1185 1573 1212 in
1594 1185 1646 1212 alis
1667 1185 1735 1212 suis.
1753 1194 1763 1210 ι

974 1233 1052 1260 Sicut
1067 1233 1186 1263 volucer.
1204 1240 1316 1260 aereum
1332 1232 1459 1267 spiritum
1472 1231 1524 1259 alis
1536 1231 1596 1258 suis
1611 1230 1767 1266 impellens,

973 1279 1000 1306 in
1013 1279 1129 1306 sublime
1143 1278 1260 1306 volando
1273 1278 1358 1305 fertur
1375 1287 1382 1305 :
1408 1278 1449 1304 sic
1464 1277 1511 1305 isti
1526 1278 1560 1304 ab
1577 1277 1617 1304 ira
1632 1284 1691 1304 mea
1707 1284 1768 1304 cor-

974 1326 1055 1360 repti,
1071 1329 1098 1352 et
1117 1325 1195 1359 quasi
1211 1332 1259 1360 per
1277 1332 1367 1352 aerem
1388 1323 1502 1359 raptati,
1526 1323 1612 1350 multa
1631 1330 1694 1350 cum
1710 1322 1768 1348 vio-

973 1373 1055 1400 lentia
1072 1373 1100 1400 in
1116 1371 1304 1407 captivitatem
1324 1371 1504 1406 abripientur.
1523 1378 1532 1395 ι
1548 1368 1581 1395 Ει
1594 1369 1696 1403 probro
1711 1367 1769 1394 alli—

973 1420 1081 1447 cientur
1103 1427 1137 1446 ex
1162 1418 1295 1445 altaribus
1315 1417 1385 1444 suis.
1403 1425 1412 1443 ι
1430 1417 1508 1443 Tunc
1533 1415 1644 1442 demum
1668 1414 1768 1440 intelli-

974 1470 1049 1501 gent,
1072 1465 1155 1493 stulto
1187 1472 1217 1491 se
1234 1471 1274 1490 'ac
1299 1463 1382 1490 noxio
1408 1463 1483 1490 circa
1513 1461 1648 1489 idolorum
1672 1459 1769 1487 altaria

133 1509 329 1543 αίχμαλωσίαν.
351 1518 361 1535 α
379 1510 434 1536 Καὶ
456 1509 733 1545 καταισχυνθήσονται
757 1511 790 1538 ἐκ
807 1512 862 1538 τῶν
875 1512 923 1538 Ου-

976 1512 1068 1540 studio
1079 1510 1236 1538 defunctos.

134 1555 298 1591 σιαπηρίων
321 1555 422 1582 αὐτῶν.
442 1565 451 1581 ι
474 1556 554 1583 Ὥστε
584 1558 683 1590 αὐτοὺς
706 1558 766 1586 τότε
795 1559 921 1595 ατσθησιν
939 1559 1031 1586 λαϐεῖν
1046 1560 1088 1586 ὅτι
1113 1558 1244 1594 ματαίαν,
1257 1557 1306 1584 καὶ
1322 1555 1456 1591 ἐπιϐλαὸἦ
1481 1554 1531 1591 τὴν
1550 1553 1614 1590 περὶ
1629 1553 1663 1580 τὰ
1677 1552 1769 1579 θυσια-

134 1605 232 1639 στήρια
244 1603 299 1630 τῶν
312 1603 428 1630 είδώλων
440 1603 511 1639 εἶχον
531 1605 658 1639 σπουδήν.

459 1649 538 1677 xeo.
559 1651 598 1678 E'.
687 1642 690 1645 ’

168 1696 242 1731 Στίχ.
266 1699 335 1722 α’-ε’.
355 1711 391 1716 -
405 1705 416 1722 ‹
440 1696 586 1723 Ἀκούσατε
609 1697 704 1730 ταῦτα,
716 1698 741 1724 οἱ
763 1699 855 1733 ἱερεῖς,
881 1698 927 1725 καὶ

135 1742 292 1776 προσέχετε,
305 1738 378 1773 οἶκος
397 1741 516 1776 Ἰσραὴλ,
528 1742 575 1768 καὶ
586 1740 659 1773 οἶκος
672 1742 719 1768 τοῦ
733 1742 873 1777 βασιλέως,
886 1743 930 1769 ἐν-

135 1787 273 1819 ωτίζεσοε.
288 1797 297 1813 ι
308 1787 392 1822 Δῆλον
404 1787 444 1813 ὅτι
459 1787 539 1814 πάλιν
556 1787 671 1814 ἐνταῦθα
685 1788 714 1821 ἐξ
729 1789 928 1824 ἀποκαλύψεως

136 1833 231 1869 ἑτέρας
245 1833 333 1868 ἀρχὴν
343 1833 393 1867 τῆς
407 1833 549 1869 παρούσης
559 1833 702 1866 διαλέξεως
717 1836 844 1866 ποιεῖται,
860 1835 926 1870 πρός

136 1887 164 1906 τε
178 1879 240 1910 τοὺς
263 1878 354 1913 ἱερέας
371 1878 418 1904 καὶ
434 1878 480 1905 τὸν
506 1878 622 1914 Ἰσραὴλ,
640 1879 687 1906 καὶ
706 1880 769 1911 τοὺς
783 1880 832 1915 τῆς
849 1880 924 1915 βασι.

136 1926 211 1961 λικῆς
223 1924 313 1956 οἰκίας
327 1924 450 1956 ἅπαντας
465 1923 563 1958 λέγων.
578 1935 587 1950 ι
605 1925 677 1952 Διότι
696 1926 763 1961 πρὸς
776 1926 847 1962 ὑμᾶς
867 1928 926 1953 ἐστι

137 1972 165 1999 τὸ
176 1973 274 2007 κρῖμα.
293 1980 304 1998 ι
326 1971 413 2006 ’Υμᾶς
427 1969 481 2006 γὰρ
491 1970 607 2005 ἐλήλυθα
617 1971 670 1998 ὑπὸ
681 1971 730 2006 τὴν
743 1971 833 2007 κρίσιν
846 1980 926 2007 ποιη-

138 2017 248 2052 σόμενος
261 2016 311 2052 τὴν
331 2016 413 2052 ἐμὴν,
431 2016 477 2042 καὶ
500 2016 578 2048 δίκας
597 2017 667 2052 ὑπὲρ
682 2014 720 2044 ὧν
741 2017 926 2053 τετολμήκατε

138 2063 286 2099 ληψόμενος
311 2063 377 2098 παρ’
401 2062 485 2097 ὑμῶν.
504 2071 513 2087 ι
535 2062 596 2090 Ὅτι
617 2063 700 2097 παγὶς
721 2063 868 2099 ἐγενήθητε
892 2065 925 2099 τῇ

139 2110 247 2145 σκοπιᾷ,
257 2109 305 2135 καὶ
313 2108 351 2140 ὡς
362 2108 468 2135 δίκτυον
481 2109 659 2144 ἐκτεταμένον
668 2109 713 2135 ἐπὶ
724 2109 756 2136 τδ
768 2109 925 2144 Ἰταϐύριον,

1306 1644 1385 1672 CAP.
1406 1643 1439 1671 V.

1009 1698 1096 1725 Vsus.
1112 1694 1170 1722 1-5.
1182 1708 1217 1714 —
1232 1702 1241 1718 ι
1259 1691 1360 1719 Audite
1368 1691 1432 1722 hoc.
1448 1689 1617 1721 sacerdotes,
1636 1692 1663 1714 et
1678 1690 1769 1714 alten—

976 1742 1043 1775 dite,
1067 1741 1166 1768 domus
1187 1739 1282 1770 Israel,
1301 1742 1328 1765 et
1350 1737 1449 1764 domus
1471 1734 1556 1769 regis,
1574 1732 1738 1761 auscultate.
1757 1739 1766 1756 ι

977 1788 1152 1815 Manilestum
1171 1789 1224 1816 est.
1242 1784 1306 1811 hinc
1321 1789 1430 1818 quoque
1445 1788 1553 1810 rursus,
1569 1786 1602 1806 ex
1625 1777 1677 1804 alia
1693 1784 1770 1804 reve-

978 1835 1080 1862 latione
1095 1833 1202 1860 initium
1223 1829 1366 1864 sequentis
1383 1826 1512 1854 dictionis
1528 1826 1626 1855 facere.
1643 1823 1771 1851 sacerdo—

978 1885 1019 1907 tes
1042 1878 1136 1910 simul,
1162 1883 1190 1905 et
1208 1875 1347 1906 lsraelem,
1371 1877 1400 1901 et
1418 1872 1499 1908 regia:
1522 1870 1634 1898 familiae
1654 1873 1769 1896 cunctos

977 1925 1132 1960 alloquens.
1156 1932 1165 1948 ι
1180 1922 1249 1956 Quia
1273 1920 1351 1948 vobis
1383 1918 1519 1953 judicium
1547 1919 1600 1943 est.
1617 1924 1627 1941 ι
1653 1914 1694 1941 Ad
1721 1921 1770 1941 vos

976 1972 1049 1999 enim
1061 1970 1123 1997 veni
1143 1973 1173 1997 ut
1187 1967 1322 2003 judicium
1348 1971 1439 1992 meum
1454 1969 1609 1993 exerceam,
1628 1964 1656 1988 et
1674 1967 1770 1995 pmnas

976 2017 1010 2045 de
1024 2016 1139 2043 ausibus
1162 2014 1264 2042 vestris
1284 2013 1340 2039 lata
1365 2009 1503 2039 sententia
1530 2014 1648 2035 sumam.
1672 2015 1680 2031 ι
1699 2005 1770 2038 Qui:

979 2064 1095 2097 laqueus
1118 2060 1185 2088 facti
1205 2059 1273 2087 estis
1300 2057 1327 2085 in
1350 2055 1473 2091 specula.
1500 2057 1528 2082 et
1553 2053 1632 2089 quasi
1657 2054 1716 2080 tete
1741 2050 1768 2077 in

980 2107 1098 2144 liabyrio
1120 2111 1277 2137 extensum,
1300 2102 1373 2139 quod
1397 2105 1543 2130 venatores
1572 2098 1671 2134 prada:
1686 2104 1770 2124 causa

139 2155 152 2181 ὃ
166 2155 190 2182 οί
199 2143 362 2190 ἀγρεύοντες
377 2154 425 2189 τὴν
442 2155 527 2190 θήραν
543 2154 711 2190 κατέπηξαν.
727 2165 737 2181 ι
756 2156 794 2190 (p.
809 2143 924 2191 38))“-

983 2156 1110 2183 tixerunt.
1127 2162 1138 2179 ι
1163 2151 1272 2183 Varias.
1296 2149 1396 2185 inquit,
1420 2146 1563 2184 prophetis
1590 2144 1678 2191 moliti
1702 2143 1769 2171 estis

139 2201 246 2235 φόρους,
260 2200 352 2234 φησὶν,
373 2199 523 2232 ὑποϐουλὰς
540 2200 609 2227 κατὰ
627 2199 681 2226 τῶν
699 2202 846 2236 προφητῶν
866 2202 924 2229 ἐτε-

141 2245 271 2281 κτήπσθε
285 2245 339 2271 τῶν
353 2244 438 2280 ἐμῶν,
451 2245 526 2280 δίκην
541 2245 595 2271 τῶν
607 2245 642 2271 τὰ
655 2245 749 2272 δίκτυα
769 2245 925 2273 ἁπλούντων

141 2292 184 2319 ἐπὶ
197 2292 285 2327 θήραν
300 2291 354 2318 τῶν
369 2291 570 2325 ἀγρευομένων,
587 2290 724 2326 διαφόροις
736 2291 833 2323 αὐτοὺς
849 2301 927 2327 περι-

141 2337 246 2365 ϐάλλειν
257 2336 452 2367 ἐσπουδακότες
464 2338 558 2368 κακοῖς
568 2345 574 2351 ·
590 2337 705 2364 σκοπιὰν
718 2337 781 2372 γὰρ,
796 2338 849 2364 τῶν
860 2347 927 2373 προ-

142 2385 231 2419 ᾳητῶν
245 2383 291 2410 τὸν
309 2383 438 2417 σύλλογον
450 2384 538 2418 λέγει·
552 2384 590 2416 ὡς
603 2384 680 2420 παρὰ
693 2384 732 2420 τῷ
751 2384 874 2420 Ἐζεκιὴλ
886 2385 926 2418 τὸ,

145 2437 155 2455 ί
169 2431 272 2458 Σκοπὸν
293 2430 400 2457 δέδωκά
423 2438 452 2457 σε
468 2430 507 2465 τῷ
528 2430 596 2466 οἴκῳ
615 2431 732 2466 Ἰσραήλ.
750 2440 760 2456 ι
776 2446 812 2451 —-
825 2441 835 2457 α
858 2431 929 2466 Ἐγὼ

142 2473 168 2500 δὲ
183 2475 330 2510 παιδευτὴς
348 2473 425 2509 ὑμῶν
436 2475 504 2509 εἰμι.
524 2484 534 2500 ι
555 2475 623 2501 Ἀλλ’
640 2475 732 2510 ἐπειδὴ
742 2475 929 2511 δυσχεραίνον-

142 2529 184 2552 τες
198 2520 240 2554 ἐφ’
253 2518 294 2551 οἷς
310 2520 427 2554 ἐμήνυον
435 2519 499 2554 ὑμῖν
514 2520 611 2547 ἐκεῖνοι
632 2520 667 2547 τὰ
676 2520 802 2555 ἐσόμενα,
817 2521 929 2548 τοιαῦτα

143 2565 199 2592 κατ’
213 2565 305 2591 αὐτῶν
320 2564 504 2600 ἐμηχανᾶσθε,
522 2565 602 2597 αὐτὸς
616 2565 708 2598 ἐπάξω
721 2565 770 2600 τὴν
785 2567 929 2601 τιμωρίαν,

144 2611 276 2638 παιδεύων
298 2610 370 2645 ὑμᾶς
391 2610 433 2644 ἐφ’
445 2607 484 2642 οἷς
499 2611 686 2646 ἡμαρτήκατε,
703 2612 736 2646 ῆν
754 2611 799 2638 καὶ
820 2610 931 2644 ἄκοντες

143 2655 303 2688 ὐτοοὸἐξεσοε
317 2656 436 2686 πάντως.
453 2665 462 2682 ι
488 2655 558 2690 Ἐγὼ
573 2655 658 2690 ἔγνων
673 2657 719 2683 τδν
741 2656 871 2693 Ἐφραῖμ,
884 2660 932 2686 καὶ

149 2703 256 2739 Ἰσραὴλ
272 2704 322 2730 οὐκ
338 2702 452 2729 ἄπεστιν
462 2702 508 2729 ἀπ’
524 2702 602 2737 ἐμοῦ.
622 2711 632 2728 ι
647 2702 702 2729 Καὶ
711 2701 765 2738 γὰρ
782 2702 931 2739 ἐπίσταμαι

144 2750 174 2776 τὰ
187 2749 318 2784 γινόμενα
334 2747 400 2783 παρ’
423 2747 512 2774 αὐτῶν
529 2747 660 2784 ἀκριϐῶς,
683 2747 731 2775 ἅτε
753 2749 868 2776 πάντοτε
881 2751 931 2777 αὺ-

175 2819 197 2834 ¹³
210 2817 285 2845 Psal.
304 2824 407 2848 Luvu,
423 2815 451 2842 9.
487 2815 510 2832 ί·
524 2815 622 2844 Ezech.
639 2824 679 2848 Ill,
697 2816 741 2843 l7.

977 2200 1104 2232 insidias,
1112 2203 1140 2226 et
1153 2201 1313 2226 venatorum
1333 2202 1410 2222 more
1424 2193 1470 2230 qui
1485 2197 1543 2220 rete
1555 2191 1588 2219 ad
1610 2190 1768 2226 capiendam

978 2246 1032 2282 25
1055 2245 1175 2281 praadam
1208 2242 1370 2274 extendunt,
1397 2240 1516 2268 diversis
1541 2239 1603 2266 illos
1628 2237 1772 2272 implicare

980 2293 1059 2321 malis
1077 2291 1234 2320 studuistis.
1252 2289 1319 2316 Nam
1334 2288 1474 2324 speculam
1491 2285 1610 2320 appellat
1624 2283 1770 2318 propheta-

980 2348 1041 2367 rum
1058 2344 1160 2367 caelum
1175 2348 1182 2372 ;
1197 2336 1282 2365 veluti
1303 2335 1376 2371 apud
1396 2333 1567 2362 Ezecliielem
1585 2340 1592 2358 :
1613 2341 1621 2357 ι
1640 2329 1771 2365 Specula-

979 2390 1068 2412 torem
1083 2385 1145 2412 dedi
1155 2388 1183 2411 te
1193 2383 1286 2410 domui
1297 2381 1410 2409 lsraelis
1420 2381 1453 2406 ".
1471 2389 1480 2405 ι
1491 2393 1526 2399 --
1536 2387 1545 2403 ι
1561 2376 1616 2412 Εςο
1629 2383 1694 2403 vero
1707 2383 1770 2402 eru-

979 2430 1052 2457 ditur
1069 2433 1160 2457 vester
1175 2435 1247 2456 sum.
1266 2436 1275 2452 ι
1294 2426 1346 2453 Sed
1362 2425 1427 2460 quia
1443 2431 1501 2456 vos,
1520 2422 1634 2449 moleste
1649 2420 1771 2448 ferentes

986 2483 1047 2510 quae
1070 2475 1111 2502 illi
1127 2474 1205 2509 vobis
1227 2476 1356 2501 eventura
1374 2470 1524 2501 canebant,
1552 2468 1615 2495 talia
1637 2467 1771 2494 adversus

980 2528 1028 2548 eos
1046 2518 1196 2547 machinati
1216 2518 1293 2550 estis,
1309 2515 1436 2552 equidem
1455 2513 1575 2550 peccatis
1597 2511 1696 2539 vestris
1712 2518 1771 2546 pm-

980 2574 1044 2594 nam
1066 2566 1219 2600 imponam,
1247 2570 1330 2599 quam
1357 2561 1435 2589 inviti
1460 2560 1524 2587 licet
1541 2559 1600 2586 sine
1620 2557 1702 2584 dubio
1722 2564 1771 2592 pa-

980 2612 1098 2640 tiemini.
1123 2621 1131 2637 ι
1153 2610 1209 2646 Ego
1230 2610 1294 2637 novi
1321 2608 1508 2644 Ephraimum,
1534 2610 1560 2632 et
1579 2604 1663 2632 lsrael
1684 2611 1700 2630 a
1727 2611 1771 2630 me

979 2667 1036 2686 non
1053 2658 1141 2686 abest.
1157 2667 1167 2683 ι
1186 2656 1274 2692 Opera
1289 2656 1361 2683 enim
1374 2655 1480 2682 illorum
1497 2652 1579 2687 probe
1593 2651 1661 2681 scio.
1675 2653 1771 2684 utpote

980 2705 1026 2739 qui
1046 2711 1186 2738 nunquam
1203 2703 1258 2730 illis
1274 2709 1327 2729 non
1347 2700 1457 2728 adsum.
1475 2708 1484 2723 σ
1502 2698 1572 2731 Quia
1595 2704 1668 2724 nunc
1684 2695 1769 2723 forui~

984 2757 1064 2779 catus
1088 2754 1130 2778 est
1153 2749 1329 2784 Ephraimus.
1352 2745 1555 2774 concriminatus
1577 2748 1619 2772 est
1645 2741 1738 2770 Israel.
1757 2750 1767 2766 ι

173 2887 213 2923 (4)
232 2887 328 2915 Grai-ce
343 2886 418 2921 νέμω
435 2885 551 2914 refertur
567 2886 600 2914 ad
613 2886 741 2921 διανέμω.
760 2885 812 2914 Sed
829 2886 923 2915 Latine
937 2895 992 2916 non
1013 2887 1049 2915 ita
1062 2895 1091 2916 se
1107 2887 1220 2918 haberet
1235 2891 1322 2921 pascet
1335 2885 1368 2913 ad
1383 2884 1559 2920 dispertitum
