1940 3064
168 120 220 149 155

785 123 958 152 THEODORI
972 122 1214 152 MOPSUESTENI

169 177 232 205 Vidi
257 177 318 206 illos
337 186 451 213 prorsus
477 186 492 206 a
513 187 559 207 me
585 181 744 211 recessisse,
771 186 798 209 et
818 182 951 209 idolorum

1005 183 1058 213 τοῖς
1088 182 1192 217 παρών.
1222 191 1232 207 ‹
1262 182 1333 208 Διότι
1361 181 1408 208 νῦν
1432 180 1624 216 ἐξεπὸρνευσεν
1655 181 1791 216 Ἐφραῖμ,

168 224 304 259 religione
323 233 353 253 se
366 225 509 260 polluisse.
526 235 535 252 I
552 226 610 254 Non
625 227 759 255 dederunt
775 229 955 263 cogitationes

166 276 234 296 suas
258 273 286 296 ut
305 274 477 298 revertantur
491 271 525 298 ad
542 279 594 305 me,
615 273 679 308 quia
701 273 814 308 spiritus
837 274 952 300 fornica-

167 315 255 343 tionis
271 316 340 350 ipsis
354 317 436 348 inest,
453 321 480 344 et
495 317 639 345 Dominum
658 327 711 345 non
728 323 926 354 cognoverunt.
943 328 951 345 ι

169 360 262 396 Neque
283 362 510 397 resipiscentibus
523 372 600 391 mens
618 364 668 391 fuit
680 365 712 391 ad
731 373 774 392 me
788 364 953 397 revertendi,

167 408 234 441 quia
263 408 292 435 in
309 408 407 436 vitium
434 414 490 436 toto
517 410 627 437 homine
649 411 832 442 incurrerunt,
850 410 953 437 nullum

165 453 222 482 mei
244 458 399 489 respectum
422 455 522 483 habere
543 457 676 483 volentes.
696 465 706 481 ί
722 455 754 482 Et
770 456 956 482 humiliabitur

168 500 327 533 arrogantia
346 499 454 529 lsraelis
471 501 498 527 in
518 501 613 529 faciem
628 502 697 536 ejus.
717 511 726 527 ι
743 502 823 536 Atqui
838 502 955 529 vesanite

166 545 252 580 hujus
275 550 359 581 atque
386 547 567 582 arrogantiae,
589 554 640 582 qua
660 547 790 574 adversus
811 555 854 575 me
879 547 955 575 insa-

166 591 279 618 nierunt
296 592 433 626 apostasia
454 600 503 619 sua
530 600 544 618 a
570 601 621 624 me,
645 597 670 619 et
685 599 797 619 accessu
814 593 848 620 ad
869 593 953 626 idola,

167 636 266 671 dignas
287 637 360 664 luent
376 644 483 671 pasnas,
499 645 561 664 cum
578 645 656 665 suam
670 637 874 672 depressionem
892 645 955 672 spe—

168 682 292 713 ctabunt,
319 682 346 708 in
363 690 444 716 quam
471 691 513 710 me
540 683 689 710 uleiscente
711 683 865 710 devenient.
886 693 894 708 ι
921 683 954 710 Et

166 728 252 755 tsrael
268 732 349 762 atque
363 728 527 760 Ephraimus
550 729 759 755 inﬁrmabuntur
778 730 804 756 in
826 729 955 764 iniquita-

167 774 241 800 tibus
262 774 329 801 suis.
348 773 437 813 Judas
450 774 550 809 pariter
570 782 631 801 cum
648 775 714 809 ipsis
732 775 924 803 inlirmabitur.
941 785 950 802 ι

167 819 266 846 Cuncti
282 815 463 847 communiter
472 824 628 854 peccantes,
649 821 830 848 communiter
845 828 952 855 quoque

1006 225 1120 261 ἐμιάνθη
1139 225 1255 262 Ἰσραήλ.
1280 235 1290 252 ι
1307 224 1371 253 οἴδα
1396 226 1485 253 τοίνυν
1501 225 1599 258 αὖτοὺς
1618 226 1708 252 τέλεον
1725 227 1786 253 ἀποο

1007 272 1122 303 στάντας
1133 272 1210 307 ἐμοῦ,
1225 273 1272 299 καὶ
1287 273 1314 299 ἐν
1330 274 1361 308 τῇ
1374 273 1428 298 τῶν
1439 272 1555 299 εἰδώλων
1567 272 1726 307 μιανθέντας
1745 272 1789 299 λα-

1007 317 1094 352 τρεία.
1107 326 1116 342 t
1129 318 1186 344 οὐκ
1197 318 1300 344 ἔδωκαν
1313 318 1346 344 τὰ
1361 317 1498 344 διαϐούλια
1510 318 1597 344 αὐτῶν
1609 317 1654 344 τοῦ
1664 317 1791 353 ἐπιστρέ-

1004 361 1053 396 ψαι
1073 361 1141 396 πρὸς
1156 362 1200 388 τὸν
1208 362 1273 389 Θεὸν
1288 362 1387 393 αὐτῶν,
1400 363 1440 389 ὅτι
1454 362 1561 397 πνεῦμα
1579 362 1704 398 πορνείας
1717 363 1792 389 ἐστὶν

1005 408 1034 433 ἐν
1050 408 1156 439 αὐτοῖς·
1171 408 1215 435 τὸν
1227 408 1254 434 δέ
1269 408 1370 443 Κύριον
1382 408 1431 435 οὐκ
1441 408 1607 442 ἐπέγνωσαν.
1628 418 1636 433 ι
1658 408 1725 434 Οὖδέ
1735 408 1791 444 γὰρ

1007 453 1235 489 μεταῦαλλύμενοι
1251 453 1364 489 γνώμην
1383 453 1461 489 ἔσχον
1480 454 1527 480 τοῦ
1540 454 1637 480 νεῦσαι·
1647 453 1715 489 πρὸς
1728 454 1788 489 ἐμὲ,

1005 499 1097 534 ἐπειδὴ
1117 498 1254 531 παντελῶς
1275 499 1343 535 πρδς
1359 499 1389 526 τὸ
1415 501 1505 536 χεῖρον
1524 499 1679 532 ἐξώκειλαν,
1696 499 1789 526 οὐδένα

1005 545 1082 579 λόγον
1097 545 1232 576 ἐθέλοντες
1248 545 1315 580 ἐμοῦ
1332 545 1476 572 ποιεῖσθαι.
1493 555 1503 571 ‹
1526 545 1582 572 Kal
1591 545 1789 580 ταπεινωθήσε-

1004 593 1074 626 ταιὴ
1090 591 1168 626 ὕϐρις
1179 590 1226 617 τοῦ
1243 591 1351 626 Ἰσραὴλ
1363 592 1402 622 εὶς
1414 592 1557 627 πρόσωπον
1570 590 1661 618 αὑτοῦ.
1677 601 1686 617 ι
1709 591 1789 618 Ἀλλὰ

1004 636 1058 670 γὰρ
1065 635 1165 671 ταύτης
1175 636 1202 662 δὲ
1212 636 1260 671 τῆς
1274 636 1415 671 παροινίας
1422 637 1471 663 ’καὶ
1483 637 1532 672 τῆς
1547 636 1650 672 ὕϐρεως
1661 637 1693 671 ἢν
1705 637 1790 672 ἐπαρ-

1003 682 1091 708 οίνουν
1111 682 1278 714 ἀποστάντες
1305 683 1391 718 ἐμοῦ,
1421 684 1467 709 καὶ
1494 684 1707 718 προσανέχοντες
1732 683 1789 715 τοῖς

1004 728 1131 760 εἰδώλοις,
1150 729 1227 762 ἀξίαν
1246 728 1358 756 δώσουσι
1376 729 1464 764 δίκην,
1479 729 1555 756 αὐτοὶ
1573 729 1665 755 θεαταὶ
1686 730 1734 764 τῆς
1746 729 1788 755 οἰ-

1004 774 1079 806 κείας
1092 774 1227 809 γινόμενοι
1250 774 1447 806 ταπεινώσεως,
1466 776 1506 806 είς
1522 775 1554 810 ἢν
1568 775 1611 801 διὰ
1632 776 1681 811 τῆς
1703 784 1790 810 τιμω-

1006 821 1066 855 ρίας
1088 821 1301 856 καταστήσονται
1320 821 1371 856 τῆς
1398 821 1476 856 ἐμῆς.
1496 831 1505 846 σ
1527 821 1581 847 Καὶ
1609 821 1716 856 Ἰσραὴλ
1741 820 1788 848 καὶ

166 873 276 900 pmnam
293 865 443 900 perferent,
458 871 601 902 propterea
621 867 694 902 quod
716 867 848 895 adversus
863 868 953 895 scien—

1010 866 1129 901 Ἐφραὶμ
1142 866 1334 902 ἁσθενήσουσιν
1346 867 1375 892 ἐν
1382 868 1440 898 ταῖς
1452 867 1567 898 ἀδικίαις
1575 867 1672 893 αὐτῶν·
1684 868 1721 902 (p.
1729 867 1763 894 59
1778 867 1788 902 )

165 912 233 937 tiam
260 918 349 938 meam
370 911 462 946 injurii
481 911 601 939 fuerunt.
619 912 663 938 Sic
681 911 761 938 etiam
793 912 890 939 beatus
914 911 952 938 ait

166 956 269 984 Paulus
285 967 292 985 :
311 967 320 983 ί
335 958 446 992 Eorum,
463 959 509 994 qui
534 959 675 986 veritatem
701 959 727 986 in
749 958 885 993 injustitia
904 958 952 985 de-

166 1004 302 1037 tinent“;
322 1015 331 1030 ι
352 1013 448 1039 nempe
472 1013 578 1037 eorum,
593 1005 639 1040 qui
661 1004 769 1032 veritati
790 1004 893 1032 faciunt
911 1004 952 1031 in-

164 1047 266 1083 juriam
283 1058 332 1076 sua
349 1050 381 1076 ad
399 1050 493 1076 vitium
512 1051 695 1086 perversione.

200 1182 283 1210 νείκει
296 1186 404 1216 6-9.-‹
411 1189 477 1216 Cum
486 1188 580 1215 ovibus
588 1187 643 1215 suis
651 1196 681 1216 ac
689 1189 778 1219 vitulis
792 1191 903 1221 versent
918 1186 951 1213 ³ιῖ

166 1229 340 1262 quaerendum
352 1229 540 1263 Dominum,et
551 1239 604 1258 non
615 1232 752 1258 invenient
763 1239 823 1259 eum
835 1241 841 1264 ;
851 1232 950 1259 etenim

166 1275 201 1302 ab
215 1275 282 1309 ipsis
297 1275 459 1308 declinavit,
476 1281 618 1312 postquam
641 1277 784 1304 Dominum
801 1278 952 1313 derelique-

165 1325 240 1346 runt.
253 1329 262 1346 ι
274 1320 385 1348 Etiamsi
399 1321 502 1350 hostias
513 1323 686 1356 adduxerint,
695 1323 737 1362 his
751 1327 877 1358 putantes
890 1332 953 1359 pro-

165 1367 262 1401 pitium
272 1368 323 1395 sibi
333 1368 438 1396 Numen
453 1370 576 1401 reddere,
587 1370 654 1396 nihil
669 1370 731 1397 inde
739 1371 952 1406 26proﬁcieut,

166 1411 222 1440 Deo
235 1421 347 1448 prorsus
362 1419 523 1448 aversante;
542 1415 759 1450 quandoquidem
774 1425 807 1443 eo
822 1417 952 1449 dimisso,

165 1458 245 1485 idolis
263 1463 335 1487 totos
348 1467 378 1487 se
388 1459 560 1489 dediderunt.
579 1471 587 1486 ι
603 1461 671 1494 Quia
689 1462 759 1489 ﬁlios
775 1463 879 1491 alienos
898 1463 950 1490 sibi

1003 912 1049 938 καὶ
1070 912 1212 947 ἀσθενήσει
1238 913 1283 939 καὶ
1306 912 1405 944 Ἰούδας
1425 914 1483 948 μετ’
1498 913 1596 940 αὐτῶν.
1618 923 1628 939 ι
1652 913 1790 944 ’Ἅπαντες

1002 960 1078 994 κοινῇ
1094 959 1325 994 πλημμελοῦντες,
1345 961 1423 994 κοινῇ
1438 959 1484 986 καὶ
1502 959 1551 994 τὴν
1566 959 1701 994 τιμωρίαν
1721 959 1788 985 63:0-

1004 1004 1138 1038 μενοῦσιν,
1160 1005 1229 1040 ὑπὲρ
1250 1002 1287 1032 ὧν
1308 1005 1357 1040 τὴν
1375 1005 1474 1039 γνῶσιν
1500 1005 1609 1040 ἠδίκουν
1634 1004 1683 1040 τὴν
1707 1005 1786 1040 ἐμήν.

1003 1049 1080 1077 Οὕτω
1103 1051 1149 1077 καὶ
1164 1052 1178 1077 ὁ
1197 1051 1331 1086 μακάριος
1352 1051 1425 1085 λέγει
1447 1051 1549 1082 Παῦλος
1569 1051 1609 1083 τὸ,
1633 1059 1641 1076 t
1661 1050 1721 1076 Τῶν
1738 1050 1790 1085 τὴν

1005 1094 1134 1129 ἀλήθειαν
1145 1096 1174 1122 ἐν
1187 1095 1278 1130 ἀδικίᾳ
1294 1095 1470 1130 κατεχόντων·
1491 1105 1500 1121 ι
1517 1095 1561 1122 ἵνα
1577 1095 1650 1131 εἴπῃ,
1665 1094 1724 1121 Τῶν
1739 1093 1798 1129 τὴν

1004 1139 1132 1175 ἀλήθειαν
1149 1142 1182 1176 τῇ
1197 1141 1264 1175 πρὸς
1277 1142 1308 1167 τὸ
1322 1143 1411 1177 χεῖρον
1430 1141 1591 1168 ἀδικούντων
1607 1141 1737 1176 ἐκτροπῇ.

1039 1187 1112 1222 Στίχ.
1142 1187 1216 1219 (ς’-(ν.
1246 1202 1280 1208 -
1305 1197 1314 1213 ‹
1344 1188 1422 1215 Μετὰ
1447 1188 1589 1223 προϐάτων
1610 1189 1657 1214 καὶ
1681 1187 1789 1222 μόσχων

1004 1232 1180 1267 πορεύσονται
1209 1233 1255 1259 τοῦ
1285 1233 1432 1268 ἐκζητῆσαι
1462 1233 1506 1259 τὸν
1536 1232 1655 1267 Κύριον.
1681 1231 1728 1257 καὶ
1756 1230 1792 1256 οὔ

1006 1278 1042 1313 μὴ
1060 1277 1176 1313 εὕρωσιν
1195 1279 1293 1306 αὐτόν·
1312 1279 1455 1306 ἐκκέκλικε
1477 1279 1531 1314 γὰρ
1554 1279 1601 1305 ἀπ’
1624 1278 1723 1309 αὐτῶν,
1747 1277 1796 1304 ὅτι

1001 1322 1047 1348 τὸν
1078 1323 1180 1359 Κύριον
1203 1324 1390 1358 ἐγκατέλιπον.
1419 1334 1429 1350 ι
1453 1325 1512 1351 Κᾶν
1537 1324 1631 1356 θυσίας
1653 1324 1681 1350 δὲ
1705 1332 1789 1360 προσει-

1002 1367 1100 1402 άγωσι,
1112 1367 1216 1399 τούτοις
1233 1368 1402 1401 ἐξιλιεοῦσθαι
1416 1369 1572 1404 νομίζοντες
1589 1369 1620 1396 τὸ
1638 1370 1726 1401 Θεῖον,
1740 1368 1789 1395 οὺο

1001 1413 1045 1440 δέν
1069 1413 1193 1440 ἐντεῦθεν
1215 1414 1306 1446 ἕξουσι
1323 1414 1414 1445 πλέον,
1438 1415 1660 1450 ἐκτετραμμένον
1680 1415 1787 1446 πάντως

1001 1459 1099 1490 αὐτοὺς
1114 1459 1161 1485 τοῦ
1176 1459 1243 1485 Θεοῦ
1256 1467 1263 1474 ’
1277 1460 1348 1496 ὺπέρ
1360 1457 1397 1486 ὧν
1409 1461 1523 1494 ἀφέντες
1534 1460 1626 1492 αὑτὸν,
1647 1459 1796 1491 παντελῶς

165 1510 329 1537 genuerunt.
343 1515 352 1531 ι
371 1504 439 1532 Nam
450 1510 551 1533 etcum
569 1507 696 1542 gentibus
713 1512 810 1542 praeter
826 1509 950 1543 pra-scri-

1005 1504 1056 1534 τοῖς
1064 1503 1181 1535 εἰδώλοις
1195 1505 1347 1538 προσεῖχον.
1360 1513 1369 1529 ι
1385 1504 1443 1531 ’Ὁτι
1452 1506 1533 1531 τέκνα
1543 1505 1669 1541 ἀλλότρια
1678 1505 1796 1541 ἐγέννητ

166 1553 243 1584 ptum
257 1551 381 1586 conjugia
392 1552 549 1583 miscentes.
565 1560 597 1580 ex
620 1554 835 1589 alienigenarum
855 1555 950 1589 copula

167 1595 268 1623 liberos
286 1603 475 1632 susceperunt.
496 1598 565 1633 Ergo
583 1599 648 1626 hine
667 1600 748 1626 etiam
767 1599 951 1627 omnimodam

167 1641 275 1668 illorum
305 1650 366 1668 cum
392 1643 552 1677 alienigenis
575 1644 793 1672 commistionem
820 1646 950 1678 ostendit,

167 1688 230 1721 quia
248 1696 280 1714 ex
304 1688 345 1715 his
361 1688 442 1716 etiam
459 1689 536 1716 liberi
560 1690 627 1724 ipsis
642 1690 697 1716 nati
717 1691 783 1718 sint.
803 1690 859 1718 Hoc.
878 1690 951 1718 enim

166 1732 222 1759 illis
247 1733 412 1767 improperat
438 1733 518 1760 etiam
544 1735 640 1761 beatus
661 1734 745 1761 David
762 1735 877 1762 dicens:
897 1746 906 1762 ι
920 1736 953 1763 Et

167 1777 302 1804 commisti
312 1782 376 1804 sunt
388 1778 459 1804 inter
467 1782 561 1812 gentes
568 1778 599 1804 η.
607 1787 666 1802 ι-ι
675 1777 750 1804 Nunc
759 1777 896 1805 devorabil
905 1786 952 1805 eos

167 1823 277 1858 rubigo,
302 1832 407 1851 necnon
423 1825 595 1852 hazreditates
616 1825 750 1859 ipsorum.
765 1836 774 1851 ι
791 1825 862 1852 Dicit
877 1825 954 1852 nimi-

166 1877 228 1896 rum
241 1878 270 1897 se
284 1875 412 1904 tanquam
428 1871 545 1905 rubigini
560 1871 723 1898 traditurum
738 1879 785 1898 eos
799 1872 882 1899 exitio
891 1880 951 1899 eum

167 1916 332 1951 patrimonio
342 1917 478 1944 universo.
494 1916 634 1952 «Clangite
643 1918 758 1945 buccina
768 1926 850 1952 super
859 1918 951 1951 colles,

167 1966 263 1989 sonate
288 1970 369 1996 super
397 1962 514 1995 excelsa,
545 1963 689 1997 prmdicate
708 1963 736 1990 in
762 1963 843 1990 domo
871 1963 922 1990 0n.
941 1972 950 1989 ι

168 2008 295 2040 (functis,
312 2008 410 2043 inquit,
426 2009 504 2040 locis,
521 2009 567 2035 tibi
586 2009 751 2044 impietatem
777 2014 894 2036 vestram
907 2017 954 2043 pa-

168 2054 273 2085 trastis.
298 2055 407 2081 omissis
422 2055 562 2082 consuetis
582 2055 693 2087 ritibus,
721 2055 837 2081 clamate
851 2056 952 2089 potius,

167 2108 222 2134 quo
234 2100 312 2128 vobis
327 2104 457 2127 eventura
472 2101 540 2127 mala
550 2101 867 2136 portendalis.Qua‘nam
882 2101 955 2127 haec?

171 2156 179 2171 ι
190 2146 336 2182 Obstupuit
351 2146 503 2180 Benjamin,
521 2146 649 2181 Ephraim
665 2147 691 2173 in
706 2146 873 2174 desolatione
893 2146 953 2177 fuit.

167 2193 195 2220 in
212 2193 308 2220 diebus
322 2193 514 2227 correptionis.
529 2203 538 2218 ι
558 2192 708 2227 Benjamini
721 2194 841 2224 nomine,
855 2192 956 2220 Judzcaa

168 2247 282 2274 regnum
295 2239 376 2272 dicit;
392 2238 540 2273 Ephraimo
554 2242 657 2269 autem,
676 2238 770 2265 decem
788 2239 899 2266 denotat
911 2239 958 2266 tri-

168 2285 231 2312 hus.
249 2284 342 2320 Neque
355 2292 420 2311 vero
436 2284 474 2310 ait
489 2284 564 2311 illum
577 2284 762 2319 ohstupuisse,
778 2284 850 2311 lumc
866 2288 956 2312 autem

168 2331 337 2364 desolatum;
356 2330 402 2358 sed
417 2331 452 2358 de
478 2334 594 2365 utroque
614 2330 797 2357 communiter
810 2334 956 2365 utrumque

169 2378 245 2408 dicit,
263 2385 362 2412 nempe
388 2377 461 2412 quod
485 2377 679 2411 obstupescent
705 2381 732 2403 et
746 2376 952 2404 desolabuntur.

172 2431 181 2448 ι
191 2422 220 2450 In
236 2423 332 2450 diebus
341 2423 533 2457 correptionis,
546 2423 589 2449 iid
603 2427 644 2449 est
659 2423 685 2449 in
697 2423 816 2449 hostium
826 2423 951 2455 incursu,

168 2477 240 2504 quos
267 2470 325 2504 ipse
352 2469 479 2500 adducet,
505 2473 535 2495 ut
561 2469 653 2503 populi
680 2467 723 2495 sui
746 2469 954 2503 perversitatem

168 2515 258 2550 palam
286 2515 411 2550 castiget.
432 2514 632 2549 Obstupescent
657 2522 732 2549 ergo,
751 2515 799 2547 ait,
823 2515 954 2542 mirantes

171 2561 288 2588 subitam
307 2567 397 2586 rerum
417 2568 529 2587 suarum
553 2560 756 2595 eatastrophen,
782 2560 809 2586 in
825 2568 878 2595 qua
895 2560 957 2587 fun-

171 2608 244 2634 ditus
264 2607 456 2636 destruentur.
482 2614 525 2633 me
548 2607 641 2633 hostes
671 2606 711 2633 eis
729 2607 902 2637 imminente,
931 2611 958 2634 et

171 2655 311 2686 peractam
332 2651 366 2677 ab
384 2651 452 2685 ipsis
474 2650 720 2686 transgressionem
738 2651 878 2685 puniente.
897 2650 957 2677 Jam

172 2705 229 2724 rem
242 2690 536 2724 communem'diaaresi
551 2696 615 2728 dici,
632 2696 734 2731 passim
751 2697 902 2731 comperire
917 2699 959 2723 est

172 2742 254 2769 etiam
269 2741 341 2777 apud
358 2742 466 2768 beatum
477 2739 605 2768 Davidem
618 2760 625 2772 ,
644 2741 716 2768 velut
728 2749 790 2768 cum
810 2742 863 2767 ait:
887 2750 896 2765 ι
911 2740 958 2767 Die

174 2789 301 2820 clamavi,
317 2792 345 2815 et
360 2792 440 2816 nocte
454 2795 547 2814 coram
569 2787 636 2820 te”;
649 2796 658 2813 ι
676 2795 730 2815 non
744 2787 780 2814 ait
796 2795 825 2814 se
839 2786 957 2813 interdiu

212 2868 231 2882 ³·
247 2867 324 2896 Rom.
343 2875 361 2900 ι,
380 2867 418 2895 18.
460 2867 480 2882 ¹³
492 2866 563 2894 Psal.
580 2873 623 2901 (ν,
641 2867 674 2894 55

1003 1557 1051 1575 σαν
1063 1550 1178 1581 ἑαυτοῖς.
1198 1559 1208 1576 ι
1225 1550 1279 1576 Καὶ
1287 1549 1340 1585 γὰρ
1354 1551 1401 1577 καὶ
1415 1552 1471 1582 τοῖς
1487 1551 1575 1577 ἔθνεσι
1595 1552 1670 1587 παρὰ
1682 1552 1712 1577 τὸ
1726 1551 1790 1578 διαὸ

1001 1594 1165 1629 τεταγμένον
1187 1595 1369 1630 ἐπιμιγέντες,
1383 1595 1412 1627 ἐξ
1426 1595 1580 1630 ἀλλοφύλων
1603 1596 1796 1623 ἐτεκνώσαντο·

1002 1639 1142 1674 ἐπιμιξίας
1154 1649 1160 1655 ·
1184 1640 1263 1666 τοῦτο
1283 1639 1337 1675 γὰρ
1352 1641 1443 1673 αὐτοῖς
1463 1641 1511 1667 καὶ
1525 1641 1539 1667 ὁ
1559 1641 1693 1677 μακάριος
1708 1641 1789 1668 Δαυτδ

1003 1685 1112 1719 ἐγκαλεῖ
1135 1685 1221 1720 λέγων
1233 1693 1239 1700 “
1258 1696 1266 1712 ι
1285 1687 1340 1713 Καὶ
1354 1687 1524 1721 ἐπεμίγησαν
1543 1688 1572 1714 ἐν
1587 1689 1642 1719 τοῖς
1658 1687 1755 1714 ἔθνεσι.
1776 1697 1785 1713 ι

1003 1732 1150 1759 Κάνταῦοα
1166 1732 1254 1760 τοίνυν
1266 1733 1315 1767 τὴν
1332 1733 1450 1768 παντελῆ
1469 1733 1536 1769 πρὸς
1553 1734 1617 1765 τοὺς
1630 1733 1789 1768 ἀλλοτρίους

1004 1777 1142 1812 ἐπιμιξίαν
1152 1777 1236 1812 δηλοῖ,
1254 1778 1285 1804 τὸ
1300 1778 1383 1805 τέκνα
1395 1779 1486 1811 αὐτοῖς
1502 1779 1531 1812 ἐξ
1547 1779 1636 1806 αὐτῶν
1650 1779 1787 1813 γενέσθαι.

1007 1832 1015 1848 ι
1033 1822 1086 1849 Νὖν
1100 1823 1286 1857 καταφάγεταί
1304 1823 1403 1855 αὐτοὺς
1415 1825 1432 1859 ἡ
1448 1824 1561 1859 ἐρυσίῦη
1582 1824 1629 1850 καὶ
1649 1825 1711 1855 τοὺς
1724 1824 1791 1859 κλή-

1006 1877 1068 1903 ρους
1088 1868 1187 1896 αὑτῶν.
1201 1878 1210 1893 ι
1224 1869 1282 1895 Ἵνα
1299 1869 1363 1905 εἴπῃ
1379 1870 1419 1895 ὅτι
1437 1869 1519 1905 Δίκην
1540 1879 1569 1896 τε
1593 1870 1721 1906 ἐρυσίϐης
1741 1870 1789 1896 αὺ-

1004 1914 1066 1946 τούς
1081 1923 1110 1940 τε
1130 1915 1176 1941 καὶ
1189 1915 1222 1941 τὰ
1239 1915 1374 1949 προσόντα
1399 1916 1490 1947 αὐτοῖς
1511 1916 1618 1942 ἅπαντα
1636 1916 1790 1951 παραδώσω

1005 1960 1103 1995 φθορᾷ.
1130 1970 1139 1986 ε
1168 1960 1319 1986 Σαλπίσατε
1344 1960 1476 1995 σάλπιγγι
1504 1961 1550 1987 ἐπὶ
1574 1961 1638 1993 τοὺς
1662 1961 1787 1996 βουνούς·

1005 2007 1125 2041 ἦχήσστε
1155 2006 1201 2032 ἐπὶ
1223 2005 1276 2032 τῶν
1303 2006 1424 2041 ὑψηλῶν,
1449 2006 1585 2042 κηρύξατε
1611 2007 1639 2033 ἐν
1664 2006 1702 2041 τῷ
1722 2007 1789 2042 οἴκῳ

1007 2053 1065 2079 Ὠν.
1086 2062 1094 2077 ι
1120 2053 1164 2078 Ἐν
1186 2052 1272 2079 ᾶπασι
1287 2052 1326 2084 δέ,
1350 2053 1426 2087 φησι,
1442 2053 1498 2083 τοῖς
1519 2053 1610 2082 τόποις
1630 2053 1658 2077 ἐν
1680 2049 1720 2083 οἷς
1740 2053 1790 2088 τὴν

1005 2098 1131 2124 ἀσέϐειαν
1158 2098 1317 2133 εἰργάζεσοε
1347 2098 1395 2133 τὴν
1417 2098 1529 2129 οἰκείαν,
1549 2097 1585 2131 (p.
1602 2096 1648 2132 40)
1672 2098 1786 2131 ἀφέντες

1006 2144 1054 2175 τὰς
1078 2144 1204 2178 συνήθεις
1225 2144 1352 2175 σπουδὰς,
1384 2144 1499 2179 βοήσατε
1523 2143 1636 2178 μᾶλλον,
1667 2143 1700 2169 τὰ
1726 2144 1790 2179 περὶ

1007 2191 1079 2224 ὑμᾶς
1098 2190 1165 2225 ὑπὲρ
1188 2189 1290 2216 τούτων
1308 2190 1424 2224 ἐσόμενα
1450 2189 1597 2224 μηνύοντες
1616 2190 1697 2216 κακά.
1723 2190 1789 2216 Ποῖα

1004 2236 1106 2268 ceti-ra;
1135 2244 1145 2260 ‹
1178 2235 1288 2269 Ἐξέστη
1326 2235 1463 2270 Βενιαμὶν,
1503 2234 1621 2271 Ἑφραῖμ
1650 2236 1689 2266 εις
1719 2236 1790 2270 ἁφα-

1004 2280 1099 2314 νισμὸν
1118 2280 1227 2313 ἐγένετο
1240 2281 1268 2306 ἐν
1286 2279 1404 2315 ἡμέραις
1420 2279 1542 2314 ἐλέγχου.
1560 2289 1569 2305 ι
1593 2279 1658 2306 Ἀπδ
1674 2280 1723 2315 μὲν
1735 2280 1797 2315 γὰρ·

1004 2326 1050 2353 τοῦ
1068 2325 1196 2360 Βενιαμὶν
1220 2325 1266 2360 τὴν
1281 2325 1330 2360 τῆς
1350 2324 1478 2356 Ἰουδαίας
1500 2325 1572 2359 λέγει
1587 2325 1724 2359 βασιλειαν
1736 2333 1743 2339 ·
1757 2325 1796 2350 ἐκν

1006 2372 1034 2398 δὲ
1047 2372 1094 2398 τοῦ
1116 2371 1234 2406 Ἐφραῒμ
1246 2371 1295 2402 τὰς
1312 2370 1377 2397 δέκα
1391 2370 1487 2406 μηνύει
1502 2370 1588 2404 φυλάς
1598 2379 1604 2386 ·
1621 2370 1650 2397 ού
1665 2370 1743 2396 τοῦτο
1761 2370 1790 2397 δέ

1007 2417 1090 2451 λέγει,
1107 2418 1146 2444 ὅτι
1158 2417 1172 2442 ὁ
1185 2417 1233 2451 μὲν
1246 2417 1353 2451 ἐξέστη,
1366 2417 1380 2442 ὁ
1392 2416 1419 2442 δὲ
1432 2417 1472 2447 εἰς
1495 2415 1644 2450 ἀφανισμὸν
1664 2415 1772 2449 ἐγένετο
1780 2424 1794 2431 ’τ

1007 2464 1064 2491 ἀλλ’
1082 2464 1126 2489 ἵνα
1142 2464 1217 2497 κοινῇ
1234 2463 1276 2488 ἐπ’
1303 2461 1465 2497 ἀμφοτέρων
1487 2462 1550 2496 εἴπῃ
1570 2461 1600 2487 τὸ
1623 2461 1794 2496 συναμφότε’

1009 2519 1065 2546 ρον,
1084 2511 1124 2537 ὅτι
1149 2509 1324 2543 ἐκστήσονται
1349 2508 1398 2534 καὶ
1424 2508 1463 2540 εἰς
1490 2507 1643 2542 ἀφανισμὸν
1666 2507 1789 2534 ἔσονται·

1006 2556 1054 2583 καὶ
1073 2565 1082 2581 ‹
1100 2556 1128 2581 ἐν
1141 2555 1258 2590 ἡμέραις
1271 2554 1318 2581 τοῦ
1332 2554 1442 2588 ἐλέγχου
1463 2563 1471 2578 ι
1486 2553 1560 2587 λέγει
1574 2554 1603 2580 δὲ
1615 2554 1644 2579 ἐν
1654 2555 1687 2588 τῇ
1704 2553 1791 2589 ἐφόδῳ

1006 2603 1060 2629 τῶν
1083 2601 1230 2636 πολεμίων,
1255 2600 1288 2635 ἣν
1316 2600 1422 2633 ἐπάξει,
1435 2599 1485 2631 τὰς
1506 2600 1676 2635 παρανομίας
1703 2598 1794 2625 αὐτῶν

1007 2648 1125 2682 ἐλέγχων
1150 2647 1302 2682 προδήλως.
1335 2647 1529 2681 Ἐκστήσονται
1548 2643 1605 2677 οὖν,
1629 2645 1721 2679 φησιν,
1746 2645 1793 2671 ἐκ·

1009 2693 1185 2728 πληττόμενοι
1203 2692 1253 2727 τῆς
1270 2692 1335 2728 περὶ
1347 2692 1446 2722 αὐτοὺς
1467 2690 1616 2726 μεταϐολῆς
1630 2690 1661 2716 τὸ
1683 2690 1789 2724 ἀθρόον,

1010 2739 1055 2773 ὑφ’
1072 2736 1105 2774 ἧς
1118 2739 1347 2774 ἁφανισθήσονται
1362 2737 1501 2768 παντελῶς
1511 2744 1518 2753 ο
1531 2736 1597 2771 ἐμοῦ
1615 2735 1678 2766 τούς
1691 2744 1721 2761 τε
1741 2742 1791 2762 πο-

1010 2784 1119 2820 λεμίους
1144 2785 1234 2816 αὐτοῖς
1258 2783 1416 2817 ἐπάγοντος,
1439 2782 1487 2809 καὶ
1509 2781 1558 2818 τὴν
1581 2779 1791 2816 ἐπιτελουμένην

722 2866 745 2882 ⁸⁸³
761 2866 832 2894 I’sal.
847 2863 1004 2896 LSXX\'ll,2.
