  <div class='ocr_page' id='page_1' title='image "/cluster/home/n/w/nwhite01/storage/ocr_20150623/66/njp.32101077772695/094.png"; bbox 0 0 1973 3066; ppageno 0'>
   <div class='ocr_carea' id='block_1_1' title="bbox 145 119 199 147">
    <p class='ocr_par' dir='ltr' id='par_1_1' title="bbox 145 119 199 147">
     <span class='ocr_line' id='line_1_1' title="bbox 145 119 199 147; baseline 0 0"><span class='ocrx_word' id='word_1_1' title='bbox 145 119 199 147; x_wconf 75' lang='grc'><strong>157</strong></span> 
     </span>
    </p>
   </div>
   <div class='ocr_carea' id='block_1_2' title="bbox 684 125 1272 157">
    <p class='ocr_par' dir='ltr' id='par_1_2' title="bbox 684 125 1272 157">
     <span class='ocr_line' id='line_1_2' title="bbox 684 125 1272 157; baseline 0.007 -6"><span class='ocrx_word' id='word_1_2' title='bbox 684 125 958 155; x_wconf 74' lang='lat' dir='ltr'><strong>COMMENTARIUS</strong></span> <span class='ocrx_word' id='word_1_3' title='bbox 975 127 1008 155; x_wconf 88' lang='lat' dir='ltr'><strong>IN</strong></span> <span class='ocrx_word' id='word_1_4' title='bbox 1028 127 1128 157; x_wconf 54' lang='lat' dir='ltr'><strong>OSEJE</strong></span> <span class='ocrx_word' id='word_1_5' title='bbox 1149 128 1222 156; x_wconf 74' lang='lat' dir='ltr'><strong>CAP.</strong></span> <span class='ocrx_word' id='word_1_6' title='bbox 1241 127 1272 155; x_wconf 86' lang='lat' dir='ltr'><strong>V.</strong></span> 
     </span>
    </p>
   </div>
   <div class='ocr_carea' id='block_1_3' title="bbox 1727 128 1779 158">
    <p class='ocr_par' dir='ltr' id='par_1_3' title="bbox 1727 128 1779 158">
     <span class='ocr_line' id='line_1_3' title="bbox 1727 128 1779 158; baseline 0.058 -3"><span class='ocrx_word' id='word_1_7' title='bbox 1727 128 1779 158; x_wconf 77' lang='lat' dir='ltr'><strong>I58</strong></span> 
     </span>
    </p>
   </div>
   <div class='ocr_carea' id='block_1_4' title="bbox 144 177 937 222">
    <p class='ocr_par' dir='ltr' id='par_1_4' title="bbox 144 177 937 218">
     <span class='ocr_line' id='line_1_4' title="bbox 144 177 937 218; baseline 0.006 -13"><span class='ocrx_word' id='word_1_8' title='bbox 144 179 214 214; x_wconf 77' lang='grc' dir='ltr'>παρ’</span> <span class='ocrx_word' id='word_1_9' title='bbox 228 179 324 212; x_wconf 79' lang='grc' dir='ltr'>αὐτοῖς</span> <span class='ocrx_word' id='word_1_10' title='bbox 340 179 497 215; x_wconf 74' lang='grc' dir='ltr'><strong>ἐλέγχοντος</strong></span> <span class='ocrx_word' id='word_1_11' title='bbox 514 183 698 218; x_wconf 70' lang='grc' dir='ltr'><strong>παρανομίαν·</strong></span> <span class='ocrx_word' id='word_1_12' title='bbox 716 185 745 210; x_wconf 77' lang='grc' dir='ltr'><strong>τὸ</strong></span> <span class='ocrx_word' id='word_1_13' title='bbox 757 184 785 210; x_wconf 76' lang='grc' dir='ltr'>δὲ</span> <span class='ocrx_word' id='word_1_14' title='bbox 795 177 830 210; x_wconf 60' lang='grc' dir='ltr'><strong>’τὸ</strong></span> <span class='ocrx_word' id='word_1_15' title='bbox 851 185 937 210; x_wconf 81' lang='grc' dir='ltr'>κοινὸν</span> 
     </span>
    </p>
   </div>
   <div class='ocr_carea' id='block_1_5' title="bbox 990 177 1776 222">
    <p class='ocr_par' dir='ltr' id='par_1_5' title="bbox 992 186 1776 222">
     <span class='ocr_line' id='line_1_5' title="bbox 992 186 1776 222; baseline 0.001 -9"><span class='ocrx_word' id='word_1_16' title='bbox 992 187 1120 219; x_wconf 86' lang='lat' dir='ltr'><strong>clamare,</strong></span> <span class='ocrx_word' id='word_1_17' title='bbox 1137 192 1163 214; x_wconf 91' lang='lat' dir='ltr'><strong>et</strong></span> <span class='ocrx_word' id='word_1_18' title='bbox 1179 191 1260 213; x_wconf 83' lang='lat' dir='ltr'><strong>noctu</strong></span> <span class='ocrx_word' id='word_1_19' title='bbox 1273 194 1366 214; x_wconf 87' lang='lat' dir='ltr'><strong>coram</strong></span> <span class='ocrx_word' id='word_1_20' title='bbox 1385 186 1439 214; x_wconf 77' lang='lat' dir='ltr'><strong>Deo</strong></span> <span class='ocrx_word' id='word_1_21' title='bbox 1453 186 1543 222; x_wconf 81' lang='lat' dir='ltr'><strong>loqui;</strong></span> <span class='ocrx_word' id='word_1_22' title='bbox 1561 186 1607 214; x_wconf 85' lang='lat' dir='ltr'><strong>sed</strong></span> <span class='ocrx_word' id='word_1_23' title='bbox 1623 186 1661 214; x_wconf 92' lang='lat' dir='ltr'><strong>ait</strong></span> <span class='ocrx_word' id='word_1_24' title='bbox 1674 186 1776 221; x_wconf 82' lang='lat' dir='ltr'><strong>potius,</strong></span> 
     </span>
    </p>
   </div>
   <div class='ocr_carea' id='block_1_6' title="bbox 145 225 944 265">
    <p class='ocr_par' dir='ltr' id='par_1_6' title="bbox 145 225 944 265">
     <span class='ocr_line' id='line_1_6' title="bbox 145 225 944 265; baseline 0.008 -15"><span class='ocrx_word' id='word_1_25' title='bbox 145 225 221 251; x_wconf 77' lang='grc' dir='ltr'>κατὰ</span> <span class='ocrx_word' id='word_1_26' title='bbox 235 225 370 260; x_wconf 79' lang='grc' dir='ltr'><strong>διαίρεσιν</strong></span> <span class='ocrx_word' id='word_1_27' title='bbox 382 226 481 260; x_wconf 83' lang='grc' dir='ltr'>λέγειν,</span> <span class='ocrx_word' id='word_1_28' title='bbox 494 226 568 263; x_wconf 71' lang='grc' dir='ltr'>εὖροι</span> <span class='ocrx_word' id='word_1_29' title='bbox 581 228 614 254; x_wconf 83' lang='grc' dir='ltr'><strong>ἄν</strong></span> <span class='ocrx_word' id='word_1_30' title='bbox 627 237 669 260; x_wconf 87' lang='grc' dir='ltr'><strong>τις</strong></span> <span class='ocrx_word' id='word_1_31' title='bbox 686 230 795 264; x_wconf 79' lang='grc' dir='ltr'>συνεχὲς</span> <span class='ocrx_word' id='word_1_32' title='bbox 809 230 854 256; x_wconf 80' lang='grc' dir='ltr'>καὶ</span> <span class='ocrx_word' id='word_1_33' title='bbox 870 229 944 265; x_wconf 84' lang='grc' dir='ltr'>παρὰ</span> 
     </span>
    </p>
   </div>
   <div class='ocr_carea' id='block_1_7' title="bbox 144 269 943 309">
    <p class='ocr_par' dir='ltr' id='par_1_7' title="bbox 144 269 943 309">
     <span class='ocr_line' id='line_1_7' title="bbox 144 269 943 309; baseline 0.008 -14"><span class='ocrx_word' id='word_1_34' title='bbox 144 269 185 305; x_wconf 81' lang='grc' dir='ltr'>τῷ</span> <span class='ocrx_word' id='word_1_35' title='bbox 202 270 338 306; x_wconf 82' lang='grc' dir='ltr'><strong>μακαρίῳ</strong></span> <span class='ocrx_word' id='word_1_36' title='bbox 354 272 436 297; x_wconf 75' lang='grc' dir='ltr'>Δαυῖδ</span> <span class='ocrx_word' id='word_1_37' title='bbox 447 279 454 286; x_wconf 83' lang='lat'><strong><em>°</em></strong></span> <span class='ocrx_word' id='word_1_38' title='bbox 471 271 508 303; x_wconf 86' lang='grc' dir='ltr'>ὡς</span> <span class='ocrx_word' id='word_1_39' title='bbox 523 273 586 298; x_wconf 83' lang='grc' dir='ltr'>ὅταν</span> <span class='ocrx_word' id='word_1_40' title='bbox 601 273 667 309; x_wconf 84' lang='grc' dir='ltr'>λέγῃ</span> <span class='ocrx_word' id='word_1_41' title='bbox 679 283 685 289; x_wconf 91' lang='grc'><strong>-</strong></span> <span class='ocrx_word' id='word_1_42' title='bbox 706 285 714 300; x_wconf 80' lang='grc' dir='ltr'><strong>ι</strong></span> <span class='ocrx_word' id='word_1_43' title='bbox 742 274 861 309; x_wconf 81' lang='grc' dir='ltr'><strong>Ἡμέρας</strong></span> <span class='ocrx_word' id='word_1_44' title='bbox 880 275 943 301; x_wconf 80' lang='grc' dir='ltr'>ὲκέ-</span> 
     </span>
    </p>
   </div>
   <div class='ocr_carea' id='block_1_8' title="bbox 146 315 943 355">
    <p class='ocr_par' dir='ltr' id='par_1_8' title="bbox 146 315 943 355">
     <span class='ocr_line' id='line_1_8' title="bbox 146 315 943 355; baseline 0.008 -15"><span class='ocrx_word' id='word_1_45' title='bbox 146 315 253 350; x_wconf 80' lang='grc' dir='ltr'>κραΞα,</span> <span class='ocrx_word' id='word_1_46' title='bbox 264 317 312 342; x_wconf 81' lang='grc' dir='ltr'>καὶ</span> <span class='ocrx_word' id='word_1_47' title='bbox 326 317 356 342; x_wconf 83' lang='grc' dir='ltr'>ὲν</span> <span class='ocrx_word' id='word_1_48' title='bbox 369 317 446 343; x_wconf 79' lang='grc' dir='ltr'>νυκτὶ</span> <span class='ocrx_word' id='word_1_49' title='bbox 461 318 584 344; x_wconf 82' lang='grc' dir='ltr'>ἐναντίον</span> <span class='ocrx_word' id='word_1_50' title='bbox 595 327 641 345; x_wconf 91' lang='grc' dir='ltr'><strong>σου</strong></span> <span class='ocrx_word' id='word_1_51' title='bbox 653 327 660 333; x_wconf 87' lang='grc'><strong>·</strong></span> <span class='ocrx_word' id='word_1_52' title='bbox 675 329 684 344; x_wconf 75' lang='grc' dir='ltr'><strong>ι</strong></span> <span class='ocrx_word' id='word_1_53' title='bbox 696 319 744 345; x_wconf 75' lang='grc' dir='ltr'>οὐκ</span> <span class='ocrx_word' id='word_1_54' title='bbox 754 321 781 347; x_wconf 77' lang='grc' dir='ltr'>ἐν</span> <span class='ocrx_word' id='word_1_55' title='bbox 795 320 885 355; x_wconf 76' lang='grc' dir='ltr'>ἡμέρα</span> <span class='ocrx_word' id='word_1_56' title='bbox 895 320 943 355; x_wconf 81' lang='grc' dir='ltr'>μὲν</span> 
     </span>
    </p>
   </div>
   <div class='ocr_carea' id='block_1_9' title="bbox 146 359 942 399">
    <p class='ocr_par' dir='ltr' id='par_1_9' title="bbox 146 359 942 399">
     <span class='ocr_line' id='line_1_9' title="bbox 146 359 942 399; baseline 0.008 -13"><span class='ocrx_word' id='word_1_57' title='bbox 146 359 214 395; x_wconf 75' lang='grc' dir='ltr'>βοᾷν</span> <span class='ocrx_word' id='word_1_58' title='bbox 234 361 335 395; x_wconf 87' lang='grc' dir='ltr'>λέγων,</span> <span class='ocrx_word' id='word_1_59' title='bbox 364 363 393 388; x_wconf 69' lang='grc' dir='ltr'><strong>ὲ.</strong></span> <span class='ocrx_word' id='word_1_60' title='bbox 416 364 494 389; x_wconf 78' lang='grc' dir='ltr'>νυκτὶ</span> <span class='ocrx_word' id='word_1_61' title='bbox 515 364 543 389; x_wconf 75' lang='grc' dir='ltr'>δὲ</span> <span class='ocrx_word' id='word_1_62' title='bbox 569 364 690 390; x_wconf 74' lang='grc' dir='ltr'>ἐναντίον</span> <span class='ocrx_word' id='word_1_63' title='bbox 710 365 875 399; x_wconf 78' lang='grc' dir='ltr'>φθέγγεσθαι</span> <span class='ocrx_word' id='word_1_64' title='bbox 895 365 942 392; x_wconf 85' lang='grc' dir='ltr'>τοῦ</span> 
     </span>
    </p>
   </div>
   <div class='ocr_carea' id='block_1_10' title="bbox 145 405 941 445">
    <p class='ocr_par' dir='ltr' id='par_1_10' title="bbox 145 405 941 445">
     <span class='ocr_line' id='line_1_10' title="bbox 145 405 941 445; baseline 0.006 -13"><span class='ocrx_word' id='word_1_65' title='bbox 145 405 216 432; x_wconf 76' lang='grc' dir='ltr'>Θεοῦ</span> <span class='ocrx_word' id='word_1_66' title='bbox 228 415 237 421; x_wconf 87' lang='grc'><strong>·</strong></span> <span class='ocrx_word' id='word_1_67' title='bbox 257 407 317 434; x_wconf 83' lang='grc' dir='ltr'>ἀλλ’</span> <span class='ocrx_word' id='word_1_68' title='bbox 335 408 469 444; x_wconf 42' lang='grc' dir='ltr'>ἵναεεῖπῃ,</span> <span class='ocrx_word' id='word_1_69' title='bbox 483 409 524 435; x_wconf 85' lang='grc' dir='ltr'>ὅτι</span> <span class='ocrx_word' id='word_1_70' title='bbox 552 410 672 445; x_wconf 79' lang='grc' dir='ltr'><strong>Ἡμέρας</strong></span> <span class='ocrx_word' id='word_1_71' title='bbox 694 410 741 437; x_wconf 82' lang='grc' dir='ltr'>καὶ</span> <span class='ocrx_word' id='word_1_72' title='bbox 764 411 860 442; x_wconf 83' lang='grc' dir='ltr'>νυκτὸς</span> <span class='ocrx_word' id='word_1_73' title='bbox 880 411 941 437; x_wconf 81' lang='grc' dir='ltr'>ἐκέ-</span> 
     </span>
    </p>
   </div>
   <div class='ocr_carea' id='block_1_11' title="bbox 145 451 942 491">
    <p class='ocr_par' dir='ltr' id='par_1_11' title="bbox 145 451 942 491">
     <span class='ocr_line' id='line_1_11' title="bbox 145 451 942 491; baseline 0.006 -14"><span class='ocrx_word' id='word_1_74' title='bbox 145 451 240 485; x_wconf 81' lang='grc' dir='ltr'>κραξα</span> <span class='ocrx_word' id='word_1_75' title='bbox 255 452 379 479; x_wconf 81' lang='grc' dir='ltr'>ἐναντίον</span> <span class='ocrx_word' id='word_1_76' title='bbox 394 462 440 480; x_wconf 84' lang='grc' dir='ltr'><strong>σου</strong></span> <span class='ocrx_word' id='word_1_77' title='bbox 452 463 459 469; x_wconf 75' lang='grc' dir='ltr'><strong>ο</strong></span> <span class='ocrx_word' id='word_1_78' title='bbox 477 454 548 480; x_wconf 81' lang='grc' dir='ltr'>κατὰ</span> <span class='ocrx_word' id='word_1_79' title='bbox 573 455 702 491; x_wconf 74' lang='grc' dir='ltr'><strong>διαίρεσιν</strong></span> <span class='ocrx_word' id='word_1_80' title='bbox 727 455 815 482; x_wconf 85' lang='grc' dir='ltr'>τοίνυν</span> <span class='ocrx_word' id='word_1_81' title='bbox 837 453 898 482; x_wconf 84' lang='grc' dir='ltr'>εἷπε</span> <span class='ocrx_word' id='word_1_82' title='bbox 911 456 942 482; x_wconf 81' lang='grc' dir='ltr'>τὸ</span> 
     </span>
    </p>
   </div>
   <div class='ocr_carea' id='block_1_12' title="bbox 147 497 939 536">
    <p class='ocr_par' dir='ltr' id='par_1_12' title="bbox 147 497 939 536">
     <span class='ocr_line' id='line_1_12' title="bbox 147 497 939 536; baseline 0.008 -15"><span class='ocrx_word' id='word_1_83' title='bbox 147 497 240 522; x_wconf 76' lang='grc' dir='ltr'>κοινόν</span> <span class='ocrx_word' id='word_1_84' title='bbox 251 505 260 514; x_wconf 83' lang='grc'><em>’</em></span> <span class='ocrx_word' id='word_1_85' title='bbox 277 497 349 524; x_wconf 72' lang='grc' dir='ltr'>οὕτω</span> <span class='ocrx_word' id='word_1_86' title='bbox 365 499 502 526; x_wconf 75' lang='grc' dir='ltr'>κάνταῦθα</span> <span class='ocrx_word' id='word_1_87' title='bbox 513 499 588 533; x_wconf 73' lang='grc' dir='ltr'>λέγει</span> <span class='ocrx_word' id='word_1_88' title='bbox 599 500 657 530; x_wconf 76' lang='grc' dir='ltr'>τὸ.ι</span> <span class='ocrx_word' id='word_1_89' title='bbox 677 499 786 535; x_wconf 81' lang='grc' dir='ltr'>Ἐξέστη</span> <span class='ocrx_word' id='word_1_90' title='bbox 802 500 939 536; x_wconf 81' lang='grc' dir='ltr'>Βενιαμὶν,</span> 
     </span>
    </p>
   </div>
   <div class='ocr_carea' id='block_1_13' title="bbox 154 541 940 582">
    <p class='ocr_par' dir='ltr' id='par_1_13' title="bbox 154 541 940 582">
     <span class='ocr_line' id='line_1_13' title="bbox 154 541 940 582; baseline 0.009 -15"><span class='ocrx_word' id='word_1_91' title='bbox 154 541 284 577; x_wconf 80' lang='grc' dir='ltr'>Ἐφραῖμ</span> <span class='ocrx_word' id='word_1_92' title='bbox 294 544 335 575; x_wconf 84' lang='grc' dir='ltr'><strong>εἰς</strong></span> <span class='ocrx_word' id='word_1_93' title='bbox 348 545 502 580; x_wconf 82' lang='grc' dir='ltr'>ἀφανισμὸν</span> <span class='ocrx_word' id='word_1_94' title='bbox 517 546 635 580; x_wconf 72' lang='grc' dir='ltr'>ἐγένετο·</span> <span class='ocrx_word' id='word_1_95' title='bbox 656 556 666 572; x_wconf 72' lang='grc' dir='ltr'><strong>ι</strong></span> <span class='ocrx_word' id='word_1_96' title='bbox 681 547 723 573; x_wconf 87' lang='grc' dir='ltr'><strong>ἴνα</strong></span> <span class='ocrx_word' id='word_1_97' title='bbox 739 547 803 582; x_wconf 81' lang='grc' dir='ltr'>εἴπῃ</span> <span class='ocrx_word' id='word_1_98' title='bbox 815 548 855 574; x_wconf 81' lang='grc' dir='ltr'><strong>ὅτι</strong></span> <span class='ocrx_word' id='word_1_99' title='bbox 870 549 940 575; x_wconf 87' lang='grc' dir='ltr'><strong>κατά</strong></span> 
     </span>
    </p>
   </div>
   <div class='ocr_carea' id='block_1_14' title="bbox 145 587 937 628">
    <p class='ocr_par' dir='ltr' id='par_1_14' title="bbox 145 587 937 628">
     <span class='ocr_line' id='line_1_14' title="bbox 145 587 937 628; baseline 0.01 -15"><span class='ocrx_word' id='word_1_100' title='bbox 145 587 240 614; x_wconf 82' lang='grc' dir='ltr'>κοινοῦ</span> <span class='ocrx_word' id='word_1_101' title='bbox 255 588 405 624; x_wconf 74' lang='grc' dir='ltr'>ἐξέστησαν</span> <span class='ocrx_word' id='word_1_102' title='bbox 426 599 456 617; x_wconf 88' lang='grc' dir='ltr'><strong>τε</strong></span> <span class='ocrx_word' id='word_1_103' title='bbox 484 591 531 617; x_wconf 79' lang='grc' dir='ltr'>καὶ</span> <span class='ocrx_word' id='word_1_104' title='bbox 549 593 589 623; x_wconf 80' lang='grc' dir='ltr'>εις</span> <span class='ocrx_word' id='word_1_105' title='bbox 610 593 762 628; x_wconf 78' lang='grc' dir='ltr'>ἀφανισμὸν</span> <span class='ocrx_word' id='word_1_106' title='bbox 785 594 937 627; x_wconf 85' lang='grc' dir='ltr'>γεγόνασιν.</span> 
     </span>
    </p>
   </div>
   <div class='ocr_carea' id='block_1_15' title="bbox 148 634 937 674">
    <p class='ocr_par' dir='ltr' id='par_1_15' title="bbox 148 634 937 674">
     <span class='ocr_line' id='line_1_15' title="bbox 148 634 937 674; baseline 0.009 -16"><span class='ocrx_word' id='word_1_107' title='bbox 148 641 158 658; x_wconf 74' lang='grc' dir='ltr'><strong>ι</strong></span> <span class='ocrx_word' id='word_1_108' title='bbox 183 634 231 659; x_wconf 84' lang='grc' dir='ltr'>Ἐν</span> <span class='ocrx_word' id='word_1_109' title='bbox 253 635 315 666; x_wconf 79' lang='grc' dir='ltr'>ταῖς</span> <span class='ocrx_word' id='word_1_110' title='bbox 337 635 432 669; x_wconf 78' lang='grc' dir='ltr'><strong>φυλαῖς</strong></span> <span class='ocrx_word' id='word_1_111' title='bbox 458 636 566 672; x_wconf 78' lang='grc' dir='ltr'>Ἰσραὴλ</span> <span class='ocrx_word' id='word_1_112' title='bbox 587 637 676 670; x_wconf 76' lang='grc' dir='ltr'>ἔδειξα</span> <span class='ocrx_word' id='word_1_113' title='bbox 700 639 794 665; x_wconf 84' lang='grc' dir='ltr'>πιστά.</span> <span class='ocrx_word' id='word_1_114' title='bbox 812 648 822 664; x_wconf 78' lang='grc' dir='ltr'><strong>ι</strong></span> <span class='ocrx_word' id='word_1_115' title='bbox 841 639 878 674; x_wconf 86' lang='lat' dir='ltr'><strong>(p.</strong></span> <span class='ocrx_word' id='word_1_116' title='bbox 892 639 937 672; x_wconf 73' lang='grc'><strong>41)</strong></span> 
     </span>
    </p>
   </div>
   <div class='ocr_carea' id='block_1_16' title="bbox 145 679 937 717">
    <p class='ocr_par' dir='ltr' id='par_1_16' title="bbox 145 679 937 717">
     <span class='ocr_line' id='line_1_16' title="bbox 145 679 937 717; baseline 0.008 -12"><span class='ocrx_word' id='word_1_117' title='bbox 145 679 244 706; x_wconf 72' lang='grc' dir='ltr'>Ταῦτα</span> <span class='ocrx_word' id='word_1_118' title='bbox 259 680 290 706; x_wconf 77' lang='grc' dir='ltr'>δὲ</span> <span class='ocrx_word' id='word_1_119' title='bbox 302 681 413 715; x_wconf 78' lang='grc' dir='ltr'>ὲπόιγων</span> <span class='ocrx_word' id='word_1_120' title='bbox 437 682 537 714; x_wconf 72' lang='grc' dir='ltr'>αὐτοῖς,</span> <span class='ocrx_word' id='word_1_121' title='bbox 561 683 663 717; x_wconf 81' lang='grc' dir='ltr'><strong>ἐλέγξω</strong></span> <span class='ocrx_word' id='word_1_122' title='bbox 674 683 728 711; x_wconf 86' lang='grc' dir='ltr'>τῶν</span> <span class='ocrx_word' id='word_1_123' title='bbox 749 684 868 711; x_wconf 84' lang='grc' dir='ltr'><strong>ἀπειλῶν</strong></span> <span class='ocrx_word' id='word_1_124' title='bbox 883 684 937 710; x_wconf 81' lang='grc' dir='ltr'>τῶν</span> 
     </span>
    </p>
   </div>
   <div class='ocr_carea' id='block_1_17' title="bbox 995 231 1779 267">
    <p class='ocr_par' dir='ltr' id='par_1_17' title="bbox 995 231 1779 267">
     <span class='ocr_line' id='line_1_17' title="bbox 995 231 1779 267; baseline 0 -9"><span class='ocrx_word' id='word_1_125' title='bbox 995 231 1115 258; x_wconf 90' lang='lat' dir='ltr'><strong>Interdiu</strong></span> <span class='ocrx_word' id='word_1_126' title='bbox 1133 237 1270 265; x_wconf 86' lang='lat' dir='ltr'><strong>noctuque</strong></span> <span class='ocrx_word' id='word_1_127' title='bbox 1279 231 1394 258; x_wconf 83' lang='lat' dir='ltr'><strong>clamavi</strong></span> <span class='ocrx_word' id='word_1_128' title='bbox 1407 239 1498 259; x_wconf 86' lang='lat' dir='ltr'><strong>coram</strong></span> <span class='ocrx_word' id='word_1_129' title='bbox 1511 236 1547 259; x_wconf 87' lang='lat' dir='ltr'><strong>te.</strong></span> <span class='ocrx_word' id='word_1_130' title='bbox 1566 231 1636 266; x_wconf 77' lang='lat' dir='ltr'><strong>Ergo</strong></span> <span class='ocrx_word' id='word_1_131' title='bbox 1652 239 1697 265; x_wconf 86' lang='lat' dir='ltr'><strong>per</strong></span> <span class='ocrx_word' id='word_1_132' title='bbox 1710 231 1779 267; x_wconf 71' lang='lat' dir='ltr'><strong>ﬁgu-</strong></span> 
     </span>
    </p>
   </div>
   <div class='ocr_carea' id='block_1_18' title="bbox 995 275 1780 304">
    <p class='ocr_par' dir='ltr' id='par_1_18' title="bbox 995 275 1780 304">
     <span class='ocr_line' id='line_1_18' title="bbox 995 275 1780 304; baseline 0.001 -2"><span class='ocrx_word' id='word_1_133' title='bbox 995 283 1052 302; x_wconf 85' lang='lat' dir='ltr'><strong>ram</strong></span> <span class='ocrx_word' id='word_1_134' title='bbox 1066 276 1212 303; x_wconf 63' lang='lat' dir='ltr'><strong>dimreseos</strong></span> <span class='ocrx_word' id='word_1_135' title='bbox 1228 283 1282 304; x_wconf 88' lang='lat' dir='ltr'><strong>rem</strong></span> <span class='ocrx_word' id='word_1_136' title='bbox 1295 283 1469 304; x_wconf 89' lang='lat' dir='ltr'><strong>communem</strong></span> <span class='ocrx_word' id='word_1_137' title='bbox 1479 276 1559 303; x_wconf 78' lang='lat' dir='ltr'><strong>dixit.</strong></span> <span class='ocrx_word' id='word_1_138' title='bbox 1575 276 1621 303; x_wconf 84' lang='lat' dir='ltr'><strong>Sic</strong></span> <span class='ocrx_word' id='word_1_139' title='bbox 1633 275 1714 303; x_wconf 88' lang='lat' dir='ltr'><strong>etiam</strong></span> <span class='ocrx_word' id='word_1_140' title='bbox 1727 276 1780 303; x_wconf 91' lang='lat' dir='ltr'><strong>hoc</strong></span> 
     </span>
    </p>
   </div>
   <div class='ocr_carea' id='block_1_19' title="bbox 994 321 1780 357">
    <p class='ocr_par' dir='ltr' id='par_1_19' title="bbox 994 321 1780 357">
     <span class='ocr_line' id='line_1_19' title="bbox 994 321 1780 357; baseline 0.003 -10"><span class='ocrx_word' id='word_1_141' title='bbox 994 321 1054 348; x_wconf 89' lang='lat' dir='ltr'><strong>loco</strong></span> <span class='ocrx_word' id='word_1_142' title='bbox 1067 322 1118 349; x_wconf 90' lang='lat' dir='ltr'><strong>ait:</strong></span> <span class='ocrx_word' id='word_1_143' title='bbox 1144 331 1152 346; x_wconf 84' lang='grc' dir='ltr'><strong>ι</strong></span> <span class='ocrx_word' id='word_1_144' title='bbox 1165 321 1310 356; x_wconf 75' lang='lat' dir='ltr'><strong>Obstupuit</strong></span> <span class='ocrx_word' id='word_1_145' title='bbox 1330 321 1485 356; x_wconf 87' lang='lat' dir='ltr'><strong>Benjamin.</strong></span> <span class='ocrx_word' id='word_1_146' title='bbox 1512 321 1639 357; x_wconf 84' lang='lat' dir='ltr'><strong>Ephraim</strong></span> <span class='ocrx_word' id='word_1_147' title='bbox 1658 321 1685 348; x_wconf 93' lang='lat' dir='ltr'><strong>in</strong></span> <span class='ocrx_word' id='word_1_148' title='bbox 1700 321 1780 349; x_wconf 89' lang='lat' dir='ltr'><strong>deso-</strong></span> 
     </span>
    </p>
   </div>
   <div class='ocr_carea' id='block_1_20' title="bbox 994 367 1778 401">
    <p class='ocr_par' dir='ltr' id='par_1_20' title="bbox 994 367 1778 401">
     <span class='ocr_line' id='line_1_20' title="bbox 994 367 1778 401; baseline 0 -7"><span class='ocrx_word' id='word_1_149' title='bbox 994 367 1094 394; x_wconf 88' lang='lat' dir='ltr'><strong>latione</strong></span> <span class='ocrx_word' id='word_1_150' title='bbox 1121 367 1185 401; x_wconf 73' lang='lat' dir='ltr'><strong>l‘nit;</strong></span> <span class='ocrx_word' id='word_1_151' title='bbox 1208 378 1217 392; x_wconf 73' lang='grc' dir='ltr'><strong>ι</strong></span> <span class='ocrx_word' id='word_1_152' title='bbox 1239 371 1268 393; x_wconf 86' lang='grc' dir='ltr'><strong>ιιι</strong></span> <span class='ocrx_word' id='word_1_153' title='bbox 1284 367 1422 394; x_wconf 84' lang='lat' dir='ltr'><strong>communi</strong></span> <span class='ocrx_word' id='word_1_154' title='bbox 1439 368 1492 401; x_wconf 80' lang='lat'><strong>27</strong></span> <span class='ocrx_word' id='word_1_155' title='bbox 1506 368 1637 394; x_wconf 79' lang='lat' dir='ltr'><strong>ambobus</strong></span> <span class='ocrx_word' id='word_1_156' title='bbox 1659 367 1778 394; x_wconf 81' lang='lat' dir='ltr'><strong>dictione</strong></span> 
     </span>
    </p>
   </div>
   <div class='ocr_carea' id='block_1_21' title="bbox 993 412 1776 449">
    <p class='ocr_par' dir='ltr' id='par_1_21' title="bbox 993 412 1776 449">
     <span class='ocr_line' id='line_1_21' title="bbox 993 412 1776 449; baseline 0 -9"><span class='ocrx_word' id='word_1_157' title='bbox 993 413 1291 449; x_wconf 71' lang='lat' dir='ltr'><strong>dicat,0bstupnerunt</strong></span> <span class='ocrx_word' id='word_1_158' title='bbox 1307 417 1333 439; x_wconf 91' lang='lat' dir='ltr'><strong>et</strong></span> <span class='ocrx_word' id='word_1_159' title='bbox 1347 412 1461 440; x_wconf 87' lang='lat' dir='ltr'><strong>desolati</strong></span> <span class='ocrx_word' id='word_1_160' title='bbox 1481 417 1553 440; x_wconf 86' lang='lat' dir='ltr'><strong>sunt.</strong></span> <span class='ocrx_word' id='word_1_161' title='bbox 1582 422 1591 437; x_wconf 83' lang='lat'><strong>(</strong></span> <span class='ocrx_word' id='word_1_162' title='bbox 1606 413 1634 440; x_wconf 95' lang='lat' dir='ltr'><strong>In</strong></span> <span class='ocrx_word' id='word_1_163' title='bbox 1651 413 1776 440; x_wconf 86' lang='lat' dir='ltr'><strong>tribubus</strong></span> 
     </span>
    </p>
   </div>
   <div class='ocr_carea' id='block_1_22' title="bbox 994 458 1777 493">
    <p class='ocr_par' dir='ltr' id='par_1_22' title="bbox 994 458 1777 493">
     <span class='ocr_line' id='line_1_22' title="bbox 994 458 1777 493; baseline 0 -8"><span class='ocrx_word' id='word_1_164' title='bbox 994 458 1102 486; x_wconf 88' lang='lat' dir='ltr'><strong>Israelis</strong></span> <span class='ocrx_word' id='word_1_165' title='bbox 1119 459 1226 486; x_wconf 84' lang='lat' dir='ltr'><strong>ostendi</strong></span> <span class='ocrx_word' id='word_1_166' title='bbox 1242 459 1341 486; x_wconf 86' lang='lat' dir='ltr'><strong>ﬁdelia.</strong></span> <span class='ocrx_word' id='word_1_167' title='bbox 1353 469 1363 484; x_wconf 74' lang='grc' dir='ltr'><strong>ι</strong></span> <span class='ocrx_word' id='word_1_168' title='bbox 1383 458 1445 485; x_wconf 73' lang='lat' dir='ltr'><strong>llaec</strong></span> <span class='ocrx_word' id='word_1_169' title='bbox 1462 459 1591 486; x_wconf 87' lang='lat' dir='ltr'><strong>nimirum</strong></span> <span class='ocrx_word' id='word_1_170' title='bbox 1608 459 1661 486; x_wconf 84' lang='lat' dir='ltr'><strong>illis</strong></span> <span class='ocrx_word' id='word_1_171' title='bbox 1679 458 1777 493; x_wconf 90' lang='lat' dir='ltr'><strong>impin-</strong></span> 
     </span>
    </p>
   </div>
   <div class='ocr_carea' id='block_1_23' title="bbox 993 504 1777 538">
    <p class='ocr_par' dir='ltr' id='par_1_23' title="bbox 993 504 1777 538">
     <span class='ocr_line' id='line_1_23' title="bbox 993 504 1777 538; baseline 0 -8"><span class='ocrx_word' id='word_1_172' title='bbox 993 511 1070 538; x_wconf 80' lang='lat' dir='ltr'><strong>gens,</strong></span> <span class='ocrx_word' id='word_1_173' title='bbox 1098 504 1232 531; x_wconf 88' lang='lat' dir='ltr'><strong>minarum</strong></span> <span class='ocrx_word' id='word_1_174' title='bbox 1256 512 1378 532; x_wconf 90' lang='lat' dir='ltr'><strong>mearum</strong></span> <span class='ocrx_word' id='word_1_175' title='bbox 1403 504 1543 531; x_wconf 84' lang='lat' dir='ltr'><strong>veritatem</strong></span> <span class='ocrx_word' id='word_1_176' title='bbox 1569 504 1777 538; x_wconf 83' lang='lat' dir='ltr'><strong>ﬁrmitatemque</strong></span> 
     </span>
    </p>
   </div>
   <div class='ocr_carea' id='block_1_24' title="bbox 993 548 1777 584">
    <p class='ocr_par' dir='ltr' id='par_1_24' title="bbox 993 548 1777 584">
     <span class='ocr_line' id='line_1_24' title="bbox 993 548 1777 584; baseline 0 -9"><span class='ocrx_word' id='word_1_177' title='bbox 993 549 1186 584; x_wconf 82' lang='lat' dir='ltr'><strong>comprobabo,</strong></span> <span class='ocrx_word' id='word_1_178' title='bbox 1206 550 1305 584; x_wconf 89' lang='lat' dir='ltr'><strong>quibus</strong></span> <span class='ocrx_word' id='word_1_179' title='bbox 1325 557 1340 576; x_wconf 88' lang='lat' dir='ltr'><strong>a</strong></span> <span class='ocrx_word' id='word_1_180' title='bbox 1356 550 1550 584; x_wconf 85' lang='lat' dir='ltr'><strong>prophetarum</strong></span> <span class='ocrx_word' id='word_1_181' title='bbox 1566 549 1706 576; x_wconf 81' lang='lat' dir='ltr'><strong>intentatis</strong></span> <span class='ocrx_word' id='word_1_182' title='bbox 1730 548 1777 577; x_wconf 84' lang='lat' dir='ltr'><strong>isti</strong></span> 
     </span>
    </p>
   </div>
   <div class='ocr_carea' id='block_1_25' title="bbox 991 594 1776 628">
    <p class='ocr_par' dir='ltr' id='par_1_25' title="bbox 991 594 1776 628">
     <span class='ocr_line' id='line_1_25' title="bbox 991 594 1776 628; baseline -0.001 -7"><span class='ocrx_word' id='word_1_183' title='bbox 991 602 1046 621; x_wconf 86' lang='lat' dir='ltr'><strong>non</strong></span> <span class='ocrx_word' id='word_1_184' title='bbox 1079 595 1278 622; x_wconf 87' lang='lat' dir='ltr'><strong>crediderunt:</strong></span> <span class='ocrx_word' id='word_1_185' title='bbox 1315 594 1434 622; x_wconf 84' lang='lat' dir='ltr'><strong>sentient</strong></span> <span class='ocrx_word' id='word_1_186' title='bbox 1470 599 1559 621; x_wconf 87' lang='lat' dir='ltr'><strong>autem</strong></span> <span class='ocrx_word' id='word_1_187' title='bbox 1590 594 1776 628; x_wconf 76' lang='lat' dir='ltr'><strong>experimento</strong></span> 
     </span>
    </p>
   </div>
   <div class='ocr_carea' id='block_1_26' title="bbox 990 639 1775 674">
    <p class='ocr_par' dir='ltr' id='par_1_26' title="bbox 990 639 1775 674">
     <span class='ocr_line' id='line_1_26' title="bbox 990 639 1775 674; baseline -0.003 -7"><span class='ocrx_word' id='word_1_188' title='bbox 990 640 1078 668; x_wconf 85' lang='lat' dir='ltr'><strong>edocti</strong></span> <span class='ocrx_word' id='word_1_189' title='bbox 1105 641 1196 668; x_wconf 84' lang='lat' dir='ltr'><strong>ﬁdelia</strong></span> <span class='ocrx_word' id='word_1_190' title='bbox 1219 641 1312 668; x_wconf 80' lang='lat' dir='ltr'><strong>omnia</strong></span> <span class='ocrx_word' id='word_1_191' title='bbox 1335 648 1367 668; x_wconf 87' lang='lat' dir='ltr'><strong>ac</strong></span> <span class='ocrx_word' id='word_1_192' title='bbox 1389 640 1498 668; x_wconf 80' lang='lat' dir='ltr'><strong>veracia</strong></span> <span class='ocrx_word' id='word_1_193' title='bbox 1521 640 1608 667; x_wconf 79' lang='lat' dir='ltr'><strong>fuisse</strong></span> <span class='ocrx_word' id='word_1_194' title='bbox 1624 647 1684 674; x_wconf 69' lang='lat' dir='ltr'><strong>qua:</strong></span> <span class='ocrx_word' id='word_1_195' title='bbox 1702 639 1775 666; x_wconf 85' lang='lat' dir='ltr'><strong>dicta</strong></span> 
     </span>
    </p>
   </div>
   <div class='ocr_carea' id='block_1_27' title="bbox 987 685 1106 713">
    <p class='ocr_par' dir='ltr' id='par_1_27' title="bbox 987 685 1106 713">
     <span class='ocr_line' id='line_1_27' title="bbox 987 685 1106 713; baseline 0 -1"><span class='ocrx_word' id='word_1_196' title='bbox 987 685 1106 713; x_wconf 82' lang='lat' dir='ltr'><strong>fuerant.</strong></span> 
     </span>
    </p>
   </div>
   <div class='ocr_carea' id='block_1_28' title="bbox 147 725 1777 769">
    <p class='ocr_par' dir='ltr' id='par_1_28' title="bbox 147 725 1777 769">
     <span class='ocr_line' id='line_1_28' title="bbox 147 725 1777 769; baseline 0.005 -19"><span class='ocrx_word' id='word_1_197' title='bbox 147 725 224 759; x_wconf 73' lang='grc' dir='ltr'>ἐμῶν</span> <span class='ocrx_word' id='word_1_198' title='bbox 238 726 271 752; x_wconf 77' lang='grc' dir='ltr'>τὸ</span> <span class='ocrx_word' id='word_1_199' title='bbox 284 726 383 762; x_wconf 79' lang='grc' dir='ltr'>ἀληθὲς</span> <span class='ocrx_word' id='word_1_200' title='bbox 397 729 444 754; x_wconf 83' lang='grc' dir='ltr'>καὶ</span> <span class='ocrx_word' id='word_1_201' title='bbox 458 728 575 762; x_wconf 79' lang='grc' dir='ltr'>βέϐαιον,</span> <span class='ocrx_word' id='word_1_202' title='bbox 598 728 641 762; x_wconf 78' lang='grc' dir='ltr'>αἶς</span> <span class='ocrx_word' id='word_1_203' title='bbox 660 730 704 757; x_wconf 83' lang='grc' dir='ltr'><strong>διὰ</strong></span> <span class='ocrx_word' id='word_1_204' title='bbox 723 731 777 758; x_wconf 87' lang='grc' dir='ltr'>τῶν</span> <span class='ocrx_word' id='word_1_205' title='bbox 802 732 948 767; x_wconf 79' lang='grc' dir='ltr'>προφητῶν</span> <span class='ocrx_word' id='word_1_206' title='bbox 962 734 1118 768; x_wconf 80' lang='grc' dir='ltr'>γινομέναις</span> <span class='ocrx_word' id='word_1_207' title='bbox 1143 734 1290 769; x_wconf 65' lang='grc' dir='ltr'>ἠπίστουνν</span> <span class='ocrx_word' id='word_1_208' title='bbox 1307 733 1480 768; x_wconf 79' lang='grc' dir='ltr'>αἰσθήσονται</span> <span class='ocrx_word' id='word_1_209' title='bbox 1511 732 1539 759; x_wconf 86' lang='grc' dir='ltr'>δὲ</span> <span class='ocrx_word' id='word_1_210' title='bbox 1554 733 1586 760; x_wconf 83' lang='grc' dir='ltr'>ὲκ</span> <span class='ocrx_word' id='word_1_211' title='bbox 1608 731 1658 766; x_wconf 79' lang='grc' dir='ltr'>τῆς</span> <span class='ocrx_word' id='word_1_212' title='bbox 1679 732 1777 767; x_wconf 74' lang='grc' dir='ltr'>πείρας</span> 
     </span>
    </p>
   </div>
   <div class='ocr_carea' id='block_1_29' title="bbox 147 770 863 812">
    <p class='ocr_par' dir='ltr' id='par_1_29' title="bbox 147 770 863 812">
     <span class='ocr_line' id='line_1_29' title="bbox 147 770 863 812; baseline 0.007 -14"><span class='ocrx_word' id='word_1_213' title='bbox 147 772 188 798; x_wconf 78' lang='grc' dir='ltr'>ὅτι</span> <span class='ocrx_word' id='word_1_214' title='bbox 205 771 301 799; x_wconf 80' lang='grc' dir='ltr'>πάντα</span> <span class='ocrx_word' id='word_1_215' title='bbox 314 770 347 808; x_wconf 85' lang='grc' dir='ltr'>ἧν</span> <span class='ocrx_word' id='word_1_216' title='bbox 362 773 446 800; x_wconf 82' lang='grc' dir='ltr'>πιστά</span> <span class='ocrx_word' id='word_1_217' title='bbox 458 783 486 800; x_wconf 89' lang='grc' dir='ltr'><strong>τε</strong></span> <span class='ocrx_word' id='word_1_218' title='bbox 499 775 546 801; x_wconf 79' lang='grc' dir='ltr'>καὶ</span> <span class='ocrx_word' id='word_1_219' title='bbox 559 775 659 811; x_wconf 72' lang='grc' dir='ltr'>ἀψευδῆ</span> <span class='ocrx_word' id='word_1_220' title='bbox 673 776 707 803; x_wconf 75' lang='grc' dir='ltr'><strong>τὰ</strong></span> <span class='ocrx_word' id='word_1_221' title='bbox 721 777 863 812; x_wconf 80' lang='grc' dir='ltr'>λεγόμενα.</span> 
     </span>
    </p>
   </div>
   <div class='ocr_carea' id='block_1_30' title="bbox 183 818 971 858">
    <p class='ocr_par' dir='ltr' id='par_1_30' title="bbox 183 818 971 858">
     <span class='ocr_line' id='line_1_30' title="bbox 183 818 971 858; baseline 0.009 -14"><span class='ocrx_word' id='word_1_222' title='bbox 183 819 261 854; x_wconf 83' lang='grc' dir='ltr'>Στίχ.</span> <span class='ocrx_word' id='word_1_223' title='bbox 282 818 360 854; x_wconf 84' lang='grc' dir='ltr'><strong>ι’-ιβ¹.</strong></span> <span class='ocrx_word' id='word_1_224' title='bbox 375 834 412 841; x_wconf 90' lang='grc'><strong><em>-</em></strong></span> <span class='ocrx_word' id='word_1_225' title='bbox 429 830 439 846; x_wconf 84' lang='lat' dir='ltr'><strong>t</strong></span> <span class='ocrx_word' id='word_1_226' title='bbox 463 821 599 855; x_wconf 87' lang='grc' dir='ltr'>Ἐγένοντο</span> <span class='ocrx_word' id='word_1_227' title='bbox 612 823 636 848; x_wconf 90' lang='grc' dir='ltr'><strong>οἰ</strong></span> <span class='ocrx_word' id='word_1_228' title='bbox 652 823 781 858; x_wconf 78' lang='grc' dir='ltr'>ἄρχοντες</span> <span class='ocrx_word' id='word_1_229' title='bbox 801 823 884 850; x_wconf 82' lang='grc' dir='ltr'>Ἰούδα</span> <span class='ocrx_word' id='word_1_230' title='bbox 897 824 935 855; x_wconf 84' lang='grc' dir='ltr'>ὡς</span> <span class='ocrx_word' id='word_1_231' title='bbox 951 828 971 856; x_wconf 85' lang='grc' dir='ltr'><strong>Β</strong></span> 
     </span>
    </p>
   </div>
   <div class='ocr_carea' id='block_1_31' title="bbox 149 865 939 904">
    <p class='ocr_par' dir='ltr' id='par_1_31' title="bbox 149 865 939 904">
     <span class='ocr_line' id='line_1_31' title="bbox 149 865 939 904; baseline 0.006 -13"><span class='ocrx_word' id='word_1_232' title='bbox 149 865 344 900; x_wconf 74' lang='grc' dir='ltr'>μετατιθέντες</span> <span class='ocrx_word' id='word_1_233' title='bbox 367 867 437 902; x_wconf 79' lang='grc' dir='ltr'>ὅρια.</span> <span class='ocrx_word' id='word_1_234' title='bbox 457 877 465 893; x_wconf 80' lang='grc' dir='ltr'><strong>ι</strong></span> <span class='ocrx_word' id='word_1_235' title='bbox 484 867 588 903; x_wconf 84' lang='grc' dir='ltr'>’Ὠσπερ</span> <span class='ocrx_word' id='word_1_236' title='bbox 604 868 658 904; x_wconf 80' lang='grc' dir='ltr'><strong>γὰρ</strong></span> <span class='ocrx_word' id='word_1_237' title='bbox 678 870 702 895; x_wconf 86' lang='grc' dir='ltr'>οἱ</span> <span class='ocrx_word' id='word_1_238' title='bbox 715 869 750 895; x_wconf 78' lang='grc' dir='ltr'><strong>τὰ</strong></span> <span class='ocrx_word' id='word_1_239' title='bbox 773 871 875 904; x_wconf 84' lang='grc' dir='ltr'>σημεῖα</span> <span class='ocrx_word' id='word_1_240' title='bbox 890 869 939 904; x_wconf 87' lang='grc' dir='ltr'>τῆς</span> 
     </span>
    </p>
   </div>
   <div class='ocr_carea' id='block_1_32' title="bbox 147 904 939 950">
    <p class='ocr_par' dir='ltr' id='par_1_32' title="bbox 147 904 939 950">
     <span class='ocr_line' id='line_1_32' title="bbox 147 904 939 950; baseline 0.005 -12"><span class='ocrx_word' id='word_1_241' title='bbox 147 904 202 938; x_wconf 64' lang='grc' dir='ltr'>τῶὺ</span> <span class='ocrx_word' id='word_1_242' title='bbox 215 913 316 948; x_wconf 85' lang='grc' dir='ltr'>χωρῶν</span> <span class='ocrx_word' id='word_1_243' title='bbox 331 913 488 949; x_wconf 79' lang='grc' dir='ltr'>διαιρέσεως</span> <span class='ocrx_word' id='word_1_244' title='bbox 503 915 682 950; x_wconf 77' lang='grc' dir='ltr'>ἀφαιροῦντες</span> <span class='ocrx_word' id='word_1_245' title='bbox 696 915 870 950; x_wconf 85' lang='grc' dir='ltr'>λυμαίνονται</span> <span class='ocrx_word' id='word_1_246' title='bbox 883 917 939 947; x_wconf 86' lang='grc' dir='ltr'>τοῖς</span> 
     </span>
    </p>
   </div>
   <div class='ocr_carea' id='block_1_33' title="bbox 146 958 939 997">
    <p class='ocr_par' dir='ltr' id='par_1_33' title="bbox 146 958 939 997">
     <span class='ocr_line' id='line_1_33' title="bbox 146 958 939 997; baseline 0.001 -10"><span class='ocrx_word' id='word_1_247' title='bbox 146 958 198 990; x_wconf 75' lang='grc' dir='ltr'>τῆς</span> <span class='ocrx_word' id='word_1_248' title='bbox 213 959 376 992; x_wconf 78' lang='grc' dir='ltr'>δεσποτείας</span> <span class='ocrx_word' id='word_1_249' title='bbox 392 960 515 992; x_wconf 81' lang='grc' dir='ltr'>δικαίοις,</span> <span class='ocrx_word' id='word_1_250' title='bbox 531 962 617 993; x_wconf 86' lang='grc' dir='ltr'>οὓτως</span> <span class='ocrx_word' id='word_1_251' title='bbox 631 962 720 997; x_wconf 82' lang='grc' dir='ltr'><strong>ὑμεῖς,</strong></span> <span class='ocrx_word' id='word_1_252' title='bbox 739 962 817 996; x_wconf 80' lang='grc' dir='ltr'>φησὶ,</span> <span class='ocrx_word' id='word_1_253' title='bbox 839 962 939 997; x_wconf 84' lang='grc' dir='ltr'>πολλῆς</span> 
     </span>
    </p>
   </div>
   <div class='ocr_carea' id='block_1_34' title="bbox 147 1004 937 1042">
    <p class='ocr_par' dir='ltr' id='par_1_34' title="bbox 147 1004 937 1042">
     <span class='ocr_line' id='line_1_34' title="bbox 147 1004 937 1042; baseline 0.006 -12"><span class='ocrx_word' id='word_1_254' title='bbox 147 1005 232 1040; x_wconf 72' lang='grc' dir='ltr'>οὔσης</span> <span class='ocrx_word' id='word_1_255' title='bbox 246 1004 407 1040; x_wconf 79' lang='grc' dir='ltr'>διαιρέσεως</span> <span class='ocrx_word' id='word_1_256' title='bbox 427 1006 527 1041; x_wconf 79' lang='grc' dir='ltr'>μεταξὺ</span> <span class='ocrx_word' id='word_1_257' title='bbox 545 1007 612 1042; x_wconf 82' lang='grc' dir='ltr'>ἐμοῦ</span> <span class='ocrx_word' id='word_1_258' title='bbox 631 1016 661 1033; x_wconf 87' lang='grc' dir='ltr'><strong>τε</strong></span> <span class='ocrx_word' id='word_1_259' title='bbox 677 1008 722 1034; x_wconf 72' lang='grc' dir='ltr'>καὶ</span> <span class='ocrx_word' id='word_1_260' title='bbox 736 1007 790 1034; x_wconf 84' lang='grc' dir='ltr'>τῶν</span> <span class='ocrx_word' id='word_1_261' title='bbox 811 1008 937 1040; x_wconf 80' lang='grc' dir='ltr'><strong>εἰδώλων,</strong></span> 
     </span>
    </p>
   </div>
   <div class='ocr_carea' id='block_1_35' title="bbox 148 1049 938 1088">
    <p class='ocr_par' dir='ltr' id='par_1_35' title="bbox 148 1049 938 1088">
     <span class='ocr_line' id='line_1_35' title="bbox 148 1049 938 1088; baseline 0.008 -14"><span class='ocrx_word' id='word_1_262' title='bbox 148 1049 187 1084; x_wconf 75' lang='grc' dir='ltr'>τῷ</span> <span class='ocrx_word' id='word_1_263' title='bbox 202 1051 357 1085; x_wconf 82' lang='grc' dir='ltr'>προσήκειν</span> <span class='ocrx_word' id='word_1_264' title='bbox 378 1051 426 1086; x_wconf 80' lang='grc' dir='ltr'>μὲν</span> <span class='ocrx_word' id='word_1_265' title='bbox 439 1051 501 1086; x_wconf 73' lang='grc' dir='ltr'>ἐμοὶ</span> <span class='ocrx_word' id='word_1_266' title='bbox 512 1051 561 1087; x_wconf 83' lang='grc' dir='ltr'>τὴν</span> <span class='ocrx_word' id='word_1_267' title='bbox 584 1052 652 1079; x_wconf 87' lang='grc' dir='ltr'><strong>Θεοῦ</strong></span> <span class='ocrx_word' id='word_1_268' title='bbox 668 1054 750 1088; x_wconf 84' lang='grc' dir='ltr'>τιμήν</span> <span class='ocrx_word' id='word_1_269' title='bbox 767 1061 795 1079; x_wconf 89' lang='grc' dir='ltr'><strong>τε</strong></span> <span class='ocrx_word' id='word_1_270' title='bbox 813 1054 860 1080; x_wconf 75' lang='grc' dir='ltr'>καὶ</span> <span class='ocrx_word' id='word_1_271' title='bbox 881 1054 938 1080; x_wconf 79' lang='grc' dir='ltr'>ὀνο-</span> 
     </span>
    </p>
   </div>
   <div class='ocr_carea' id='block_1_36' title="bbox 151 1096 938 1133">
    <p class='ocr_par' dir='ltr' id='par_1_36' title="bbox 151 1096 938 1133">
     <span class='ocr_line' id='line_1_36' title="bbox 151 1096 938 1133; baseline 0.006 -13"><span class='ocrx_word' id='word_1_272' title='bbox 151 1097 262 1129; x_wconf 80' lang='grc' dir='ltr'>μασίαν,</span> <span class='ocrx_word' id='word_1_273' title='bbox 282 1096 434 1128; x_wconf 74' lang='grc' dir='ltr'>ἐκείνοιςυδὲ</span> <span class='ocrx_word' id='word_1_274' title='bbox 447 1097 501 1123; x_wconf 70' lang='grc' dir='ltr'>οὐδ’</span> <span class='ocrx_word' id='word_1_275' title='bbox 513 1097 590 1128; x_wconf 79' lang='grc' dir='ltr'>ὅλως,</span> <span class='ocrx_word' id='word_1_276' title='bbox 601 1098 710 1133; x_wconf 73' lang='grc' dir='ltr'>ἀρραγῆ</span> <span class='ocrx_word' id='word_1_277' title='bbox 724 1098 815 1125; x_wconf 85' lang='grc' dir='ltr'>δίκαια</span> <span class='ocrx_word' id='word_1_278' title='bbox 831 1099 938 1131; x_wconf 81' lang='grc' dir='ltr'>πολλοῖς</span> 
     </span>
    </p>
   </div>
   <div class='ocr_carea' id='block_1_37' title="bbox 148 1140 935 1179">
    <p class='ocr_par' dir='ltr' id='par_1_37' title="bbox 148 1140 935 1179">
     <span class='ocr_line' id='line_1_37' title="bbox 148 1140 935 1179; baseline 0.005 -12"><span class='ocrx_word' id='word_1_279' title='bbox 148 1149 178 1168; x_wconf 87' lang='grc' dir='ltr'><strong>τε</strong></span> <span class='ocrx_word' id='word_1_280' title='bbox 198 1140 248 1168; x_wconf 80' lang='grc' dir='ltr'>καὶ</span> <span class='ocrx_word' id='word_1_281' title='bbox 262 1142 396 1174; x_wconf 82' lang='grc' dir='ltr'>ποικίλοις</span> <span class='ocrx_word' id='word_1_282' title='bbox 410 1142 560 1178; x_wconf 76' lang='grc' dir='ltr'>διῃρημένα</span> <span class='ocrx_word' id='word_1_283' title='bbox 578 1144 697 1179; x_wconf 77' lang='grc' dir='ltr'>τρόποις,</span> <span class='ocrx_word' id='word_1_284' title='bbox 713 1144 744 1170; x_wconf 85' lang='grc' dir='ltr'><strong>τό</strong></span> <span class='ocrx_word' id='word_1_285' title='bbox 766 1152 798 1178; x_wconf 90' lang='grc' dir='ltr'><strong>γε</strong></span> <span class='ocrx_word' id='word_1_286' title='bbox 815 1144 857 1179; x_wconf 80' lang='grc' dir='ltr'><strong>ἐφ’</strong></span> <span class='ocrx_word' id='word_1_287' title='bbox 872 1145 935 1179; x_wconf 84' lang='grc' dir='ltr'>ὑμῖν</span> 
     </span>
    </p>
   </div>
   <div class='ocr_carea' id='block_1_38' title="bbox 149 1186 938 1225">
    <p class='ocr_par' dir='ltr' id='par_1_38' title="bbox 149 1186 938 1225">
     <span class='ocr_line' id='line_1_38' title="bbox 149 1186 938 1225; baseline 0.006 -13"><span class='ocrx_word' id='word_1_288' title='bbox 149 1186 301 1219; x_wconf 81' lang='grc' dir='ltr'>διελύσατε,</span> <span class='ocrx_word' id='word_1_289' title='bbox 311 1187 361 1223; x_wconf 87' lang='grc' dir='ltr'>τὴν</span> <span class='ocrx_word' id='word_1_290' title='bbox 371 1188 431 1223; x_wconf 78' lang='grc' dir='ltr'>ἐμοὶ</span> <span class='ocrx_word' id='word_1_291' title='bbox 442 1187 596 1223; x_wconf 82' lang='grc' dir='ltr'>προσοῦσαν</span> <span class='ocrx_word' id='word_1_292' title='bbox 607 1189 754 1224; x_wconf 77' lang='grc' dir='ltr'>ὀνομασίαν</span> <span class='ocrx_word' id='word_1_293' title='bbox 761 1198 790 1216; x_wconf 88' lang='grc' dir='ltr'><strong>τε</strong></span> <span class='ocrx_word' id='word_1_294' title='bbox 798 1190 845 1216; x_wconf 78' lang='grc' dir='ltr'>καὶ</span> <span class='ocrx_word' id='word_1_295' title='bbox 856 1190 938 1225; x_wconf 88' lang='grc' dir='ltr'>τιμὴν</span> 
     </span>
    </p>
   </div>
   <div class='ocr_carea' id='block_1_39' title="bbox 149 1233 934 1271">
    <p class='ocr_par' dir='ltr' id='par_1_39' title="bbox 149 1233 934 1271">
     <span class='ocr_line' id='line_1_39' title="bbox 149 1233 934 1271; baseline 0.005 -13"><span class='ocrx_word' id='word_1_296' title='bbox 149 1233 334 1268; x_wconf 63' lang='grc' dir='ltr'>περιάψαντες</span> <span class='ocrx_word' id='word_1_297' title='bbox 347 1233 471 1265; x_wconf 79' lang='grc' dir='ltr'>ἐκείνοις.</span> <span class='ocrx_word' id='word_1_298' title='bbox 487 1244 497 1260; x_wconf 81' lang='lat' dir='ltr'><strong>t</strong></span> <span class='ocrx_word' id='word_1_299' title='bbox 524 1234 582 1260; x_wconf 84' lang='grc' dir='ltr'><strong>Ἐπ’</strong></span> <span class='ocrx_word' id='word_1_300' title='bbox 595 1235 692 1266; x_wconf 77' lang='grc' dir='ltr'>αὐτοὺς</span> <span class='ocrx_word' id='word_1_301' title='bbox 707 1235 796 1270; x_wconf 82' lang='grc' dir='ltr'>ἐκχεῶ</span> <span class='ocrx_word' id='word_1_302' title='bbox 809 1235 847 1267; x_wconf 83' lang='grc' dir='ltr'>ὡς</span> <span class='ocrx_word' id='word_1_303' title='bbox 863 1236 934 1271; x_wconf 75' lang='grc' dir='ltr'>ὕδωρ</span> 
     </span>
    </p>
   </div>
   <div class='ocr_carea' id='block_1_40' title="bbox 149 1277 936 1316">
    <p class='ocr_par' dir='ltr' id='par_1_40' title="bbox 149 1277 936 1316">
     <span class='ocr_line' id='line_1_40' title="bbox 149 1277 936 1316; baseline 0.003 -12"><span class='ocrx_word' id='word_1_304' title='bbox 149 1279 179 1304; x_wconf 84' lang='grc' dir='ltr'>τὸ</span> <span class='ocrx_word' id='word_1_305' title='bbox 192 1279 309 1314; x_wconf 82' lang='grc' dir='ltr'>ὄρμημά</span> <span class='ocrx_word' id='word_1_306' title='bbox 325 1288 387 1314; x_wconf 85' lang='grc' dir='ltr'>μου.</span> <span class='ocrx_word' id='word_1_307' title='bbox 407 1289 416 1305; x_wconf 75' lang='grc' dir='ltr'><strong>ι</strong></span> <span class='ocrx_word' id='word_1_308' title='bbox 433 1279 538 1314; x_wconf 75' lang='grc' dir='ltr'>Φοόερᾷ</span> <span class='ocrx_word' id='word_1_309' title='bbox 557 1280 583 1313; x_wconf 84' lang='grc' dir='ltr'>γ’</span> <span class='ocrx_word' id='word_1_310' title='bbox 602 1277 648 1306; x_wconf 85' lang='grc' dir='ltr'>οὖν</span> <span class='ocrx_word' id='word_1_311' title='bbox 669 1288 722 1306; x_wconf 91' lang='grc' dir='ltr'>τινι</span> <span class='ocrx_word' id='word_1_312' title='bbox 744 1281 881 1315; x_wconf 87' lang='grc' dir='ltr'>χρήσομαι</span> <span class='ocrx_word' id='word_1_313' title='bbox 903 1282 936 1316; x_wconf 84' lang='grc' dir='ltr'><strong>τῇ</strong></span> 
     </span>
    </p>
   </div>
   <div class='ocr_carea' id='block_1_41' title="bbox 149 1324 938 1361">
    <p class='ocr_par' dir='ltr' id='par_1_41' title="bbox 149 1324 938 1361">
     <span class='ocr_line' id='line_1_41' title="bbox 149 1324 938 1361; baseline 0.001 -11"><span class='ocrx_word' id='word_1_314' title='bbox 149 1325 209 1351; x_wconf 74' lang='grc' dir='ltr'>κατ’</span> <span class='ocrx_word' id='word_1_315' title='bbox 230 1324 322 1351; x_wconf 84' lang='grc' dir='ltr'>αὐτῶν</span> <span class='ocrx_word' id='word_1_316' title='bbox 340 1325 413 1360; x_wconf 83' lang='grc' dir='ltr'>ὁρμῇ</span> <span class='ocrx_word' id='word_1_317' title='bbox 427 1324 630 1360; x_wconf 80' lang='grc' dir='ltr'>τετολμηκότων</span> <span class='ocrx_word' id='word_1_318' title='bbox 649 1324 772 1357; x_wconf 80' lang='grc' dir='ltr'>τοιαῦτα,</span> <span class='ocrx_word' id='word_1_319' title='bbox 787 1325 864 1361; x_wconf 86' lang='grc' dir='ltr'>δίκην</span> <span class='ocrx_word' id='word_1_320' title='bbox 879 1324 938 1351; x_wconf 57' lang='lat' dir='ltr'><strong>65a-</strong></span> 
     </span>
    </p>
   </div>
   <div class='ocr_carea' id='block_1_42' title="bbox 148 1370 936 1406">
    <p class='ocr_par' dir='ltr' id='par_1_42' title="bbox 148 1370 936 1406">
     <span class='ocr_line' id='line_1_42' title="bbox 148 1370 936 1406; baseline 0 -9"><span class='ocrx_word' id='word_1_321' title='bbox 148 1379 194 1402; x_wconf 80' lang='grc' dir='ltr'><strong>τος</strong></span> <span class='ocrx_word' id='word_1_322' title='bbox 221 1370 374 1401; x_wconf 78' lang='grc' dir='ltr'>ἐπικλύσας</span> <span class='ocrx_word' id='word_1_323' title='bbox 401 1371 498 1402; x_wconf 77' lang='grc' dir='ltr'>αὐτοὺς</span> <span class='ocrx_word' id='word_1_324' title='bbox 524 1370 563 1405; x_wconf 86' lang='grc' dir='ltr'><strong>τῷ</strong></span> <span class='ocrx_word' id='word_1_325' title='bbox 586 1371 682 1406; x_wconf 83' lang='grc' dir='ltr'>πλήθει</span> <span class='ocrx_word' id='word_1_326' title='bbox 707 1371 760 1397; x_wconf 80' lang='grc' dir='ltr'>τῶν</span> <span class='ocrx_word' id='word_1_327' title='bbox 789 1371 936 1405; x_wconf 82' lang='grc' dir='ltr'>πολεμίων.</span> 
     </span>
    </p>
   </div>
   <div class='ocr_carea' id='block_1_43' title="bbox 152 1415 936 1451">
    <p class='ocr_par' dir='ltr' id='par_1_43' title="bbox 152 1415 936 1451">
     <span class='ocr_line' id='line_1_43' title="bbox 152 1415 936 1451; baseline 0.001 -10"><span class='ocrx_word' id='word_1_328' title='bbox 152 1424 161 1441; x_wconf 84' lang='grc'><strong>‹</strong></span> <span class='ocrx_word' id='word_1_329' title='bbox 190 1416 448 1442; x_wconf 79' lang='grc' dir='ltr'>Κατεδυνὰστευσεν</span> <span class='ocrx_word' id='word_1_330' title='bbox 476 1415 597 1451; x_wconf 81' lang='grc' dir='ltr'>Ἐφραῖμ</span> <span class='ocrx_word' id='word_1_331' title='bbox 619 1416 666 1443; x_wconf 84' lang='grc' dir='ltr'>τὸν</span> <span class='ocrx_word' id='word_1_332' title='bbox 689 1415 824 1442; x_wconf 79' lang='grc' dir='ltr'>ἀντίδικον</span> <span class='ocrx_word' id='word_1_333' title='bbox 843 1415 936 1447; x_wconf 78' lang='grc' dir='ltr'>αὐτοῦ,</span> 
     </span>
    </p>
   </div>
   <div class='ocr_carea' id='block_1_44' title="bbox 149 1460 935 1497">
    <p class='ocr_par' dir='ltr' id='par_1_44' title="bbox 149 1460 935 1497">
     <span class='ocr_line' id='line_1_44' title="bbox 149 1460 935 1497; baseline 0.003 -11"><span class='ocrx_word' id='word_1_334' title='bbox 149 1461 324 1496; x_wconf 80' lang='grc' dir='ltr'>κατεπάτησε</span> <span class='ocrx_word' id='word_1_335' title='bbox 339 1460 370 1494; x_wconf 79' lang='grc' dir='ltr'>τὸ</span> <span class='ocrx_word' id='word_1_336' title='bbox 384 1462 480 1497; x_wconf 86' lang='grc' dir='ltr'>κρῖμα.</span> <span class='ocrx_word' id='word_1_337' title='bbox 498 1471 507 1487; x_wconf 84' lang='grc'><strong>›</strong></span> <span class='ocrx_word' id='word_1_338' title='bbox 530 1461 631 1488; x_wconf 81' lang='grc' dir='ltr'>Οὐδένα</span> <span class='ocrx_word' id='word_1_339' title='bbox 646 1461 723 1494; x_wconf 85' lang='grc' dir='ltr'>λόγον</span> <span class='ocrx_word' id='word_1_340' title='bbox 739 1460 811 1496; x_wconf 78' lang='grc' dir='ltr'>εἶχον</span> <span class='ocrx_word' id='word_1_341' title='bbox 832 1461 878 1488; x_wconf 79' lang='grc' dir='ltr'>τοῦ</span> <span class='ocrx_word' id='word_1_342' title='bbox 899 1462 935 1488; x_wconf 85' lang='grc' dir='ltr'>δι-</span> 
     </span>
    </p>
   </div>
   <div class='ocr_carea' id='block_1_45' title="bbox 1023 821 1776 858">
    <p class='ocr_par' dir='ltr' id='par_1_45' title="bbox 1023 821 1776 858">
     <span class='ocr_line' id='line_1_45' title="bbox 1023 821 1776 858; baseline -0.001 -8"><span class='ocrx_word' id='word_1_343' title='bbox 1023 823 1106 851; x_wconf 77' lang='lat' dir='ltr'><strong>Vsus.</strong></span> <span class='ocrx_word' id='word_1_344' title='bbox 1120 824 1256 851; x_wconf 73' lang='lat'><strong>10-12.—-</strong></span> <span class='ocrx_word' id='word_1_345' title='bbox 1271 833 1280 849; x_wconf 87' lang='grc'><strong>‹</strong></span> <span class='ocrx_word' id='word_1_346' title='bbox 1291 822 1364 850; x_wconf 83' lang='lat' dir='ltr'><strong>Facti</strong></span> <span class='ocrx_word' id='word_1_347' title='bbox 1379 826 1442 850; x_wconf 92' lang='lat' dir='ltr'><strong>sunt</strong></span> <span class='ocrx_word' id='word_1_348' title='bbox 1457 823 1596 858; x_wconf 86' lang='lat' dir='ltr'><strong>principes</strong></span> <span class='ocrx_word' id='word_1_349' title='bbox 1607 822 1685 849; x_wconf 70' lang='lat' dir='ltr'><strong>Judae</strong></span> <span class='ocrx_word' id='word_1_350' title='bbox 1696 821 1776 857; x_wconf 81' lang='lat' dir='ltr'><strong>quasi</strong></span> 
     </span>
    </p>
   </div>
   <div class='ocr_carea' id='block_1_46' title="bbox 989 867 1774 902">
    <p class='ocr_par' dir='ltr' id='par_1_46' title="bbox 989 867 1774 902">
     <span class='ocr_line' id='line_1_46' title="bbox 989 867 1774 902; baseline -0.001 -8"><span class='ocrx_word' id='word_1_351' title='bbox 989 868 1122 894; x_wconf 74' lang='lat' dir='ltr'><strong>tenninos</strong></span> <span class='ocrx_word' id='word_1_352' title='bbox 1144 867 1370 894; x_wconf 69' lang='lat' dir='ltr'><strong>transferentes.»</strong></span> <span class='ocrx_word' id='word_1_353' title='bbox 1395 867 1630 900; x_wconf 80' lang='lat' dir='ltr'><strong>Quemadmodum</strong></span> <span class='ocrx_word' id='word_1_354' title='bbox 1653 867 1702 898; x_wconf 80' lang='lat' dir='ltr'><strong>illi,</strong></span> <span class='ocrx_word' id='word_1_355' title='bbox 1727 867 1774 902; x_wconf 88' lang='lat' dir='ltr'><strong>qui</strong></span> 
     </span>
    </p>
   </div>
   <div class='ocr_carea' id='block_1_47' title="bbox 989 912 1774 947">
    <p class='ocr_par' dir='ltr' id='par_1_47' title="bbox 989 912 1774 947">
     <span class='ocr_line' id='line_1_47' title="bbox 989 912 1774 947; baseline 0 -7"><span class='ocrx_word' id='word_1_356' title='bbox 989 913 1154 941; x_wconf 79' lang='lat' dir='ltr'><strong>divisionum</strong></span> <span class='ocrx_word' id='word_1_357' title='bbox 1172 914 1198 939; x_wconf 92' lang='lat' dir='ltr'><strong>in</strong></span> <span class='ocrx_word' id='word_1_358' title='bbox 1217 913 1321 947; x_wconf 84' lang='lat' dir='ltr'><strong>campis</strong></span> <span class='ocrx_word' id='word_1_359' title='bbox 1335 912 1411 947; x_wconf 83' lang='lat' dir='ltr'><strong>signa</strong></span> <span class='ocrx_word' id='word_1_360' title='bbox 1426 913 1564 942; x_wconf 77' lang='lat' dir='ltr'><strong>auferunt,</strong></span> <span class='ocrx_word' id='word_1_361' title='bbox 1589 912 1703 939; x_wconf 84' lang='lat' dir='ltr'><strong>dominii</strong></span> <span class='ocrx_word' id='word_1_362' title='bbox 1717 912 1774 947; x_wconf 87' lang='lat' dir='ltr'><strong>juri</strong></span> 
     </span>
    </p>
   </div>
   <div class='ocr_carea' id='block_1_48' title="bbox 989 958 1776 992">
    <p class='ocr_par' dir='ltr' id='par_1_48' title="bbox 989 958 1776 992">
     <span class='ocr_line' id='line_1_48' title="bbox 989 958 1776 992; baseline 0 -7"><span class='ocrx_word' id='word_1_363' title='bbox 989 963 1087 985; x_wconf 85' lang='lat' dir='ltr'><strong>nocent</strong></span> <span class='ocrx_word' id='word_1_364' title='bbox 1104 968 1110 985; x_wconf 91' lang='lat'>:</span> <span class='ocrx_word' id='word_1_365' title='bbox 1128 959 1167 986; x_wconf 92' lang='lat' dir='ltr'><strong>sic</strong></span> <span class='ocrx_word' id='word_1_366' title='bbox 1187 966 1245 991; x_wconf 87' lang='lat' dir='ltr'><strong>vos,</strong></span> <span class='ocrx_word' id='word_1_367' title='bbox 1261 959 1360 992; x_wconf 82' lang='lat' dir='ltr'><strong>inquit,</strong></span> <span class='ocrx_word' id='word_1_368' title='bbox 1379 966 1439 986; x_wconf 93' lang='lat' dir='ltr'><strong>cum</strong></span> <span class='ocrx_word' id='word_1_369' title='bbox 1465 962 1539 984; x_wconf 91' lang='lat' dir='ltr'><strong>tanta</strong></span> <span class='ocrx_word' id='word_1_370' title='bbox 1553 961 1627 985; x_wconf 86' lang='lat' dir='ltr'><strong>esset</strong></span> <span class='ocrx_word' id='word_1_371' title='bbox 1646 958 1716 984; x_wconf 86' lang='lat' dir='ltr'><strong>inter</strong></span> <span class='ocrx_word' id='word_1_372' title='bbox 1731 965 1776 985; x_wconf 84' lang='lat' dir='ltr'><strong>me</strong></span> 
     </span>
    </p>
   </div>
   <div class='ocr_carea' id='block_1_49' title="bbox 988 1003 1776 1040">
    <p class='ocr_par' dir='ltr' id='par_1_49' title="bbox 988 1003 1776 1040">
     <span class='ocr_line' id='line_1_49' title="bbox 988 1003 1776 1040; baseline 0 -9"><span class='ocrx_word' id='word_1_373' title='bbox 988 1009 1070 1039; x_wconf 90' lang='lat' dir='ltr'><strong>atque</strong></span> <span class='ocrx_word' id='word_1_374' title='bbox 1100 1005 1172 1032; x_wconf 89' lang='lat' dir='ltr'><strong>idola</strong></span> <span class='ocrx_word' id='word_1_375' title='bbox 1198 1004 1384 1040; x_wconf 82' lang='lat' dir='ltr'><strong>intercapedo,</strong></span> <span class='ocrx_word' id='word_1_376' title='bbox 1412 1008 1547 1038; x_wconf 84' lang='lat' dir='ltr'><strong>quatenus</strong></span> <span class='ocrx_word' id='word_1_377' title='bbox 1570 1004 1635 1030; x_wconf 89' lang='lat' dir='ltr'><strong>mihi</strong></span> <span class='ocrx_word' id='word_1_378' title='bbox 1661 1003 1776 1031; x_wconf 80' lang='lat' dir='ltr'><strong>debetur</strong></span> 
     </span>
    </p>
   </div>
   <div class='ocr_carea' id='block_1_50' title="bbox 989 1049 1773 1084">
    <p class='ocr_par' dir='ltr' id='par_1_50' title="bbox 989 1049 1773 1084">
     <span class='ocr_line' id='line_1_50' title="bbox 989 1049 1773 1084; baseline 0 -8"><span class='ocrx_word' id='word_1_379' title='bbox 989 1049 1075 1077; x_wconf 87' lang='lat' dir='ltr'><strong>honor</strong></span> <span class='ocrx_word' id='word_1_380' title='bbox 1100 1054 1127 1077; x_wconf 88' lang='lat' dir='ltr'><strong>et</strong></span> <span class='ocrx_word' id='word_1_381' title='bbox 1150 1057 1248 1077; x_wconf 90' lang='lat' dir='ltr'><strong>nomen</strong></span> <span class='ocrx_word' id='word_1_382' title='bbox 1265 1050 1398 1081; x_wconf 87' lang='lat' dir='ltr'><strong>divinum,</strong></span> <span class='ocrx_word' id='word_1_383' title='bbox 1428 1050 1482 1077; x_wconf 87' lang='lat' dir='ltr'><strong>illis</strong></span> <span class='ocrx_word' id='word_1_384' title='bbox 1496 1057 1560 1076; x_wconf 86' lang='lat' dir='ltr'><strong>vero</strong></span> <span class='ocrx_word' id='word_1_385' title='bbox 1583 1057 1773 1084; x_wconf 83' lang='lat' dir='ltr'><strong>nequaquam;</strong></span> 
     </span>
    </p>
   </div>
   <div class='ocr_carea' id='block_1_51' title="bbox 989 1095 1773 1131">
    <p class='ocr_par' dir='ltr' id='par_1_51' title="bbox 989 1095 1773 1131">
     <span class='ocr_line' id='line_1_51' title="bbox 989 1095 1773 1131; baseline 0.001 -9"><span class='ocrx_word' id='word_1_386' title='bbox 989 1095 1065 1122; x_wconf 91' lang='lat' dir='ltr'><strong>ﬁrma</strong></span> <span class='ocrx_word' id='word_1_387' title='bbox 1093 1096 1167 1129; x_wconf 84' lang='lat' dir='ltr'><strong>jura,</strong></span> <span class='ocrx_word' id='word_1_388' title='bbox 1188 1096 1336 1131; x_wconf 81' lang='lat' dir='ltr'><strong>multisque</strong></span> <span class='ocrx_word' id='word_1_389' title='bbox 1360 1103 1392 1122; x_wconf 80' lang='lat' dir='ltr'><strong>ac</strong></span> <span class='ocrx_word' id='word_1_390' title='bbox 1419 1096 1503 1122; x_wconf 89' lang='lat' dir='ltr'><strong>variis</strong></span> <span class='ocrx_word' id='word_1_391' title='bbox 1519 1095 1648 1122; x_wconf 90' lang='lat' dir='ltr'><strong>distincta</strong></span> <span class='ocrx_word' id='word_1_392' title='bbox 1674 1095 1773 1128; x_wconf 87' lang='lat' dir='ltr'><strong>modis,</strong></span> 
     </span>
    </p>
   </div>
   <div class='ocr_carea' id='block_1_52' title="bbox 987 1141 1774 1177">
    <p class='ocr_par' dir='ltr' id='par_1_52' title="bbox 987 1141 1774 1177">
     <span class='ocr_line' id='line_1_52' title="bbox 987 1141 1774 1177; baseline -0.001 -9"><span class='ocrx_word' id='word_1_393' title='bbox 987 1149 1036 1168; x_wconf 84' lang='lat' dir='ltr'><strong>vos</strong></span> <span class='ocrx_word' id='word_1_394' title='bbox 1046 1141 1155 1176; x_wconf 88' lang='lat' dir='ltr'><strong>quidem</strong></span> <span class='ocrx_word' id='word_1_395' title='bbox 1167 1149 1216 1176; x_wconf 90' lang='lat' dir='ltr'><strong>pro</strong></span> <span class='ocrx_word' id='word_1_396' title='bbox 1224 1142 1294 1168; x_wconf 87' lang='lat' dir='ltr'><strong>virili</strong></span> <span class='ocrx_word' id='word_1_397' title='bbox 1306 1145 1383 1177; x_wconf 90' lang='lat' dir='ltr'><strong>parte</strong></span> <span class='ocrx_word' id='word_1_398' title='bbox 1391 1141 1566 1171; x_wconf 75' lang='lat' dir='ltr'><strong>dissolvistis.</strong></span> <span class='ocrx_word' id='word_1_399' title='bbox 1577 1148 1674 1168; x_wconf 87' lang='lat' dir='ltr'><strong>nomen</strong></span> <span class='ocrx_word' id='word_1_400' title='bbox 1685 1149 1774 1168; x_wconf 90' lang='lat' dir='ltr'><strong>meum</strong></span> 
     </span>
    </p>
   </div>
   <div class='ocr_carea' id='block_1_53' title="bbox 988 1186 1775 1223">
    <p class='ocr_par' dir='ltr' id='par_1_53' title="bbox 988 1186 1775 1223">
     <span class='ocr_line' id='line_1_53' title="bbox 988 1186 1775 1223; baseline 0.001 -10"><span class='ocrx_word' id='word_1_401' title='bbox 988 1186 1174 1222; x_wconf 86' lang='lat' dir='ltr'><strong>honoremque</strong></span> <span class='ocrx_word' id='word_1_402' title='bbox 1196 1186 1277 1214; x_wconf 91' lang='lat' dir='ltr'><strong>idolis</strong></span> <span class='ocrx_word' id='word_1_403' title='bbox 1292 1187 1474 1214; x_wconf 85' lang='lat' dir='ltr'><strong>attribuendn.</strong></span> <span class='ocrx_word' id='word_1_404' title='bbox 1499 1187 1606 1223; x_wconf 66' lang='lat' dir='ltr'><strong>«Super</strong></span> <span class='ocrx_word' id='word_1_405' title='bbox 1625 1195 1672 1216; x_wconf 87' lang='lat' dir='ltr'><strong>eos</strong></span> <span class='ocrx_word' id='word_1_406' title='bbox 1687 1187 1775 1214; x_wconf 86' lang='lat' dir='ltr'><strong>eﬁ&#39;un--</strong></span> 
     </span>
    </p>
   </div>
   <div class='ocr_carea' id='block_1_54' title="bbox 988 1231 1774 1267">
    <p class='ocr_par' dir='ltr' id='par_1_54' title="bbox 988 1231 1774 1267">
     <span class='ocr_line' id='line_1_54' title="bbox 988 1231 1774 1267; baseline 0.003 -9"><span class='ocrx_word' id='word_1_407' title='bbox 988 1231 1050 1258; x_wconf 83' lang='lat' dir='ltr'><strong>dam</strong></span> <span class='ocrx_word' id='word_1_408' title='bbox 1079 1233 1157 1266; x_wconf 87' lang='lat' dir='ltr'><strong>quasi</strong></span> <span class='ocrx_word' id='word_1_409' title='bbox 1190 1239 1287 1267; x_wconf 88' lang='lat' dir='ltr'><strong>aquam</strong></span> <span class='ocrx_word' id='word_1_410' title='bbox 1322 1233 1451 1267; x_wconf 88' lang='lat' dir='ltr'><strong>impetum</strong></span> <span class='ocrx_word' id='word_1_411' title='bbox 1491 1241 1612 1262; x_wconf 71' lang='lat' dir='ltr'><strong>meum.)</strong></span> <span class='ocrx_word' id='word_1_412' title='bbox 1646 1234 1774 1261; x_wconf 86' lang='lat' dir='ltr'><strong>Terribili</strong></span> 
     </span>
    </p>
   </div>
   <div class='ocr_carea' id='block_1_55' title="bbox 987 1277 1773 1312">
    <p class='ocr_par' dir='ltr' id='par_1_55' title="bbox 987 1277 1773 1312">
     <span class='ocr_line' id='line_1_55' title="bbox 987 1277 1773 1312; baseline 0.004 -9"><span class='ocrx_word' id='word_1_413' title='bbox 987 1277 1105 1311; x_wconf 86' lang='lat' dir='ltr'><strong>quodam</strong></span> <span class='ocrx_word' id='word_1_414' title='bbox 1131 1277 1232 1312; x_wconf 90' lang='lat' dir='ltr'><strong>impetu</strong></span> <span class='ocrx_word' id='word_1_415' title='bbox 1246 1278 1319 1305; x_wconf 81' lang='lat' dir='ltr'><strong>ferar</strong></span> <span class='ocrx_word' id='word_1_416' title='bbox 1343 1278 1370 1304; x_wconf 95' lang='lat' dir='ltr'><strong>in</strong></span> <span class='ocrx_word' id='word_1_417' title='bbox 1385 1285 1442 1309; x_wconf 84' lang='lat' dir='ltr'><strong>eos,</strong></span> <span class='ocrx_word' id='word_1_418' title='bbox 1465 1278 1510 1311; x_wconf 89' lang='lat' dir='ltr'><strong>qui</strong></span> <span class='ocrx_word' id='word_1_419' title='bbox 1535 1279 1596 1305; x_wconf 87' lang='lat' dir='ltr'><strong>talia</strong></span> <span class='ocrx_word' id='word_1_420' title='bbox 1619 1284 1683 1305; x_wconf 90' lang='lat' dir='ltr'><strong>sunt</strong></span> <span class='ocrx_word' id='word_1_421' title='bbox 1700 1279 1773 1310; x_wconf 85' lang='lat' dir='ltr'><strong>ausi,</strong></span> 
     </span>
    </p>
   </div>
   <div class='ocr_carea' id='block_1_56' title="bbox 987 1322 1772 1357">
    <p class='ocr_par' dir='ltr' id='par_1_56' title="bbox 987 1322 1772 1357">
     <span class='ocr_line' id='line_1_56' title="bbox 987 1322 1772 1357; baseline 0.004 -9"><span class='ocrx_word' id='word_1_422' title='bbox 987 1330 1064 1357; x_wconf 65' lang='lat' dir='ltr'><strong>aqum</strong></span> <span class='ocrx_word' id='word_1_423' title='bbox 1091 1323 1178 1350; x_wconf 87' lang='lat' dir='ltr'><strong>instar</strong></span> <span class='ocrx_word' id='word_1_424' title='bbox 1203 1330 1250 1350; x_wconf 88' lang='lat' dir='ltr'><strong>eos</strong></span> <span class='ocrx_word' id='word_1_425' title='bbox 1276 1322 1413 1350; x_wconf 87' lang='lat' dir='ltr'><strong>inttndans</strong></span> <span class='ocrx_word' id='word_1_426' title='bbox 1440 1323 1614 1351; x_wconf 86' lang='lat' dir='ltr'><strong>multitudine</strong></span> <span class='ocrx_word' id='word_1_427' title='bbox 1641 1324 1772 1351; x_wconf 88' lang='lat' dir='ltr'><strong>hostium.</strong></span> 
     </span>
    </p>
   </div>
   <div class='ocr_carea' id='block_1_57' title="bbox 990 1368 1774 1403">
    <p class='ocr_par' dir='ltr' id='par_1_57' title="bbox 990 1368 1774 1403">
     <span class='ocr_line' id='line_1_57' title="bbox 990 1368 1774 1403; baseline 0.003 -8"><span class='ocrx_word' id='word_1_428' title='bbox 990 1369 1152 1403; x_wconf 71' lang='lat' dir='ltr'><strong>«Oppressit</strong></span> <span class='ocrx_word' id='word_1_429' title='bbox 1178 1368 1342 1403; x_wconf 88' lang='lat' dir='ltr'><strong>Ephraimus</strong></span> <span class='ocrx_word' id='word_1_430' title='bbox 1367 1369 1554 1401; x_wconf 72' lang='lat' dir='ltr'><strong>adversarium</strong></span> <span class='ocrx_word' id='word_1_431' title='bbox 1582 1378 1673 1401; x_wconf 87' lang='lat' dir='ltr'><strong>suum,</strong></span> <span class='ocrx_word' id='word_1_432' title='bbox 1706 1378 1774 1397; x_wconf 85' lang='lat' dir='ltr'><strong>con-</strong></span> 
     </span>
    </p>
   </div>
   <div class='ocr_carea' id='block_1_58' title="bbox 987 1412 1773 1448">
    <p class='ocr_par' dir='ltr' id='par_1_58' title="bbox 987 1412 1773 1448">
     <span class='ocr_line' id='line_1_58' title="bbox 987 1412 1773 1448; baseline 0.001 -8"><span class='ocrx_word' id='word_1_433' title='bbox 987 1413 1105 1441; x_wconf 82' lang='lat' dir='ltr'><strong>culcavit</strong></span> <span class='ocrx_word' id='word_1_434' title='bbox 1128 1413 1273 1448; x_wconf 89' lang='lat' dir='ltr'><strong>judicium.</strong></span> <span class='ocrx_word' id='word_1_435' title='bbox 1287 1423 1296 1439; x_wconf 73' lang='grc' dir='ltr'><strong>ι</strong></span> <span class='ocrx_word' id='word_1_436' title='bbox 1319 1412 1425 1440; x_wconf 79' lang='lat' dir='ltr'><strong>Nullam</strong></span> <span class='ocrx_word' id='word_1_437' title='bbox 1448 1414 1561 1448; x_wconf 77' lang='lat' dir='ltr'><strong>justitiae</strong></span> <span class='ocrx_word' id='word_1_438' title='bbox 1576 1415 1709 1442; x_wconf 81' lang='lat' dir='ltr'><strong>rationem</strong></span> <span class='ocrx_word' id='word_1_439' title='bbox 1726 1415 1773 1442; x_wconf 87' lang='lat' dir='ltr'><strong>ha-</strong></span> 
     </span>
    </p>
   </div>
   <div class='ocr_carea' id='block_1_59' title="bbox 988 1459 1772 1495">
    <p class='ocr_par' dir='ltr' id='par_1_59' title="bbox 988 1459 1772 1495">
     <span class='ocr_line' id='line_1_59' title="bbox 988 1459 1772 1495; baseline 0.001 -9"><span class='ocrx_word' id='word_1_440' title='bbox 988 1459 1123 1486; x_wconf 85' lang='lat' dir='ltr'><strong>buerunt:</strong></span> <span class='ocrx_word' id='word_1_441' title='bbox 1150 1459 1340 1495; x_wconf 74' lang='lat' dir='ltr'><strong>unusquisque</strong></span> <span class='ocrx_word' id='word_1_442' title='bbox 1361 1467 1409 1494; x_wconf 88' lang='lat' dir='ltr'><strong>pro</strong></span> <span class='ocrx_word' id='word_1_443' title='bbox 1432 1460 1535 1487; x_wconf 83' lang='lat' dir='ltr'><strong>viribus</strong></span> <span class='ocrx_word' id='word_1_444' title='bbox 1559 1461 1612 1487; x_wconf 91' lang='lat' dir='ltr'><strong>vim</strong></span> <span class='ocrx_word' id='word_1_445' title='bbox 1641 1461 1772 1495; x_wconf 82' lang='lat' dir='ltr'><strong>injustam</strong></span> 
     </span>
    </p>
   </div>
   <div class='ocr_carea' id='block_1_60' title="bbox 149 1492 937 1542">
    <p class='ocr_par' dir='ltr' id='par_1_60' title="bbox 149 1492 933 1542">
     <span class='ocr_line' id='line_1_60' title="bbox 149 1492 933 1542; baseline 0 -10"><span class='ocrx_word' id='word_1_446' title='bbox 149 1507 242 1533; x_wconf 72' lang='lat' dir='ltr'><strong>xalou&#39;</strong></span> <span class='ocrx_word' id='word_1_447' title='bbox 258 1492 375 1538; x_wconf 68' lang='grc' dir='ltr'>ἕκαστος</span> <span class='ocrx_word' id='word_1_448' title='bbox 389 1492 417 1533; x_wconf 52' lang='grc' dir='ltr'><strong>δέ</strong></span> <span class='ocrx_word' id='word_1_449' title='bbox 432 1492 522 1539; x_wconf 75' lang='grc' dir='ltr'>καθὼς</span> <span class='ocrx_word' id='word_1_450' title='bbox 545 1507 635 1542; x_wconf 79' lang='grc' dir='ltr'>ἴσχυεν</span> <span class='ocrx_word' id='word_1_451' title='bbox 656 1492 743 1542; x_wconf 71' lang='grc' dir='ltr'>ἠδίκει</span> <span class='ocrx_word' id='word_1_452' title='bbox 763 1492 809 1534; x_wconf 64' lang='grc' dir='ltr'>τὸν</span> <span class='ocrx_word' id='word_1_453' title='bbox 831 1507 933 1542; x_wconf 74' lang='grc' dir='ltr'>ἕτερον,</span> 
     </span>
    </p>
   </div>
   <div class='ocr_carea' id='block_1_61' title="bbox 990 1492 1772 1542">
    <p class='ocr_par' dir='ltr' id='par_1_61' title="bbox 990 1505 1772 1541">
     <span class='ocr_line' id='line_1_61' title="bbox 990 1505 1772 1541; baseline 0.003 -9"><span class='ocrx_word' id='word_1_454' title='bbox 990 1506 1064 1533; x_wconf 84' lang='lat' dir='ltr'><strong>allcri</strong></span> <span class='ocrx_word' id='word_1_455' title='bbox 1079 1505 1182 1538; x_wconf 80' lang='lat' dir='ltr'><strong>intulit,</strong></span> <span class='ocrx_word' id='word_1_456' title='bbox 1197 1506 1243 1540; x_wconf 90' lang='lat' dir='ltr'><strong>jus</strong></span> <span class='ocrx_word' id='word_1_457' title='bbox 1255 1506 1450 1533; x_wconf 87' lang='lat' dir='ltr'><strong>conculcantes</strong></span> <span class='ocrx_word' id='word_1_458' title='bbox 1463 1514 1495 1533; x_wconf 90' lang='lat' dir='ltr'><strong>ac</strong></span> <span class='ocrx_word' id='word_1_459' title='bbox 1512 1514 1561 1541; x_wconf 85' lang='lat' dir='ltr'><strong>pro</strong></span> <span class='ocrx_word' id='word_1_460' title='bbox 1575 1506 1661 1533; x_wconf 85' lang='lat' dir='ltr'><strong>nihilo</strong></span> <span class='ocrx_word' id='word_1_461' title='bbox 1674 1507 1772 1534; x_wconf 87' lang='lat' dir='ltr'><strong>haben-</strong></span> 
     </span>
    </p>
   </div>
   <div class='ocr_carea' id='block_1_62' title="bbox 150 1552 935 1588">
    <p class='ocr_par' dir='ltr' id='par_1_62' title="bbox 150 1552 935 1588">
     <span class='ocr_line' id='line_1_62' title="bbox 150 1552 935 1588; baseline 0.001 -10"><span class='ocrx_word' id='word_1_462' title='bbox 150 1552 339 1587; x_wconf 76' lang='grc' dir='ltr'>πεπατηκότες</span> <span class='ocrx_word' id='word_1_463' title='bbox 351 1553 381 1578; x_wconf 84' lang='grc' dir='ltr'>τὸ</span> <span class='ocrx_word' id='word_1_464' title='bbox 394 1552 505 1585; x_wconf 85' lang='grc' dir='ltr'>δίκαιον,</span> <span class='ocrx_word' id='word_1_465' title='bbox 519 1553 566 1579; x_wconf 82' lang='grc' dir='ltr'>καὶ</span> <span class='ocrx_word' id='word_1_466' title='bbox 583 1553 684 1588; x_wconf 83' lang='grc' dir='ltr'>μηδένα</span> <span class='ocrx_word' id='word_1_467' title='bbox 699 1554 794 1580; x_wconf 79' lang='grc' dir='ltr'>τούτου</span> <span class='ocrx_word' id='word_1_468' title='bbox 807 1553 935 1588; x_wconf 84' lang='grc' dir='ltr'>ποιούμε-</span> 
     </span>
    </p>
   </div>
   <div class='ocr_carea' id='block_1_63' title="bbox 150 1599 933 1634">
    <p class='ocr_par' dir='ltr' id='par_1_63' title="bbox 150 1599 933 1634">
     <span class='ocr_line' id='line_1_63' title="bbox 150 1599 933 1634; baseline 0.001 -10"><span class='ocrx_word' id='word_1_469' title='bbox 150 1607 189 1624; x_wconf 87' lang='grc' dir='ltr'><strong>νοι</strong></span> <span class='ocrx_word' id='word_1_470' title='bbox 205 1599 302 1633; x_wconf 75' lang='grc' dir='ltr'>λόγον’</span> <span class='ocrx_word' id='word_1_471' title='bbox 323 1599 361 1630; x_wconf 83' lang='grc' dir='ltr'><strong>ὡς</strong></span> <span class='ocrx_word' id='word_1_472' title='bbox 389 1599 436 1626; x_wconf 79' lang='grc' dir='ltr'>καὶ</span> <span class='ocrx_word' id='word_1_473' title='bbox 456 1601 470 1625; x_wconf 77' lang='grc' dir='ltr'>ὁ</span> <span class='ocrx_word' id='word_1_474' title='bbox 491 1599 592 1634; x_wconf 80' lang='grc' dir='ltr'>Κύριος</span> <span class='ocrx_word' id='word_1_475' title='bbox 614 1601 644 1627; x_wconf 84' lang='grc' dir='ltr'>ἐν</span> <span class='ocrx_word' id='word_1_476' title='bbox 669 1601 724 1631; x_wconf 79' lang='grc' dir='ltr'><strong>τοίς</strong></span> <span class='ocrx_word' id='word_1_477' title='bbox 742 1599 933 1634; x_wconf 85' lang='grc' dir='ltr'>Εὑαγγελίοις·</span> 
     </span>
    </p>
   </div>
   <div class='ocr_carea' id='block_1_64' title="bbox 153 1644 935 1680">
    <p class='ocr_par' dir='ltr' id='par_1_64' title="bbox 153 1644 935 1680">
     <span class='ocr_line' id='line_1_64' title="bbox 153 1644 935 1680; baseline 0.001 -10"><span class='ocrx_word' id='word_1_478' title='bbox 153 1654 162 1669; x_wconf 80' lang='lat' dir='ltr'><strong>t</strong></span> <span class='ocrx_word' id='word_1_479' title='bbox 180 1645 348 1671; x_wconf 77' lang='grc' dir='ltr'>Κατελίπετε</span> <span class='ocrx_word' id='word_1_480' title='bbox 368 1644 418 1679; x_wconf 80' lang='grc' dir='ltr'>τὴν</span> <span class='ocrx_word' id='word_1_481' title='bbox 444 1645 553 1679; x_wconf 78' lang='grc' dir='ltr'>ἀγάπην</span> <span class='ocrx_word' id='word_1_482' title='bbox 577 1646 623 1672; x_wconf 76' lang='grc' dir='ltr'>καὶ</span> <span class='ocrx_word' id='word_1_483' title='bbox 640 1645 689 1680; x_wconf 84' lang='grc' dir='ltr'>τὴν</span> <span class='ocrx_word' id='word_1_484' title='bbox 711 1645 801 1679; x_wconf 84' lang='grc' dir='ltr'>κρίσιν</span> <span class='ocrx_word' id='word_1_485' title='bbox 819 1645 866 1671; x_wconf 80' lang='grc' dir='ltr'><strong>καὶ</strong></span> <span class='ocrx_word' id='word_1_486' title='bbox 890 1644 935 1671; x_wconf 81' lang='grc' dir='ltr'>τὸν</span> 
     </span>
    </p>
   </div>
   <div class='ocr_carea' id='block_1_65' title="bbox 151 1689 935 1726">
    <p class='ocr_par' dir='ltr' id='par_1_65' title="bbox 151 1689 935 1726">
     <span class='ocr_line' id='line_1_65' title="bbox 151 1689 935 1726; baseline 0.001 -12"><span class='ocrx_word' id='word_1_487' title='bbox 151 1689 221 1715; x_wconf 81' lang='grc' dir='ltr'>ὲλεον</span> <span class='ocrx_word' id='word_1_488' title='bbox 235 1689 286 1724; x_wconf 72' lang='lat'><strong>(5).</strong></span> <span class='ocrx_word' id='word_1_489' title='bbox 305 1698 314 1714; x_wconf 76' lang='grc' dir='ltr'><strong>ι</strong></span> <span class='ocrx_word' id='word_1_490' title='bbox 334 1689 372 1724; x_wconf 84' lang='lat' dir='ltr'><strong>(p.</strong></span> <span class='ocrx_word' id='word_1_491' title='bbox 386 1689 431 1723; x_wconf 68' lang='grc'><strong>42)</strong></span> <span class='ocrx_word' id='word_1_492' title='bbox 445 1689 500 1715; x_wconf 84' lang='grc' dir='ltr'>Ἵνα</span> <span class='ocrx_word' id='word_1_493' title='bbox 513 1689 587 1726; x_wconf 81' lang='grc' dir='ltr'>εἴπῃ,</span> <span class='ocrx_word' id='word_1_494' title='bbox 606 1690 646 1716; x_wconf 83' lang='grc' dir='ltr'>ὅτι</span> <span class='ocrx_word' id='word_1_495' title='bbox 659 1689 745 1723; x_wconf 86' lang='grc' dir='ltr'>Λόγον</span> <span class='ocrx_word' id='word_1_496' title='bbox 756 1689 850 1716; x_wconf 76' lang='grc' dir='ltr'>οὐδένα</span> <span class='ocrx_word' id='word_1_497' title='bbox 861 1689 935 1724; x_wconf 71' lang='grc' dir='ltr'>ἔχετε</span> 
     </span>
    </p>
   </div>
   <div class='ocr_carea' id='block_1_66' title="bbox 150 1733 934 1770">
    <p class='ocr_par' dir='ltr' id='par_1_66' title="bbox 150 1733 934 1770">
     <span class='ocr_line' id='line_1_66' title="bbox 150 1733 934 1770; baseline 0 -10"><span class='ocrx_word' id='word_1_498' title='bbox 150 1734 197 1768; x_wconf 82' lang='grc' dir='ltr'>τῆς</span> <span class='ocrx_word' id='word_1_499' title='bbox 212 1734 324 1768; x_wconf 77' lang='grc' dir='ltr'>ἀγάπης</span> <span class='ocrx_word' id='word_1_500' title='bbox 339 1733 447 1760; x_wconf 70' lang='grc' dir='ltr'>καὶ-τοῦ</span> <span class='ocrx_word' id='word_1_501' title='bbox 463 1734 566 1760; x_wconf 78' lang='grc' dir='ltr'>δικαίου</span> <span class='ocrx_word' id='word_1_502' title='bbox 586 1735 695 1769; x_wconf 77' lang='grc' dir='ltr'>καὶτῆς</span> <span class='ocrx_word' id='word_1_503' title='bbox 714 1735 917 1770; x_wconf 82' lang='grc' dir='ltr'>φιλανθρωπίας</span> <span class='ocrx_word' id='word_1_504' title='bbox 927 1743 934 1751; x_wconf 89' lang='grc'><strong>·</strong></span> 
     </span>
    </p>
   </div>
   <div class='ocr_carea' id='block_1_67' title="bbox 152 1780 935 1817">
    <p class='ocr_par' dir='ltr' id='par_1_67' title="bbox 152 1780 935 1817">
     <span class='ocr_line' id='line_1_67' title="bbox 152 1780 935 1817; baseline 0.003 -11"><span class='ocrx_word' id='word_1_505' title='bbox 152 1781 197 1806; x_wconf 71' lang='grc' dir='ltr'>καὶ</span> <span class='ocrx_word' id='word_1_506' title='bbox 209 1781 345 1808; x_wconf 82' lang='grc' dir='ltr'>ἀντίδικον</span> <span class='ocrx_word' id='word_1_507' title='bbox 359 1781 399 1812; x_wconf 82' lang='grc' dir='ltr'>δὲ,</span> <span class='ocrx_word' id='word_1_508' title='bbox 419 1780 464 1807; x_wconf 70' lang='grc' dir='ltr'>τὸν</span> <span class='ocrx_word' id='word_1_509' title='bbox 479 1781 654 1817; x_wconf 80' lang='grc' dir='ltr'>ἀδικούμενον</span> <span class='ocrx_word' id='word_1_510' title='bbox 664 1782 677 1808; x_wconf 85' lang='grc' dir='ltr'>ὁ</span> <span class='ocrx_word' id='word_1_511' title='bbox 692 1781 793 1817; x_wconf 84' lang='grc' dir='ltr'>Κύριος</span> <span class='ocrx_word' id='word_1_512' title='bbox 811 1781 935 1816; x_wconf 80' lang='grc' dir='ltr'>φαίνεται</span> 
     </span>
    </p>
   </div>
   <div class='ocr_carea' id='block_1_68' title="bbox 153 1826 933 1863">
    <p class='ocr_par' dir='ltr' id='par_1_68' title="bbox 153 1826 933 1863">
     <span class='ocr_line' id='line_1_68' title="bbox 153 1826 933 1863; baseline 0.003 -11"><span class='ocrx_word' id='word_1_513' title='bbox 153 1826 237 1852; x_wconf 74' lang='grc' dir='ltr'>καλῶν</span> <span class='ocrx_word' id='word_1_514' title='bbox 246 1835 253 1842; x_wconf 73' lang='grc' dir='ltr'><strong>ο</strong></span> <span class='ocrx_word' id='word_1_515' title='bbox 265 1827 303 1857; x_wconf 84' lang='grc' dir='ltr'>ὡς</span> <span class='ocrx_word' id='word_1_516' title='bbox 321 1826 380 1859; x_wconf 80' lang='grc' dir='ltr'>τὸ,ι</span> <span class='ocrx_word' id='word_1_517' title='bbox 392 1826 460 1853; x_wconf 76' lang='grc' dir='ltr'>Ἴσοι</span> <span class='ocrx_word' id='word_1_518' title='bbox 474 1827 573 1854; x_wconf 79' lang='grc' dir='ltr'>εὐνοῶν</span> <span class='ocrx_word' id='word_1_519' title='bbox 587 1828 624 1862; x_wconf 83' lang='grc' dir='ltr'>τῷ</span> <span class='ocrx_word' id='word_1_520' title='bbox 637 1827 763 1862; x_wconf 87' lang='grc' dir='ltr'>ἀντιδίκῳ</span> <span class='ocrx_word' id='word_1_521' title='bbox 772 1836 819 1854; x_wconf 85' lang='grc' dir='ltr'>σου</span> <span class='ocrx_word' id='word_1_522' title='bbox 827 1827 909 1863; x_wconf 85' lang='grc' dir='ltr'>ταχύ’</span> <span class='ocrx_word' id='word_1_523' title='bbox 923 1837 933 1853; x_wconf 69' lang='grc' dir='ltr'><strong>ι</strong></span> 
     </span>
    </p>
   </div>
   <div class='ocr_carea' id='block_1_69' title="bbox 153 1873 937 1908">
    <p class='ocr_par' dir='ltr' id='par_1_69' title="bbox 153 1873 937 1908">
     <span class='ocr_line' id='line_1_69' title="bbox 153 1873 937 1908; baseline 0.001 -10"><span class='ocrx_word' id='word_1_524' title='bbox 153 1874 203 1904; x_wconf 76' lang='grc' dir='ltr'>τοῖς</span> <span class='ocrx_word' id='word_1_525' title='bbox 213 1873 336 1900; x_wconf 79' lang='grc' dir='ltr'>ἀδικοῦσι</span> <span class='ocrx_word' id='word_1_526' title='bbox 346 1873 485 1908; x_wconf 80' lang='grc' dir='ltr'>παραινῶν</span> <span class='ocrx_word' id='word_1_527' title='bbox 498 1873 573 1908; x_wconf 83' lang='grc' dir='ltr'>πάσῃ</span> <span class='ocrx_word' id='word_1_528' title='bbox 586 1873 698 1908; x_wconf 82' lang='grc' dir='ltr'>δυνάμει</span> <span class='ocrx_word' id='word_1_529' title='bbox 712 1874 775 1905; x_wconf 84' lang='grc' dir='ltr'>τοὺς</span> <span class='ocrx_word' id='word_1_530' title='bbox 790 1873 937 1908; x_wconf 86' lang='grc' dir='ltr'>ἀδικουμέ-</span> 
     </span>
    </p>
   </div>
   <div class='ocr_carea' id='block_1_70' title="bbox 153 1916 937 1953">
    <p class='ocr_par' dir='ltr' id='par_1_70' title="bbox 153 1916 937 1953">
     <span class='ocr_line' id='line_1_70' title="bbox 153 1916 937 1953; baseline 0 -10"><span class='ocrx_word' id='word_1_531' title='bbox 153 1926 210 1948; x_wconf 67' lang='grc' dir='ltr'>νους</span> <span class='ocrx_word' id='word_1_532' title='bbox 225 1917 274 1944; x_wconf 83' lang='grc' dir='ltr'><strong>ὑπ’</strong></span> <span class='ocrx_word' id='word_1_533' title='bbox 289 1917 379 1943; x_wconf 72' lang='grc' dir='ltr'>αὐτῶν</span> <span class='ocrx_word' id='word_1_534' title='bbox 401 1916 569 1951; x_wconf 77' lang='grc' dir='ltr'>Θεραπεύειν.</span> <span class='ocrx_word' id='word_1_535' title='bbox 594 1927 604 1943; x_wconf 70' lang='grc' dir='ltr'><strong>ι</strong></span> <span class='ocrx_word' id='word_1_536' title='bbox 625 1918 685 1944; x_wconf 82' lang='grc' dir='ltr'>’Ότι</span> <span class='ocrx_word' id='word_1_537' title='bbox 702 1917 801 1952; x_wconf 80' lang='grc' dir='ltr'>ἦρξατο</span> <span class='ocrx_word' id='word_1_538' title='bbox 823 1917 937 1953; x_wconf 83' lang='grc' dir='ltr'>πορεύε-</span> 
     </span>
    </p>
   </div>
   <div class='ocr_carea' id='block_1_71' title="bbox 155 1962 937 1998">
    <p class='ocr_par' dir='ltr' id='par_1_71' title="bbox 155 1962 937 1998">
     <span class='ocr_line' id='line_1_71' title="bbox 155 1962 937 1998; baseline 0.001 -10"><span class='ocrx_word' id='word_1_539' title='bbox 155 1962 213 1989; x_wconf 62' lang='grc' dir='ltr'>σθαι</span> <span class='ocrx_word' id='word_1_540' title='bbox 226 1962 316 1989; x_wconf 76' lang='grc' dir='ltr'>ὀπίσω</span> <span class='ocrx_word' id='word_1_541' title='bbox 336 1962 391 1988; x_wconf 81' lang='grc' dir='ltr'>τῶν</span> <span class='ocrx_word' id='word_1_542' title='bbox 415 1963 544 1997; x_wconf 85' lang='grc' dir='ltr'>ματαίων.</span> <span class='ocrx_word' id='word_1_543' title='bbox 566 1972 575 1988; x_wconf 86' lang='grc'><strong>›</strong></span> <span class='ocrx_word' id='word_1_544' title='bbox 593 1963 684 1989; x_wconf 81' lang='grc' dir='ltr'>Ταῦτα</span> <span class='ocrx_word' id='word_1_545' title='bbox 694 1963 722 1989; x_wconf 85' lang='grc' dir='ltr'>δὲ</span> <span class='ocrx_word' id='word_1_546' title='bbox 746 1963 937 1998; x_wconf 83' lang='grc' dir='ltr'>διεπράττοντο</span> 
     </span>
    </p>
   </div>
   <div class='ocr_carea' id='block_1_72' title="bbox 155 2007 936 2043">
    <p class='ocr_par' dir='ltr' id='par_1_72' title="bbox 155 2007 936 2043">
     <span class='ocr_line' id='line_1_72' title="bbox 155 2007 936 2043; baseline 0 -9"><span class='ocrx_word' id='word_1_547' title='bbox 155 2008 224 2039; x_wconf 73' lang='grc' dir='ltr'>ἑςέντε</span> <span class='ocrx_word' id='word_1_548' title='bbox 235 2008 302 2043; x_wconf 76' lang='grc' dir='ltr'>περὶ</span> <span class='ocrx_word' id='word_1_549' title='bbox 320 2007 369 2043; x_wconf 85' lang='grc' dir='ltr'>τὴν</span> <span class='ocrx_word' id='word_1_550' title='bbox 388 2008 441 2035; x_wconf 79' lang='grc' dir='ltr'>τῶν</span> <span class='ocrx_word' id='word_1_551' title='bbox 453 2007 567 2034; x_wconf 73' lang='grc' dir='ltr'>εἰδώλων</span> <span class='ocrx_word' id='word_1_552' title='bbox 585 2009 760 2043; x_wconf 81' lang='grc' dir='ltr'>προσανέχειν</span> <span class='ocrx_word' id='word_1_553' title='bbox 773 2008 875 2034; x_wconf 73' lang='grc' dir='ltr'>εἴλοντο</span> <span class='ocrx_word' id='word_1_554' title='bbox 892 2007 936 2034; x_wconf 84' lang='grc' dir='ltr'><strong>θε-</strong></span> 
     </span>
    </p>
   </div>
   <div class='ocr_carea' id='block_1_73' title="bbox 157 2053 935 2089">
    <p class='ocr_par' dir='ltr' id='par_1_73' title="bbox 157 2053 935 2089">
     <span class='ocr_line' id='line_1_73' title="bbox 157 2053 935 2089; baseline 0.001 -10"><span class='ocrx_word' id='word_1_555' title='bbox 157 2053 276 2088; x_wconf 60' lang='grc' dir='ltr'>ραπείαν,</span> <span class='ocrx_word' id='word_1_556' title='bbox 300 2054 347 2080; x_wconf 82' lang='grc' dir='ltr'>ἆτε</span> <span class='ocrx_word' id='word_1_557' title='bbox 363 2053 465 2089; x_wconf 79' lang='grc' dir='ltr'>μηδένα</span> <span class='ocrx_word' id='word_1_558' title='bbox 480 2054 534 2080; x_wconf 85' lang='grc' dir='ltr'>τῶν</span> <span class='ocrx_word' id='word_1_559' title='bbox 562 2054 650 2089; x_wconf 82' lang='grc' dir='ltr'>νόμων</span> <span class='ocrx_word' id='word_1_560' title='bbox 665 2054 717 2080; x_wconf 82' lang='grc' dir='ltr'>τῶν</span> <span class='ocrx_word' id='word_1_561' title='bbox 739 2054 813 2089; x_wconf 81' lang='grc' dir='ltr'>ἐμῶν</span> <span class='ocrx_word' id='word_1_562' title='bbox 828 2055 876 2080; x_wconf 61' lang='grc' dir='ltr'><strong>καὶ⁴</strong></span> <span class='ocrx_word' id='word_1_563' title='bbox 889 2053 935 2080; x_wconf 79' lang='grc' dir='ltr'><strong>τοῦ</strong></span> 
     </span>
    </p>
   </div>
   <div class='ocr_carea' id='block_1_74' title="bbox 156 2099 936 2134">
    <p class='ocr_par' dir='ltr' id='par_1_74' title="bbox 156 2099 936 2134">
     <span class='ocr_line' id='line_1_74' title="bbox 156 2099 936 2134; baseline 0.003 -10"><span class='ocrx_word' id='word_1_564' title='bbox 156 2102 333 2134; x_wconf 82' lang='grc' dir='ltr'>προσήκοντος</span> <span class='ocrx_word' id='word_1_565' title='bbox 346 2099 386 2125; x_wconf 72' lang='grc' dir='ltr'>ἔτι</span> <span class='ocrx_word' id='word_1_566' title='bbox 398 2099 553 2134; x_wconf 73' lang='grc' dir='ltr'>ποιούμενοι</span> <span class='ocrx_word' id='word_1_567' title='bbox 567 2100 656 2134; x_wconf 84' lang='grc' dir='ltr'>λόγον.</span> <span class='ocrx_word' id='word_1_568' title='bbox 678 2110 686 2125; x_wconf 84' lang='grc' dir='ltr'><strong>ι</strong></span> <span class='ocrx_word' id='word_1_569' title='bbox 705 2101 759 2126; x_wconf 81' lang='grc' dir='ltr'><strong>Καὶ</strong></span> <span class='ocrx_word' id='word_1_570' title='bbox 771 2099 825 2134; x_wconf 79' lang='grc' dir='ltr'><strong>ἐγὼ</strong></span> <span class='ocrx_word' id='word_1_571' title='bbox 839 2100 876 2131; x_wconf 83' lang='grc' dir='ltr'>ὡς</span> <span class='ocrx_word' id='word_1_572' title='bbox 888 2108 936 2126; x_wconf 80' lang='grc' dir='ltr'>τα-</span> 
     </span>
    </p>
   </div>
   <div class='ocr_carea' id='block_1_75' title="bbox 985 1550 1771 1587">
    <p class='ocr_par' dir='ltr' id='par_1_75' title="bbox 985 1550 1771 1587">
     <span class='ocr_line' id='line_1_75' title="bbox 985 1550 1771 1587; baseline 0.003 -10"><span class='ocrx_word' id='word_1_573' title='bbox 985 1555 1037 1579; x_wconf 88' lang='lat' dir='ltr'><strong>tes.</strong></span> <span class='ocrx_word' id='word_1_574' title='bbox 1064 1551 1141 1578; x_wconf 89' lang='lat' dir='ltr'><strong>Sicut</strong></span> <span class='ocrx_word' id='word_1_575' title='bbox 1161 1550 1291 1578; x_wconf 86' lang='lat' dir='ltr'><strong>Dominus</strong></span> <span class='ocrx_word' id='word_1_576' title='bbox 1312 1551 1339 1578; x_wconf 93' lang='lat' dir='ltr'><strong>in</strong></span> <span class='ocrx_word' id='word_1_577' title='bbox 1355 1551 1507 1586; x_wconf 82' lang='lat' dir='ltr'><strong>Evangeliis</strong></span> <span class='ocrx_word' id='word_1_578' title='bbox 1524 1560 1530 1576; x_wconf 94' lang='lat'>:</span> <span class='ocrx_word' id='word_1_579' title='bbox 1558 1561 1567 1578; x_wconf 78' lang='grc' dir='ltr'><strong>ι</strong></span> <span class='ocrx_word' id='word_1_580' title='bbox 1581 1552 1771 1587; x_wconf 85' lang='lat' dir='ltr'><strong>Dereliquistis</strong></span> 
     </span>
    </p>
   </div>
   <div class='ocr_carea' id='block_1_76' title="bbox 986 1597 1773 1633">
    <p class='ocr_par' dir='ltr' id='par_1_76' title="bbox 986 1597 1773 1633">
     <span class='ocr_line' id='line_1_76' title="bbox 986 1597 1773 1633; baseline 0.001 -9"><span class='ocrx_word' id='word_1_581' title='bbox 986 1597 1146 1624; x_wconf 85' lang='lat' dir='ltr'><strong>charitatem</strong></span> <span class='ocrx_word' id='word_1_582' title='bbox 1160 1601 1186 1623; x_wconf 89' lang='lat' dir='ltr'><strong>et</strong></span> <span class='ocrx_word' id='word_1_583' title='bbox 1197 1597 1328 1631; x_wconf 89' lang='lat' dir='ltr'><strong>judicium</strong></span> <span class='ocrx_word' id='word_1_584' title='bbox 1340 1605 1371 1624; x_wconf 87' lang='lat' dir='ltr'><strong>ac</strong></span> <span class='ocrx_word' id='word_1_585' title='bbox 1380 1597 1595 1624; x_wconf 60' lang='lat' dir='ltr'><strong>misericordiam</strong></span> <span class='ocrx_word' id='word_1_586' title='bbox 1605 1599 1638 1631; x_wconf 87' lang='grc'><strong>¹⁷;</strong></span> <span class='ocrx_word' id='word_1_587' title='bbox 1651 1607 1659 1624; x_wconf 72' lang='grc' dir='ltr'><strong>ι</strong></span> <span class='ocrx_word' id='word_1_588' title='bbox 1678 1605 1727 1633; x_wconf 92' lang='lat' dir='ltr'><strong>pro</strong></span> <span class='ocrx_word' id='word_1_589' title='bbox 1740 1606 1773 1626; x_wconf 88' lang='lat' dir='ltr'><strong>eo</strong></span> 
     </span>
    </p>
   </div>
   <div class='ocr_carea' id='block_1_77' title="bbox 986 1642 1773 1678">
    <p class='ocr_par' dir='ltr' id='par_1_77' title="bbox 986 1642 1773 1678">
     <span class='ocr_line' id='line_1_77' title="bbox 986 1642 1773 1678; baseline 0 -8"><span class='ocrx_word' id='word_1_590' title='bbox 986 1651 1018 1670; x_wconf 91' lang='lat' dir='ltr'><strong>ac</strong></span> <span class='ocrx_word' id='word_1_591' title='bbox 1038 1642 1111 1670; x_wconf 87' lang='lat' dir='ltr'><strong>dicat</strong></span> <span class='ocrx_word' id='word_1_592' title='bbox 1132 1652 1138 1669; x_wconf 90' lang='lat'><strong>:</strong></span> <span class='ocrx_word' id='word_1_593' title='bbox 1156 1642 1229 1669; x_wconf 79' lang='lat' dir='ltr'><strong>Nihil</strong></span> <span class='ocrx_word' id='word_1_594' title='bbox 1255 1642 1332 1677; x_wconf 88' lang='lat' dir='ltr'><strong>pensi</strong></span> <span class='ocrx_word' id='word_1_595' title='bbox 1362 1642 1467 1670; x_wconf 84' lang='lat' dir='ltr'><strong>habetis</strong></span> <span class='ocrx_word' id='word_1_596' title='bbox 1485 1643 1663 1676; x_wconf 82' lang='lat' dir='ltr'><strong>charitat’em,</strong></span> <span class='ocrx_word' id='word_1_597' title='bbox 1691 1643 1773 1678; x_wconf 87' lang='lat' dir='ltr'><strong>justi-</strong></span> 
     </span>
    </p>
   </div>
   <div class='ocr_carea' id='block_1_78' title="bbox 987 1687 1773 1723">
    <p class='ocr_par' dir='ltr' id='par_1_78' title="bbox 987 1687 1773 1723">
     <span class='ocr_line' id='line_1_78' title="bbox 987 1687 1773 1723; baseline 0 -7"><span class='ocrx_word' id='word_1_598' title='bbox 987 1689 1062 1721; x_wconf 84' lang='lat' dir='ltr'><strong>tiam,</strong></span> <span class='ocrx_word' id='word_1_599' title='bbox 1081 1697 1113 1716; x_wconf 87' lang='lat' dir='ltr'><strong>ac</strong></span> <span class='ocrx_word' id='word_1_600' title='bbox 1128 1689 1332 1723; x_wconf 81' lang='lat' dir='ltr'><strong>benignitatem.</strong></span> <span class='ocrx_word' id='word_1_601' title='bbox 1350 1687 1417 1715; x_wconf 86' lang='lat' dir='ltr'><strong>Nam</strong></span> <span class='ocrx_word' id='word_1_602' title='bbox 1429 1694 1455 1715; x_wconf 89' lang='lat' dir='ltr'><strong>et</strong></span> <span class='ocrx_word' id='word_1_603' title='bbox 1470 1689 1654 1716; x_wconf 88' lang='lat' dir='ltr'><strong>adversarium</strong></span> <span class='ocrx_word' id='word_1_604' title='bbox 1667 1689 1773 1716; x_wconf 88' lang='lat' dir='ltr'><strong>videtur</strong></span> 
     </span>
    </p>
   </div>
   <div class='ocr_carea' id='block_1_79' title="bbox 986 1735 1773 1770">
    <p class='ocr_par' dir='ltr' id='par_1_79' title="bbox 986 1735 1773 1770">
     <span class='ocr_line' id='line_1_79' title="bbox 986 1735 1773 1770; baseline 0.001 -7"><span class='ocrx_word' id='word_1_605' title='bbox 986 1736 1077 1763; x_wconf 78' lang='lat' dir='ltr'><strong>dicere</strong></span> <span class='ocrx_word' id='word_1_606' title='bbox 1090 1735 1220 1763; x_wconf 87' lang='lat' dir='ltr'><strong>Dominus</strong></span> <span class='ocrx_word' id='word_1_607' title='bbox 1236 1743 1286 1770; x_wconf 90' lang='lat' dir='ltr'><strong>pro</strong></span> <span class='ocrx_word' id='word_1_608' title='bbox 1298 1743 1330 1762; x_wconf 90' lang='lat' dir='ltr'><strong>eo</strong></span> <span class='ocrx_word' id='word_1_609' title='bbox 1342 1736 1385 1770; x_wconf 87' lang='lat' dir='ltr'><strong>qui</strong></span> <span class='ocrx_word' id='word_1_610' title='bbox 1401 1735 1482 1762; x_wconf 73' lang='lat' dir='ltr'><strong>laesus</strong></span> <span class='ocrx_word' id='word_1_611' title='bbox 1494 1735 1543 1762; x_wconf 85' lang='lat' dir='ltr'><strong>fuit</strong></span> <span class='ocrx_word' id='word_1_612' title='bbox 1557 1744 1563 1768; x_wconf 87' lang='lat'>;</span> <span class='ocrx_word' id='word_1_613' title='bbox 1581 1736 1670 1763; x_wconf 89' lang='lat' dir='ltr'><strong>velut:</strong></span> <span class='ocrx_word' id='word_1_614' title='bbox 1687 1745 1697 1762; x_wconf 73' lang='grc' dir='ltr'><strong>ι</strong></span> <span class='ocrx_word' id='word_1_615' title='bbox 1708 1735 1773 1764; x_wconf 80' lang='lat' dir='ltr'><strong>Esto</strong></span> 
     </span>
    </p>
   </div>
   <div class='ocr_carea' id='block_1_80' title="bbox 985 1781 1774 1814">
    <p class='ocr_par' dir='ltr' id='par_1_80' title="bbox 985 1781 1774 1814">
     <span class='ocr_line' id='line_1_80' title="bbox 985 1781 1774 1814; baseline -0.001 -5"><span class='ocrx_word' id='word_1_616' title='bbox 985 1782 1135 1809; x_wconf 82' lang='lat' dir='ltr'><strong>benevolus</strong></span> <span class='ocrx_word' id='word_1_617' title='bbox 1154 1781 1310 1808; x_wconf 86' lang='lat' dir='ltr'><strong>adversario</strong></span> <span class='ocrx_word' id='word_1_618' title='bbox 1326 1785 1371 1808; x_wconf 88' lang='lat' dir='ltr'><strong>tuo</strong></span> <span class='ocrx_word' id='word_1_619' title='bbox 1386 1781 1572 1814; x_wconf 63' lang='lat' dir='ltr'><strong>celeritcr’Bp</strong></span> <span class='ocrx_word' id='word_1_620' title='bbox 1593 1786 1684 1808; x_wconf 87' lang='lat' dir='ltr'><strong>monet</strong></span> <span class='ocrx_word' id='word_1_621' title='bbox 1698 1782 1774 1809; x_wconf 87' lang='lat' dir='ltr'><strong>scili-</strong></span> 
     </span>
    </p>
   </div>
   <div class='ocr_carea' id='block_1_81' title="bbox 987 1826 1773 1856">
    <p class='ocr_par' dir='ltr' id='par_1_81' title="bbox 987 1826 1773 1856">
     <span class='ocr_line' id='line_1_81' title="bbox 987 1826 1773 1856; baseline -0.001 -1"><span class='ocrx_word' id='word_1_622' title='bbox 987 1831 1029 1856; x_wconf 88' lang='lat' dir='ltr'><strong>cet</strong></span> <span class='ocrx_word' id='word_1_623' title='bbox 1047 1827 1195 1855; x_wconf 75' lang='lat' dir='ltr'><strong>oﬂ‘ensores</strong></span> <span class='ocrx_word' id='word_1_624' title='bbox 1221 1831 1251 1854; x_wconf 87' lang='lat' dir='ltr'><strong>ut</strong></span> <span class='ocrx_word' id='word_1_625' title='bbox 1275 1827 1386 1853; x_wconf 81' lang='lat' dir='ltr'><strong>omnino</strong></span> <span class='ocrx_word' id='word_1_626' title='bbox 1411 1832 1544 1854; x_wconf 82' lang='lat' dir='ltr'><strong>conentur</strong></span> <span class='ocrx_word' id='word_1_627' title='bbox 1570 1826 1619 1854; x_wconf 87' lang='lat' dir='ltr'><strong>abs</strong></span> <span class='ocrx_word' id='word_1_628' title='bbox 1643 1835 1674 1854; x_wconf 88' lang='lat' dir='ltr'><strong>se</strong></span> <span class='ocrx_word' id='word_1_629' title='bbox 1693 1827 1773 1854; x_wconf 54' lang='lat' dir='ltr'><strong>lusos</strong></span> 
     </span>
    </p>
   </div>
   <div class='ocr_carea' id='block_1_82' title="bbox 986 1872 1773 1908">
    <p class='ocr_par' dir='ltr' id='par_1_82' title="bbox 986 1872 1773 1908">
     <span class='ocr_line' id='line_1_82' title="bbox 986 1872 1773 1908; baseline 0 -9"><span class='ocrx_word' id='word_1_630' title='bbox 986 1873 1105 1908; x_wconf 85' lang='lat' dir='ltr'><strong>placare.</strong></span> <span class='ocrx_word' id='word_1_631' title='bbox 1127 1881 1136 1898; x_wconf 82' lang='grc' dir='ltr'><strong>ι</strong></span> <span class='ocrx_word' id='word_1_632' title='bbox 1149 1873 1217 1905; x_wconf 84' lang='lat' dir='ltr'><strong>Quia</strong></span> <span class='ocrx_word' id='word_1_633' title='bbox 1231 1873 1316 1906; x_wconf 80' lang='lat' dir='ltr'><strong>etepit</strong></span> <span class='ocrx_word' id='word_1_634' title='bbox 1331 1872 1408 1899; x_wconf 87' lang='lat' dir='ltr'><strong>abire</strong></span> <span class='ocrx_word' id='word_1_635' title='bbox 1428 1877 1489 1906; x_wconf 81' lang='lat' dir='ltr'><strong>post</strong></span> <span class='ocrx_word' id='word_1_636' title='bbox 1501 1880 1581 1899; x_wconf 82' lang='lat' dir='ltr'><strong>vana.</strong></span> <span class='ocrx_word' id='word_1_637' title='bbox 1593 1881 1602 1897; x_wconf 81' lang='grc' dir='ltr'><strong>ι</strong></span> <span class='ocrx_word' id='word_1_638' title='bbox 1620 1872 1659 1898; x_wconf 88' lang='lat' dir='ltr'><strong>ita</strong></span> <span class='ocrx_word' id='word_1_639' title='bbox 1673 1872 1773 1907; x_wconf 84' lang='lat' dir='ltr'><strong>quippe</strong></span> 
     </span>
    </p>
   </div>
   <div class='ocr_carea' id='block_1_83' title="bbox 987 1916 1772 1952">
    <p class='ocr_par' dir='ltr' id='par_1_83' title="bbox 987 1916 1772 1952">
     <span class='ocr_line' id='line_1_83' title="bbox 987 1916 1772 1952; baseline -0.003 -7"><span class='ocrx_word' id='word_1_640' title='bbox 987 1925 1017 1945; x_wconf 88' lang='lat' dir='ltr'><strong>se</strong></span> <span class='ocrx_word' id='word_1_641' title='bbox 1030 1917 1169 1952; x_wconf 82' lang='lat' dir='ltr'><strong>gerebant,</strong></span> <span class='ocrx_word' id='word_1_642' title='bbox 1191 1925 1224 1943; x_wconf 83' lang='lat' dir='ltr'><strong>ex</strong></span> <span class='ocrx_word' id='word_1_643' title='bbox 1245 1924 1300 1952; x_wconf 90' lang='lat' dir='ltr'><strong>quo</strong></span> <span class='ocrx_word' id='word_1_644' title='bbox 1324 1916 1458 1943; x_wconf 87' lang='lat' dir='ltr'><strong>idolorum</strong></span> <span class='ocrx_word' id='word_1_645' title='bbox 1477 1917 1663 1951; x_wconf 86' lang='lat' dir='ltr'><strong>superstitioni</strong></span> <span class='ocrx_word' id='word_1_646' title='bbox 1680 1924 1709 1944; x_wconf 91' lang='lat' dir='ltr'><strong>se</strong></span> <span class='ocrx_word' id='word_1_647' title='bbox 1724 1917 1772 1943; x_wconf 87' lang='lat' dir='ltr'><strong>ad-</strong></span> 
     </span>
    </p>
   </div>
   <div class='ocr_carea' id='block_1_84' title="bbox 987 1963 1771 1997">
    <p class='ocr_par' dir='ltr' id='par_1_84' title="bbox 987 1963 1771 1997">
     <span class='ocr_line' id='line_1_84' title="bbox 987 1963 1771 1997; baseline -0.001 -6"><span class='ocrx_word' id='word_1_648' title='bbox 987 1964 1126 1994; x_wconf 78' lang='lat' dir='ltr'><strong>dixerunt,</strong></span> <span class='ocrx_word' id='word_1_649' title='bbox 1142 1963 1244 1990; x_wconf 89' lang='lat' dir='ltr'><strong>omissa</strong></span> <span class='ocrx_word' id='word_1_650' title='bbox 1261 1963 1349 1997; x_wconf 77' lang='lat' dir='ltr'><strong>legum</strong></span> <span class='ocrx_word' id='word_1_651' title='bbox 1372 1970 1492 1989; x_wconf 88' lang='lat' dir='ltr'><strong>mearum</strong></span> <span class='ocrx_word' id='word_1_652' title='bbox 1506 1963 1690 1995; x_wconf 82' lang='lat' dir='ltr'><strong>observantia,</strong></span> <span class='ocrx_word' id='word_1_653' title='bbox 1711 1971 1771 1990; x_wconf 92' lang='lat' dir='ltr'><strong>om-</strong></span> 
     </span>
    </p>
   </div>
   <div class='ocr_carea' id='block_1_85' title="bbox 988 2009 1771 2045">
    <p class='ocr_par' dir='ltr' id='par_1_85' title="bbox 988 2009 1771 2045">
     <span class='ocr_line' id='line_1_85' title="bbox 988 2009 1771 2045; baseline -0.001 -8"><span class='ocrx_word' id='word_1_654' title='bbox 988 2011 1070 2045; x_wconf 85' lang='lat' dir='ltr'><strong>nique</strong></span> <span class='ocrx_word' id='word_1_655' title='bbox 1086 2010 1183 2037; x_wconf 85' lang='lat' dir='ltr'><strong>oﬂicio.</strong></span> <span class='ocrx_word' id='word_1_656' title='bbox 1203 2019 1212 2035; x_wconf 82' lang='lat' dir='ltr'><strong>t</strong></span> <span class='ocrx_word' id='word_1_657' title='bbox 1228 2009 1259 2036; x_wconf 80' lang='lat' dir='ltr'><strong>Et</strong></span> <span class='ocrx_word' id='word_1_658' title='bbox 1274 2017 1324 2043; x_wconf 77' lang='lat' dir='ltr'><strong>ego</strong></span> <span class='ocrx_word' id='word_1_659' title='bbox 1338 2009 1414 2043; x_wconf 87' lang='lat' dir='ltr'><strong>quasi</strong></span> <span class='ocrx_word' id='word_1_660' title='bbox 1430 2009 1604 2036; x_wconf 85' lang='lat' dir='ltr'><strong>conturbatio</strong></span> <span class='ocrx_word' id='word_1_661' title='bbox 1614 2009 1771 2044; x_wconf 87' lang='lat' dir='ltr'><strong>Ephraimo,</strong></span> 
     </span>
    </p>
   </div>
   <div class='ocr_carea' id='block_1_86' title="bbox 987 2054 1772 2091">
    <p class='ocr_par' dir='ltr' id='par_1_86' title="bbox 987 2054 1772 2091">
     <span class='ocr_line' id='line_1_86' title="bbox 987 2054 1772 2091; baseline -0.003 -7"><span class='ocrx_word' id='word_1_662' title='bbox 987 2062 1013 2084; x_wconf 87' lang='lat' dir='ltr'><strong>ct</strong></span> <span class='ocrx_word' id='word_1_663' title='bbox 1027 2057 1083 2091; x_wconf 80' lang='lat'><strong>28</strong></span> <span class='ocrx_word' id='word_1_664' title='bbox 1094 2057 1172 2091; x_wconf 83' lang='lat' dir='ltr'><strong>quasi</strong></span> <span class='ocrx_word' id='word_1_665' title='bbox 1188 2056 1315 2083; x_wconf 89' lang='lat' dir='ltr'><strong>stimulus</strong></span> <span class='ocrx_word' id='word_1_666' title='bbox 1328 2054 1414 2083; x_wconf 65' lang='lat' dir='ltr'><strong>ludat.</strong></span> <span class='ocrx_word' id='word_1_667' title='bbox 1426 2064 1435 2080; x_wconf 68' lang='grc' dir='ltr'><strong>ι</strong></span> <span class='ocrx_word' id='word_1_668' title='bbox 1453 2054 1480 2081; x_wconf 94' lang='lat' dir='ltr'><strong>In</strong></span> <span class='ocrx_word' id='word_1_669' title='bbox 1490 2055 1586 2090; x_wconf 77' lang='lat' dir='ltr'><strong>grandi</strong></span> <span class='ocrx_word' id='word_1_670' title='bbox 1598 2063 1644 2083; x_wconf 88' lang='lat' dir='ltr'><strong>eos</strong></span> <span class='ocrx_word' id='word_1_671' title='bbox 1654 2055 1772 2082; x_wconf 86' lang='lat' dir='ltr'><strong>hostium</strong></span> 
     </span>
    </p>
   </div>
   <div class='ocr_carea' id='block_1_87' title="bbox 987 2101 1773 2137">
    <p class='ocr_par' dir='ltr' id='par_1_87' title="bbox 987 2101 1773 2137">
     <span class='ocr_line' id='line_1_87' title="bbox 987 2101 1773 2137; baseline -0.001 -8"><span class='ocrx_word' id='word_1_672' title='bbox 987 2110 1071 2130; x_wconf 78' lang='lat' dir='ltr'><strong>causa</strong></span> <span class='ocrx_word' id='word_1_673' title='bbox 1101 2101 1304 2137; x_wconf 77' lang='lat' dir='ltr'><strong>perturbatione</strong></span> <span class='ocrx_word' id='word_1_674' title='bbox 1332 2101 1508 2131; x_wconf 80' lang='lat' dir='ltr'><strong>constituam,</strong></span> <span class='ocrx_word' id='word_1_675' title='bbox 1539 2101 1602 2128; x_wconf 87' lang='lat' dir='ltr'><strong>belli</strong></span> <span class='ocrx_word' id='word_1_676' title='bbox 1633 2101 1773 2129; x_wconf 88' lang='lat' dir='ltr'><strong>doloribus</strong></span> 
     </span>
    </p>
   </div>
   <div class='ocr_carea' id='block_1_88' title="bbox 158 2145 937 2188">
    <p class='ocr_par' dir='ltr' id='par_1_88' title="bbox 158 2146 933 2182">
     <span class='ocr_line' id='line_1_88' title="bbox 158 2146 933 2182; baseline -0.001 -10"><span class='ocrx_word' id='word_1_677' title='bbox 158 2146 219 2182; x_wconf 88' lang='grc' dir='ltr'>ραχὴ</span> <span class='ocrx_word' id='word_1_678' title='bbox 232 2147 271 2182; x_wconf 85' lang='grc' dir='ltr'>τῷ</span> <span class='ocrx_word' id='word_1_679' title='bbox 291 2146 420 2182; x_wconf 69' lang='grc' dir='ltr'>Ἐφραῒμ,</span> <span class='ocrx_word' id='word_1_680' title='bbox 436 2147 482 2173; x_wconf 81' lang='grc' dir='ltr'>καὶ</span> <span class='ocrx_word' id='word_1_681' title='bbox 497 2147 534 2178; x_wconf 86' lang='grc' dir='ltr'><strong>ὡς</strong></span> <span class='ocrx_word' id='word_1_682' title='bbox 549 2146 660 2181; x_wconf 81' lang='grc' dir='ltr'>κέντρον</span> <span class='ocrx_word' id='word_1_683' title='bbox 676 2146 714 2181; x_wconf 81' lang='grc' dir='ltr'>τῷ</span> <span class='ocrx_word' id='word_1_684' title='bbox 728 2148 793 2181; x_wconf 74' lang='grc' dir='ltr'>οἴκῳ</span> <span class='ocrx_word' id='word_1_685' title='bbox 813 2146 907 2172; x_wconf 83' lang='grc' dir='ltr'>Ἰούδα.</span> <span class='ocrx_word' id='word_1_686' title='bbox 924 2155 933 2170; x_wconf 73' lang='grc' dir='ltr'><strong>ι</strong></span> 
     </span>
    </p>
   </div>
   <div class='ocr_carea' id='block_1_89' title="bbox 990 2145 1773 2188">
    <p class='ocr_par' dir='ltr' id='par_1_89' title="bbox 990 2145 1773 2183">
     <span class='ocr_line' id='line_1_89' title="bbox 990 2145 1773 2183; baseline -0.004 -8"><span class='ocrx_word' id='word_1_687' title='bbox 990 2148 1066 2183; x_wconf 78' lang='lat' dir='ltr'><strong>quasi</strong></span> <span class='ocrx_word' id='word_1_688' title='bbox 1083 2147 1157 2182; x_wconf 80' lang='lat' dir='ltr'><strong>gravi</strong></span> <span class='ocrx_word' id='word_1_689' title='bbox 1178 2146 1290 2173; x_wconf 90' lang='lat' dir='ltr'><strong>stimulo</strong></span> <span class='ocrx_word' id='word_1_690' title='bbox 1315 2145 1376 2172; x_wconf 85' lang='lat' dir='ltr'><strong>illos</strong></span> <span class='ocrx_word' id='word_1_691' title='bbox 1390 2153 1588 2179; x_wconf 78' lang='lat' dir='ltr'><strong>compungens.</strong></span> <span class='ocrx_word' id='word_1_692' title='bbox 1602 2145 1688 2172; x_wconf 90' lang='lat' dir='ltr'><strong>Porro</strong></span> <span class='ocrx_word' id='word_1_693' title='bbox 1705 2146 1773 2173; x_wconf 75' lang='lat' dir='ltr'><strong>satis</strong></span> 
     </span>
    </p>
   </div>
   <div class='ocr_carea' id='block_1_90' title="bbox 162 2190 934 2226">
    <p class='ocr_par' dir='ltr' id='par_1_90' title="bbox 162 2190 934 2226">
     <span class='ocr_line' id='line_1_90' title="bbox 162 2190 934 2226; baseline -0.001 -9"><span class='ocrx_word' id='word_1_694' title='bbox 162 2190 202 2217; x_wconf 83' lang='grc' dir='ltr'>Ἐν</span> <span class='ocrx_word' id='word_1_695' title='bbox 221 2191 308 2224; x_wconf 84' lang='grc' dir='ltr'>πολλῇ</span> <span class='ocrx_word' id='word_1_696' title='bbox 329 2193 434 2226; x_wconf 85' lang='grc' dir='ltr'>ταραχῇ</span> <span class='ocrx_word' id='word_1_697' title='bbox 449 2191 493 2218; x_wconf 77' lang='grc' dir='ltr'>διὰ</span> <span class='ocrx_word' id='word_1_698' title='bbox 506 2192 559 2217; x_wconf 83' lang='grc' dir='ltr'>τῶν</span> <span class='ocrx_word' id='word_1_699' title='bbox 578 2191 712 2225; x_wconf 86' lang='grc' dir='ltr'>πολεμίων</span> <span class='ocrx_word' id='word_1_700' title='bbox 730 2191 828 2222; x_wconf 78' lang='grc' dir='ltr'>αὐτοὺς</span> <span class='ocrx_word' id='word_1_701' title='bbox 850 2199 934 2216; x_wconf 76' lang='grc' dir='ltr'>κατα-</span> 
     </span>
    </p>
   </div>
   <div class='ocr_carea' id='block_1_91' title="bbox 157 2234 934 2271">
    <p class='ocr_par' dir='ltr' id='par_1_91' title="bbox 157 2234 934 2271">
     <span class='ocr_line' id='line_1_91' title="bbox 157 2234 934 2271; baseline 0.003 -11"><span class='ocrx_word' id='word_1_702' title='bbox 157 2234 252 2270; x_wconf 83' lang='grc' dir='ltr'>στήσω,</span> <span class='ocrx_word' id='word_1_703' title='bbox 266 2235 362 2270; x_wconf 84' lang='grc' dir='ltr'>ὤσπερ</span> <span class='ocrx_word' id='word_1_704' title='bbox 375 2236 428 2262; x_wconf 82' lang='grc' dir='ltr'>τινὶ</span> <span class='ocrx_word' id='word_1_705' title='bbox 440 2235 518 2270; x_wconf 77' lang='grc' dir='ltr'>βαρεῖ</span> <span class='ocrx_word' id='word_1_706' title='bbox 533 2235 637 2271; x_wconf 81' lang='grc' dir='ltr'>κέντρῳ</span> <span class='ocrx_word' id='word_1_707' title='bbox 647 2237 705 2268; x_wconf 75' lang='grc' dir='ltr'>ταῖς</span> <span class='ocrx_word' id='word_1_708' title='bbox 716 2235 819 2262; x_wconf 81' lang='grc' dir='ltr'>ἐκεῖθεν</span> <span class='ocrx_word' id='word_1_709' title='bbox 829 2234 934 2266; x_wconf 73' lang='grc' dir='ltr'>ὀδύναις</span> 
     </span>
    </p>
   </div>
   <div class='ocr_carea' id='block_1_92' title="bbox 157 2280 936 2318">
    <p class='ocr_par' dir='ltr' id='par_1_92' title="bbox 157 2280 936 2318">
     <span class='ocr_line' id='line_1_92' title="bbox 157 2280 936 2318; baseline 0 -11"><span class='ocrx_word' id='word_1_710' title='bbox 157 2280 276 2316; x_wconf 81' lang='grc' dir='ltr'>πλήττων</span> <span class='ocrx_word' id='word_1_711' title='bbox 299 2282 412 2313; x_wconf 77' lang='grc' dir='ltr'>αὐτούς’</span> <span class='ocrx_word' id='word_1_712' title='bbox 437 2282 548 2317; x_wconf 77' lang='grc' dir='ltr'>εὒδηλον</span> <span class='ocrx_word' id='word_1_713' title='bbox 567 2282 621 2318; x_wconf 81' lang='grc' dir='ltr'><strong>γὰρ</strong></span> <span class='ocrx_word' id='word_1_714' title='bbox 645 2283 685 2308; x_wconf 75' lang='grc' dir='ltr'>ὅτι</span> <span class='ocrx_word' id='word_1_715' title='bbox 708 2282 767 2317; x_wconf 75' lang='grc' dir='ltr'>οὐχὶ</span> <span class='ocrx_word' id='word_1_716' title='bbox 781 2282 811 2308; x_wconf 84' lang='grc' dir='ltr'>τὸ</span> <span class='ocrx_word' id='word_1_717' title='bbox 828 2282 876 2316; x_wconf 73' lang='grc' dir='ltr'>μὲν</span> <span class='ocrx_word' id='word_1_718' title='bbox 896 2280 936 2316; x_wconf 83' lang='grc' dir='ltr'>τῷ</span> 
     </span>
    </p>
   </div>
   <div class='ocr_carea' id='block_1_93' title="bbox 164 2326 936 2364">
    <p class='ocr_par' dir='ltr' id='par_1_93' title="bbox 164 2326 936 2364">
     <span class='ocr_line' id='line_1_93' title="bbox 164 2326 936 2364; baseline 0 -11"><span class='ocrx_word' id='word_1_719' title='bbox 164 2326 284 2362; x_wconf 70' lang='grc' dir='ltr'>Ἐφρατμ,</span> <span class='ocrx_word' id='word_1_720' title='bbox 311 2328 343 2354; x_wconf 81' lang='grc' dir='ltr'>τὸ</span> <span class='ocrx_word' id='word_1_721' title='bbox 365 2328 391 2355; x_wconf 81' lang='grc' dir='ltr'>δὲ</span> <span class='ocrx_word' id='word_1_722' title='bbox 417 2327 456 2363; x_wconf 80' lang='grc' dir='ltr'>τῷ</span> <span class='ocrx_word' id='word_1_723' title='bbox 482 2328 567 2364; x_wconf 73' lang='grc' dir='ltr'>Ἰούδᾳ</span> <span class='ocrx_word' id='word_1_724' title='bbox 588 2328 678 2362; x_wconf 84' lang='grc' dir='ltr'>λέγει’</span> <span class='ocrx_word' id='word_1_725' title='bbox 703 2328 773 2355; x_wconf 82' lang='grc' dir='ltr'>κατὰ</span> <span class='ocrx_word' id='word_1_726' title='bbox 797 2327 886 2355; x_wconf 89' lang='grc' dir='ltr'>κοινοῦ</span> <span class='ocrx_word' id='word_1_727' title='bbox 908 2327 936 2354; x_wconf 82' lang='grc' dir='ltr'>δὲ</span> 
     </span>
    </p>
   </div>
   <div class='ocr_carea' id='block_1_94' title="bbox 159 2372 939 2410">
    <p class='ocr_par' dir='ltr' id='par_1_94' title="bbox 159 2372 939 2410">
     <span class='ocr_line' id='line_1_94' title="bbox 159 2372 939 2410; baseline 0.003 -11"><span class='ocrx_word' id='word_1_728' title='bbox 159 2372 316 2408; x_wconf 73' lang='grc' dir='ltr'>ἀμφοτέροις</span> <span class='ocrx_word' id='word_1_729' title='bbox 333 2374 383 2408; x_wconf 85' lang='grc' dir='ltr'><strong>τήν</strong></span> <span class='ocrx_word' id='word_1_730' title='bbox 397 2382 426 2400; x_wconf 89' lang='grc' dir='ltr'><strong>τε</strong></span> <span class='ocrx_word' id='word_1_731' title='bbox 442 2374 563 2410; x_wconf 83' lang='grc' dir='ltr'>ταραχὴν</span> <span class='ocrx_word' id='word_1_732' title='bbox 578 2375 696 2400; x_wconf 73' lang='grc' dir='ltr'>ἐποίσειν</span> <span class='ocrx_word' id='word_1_733' title='bbox 713 2375 760 2400; x_wconf 77' lang='grc' dir='ltr'>καὶ</span> <span class='ocrx_word' id='word_1_734' title='bbox 779 2374 809 2399; x_wconf 84' lang='grc' dir='ltr'><strong>τὺ</strong></span> <span class='ocrx_word' id='word_1_735' title='bbox 825 2374 939 2408; x_wconf 82' lang='grc' dir='ltr'>κέντρον</span> 
     </span>
    </p>
   </div>
   <div class='ocr_carea' id='block_1_95' title="bbox 159 2419 849 2456">
    <p class='ocr_par' dir='ltr' id='par_1_95' title="bbox 159 2419 849 2456">
     <span class='ocr_line' id='line_1_95' title="bbox 159 2419 849 2456; baseline 0.003 -12"><span class='ocrx_word' id='word_1_736' title='bbox 159 2419 228 2452; x_wconf 73' lang='grc' dir='ltr'>φησὶ,</span> <span class='ocrx_word' id='word_1_737' title='bbox 249 2419 341 2451; x_wconf 76' lang='grc' dir='ltr'>καθὼς</span> <span class='ocrx_word' id='word_1_738' title='bbox 356 2421 402 2446; x_wconf 79' lang='grc' dir='ltr'>καὶ</span> <span class='ocrx_word' id='word_1_739' title='bbox 423 2420 451 2446; x_wconf 81' lang='grc' dir='ltr'>ἐν</span> <span class='ocrx_word' id='word_1_740' title='bbox 468 2421 523 2452; x_wconf 85' lang='grc' dir='ltr'>τοῖς</span> <span class='ocrx_word' id='word_1_741' title='bbox 536 2421 682 2456; x_wconf 86' lang='grc' dir='ltr'>ἀνωτέροις</span> <span class='ocrx_word' id='word_1_742' title='bbox 699 2420 849 2454; x_wconf 77' lang='grc' dir='ltr'>ἐδείξαμεν.</span> 
     </span>
    </p>
   </div>
   <div class='ocr_carea' id='block_1_96' title="bbox 189 2464 936 2502">
    <p class='ocr_par' dir='ltr' id='par_1_96' title="bbox 189 2464 936 2502">
     <span class='ocr_line' id='line_1_96' title="bbox 189 2464 936 2502; baseline 0.003 -11"><span class='ocrx_word' id='word_1_743' title='bbox 189 2464 258 2500; x_wconf 78' lang='grc' dir='ltr'>Στίχ.</span> <span class='ocrx_word' id='word_1_744' title='bbox 284 2469 375 2499; x_wconf 81' lang='grc' dir='ltr'>ιγ’-ιε’.</span> <span class='ocrx_word' id='word_1_745' title='bbox 393 2482 426 2487; x_wconf 89' lang='grc'><strong>-</strong></span> <span class='ocrx_word' id='word_1_746' title='bbox 445 2476 454 2492; x_wconf 76' lang='grc' dir='ltr'><strong>ι</strong></span> <span class='ocrx_word' id='word_1_747' title='bbox 476 2468 530 2493; x_wconf 75' lang='grc' dir='ltr'><strong>Καὶ</strong></span> <span class='ocrx_word' id='word_1_748' title='bbox 553 2466 622 2493; x_wconf 80' lang='grc' dir='ltr'>εἶδεν</span> <span class='ocrx_word' id='word_1_749' title='bbox 648 2466 768 2501; x_wconf 75' lang='grc' dir='ltr'>Ἐφραῖμ</span> <span class='ocrx_word' id='word_1_750' title='bbox 790 2467 838 2502; x_wconf 83' lang='grc' dir='ltr'>τὴν</span> <span class='ocrx_word' id='word_1_751' title='bbox 859 2467 936 2494; x_wconf 85' lang='grc' dir='ltr'>νόσον</span> 
     </span>
    </p>
   </div>
   <div class='ocr_carea' id='block_1_97' title="bbox 160 2508 935 2548">
    <p class='ocr_par' dir='ltr' id='par_1_97' title="bbox 160 2508 935 2548">
     <span class='ocr_line' id='line_1_97' title="bbox 160 2508 935 2548; baseline 0.005 -14"><span class='ocrx_word' id='word_1_752' title='bbox 160 2508 242 2542; x_wconf 76' lang='grc' dir='ltr'>αὑτοῦ,</span> <span class='ocrx_word' id='word_1_753' title='bbox 256 2511 303 2536; x_wconf 71' lang='grc' dir='ltr'><strong>καὶ</strong></span> <span class='ocrx_word' id='word_1_754' title='bbox 324 2511 424 2542; x_wconf 81' lang='grc' dir='ltr'>Ἰούδας</span> <span class='ocrx_word' id='word_1_755' title='bbox 438 2512 486 2546; x_wconf 76' lang='grc' dir='ltr'>τὴν</span> <span class='ocrx_word' id='word_1_756' title='bbox 503 2512 599 2547; x_wconf 80' lang='grc' dir='ltr'>ὀδύνην</span> <span class='ocrx_word' id='word_1_757' title='bbox 619 2512 700 2538; x_wconf 75' lang='grc' dir='ltr'>αὑτοῦ</span> <span class='ocrx_word' id='word_1_758' title='bbox 711 2521 717 2526; x_wconf 90' lang='grc'><strong>·</strong></span> <span class='ocrx_word' id='word_1_759' title='bbox 737 2512 784 2539; x_wconf 78' lang='grc' dir='ltr'>καὶ</span> <span class='ocrx_word' id='word_1_760' title='bbox 800 2512 935 2548; x_wconf 75' lang='grc' dir='ltr'>ἐπορεύθη</span> 
     </span>
    </p>
   </div>
   <div class='ocr_carea' id='block_1_98' title="bbox 167 2553 935 2592">
    <p class='ocr_par' dir='ltr' id='par_1_98' title="bbox 167 2553 935 2592">
     <span class='ocr_line' id='line_1_98' title="bbox 167 2553 935 2592; baseline 0.004 -13"><span class='ocrx_word' id='word_1_761' title='bbox 167 2553 276 2589; x_wconf 60' lang='grc' dir='ltr'>Ἐψραῒμ</span> <span class='ocrx_word' id='word_1_762' title='bbox 300 2556 365 2591; x_wconf 73' lang='grc' dir='ltr'>πρὸς</span> <span class='ocrx_word' id='word_1_763' title='bbox 393 2557 563 2592; x_wconf 79' lang='grc' dir='ltr'>Ἀσσυρίους,</span> <span class='ocrx_word' id='word_1_764' title='bbox 580 2557 626 2583; x_wconf 74' lang='grc' dir='ltr'>καὶ</span> <span class='ocrx_word' id='word_1_765' title='bbox 643 2556 786 2583; x_wconf 84' lang='grc' dir='ltr'>ἀπέστειλε</span> <span class='ocrx_word' id='word_1_766' title='bbox 807 2556 935 2592; x_wconf 74' lang='grc' dir='ltr'>πρέσϐεις</span> 
     </span>
    </p>
   </div>
   <div class='ocr_carea' id='block_1_99' title="bbox 161 2599 935 2636">
    <p class='ocr_par' dir='ltr' id='par_1_99' title="bbox 161 2599 935 2636">
     <span class='ocr_line' id='line_1_99' title="bbox 161 2599 935 2636; baseline 0.005 -12"><span class='ocrx_word' id='word_1_767' title='bbox 161 2599 222 2634; x_wconf 76' lang='grc' dir='ltr'>πρὸς</span> <span class='ocrx_word' id='word_1_768' title='bbox 234 2600 344 2635; x_wconf 70' lang='grc' dir='ltr'>βασιλέα</span> <span class='ocrx_word' id='word_1_769' title='bbox 370 2601 490 2636; x_wconf 80' lang='grc' dir='ltr'>Ἰαρείμ·</span> <span class='ocrx_word' id='word_1_770' title='bbox 515 2601 561 2627; x_wconf 81' lang='grc' dir='ltr'>καὶ</span> <span class='ocrx_word' id='word_1_771' title='bbox 584 2601 662 2633; x_wconf 75' lang='grc' dir='ltr'>αὐτὸς</span> <span class='ocrx_word' id='word_1_772' title='bbox 679 2602 729 2628; x_wconf 75' lang='grc' dir='ltr'>οὐκ</span> <span class='ocrx_word' id='word_1_773' title='bbox 749 2601 867 2636; x_wconf 72' lang='grc' dir='ltr'>ἠδυνήθη</span> <span class='ocrx_word' id='word_1_774' title='bbox 889 2601 935 2636; x_wconf 74' lang='grc' dir='ltr'>ρύ-</span> 
     </span>
    </p>
   </div>
   <div class='ocr_carea' id='block_1_100' title="bbox 164 2645 935 2683">
    <p class='ocr_par' dir='ltr' id='par_1_100' title="bbox 164 2645 935 2683">
     <span class='ocr_line' id='line_1_100' title="bbox 164 2645 935 2683; baseline 0.004 -13"><span class='ocrx_word' id='word_1_775' title='bbox 164 2645 250 2673; x_wconf 72' lang='grc' dir='ltr'>σασθαι</span> <span class='ocrx_word' id='word_1_776' title='bbox 274 2647 355 2682; x_wconf 76' lang='grc' dir='ltr'>ὑμᾶς.</span> <span class='ocrx_word' id='word_1_777' title='bbox 381 2656 390 2673; x_wconf 84' lang='grc' dir='ltr'><strong>ι</strong></span> <span class='ocrx_word' id='word_1_778' title='bbox 415 2648 480 2674; x_wconf 80' lang='grc' dir='ltr'>Τότε</span> <span class='ocrx_word' id='word_1_779' title='bbox 506 2647 538 2683; x_wconf 76' lang='grc' dir='ltr'>δὴ</span> <span class='ocrx_word' id='word_1_780' title='bbox 554 2647 607 2674; x_wconf 79' lang='grc' dir='ltr'>τῶν</span> <span class='ocrx_word' id='word_1_781' title='bbox 629 2648 736 2674; x_wconf 82' lang='grc' dir='ltr'>οἰκείων</span> <span class='ocrx_word' id='word_1_782' title='bbox 763 2647 935 2683; x_wconf 76' lang='grc' dir='ltr'>αἰσθήσονται</span> 
     </span>
    </p>
   </div>
   <div class='ocr_carea' id='block_1_101' title="bbox 191 2724 661 2759">
    <p class='ocr_par' dir='ltr' id='par_1_101' title="bbox 191 2724 661 2759">
     <span class='ocr_line' id='line_1_101' title="bbox 191 2724 661 2759; baseline 0.004 -8"><span class='ocrx_word' id='word_1_783' title='bbox 191 2724 208 2739; x_wconf 84' lang='grc'><strong>¹⁷</strong></span> <span class='ocrx_word' id='word_1_784' title='bbox 224 2724 286 2753; x_wconf 87' lang='lat' dir='ltr'><strong>Luc.</strong></span> <span class='ocrx_word' id='word_1_785' title='bbox 300 2734 338 2757; x_wconf 65' lang='grc' dir='ltr'>ιι,</span> <span class='ocrx_word' id='word_1_786' title='bbox 352 2726 400 2753; x_wconf 66' lang='lat'><strong>4-2..</strong></span> <span class='ocrx_word' id='word_1_787' title='bbox 432 2726 453 2742; x_wconf 77' lang='grc'><strong>³⁸</strong></span> <span class='ocrx_word' id='word_1_788' title='bbox 468 2726 560 2753; x_wconf 80' lang='lat' dir='ltr'><strong>Matth.</strong></span> <span class='ocrx_word' id='word_1_789' title='bbox 580 2735 604 2759; x_wconf 83' lang='lat' dir='ltr'><strong>v,</strong></span> <span class='ocrx_word' id='word_1_790' title='bbox 617 2727 661 2754; x_wconf 74' lang='lat'><strong>25.</strong></span> 
     </span>
    </p>
   </div>
   <div class='ocr_carea' id='block_1_102' title="bbox 166 2798 935 2835">
    <p class='ocr_par' dir='ltr' id='par_1_102' title="bbox 166 2798 935 2835">
     <span class='ocr_line' id='line_1_102' title="bbox 166 2798 935 2835; baseline 0.005 -11"><span class='ocrx_word' id='word_1_791' title='bbox 166 2831 171 2835; x_wconf 86' lang='lat'><strong>_</strong></span> <span class='ocrx_word' id='word_1_792' title='bbox 195 2798 227 2832; x_wconf 78' lang='lat' dir='ltr'><strong>(5i</strong></span> <span class='ocrx_word' id='word_1_793' title='bbox 246 2801 438 2828; x_wconf 79' lang='lat' dir='ltr'><strong>Animadverte</strong></span> <span class='ocrx_word' id='word_1_794' title='bbox 454 2802 610 2835; x_wconf 64' lang='lat' dir='ltr'><strong>praeclaram</strong></span> <span class='ocrx_word' id='word_1_795' title='bbox 632 2802 774 2829; x_wconf 85' lang='lat' dir='ltr'><strong>lectionem</strong></span> <span class='ocrx_word' id='word_1_796' title='bbox 787 2803 870 2834; x_wconf 77' lang='grc' dir='ltr'>ἔλεον,</span> <span class='ocrx_word' id='word_1_797' title='bbox 891 2809 935 2829; x_wconf 85' lang='lat' dir='ltr'><strong>cu-</strong></span> 
     </span>
    </p>
   </div>
   <div class='ocr_carea' id='block_1_103' title="bbox 163 2836 935 2870">
    <p class='ocr_par' dir='ltr' id='par_1_103' title="bbox 163 2836 935 2870">
     <span class='ocr_line' id='line_1_103' title="bbox 163 2836 935 2870; baseline 0.003 -9"><span class='ocrx_word' id='word_1_798' title='bbox 163 2839 207 2870; x_wconf 64' lang='lat' dir='ltr'><strong>)us</strong></span> <span class='ocrx_word' id='word_1_799' title='bbox 216 2836 322 2870; x_wconf 77' lang='lat' dir='ltr'><strong>vestigia</strong></span> <span class='ocrx_word' id='word_1_800' title='bbox 346 2836 411 2862; x_wconf 81' lang='lat' dir='ltr'><strong>alibi</strong></span> <span class='ocrx_word' id='word_1_801' title='bbox 438 2844 491 2862; x_wconf 84' lang='lat' dir='ltr'><strong>non</strong></span> <span class='ocrx_word' id='word_1_802' title='bbox 515 2836 695 2867; x_wconf 78' lang='lat' dir='ltr'><strong>inveniebam.</strong></span> <span class='ocrx_word' id='word_1_803' title='bbox 710 2845 743 2864; x_wconf 89' lang='lat' dir='ltr'><strong>ne</strong></span> <span class='ocrx_word' id='word_1_804' title='bbox 759 2839 784 2864; x_wconf 88' lang='lat' dir='ltr'><strong>in</strong></span> <span class='ocrx_word' id='word_1_805' title='bbox 802 2837 935 2863; x_wconf 81' lang='lat' dir='ltr'><strong>Vaticano</strong></span> 
     </span>
    </p>
   </div>
   <div class='ocr_carea' id='block_1_104' title="bbox 169 2868 934 2907">
    <p class='ocr_par' dir='ltr' id='par_1_104' title="bbox 169 2868 934 2907">
     <span class='ocr_line' id='line_1_104' title="bbox 169 2868 934 2907; baseline 0.008 -15"><span class='ocrx_word' id='word_1_806' title='bbox 169 2868 264 2902; x_wconf 81' lang='lat' dir='ltr'><strong>quidem</strong></span> <span class='ocrx_word' id='word_1_807' title='bbox 280 2868 423 2906; x_wconf 66' lang='lat' dir='ltr'><strong>prwnohili</strong></span> <span class='ocrx_word' id='word_1_808' title='bbox 441 2871 520 2902; x_wconf 73' lang='grc'>1209,</span> <span class='ocrx_word' id='word_1_809' title='bbox 537 2880 585 2898; x_wconf 79' lang='lat' dir='ltr'><strong>nec</strong></span> <span class='ocrx_word' id='word_1_810' title='bbox 602 2872 627 2898; x_wconf 91' lang='lat' dir='ltr'><strong>in</strong></span> <span class='ocrx_word' id='word_1_811' title='bbox 640 2871 764 2907; x_wconf 71' lang='lat' dir='ltr'><strong>Vulgata.</strong></span> <span class='ocrx_word' id='word_1_812' title='bbox 775 2872 934 2899; x_wconf 71' lang='lat' dir='ltr'><strong>Praeclaram</strong></span> 
     </span>
    </p>
   </div>
   <div class='ocr_carea' id='block_1_105' title="bbox 983 2190 1771 2227">
    <p class='ocr_par' dir='ltr' id='par_1_105' title="bbox 983 2190 1771 2227">
     <span class='ocr_line' id='line_1_105' title="bbox 983 2190 1771 2227; baseline -0.009 -4"><span class='ocrx_word' id='word_1_813' title='bbox 983 2198 1104 2226; x_wconf 80' lang='lat' dir='ltr'><strong>constat,</strong></span> <span class='ocrx_word' id='word_1_814' title='bbox 1133 2191 1206 2227; x_wconf 84' lang='lat' dir='ltr'><strong>quod</strong></span> <span class='ocrx_word' id='word_1_815' title='bbox 1233 2191 1305 2218; x_wconf 85' lang='lat' dir='ltr'><strong>haud</strong></span> <span class='ocrx_word' id='word_1_816' title='bbox 1328 2191 1442 2217; x_wconf 85' lang='lat' dir='ltr'><strong>alterum</strong></span> <span class='ocrx_word' id='word_1_817' title='bbox 1466 2190 1500 2217; x_wconf 84' lang='lat' dir='ltr'><strong>de.</strong></span> <span class='ocrx_word' id='word_1_818' title='bbox 1524 2190 1671 2225; x_wconf 85' lang='lat' dir='ltr'><strong>Ephraimo</strong></span> <span class='ocrx_word' id='word_1_819' title='bbox 1688 2190 1771 2223; x_wconf 85' lang='lat' dir='ltr'><strong>dicat,</strong></span> 
     </span>
    </p>
   </div>
   <div class='ocr_carea' id='block_1_106' title="bbox 984 2235 1773 2269">
    <p class='ocr_par' dir='ltr' id='par_1_106' title="bbox 984 2235 1773 2269">
     <span class='ocr_line' id='line_1_106' title="bbox 984 2235 1773 2269; baseline -0.008 -1"><span class='ocrx_word' id='word_1_820' title='bbox 984 2242 1098 2268; x_wconf 86' lang='lat' dir='ltr'><strong>alterum</strong></span> <span class='ocrx_word' id='word_1_821' title='bbox 1114 2238 1147 2265; x_wconf 91' lang='lat' dir='ltr'><strong>de</strong></span> <span class='ocrx_word' id='word_1_822' title='bbox 1160 2237 1240 2269; x_wconf 83' lang='lat' dir='ltr'><strong>Juda,</strong></span> <span class='ocrx_word' id='word_1_823' title='bbox 1259 2236 1305 2264; x_wconf 90' lang='lat' dir='ltr'><strong>sed</strong></span> <span class='ocrx_word' id='word_1_824' title='bbox 1319 2243 1490 2263; x_wconf 85' lang='lat' dir='ltr'><strong>communem</strong></span> <span class='ocrx_word' id='word_1_825' title='bbox 1503 2235 1639 2263; x_wconf 85' lang='lat' dir='ltr'><strong>ambobus</strong></span> <span class='ocrx_word' id='word_1_826' title='bbox 1653 2235 1773 2262; x_wconf 84' lang='lat' dir='ltr'><strong>minatur</strong></span> 
     </span>
    </p>
   </div>
   <div class='ocr_carea' id='block_1_107' title="bbox 985 2280 1773 2316">
    <p class='ocr_par' dir='ltr' id='par_1_107' title="bbox 985 2280 1773 2316">
     <span class='ocr_line' id='line_1_107' title="bbox 985 2280 1773 2316; baseline -0.006 -3"><span class='ocrx_word' id='word_1_827' title='bbox 985 2284 1221 2314; x_wconf 84' lang='lat' dir='ltr'><strong>conturbationem</strong></span> <span class='ocrx_word' id='word_1_828' title='bbox 1236 2291 1268 2309; x_wconf 83' lang='lat' dir='ltr'><strong>ac</strong></span> <span class='ocrx_word' id='word_1_829' title='bbox 1280 2283 1431 2314; x_wconf 87' lang='lat' dir='ltr'><strong>stimulum,</strong></span> <span class='ocrx_word' id='word_1_830' title='bbox 1459 2285 1488 2308; x_wconf 85' lang='lat' dir='ltr'><strong>ut</strong></span> <span class='ocrx_word' id='word_1_831' title='bbox 1508 2282 1564 2316; x_wconf 90' lang='lat' dir='ltr'><strong>jatn</strong></span> <span class='ocrx_word' id='word_1_832' title='bbox 1581 2282 1609 2308; x_wconf 91' lang='lat' dir='ltr'><strong>in</strong></span> <span class='ocrx_word' id='word_1_833' title='bbox 1628 2280 1773 2316; x_wconf 48' lang='lat' dir='ltr'><strong>superiori.</strong></span> 
     </span>
    </p>
   </div>
   <div class='ocr_carea' id='block_1_108' title="bbox 986 2328 1316 2358">
    <p class='ocr_par' dir='ltr' id='par_1_108' title="bbox 986 2328 1316 2358">
     <span class='ocr_line' id='line_1_108' title="bbox 986 2328 1316 2358; baseline -0.015 0"><span class='ocrx_word' id='word_1_834' title='bbox 986 2332 1038 2358; x_wconf 87' lang='lat' dir='ltr'><strong>bus</strong></span> <span class='ocrx_word' id='word_1_835' title='bbox 1056 2328 1316 2357; x_wconf 80' lang='lat' dir='ltr'><strong>demonstravimus.</strong></span> 
     </span>
    </p>
   </div>
   <div class='ocr_carea' id='block_1_109' title="bbox 1027 2465 1772 2500">
    <p class='ocr_par' dir='ltr' id='par_1_109' title="bbox 1027 2465 1772 2500">
     <span class='ocr_line' id='line_1_109' title="bbox 1027 2465 1772 2500; baseline 0 -8"><span class='ocrx_word' id='word_1_836' title='bbox 1027 2467 1105 2494; x_wconf 74' lang='lat' dir='ltr'><strong>\&quot;Ens.</strong></span> <span class='ocrx_word' id='word_1_837' title='bbox 1127 2467 1220 2493; x_wconf 71' lang='lat'><strong>15-15.</strong></span> <span class='ocrx_word' id='word_1_838' title='bbox 1236 2481 1269 2485; x_wconf 98' lang='lat'><strong>—</strong></span> <span class='ocrx_word' id='word_1_839' title='bbox 1288 2476 1296 2491; x_wconf 85' lang='grc' dir='ltr'><strong>ι</strong></span> <span class='ocrx_word' id='word_1_840' title='bbox 1311 2466 1343 2492; x_wconf 88' lang='lat' dir='ltr'><strong>Et</strong></span> <span class='ocrx_word' id='word_1_841' title='bbox 1356 2466 1422 2492; x_wconf 81' lang='lat' dir='ltr'><strong>vidit</strong></span> <span class='ocrx_word' id='word_1_842' title='bbox 1435 2465 1599 2500; x_wconf 85' lang='lat' dir='ltr'><strong>Ephraimus</strong></span> <span class='ocrx_word' id='word_1_843' title='bbox 1614 2465 1772 2499; x_wconf 78' lang='lat' dir='ltr'><strong>languorem</strong></span> 
     </span>
    </p>
   </div>
   <div class='ocr_carea' id='block_1_110' title="bbox 987 2510 1772 2546">
    <p class='ocr_par' dir='ltr' id='par_1_110' title="bbox 987 2510 1772 2546">
     <span class='ocr_line' id='line_1_110' title="bbox 987 2510 1772 2546; baseline -0.001 -7"><span class='ocrx_word' id='word_1_844' title='bbox 987 2520 1077 2543; x_wconf 87' lang='lat' dir='ltr'><strong>suum,</strong></span> <span class='ocrx_word' id='word_1_845' title='bbox 1094 2517 1119 2539; x_wconf 83' lang='lat' dir='ltr'><strong>et</strong></span> <span class='ocrx_word' id='word_1_846' title='bbox 1136 2512 1220 2539; x_wconf 86' lang='lat' dir='ltr'><strong>Judas</strong></span> <span class='ocrx_word' id='word_1_847' title='bbox 1235 2512 1356 2539; x_wconf 87' lang='lat' dir='ltr'><strong>dolorem</strong></span> <span class='ocrx_word' id='word_1_848' title='bbox 1373 2519 1462 2538; x_wconf 88' lang='lat' dir='ltr'><strong>suum.</strong></span> <span class='ocrx_word' id='word_1_849' title='bbox 1479 2511 1511 2537; x_wconf 87' lang='lat' dir='ltr'><strong>Et</strong></span> <span class='ocrx_word' id='word_1_850' title='bbox 1527 2511 1594 2538; x_wconf 87' lang='lat' dir='ltr'><strong>abiit</strong></span> <span class='ocrx_word' id='word_1_851' title='bbox 1610 2510 1772 2546; x_wconf 77' lang='lat' dir='ltr'><strong>Ephraimus</strong></span> 
     </span>
    </p>
   </div>
   <div class='ocr_carea' id='block_1_111' title="bbox 986 2555 1772 2593">
    <p class='ocr_par' dir='ltr' id='par_1_111' title="bbox 986 2555 1772 2593">
     <span class='ocr_line' id='line_1_111' title="bbox 986 2555 1772 2593; baseline -0.004 -9"><span class='ocrx_word' id='word_1_852' title='bbox 986 2558 1018 2584; x_wconf 84' lang='lat' dir='ltr'><strong>ad</strong></span> <span class='ocrx_word' id='word_1_853' title='bbox 1035 2557 1173 2593; x_wconf 82' lang='lat' dir='ltr'><strong>Assyrios,</strong></span> <span class='ocrx_word' id='word_1_854' title='bbox 1197 2557 1324 2591; x_wconf 85' lang='lat' dir='ltr'><strong>misitque</strong></span> <span class='ocrx_word' id='word_1_855' title='bbox 1352 2557 1453 2591; x_wconf 82' lang='lat' dir='ltr'><strong>legatos</strong></span> <span class='ocrx_word' id='word_1_856' title='bbox 1467 2555 1500 2583; x_wconf 91' lang='lat' dir='ltr'><strong>ad</strong></span> <span class='ocrx_word' id='word_1_857' title='bbox 1515 2563 1604 2591; x_wconf 74' lang='lat' dir='ltr'><strong>regem</strong></span> <span class='ocrx_word' id='word_1_858' title='bbox 1631 2555 1727 2588; x_wconf 83' lang='lat' dir='ltr'><strong>Jarim,</strong></span> <span class='ocrx_word' id='word_1_859' title='bbox 1748 2560 1772 2583; x_wconf 90' lang='lat' dir='ltr'><strong>et</strong></span> 
     </span>
    </p>
   </div>
   <div class='ocr_carea' id='block_1_112' title="bbox 989 2601 1772 2637">
    <p class='ocr_par' dir='ltr' id='par_1_112' title="bbox 989 2601 1772 2637">
     <span class='ocr_line' id='line_1_112' title="bbox 989 2601 1772 2637; baseline -0.003 -8"><span class='ocrx_word' id='word_1_860' title='bbox 989 2603 1046 2637; x_wconf 83' lang='lat' dir='ltr'><strong>ipse</strong></span> <span class='ocrx_word' id='word_1_861' title='bbox 1063 2612 1115 2630; x_wconf 93' lang='lat' dir='ltr'><strong>non</strong></span> <span class='ocrx_word' id='word_1_862' title='bbox 1137 2603 1222 2637; x_wconf 81' lang='lat' dir='ltr'><strong>potuit</strong></span> <span class='ocrx_word' id='word_1_863' title='bbox 1237 2611 1333 2630; x_wconf 84' lang='lat' dir='ltr'><strong>sanare</strong></span> <span class='ocrx_word' id='word_1_864' title='bbox 1356 2609 1412 2630; x_wconf 88' lang='lat' dir='ltr'><strong>vos.</strong></span> <span class='ocrx_word' id='word_1_865' title='bbox 1426 2612 1435 2628; x_wconf 75' lang='grc' dir='ltr'><strong>ι</strong></span> <span class='ocrx_word' id='word_1_866' title='bbox 1457 2601 1534 2629; x_wconf 92' lang='lat' dir='ltr'><strong>Tunc</strong></span> <span class='ocrx_word' id='word_1_867' title='bbox 1549 2602 1688 2628; x_wconf 81' lang='lat' dir='ltr'><strong>enimvero</strong></span> <span class='ocrx_word' id='word_1_868' title='bbox 1703 2601 1772 2628; x_wconf 82' lang='lat' dir='ltr'><strong>mala</strong></span> 
     </span>
    </p>
   </div>
   <div class='ocr_carea' id='block_1_113' title="bbox 989 2642 1771 2683">
    <p class='ocr_par' dir='ltr' id='par_1_113' title="bbox 989 2642 1771 2683">
     <span class='ocr_line' id='line_1_113' title="bbox 989 2642 1771 2683; baseline -0.004 -7"><span class='ocrx_word' id='word_1_869' title='bbox 989 2656 1037 2675; x_wconf 77' lang='lat' dir='ltr'><strong>sua</strong></span> <span class='ocrx_word' id='word_1_870' title='bbox 1050 2649 1229 2683; x_wconf 81' lang='lat' dir='ltr'><strong>persentient:</strong></span> <span class='ocrx_word' id='word_1_871' title='bbox 1247 2649 1303 2675; x_wconf 70' lang='lat' dir='ltr'><strong>htnc</strong></span> <span class='ocrx_word' id='word_1_872' title='bbox 1314 2649 1386 2675; x_wconf 88' lang='lat' dir='ltr'><strong>enim</strong></span> <span class='ocrx_word' id='word_1_873' title='bbox 1398 2642 1515 2683; x_wconf 79' lang='lat' dir='ltr'><strong>appellat</strong></span> <span class='ocrx_word' id='word_1_874' title='bbox 1525 2648 1682 2682; x_wconf 82' lang='lat' dir='ltr'><strong>languorem</strong></span> <span class='ocrx_word' id='word_1_875' title='bbox 1693 2650 1771 2681; x_wconf 83' lang='lat' dir='ltr'><strong>atque</strong></span> 
     </span>
    </p>
   </div>
   <div class='ocr_carea' id='block_1_114' title="bbox 989 2796 1769 2835">
    <p class='ocr_par' dir='ltr' id='par_1_114' title="bbox 989 2796 1769 2835">
     <span class='ocr_line' id='line_1_114' title="bbox 989 2796 1769 2835; baseline -0.008 -7"><span class='ocrx_word' id='word_1_876' title='bbox 989 2801 1054 2832; x_wconf 81' lang='lat' dir='ltr'><strong>dixi,</strong></span> <span class='ocrx_word' id='word_1_877' title='bbox 1074 2801 1128 2827; x_wconf 87' lang='lat' dir='ltr'><strong>imo</strong></span> <span class='ocrx_word' id='word_1_878' title='bbox 1147 2801 1292 2835; x_wconf 89' lang='lat' dir='ltr'><strong>pretiosam</strong></span> <span class='ocrx_word' id='word_1_879' title='bbox 1310 2799 1452 2826; x_wconf 73' lang='lat' dir='ltr'><strong>let-tionem</strong></span> <span class='ocrx_word' id='word_1_880' title='bbox 1465 2818 1485 2835; x_wconf 20' lang='grc' dir='ltr'>,ν</span> <span class='ocrx_word' id='word_1_881' title='bbox 1499 2799 1561 2835; x_wconf 84' lang='lat' dir='ltr'><strong>quia</strong></span> <span class='ocrx_word' id='word_1_882' title='bbox 1591 2796 1769 2824; x_wconf 72' lang='lat' dir='ltr'><strong>misericordia</strong></span> 
     </span>
    </p>
   </div>
   <div class='ocr_carea' id='block_1_115' title="bbox 989 2833 1768 2870">
    <p class='ocr_par' dir='ltr' id='par_1_115' title="bbox 989 2833 1768 2870">
     <span class='ocr_line' id='line_1_115' title="bbox 989 2833 1768 2870; baseline -0.008 -7"><span class='ocrx_word' id='word_1_883' title='bbox 989 2833 1178 2869; x_wconf 62' lang='lat' dir='ltr'><strong>argumentum</strong></span> <span class='ocrx_word' id='word_1_884' title='bbox 1194 2836 1352 2870; x_wconf 76' lang='lat' dir='ltr'><strong>fructusque</strong></span> <span class='ocrx_word' id='word_1_885' title='bbox 1371 2840 1412 2861; x_wconf 88' lang='lat' dir='ltr'><strong>est</strong></span> <span class='ocrx_word' id='word_1_886' title='bbox 1431 2833 1561 2864; x_wconf 60' lang='lat' dir='ltr'><strong>caritatis,</strong></span> <span class='ocrx_word' id='word_1_887' title='bbox 1573 2841 1632 2868; x_wconf 72' lang='lat' dir='ltr'><strong>qua:</strong></span> <span class='ocrx_word' id='word_1_888' title='bbox 1652 2837 1687 2860; x_wconf 82' lang='lat' dir='ltr'><strong>ttn</strong></span> <span class='ocrx_word' id='word_1_889' title='bbox 1702 2839 1768 2868; x_wconf 71' lang='lat' dir='ltr'><strong>prae—</strong></span> 
     </span>
    </p>
   </div>
   <div class='ocr_carea' id='block_1_116' title="bbox 989 2872 1071 2899">
    <p class='ocr_par' dir='ltr' id='par_1_116' title="bbox 989 2872 1071 2899">
     <span class='ocr_line' id='line_1_116' title="bbox 989 2872 1071 2899; baseline 0 -1"><span class='ocrx_word' id='word_1_890' title='bbox 989 2872 1071 2899; x_wconf 82' lang='lat' dir='ltr'><strong>cedit.</strong></span> 
     </span>
    </p>
   </div>
  </div>
