1940 3064
171 131 224 156 159

792 131 963 160 TllEODORl
984 133 1225 162 MOPSUESTENI

1748 136 1798 164 160

171 187 311 214 dolorem:
330 193 392 212 cum
409 185 534 213 videlicet
552 186 677 220 captivus
690 186 842 214 abducetur
857 188 891 215 ad
905 189 958 215 As-

1018 189 1119 214 ιακῶν·
1147 188 1225 215 τοῦτο
1246 187 1300 224 γὰρ
1325 188 1398 222 λέγει
1415 188 1492 215 νόσον
1508 189 1554 216 καὶ
1573 189 1681 226 ὀδύνην·
1706 190 1744 217 ὅτ’
1764 193 1798 220 ἂν

173 231 262 266 cyrios
279 231 458 265 Ephraimus:
476 232 521 266 qui
539 232 571 258 ad
594 231 783 267 Egyptiorum
796 233 905 268 quidem
923 241 963 260 rc-

173 285 233 311 gem
248 277 349 311 legatos
367 277 490 308 miserat,
513 278 559 305 sed
577 278 678 304 nullam
704 278 767 305 inde
780 287 858 314 opem
878 280 960 314 impe-

174 327 306 349 traverat.
325 331 334 347 ι
350 322 381 349 Et
405 330 459 349 nou
482 323 590 350 desinet
612 328 700 351 vester
715 324 808 358 dolor;
834 327 963 360 quoniam

173 377 224 403 ego
241 369 318 404 quasi
335 369 465 403 panthera
487 369 643 404 Ephraimo,
662 375 689 398 et
705 371 786 406 quasi
813 372 854 398 leo
870 372 963 398 domui

173 415 264 443 Judte;
281 422 331 449 ego
343 415 447 449 rapiam
459 419 487 442 et
497 417 594 442 vatiam
608 419 634 442 et
650 416 752 449 tollam,
763 424 812 444 nec
826 417 871 452 qui
887 423 965 444 eruat.

174 461 236 487 erit.
251 471 260 486 ι
292 459 321 487 In
342 461 483 488 continuis
508 462 717 496 perseverabitis
740 463 837 496 malis;
864 464 964 491 etenim

175 510 304 541 tanquam
320 506 451 540 panthera
468 507 565 540 leoque
580 507 657 534 vobis
671 515 728 538 ero,
745 508 830 534 multa
845 516 892 535 vos
902 516 964 536 cum

174 552 314 579 celeritate
329 552 437 586 rapiens
450 556 477 579 et
487 552 626 580 abducens
642 561 689 587 per
701 554 819 581 hostium
836 555 966 582 incursio-

175 605 252 630 nem;
277 598 343 632 quin
358 605 406 624 vos
421 598 520 632 aliquis
536 598 763 626 incumbentibus
783 601 862 627 malis
879 601 966 636 possit

176 643 346 669 subtrahere.
361 651 370 668 ι
385 642 430 670 Ibo
441 648 468 669 et
482 648 604 670 revertar
617 643 649 670 ad
665 644 753 671 locum
770 652 870 676 meum,
880 646 966 673 donec

176 688 344 722 dispereunt.
360 697 369 714 ι
390 689 609 716 Consentaneum
632 690 777 724 propositae
793 691 966 719 similitudini

176 733 228 761 hoc
243 741 352 769 quoque
370 728 452 761 dicit:
479 735 700 770 quandoquidem
723 735 843 763 ferarum
869 737 962 772 hujus-

177 779 248 806 modi
271 779 315 806 hic
340 787 398 807 mos
420 784 473 812 est,
497 786 527 807 ut
548 787 610 807 cum
627 781 772 808 velocitate
795 782 913 816 rapiant,
940 786 967 810 et

177 827 248 861 quod
267 827 419 854 occurrerit
432 827 575 860 auferant;
591 834 653 854 mox
668 827 701 855 ad
715 828 874 862 speluncam
889 836 965 856 suam

177 873 285 905 abeant,
304 873 396 907 ibique
409 873 541 901 devorent
552 873 671 907 praedam
690 878 771 908 atque
792 878 966 900 consumant.

176 919 248 954 Ergo
272 919 306 946 ad
330 918 491 954 pantheram
507 923 534 946 et
555 919 661 946 leonem
680 919 737 946 haec
752 927 861 954 quoque
882 920 967 947 verba

178 965 287 997 retulit,
312 972 361 999 pro
375 972 408 992 eo
425 969 453 991 ut
466 965 585 992 diceret:
611 964 759 999 Postquam
777 972 826 992 vos
845 965 965 992 hostium

181 1018 264 1038 manu
285 1010 421 1045 praedatus
437 1010 525 1042 fuero,
549 1013 576 1038 et
592 1011 713 1045 captivos
734 1010 834 1042 fecero,
861 1017 966 1038 mecum

177 1056 237 1091 ipse
263 1056 401 1088 habitabo,
430 1064 518 1091 neque
540 1056 574 1083 ad
599 1060 701 1091 gestam
725 1064 782 1084 rem
805 1057 963 1091 respiciam,

178 1103 308 1137 nulloque
322 1102 404 1130 modo
417 1103 494 1130 vobis
505 1102 669 1137 opitulabor,
686 1102 774 1130 donec
795 1103 829 1130 ab
851 1111 965 1138 oppresn

178 1146 288 1174 soribus
297 1147 397 1175 vestris
406 1155 564 1182 supremum
576 1147 687 1174 exitium
699 1148 849 1182 patiamini.
869 1157 878 1174 ι
891 1147 967 1175 Tune

177 1191 286 1219 demum
300 1196 502 1224 convertentur,
521 1196 548 1219 et
564 1191 661 1219 faciem
686 1200 773 1220 meam
789 1193 941 1228 requirent.
954 1203 964 1219 ι

178 1238 256 1266 Tunc
267 1246 333 1267 sane
345 1243 373 1266 et
384 1239 423 1266 illi
435 1239 628 1274 resipiscentes
640 1246 719 1273 opem
743 1246 830 1266 nteant
842 1239 968 1274 implora-

179 1282 258 1309 bunt.

1015 233 1156 268 ἅπάγηται
1186 233 1235 268 μὲν
1263 232 1435 268 αἰχμάλωτος
1461 234 1502 264 εἰς
1526 233 1589 265 τοὺς
1620 234 1800 270 Ἀσσυρίουςό

1021 277 1151 312 Ἐφραῒμ,
1175 277 1348 304 ἀποπέλλων
1363 278 1390 304 δὲ
1409 278 1537 313 πρέσϐεις
1552 278 1598 305 ἐπὶ
1619 279 1665 306 τὸν
1679 280 1734 305 τῶν
1753 281 1801 306 Δί-

1014 324 1137 359 γυτιτίων
1158 323 1278 359 βασιλέα,
1297 324 1333 358 (p.
1348 323 1393 357 45)
1417 323 1483 359 μηδὲ
1509 324 1572 358 μίαν
1595 324 1698 351 ἐκεῖθεν
1721 325 1799 361 κομί-

1015 371 1095 406 ζηται
1120 370 1256 406 βοήθειαν.
1278 379 1287 395 ι
1315 370 1370 396 Καὶ
1396 370 1424 396 οὐ
1452 370 1488 405 μὴ
1509 370 1644 406 δια-παύσῃ
1670 371 1699 404 ἐξ
1722 372 1798 407 ὑμῶν

1015 416 1095 451 ὀδύνη
1106 424 1112 431 ·
1126 416 1192 442 διότι
1206 415 1261 449 ἐγώ
1278 416 1335 450 εἰμι
1351 415 1388 446 ὡς
1403 414 1510 450 πανθηρ
1532 415 1578 449 τῷ.
1598 415 1731 451 Ἐφραῖμ,
1753 418 1801 444 καὶ

1016 461 1053 493 ὡς
1068 461 1135 487 λέων
1151 462 1179 487 ὲν
1201 460 1239 495 τῷ
1264 459 1331 494 οἴκῳ
1353 459 1436 486 Ἰούδα
1446 467 1452 475 ·
1470 459 1516 486 καὶ
1531 459 1585 493 ἐγὼ
1607 460 1738 496 ἁρπῶμαι
1754 462 1802 488 καὶ

1016 506 1188 542 πορεύσομαι
1205 506 1252 532 καὶ
1266 505 1396 540 λήψομαι,
1413 504 1459 531 καὶ
1481 505 1531 531 οὐκ
1546 505 1622 531 ἔσται
1643 506 1657 530 ὁ
1679 505 1802 540 ἐξαιρού-

1018 561 1108 587 μενος.
1129 561 1139 578 ι
1165 550 1209 578 Ἑν
1230 551 1379 582 ἀπαύστοις
1399 551 1504 585 μενεῖτε
1524 552 1628 582 κακοῖς,
1647 552 1738 586 ἐπειδὴ
1764 553 1802 584 ὡς

1016 598 1049 624 ἂν
1097 598 1204 632 πάνθηρ
1221 606 1250 623 τε
1265 597 1311 624 καὶ
1326 597 1393 623 λέων
1408 597 1471 631 ὑμῖν
1490 597 1596 631 ἔσομαι,
1616 598 1685 632 μετὰ
1702 598 1802 633 πολλῆς

1017 643 1088 678 ὑμᾶς
1104 643 1155 679 τῆς
1169 643 1297 678 ὀξύτητος
1310 643 1439 678 ἁρπάζων
1449 651 1478 668 τε
1497 644 1543 669 καὶ
1559 644 1672 676 ἀπάγων
1694 644 1738 670 διὰ
1751 645 1802 678 τῆς

1016 690 1070 716 τῶν
1091 689 1228 724 πολεμίων
1250 689 1357 723 ἐφόδου·
1389 689 1494 720 οὐδενὸς
1523 689 1702 716 ἀπαλλάττειν
1729 690 1802 725 ὑμᾶς

1016 735 1070 761 τῶν
1084 735 1265 769 ἐπικειμένων
1279 733 1371 761 κακῶν
1386 734 1442 761 οἴου
1459 743 1488 760 τε
1502 734 1586 766 ὄντος.
1603 744 1612 760 ι
1632 735 1803 771 Πορεύσομαι

1016 782 1063 807 καὶ
1080 780 1236 816 ἐπιστρέψω
1262 781 1300 812 εἰς
1326 781 1371 806 τὸν
1389 780 1470 806 τόπον
1495 789 1556 815 μου,
1581 780 1634 811 ἕως
1650 778 1680 807 οὗ
1704 781 1802 815 ἀφανι-

1017 825 1112 851 σθῶσι.
1131 834 1141 851 ι
1166 824 1331 855 Ἀκολούθως
1354 826 1387 859 τῇ
1414 824 1498 850 εικόνι
1520 825 1553 860 τῇ
1571 826 1739 861 προκειμένῃ
1755 826 1805 852 καὶ

1017 870 1095 898 τοῦτο
1110 870 1265 906 ἐπήγαγενι
1282 869 1376 904 ἐπειδὴ
1394 869 1449 896 τῶν
1470 869 1596 896 τοιούτων
1616 870 1718 906 θηρίων
1733 871 1797 910 ῐᾷιόν

1015 917 1072 943 ἐστι
1091 916 1159 951 μετὰ
1178 915 1307 951 ὀξύτητος
1327 915 1375 950 μὲν
1392 916 1524 951 ἁρπάζειν
1548 925 1577 943 τε
1600 917 1647 943 καὶ
1667 917 1796 952 ἀφαιρεῖν

1015 961 1046 988 τὺ
1069 961 1248 998 προσπίπτον,
1266 961 1375 988 ἀπιέναι
1389 961 1417 987 δὲ
1433 961 1479 987 ἐπὶ
1494 961 1542 996 τὴν
1559 961 1678 997 μάνδραν
1697 963 1749 998 τὴν
1761 965 1803 990 oio

1015 1008 1103 1040 κείαν,
1120 1005 1178 1034 εἶτα
1192 1007 1285 1034 αὐτόθι
1300 1007 1452 1034 κατεσθίειν
1471 1016 1500 1034 τε
1523 1008 1569 1034 καὶ
1589 1008 1798 1036 καταναλίσκειν

1015 1052 1046 1079 τὸ
1059 1053 1175 1089 ληφθέν-
1188 1052 1256 1084 πρὸς
1276 1050 1321 1078 οὖν
1334 1053 1364 1079 τὸ
1378 1053 1416 1084 ὡς
1436 1052 1542 1088 πάνθηρ
1571 1053 1618 1080 καὶ
1641 1053 1726 1087 λέων,
1746 1055 1801 1081 ἁπ-

1014 1098 1099 1125 έδωκε
1123 1098 1261 1124 καὶτοῦτο
1272 1106 1279 1113 ’
1296 1098 1356 1124 ἀντὶ
1371 1098 1428 1131 τοῦ¹
1450 1098 1589 1134 Ἀρπάσας
1604 1099 1675 1134 ὑμᾶς
1684 1100 1728 1126 διὰ
1743 1100 1800 1126 τῶν

1015 1144 1161 1180 πολεμίων,
1176 1144 1223 1171 καὶ
1237 1144 1425 1179 αἰχμαλώτους
1440 1145 1622 1180 καταστήσας.
1639 1146 1699 1172 κατ’
1714 1147 1798 1180 ἐμαυ-

1015 1193 1061 1220 τδν
1074 1193 1181 1228 ἔσομαι,
1202 1192 1252 1219 οὐκ
1274 1192 1502 1228 ἐπιστρεφόμενος
1527 1193 1594 1228 προς
1609 1193 1642 1219 τὰ
1656 1194 1803 1228 γινόμενα,

1017 1239 1078 1266 οὐδέ
1095 1247 1156 1264 τινα
1180 1238 1269 1273 νέμων
1295 1239 1358 1272 ὑμῖν
1380 1237 1512 1273 βοήθειαν,
1533 1238 1596 1273 ἄχρι
1620 1238 1653 1265 ἂν
1675 1239 1726 1266 ὑπὸ
1748 1239 1802 1266 τῶν

1018 1285 1187 1320 κατεχόντων
1196 1283 1315 1318 παντελῆ
1327 1283 1376 1318 τὴν
1389 1283 1524 1310 ἀπώλειαν
1535 1283 1710 1319 ὑπομείνητε.
1724 1293 1733 1310 ‹
1748 1285 1805 1311 Καὶ

178 1329 371 1364 ἐπιστρέφουσι
395 1329 442 1356 καὶ
465 1329 610 1364 ζητήσουσι
634 1329 664 1356 τὸ
689 1329 833 1365 πρόσωπόν
858 1339 918 1366 μου.
951 1341 961 1357 ι
991 1331 1058 1357 Τότε
1090 1330 1144 1365 γὰρ
1171 1330 1203 1365 δὴ
1227 1330 1349 1356 κάκεῖνοι
1375 1328 1588 1364 μεταϐαλόμενοι
1608 1331 1657 1364 τῆς
1680 1330 1803 1366 βοηθείας

177 1375 318 1410 δεήσονται
337 1376 386 1410 τῆς
402 1376 483 1411 ἐμῆς.

505 1420 581 1446 CAP.
597 1419 642 1446 Vi.

214 1466 268 1501 29
284 1465 367 1493 Vens.
378 1466 430 1493 l-3.
445 1480 479 1485 —
497 1475 505 1491 ι
517 1466 547 1492 ln
559 1466 735 1493 tribulatione
748 1474 797 1494 sua
811 1474 888 1494 mane
902 1467 966 1501 vigi-

179 1511 274 1537 labunt
290 1510 323 1537 ad
340 1518 383 1537 me
402 1510 524 1537 dicentes
542 1518 549 1535 :
574 1509 753 1537 Revertamur
769 1510 802 1537 ad
821 1511 964 1537 Dominum

180 1554 264 1583 Deum
278 1559 421 1588 nostrum;
436 1555 500 1589 quia
514 1555 573 1590 ipse
583 1555 729 1590 percussit,
739 1559 767 1582 et
777 1555 885 1582 sanabit
899 1563 961 1589 nos;

179 1601 345 1632 vulneravit,
363 1605 391 1628 et
405 1600 558 1628 medebitur
577 1601 656 1628 nobis
670 1611 676 1628 :
693 1608 776 1628 sanos
792 1608 843 1628 ηοξ
857 1605 966 1636 pra-sta-

180 1647 219 1674 bit
233 1651 292 1681 post
303 1647 426 1678 biduum,
443 1647 522 1674 tertia
535 1647 579 1674 die
588 1654 773 1682 resurgemus,
787 1648 967 1683 vivemusque

180 1700 272 1719 coram
287 1692 344 1724 illo,
365 1697 392 1720 et
402 1693 531 1720 sciemus.
544 1702 553 1718 ι
571 1691 685 1727 Propter
699 1693 888 1721 incumbentes
899 1694 966 1728 ipsis

181 1738 370 1765 tribulationcs
387 1738 470 1765 multa
490 1745 554 1764 cum
571 1738 712 1765 celeritate
729 1738 761 1765 ad
780 1747 821 1765 me
837 1743 965 1773 current;

181 1790 344 1818 magnopere
353 1783 532 1815 confidentes,
548 1783 606 1810 fore
619 1788 647 1810 ut
659 1785 704 1819 qui
716 1792 763 1811 eos
772 1785 965 1818 percusserim,

180 1829 283 1864 pariter
301 1829 412 1856 omnino
437 1836 548 1861 sanem,
570 1833 597 1856 et.
619 1830 738 1864 acceptis
759 1831 966 1858 convenientem

180 1874 341 1902 vulneribus
364 1874 525 1902 medicinam
553 1874 663 1906 faciam,
691 1876 745 1902 cito
773 1875 916 1903 admodum
940 1879 967 1903 et

180 1920 304 1955 expedite
332 1927 375 1947 res
399 1927 493 1948 eorum
520 1921 698 1955 prosperitati
726 1921 882 1948 restituens.
910 1920 967 1948 lloc

180 1965 253 1993 enim
271 1966 402 1994 denotant
422 1967 521 1994 verba:
539 1977 548 1992 ‹
565 1966 679 1994 Sanabit
694 1974 744 1994 nos
763 1971 825 2002 post.
843 1967 966 2000 biduum,

180 2014 207 2037 et
226 2011 306 2037 tertia
323 2011 367 2038 die
379 2019 562 2047 resurgemus.
580 2021 590 2038 ι
609 2011 675 2038 Tum
690 2012 776 2045 brevi,
796 2013 894 2048 inquit,
917 2021 967 2041 nos

182 2056 299 2088 Sanahit,
324 2062 354 2084 ut
376 2057 410 2084 ad
427 2065 565 2085 summum
582 2058 664 2086 biduo
684 2059 723 2086 vel
744 2059 835 2086 triduo
850 2060 877 2086 in
893 2059 967 2086 anti-

180 2110 262 2137 quam
278 2110 327 2130 nos
340 2108 453 2138 reponat
462 2104 652 2132 valetudinem.
665 2104 750 2132 Dictio
761 2113 825 2133 vero
840 2115 849 2131 ι
860 2105 893 2132 Et
901 2105 968 2133 scie-

181 2155 243 2176 mus
254 2158 262 2174 ι
280 2149 390 2184 ponitur
405 2157 465 2184 pro,
480 2149 589 2177 Meliore
605 2151 760 2178 conditione
774 2152 888 2179 erimus.
904 2151 967 2179 Vel-

1337 1419 1415 1445 ΚΕΦ.
1443 1419 1488 1451 q'.

1054 1465 1128 1501 Στίχ.
1150 1466 1225 1499 ια’-γ’,
1253 1473 1262 1489 ι
1296 1464 1339 1490 Ἐν
1365 1463 1452 1498 θλίψει
1479 1464 1569 1490 αὐτῶν
1596 1463 1803 1499 προσορθριοῦσι

1018 1512 1085 1546 πρός
1111 1519 1144 1546 με
1160 1510 1299 1544 λέγοντες·
1320 1509 1501 1544 Πορευθώμεν
1526 1510 1572 1536 καὶ
1594 1510 1803 1545 ἐπιστρέψωμεν

1017 1558 1083 1594 πρὸς
1093 1558 1139 1583 τὸν
1155 1556 1257 1590 Κύριον
1269 1555 1314 1582 τόν
1329 1556 1393 1582 Θεδν
1413 1555 1502 1590 ἡμῶν,
1519 1556 1559 1582 ὅτι
1574 1555 1653 1587 αὐτὸς
1670 1556 1803 1582 πέπαικεν

1017 1602 1063 1629 καὶ
1083 1602 1188 1628 ἰάσεται
1202 1601 1284 1636 ἡμᾶς,
1306 1600 1420 1632 ’κατάξει
1440 1599 1486 1626 καὶ
1513 1600 1677 1635 μοτώσεται·
1697 1600 1736 1635 (p.
1755 1601 1802 1637 44)

1017 1648 1123 1683 ὑγιάσει
1137 1648 1211 1683 ἡμᾶς
1226 1647 1294 1682 μετὰ
1302 1646 1349 1673 δύο
1359 1647 1476 1682 ἡμέρας,
1489 1647 1518 1673 ὲν
1530 1648 1562 1682 τῇ
1577 1647 1668 1682 ἡμέρᾳ
1678 1648 1710 1682 τῇ
1723 1647 1805 1684 τρίτῃ

1017 1693 1238 1729 ἀναστησόμεθα,
1260 1693 1307 1720 καὶ
1329 1692 1468 1728 ζησόμεθα
1496 1693 1616 1720 ἐναντίον
1640 1693 1737 1726 αὑτοῦ,
1755 1695 1804 1720 καὶ

1017 1739 1186 1775 γνωσόμεθα.
1202 1749 1211 1764 ι
1228 1739 1296 1765 Ὑπὸ
1306 1738 1360 1773 γὰρ
1374 1738 1430 1766 τῶν
1444 1738 1624 1773 ἐπικειμένων
1642 1738 1733 1770 αὐτοῖς
1747 1738 1805 1765 0λέ-

1016 1786 1089 1821 ψεων
1102 1785 1171 1821 μετὰ
1186 1786 1285 1821 πολλῆς
1301 1786 1466 1821 ὁρμήσουσιν
1479 1786 1523 1812 ἐπ’
1536 1786 1586 1821 ἐμὲ
1598 1785 1648 1820 τῆς
1659 1785 1804 1821 ὀξύτητος’

1018 1831 1120 1867 σφόδρα
1137 1839 1168 1865 γε
1185 1830 1350 1866 Θαρροῦντες
1374 1831 1414 1857 ὃτι
1438 1831 1561 1864 πατάξας
1577 1831 1675 1862 αὐτοὺς
1692 1830 1738 1856 καὶ
1760 1831 1803 1857 Ζά-

1020 1885 1101 1912 σομαι
1117 1877 1236 1908 πάντως,
1255 1875 1404 1910 θεραπείαν
1425 1884 1455 1901 τε
1474 1876 1565 1908 ἐπάξω
1586 1876 1642 1906 τοῖς
1666 1874 1803 1909 61:51.6qu-

1017 1922 1093 1949 κόσιν
1109 1922 1200 1953 αὐτοῖς
1215 1921 1381 1956 κατάλληλον
1394 1920 1542 1957 τραύμασι,
1560 1921 1628 1956 μετὰ
1645 1920 1743 1955 πολλῆς
1754 1920 1804 1955 τῆς

1017 1967 1145 2003 ὀξύτητος
1157 1968 1202 1994 καὶ
1212 1968 1262 2002 τῆς
1271 1967 1423 2003 εὐμαρείας
1435 1968 1475 1998 είς
1488 1966 1630 2002 διόρθωσιν
1646 1966 1719 2000 ἄγων
1734 1975 1803 1992 παν-

1017 2014 1082 2049 τελῆ
1096 2013 1130 2041 τὰ
1145 2015 1204 2040 κατ’
1219 2013 1316 2045 αὐτούς
1326 2022 1334 2030 ·
1349 2013 1428 2040 τοῦτο
1447 2012 1500 2048 γὰρ
1512 2012 1636 2046 λέγειτὸ,
1651 2022 1661 2038 ι
1681 2012 1805 2046 ’Υγιάσει

1016 2060 1091 2095 ἡμᾶς
1127 2058 1196 2094 μετὰ
1223 2059 1269 2086 δύο
1293 2059 1417 2094 ἡμέρας,
1444 2059 1473 2084 ὲν
1499 2059 1532 2094 τῇ
1556 2059 1647 2094 ἡμέρᾳ
1672 2060 1704 2093 τῇ
1724 2058 1802 2094 τρίτῃ

1017 2104 1242 2140 ἁναστησόμεθα·
1265 2114 1274 2130 ι
1293 2104 1380 2136 οὕτως
1398 2103 1452 2139 γὰρ
1467 2105 1550 2139 ἡμᾶς,
1563 2105 1638 2138 φησὶ,
1665 2104 1805 2139 συντόμως

1020 2151 1134 2181 ἰάσεται,
1164 2150 1234 2177 ὣστε
1254 2151 1284 2177 ὲν
1305 2149 1352 2176 δύο
1377 2150 1423 2176 καὶ
1447 2150 1535 2185 τρισὶν
1556 2150 1673 2185 ἡμέραις
1694 2150 1724 2176 τὸ
1750 2151 1804 2186 μή-

180 2195 221 2222 υιὶ
236 2195 300 2223 illud
313 2204 319 2221 :
336 2205 346 2222 ι
362 2195 445 2224 Notas
456 2196 521 2223 mihi
535 2197 624 2224 fecisti
639 2197 697 2225 vias
711 2198 826 2230 vilae",t
845 2197 871 2225 id
880 2197 963 2230 est,ln

1018 2203 1118 2228 κιστόν,
1145 2196 1184 2226 εἰς
1206 2194 1255 2230 τὴν
1267 2194 1382 2221 παλαιὰν
1399 2195 1472 2230 ἡμᾶς
1482 2195 1710 2230 ἀποκαταστῆναι
1721 2195 1803 2221 πάλιν

181 2241 236 2268 vita
248 2249 291 2268 me
302 2242 477 2270 constituisti.
491 2253 500 2268 ι
512 2243 720 2279 Persequamur,
731 2249 760 2271 ut.
770 2251 964 2279 cognoscamus

1018 2240 1185 2276 εὐπραγίαν·
1198 2239 1228 2266 τὸ
1242 2239 1280 2272 δὲ,
1297 2249 1307 2265 ι
1324 2240 1379 2265 Καὶ
1390 2239 1557 2275 γνωσόμεθα,
1573 2249 1582 2265 )
1597 2240 1657 2266 ἀντὶ
1667 2239 1713 2266 τοῦ
1723 2260 1731 2271 ,
1757 2241 1801 2266 Ἐν

181 2286 336 2314 Dominum.
348 2297 357 2314 ι
378 2288 507 2316 Studiose
521 2289 665 2316 scientiam
681 2290 743 2324 ejus
760 2290 966 2324 conquiramus.

184 2333 288 2365 tQuasi
323 2338 447 2368 paratmn
481 2335 630 2363 diluculum
663 2335 834 2364 inveniemus
869 2343 965 2362 eum.»

180 2378 354 2412 Adjutoriuin
388 2380 451 2414 ejus
479 2381 671 2408 nauciscemur
701 2382 780 2416 quasi
806 2380 967 2413 diluculum,

181 2424 262 2458 quasi
275 2425 403 2452 nimirum
417 2433 432 2452 e
445 2426 566 2454 tenebris
576 2435 620 2454 res
633 2430 732 2454 nostrae
743 2427 769 2453 in
778 2426 865 2453 lucem
878 2429 968 2454 trans-

182 2468 315 2495 ferantur.
343 2468 516 2504 «Venietque
540 2471 572 2499 ad
594 2479 646 2498 nos
669 2472 748 2506 quasi
770 2471 857 2498 imber
876 2471 966 2498 telluri

181 2515 332 2542 matutinus
347 2520 393 2542 aut
409 2516 556 2545 serotinus.
569 2527 578 2543 ι
608 2517 724 2545 Uberem
746 2516 873 2552 praebebit
886 2517 968 2543 bono-

181 2566 242 2585 rum
254 2559 437 2593 largitionem,
453 2560 534 2588 veluti
547 2562 581 2590 de
591 2567 663 2589 terra
675 2561 782 2589 fructus
794 2561 966 2596 proveniunt.

180 2611 242 2638 quae
258 2605 331 2630 omni
350 2609 473 2636 tempore
489 2604 616 2634 idoneum
630 2607 743 2634 imbrem
758 2606 916 2633 obtinuerit.

1016 2286 1162 2313 ἀπολαύσει
1171 2286 1225 2313 τῶν
1237 2284 1398 2321 κρειττόνων
1413 2285 1547 2320 ἐσόμεθα·
1564 2285 1602 2317 ὼς
1620 2285 1661 2318 τὺ,
1674 2295 1684 2311 ι
1703 2285 1802 2319 Ἐγνώ-

1019 2333 1096 2368 ρισάς
1121 2341 1164 2367 μοι
1192 2331 1268 2363 ὁδοὺς
1286 2331 1370 2366 ζωῆς,
1389 2341 1399 2358 ι
1412 2331 1472 2358 ἀντὶ
1493 2331 1551 2362 τοῦ.
1575 2331 1619 2358 Ἐν
1646 2331 1685 2366 τῷ
1701 2330 1749 2367 ζῇν
1767 2340 1802 2366 με

1017 2378 1197 2413 κατέστησας.
1223 2387 1233 2403 ‹
1260 2377 1395 2412 Διώξομεν
1409 2377 1456 2404 τοῦ
1475 2377 1576 2412 γνῶναι
1592 2377 1636 2404 τὸν
1657 2377 1768 2412 Κύριον.
1787 2386 1799 2402 ι

1019 2425 1097 2453 Μετὰ
1124 2424 1240 2458 σπουδῆς
1262 2423 1344 2451 αὐτοῦ
1364 2423 1414 2458 τῆς
1429 2423 1554 2458 γνώσεως
1569 2422 1801 2458 ἐπιμελησόμεθα.

1023 2480 1033 2496 ‹
1069 2471 1113 2501 Ὧς
1134 2470 1230 2506 ὄρθρον
1259 2470 1364 2505 ἕτοιμον
1396 2469 1547 2505 εὑρήσομεν
1567 2468 1656 2495 αὐτόν.
1681 2478 1690 2494 ›
1705 2468 1804 2500 Τευξό-

1022 2515 1092 2551 μεθα
1103 2515 1159 2551 γὰρ
1180 2514 1262 2542 αὐτοῦ
1281 2516 1330 2551 τῆς
1349 2515 1473 2550 βοηθείας
1493 2514 1571 2550 δίκην
1586 2513 1695 2550 ὄρθρου,
1717 2514 1754 2546 ὣς
1769 2514 1804 2541 ἂν

1020 2562 1053 2586 ἐκ
1070 2561 1180 2592 σκότους
1193 2561 1232 2592 εἰς
1249 2560 1307 2595 φῶς
1321 2559 1506 2596 μεταϐαλόντα
1521 2559 1555 2586 τὰ
1569 2559 1699 2595 ἡμέτερα.
1717 2568 1726 2584 ι
1746 2559 1803 2586 Καὶ

1017 2606 1077 2640 ἥξει
1101 2607 1166 2641 ἡμῖν
1193 2606 1231 2638 ὡς
1255 2606 1330 2637 ὑετὸς
1350 2605 1474 2641 πρώῖμος
1499 2606 1532 2640 τῇ
1556 2606 1602 2640 γῇ.
1631 2614 1640 2630 ι
1670 2604 1803 2638 Ἀφθονον

180 2648 293 2683 παρέξει
302 2648 356 2674 τῶν
367 2646 480 2680 ἀγαθῶν
493 2650 541 2684 τὴν
559 2652 699 2686 χορηγίαν,
717 2652 795 2687 δίκην
815 2651 869 2677 τῶν
888 2651 920 2676 ὲκ
939 2650 992 2685 γῆς
1014 2651 1212 2686 ἀναδιδομένων
1233 2651 1364 2687 καρπῶν“,
1387 2651 1425 2677 ὅτ’
1450 2651 1483 2678 ἂν
1507 2650 1576 2677 κατὰ
1600 2650 1688 2677 πάντα
1708 2650 1805 2685 καιρὸν

178 2693 329 2727 ἐπιτηδείου
347 2691 471 2726 τυγχάνῃ
486 2695 533 2720 τοῦ
552 2697 640 2722 ὑετοῦ,

217 2735 298 2763 Vens.
323 2736 386 2764 4-7.
403 2749 439 2753 —-
455 2734 548 2767 «Quid
576 2739 673 2765 faciam
709 2740 770 2773 tibi,
805 2737 969 2773 prraime?

177 2781 243 2816 quid
264 2781 361 2808 faciant
379 2778 442 2810 tibi,
461 2778 552 2810 Iuda?
576 2783 760 2813 Misericordia
777 2788 867 2812 vestra
890 2784 968 2818 quasi

216 2858 237 2874 "
258 2857 329 2886 Psal.
348 2864 397 2888 xv,
413 2855 456 2881 Η.

1057 2736 1132 2770 Στιχ.
1146 2736 1216 2768 δ’-ζ’.
1226 2751 1260 2756 -
1273 2737 1310 2770 (p.
1326 2735 1370 2770 45)
1381 2745 1390 2760 ι
1403 2735 1436 2762 Τί
1451 2744 1492 2762 σοι
1505 2735 1762 2770 ποιήσω.Ἐφρατμ;
1776 2734 1803 2761 τι

1023 2790 1065 2809 σοι
1088 2782 1206 2817 ποιήσω,
1226 2781 1327 2815 Ἰούδαι
1349 2782 1379 2807 τὸ
1401 2781 1428 2808 δὲ
1454 2781 1527 2813 ἔλεος
1551 2780 1626 2816 ὑμῶν
1645 2780 1681 2813 ὡς
1703 2781 1803 2817 νεφέλη
