1973 3066
149 141 198 167 161

653 140 927 168 COMMENTARIUS
944 139 977 167 IN
997 139 1100 167 OSEIE
1119 139 1196 168 CAP.
1213 139 1258 167 Vl.

1736 141 1786 167 I62

147 197 278 232 πρωῖνὴ,
293 197 341 223 καὶ
359 196 397 228 ὡς
409 197 504 232 δρόσος
517 197 628 233 όρθρινὴ
642 199 821 234 πορευομένη.
837 208 846 224 ι
864 199 946 234 ’Δρχή

1003 199 1087 226 nubes
1109 198 1253 230 matutina,
1267 202 1295 225 et
1311 197 1389 232 quasi
1408 205 1454 225 ros
1470 205 1548 225 mane
1562 197 1759 232 perlransiens.
1773 207 1783 224 ι

147 251 192 274 τις
216 243 299 278 ἐτέρα
318 244 366 269 καὶ
387 243 457 279 αὕτη
473 244 632 276 διαλέξεως,
651 244 685 279 ἢν
705 245 773 280 πρὸς
790 244 834 270 τὸν
848 244 912 271 λαὸν
933 245 953 282 ό

147 288 299 325 προφήτης
318 290 480 325 ἐποιήσατο,
504 290 534 322 ἐξ
551 288 584 326 ἧς
608 290 717 322 ἐδέξατο
738 291 946 325 ἀποκαλύψεως,

146 336 200 370 τὴν
215 335 348 371 ἀφορμὴν
361 336 410 362 τοῦ
425 335 502 370 λόγου
518 336 618 364 λαϐὼν.
635 337 667 363 Τί
681 336 709 363 δὲ
724 337 862 372 προσῆκεν
872 337 946 372 ὑμῖν,

147 381 230 415 φησὶ,
247 383 315 417 παρ’
328 382 397 417 ἐμοῦ
417 382 557 416 γενέσθαι.
575 382 646 409 οὓτω
666 384 835 418 παρανομεῖν
850 383 948 410 ἐσπου-

145 427 281 459 δακόσιν;
304 427 382 461 ,Ἐγὼ
409 428 458 462 μὲν
485 428 539 463 γὰρ
561 428 645 455 ἐλεεῖν
669 429 741 463 ὑμᾶς
760 427 843 455 θέλων
863 428 900 455 τὰ
919 428 948 455 δέ

147 472 332 507 πραττόμενα
345 474 412 509 παρ’
428 473 505 508 ὑμῶν
521 474 571 500 οὐκ
592 474 625 509 ἐᾷ
639 474 763 508 γίνεσθαι
783 473 873 509 τοῦλφ,
899 475 949 509 τὴν

144 519 291 554 τιμωρίαν
310 519 467 552 ἀναγκαίως
483 519 596 546 ἕλκοντα
608 520 652 555 ἐφ’
666 521 737 556 ὑμᾶς
746 529 753 536 ·
771 520 822 547 κᾶν
835 521 859 547 εἰ
871 520 899 546 δέ
911 520 947 555 (6)

147 562 238 588 ἐλεεῖν
267 563 338 598 ὑμᾶς
353 563 547 599 ἐϐουλευόμην,
566 565 671 600 ἀνάγκη
685 565 786 599 ταύτην
804 566 887 601 ἀτελῆ
904 566 950 600 μέ-

147 617 206 634 νειν
233 609 279 643 ἐφ’
307 609 372 644 ὑμῖν
393 609 442 644 τὴν
467 609 598 646 γνώμην,
626 611 673 645 ἀφ’
692 608 729 637 ὧν
750 611 949 647 διαπράττεσθε

148 655 243 691 ἀφανῆ
265 655 431 691 γιγνομένην
450 656 577 688 πάντως·
592 656 630 688 ὠς
651 657 684 683 ἂν
701 657 726 683 εὶ
748 656 848 692 νεφέλη
869 665 912 689 τις
931 656 946 692 ἢ

148 699 249 735 δρόσος
264 700 349 726 ἕωθεν
364 700 432 735 πρὸς
449 701 538 735 ὀλίγον
555 701 685 736 φανέντα,
706 703 878 738 παραχρῆμα
891 701 950 728 δια-

149 745 259 780 λυθείη.
278 755 287 771 1
306 747 354 772 Διὰ
369 746 449 773 τοῦτο
460 747 612 783 ὰπεθέρισα
627 748 690 779 τοὺς
707 748 850 783 προφήτας
860 747 948 783 ὑμῶν,

148 792 307 818 ἀπέκτεινα
329 793 427 824 αὐτοὺς
446 793 475 820 ἐν
495 794 597 829 ῥήματι
617 793 750 828 στόματός
768 801 830 829 μου.
847 802 857 819 ι
881 792 951 819 Καί-

149 847 192 864 τοι
211 847 257 872 γε.
283 839 376 873 φησὶν,
400 838 456 873 ἐγὼ
473 839 520 866 καὶ
542 840 599 870 τοῖς
623 839 777 874 προφήταις
792 840 849 871 τοῖς
863 839 948 874 ἐμοῖς,

999 241 1057 269 Hoc
1067 250 1176 277 quoque
1190 243 1305 269 alterum
1326 243 1501 270 allocutionis
1515 243 1620 270 initium
1637 247 1689 274 est,
1703 250 1785 278 quam

999 287 1031 314 ad
1049 288 1180 322 pupulum
1197 286 1259 314 fecit
1275 287 1417 322 propheta,
1436 295 1469 314 ex
1493 292 1603 322 accepta
1620 287 1786 314 revelatione

999 332 1173 359 occasionem
1186 331 1293 358 dicendi
1311 339 1432 359 sumens.
1450 331 1520 364 Quid
1533 332 1666 366 oportuit,
1685 331 1785 366 inquit,

999 386 1014 404 a
1036 386 1078 406 me
1098 378 1175 406 vobis
1194 378 1264 410 ﬂeri,
1284 378 1334 412 'qui
1351 381 1407 404 tam
1427 377 1550 404 studiose
1563 377 1617 412 30
1631 376 1786 412 peccastis?

999 424 1130 460 Equidem
1143 425 1226 452 vestri
1240 424 1362 452 misereri
1376 425 1483 456 vellem,
1502 424 1548 451 sed
1563 424 1683 451 facinOra
1695 428 1786 451 vestra

1000 479 1054 498 non
1082 471 1185 504 sinunt,
1206 479 1267 506 quae
1281 471 1466 498 necessariam
1488 478 1595 506 pmnam
1611 471 1688 499 vobis
1706 475 1787 497 attra-

1000 517 1082 544 hunt:
1100 518 1208 545 etiamsi
1225 518 1297 545 enim
1317 517 1530 545 misericorditer
1548 517 1689 545 vobiscum
1705 524 1786 552 agerc

1000 564 1127 598 cogitem,
1162 571 1256 591 carere
1285 564 1355 590 hanc
1380 563 1478 591 etfectu
1501 563 1667 590 voluntatem
1698 570 1787 590 meam

1000 613 1117 644 oportet,
1134 610 1197 644 quia
1213 609 1284 637 facta
1299 613 1388 636 vestra
1404 608 1586 636 frustraneam
1602 615 1715 643 prorsus
1728 608 1786 634 elli-

999 657 1086 683 ciunt.
1104 655 1194 683 Veluti
1211 656 1233 684 si
1245 663 1305 690 qua:
1319 655 1418 684 nebula
1434 658 1482 681 aut
1500 662 1547 682 ros
1561 662 1640 682 mane
1654 653 1728 681 brevi
1744 661 1789 689 ap-

1001 705 1105 736 pareat,
1127 701 1218 729 statim
1235 701 1403 729 dissolvitur.
1422 710 1432 726 1
1445 700 1591 736 Propterea
1607 700 1712 728 succidi
1727 707 1789 734 pro-

1002 747 1096 782 phetas
1121 752 1239 779 vestros,
1273 751 1300 774 et
1323 747 1410 774 occidi
1437 754 1484 775 eos
1507 747 1590 774 verbo
1618 746 1675 773 oris
1700 745 1785 772 mei.»

1000 792 1128 821 Profecto
1148 801 1210 828 ego,
1236 793 1336 828 inquit,
1357 793 1439 820 etiam
1463 793 1603 829 prophetis
1620 792 1701 823 meis,
1717 798 1788 827 quos

1001 840 1129 867 utilitatis
1143 844 1242 868 vestrm
1257 847 1341 866 causa
1356 839 1510 871 mittebam,
1529 839 1604 867 necis
1619 838 1790 866 ministrator

149 885 199 916 οὖς
224 884 298 920 ὑπὲρ
317 885 367 920 τῆς
381 872 518 920 ὑμετέρας
531 872 696 912 ἀπέστελλον
709 872 814 921 γρείας,
832 872 948 911 θανατου

1003 885 1058 914 fui:
1083 886 1217 921 siquidem
1237 892 1288 921 ego
1313 885 1375 912 illos
1403 885 1550 912 admonere
1573 891 1623 912 vos
1643 886 1677 912 de
1701 883 1789 911 cilicio

151 931 285 965 πρόξενος
301 931 467 965 ἐγιγνόμην·
482 930 575 966 ἐπειδὴ
597 930 652 965 ἐγὼ
673 931 722 965 μὲν
732 931 832 963 αὐτοὺς
848 931 950 966 ὑπομι-

153 977 290 1012 μνήσκειν
307 977 379 1012 ὑμᾶς
400 977 464 1013 περὶ
487 977 541 1003 τῶν
553 977 667 1004 δεόντων
688 977 813 1004 ἐκέλευον
826 985 833 993 ·
849 978 949 1004 ἐκεῖνοι

148 1023 181 1059 δὲ
201 1024 361 1058 πειθόμενοι
386 1024 437 1059 μὲν
451 1021 521 1059 ἦσαν
543 1024 612 1058 πρὸς
628 1024 700 1059 ὑμᾶς
712 1032 720 1039 ο
740 1024 817 1051 αὐτοὶ
836 1024 864 1051 δὲ
885 1023 947 1050 οὔτε

151 1068 206 1094 τῶν
219 1067 379 1103 λεγομένων
401 1068 463 1095 οὔτε
478 1068 524 1095 τοῦ
552 1068 707 1104 πέμποντος
721 1069 787 1105 ἐμοῦ
803 1069 864 1096 τινὰ
878 1069 949 1105 ἔχον-

153 1122 199 1145 τες
210 1114 289 1146 αἰδῶ,
310 1114 445 1146 ποικίλοις
459 1114 557 1147 αὐτοὺς
570 1114 747 1150 περιεϐάλετε
762 1115 888 1147 θανάτοις
899 1124 906 1131 ·
920 1115 951 1142 τὸ

152 1157 210 1191 οὖν,
220 1170 229 1185 1
247 1160 438 1195 ’Λπεθέρισα,‹
448 1160 495 1186 καὶ
512 1169 520 1186 1
538 1160 699 1188 Ἀπέκτεινα
710 1161 809 1193 αὐτοὺς
817 1161 856 1196 (p.
866 1161 911 1196 46)
921 1162 950 1188 ἐν

154 1207 261 1241 ῥήματι
278 1206 412 1241 στόματός
437 1214 499 1241 μου,
518 1215 527 1231 ›
549 1206 609 1233 ἀντὶ
622 1206 681 1238 τοῦ,
697 1207 787 1238 Αίτιος
807 1208 898 1239 αὐτοῖς
916 1207 949 1234 δι’

152 1249 191 1279 ὧν
214 1253 366 1280 ἐπέταττον
388 1255 476 1279 ποιεῖν
488 1253 618 1288 ἐγινόμην
633 1253 730 1280 τούτου
740 1262 747 1269 '
762 1254 792 1281 οὐ
806 1254 860 1290 γὰρ
872 1254 952 1281 τοῦτο

153 1298 240 1333 λέγει,
249 1300 293 1325 ὃτι
303 1298 385 1330 αὐτος
393 1299 436 1326 διὰ
447 1300 496 1334 τῆς
505 1299 608 1331 οἰκείας
620 1300 712 1334 φωνῆς
721 1299 834 1326 τοιαῦτα
842 1300 951 1327 διετίθει

153 1345 217 1376 τοὺς
232 1346 388 1381 προφήτας,
412 1345 469 1371 ἀλλ’
485 1345 529 1371 ἵνα
551 1345 614 1380 εἴπῃ
631 1346 683 1378 ὅτι,
698 1346 737 1371 Δι’
748 1342 785 1372 ὧν
805 1346 951 1373 ὲπέταττον

154 1391 246 1423 αὐτοῖς
272 1391 342 1426 πρὸς
366 1391 439 1425 ὑμᾶς
462 1391 674 1427 παραγίνεσθαι.
694 1391 793 1427 μικροῦ
815 1400 847 1426 γε
871 1391 951 1418 τοῦτο

153 1437 236 1469 αὐτὸς
257 1436 446 1472 εἰργαζόμην·
470 1435 526 1464 οἷόν
545 1437 604 1464 ἐστι
626 1438 672 1464 καὶ
697 1438 774 1474 παρὰ
801 1437 840 1473 τῷ
863 1446 953 1474 μακαη

156 1482 205 1517 ρίῳ
222 1482 307 1509 Δαυῖδ
324 1483 371 1516 τὸ,
399 1493 409 1509 1
430 1483 584 1516 Ἐξὲκλινας
607 1484 784 1520 τὰς-τρίϐους
806 1483 884 1520 ἡμῶν
899 1484 953 1511 ἀπὸ

153 1529 202 1564 τῆς
217 1528 281 1554 ὀδοῦ
304 1537 368 1555 σου·
394 1539 404 1554 ι
424 1530 473 1565 οὐχ
495 1530 537 1556 ὅτι
560 1529 640 1561 αὐτὸς
661 1529 806 1562 ἐξέκλινεν,
826 1529 894 1556 ἀλλὰ
913 1529 952 1565 τῷ

155 1576 336 1611 συγχωρῆσαι
362 1575 431 1611 πρὸς
453 1576 588 1602 τοσούτων
614 1577 712 1612 πεῖραν
738 1576 837 1608 αὐτοὺς
862 1576 950 1603 ἐλθεῖν

155 1620 261 1653 κακῶν,
287 1621 363 1657 αὐτῷ
385 1621 630 1657 προσλογιζόμενος
651 1622 698 1649 τοῦ
718 1623 879 1658 γιγνομένου
901 1623 950 1659 τὴν

155 1666 257 1693 αἰτίαν.
279 1676 288 1692 1
310 1667 365 1693 Καὶ
379 1667 410 1693 τὸ
432 1667 520 1703 κρίμὰ
538 1676 587 1703 μου
600 1667 639 1700 ὡς
658 1667 914 1702 φῶςτέξελεύσεται.
937 1678 947 1695 ι

162 1712 231 1739 Ἀλλ’
256 1713 288 1739 οὺ
311 1712 365 1748 γὰρ
389 1713 566 1748 ἀνεκδίκητον
589 1713 691 1750 ταύτην
709 1715 786 1749 ὑμῶν
806 1715 879 1742 ἐάσω
900 1715 950 1751 τὴν

156 1758 350 1794 παρανομίαν
367 1759 488 1794 λήψομαι
502 1759 531 1786 δὲ
547 1759 625 1792 δίκας
641 1761 706 1795 παρ’
722 1760 817 1796 ὑμῶν·
835 1761 904 1788 ὥστε
920 1761 950 1794 ἐξ

155 1801 193 1831 ὧν
214 1805 366 1840 ὑπομένειν
391 1805 500 1840 μέλλετε
527 1805 631 1838 κακῶν,
666 1806 755 1841 φωτὸς
779 1807 950 1843 ἐνδηλότερον

158 1851 242 1878 ἅπασι
266 1851 403 1884 γενέσθαι,
426 1852 468 1878 ᾶτι
480 1853 513 1887 τῇ
531 1853 570 1883 εἰς
589 1853 653 1884 τοὺς
672 1855 814 1888 προφήτας
837 1862 950 1889 γεγενη-

160 1898 228 1934 μένῃ
251 1898 319 1933 παρ’
335 1898 414 1932 ὑμῶν
437 1899 594 1934 παρανομία
610 1899 720 1934 κρίνων,
734 1900 790 1930 τοῖς
812 1899 950 1932 τοσούτοις

160 1944 229 1979 ὑμᾶς
243 1944 432 1979 περιῦἐὸληκα
449 1946 544 1976 κακοῖς
554 1953 560 1960 ·
575 1945 622 1971 καὶ
637 1945 743 1976 δεικνὺς
759 1945 800 1971 ὅτι
819 1946 868 1972 οὐκ
888 1946 950 1972 ἁλό-

159 1998 213 2024 γως
228 1990 296 2017 αὐτὸ
311 1991 518 2025 διαπράττεται,
531 1999 539 2015 1
556 1991 628 2017 Διότι
641 1990 714 2017 ἔλεον
731 1991 827 2026 θὲλωῆ
845 1991 948 2022 θυσίαν,

158 2037 205 2063 ’καὶ
219 2038 368 2072 ἐπίγνωσιν
381 2036 449 2063 Θεοῦ
463 2037 479 2072 ἦ
495 2036 685 2072 όλοκαύτωμα.
708 2047 717 2064 ι
743 2037 813 2072 Ἐγὼ
829 2037 878 2073 μὲν
895 2039 949 2074 γὰρ

160 2083 196 2114 ὡς
208 2084 254 2110 καὶ
269 2083 371 2110 θυσιῶν
391 2083 437 2109 καὶ
457 2083 692 2118 ὁλοκαυτωμάτων
711 2083 849 2119 προτιθεὶς
868 2084 898 2110 τὸ
909 2085 952 2111 εὺ‹

160 2129 233 2161 me;
245 2130 311 2164 ὑμῖν
323 2130 447 2165 ποιῆσαι,
462 2130 507 2156 καὶ
521 2129 589 2166 πρὸς
600 2130 748 2164 ἐπίγνωσιν
765 2131 880 2165 ἀγαγεῖν
900 2130 949 2166 τὴν

161 2175 238 2211 ἐμὴν,
263 2176 387 2210 ἔπεμπον
408 2176 470 2207 τοὺς
493 2176 651 2211 προφήτας·
677 2175 770 2211 ἐπειδὴ
790 2175 818 2202 δὲ
837 2175 949 2204 τοιαῦτα

160 2222 255 2253 αὐτοὺς
272 2221 439 2254 διατιθέντες
464 2223 558 2253 κακοῖς
580 2220 727 2256 ὴμείὸεσθε
745 2221 779 2248 τὰ
796 2222 860 2256 παρ’
883 2221 950 2256 ἐμοῦ

160 2268 305 2303 γινόμενα,
333 2267 434 2294 δώσετε
464 2267 519 2294 τῶν
547 2267 791 2302 παρανομημάτων
812 2267 890 2303 δίκην
915 2267 954 2294 δι-

162 2314 253 2340 καίαν·
271 2315 310 2348 (p.
322 2314 368 2347 47)
382 2314 457 2340 ἐλέου
469 2314 524 2349 γὰρ
533 2313 564 2340 τὸ
577 2313 626 2339 καὶ
642 2313 712 2349 ὑπὲρ
722 2312 776 2339 τῶν
791 2313 950 2348 πασχόντων

162 2359 251 2391 κακῶς
265 2359 388 2394 τιμωρίᾳ¹
400 2367 432 2385 πε
438 2358 572 2393 ριὸάλλειν
583 2358 645 2389 τοὺς
656 2357 826 2390 ἀδικοῦντας.
843 2367 852 2383 1
869 2358 951 2385 Αὐτοὶ

161 2404 188 2430 δέ
206 2406 273 2432 εἰσιν
299 2406 337 2436 ὡς
360 2405 502 2440 ἄνθρωπος
528 2404 706 2440 παραϐαίνων
729 2404 873 2440 διαθήκην,
892 2405 951 2431 ἐκεῖ

163 2451 365 2487 κατεφρόνησαν
389 2460 451 2487 μου.
471 2461 481 2476 ι
504 2450 681 2486 ΒΙεμενήκατε
703 2451 756 2485 γὰρ
778 2450 824 2476 ἐπὶ
837 2451 886 2486 τῆς
901 2451 949 2485 βά-

164 2505 228 2529 σεως
248 2499 287 2533 (ἶ)
304 2499 353 2534 τῆς
373 2498 485 2530 οἰκείας,
508 2497 564 2524 τῶν
585 2497 634 2532 μὲν
651 2496 753 2524 ἄνωθεν
777 2497 842 2532 ὑμῖν
859 2505 950 2524 συντε-

1001 938 1093 961 vestro
1108 932 1289 965 mandabam;
1313 935 1340 959 et
1363 931 1402 958 illi
1418 931 1527 966 quidem
1541 938 1591 959 vos
1609 930 1791 958 adhortaban-

1001 984 1062 1011 tur;
1090 979 1137 1006 sed
1159 986 1208 1006 vos
1231 983 1339 1010 contra,
1365 978 1468 1005 nullam
1490 978 1547 1005 sive
1566 977 1714 1004 dicentium
1732 977 1790 1004 sive

1002 1024 1055 1051 mei
1084 1024 1220 1052 mittentis
1247 1024 1428 1051 reverentiam
1454 1023 1597 1055 habentes,
1627 1023 1713 1050 variis
1742 1030 1792 1050 eos

1003 1069 1138 1097 mortibus
1152 1069 1291 1097 atl‘ecistis.
1306 1069 1400 1105 Itaque
1411 1069 1543 1096 vocabula
1561 1079 1570 1094 1
1585 1068 1711 1100 Succidi,
1725 1078 1734 1094 ι
1751 1073 1790 1100 et,

1005 1125 1014 1141 1
1024 1115 1119 1143 Occidi
1130 1123 1177 1143 eos
1191 1116 1275 1143 verbo
1291 1115 1348 1142 oris
1362 1115 1430 1146 mei,
1442 1125 1451 1140 ι
1473 1119 1614 1150 ponuntur
1630 1122 1689 1150 pro,
1701 1114 1790 1142 Causa

1002 1171 1052 1199 ego
1069 1163 1111 1190 his
1126 1162 1165 1190 fui
1182 1163 1222 1190 rei
1240 1161 1395 1197 hujusmodi
1412 1166 1523 1197 propter
1547 1161 1706 1196 impositum
1722 1161 1790 1196 ipsis

1003 1210 1172 1237 mamlatum.
1189 1209 1248 1236 Non
1264 1216 1329 1244 ergo
1342 1209 1390 1239 ait,
1411 1215 1441 1236 se
1451 1215 1516 1235 voce
1530 1210 1640 1242 propria
1653 1208 1693 1235 sic
1709 1208 1792 1235 inter-

1003 1254 1103 1282 fecisse
1119 1254 1279 1289 prophetas,
1303 1253 1351 1280 sed
1369 1253 1444 1288 quia,
1469 1253 1584 1288 Propter
1596 1253 1790 1280 demandatum

1003 1300 1037 1328 iis
1050 1300 1122 1335 apud
1135 1307 1184 1327 vos
1199 1299 1332 1331 ofﬁcium,
1349 1299 1407 1334 ipse
1421 1298 1616 1334 propemodum
1633 1306 1714 1326 neces
1730 1299 1791 1326 illas

1003 1351 1150 1376 exsecutus
1163 1354 1235 1374 sum.
1252 1345 1332 1373 Velut
1346 1346 1427 1374 etiam
1442 1345 1512 1380 apud
1525 1345 1634 1373 beatum
1646 1344 1790 1372 Davidem:

1007 1405 1016 1420 1
1028 1393 1174 1422 Declinasti
1188 1393 1301 1421 semitas
1314 1396 1424 1420 nostras
1436 1399 1452 1419 a
1464 1392 1505 1419 via
1519 1395 1564 1419 tua
1573 1391 1611 1417 ὀε
1624 1401 1634 1417 ι
1651 1398 1706 1418 non
1718 1391 1792 1426 quod

1004 1441 1063 1476 ipse
1073 1440 1185 1468 semitas
1199 1439 1377 1467 declinaverit
1389 1460 1397 1472 ,
1409 1437 1457 1465 sed
1473 1437 1538 1472 quia
1549 1436 1673 1472 permisit
1691 1437 1718 1464 in
1735 1441 1792 1464 tan-

1004 1491 1062 1514 tum
1081 1486 1144 1513 illos
1158 1485 1287 1513 devenire
1300 1484 1445 1516 malorum,
1470 1483 1532 1510 ideo
1553 1483 1605 1510 sibi
1624 1482 1664 1510 rei
1678 1490 1792 1510 causam

965 1542 987 1571 c
1004 1531 1207 1568 quodammodo
1231 1530 1365 1558 attribuit.
1386 1529 1438 1568 1_Et
1459 1528 1592 1564 judicium
1606 1536 1696 1556 meum
1712 1528 1792 1563 quasi

1005 1579 1050 1605 lux
1068 1577 1257 1613 egredietur.»
1282 1576 1363 1611 Atqui
1386 1583 1440 1603 non
1467 1575 1604 1610 impunem
1632 1575 1793 1610 praevarica-

1005 1625 1106 1652 tionem
1123 1624 1193 1651 hanc
1217 1627 1334 1651 vestram
1353 1630 1415 1651 esse
1430 1621 1536 1654 sinam;
1565 1629 1628 1649 nam
1652 1628 1747 1656 pmnas
1775 1628 1792 1647 ι

1004 1670 1082 1698 vobis
1098 1676 1260 1705 reposcam;
1281 1669 1318 1696 ita
1334 1671 1364 1695 ut
1380 1675 1413 1695 ex
1426 1667 1458 1695 iis
1476 1674 1537 1702 quae
1547 1666 1685 1701 patiemini
1700 1665 1791 1697 malis,

1004 1717 1066 1744 luce
1077 1716 1177 1744 clarius
1194 1715 1303 1743 cunctis
1317 1715 1374 1746 ﬁat,
1391 1721 1435 1741 me
1450 1718 1572 1741 vestrum
1586 1713 1719 1740 adversus
1733 1719 1794 1748 pro-

1004 1763 1101 1798 phetas
1129 1762 1234 1790 crimen
1259 1761 1447 1791 ulciscentem,
1473 1759 1557 1786 tantis
1580 1766 1629 1786 vos
1643 1759 1723 1786 malis
1742 1759 1794 1786 im-

1004 1808 1143 1843 plicuisse.
1165 1806 1318 1841 Ceteroqui
1335 1809 1364 1832 ut
1375 1804 1503 1832 ostendat
1517 1812 1547 1832 se
1560 1811 1614 1831 non
1629 1804 1733 1839 absque
1747 1810 1793 1830 ra-

1004 1854 1078 1881 tione
1095 1853 1122 1881 id
1143 1860 1233 1888 agere,
1254 1861 1263 1878 1
1284 1850 1354 1884 Quia
1372 1850 1598 1882 misericordiam,
1614 1849 1713 1885 inquit,
1731 1849 1794 1876 volo

1004 1904 1031 1928 et
1050 1907 1105 1927 non
1118 1898 1294 1929 sacrificium,
1309 1901 1336 1924 et
1349 1896 1494 1924 scientiam
1510 1895 1556 1924 Dei
1573 1896 1635 1930 plus
1649 1903 1731 1930 quam
1748 1895 1794 1922 hoc

1004 1947 1137 1974 locausta.
1151 1955 1160 1970 ι
1179 1945 1284 1972 Etenim
1300 1951 1352 1978 ego
1366 1951 1416 1970 ceu
1436 1943 1460 1969 si
1474 1942 1571 1969 vellem
1593 1941 1792 1969 sacriﬁciorum

1003 1999 1113 2027 quoque
1133 1994 1160 2018 et
1182 1990 1404 2017 holocaustorum
1420 1987 1551 2014 vilitatem
1565 1986 1616 2021 31
1637 1987 1714 2014 vobis
1732 1993 1793 2014 sua.

1004 2039 1078 2069 dere,
1095 2041 1176 2072 atque
1189 2036 1221 2063 ad
1235 2035 1286 2062 mei
1302 2034 1469 2069 agnitionem
1487 2032 1633 2066 adducere,
1647 2032 1791 2067 prophetas

1004 2081 1155 2109 mittebam.
1177 2079 1255 2106 Nunc
1279 2079 1344 2113 quia
1365 2079 1406 2106 sic
1425 2078 1486 2105 illos
1508 2081 1669 2110 tractantes,
1691 2077 1791 2104 malam

1004 2127 1070 2154 mihi
1093 2125 1299 2153 retributionem
1323 2123 1473 2156 obtulistis,
1491 2123 1593 2157 justam
1616 2126 1791 2157 peccatorum

1004 2173 1152 2201 vindictam
1178 2171 1329 2207 perfcrctis.
1357 2169 1424 2196 Nam
1450 2168 1646 2196 misericordia:
1670 2167 1790 2194 oﬂicium

967 2224 989 2250 ι)
1004 2226 1113 2254 quoque
1124 2223 1177 2248 est,
1204 2220 1315 2251 propter
1329 2222 1378 2242 eos
1389 2213 1436 2249 qui
1453 2213 1523 2240 male
1537 2216 1601 2240 sunt
1621 2211 1707 2246 passi,
1725 2218 1792 2245 sup-

1002 2265 1113 2300 plicium
1134 2262 1276 2297 iniuriosis
1289 2261 1447 2288 decernere.
1467 2267 1477 2284 1
1491 2258 1542 2293 Ipsi
1557 2261 1647 2285 autem
1660 2261 1790 2291 tanquam

1002 2311 1085 2339 homo
1107 2313 1216 2345 pactum
1240 2307 1456 2342 transgrediens,
1482 2305 1538 2332 illic
1559 2311 1603 2331 me
1618 2307 1791 2338 contempse-

1002 2361 1076 2384 runt.
1090 2365 1099 2381 ι
1119 2354 1175 2382 Vos
1192 2357 1282 2380 autem
1304 2353 1330 2379 in
1356 2351 1577 2386 transgressione
1591 2355 1681 2376 vestra
1697 2357 1789 2384 perse-

1002 2401 1130 2433 verastis,
1155 2399 1278 2435 neglecto
1293 2398 1367 2433 quod
1392 2404 1499 2424 mecum
1514 2395 1657 2431 pepigistis
1676 2395 1790 2429 antiquo

1003 2449 1115 2479 foedere,
1130 2453 1227 2480 meque
1238 2451 1351 2479 prorsus
1361 2443 1500 2477 despecto,
1518 2441 1587 2468 adeo
1605 2445 1634 2467 ut
1646 2441 1791 2475 prophetas

1002 2501 1111 2530 quoque
1125 2493 1150 2520 id
1166 2492 1242 2519 vobis
1257 2493 1504 2518 commemorantes
1521 2488 1726 2515 interfeceritis.

165 2543 260 2571 θέντων
289 2545 357 2580 πρὸς
378 2544 429 2580 ἐμὲ
447 2544 525 2579 λόγον
545 2543 642 2571 οὐδένα
662 2543 835 2579 ποιούμενοι,
863 2541 1139 2579 καταπεφρονηκότες
1170 2539 1198 2567 δέ
1225 2546 1275 2574 μου
1301 2535 1455 2568 παντελῶς·
1481 2535 1551 2562 ὥστε
1571 2535 1619 2561 καὶ
1642 2535 1706 2567 τοὺς
1725 2535 1790 2561 ὐπο-

164 2591 360 2625 μιμνήσκοντας
385 2591 458 2625 ὑμᾶς
480 2590 545 2626 περὶ
574 2590 669 2616 τούτου
707 2589 761 2616 τῶν
796 2590 942 2624 προφητῶν
961 2589 1075 2616 ἀνελεῖν.

196 2652 266 2686 Στίχ.
286 2655 372 2686 ἠ’-ια’.
392 2667 427 2672 --
443 2660 453 2676 1
471 2650 597 2684 Γάλγαλα
611 2650 688 2682 πόλις
704 2649 876 2685 ἐργαζομένη
897 2640 949 2684 μά-

165 2705 232 2725 ταια.
255 2708 264 2724 ι
292 2699 372 2725 Αἰτία
390 2697 419 2724 δέ
440 2697 542 2724 τούτων
561 2697 626 2732 ὑμῖν
643 2697 660 2731 ἡ
677 2695 802 2730 Γάλγαλα
815 2716 822 2727 ,
843 2696 907 2731 παρ’

213 2767 236 2782 ¹⁶
249 2767 320 2794 Psal.
331 2775 413 2799 mn,
427 2767 471 2794 10.

199 2837 235 2872 (6)
262 2837 329 2865 Cod.
349 2837 430 2870 οὐδέ,
453 2836 525 2872 quod
547 2836 637 2872 visum
667 2837 709 2862 est
740 2833 944 2872 corrigendum,

165 2869 323 2935 quamquam
344 2869 506 2907 plerumque
521 2871 608 2899 codex
630 2875 672 2897 est
693 2869 943 2901 emendatissimus,

184 2915 290 2935 mianue
304 2912 330 2935 et
342 2909 445 2935 ontima
460 2915 540 2935 manu
554 2907 683 2935 scriptus.

184 2915 290 2944 mleque
304 2912 330 2935 et
342 2910 445 2943 optima
460 2915 540 2935 manu
554 2910 683 2942 scriptus.

1037 2647 1122 2675 Vens.
1149 2645 1226 2673 8-H.
1247 2659 1282 2664 -—-
1308 2653 1316 2668 1
1330 2641 1441 2678 Galgala
1461 2641 1558 2668 civitas
1578 2647 1638 2675 qua:
1661 2643 1791 2674 operatur

1003 2702 1104 2722 vana.»
1132 2692 1221 2719 Causa
1246 2691 1343 2717 horum
1370 2688 1449 2716 vobis
1469 2686 1592 2722 Galgala,
1617 2685 1688 2720 apud
1708 2691 1788 2720 quam

1035 2832 1074 2867 (7)
1088 2832 1128 2858 lla
1140 2831 1202 2859 cod.
1216 2832 1331 2868 βάσεως,
1342 2838 1390 2858 seu
1401 2828 1544 2861 mendose,
1555 2830 1586 2854 ut
1598 2825 1727 2858 arbitror,
1738 2829 1791 2860 pro

999 2867 1190 2904 παραϐάσεως.
