1940 3064
164 144 215 172 Ιΰδ

746 141 920 173 THEODORI
943 144 1186 173 MOPSUESTENI

1738 145 1786 172 161

161 200 273 228 noxium
299 207 455 234 vanumque
481 199 614 226 idolorum
639 201 761 228 studium
777 203 948 237 expromitis.

1002 203 1051 238 τὴν
1068 201 1200 237 ὲπιϐλαϐῆ
1219 201 1264 227 καὶ
1288 201 1400 236 μάταιον
1418 200 1481 235 περὶ
1503 200 1538 226 τὰ
1554 199 1651 227 εἴδωλα
1668 201 1786 237 σπουδὴν

161 247 206 273 Sic
220 246 292 273 enim
307 252 332 273 et
355 246 381 272 in
401 246 591 280 superioribus
607 247 687 278 dixit,
713 258 722 273 ι
735 247 774 275 Nc
788 249 908 275 abieritis
923 249 949 276 in

161 289 272 325 Galgala
297 290 453 323 civitatein;
482 298 569 325 neque
597 299 665 318 vana
692 293 879 327 operamini,»
902 295 948 324 ait.

161 341 191 362 ιιι
205 344 265 370 qum
281 336 307 362 in
321 344 352 363 ea
366 340 520 371 patrantur,
538 336 683 372 signiﬁcet.
704 347 714 362 ι
725 338 790 370 Qua:
805 339 952 366 conturbat

160 389 291 416 aquam.»
313 380 352 408 llli
379 382 424 416 qui
453 382 652 416 linipitudincm
680 388 706 410 et
730 384 874 418 puritatem
899 385 951 419 piae

162 426 311 461 religionis,
327 427 353 453 in
370 427 422 454 mei
446 428 585 462 agnitione
600 434 787 462 apparentem,
814 430 949 457 idolorum

161 471 323 499 admistione
333 473 485 506 inquinant.
502 482 511 498 ι
524 473 691 501 Etfortitudu
701 475 814 505 tua.viri
828 477 946 511 piratae.)

160 517 226 549 Quae
247 517 301 545 vim
321 525 398 545 suain
417 518 544 545 videlicet
568 519 594 545 in
616 520 767 547 errantium
795 521 894 548 danino
907 522 951 549 de-

160 567 312 593 monstrat;
332 563 561 597 quemadmodum
576 573 635 592 mos
653 571 695 592 est
710 567 817 601 piratis,
833 567 948 595 aliorum

161 608 268 636 damnis
302 609 468 641 incumbere,
495 618 614 645 suasque
636 612 708 639 vires
736 613 764 639 in
790 618 950 641 cancrorum

161 654 282 689 pernicie
310 654 464 681 ostendere.
498 655 646 683 «Celarunt
677 657 834 685 sacerdotes
865 659 948 691 viam,

162 698 300 725 occisione
321 697 421 726 Sicima
437 704 621 734 peremerunt,
639 701 702 735 quia
718 702 889 737 iniquitatem
907 712 951 738 pa-

165 748 305 770 traverant
317 744 351 771 ¹¹.
368 753 377 769 ι
398 744 528 779 Exemplo
540 746 599 772 vult
614 747 722 773 illorum
743 748 889 782 nequitiam
907 757 951 776 cx-

162 789 274 824 planare
291 798 297 816 :
319 790 398 823 Quia,
425 796 516 825 patres
541 793 636 824 vestri,
664 794 751 828 inquit
767 794 843 828 (dicit
859 800 950 822 autem
966 790 969 791 ν

163 834 256 862 Jacobi
275 836 344 864 filios
357 836 448 864 Levim
465 844 497 864 ac
512 837 691 871 Simeonem),
707 844 849 874 postquam
863 840 950 868 forni-

163 882 266 908 cariam
285 882 413 917 injuriaui
428 884 516 910 sorori
533 891 589 911 suae
604 884 706 911 illatam
719 886 854 917 viderunt,
873 891 948 914 tanta

161 927 199 954 rei
222 928 408 964 indignatione
423 934 595 962 exarserunt,
612 934 641 957 ut
656 931 766 966 oblique
783 933 892 967 quidem
916 941 948 960 ac

162 975 274 1003 subdole
294 975 432 1003 Sicimitas
453 976 508 1003 sint
523 977 644 1009 allocuti,
662 975 808 1005 amicitiam
822 979 950 1006 simulan-

161 1024 219 1048 tes:
237 1021 261 1048 id
276 1020 348 1048 enim
362 1021 477 1048 innuunt
495 1022 594 1049 verba:
615 1022 711 1050 «Viam
727 1024 861 1057 celarunt,
874 1035 883 1050 ι
901 1025 948 1053 sed

161 1066 259 1093 idoneo
269 1070 377 1101 captato
389 1071 520 1101 tempore,
532 1066 646 1096 cunctos
657 1077 710 1095 uno
727 1069 826 1104 impetu
840 1075 949 1106 propter

159 1111 225 1141 Illud
238 1111 367 1147 ﬂagitium
384 1113 590 1141 interemerunt.
615 1115 664 1142 «1η
677 1115 759 1143 domo
771 1116 880 1144 Israelis
894 1117 947 1145 vidi

160 1158 317 1191 horribilia;
338 1158 390 1192 32
414 1159 450 1185 ibi
479 1150 693 1188 fornicationem.
716 1161 863 1196 Epitrainii.
881 1173 890 1188 ι
916 1163 949 1189 Ει

159 1209 204 1229 res
219 1202 327 1237 quidem
341 1203 450 1230 illorum
467 1203 503 1230 ita
519 1211 548 1231 se
567 1204 671 1233 habuit.
687 1205 764 1233 Nunc
779 1215 841 1234 vero
853 1208 878 1234 in
892 1208 949 1234 uni-

160 1254 240 1274 verso
253 1246 352 1274 lsracle
367 1247 445 1282 plena
460 1247 583 1275 horroris
599 1249 691 1283 aspexi
705 1259 712 1282 ;
738 1250 948 1278 fornicationem

160 1292 350 1324 universalem,
368 1300 422 1319 non
433 1294 569 1327 corporis,
583 1294 630 1322 sed
649 1299 786 1330 corruptae
800 1297 897 1324 anima:
909 1301 948 1324 at-

160 1345 213 1372 que
224 1345 238 1363 a
253 1337 306 1364 Deo
321 1338 486 1372 apostaticaz.
509 1348 518 1364 ε
528 1339 736 1367 Containinatus
751 1345 792 1368 est
811 1342 907 1373 israel,
922 1346 949 1369 et

161 1381 245 1409 ludas
259 1383 350 1409 omisit
364 1390 479 1410 messem
501 1391 588 1412 suam.
600 1394 608 1410 ι
628 1384 727 1412 Cuncti
739 1386 772 1412 ad
788 1387 949 1420 praevarica-

160 1428 262 1456 tionem
283 1428 453 1462 spectabant.
473 1429 606 1456 idolorum
623 1431 698 1457 cultu
717 1432 833 1466 polluti;
856 1434 948 1460 cuncti

163 1473 299 1500 infirmum
314 1480 344 1500 ae
362 1474 533 1509 profligatum
550 1476 647 1503 salutis
663 1485 719 1504 sum
735 1479 873 1512 negotium
888 1487 949 1508 esse

161 1519 355 1546 ostendebant.
370 1518 437 1546 Nam
458 1521 541 1548 veluti
562 1522 584 1548 si
602 1522 664 1556 quis
684 1523 804 1557 agricola
830 1526 948 1558 peractis

163 1566 401 1597 seminationibus.
423 1571 450 1593 et
467 1566 522 1601 jam
539 1567 662 1601 frugibus
680 1577 795 1597 messem
808 1571 948 1604 postulan-

165 1609 248 1642 tibus,
263 1619 325 1638 mox
339 1611 453 1646 ignavia:
466 1619 494 1639 se
506 1612 626 1644 dederet,
637 1614 859 1648 agricolationem
871 1623 948 1643 suam

161 1657 366 1692 pessumdarct,
393 1657 560 1692 prmteritum
577 1665 684 1687 onmem
707 1660 827 1688 laborem
852 1662 949 1689 inertia

162 1709 211 1729 sua
228 1700 330 1728 futilem
344 1702 487 1729 redderet:
507 1703 547 1730 sic
558 1711 616 1735 vos,
638 1704 738 1740 inquit,
754 1710 794 1733 tot
810 1708 950 1743 tantisque

161 1747 240 1774 bonis
251 1746 339 1781 potiti,
359 1747 464 1782 egressi
480 1747 598 1783 Egypto
608 1768 615 1781 ,
629 1757 742 1778 emenso
756 1752 875 1784 deserto,
891 1754 950 1789 lege

162 1796 282 1828 accepta.
294 1793 457 1828 promissam
471 1797 570 1821 terram
583 1795 684 1830 adepti,
694 1801 721 1823 et
732 1797 760 1824 in
771 1799 950 1829 conveniente

162 1839 285 1874 religioni
297 1839 357 1866 loco
368 1840 528 1874 constituti;
545 1850 606 1868 cum
618 1841 673 1876 jam
687 1842 790 1871 fructus
807 1847 949 1879 oportebat

162 1886 196 1914 ad
214 1886 297 1914 Deum
313 1887 393 1920 ferre,
408 1890 474 1914 tunc
493 1889 583 1914 omnia
601 1888 686 1915 vestri
708 1890 794 1924 gratia
812 1894 884 1922 acta.
902 1899 951 1926 per

161 1932 292 1959 malitiam
308 1936 427 1960 vestram
445 1940 525 1960 cassa
545 1933 690 1961 effecistis:
710 1935 812 1962 omissa
826 1937 950 1964 videlicet

162 1982 224 2012 post
249 1983 288 2005 tot
313 1978 432 2012 taliaque
459 1978 590 2006 beneficia
620 1979 758 2007 fructuum
787 1982 948 2016 redditione,

163 2024 287 2058 factaque
302 2023 334 2050 ad
347 2024 441 2051 vitium
459 2024 608 2052 universali
623 2029 705 2060 atque
715 2027 873 2054 omnimoda
888 2036 949 2062 pcr-

161 2070 296 2096 versione.
317 2068 396 2096 Paria
417 2069 460 2097 bis
485 2070 556 2104 apud
582 2069 699 2098 Isaiam:
723 2071 903 2107 (Exspectavi
921 2078 950 2100 ut

162 2114 264 2143 faceret
274 2123 364 2148 uvam,
378 2115 442 2143 fecit
453 2121 543 2143 autem
554 2116 684 2151 spinas“.
692 2117 848 2152 i—«Incipe
859 2118 950 2154 fruges

161 2161 299 2195 colligere,
323 2168 385 2188 cum
408 2168 458 2196 ego
480 2165 642 2189 convertero
657 2162 840 2196 captivitatem
857 2165 948 2198 populi

990 247 1186 274 ⁴ἐπιδείκνιηιθε
1198 255 1203 260 ·
1214 246 1285 273 οὕτω
1293 247 1347 280 γὰρ
1358 246 1405 273 καὶ
1414 246 1541 281 ἀνωτέρω
1551 246 1634 280 λέγει,
1645 256 1654 272 ι
1668 247 1714 282 Μὴ
1730 249 1786 274 είσ-

1001 293 1148 329 πορεύεσθε
1169 293 1208 324 είς
1228 292 1353 326 Γάλγαλα
1373 292 1423 326 τὴν
1442 292 1535 319 πόλιν·
1557 292 1603 318 καὶ
1618 293 1786 327 ἐργάζεσθε,

1000 341 1085 374 λέγει,
1111 339 1228 375 μάταια,
1254 348 1263 365 ι
1279 330 1313 365 τὰ
1326 339 1355 364 ἐν
1372 338 1438 372 αὐτῇ
1459 339 1606 377 γιγνόμενα
1638 339 1787 374 σημαίνων.

1004 395 1013 410 r
1030 385 1208 420 Ταράσσουσα
1223 384 1302 420 ὕδωρ.
1324 394 1333 409 ι
1351 385 1382 410 υἱ
1395 384 1424 411 τὸ
1437 384 1532 415 sistas;
1545 384 1591 410 xui
1601 384 1720 420 καθαρὸν
1736 384 1787 420 τῆς

1000 432 1140 468 εὐσεϐείας
1159 432 1187 457 ἐν
1207 432 1240 466 τῇ
1265 430 1363 465 γνώσει
1387 430 1589 464 διαφαινόμενον
1612 423 1646 466 τῇ
1662 431 1714 465 ἐμῇ
1727 451 1734 463 ,
1752 432 1785 466 τῇ

1000 476 1054 503 τῶν
1068 475 1183 502 είδώλων
1199 475 1385 507 ἐπιθολοῠντες
1402 475 1536 511 ἐπιμιξίᾳ.
1562 484 1571 501 t
1597 476 1652 502 Καὶ
1675 477 1691 510 ἡ
1710 475 1785 510 ἰσχύς

1001 530 1048 548 σου
1068 521 1105 553 ὡς
1126 520 1222 556 ἀνδρὸς
1237 520 1378 556 πειρατοῦ.
1406 531 1415 547 ι
1441 521 1475 546 "ll
1495 522 1586 548 πᾶσαν
1600 521 1648 556 τὴν
1673 521 1787 556 δύναμιν

1000 567 1049 601 τὴν
1071 566 1173 593 οἰκείαν
1201 567 1228 592 ὲν
1254 567 1290 601 τῇ
1307 565 1361 592 τῶν
1389 566 1577 601 ἁπατωμένων
1602 566 1786 593 ἐπιδείκνυται

1001 612 1099 649 βλάϐῃ·
1118 613 1147 639 ὃν
1170 612 1202 647 δὴ
1223 612 1322 647 τρόπον
1341 612 1459 642 καὶτοῖς
1481 613 1625 647 πειραταῖς
1644 612 1703 644 ἔθος
1727 612 1787 639 ἐστὶ

1001 657 1064 693 περὶ
1072 658 1120 692 τὴν
1134 656 1233 692 ἐτέρων
1247 656 1438 683 ἐσπουδακέναι
1450 656 1558 692 βλάϐην,
1571 657 1618 683 καὶ
1627 656 1786 692 τὴνοίκείαν

1000 704 1114 738 δύναμιν
1141 703 1184 729 διὰ
1211 703 1260 737 τῆς
1287 702 1389 737 ἑτέρων
1413 702 1611 728 διαδείκνυσθαι
1637 702 1784 734 ἀπωλείας.

1004 759 1013 775 ι
1033 749 1173 784 Ἕκρυῴαν
1190 750 1271 784 ἱερεῖς
1285 748 1358 774 ὀδόν·
1373 747 1519 782 ἐφόνευσαν
1535 747 1635 783 Σίκιμα
1648 757 1655 764 ·
1670 749 1710 774 ὅτι
1725 749 1786 774 ἀνο-

1003 795 1066 830 μίαν
1081 794 1223 829 ἐποίησαν.
1242 803 1250 820 ι
1274 794 1320 819 Ἐκ
1336 793 1511 828 παραθέσεως
1526 792 1648 827 βούλεται
1661 793 1711 828 τὴν
1723 792 1786 820 τού-

1001 849 1053 867 των
1065 840 1193 872 ἐπιδεῖξαι
1207 839 1314 866 κακίαν·
1326 840 1386 866 ’Ὁτι
1401 840 1425 865 ot
1443 839 1490 874 μὲν
1508 839 1633 875 πατέρες,
1650 840 1742 874 φησὶν,
1760 840 1785 867 ιε

966 877 986 903 Β
1001 886 1126 921 ὑμέτεροι
1147 885 1235 919 (λέγει
1257 885 1285 912 δὲ
1301 885 1364 916 τοὺς
1384 885 1457 912 υἱοὺς
1486 884 1594 916 Ἰακὼϐ,
1607 885 1671 910 Λευτ
1690 893 1718 910 τε
1738 886 1786 911 καὶ

1000 929 1193 965 Σιμεὼν),ῖνα
1219 929 1257 965 (8)
1285 929 1416 964 πορνικὴν
1441 929 1571 965 ἐπήρειαν
1601 929 1785 964 ὑπομείνασαν

1001 975 1091 1002 ἴδωσιν
1103 975 1193 1002 αὐτῶν
1208 975 1257 1010 τὴν
1279 975 1405 1010 ἀδελφὴν,
1426 975 1435 1010 (
1449 983 1475 1009 p.
1491 975 1542 1010 48)
1555 975 1688 1010 τοσαύτην
1707 975 1785 1010 ἔσχον

1000 1021 1048 1056 τὴν
1068 1020 1252 1056 ἀγανάκτησιν
1276 1021 1322 1046 ἐπὶ
1340 1020 1378 1055 τῷ
1395 1021 1533 1055 γεγονότι,
1558 1020 1627 1046 ὥστε
1648 1020 1799 1056 λαθραίως·

1002 1067 1050 1102 μὲν
1063 1066 1109 1093 καὶ
1125 1066 1193 1101 μετὰ
1204 1066 1279 1092 δόλου
1287 1066 1457 1101 διαλεχθῆναι
1470 1067 1526 1097 τοῖς
1537 1065 1690 1101 Σικιμίταις
1703 1073 1786 1100 προσ-

1000 1113 1154 1147 ποιούμενοι
1175 1112 1282 1147 φιλίαν·
1305 1112 1383 1138 τοῦτο
1399 1111 1452 1147 γὰρ
1470 1111 1542 1145 λέγει
1559 1111 1598 1143 τὺ,
1614 1120 1623 1136 ι
1642 1110 1784 1145 Ἐκρυψαν

999 1159 1068 1185 ὁδον·
1082 1168 1091 1184 ι
1105 1158 1199 1194 καιροῦ
1208 1158 1236 1185 δὲ
1243 1158 1395 1193 λαϐόμενοι,
1405 1159 1506 1188 πάντας
1519 1157 1578 1183 κατ’
1589 1156 1670 1183 αὐτὸν
1680 1157 1784 1182 ἀνεῖλον

1000 1203 1070 1238 ὑπὲρ
1079 1203 1123 1229 τοῦ
1136 1203 1286 1237 γεγονότος.
1306 1213 1314 1228 ι
1335 1203 1378 1229 Ἑν
1395 1203 1433 1237 τῷ
1450 1202 1516 1237 οἴκῳ
1530 1201 1575 1228 τοῦ
1592 1201 1698 1237 Ἰσραὴλ
1715 1200 1783 1228 εἶδον

1000 1249 1133 1284 φρικώδη,
1148 1250 1206 1275 ἐκεῖ
1222 1249 1348 1284 πορνείαν
1366 1248 1413 1274 τοῦ
1436 1248 1564 1284 Ἐφραῖμ.
1586 1258 1596 1280 ι
1615 1248 1670 1274 Καὶ
1685 1248 1718 1274 τὰ
1734 1248 1783 1282 μὲν

1000 1296 1120 1329 ἐκείνων,
1135 1295 1211 1330 φησὶ,
1225 1295 1350 1322 τοιαῦτα”
1364 1294 1411 1321 νῦν
1423 1294 1450 1321 δὲ
1467 1295 1495 1320 ἐν
1509 1294 1607 1320 ἀπαντι
1621 1293 1659 1328 τῷ
1676 1293 1784 1328 Ἰσραὴλ

1000 1342 1100 1377 φρίκης
1112 1340 1178 1368 εἶδον
1193 1341 1287 1376 μεστὰ,
1299 1341 1426 1376 πορνείαν
1439 1341 1566 1367 ἀπάντων
1577 1340 1626 1366 οὐκ
1639 1342 1667 1366 ὲν
1679 1339 1784 1374 σώματι

1001 1388 1146 1420 συστᾶσαν,
1171 1387 1228 1414 ἀλλ’
1248 1388 1276 1414 ὲν
1291 1387 1422 1422 διαφθορᾷ
1446 1387 1536 1421 ψυχῆς
1557 1386 1604 1412 καὶ
1635 1386 1783 1412 ἀποστάσει

999 1432 1079 1459 Θεοῦ.
1099 1443 1107 1458 ι
1132 1432 1263 1468 Ἐμιάνθη
1288 1433 1405 1468 Ἰσραὴλ,
1423 1434 1469 1459 καὶ
1491 1432 1589 1464 Ἰούδας
1604 1431 1692 1466 ἀφῆκε
1707 1431 1782 1466 θερι-

1000 1479 1067 1514 σμὸν
1082 1479 1174 1506 αὑτοῦ.
1195 1488 1204 1504 ι
1220 1479 1322 1510 Πάντες
1333 1477 1399 1513 πρὸς
1411 1477 1474 1512 μίαν
1487 1475 1554 1503 εἶδον
1563 1476 1734 1512 παρανομίαν
1748 1478 1782 1512 τῇ

962 1541 982 1570 C
998 1527 1052 1553 τῶν
1067 1525 1182 1553 εἰδώλων
1197 1525 1353 1561 μιανθέντες
1367 1525 1499 1560 θρησκεία
1509 1533 1515 1540 ·
1528 1524 1574 1550 καὶ
1587 1524 1686 1555 πάντες
1700 1523 1782 1558 ἀτελή

1000 1572 1047 1599 καὶ
1063 1571 1263 1608 διεφθαρμένην
1279 1571 1327 1606 τὴν
1346 1570 1449 1597 ἑαυτῶν
1468 1569 1610 1602 ἀπέδειξαν
1630 1569 1764 1604 σωτηρίαν
1778 1577 1785 1583 ·

1000 1618 1037 1650 ὡς
1049 1618 1103 1654 γὰρ
1116 1617 1142 1644 εί
1151 1627 1192 1649 τις
1207 1617 1327 1652 γεωργὸς
1342 1616 1536 1643 τελειωθέντων
1550 1615 1724 1651 σπερμάτων,
1737 1616 1783 1641 καὶ

985 1660 1045 1687 ’τοῦ
1060 1661 1167 1696 καρποῦ
1180 1660 1226 1686 τὸν
1244 1660 1374 1695 θερισμὸν
1385 1659 1572 1690 ἀπαιτοῦντες,
1586 1659 1636 1693 ἤδη
1651 1658 1717 1693 πρὸς
1735 1659 1784 1693 ρᾳ-

1000 1707 1100 1741 θυμίαν
1119 1706 1190 1738 ἰδὼν,
1203 1705 1361 1732 ἀπολέσειεν
1379 1705 1428 1741 μὲν
1443 1705 1477 1731 τὰ
1491 1705 1690 1740 γεωργηοένεα,
1706 1705 1783 1730 κενὸν

999 1750 1028 1777 δὲ
1042 1752 1128 1778 πάντα
1140 1751 1184 1778 τὸν
1200 1750 1382 1786 προειληφότα
1393 1750 1472 1776 πόνον
1486 1749 1530 1776 διὰ
1541 1749 1591 1784 τῆς
1602 1749 1702 1780 οἰκείας
1717 1750 1784 1775 ἀπο-

1000 1797 1109 1832 φήνειεν
1122 1796 1256 1831 ῥᾳθυμίας
1269 1805 1275 1810 ·
1291 1796 1377 1827 οὕτως
1391 1796 1479 1831 ὑμεῖς,
1492 1796 1573 1830 φησὶ,
1588 1794 1720 1820 τοσούτων
1735 1796 1783 1820 καὶ

999 1842 1166 1875 τηλικούτων
1200 1842 1415 1873 ἀπολελαυκότες
1445 1841 1566 1876 ἀγαθῶν,
1594 1840 1784 1875 ἐξεληλυθότες

999 1889 1135 1923 Αἰγύπτου
1148 1910 1154 1918 ,
1172 1889 1313 1920 διαϐάντες
1334 1889 1384 1924 τὴν
1398 1888 1510 1923 ἔρημον,
1528 1888 1608 1922 νόμον
1630 1887 1782 1921 δεξάμενοι,

999 1936 1048 1969 τὴν
1076 1935 1128 1969 γῆν
1154 1934 1333 1969 ἀπειληφότες
1360 1934 1409 1969 τὴν
1433 1933 1651 1968 ἐπηγγελμένην,
1666 1933 1721 1958 ’τὸν
1748 1934 1780 1968 τῇ

1000 1980 1132 2015 θρησκείᾳ
1146 1979 1284 2014 πρέποντα
1295 1979 1460 2014 κτησάμενοι
1473 1978 1554 2004 τύπον
1566 1986 1573 1993 ο
1584 1978 1627 2004 ὅτε
1640 1978 1703 2008 τοὺς
1715 1985 1780 2012 καρ-

1000 2026 1066 2057 ποὺς
1090 2026 1171 2061 ἐχρῆν
1196 2025 1287 2051 λοιπὸν
1308 2025 1345 2060 (p.
1365 2025 1409 2060 49)
1426 2024 1464 2059 τῷ
1491 2024 1550 2059 Θεῴ
1578 2023 1781 2059 προσ-κομίζειν,

1000 2070 1059 2097 τότε
1075 2071 1164 2097 πάντα
1180 2070 1215 2096 τὰ
1229 2070 1298 2103 ὑπὲρ
1315 2070 1391 2105 ὑμῶν
1407 2069 1536 2104 γεγονότα
1550 2069 1663 2104 περιττά
1676 2069 1718 2095 διὰ
1732 2070 1783 2103 τῆς

1000 2116 1103 2142 ἑαυτῶν
1128 2116 1286 2147 ἁπεδείξατε
1310 2116 1425 2146 κακίας·
1444 2115 1557 2148 ἀφέντες
1575 2115 1623 2149 μὲν
1638 2114 1669 2140 τὸ
1690 2115 1783 2140 ἀποδι-

999 2162 1071 2187 ὃὸναι
1081 2161 1119 2196 τῷ
1131 2160 1189 2196 Θεῷ
1198 2162 1260 2192 τοὺς
1273 2161 1342 2195 ὑπὲρ
1353 2160 1406 2186 τῶν
1416 2160 1549 2186 τοσούτων
1561 2160 1606 2185 καὶ
1619 2159 1782 2194 τηλικούτων

161 2209 224 2239 mei,
235 2212 262 2235 et
272 2208 399 2235 lsraelem
412 2215 554 2235 sanavero.
566 2218 575 2234 ι
594 2207 777 2240 Quamobrem
789 2209 866 2237 vobis
877 2218 947 2237 novo

999 2207 1161 2242 εὐεργεσιῶν
1172 2208 1302 2242 καρποὺς,
1318 2207 1381 2242 περὶ
1391 2206 1420 2232 δὲ
1430 2206 1477 2241 τὴν
1491 2206 1537 2232 τοῦ
1553 2206 1672 2241 χείρονος
1689 2207 1783 2242 ἐκτρο-

161 2254 238 2281 initio
253 2261 322 2289 opus
333 2258 386 2285 est,
395 2254 468 2288 quod
483 2261 534 2288 ego
548 2261 595 2289 per
607 2261 741 2281 summam
753 2255 948 2290 benignitatem

162 2300 238 2327 vobis
254 2300 413 2331 concedam,
439 2299 504 2326 dum
519 2304 615 2334 praeter
628 2308 703 2334 spem
720 2308 828 2328 omnem
853 2301 949 2328 imma-

163 2353 224 2372 num
241 2346 273 2372 de
287 2346 445 2381 captivitate
460 2352 507 2372 vos
530 2345 669 2372 reducam.
687 2345 755 2372 Nam
775 2350 848 2373 certe
862 2347 884 2373 si
899 2355 946 2374 vos

163 2391 267 2418 Iueritis
284 2391 317 2419 ad
337 2391 476 2418 meliorem
496 2392 576 2417 vitam
600 2391 751 2420 intendere.
776 2399 848 2419 novo
869 2393 946 2420 vobis

162 2437 241 2465 initio
251 2445 318 2471 opus
331 2441 372 2465 est
386 2446 392 2471 ;
410 2442 438 2464 ut
449 2437 471 2464 si
484 2437 600 2472 denique
614 2441 787 2472 acceptorum
803 2446 944 2465 munerum

162 2483 348 2518 magnitudine
365 2483 513 2518 pudefacti,
537 2483 564 2510 in
580 2483 689 2510 virtutis
710 2483 801 2510 studio
816 2483 944 2519 deinceps

163 2528 320 2559 versemini,
343 2529 368 2555 id
382 2529 459 2557 vobis
484 2529 609 2556 factitare
635 2529 725 2556 liccat.
751 2529 817 2556 Nam
833 2531 946 2557 verbum

164 2585 174 2602 ι
186 2575 276 2609 Incipe
287 2583 295 2599 ι
314 2574 381 2601 dicit
398 2582 458 2609 pro,
473 2574 596 2610 incipere
611 2575 726 2609 poteris,
745 2582 806 2601 cum
827 2575 947 2602 volucris

162 2622 195 2648 ad
210 2620 329 2648 officium
345 2624 478 2654 spectare.
495 2623 571 2647 Nunc
586 2628 650 2646 vero
663 2621 749 2655 quid?

998 2253 1051 2288 πὴν
1067 2253 1261 2287 ἀσχοληθέντες
1278 2253 1332 2279 ὅλοι
1355 2252 1388 2279 δι’
1406 2252 1491 2278 ὅλων·
1510 2251 1602 2286 ὅμοιόν
1619 2253 1676 2278 ὲστι
1694 2251 1782 2285 τούτῳ

998 2299 1092 2325 καὶτὸ
1118 2298 1193 2333 παρὰ
1227 2299 1263 2334 τῷ
1286 2299 1400 2334 Ἡσαΐᾳ·
1420 2309 1430 2324 ι
1465 2299 1580 2333 Ἐμεινα
1608 2298 1652 2325 ἵνα
1683 2299 1784 2333 ποιήσῃ

998 2345 1143 2379 σταφυλὴν,
1159 2345 1269 2379 ἐποίησε
1281 2345 1308 2371 δὲ
1323 2344 1451 2375 ἀκάνθας.
1465 2353 1473 2368 ι
1493 2359 1526 2364 -
1544 2354 1552 2369 ι
1569 2344 1668 2378 Ἀρχου
1680 2344 1782 2378 τρυγᾷν

997 2389 1101 2424 σεαυτῴ
1122 2391 1149 2415 ὲν
1171 2389 1209 2424 τῷ
1226 2390 1400 2424 ἐπιστρέφειν
1414 2398 1446 2424 με
1463 2389 1512 2425 τὴν
1527 2389 1712 2424 αἰχμαλωσίαν
1733 2390 1782 2415 τοῦ

998 2436 1062 2462 λαοῦ
1081 2437 1183 2471 μου,ἐν
1198 2436 1236 2471 τῷ
1253 2436 1342 2463 ἰᾶσθαί
1356 2445 1388 2471 με
1404 2436 1449 2462 τὸν
1470 2436 1586 2471 Ἰσραήλ.
1607 2445 1615 2460 ι
1632 2435 1712 2461 Ὥστε
1728 2436 1782 2462 δεῖν

1000 2483 1063 2517 ὑμῖν
1077 2482 1268 2518 πάλινὲτὲρας
1282 2483 1378 2517 ἀρχῆς,
1395 2482 1428 2517 ἥν
1440 2482 1472 2509 δι’
1491 2481 1710 2516 ὑπερϐάλλουσαν
1725 2482 1783 2516 φιλ·

998 2528 1155 2563 ανθρωπίαν
1173 2528 1228 2562 ἐγὼ
1245 2528 1366 2563 παρέξω,
1384 2529 1416 2555 ἐκ
1432 2529 1482 2563 τῆς
1496 2528 1681 2563 αἰχμαλωσίας
1711 2528 1782 2562 ὑμᾶς

1000 2575 1077 2610 παρὰ
1092 2575 1182 2600 πᾶσαν
1198 2574 1372 2609 ἀνθρωπίνην
1396 2574 1539 2607 ἐπανάγων
1554 2573 1647 2600 ἐλπίδα
1660 2582 1666 2588 ·
1679 2573 1738 2599 τότε
1751 2573 1783 2607 δὴ

1000 2620 1093 2647 λοιπὸν
1114 2620 1181 2655 πρὸς
1198 2620 1227 2646 τὸ
1247 2621 1370 2654 κρεῖττον
1386 2620 1451 2655 ὀρᾷν
1472 2619 1602 2652 ἐθέλοιτε,
1619 2619 1706 2654 ἀρχῆς
1720 2619 1784 2653 ὑμῖν

162 2668 257 2704 ἑτέρας
273 2668 380 2703 δεήσει·
397 2667 440 2692 ἵνα
459 2666 509 2693 κᾶν
521 2667 586 2701 γοῦν
603 2667 656 2693 τῶν
677 2667 737 2693 τότε
755 2668 862 2702 δωρεῶν
887 2668 1076 2703 αἰσχυνθέντες
1101 2668 1132 2694 τὸ
1161 2667 1284 2702 μέγεθος,
1301 2668 1365 2702 περὶ
1391 2667 1440 2702 τὴν
1466 2667 1512 2693 τοῦ
1542 2667 1694 2702 κρείττονος
1720 2666 1783 2691 ἐαυ-

161 2717 224 2746 τοὺς
243 2714 399 2750 ἐπιμέλειαν
419 2713 535 2749 τρέψητε
564 2714 610 2740 τοῦ
628 2714 737 2746 λοιποῦ,
761 2715 820 2741 τότ-ε
839 2715 887 2746 μὲν
903 2715 935 2750 δὴ
947 2715 1036 2745 τοῦτο.
1052 2716 1143 2749 φησὶν,
1169 2717 1254 2741 ποιεῖν
1270 2716 1333 2750 ὑμῖν
1348 2715 1468 2747 ἐξέσται·
1485 2713 1515 2739 τὸ
1538 2713 1591 2747 γὰρ
1608 2721 1617 2738 ι
1643 2713 1754 2747 ’Λρχου,
1772 2720 1781 2736 ι

161 2759 234 2793 λέγει
249 2761 308 2786 ἀντὶ
326 2758 385 2788 τοῦ,
402 2758 551 2792 ’Ἅρξασθαι
572 2759 692 2793 δυνήσῃ,
710 2758 849 2794 βουληθεὶς
865 2760 932 2795 πρὸς
945 2761 974 2787 τῦ
990 2760 1048 2786 δέον
1064 2761 1134 2786 ίδ;ἶν.
1156 2761 1212 2786 Νῦν
1230 2761 1257 2786 δὲ
1275 2761 1316 2792 τί,

195 2823 218 2838 ¹¹
237 2822 303 2853 Gen.
320 2828 414 2852 xxxtv,
431 2820 466 2847 27
481 2830 540 2857 sqq.
598 2821 620 2836 ἰ
641 2820 691 2847 lsa.
711 2830 736 2851 v.
755 2823 781 2848 li.

195 2876 234 2911 (8)
255 2878 367 2904 Videtur
386 2874 409 2900 d.
421 2883 480 2904 esse
506 2878 542 2913 μή
559 2897 564 2907 ,
582 2875 621 2902 vel
639 2875 720 2902 Scribi
732 2878 812 2903 udum
830 2885 887 2903 esse
907 2877 942 2902 ἔτ’

999 2876 1070 2903 ᾖδον.

1053 2888 1060 2900 I
