1940 3064
119 152 166 180 I69
596 149 867 180 COMMENTARIUS
880 152 914 179 IN
933 153 1033 181 OSEE
1048 154 1123 182 CAP.
1145 155 1209 183 νιιι.
1680 162 1731 188 I70

149 209 218 243 Στίχ.
242 211 343 241 ιγ’-ις’.
369 223 402 228 -
427 208 483 235 Καὶ
497 208 523 234 τί
542 208 571 234 τὸ
597 209 699 235 τούτων
715 209 802 235 αἴτιον
817 209 895 236 πάλιν

985 210 1067 238 Vens.
1088 211 1184 239 15-16.
1202 228 1236 232 —
1252 212 1342 249 Atque
1360 213 1458 241 horum
1478 221 1589 243 causam
1610 225 1672 244 mox
1691 219 1732 245 di-

118 254 212 288 λέγων·
228 262 238 278 1
254 253 323 280 Οὐαὶ
335 253 426 284 αὐτοῖς
441 253 483 279 ὅτι
495 253 672 289 ἁπεπὴδησαν
685 254 732 280 ἀπ’
746 253 814 288 ἐμοῦ
824 262 831 269 υ
843 254 896 280 δείι

118 299 182 326 λαιοί
193 299 260 325 εἰσιν
273 299 313 332 (p.
334 297 379 330 55)
396 298 437 324 ὅτι
451 296 591 333 ἠσέϐησαν
611 299 651 329 είς
674 298 742 333 ἐμέο
759 298 829 333 ὑπὲρ
841 299 896 333 γὰρ

115 344 161 380 τῆς
176 344 216 374 είς
237 343 288 378 ἐμὲ
312 342 483 377 παρανομίας
509 343 650 369 πείσονται
673 342 773 369 ταῦτα·
793 343 849 377 ἐγὼ
867 343 895 370 δὲ

116 389 307 424 ὲλυτρωσάμην
333 389 445 420 αὐτοὺς,
462 388 510 415 καὶ
530 388 607 415 αὐτοὶ
626 388 813 423 κατελάλησαν
836 390 895 416 κατ’

115 435 178 470 ἐμοῦ
191 434 286 469 ψευδῆ.
316 443 325 460 ι
345 434 399 460 Καὶ
416 433 471 468 γὰρ
489 434 593 461 ἄνωθεν
608 433 664 468 ἐγὼ
679 435 729 469 μὲν
745 435 846 466 αὐτοὺς
864 433 895 462 εὖ

114 480 231 512 ἐποίουν,
256 480 334 507 αὐτοὶ
354 480 382 506 δὲ
403 479 453 515 τὴν
475 479 672 515 ἀγνωμοσύνην
695 480 760 515 περὶ
780 480 831 515 ἐμὲ
848 481 896 507 ὲπ-

113 526 259 553 εδείκνυντο
269 526 318 560 τὴν
332 525 444 552 οἰκείαν·
456 525 599 559 ἀπήλλαξα
613 525 661 560 μὲν
671 526 726 561 γὰρ
737 526 833 558 αὐτοὺς
846 527 895 562 τῆς

114 572 163 599 ὐπὸ
175 572 340 606 Δίγυπτίους
350 571 481 603 δουλείας,
494 571 592 597 ἐκεῖνοι
607 571 636 597 δὲ
647 572 702 598 πᾶν
711 572 725 598 ὃ
735 580 762 597 τι
776 571 896 607 βλάσφη-

115 626 161 653 μον
174 618 339 652 ἐφθέγγοντο
350 617 389 648 εἰς
403 616 453 652 ἐμέ
462 625 469 632 ·
485 616 551 643 ποτὲ
567 617 616 651 μὶν
629 617 728 652 μόσχον
744 617 896 653 ἐργαζόμε-

111 672 149 690 νοι
166 664 212 690 κα).
225 663 369 697 λέγοντεςι
389 671 397 687 1
425 657 505 688 Οὗτοι
526 662 551 688 οἰ
574 661 630 688 Θεοί
650 670 709 692 σου,
733 662 851 697 Ἰσραὴλ,
871 662 895 688 οἳ

112 709 242 744 ἐξήγαγον
258 717 288 734 σε
305 709 337 735 ἐκ
352 708 399 743 τῆς
415 708 554 741 Αἰγύπτου
565 716 572 723 ·
595 717 605 733 ι
624 709 690 734 ποτε
705 708 733 734 δὲ
749 708 810 734 ἐπεὶ
826 707 895 734 ἑπά-

112 756 171 787 ταξε
193 755 309 790 πέτραν,
333 754 379 781 καὶ
405 754 544 789 ὲρῤύησαν
566 753 659 785 ὕδατα,
682 754 729 780 καὶ
751 753 896 789 χείμαρροι

112 799 348 834 κατεκλύσοησαν,
373 809 382 824 1
413 799 459 834 Μὴ
481 799 562 834 ἄρτον
584 798 727 834 δυνήσεται
749 798 858 831 δοῦναι,
879 799 895 834 ῆ

111 846 250 881 ἑτοιμάσαι
275 844 414 881 τράπεζαν
439 845 478 880 τῷ
508 844 565 880 λαῷ
589 845 688 878 αὑτοῦ;
715 845 819 872 -Καὶ
845 845 895 871 οὐκ

947 263 1013 283 cens
1023 276 1030 287 ,
1045 265 1055 281 1
1072 255 1117 283 Va:
1130 257 1171 284 eis
1182 277 1190 289 ,
1206 257 1295 293 inquit
1305 278 1312 290 ,
1324 259 1453 293 quoniam
1465 260 1623 288 resilierunt
1637 270 1653 289 a
1669 264 1729 290 me!

946 299 1071 328 Infelices
1092 306 1174 334 sunt,
1189 303 1253 337 quia
1275 303 1358 338 impie
1382 309 1496 339 egerunt
1515 306 1541 332 in
1558 314 1620 334 me:
1639 308 1732 343 utique

946 350 1057 381 propter
1085 355 1149 374 sua:l
1178 355 1242 383 erga
1269 356 1313 376 me
1338 348 1473 383 oll'ensas,
1500 351 1556 378 haec
1583 353 1730 387 patientur.

946 390 1079 426 Equidem
1098 401 1145 420 eos
1164 393 1333 421 redemeram
1345 415 1352 428 ,
1371 400 1398 422 at
1415 396 1468 431 ipsi
1486 397 1568 424 locuti
1584 403 1648 426 sunt
1664 407 1732 427 eou-

946 442 989 464 tra
1005 445 1048 465 me
1065 439 1218 466 mendacia.
1234 449 1244 465 ι
1261 440 1329 467 Olim
1346 449 1395 476 ego
1408 442 1450 469 eis
1468 443 1535 470 bene
1555 443 1686 475 feceram.
1704 450 1732 473 at

946 482 998 516 ipsi
1018 483 1117 517 ingrati
1136 484 1268 512 adversus
1285 492 1327 512 me
1346 486 1522 514 exstiterunt.
1545 487 1666 516 Subduxi
1684 498 1732 518 eos

946 528 1058 555 servitio
1077 528 1266 564 Egyptiorum
1280 552 1289 563 ,
1309 535 1337 557 at
1357 531 1408 566 ipsi
1428 533 1532 560 nullum
1558 534 1732 570 blasphemia:

946 581 1033 607 genus
1051 575 1184 603 adversus
1203 583 1245 603 mc
1269 584 1322 604 non
1343 577 1488 611 dixerunt,
1507 587 1581 606 nunc
1600 581 1732 609 fabricato

944 620 1032 647 vitulo
1064 621 1261 656 dicentesque:
1277 632 1286 647 1
1304 620 1336 649 IIi
1367 623 1406 650 dii
1438 625 1496 656 tui,
1526 624 1619 657 Israel,
1640 628 1732 662 quite

946 665 1066 701 Egypto
1083 666 1236 694 eduxerunt
1255 667 1298 694 “2
1322 678 1333 694 ι
1350 676 1422 696 nunc
1440 674 1584 705 postquam
1605 671 1732 708 (Moyses)

944 715 1050 746 petram
1071 717 1246 746 percusserat
1261 733 1267 744 τ
1287 717 1313 740 (ει
1331 721 1409 747 aqua;
1427 715 1588 743 clﬂuxerant
1603 737 1610 750 ,
1630 723 1657 745 et
1676 722 1733 745 tor-

946 756 1064 783 rentium
1084 756 1172 784 instar
1191 757 1408 794 inundaverant,
1427 760 1516 788 adhuc
1543 765 1632 790 tamen
1658 763 1733 791 dice-

946 799 1031 827 bant:
1047 809 1056 826 1
1071 800 1141 828 Num
1162 801 1293 830 Dominus
1313 804 1379 832 dare
1398 812 1495 839 panem
1515 807 1634 840 poterit,
1656 816 1732 836 men-

946 852 1061 880 samque
1076 854 1211 882 apparare
1227 849 1328 883 populo
1344 857 1395 877 suo
1407 851 1431 866 “
1444 851 1455 877 ?
1467 867 1502 871 —
1515 850 1609 887 Neque
1628 852 1662 880 ad
1689 861 1733 882 me

112 892 220 927 ἐϐόησαν
233 892 303 928 πρός
320 900 354 926 με
368 892 396 917 αι
410 890 520 926 καρδίαι
533 891 632 917 αὐτῶν.
647 901 656 917 ι
673 891 776 918 Νεῦσαι
786 891 814 918 δὲ
827 892 895 927 πρός

946 890 1135 918 clamaverunt
1159 892 1242 919 corda
1266 901 1371 921 eorum.
1388 894 1448 922 iAd
1466 904 1508 923 me
1532 904 1597 924 vero
1624 898 1732 926 sincera

112 946 144 972 με
168 937 310 972 εἱλικρινεί
334 938 367 972 τῇ
391 936 512 971 διανοίᾳ,
530 936 577 963 καὶ
593 937 737 971 ἀναμεῖναι
761 936 811 972 τὴν
828 937 894 971 παρ’

111 984 174 1019 ἐμοῦ
190 983 307 1018 δωρεὰν,
322 983 361 1013 εὶς
377 981 438 1008 νοῦν
453 982 503 1008 οὐκ
518 981 654 1008 ἐϐάλοντο.
673 991 682 1008 1
704 982 783 1009 Ἀλλά
795 982 896 1009 ὠλόλυ-

110 1030 154 1061 (ev
169 1030 196 1056 ὲν
212 1030 273 1060 ταῖς
293 1028 397 1059 κοίταις
413 1027 519 1053 αὐτῶν
541 1027 587 1053 ἐπὶ
608 1028 673 1062 σίτῳ
692 1028 738 1054 καὶ
750 1029 813 1063 οἴνῳ
831 1037 896 1055 κατ-

110 1073 260 1107 ετέμνοντο.
275 1081 285 1097 ι
302 1071 461 1098 Τοὺναντίον
477 1071 525 1106 μὲν
536 1069 581 1098 οὖν
597 1072 644 1098 καὶ
660 1073 700 1104 εἰς
716 1073 766 1108 τὴν
779 1073 830 1108 γῆν
846 1073 895 1108 τῆς

112 1117 274 1151 ἐπαγγελίας
294 1115 512 1151 είσεληλυοότες,
532 1117 580 1143 καὶ
601 1117 651 1152 τῆς
672 1119 739 1152 παρ’
763 1117 831 1152 ἐμοῦ
854 1118 896 1144 δοα

110 1163 197 1198 θεία-ης
212 1164 307 1194 αὑτοῖς
325 1162 505 1194 ἀναπαύσεως
521 1164 702 1198 τετυχηκότες
718 1162 823 1199 (κοίτην
842 1164 896 1199 γὰρ

110 1208 196 1235 αὐτῶν
215 1208 298 1235 τοῦτο
316 1208 416 1242 καλεῖ),
434 1208 535 1243 μηδένα
552 1208 629 1242 λόγον
647 1209 714 1244 ἐμοῦ
728 1209 894 1244 ποιούμενα,

93 1275 99 1281 .
111 1255 171 1288 περὶ
184 1255 232 1289 τὴν
245 1254 301 1281 τῶν
313 1254 447 1289 δαιμόνων
462 1254 625 1289 ἠσχολοῦντο
636 1254 797 1290 Θεραπείαν,
808 1255 897 1282 ὀλολύ-

110 1299 197 1332 ζοντες
211 1309 240 1326 τε
262 1301 310 1327 καὶ
325 1300 557 1335 κατατεμνόμενοι
572 1300 643 1327 κατὰ
657 1301 688 1327 τὸ
703 1301 768 1336 παρ’
783 1301 897 1332 ἐκείνοις

111 1346 259 1380 εἰθισμένον
270 1354 277 1361 ”
293 1346 366 1381 ἅπερ
381 1343 427 1372 οὖν
443 1345 578 1380 ἐπλήρουν
588 1366 596 1377 ,
618 1346 711 1377 αὐτοῖς
728 1346 896 1381 λογιζόμενοι

111 1390 162 1416 τῶν
177 1390 329 1425 δεδομένων
344 1390 435 1421 αὐτοῖς
452 1389 561 1423 ἀγαθῶν
578 1391 643 1425 παρ’
660 1389 727 1425 ἐμοῦ
747 1391 796 1425 τὴν
811 1399 895 1426 χορη-

108 1435 179 1469 τίαν.
206 1445 215 1461 1
241 1435 457 1470 Ἐπαιδεύθησαν
473 1436 502 1461 ὲν
519 1435 590 1470 ἐμοί.
611 1445 620 1461 ι
640 1436 678 1470 (p.
696 1435 741 1470 56)
761 1436 847 1471 ’Υπὲρ
863 1436 895 1470 δὴ

109 1481 206 1507 τούτων
223 1478 263 1508 ὧν
281 1482 321 1512 εὶς
342 1481 391 1516 ἐμὲ
414 1481 590 1516 παρηνὸμουν
610 1480 730 1513 δέξονται
746 1483 811 1517 παρ’
827 1481 895 1516 ἐμοῦ

108 1527 155 1561 τὴν
171 1528 364 1562 προσήκουσαν
379 1527 503 1553 παιδείαν
518 1527 651 1562 αὐτάρκη.
667 1527 793 1553 Διδάσκει
807 1527 835 1553 δὲ
848 1527 895 1553 αὐ-

109 1573 168 1604 τοὺς
187 1573 225 1604 ὡς
240 1573 416 1607 παρηνόμουν
433 1572 544 1599 τοιαῦτα
559 1572 710 1604 ποιοῦντες.
736 1581 745 1597 1
774 1572 828 1599 Kal.
840 1571 895 1605 ἐγὼ

110 1618 258 1654 κατίσχυσα
276 1619 340 1650 τοὺς
365 1618 509 1653 βραχίονας
524 1617 630 1650 αὐτῶν,
646 1617 694 1644 καὶ¹
710 1618 750 1649 εἰς
769 1617 819 1652 ἐμὲ
836 1617 894 1643 ὲλο-

110 1664 218 1695 γίσαντο
234 1664 355 1699 πονηρά.
375 1674 384 1689 ι
401 1663 456 1689 Καὶ
471 1663 512 1689 ὅτι
526 1662 540 1688 ὁ
564 1663 612 1697 μὲν
626 1663 675 1698 τὴν
693 1662 770 1697 ἰσχὺν
787 1662 895 1689 ἃπασαν

108 1711 197 1742 αὐτοῖς
220 1710 350 1745 παρέχων
369 1709 438 1736 κατὰ
458 1709 512 1735 τῶν
528 1708 664 1744 πολεμίων
686 1708 760 1744 ήμην
778 1707 834 1741 ἐγώ
846 1716 853 1723 ·
869 1708 893 1734 ui

109 1756 135 1783 δὲ
151 1757 204 1783 xiv
220 1757 235 1783 ὅ
254 1763 282 1783 τι
302 1756 403 1782 ἄτοπον
424 1755 472 1781 καὶ
488 1754 616 1786 ἀσεϐείας
641 1754 738 1789 μεστὸν
759 1753 893 1788 μετῄεσαν

109 1801 269 1832 ἀσεϐοῦντες
287 1801 327 1832 είς
342 1800 403 1835 ὲμέ.
431 1809 441 1825 1
467 1799 692 1834 Ἐπεστράφησαν
709 1799 748 1830 εἰς
770 1797 859 1824 οὐθέν.
881 1806 890 1822 ι

110 1846 352 1881 Μεταϐαλομένους
369 1845 423 1880 γὰρ
438 1845 537 1876 αὐτοὺς
551 1844 594 1870 διὰ
611 1844 660 1878 τῆς
676 1843 760 1879 ὀργῆς
777 1843 823 1869 καὶ
844 1843 895 1877 τῆς

110 1892 239 1927 τιμωρίας
256 1891 308 1926 τῆς
325 1891 396 1926 ἐμῆς
414 1891 502 1923 ἔδειξα
513 1890 594 1921 ὗντας
615 1889 646 1916 τὸ
663 1889 757 1925 μηθέν.
781 1897 790 1914 1
816 1888 895 1922 Ἐγέ-

110 1946 181 1964 νοντο
195 1938 235 1969 εἰς
249 1937 329 1969 τόξον
343 1936 374 1962 οὺ
389 1936 547 1971 τεταμένον.
566 1944 576 1960 ι
594 1935 675 1961 Ὥστε
697 1934 779 1969 μηδὲν
795 1933 895 1965 αὐτοὺς

110 1983 275 2011 διαλλάττειν
289 1982 367 2015 τόξου
376 1982 427 2008 οὐκ
452 1981 634 2016 ἐντεταμένην
654 1980 761 2015 ἔχοντος
772 1980 821 2015 τὴν
834 1988 895 2006 νευ-

111 2029 171 2064 ρὰν,
186 2030 257 2064 ὅπερ
276 2027 415 2061 ἀνωφελές
427 2027 486 2053 ἐστι
501 2026 540 2062 τῷ
556 2025 730 2061 πολεμοῦντι,
752 2025 849 2060 μέχρις
862 2024 896 2051 ἂν

110 2072 154 2099 ἐπὶ
166 2073 262 2100 τούτου
275 2072 324 2098 τοῦ
341 2069 523 2107 σχήματος·
537 2070 625 2102 οὕτως
639 2070 746 2096 ἔσονται
760 2070 895 2104 ἄπρακτοι

111 2120 178 2147 κατά
191 2120 246 2146 τῶν
263 2118 400 2153 πολεμίων
414 2117 461 2144 καὶ
475 2116 607 2148 ἀσθενεῖς·
618 2116 697 2143 τοῦτο
708 2113 755 2142 οὖν
767 2115 840 2149 λέγει
853 2114 894 2146 τὸ,

113 2163 347 2198 (Ἐπαιδεύοησαν
368 2164 396 2189 ἐν
413 2162 484 2197 ἐμοὶ,
496 2170 506 2187 ι
518 2162 560 2189 ἵνα
579 2161 654 2196 εἴπῃ,
669 2161 710 2187 ὅτι
727 2160 783 2195 Οὐχ
799 2159 895 2194 ὁμολο-

946 940 1038 963 Inente
1051 936 1202 969 declinare,
1217 942 1244 966 et
1255 939 1413 968 donativum
1424 946 1598 976 exspectare,
1615 951 1669 971 non
1685 952 1731 972 co-

947 982 1078 1015 gitarunt.
1096 992 1105 1008 1
1120 983 1173 1011 Sed
1189 984 1330 1012 ululabaut
1350 987 1376 1013 in
1396 987 1534 1016 cubilibus
1551 989 1609 1017 suis
1624 999 1631 1017 :
1649 998 1733 1025 super

946 1026 1039 1053 tritico
1051 1033 1075 1054 et
1089 1028 1152 1056 vino
1167 1030 1340 1058 secabantur.
1355 1041 1365 1057 ι
1377 1031 1477 1060 Contra
1491 1042 1557 1062 vero
1567 1056 1574 1068 ,
1589 1043 1623 1062 ne
1637 1041 1731 1070 postea

946 1072 1055 1106 quidem
1080 1081 1162 1108 quam
1187 1075 1214 1102 in
1238 1077 1400 1111 promissam
1424 1083 1523 1106 terram
1545 1081 1730 1113 devenerant,

946 1115 1009 1143 data
1029 1124 1044 1143 a
1067 1125 1110 1145 me
1131 1118 1199 1153 ipsis
1222 1121 1319 1154 requie
1340 1122 1439 1155 potiti,
1457 1122 1529 1150 hanc
1547 1124 1620 1152 enim
1641 1125 1732 1152 cubile

945 1168 1040 1188 eorum
1060 1167 1198 1197 nuncupat
1208 1183 1216 1195 ,
1235 1165 1302 1191 nihil
1318 1165 1352 1193 de
1368 1173 1411 1194 me
1425 1167 1535 1195 solliciti
1547 1187 1554 1200 .
1577 1168 1731 1196 daemonum

946 1209 1134 1242 superstitioni
1150 1211 1301 1243 vacabant,
1321 1212 1458 1241 ululantes
1474 1219 1615 1250 semetque
1632 1223 1731 1243 secan-

945 1258 1004 1287 tes,
1030 1262 1079 1289 pro
1103 1264 1179 1284 more
1201 1257 1257 1285 illic
1272 1265 1405 1287 consueto
1420 1270 1426 1287 :
1443 1268 1504 1295 quae
1519 1261 1583 1288 dum
1602 1267 1731 1297 agerent,

947 1305 1059 1335 accepta
1074 1301 1199 1329 ferebant
1213 1303 1383 1332 daemonibus
1398 1305 1468 1333 bona
1484 1307 1528 1334 illa
1540 1315 1600 1341 qua:
1614 1315 1664 1343 ego
1677 1308 1732 1335 lar-

946 1345 1018 1380 gitus
1033 1346 1150 1374 fueram.
1168 1357 1177 1373 1
1190 1347 1296 1375 Eruditi
1313 1349 1424 1378 fuerunt
1440 1358 1455 1377 a
1471 1359 1523 1379 me.
1537 1351 1596 1379 »01)
1613 1353 1670 1379 haec
1684 1361 1733 1379 au-

946 1394 999 1417 tem
1014 1399 1074 1426 quae
1088 1397 1182 1420 contra
1203 1401 1246 1421 me
1266 1401 1463 1428 peccaverunt,
1486 1405 1635 1432 congruam
1657 1398 1730 1425 sum-

946 1435 1118 1471 eientemque
1129 1446 1172 1465 me
1185 1442 1297 1467 auctore
1309 1441 1514 1475 castigationem
1529 1444 1731 1471 nanciscentur.

946 1480 1033 1508 Porro
1047 1482 1087 1509 eis
1101 1483 1289 1517 demonstrat,
1307 1486 1380 1519 quod
1396 1486 1433 1513 ita
1447 1495 1477 1514 se
1492 1492 1619 1522 gerentes
1634 1497 1732 1524 pecea-

946 1527 1044 1554 verint.
1059 1536 1069 1553 1
1084 1529 1142 1564 Ego
1157 1530 1350 1558 roboraveram
1367 1532 1479 1560 brachia
1493 1540 1588 1561 eorum
1599 1554 1606 1566 ,
1630 1539 1657 1561 at
1680 1535 1731 1570 ipsi

947 1571 975 1598 in
989 1579 1033 1599 me
1043 1575 1233 1608 cogitaverunt
1247 1576 1388 1603 malitiam.
1404 1587 1413 1603 ι
1425 1576 1481 1612 Ego
1493 1579 1632 1606 enimvero
1648 1581 1733 1607 rohur

947 1623 1028 1644 omne
1043 1617 1077 1645 iis
1104 1618 1235 1647 adversus
1249 1620 1343 1648 hostes
1359 1621 1521 1655 indiderant,
1541 1627 1568 1650 at
1587 1624 1637 1659 ipsi
1655 1628 1734 1660 turpe

946 1662 1085 1696 quodlibet
1099 1664 1153 1699 37
1168 1669 1195 1692 et
1208 1666 1346 1700 impietate
1362 1672 1471 1696 scatens
1483 1676 1545 1696 cum
1558 1669 1661 1698 oticnsa
1675 1678 1732 1698 mea

946 1713 1133 1742 patraverunt.
1150 1719 1160 1735 1
1173 1710 1305 1739 Conversi
1323 1716 1386 1739 sunt
1404 1713 1431 1740 in
1449 1713 1573 1742 nihilum.
1589 1725 1598 1740 ›
1613 1716 1734 1744 Conver—

947 1761 992 1781 sos
1008 1755 1085 1786 illos.
1102 1757 1137 1783 ob
1152 1757 1220 1783 iram
1236 1765 1322 1785 meam
1338 1765 1501 1795 poenamque
1523 1768 1538 1787 a
1561 1768 1604 1789 me
1620 1762 1733 1798 imposi-

948 1804 1021 1832 tam,
1045 1801 1112 1828 nihil
1133 1809 1193 1829 esse
1211 1804 1329 1830 ostendi.
1345 1814 1354 1830 1
1367 1804 1443 1832 Facti
1464 1810 1528 1834 sunt
1548 1808 1628 1842 quasi
1650 1815 1734 1837 arcus

948 1845 1060 1873 minime
1085 1846 1215 1875 intentus.
1232 1857 1241 1873 ι
1257 1849 1294 1875 Ita
1320 1853 1349 1876 ut
1372 1850 1440 1877 nihil
1463 1850 1592 1879 diil‘erant
1611 1853 1646 1880 ab
1667 1861 1732 1881 areu

947 1889 1080 1918 intentum
1106 1900 1218 1920 nervum
1239 1901 1292 1921 non
1311 1894 1446 1929 habente;
1472 1897 1518 1931 qui
1546 1905 1612 1925 sane
1629 1898 1734 1927 inutilis

948 1934 1073 1962 bellatori
1085 1940 1145 1968 est,
1159 1938 1280 1970 quandiu
1292 1939 1344 1966 hac
1355 1940 1509 1968 conditione
1523 1948 1575 1969 est.
1593 1943 1638 1970 Sic
1653 1948 1734 1971 erunt

948 1979 1049 2008 inertes
1064 1981 1196 2010 adversus
1212 1983 1304 2011 hostes
1318 1988 1400 2018 atque
1412 1985 1550 2014 imbecilli.
1569 1985 1627 2015 Hoc
1641 1988 1734 2024 itaque

947 2026 1103 2060 signiﬁcant
1116 2028 1196 2055 verba
1208 2048 1215 2060 ,
1229 2038 1240 2054 1
1253 2029 1359 2057 Eruditi
1374 2036 1438 2058 sunt
1451 2039 1466 2058 a
1481 2039 1543 2066 me;
1558 2042 1567 2058 ι
1578 2041 1673 2069 nempe
1685 2043 1734 2064 eos

947 2077 1002 2097 non
1015 2072 1176 2100 conﬁtentes
1193 2074 1324 2100 bonorum
1342 2081 1357 2101 a
1372 2083 1415 2103 me
1428 2081 1567 2112 acceptam
1583 2080 1735 2113 possessio-

947 2123 1026 2148 nem,
1048 2117 1103 2144 imo
1126 2118 1153 2144 in
1175 2118 1253 2153 pejus
1278 2127 1443 2154 conversos,
1467 2122 1589 2150 debitum
1615 2125 1732 2153 oiticium

947 2161 1029 2188 docui
1043 2183 1051 2195 ,
1067 2163 1239 2198 perspicuam
1256 2165 1410 2200 iniquitatis
1425 2174 1482 2194 suae
1498 2167 1601 2196 faciens
1619 2170 1672 2197 illis
1687 2171 1734 2198 de-

111 2211 222 2244 γοῦντας
237 2207 277 2237 ὧν
295 2209 390 2236 ἔλαϐον
404 2209 469 2243 παρ’
486 2207 552 2242 ἐμοῦ
568 2207 617 2242 τὴν
630 2206 780 2234 ἀπόλαυσιν
801 2207 834 2240 τῇ
850 2205 895 2254 sit}

949 2208 1184 2235 monstrationem.
1203 2218 1212 2234 1
1227 2209 1332 2237 Cadent
1358 2211 1496 2246 principes
1520 2219 1614 2240 eorum
1642 2214 1734 2248 gladio

110 2256 139 2283 τὸ
152 2258 239 2292 χεῖρον
253 2254 402 2291 μεταϐολῇ,
413 2254 444 2280 τὸ
458 2254 516 2280 δέον
531 2253 631 2284 αὐτοὺς
646 2252 804 2284 ἐπαίδευσα,
821 2250 895 2285 σα.φῆ

947 2256 1060 2286 propter
1074 2252 1237 2287 imperitiam
1253 2255 1351 2290 lingua:
1366 2263 1432 2283 suae.
1447 2265 1456 2282 ι
1472 2256 1503 2283 Ili
1526 2265 1591 2292 ergo
1609 2258 1733 2286 inﬁrma-

111 2302 157 2337 τῆς
172 2301 349 2338 παρανομίας
365 2299 454 2327 αὐτῶν
465 2299 651 2334 παρεχόμενος
663 2298 755 2328 αὐτοῖς
769 2296 818 2331 τὴν
830 2296 895 2323 ἀπό-

946 2297 1049 2324 buntur
1063 2308 1069 2325 :
1095 2299 1188 2328 hostes
1209 2306 1299 2328 autem
1315 2305 1370 2329 tam
1385 2303 1483 2330 validis
1503 2308 1584 2330 erunt
1609 2305 1732 2338 viribus,

111 2346 198 2379 δειξιν.
218 2356 228 2372 1
254 2345 406 2373 Πεσοῦνται
420 2344 445 2370 οἱ
464 2344 591 2379 ἄρχοντες
612 2342 701 2368 αὐτῶν
716 2343 745 2368 ὲν
763 2342 895 2377 ῥομφαίᾳ.

946 2348 975 2369 ιιι
992 2344 1075 2370 etiam
1098 2345 1204 2371 illorum
1227 2346 1364 2382 principes
1384 2356 1446 2375 cum
1474 2348 1587 2384 reliquis
1608 2350 1664 2376 sint
1690 2350 1733 2377 in-

111 2392 141 2418 δι’
161 2392 340 2420 ἀπαιδευσίαν
368 2389 495 2424 γλώσσης
519 2388 618 2415 αὐτῶν.
645 2397 655 2413 ι
675 2384 754 2414 Οὗτοι
779 2386 828 2422 μὲν
850 2384 895 2412 οὖν

946 2388 1107 2423 terfeetnri;
1135 2397 1278 2426 propterea
1305 2394 1377 2428 quod
1406 2393 1505 2421 inscite
1532 2394 1664 2423 adversus
1689 2404 1733 2424 me

112 2437 321 2474 ἀσϐενήσουσιν·
337 2436 362 2462 οἱ
376 2435 498 2470 πολέμιοι
516 2435 544 2461 δὲ
563 2433 697 2467 τοσαύτην
718 2432 809 2465 ἕξουσι
836 2432 895 2458 κατ’

946 2433 1027 2460 verba
1044 2434 1210 2463 etiutiebaut.

112 2484 195 2511 αὐτῶν
210 2484 260 2520 τὴν
280 2483 368 2517 ἰσχὺν,
386 2480 434 2515 (p.
451 2480 495 2514 57)
510 2479 580 2506 ὥστε
604 2479 651 2504 καὶ
666 2479 729 2509 τοὺς
747 2478 879 2513 ἄρχοντας
897 2478 986 2505 αὐτῶν
1003 2480 1052 2506 σὺν
1074 2482 1130 2512 τοῖς
1151 2482 1253 2513 λοιποῖς
1273 2483 1386 2514 ἀνελεῖν,
1414 2484 1482 2518 ὑπὲρ
1503 2481 1540 2511 ὧν
1564 2485 1733 2518 ἀπαιδεύτως

112 2529 273 2565 ἐφθέγγοντο
289 2527 351 2554 κατ’
367 2526 444 2561 ἐμοῦ.

432 2578 510 2604 ΚΕΦ.
533 2578 573 2604 Il'.

1257 2577 1333 2604 CAP.
1354 2578 1422 2605 VIII.

144 2626 216 2661 Στίχ.
231 2625 307 2659 (ι’-γ’.
332 2639 366 2643 —
388 2633 398 2649 ι
417 2619 501 2654 οὗτος
512 2623 527 2648 ὸ
541 2622 692 2657 φαυλισμὺς
711 2621 801 2648 αὐτῶν
816 2622 844 2647 ἐν
859 2622 894 2656 γῇ

981 2620 1064 2648 Vens.
1083 2621 1139 2647 l-5.
1156 2636 1191 2641 —
1217 2631 1226 2646 1
1247 2621 1308 2649 Ilaec
1329 2628 1371 2650 est
1395 2623 1574 2651 subsanuatio
1592 2632 1687 2653 eorum
1705 2626 1733 2653 in

113 2672 243 2706 Αἰγύπτου
262 2671 310 2698 ἐπὶ
336 2669 458 2705 φάρυγγι
482 2668 585 2696 αὐτῶν·
603 2668 641 2699 ὡς
663 2667 700 2701 γῆ
723 2666 834 2698 ἄϐατος,
858 2666 895 2697 ὡς

946 2669 1018 2693 terra
1033 2665 1144 2702 Egypti
1161 2667 1188 2693 in
1205 2671 1315 2700 gutture
1329 2675 1434 2701 eorum,
1454 2673 1483 2696 ut
1502 2673 1575 2697 terra
1598 2670 1682 2702 invia,
1704 2675 1734 2697 ut

114 2716 234 2750 σάλπιγξ,
248 2716 287 2748 ὡς
297 2715 378 2747 ἀετὸς
390 2716 433 2742 ἐπ’
442 2712 516 2741 οἶκον
527 2714 643 2750 Κυρίου.
658 2722 667 2738 ι
685 2712 776 2739 Ταῦτα
789 2712 822 2747 δὴ
836 2712 895 2738 πεί-

946 2713 1021 2743 tuba,
1040 2717 1069 2738 ut
1086 2712 1176 2747 aquila
1195 2720 1277 2747 super
1294 2712 1404 2741 domum
1420 2714 1538 2743 Domini.
1561 2725 1570 2741 ι
1587 2714 1651 2743 llaec
1666 2723 1733 2743 sane

162 2742 202 2755 ι⁷⁷⁴
214 2742 234 2749 ³³
254 2742 261 2743 ί
277 2742 286 2748 ³
368 2742 377 2747 '
572 2742 578 2750 ι
816 2742 822 2747 -
872 2757 878 2765 Ι

113 2769 198 2790 σονται
215 2761 405 2798 μιμησάμενοι
429 2760 483 2787 τῶν
509 2760 635 2796 πατέρων
654 2758 744 2785 αὐτῶν
760 2758 809 2794 τὴν
829 2767 895 2792 γνω‹

949 2757 1096 2792 patientur,
1119 2758 1183 2785 dum
1200 2764 1342 2792 parentum
1363 2768 1475 2787 suorum
1501 2761 1644 2788 imitantur
1667 2768 1732 2789 sen-

114 2816 163 2842 μην
172 2827 180 2840 ,
194 2809 219 2835 οἱ
236 2807 311 2835 κατά
323 2807 374 2841 τὴν
388 2805 522 2840 Αἴγυπτον
536 2804 710 2839 ἐξεφαύλιζον
724 2803 773 2836 τὰς
789 2804 829 2835 εἰς
843 2805 893 2831 αὺ-

949 2803 1073 2837 tentiam,
1091 2804 1137 2839 qui
1166 2804 1193 2831 in
1207 2804 1325 2842 Egypto
1348 2807 1466 2834 teruncii
1489 2806 1661 2835 aestimabant
1685 2814 1734 2834 ac-

143 2886 164 2902 "
174 2883 260 2913 Exod.
283 2891 373 2916 xxx",
388 2883 414 2910 Ιι.
454 2883 474 2897 ’⁵
489 2882 560 2910 Psal.
581 2888 685 2914 antt,
702 2881 733 2908 l9

1524 2916 1529 2922 '
1599 2924 1616 2932 ιι

248 2931 389 2960 ΡΑτιιοι..
406 2929 465 2959 Gn.
481 2930 590 2960 LXVI.

1598 2925 1618 2953 6
