1940 3064
174 129 222 162 171

172 191 251 222 cepta
271 194 286 213 a
315 185 369 213 Deo
390 183 520 212 beneﬁcia
545 191 552 211 :

172 237 265 264 erunt,
290 231 440 259 desertioni
465 229 630 257 omnimodze
655 230 759 262 traditi,
778 230 875 264 inqua
898 238 965 257 con-

172 278 321 305 stituentur
351 277 415 304 dum
444 276 509 303 tuba
539 276 636 303 bellica
661 276 783 303 clamose
808 283 890 310 super
916 283 965 303 eos

171 323 285 358 clangit,
300 328 327 350 ct
348 322 534 350 imminentem
551 321 671 349 hostium
684 321 825 349 incursum
845 321 964 354 nuntiat,

170 369 216 404 qui
232 368 341 403 quidem
359 376 441 403 quam
467 367 603 395 citissitue
625 367 752 399 aderunt,
770 374 846 394 more
867 366 964 401 aquilae

172 414 268 449 prteda‘.
284 421 341 441 sua:
363 414 454 441 subito
472 413 631 440 iuvolantis.
654 412 700 440 Sic
718 413 812 448 utique
827 415 855 439 et
871 412 965 439 hostes

171 460 325 492 advenient,
341 460 388 495 qui
406 460 535 494 populum
560 459 712 491 destruent,
735 462 763 485 et
781 458 829 485 Dei
852 457 963 485 dommn

172 505 390 532 intlammabunt.
412 505 470 532 lloc
491 509 583 532 autem
603 505 719 537 addidit,
745 504 781 532 ob
802 504 850 531 ira:
869 508 962 531 Osten-

171 551 290 578 dendam
317 550 545 586 magnitudinem,
572 551 644 586 quod
671 558 768 585 nempe
793 558 828 577 ne
849 549 964 584 propriae

171 597 280 631 quidem
297 596 390 622 domui
406 599 510 630 parcet,
527 595 574 622 sed
590 594 698 622 excidio
720 602 779 622 eam
804 598 901 629 [ιι-αξιοι·
921 602 964 620 re-

172 643 248 678 liqua
271 642 398 669 hostibus
424 641 523 669 tradet.
549 641 604 676 38
621 641 721 668 Deinde
734 648 784 667 cur
802 641 859 667 haec
882 647 964 667 even-

172 693 233 715 tura
250 687 306 715 sint
322 687 467 714 declarans
483 695 491 714 :
510 695 520 712 ‹
538 687 608 719 Quia
632 685 799 720 transgressi
824 689 899 717 sunt,
925 685 965 711 in-

171 734 241 768 quit,
261 732 349 760 foedus
367 740 469 764 meum,
488 735 514 759 et
530 737 626 758 contra
642 731 727 766 legem
747 738 832 758 meam
848 730 964 757 sceleste

171 780 297 812 egerunt.
313 786 322 803 ι
338 776 444 803 Etenim
466 775 614 803 absurdum
632 775 796 808 existimavi,
818 779 961 810 postquam

172 823 199 849 hi
224 827 333 857 pactum
357 829 446 849 meum
463 822 642 852 violaverant,
666 825 694 848 et
718 815 793 848 omni
822 821 961 854 impietate

172 869 305 896 adversus
320 869 405 903 legem
424 875 512 895 meam
535 867 704 902 przevaricati
722 865 841 897 fuerant,
860 865 961 900 templo

173 922 296 950 parcere.
313 914 385 950 quod
406 914 450 941 isti
465 921 561 949 gressu
582 920 632 940 suo
655 913 864 947 inquinaverant
881 917 961 946 atque

172 962 336 997 polluerant.
356 970 365 986 ι
385 961 424 987 Ad
441 967 484 987 me
495 959 652 986 clamabunt
666 968 672 985 :
685 958 767 989 Deus.
782 957 961 992 cognovimus

172 1012 207 1034 te.
226 1016 235 1033 ι
255 1005 333 1032 Tunc
348 1005 431 1032 rebus
446 1004 525 1039 ipsis.
540 1007 567 1030 et
587 1002 714 1037 imposita
730 1010 745 1029 a
763 1009 805 1029 me
823 1002 865 1028 his
880 1008 960 1036 pmna

172 1049 304 1081 convicti,
318 1048 465 1084 potentiam
484 1054 571 1074 meam
590 1047 748 1073 fatebuntur
761 1046 850 1073 inviti.
866 1056 875 1071 (
890 1045 960 1079 Quia

172 1095 254 1122 Israel
281 1097 424 1121 aversatus
456 1096 498 1119 est
534 1092 617 1124 bona,
646 1091 786 1118 inhnicmn
823 1091 960 1126 persecuti

171 1143 246 1165 sunt.
268 1148 278 1164 ›
300 1137 394 1165 Merito
418 1137 475 1164 hme
503 1136 651 1171 patientur,
676 1137 722 1171 qui
741 1136 858 1163 conlatis
880 1144 895 1162 a
918 1143 960 1163 me

171 1184 312 1211 beneficiis
330 1183 429 1219 ingrati
457 1183 578 1210 fuerunt.
596 1183 678 1217 Atqui
702 1189 736 1210 eo
759 1186 890 1217 tempore,
906 1189 960 1216 quo

170 1239 220 1265 ego
247 1230 301 1257 iiiis
325 1237 404 1265 opem
426 1228 488 1263 tuli,
505 1228 584 1256 facile
607 1227 753 1256 admodum
779 1228 872 1255 hostes
894 1234 960 1254 suos

170 1279 346 1311 superarunt.

205 1414 289 1442 Vens.
307 1413 367 1441 4-6.
383 1428 419 1435 -
435 1422 445 1439 ι
473 1413 656 1448 Sibimetipsis
682 1417 876 1448 regnaverunt,
903 1421 958 1440 non

170 1468 218 1495 per
235 1467 277 1486 me
298 1459 511 1493 imperaverunt,
534 1463 561 1485 ct
582 1459 648 1485 mihi
672 1458 784 1485 minime
799 1458 957 1485 notificave-
972 1471 993 1499 ο

169 1511 243 1533 runt.
263 1515 272 1530 ι
295 1504 448 1539 Tantopere
469 1504 652 1536 insanierunt,
669 1508 698 1531 ut
716 1504 810 1531 datum
829 1512 901 1532 ante
916 1512 959 1531 re-

169 1558 229 1586 gem
244 1553 466 1580 exaitctorantes,
486 1550 537 1584 ipsi
562 1549 701 1584 proprium
722 1549 774 1576 sibi
793 1557 883 1584 regem
897 1557 960 1576 eon-

169 1597 317 1628 stituerint,
333 1596 399 1622 nihil
410 1595 466 1630 jam
481 1595 515 1622 de
528 1596 590 1630 jure
609 1603 671 1622 meo
695 1595 804 1622 solliciti
823 1605 829 1622 :
846 1594 873 1622 id
885 1594 959 1622 enim

172 1643 281 1670 denotat
298 1641 381 1669 dictio
399 1651 406 1668 ε
421 1651 430 1666 ι
442 1640 619 1676 Nequaquam
631 1642 852 1668 uotilieaverunt.
865 1655 898 1660 —
912 1640 960 1666 Ar-

169 1692 279 1724 gentum
294 1695 385 1721 suum,
400 1691 427 1714 et
441 1694 537 1714 aurum
555 1695 635 1714 suum
655 1687 781 1714 fecerunt
800 1687 853 1714 sibi
874 1685 958 1718 idola,

170 1738 197 1760 ut
213 1734 379 1768 dispereunt.
402 1742 411 1758 ι
427 1732 460 1759 Et
478 1733 633 1760 institutum
650 1740 664 1758 a
681 1740 723 1759 me
740 1740 864 1767 regnum,
882 1737 908 1759 et
921 1731 960 1758 leo

169 1778 292 1813 gitimam
318 1778 476 1812 religionem
504 1777 692 1810 aboleverunt,
715 1781 745 1804 ut
770 1785 884 1812 regnum
907 1776 958 1804 sibi

170 1823 310 1858 proprium
335 1823 547 1850 constituerent.
579 1822 651 1850 Dicit
685 1830 750 1850 vero
776 1823 841 1850 illud
865 1821 958 1849 decem

170 1869 303 1902 tribuum,
320 1868 401 1903 cujus
416 1869 524 1896 initium
540 1868 733 1900 Jeroboamus,
749 1869 796 1904 qui
817 1872 845 1896 et
862 1869 959 1903 juven-

170 1923 218 1942 cas
237 1916 341 1950 primus
359 1915 427 1950 ipsis
452 1915 595 1943 fabricavit
622 1925 628 1943 :
652 1916 749 1949 haeque
774 1919 958 1944 consentanea

169 1961 247 1995 regni
264 1961 325 1987 novi
341 1960 504 1987 absurditati
522 1960 594 1987 idola
609 1960 695 1987 multa
711 1967 742 1987 ac
758 1960 830 1986 varia
843 1967 876 1987 ex
891 1968 959 1988 auro

169 2010 336 2040 argentoque
351 2005 402 2032 sibi
417 2004 612 2037 eﬂormarunt;
638 2012 654 2031 a
677 2004 778 2038 quibus
797 2004 870 2031 aliud
890 2005 959 2032 nihil

167 2057 250 2084 quam
274 2050 466 2077 exterminium
492 2057 572 2077 suum
598 2054 811 2085 consequentur.
835 2049 868 2076 Et
891 2058 959 2084 quo-

169 2096 244 2123 niam
269 2096 323 2123 illis
349 2096 426 2131 regni
452 2096 515 2123 novi
545 2096 746 2123 institutionem
773 2096 958 2130 exprobravit,

765 126 943 155 THEODORI
966 126 1145 155 MUPSUES'I
1153 126 1208 153 EN!

579 191 642 211 nam
670 184 737 212 locis
765 185 846 212 inviis
861 185 960 212 similes

1016 185 1078 216 τοὺς
1096 184 1282 219 γεγενημένας
1308 183 1384 219 παρὰ
1410 183 1457 210 τοῦ
1483 183 1551 210 Θεοῦ
1573 184 1696 220 δωρεάς·
1711 187 1805 223 ᾰίῖἀτῳ

1755 126 1807 153 172

1015 230 1070 265 γὰρ
1086 230 1191 256 ἔσονται
1212 229 1411 264 παραπλήσιοι,
1426 231 1459 264 τῇ
1483 230 1586 266 ἐρημίᾳ
1608 231 1807 266 παραδοθέντες

1016 275 1160 305 παντελεῖ,
1185 275 1226 305 εἰς
1252 274 1286 309 ἢν
1317 275 1553 310 καταστήσονται,
1581 276 1630 311 τῆς
1656 276 1807 312 πολεμικῆς

1016 320 1168 354 σάλπιγγος
1183 320 1226 346 ὲπῗ
1242 320 1340 352 αὐτοὺς
1359 320 1478 356 ἡκούσης
1505 321 1592 355 μέγα,
1615 322 1662 348 καὶ
1681 322 1729 357 τὴν
1750 322 1806 349 τῶν

1016 366 1153 401 πολεμίων
1176 365 1269 400 ἔφοδον
1292 366 1441 401 μέλλουσαν
1464 367 1667 402 γνωριζούσης,
1692 368 1709 402 ἡ
1735 368 1806 402 μετὰ

1015 412 1114 447 πολλῆς
1140 412 1232 443 αὐτοῖς
1266 411 1447 438 ἐπελεύσεται
1480 411 1528 447 τῆς
1557 412 1696 448 ὀξύτητος,
1725 414 1804 448 δίκην

1014 457 1093 484 ἀετοῦ
1117 457 1214 492 ἀθρόον
1238 457 1418 492 ἐφισταμένου
1444 456 1500 489 τοῖς
1524 458 1693 493 θηρωμένοις
1704 467 1711 475 ·
1732 458 1804 485 οὕτω

1014 504 1068 539 γὰρ
1087 503 1119 538 δὴ
1142 503 1189 530 καὶ
1210 503 1234 529 οἰ
1264 503 1387 537 πολέμιοι
1412 503 1614 535 ὲπελεύσονται,
1639 504 1750 536 τούτους
1771 513 1802 531 τε

1014 548 1201 583 ἀφανίζοντες,
1215 548 1262 574 καὶ
1275 547 1320 574 τὸν
1338 546 1411 574 οἶκον
1431 549 1634 583 πυρπολοῦντες
1649 549 1694 576 τὸν
1713 550 1801 576 θεῖον·

1013 594 1092 620 τοῦτο
1114 593 1142 620 δὲ
1161 593 1354 628 προστέθεικεν
1379 593 1418 624 εἰς
1444 593 1581 625 ἀπόδειξιν
1599 593 1646 620 τοῦ
1670 594 1803 629 μεγέθους

1013 639 1063 673 τῆς
1083 639 1179 674 ὀργῆς,
1202 639 1242 665 ὅτι
1259 639 1327 674 μηδὲ
1339 639 1386 665 τοῦ
1399 639 1476 666 οἴκου
1493 640 1614 673 φείδεται
1630 640 1676 666 τοῦ
1688 641 1800 671 οἰκείου,

1013 683 1133 716 ἐκδιδοὺς
1151 683 1232 710 αὑτὸν
1249 685 1287 715 εἰς
1303 684 1455 719 ἀφανισμὸν
1471 684 1540 719 μετὰ
1558 685 1612 711 τῶν
1628 685 1729 712 λοιπῶν
1745 688 1800 718 τοῖς

1014 729 1164 764 πολεμίοις·
1177 727 1235 756 εἶτα
1247 729 1294 756 καὶ
1305 729 1363 756 ἀνθ’
1376 731 1437 756 ὅτου
1449 730 1535 757 ταῦτα
1546 732 1690 767 γενήσεται
1701 731 1801 766 δηλῶν

1015 785 1025 800 ε
1059 775 1129 801 ’Λνθ’
1144 772 1181 802 ὧν
1198 776 1358 811 παρέϐησαν
1371 777 1420 810 τὴν
1437 777 1568 812 διαθήκην
1587 786 1649 812 μου,
1671 778 1716 804 καὶ
1731 778 1800 804 κατὰ

1011 821 1060 847 τοῦ
1082 821 1164 856 νόμον
1184 821 1335 857 ἠσέϐησαν.
1359 831 1369 847 ι
1394 822 1470 848 Ἐπ-ὶ
1494 823 1540 848 καὶ
1563 822 1662 850 ἄτοπον
1675 823 1800 858 ἡγούμην

978 855 999 884 Β
1013 865 1115 892 τούτων
1141 855 1322 901 παραϐάντων
1348 867 1397 902 τὴν
1421 867 1552 902 διαθήκην
1577 868 1625 903 τὴν
1648 855 1731 904 ἐμὴν,
1747 855 1800 895 ’καὶ

1010 912 1150 943 παντελῶς
1167 913 1207 944 εἰς
1227 913 1273 938 τὸν
1288 913 1369 948 νόμον
1389 913 1564 948 ἠσεϐηκότων
1587 914 1633 940 τὸν
1654 915 1731 950 ὲμὸν,
1752 914 1799 940 τοῦ

1009 958 1082 984 οἴκου
1097 957 1233 992 φείδεσθαι
1246 958 1275 984 ὃν
1295 958 1432 993 ἐρῥύποον
1445 967 1474 985 τε
1494 960 1541 986 καὶ
1554 959 1683 995 ἐμόλυνον
1696 961 1728 995 τῇ
1741 962 1801 987 ὲπι-

1009 1003 1088 1029 ϐάσει
1103 1004 1136 1038 τῇ
1149 1003 1246 1038 οἰκείᾳ.
1270 1013 1279 1029 σ
1302 1004 1373 1039 Πρὸς
1387 1005 1438 1039 ἐμὲ
1460 1006 1656 1040 κεκράξονται·
1677 1007 1705 1034 Ὀ
1722 1007 1798 1039 Θεὸς,

1010 1049 1171 1084 ἐγνώκαμεν
1189 1058 1229 1076 σε.
1250 1059 1259 1075 ι
1282 1050 1320 1084 (p.
1338 1050 1384 1083 58)
1407 1051 1474 1077 Τότε
1491 1052 1544 1078 ὑπὸ
1557 1052 1611 1079 τῶν
1629 1053 1802 1088 πραγμάτων

1009 1094 1056 1120 καί,
1070 1094 1120 1129 τῆς
1136 1094 1310 1130 ὲπαγομένης
1326 1095 1418 1126 αὐτοῖς
1440 1097 1593 1132 τιμωρίας,
1618 1098 1730 1130 ἄκοντες
1750 1099 1801 1133 τὴν

1008 1139 1122 1175 δύναμιν
1136 1140 1333 1175 ὁμολογήσουσι
1346 1141 1394 1176 τὴν
1413 1142 1493 1176 ὲμήν.
1514 1151 1523 1168 ‹
1540 1143 1601 1170 "Ott
1620 1144 1729 1180 Ἰσραὴλ
1745 1145 1800 1171 ἁπ-

1009 1185 1158 1220 εστρέψατο
1168 1186 1267 1220 ἀγαθὰ,
1279 1187 1374 1222 ἐχθρὸν
1385 1188 1561 1221 κατεδίωξαν.
1568 1199 1576 1214 ι
1586 1190 1728 1217 Πείσονται
1737 1190 1800 1226 μέν·

1008 1239 1049 1258 τοι
1067 1231 1181 1257 τοιαῦτα
1206 1231 1319 1263 δικαίως
1341 1234 1366 1259 οἱ
1386 1233 1450 1268 περὶ
1469 1234 1518 1269 τὴν
1533 1234 1606 1261 δόσιν
1621 1235 1673 1261 τῶν
1688 1235 1801 1270 ἀγαθῶν

1012 1276 1066 1303 τῶν
1083 1277 1148 1312 παρ’
1160 1277 1227 1312 ἐμοῦ
1240 1278 1382 1311 γεγονότες
1392 1278 1561 1314 ἀγνώμονες·
1575 1280 1662 1307 καίτοι
1677 1289 1708 1315 γε
1719 1281 1799 1308 ὁπότε

1012 1322 1144 1357 παρεῖχον
1155 1323 1248 1354 αὺτοῖς
1261 1322 1309 1358 τὴν
1321 1324 1390 1358 ἐμὴν
1407 1325 1532 1359 βοήθειαν
1555 1326 1623 1361 μετὰ
1639 1327 1739 1362 πολλῆς
1749 1327 1801 1362 τῆς

1014 1367 1044 1394 εὑ
1048 1376 1084 1402 μα
1088 1367 1164 1402 ρείας
1176 1367 1339 1403 κρατοῦντες
1348 1368 1402 1395 τῶν
1415 1368 1519 1405 ἐχθρῶν
1526 1371 1580 1396 τῶν
1592 1371 1710 1398 οἰκείων.

1049 1413 1123 1447 Στίχ.
1140 1412 1215 1445 δ’-ς’.
1230 1428 1265 1432 -
1285 1423 1294 1438 ι
1317 1414 1439 1446 Ἐαυτοῖς
1457 1415 1645 1447 ἐϐασίλευσαν,
1663 1417 1710 1443 καὶ
1722 1417 1752 1443 οὐ
1765 1417 1800 1443 δι’

1013 1458 1080 1493 ὲμοῦ
1092 1457 1188 1494 ἦρξαν,
1210 1459 1258 1485 καὶ
1275 1459 1325 1485 οὐκ
1344 1459 1494 1495 ἐγνώρισαν
1517 1469 1572 1494 μοι.
1595 1470 1605 1486 ›
1623 1461 1701 1488 Οὕτω
1718 1461 1746 1487 δέ
1765 1471 1800 1496 με

1012 1503 1150 1534 παντελῶς
1164 1503 1391 1537 παρελογίσαντο,
1409 1504 1447 1536 ὡς
1466 1505 1512 1531 καὶ
1526 1505 1572 1531 τὸν
1590 1506 1654 1540 παρ’
1673 1505 1740 1540 ἐμοῦ
1756 1506 1800 1532 δο-

1011 1548 1091 1575 θέντα
1116 1549 1227 1583 βασιλέα
1258 1549 1521 1584 παραγραψάμενοι,
1554 1550 1631 1577 αὐτοὶ
1661 1550 1801 1585 βασιλείαν

1010 1596 1211 1630 κατεστήσαντο
1224 1595 1302 1626 ἰξίαν,
1314 1595 1408 1622 οὐδένα
1419 1595 1474 1622 τῶν
1485 1604 1517 1622 πε
1523 1596 1547 1631 ρί
1559 1596 1609 1632 ἐμὲ
1621 1597 1800 1631 ποιησάμενοι

1009 1641 1096 1674 λόγον’
1115 1640 1194 1667 τοῦτο
1206 1641 1260 1676 γὰρ
1277 1641 1350 1674 λέγει
1366 1641 1405 1671 τὸ,
1417 1649 1426 1666 ι
1443 1641 1500 1673 Οὐκ
1515 1642 1708 1677 ὲγνωρίσαντο.
1719 1656 1753 1663 --
1763 1643 1800 1668 Τὸ

1010 1686 1143 1721 ἀργύριον
1156 1685 1246 1711 αὐτῶν
1260 1686 1306 1711 καὶ
1321 1685 1351 1711 τὸ
1364 1685 1473 1720 χρυσίον
1491 1687 1579 1713 αὐτῶν
1593 1687 1723 1722 ἐποίησαν
1737 1688 1800 1714 ἐαυ-

1010 1731 1065 1761 τοῖς
1083 1729 1197 1762 εἴδωλα,
1216 1730 1290 1761 ὅπως
1309 1729 1545 1765 ἐξολοθρευθῶσιν.
1571 1740 1580 1757 ι
1607 1732 1662 1758 Καὶ
1682 1731 1731 1767 τὴν
1749 1733 1802 1767 μὲν

1011 1776 1076 1810 παρ’
1094 1775 1161 1810 ἐμοῦ
1185 1775 1334 1810 βασιλείαν,
1351 1776 1401 1811 τήν
1421 1785 1450 1802 τε
1474 1777 1538 1812 περί
1554 1777 1600 1803 τὸν
1623 1777 1705 1812 νόμον
1727 1786 1799 1813 παρ-

1011 1821 1165 1856 εγράψαντο
1179 1820 1336 1856 θεραπείαν,
1352 1821 1490 1856 βασιλείαν
1503 1822 1531 1848 δὲ
1548 1823 1615 1850 ἰδίαν
1631 1824 1801 1859 καταστησά-

1011 1875 1087 1901 μενοι
1108 1866 1198 1902 (λέγει
1212 1866 1241 1893 δὲ
1261 1867 1311 1902 τὴν
1326 1867 1438 1893 ἐπὶτῶν
1459 1867 1524 1894 δέκα
1539 1868 1630 1902 φυλῶν
1644 1870 1799 1903 γεγονυῖαν,

1009 1911 1167 1948 ἀρξαμένην
1183 1913 1238 1940 ἀπὸ
1252 1913 1299 1939 τοῦ
1326 1912 1476 1948 ’1εροϐοὰμ,
1493 1915 1523 1945 ὃς
1541 1916 1587 1941 καὶ
1607 1915 1656 1946 τὰς
1668 1915 1800 1950 δαμάλεις

1011 1958 1117 1993 πρῶτος
1131 1958 1222 1989 αὐτοῖς
1239 1958 1461 1992 κατεσκεύασεν),
1473 1960 1606 1987 ἀκόλουθα
1622 1963 1655 1996 τῇ
1671 1961 1735 1997 περὶ
1749 1961 1801 1997 τὴν

1009 2003 1124 2038 ἐκλογὴν
1132 2003 1182 2038 τῆς
1193 2003 1331 2039 βασιλείας
1343 2004 1444 2039 ἀτοπίᾳ.
1453 2004 1690 2041 διαπραττόμενοι,
1703 2009 1740 2041 (p.
1752 2007 1798 2040 δυ)

1010 2049 1107 2075 εἴδωλα
1123 2049 1206 2075 πολλά
1218 2057 1248 2075 τε
1263 2049 1310 2075 καί
1325 2050 1434 2076 ποικίλα
1450 2050 1484 2077 τὰ
1505 2051 1554 2086 μὲν
1570 2052 1602 2078 ἐκ
1617 2051 1717 2086 χρυσοῦ
1733 2062 1799 2079 κατ-

1010 2094 1171 2126 εσκεύασαν,
1185 2094 1220 2120 τὰ
1243 2094 1272 2120 δὲ
1287 2094 1316 2127 ἐξ
1335 2095 1466 2130 ἀργύρου·
1492 2097 1538 2130 ἀφ’
1559 2093 1595 2122 ὦν
1615 2098 1691 2124 οὐδὲν
1706 2098 1800 2134 ἕτερον

170 2141 241 2168 unde
256 2140 434 2175 juvenearum
451 2139 558 2168 facinus
570 2144 661 2167 ortum
673 2145 744 2173 erat,
757 2144 959 2174 consequenter

1012 2138 1067 2164 ἀλλ’
1089 2138 1106 2173 ἢ
1121 2139 1166 2165 τὸν
1185 2139 1339 2174 ἀφανισμὸν
1360 2141 1519 2176 κερδανοῦαι
1543 2142 1589 2168 τὸν
1608 2143 1706 2170 οἰκεῖον
1718 2152 1725 2159 ·
1751 2145 1799 2171 καὶ

169 2187 265 2214 addit:
283 2195 291 2210 ι
315 2185 412 2220 Abjice
432 2186 558 2218 vitulum,
572 2185 713 2218 Samaria;
736 2186 892 2213 concitatus
917 2190 959 2213 est

170 2232 247 2260 furor
260 2239 338 2259 meus
363 2231 495 2258 adversus
518 2239 576 2259 eos.
598 2241 606 2257 ι
628 2230 735 2258 Recede
750 2236 765 2258 a
779 2231 958 2266 juvencarum

170 2277 253 2312 impio
272 2277 366 2308 cultu;
382 2283 472 2310 neque
492 2277 564 2303 enim
582 2275 760 2302 mediocriter
780 2279 888 2311 patrato
904 2283 960 2302 sce-

170 2323 218 2350 leri
234 2322 289 2357 39
302 2322 416 2349 irascor.
432 2331 442 2346 ι
462 2321 611 2356 Quousque
627 2321 735 2348 tandem
746 2321 887 2348 emundari
903 2328 958 2348 non

169 2372 297 2403 poterunt
311 2366 578 2395 inlsraele?ldolutn
595 2367 647 2393 hoc
660 2366 758 2393 artifex
774 2366 849 2398 fecit,
865 2370 892 2394 et
904 2374 958 2393 non

168 2418 210 2441 est
227 2413 307 2440 Deus.
321 2423 330 2438 ι
347 2412 465 2444 Siccine,
477 2420 511 2439 ne
523 2412 654 2446 temporis
667 2411 775 2446 quidem
789 2411 957 2439 diuturnitas

170 2461 196 2483 te
217 2457 309 2484 docuit
334 2456 451 2484 oﬂicium
476 2457 575 2483 tuum?
605 2464 692 2490 neque
711 2461 790 2483 tanta:
811 2457 957 2491 impietatis

170 2500 305 2526 maculam
327 2500 440 2527 cluisti?
463 2499 511 2527 sed
531 2500 602 2527 idola
625 2507 755 2527 manuum
779 2501 957 2528 humanarum

169 2551 238 2578 opus
267 2543 422 2576 admiraris,
444 2552 505 2578 qua:
530 2552 597 2572 sane
619 2545 792 2579 quandonam
818 2545 854 2573 dii
883 2547 958 2573 credi

171 2592 306 2623 poterunt,
323 2595 385 2614 eum
403 2589 485 2615 talem
503 2589 622 2616 habeant
638 2590 807 2618 exsistentia:
824 2599 881 2618 sua:
891 2598 957 2618 cau-

170 2633 248 2660 sam?
270 2642 280 2658 ‹
305 2631 450 2666 Propterea
474 2632 556 2660 fallax
572 2638 614 2660 est
637 2634 741 2661 vitulus
767 2638 842 2667 tuus,
865 2642 882 2662 ο
907 2634 978 2662 εει-μ

170 2675 266 2702 maria.
287 2685 296 2701 ι
315 2674 441 2701 Nondum
464 2675 557 2710 itaque
577 2678 692 2712 potuisti
717 2686 893 2714 cognoscere,
911 2679 957 2713 ju-

169 2727 314 2747 venearum
338 2718 469 2746 fabricam
489 2720 539 2747 tibi
562 2728 674 2748 causam
696 2723 840 2750 aberrandi
864 2730 880 2750 a
903 2723 958 2752 Deo

169 2765 320 2798 exstitisse,
342 2771 425 2800 quam
452 2765 488 2792 ob
504 2773 561 2793 rem
585 2765 660 2800 justo
673 2775 720 2795 eas
743 2768 807 2796 odio
828 2770 957 2804 prosequi

169 2810 290 2838 debeas?

1012 2184 1104 2219 ἐπειδὴ
1122 2184 1171 2219 τὴν
1191 2185 1241 2219 τῆς
1262 2185 1400 2220 βασιλείας
1417 2187 1508 2218 αὐτοῖς
1529 2187 1649 2214 ὠνείδισε
1671 2197 1799 2225 καινουρ-

1011 2228 1084 2261 γίαν,
1101 2229 1162 2254 ὅθεν
1172 2229 1203 2263 δὴ
1222 2229 1294 2256 κατὰ
1304 2230 1360 2256 τῶν
1374 2230 1516 2266 δαμάλεων
1530 2233 1665 2268 ἐτολμήθη
1680 2234 1798 2269 πρῶτον,

1011 2272 1163 2304 ἀκολούθως
1185 2273 1293 2308 ἐπάγει·
1323 2284 1332 2300 ‹
1363 2275 1527 2311 Ἀπόρριψον
1551 2277 1596 2303 τὸν
1620 2278 1719 2313 μόσχον
1739 2287 1797 2311 σου,

1011 2317 1168 2353 Σαμάρεια·
1196 2319 1358 2354 παρωξύνθη
1382 2321 1396 2346 ὁ
1417 2320 1502 2355 θυμός
1523 2330 1572 2356 μου
1591 2323 1634 2348 ἐπ’
1655 2323 1762 2354 αὐτούς.
1788 2335 1797 2350 ι

1017 2363 1162 2398 Ἀπόστηθι
1176 2364 1208 2400 δὴ
1222 2365 1271 2400 τῆς
1287 2366 1351 2401 περὶ
1367 2366 1416 2397 τὰς
1429 2367 1560 2402 δαμάλεις
1580 2369 1722 2400 ἀσεϐείας·
1738 2370 1799 2396 οὐδὲ

1010 2409 1063 2445 γὰρ
1080 2409 1117 2441 ὡς
1131 2409 1225 2445 ἔτυχεν
1244 2411 1383 2446 ὢργισμαι
1401 2413 1448 2439 ἐπὶ
1468 2415 1500 2448 τῇ
1515 2414 1569 2440 τῶν
1582 2415 1733 2449 γεγονότων
1747 2424 1800 2442 πα-

1012 2454 1137 2489 ρανομίᾳ.
1156 2463 1164 2479 ι
1185 2455 1257 2486 Ἕως
1270 2455 1342 2486 τινος
1358 2456 1387 2482 οὺ
1408 2457 1445 2492 μὴ
1459 2457 1588 2484 δύνωνται
1602 2459 1800 2495 καθαρισθῆναι

1009 2500 1038 2526 ἐν
1060 2500 1097 2534 τῷ
1125 2500 1249 2536 Ίσραήλς
1274 2502 1328 2527 Καὶ
1355 2503 1423 2529 αὐτὸ
1445 2504 1547 2530 τέκτων
1564 2505 1685 2540 ἐποίησε,
1704 2507 1750 2532 καὶ
1767 2508 1798 2533 οὐ

1009 2545 1074 2576 Θεός
1099 2546 1181 2572 ἐστιν.
1210 2556 1218 2571 ι
1242 2546 1311 2572 Ἀλλ’
1336 2548 1394 2575 οὐδὲ
1417 2550 1431 2574 ὁ
1456 2549 1559 2584 μακρὸς
1579 2550 1673 2585 χρόνος
1689 2551 1800 2583 ἐξεπαί-

1009 2590 1089 2616 δευσέ
1105 2599 1134 2616 σε
1158 2591 1190 2617 τὸ
1212 2591 1287 2625 δέον;
1310 2593 1371 2620 οὐδὲ
1391 2594 1492 2621 ἀπέθου
1510 2595 1558 2630 τῆς
1575 2596 1710 2632 τοσαύτης
1732 2599 1798 2624 ἀσε-

1009 2636 1084 2667 ϐείας
1096 2636 1142 2662 τὸν
1160 2637 1264 2672 ρύπονς
1283 2638 1400 2674 κέχηνας
1413 2640 1441 2666 δὲ
1456 2641 1520 2675 περὶ
1536 2641 1633 2668 εἴδωλα
1648 2641 1677 2673 ἐξ
1691 2642 1798 2677 ἀνθρω-

1009 2683 1095 2709 πίνων
1105 2683 1234 2717 γινὸμενα
1246 2684 1356 2720 χειρῶν,
1369 2685 1387 2711 ἃ
1399 2685 1463 2712 πότε
1475 2686 1508 2712 ἂν
1521 2687 1634 2720 εἰκότως
1644 2689 1798 2723 νομισθεῖεν

1010 2727 1086 2758 θεοὶ,
1109 2728 1237 2764 τοιαύτην
1256 2729 1352 2764 ἔχοντα
1375 2732 1426 2766 τῆς
1449 2732 1592 2768 ὑπάρξεως
1619 2734 1669 2769 τὴν
1690 2734 1796 2764 αἰτίαν;

1012 2781 1021 2798 ‹
1043 2772 1114 2799 Διότι
1131 2773 1240 2800 πλανῶν
1255 2771 1289 2808 ἦν
1306 2775 1320 2800 ὁ
1340 2774 1439 2809 μόσχος
1458 2784 1516 2809 σου,
1541 2778 1691 2813 Σαμάρεια.
1711 2787 1720 2804 ι
1743 2779 1799 2805 Καὶ

1010 2819 1040 2845 οὐ
1052 2818 1197 2854 δεδύνησαι
1215 2819 1328 2846 συνιδεῖν
1340 2821 1379 2847 ὅτι
1394 2822 1410 2856 ὴ
1423 2822 1477 2848 τῶν
1488 2823 1629 2858 δαμάλεων
1642 2825 1799 2860 κατασκευὴ

169 2855 273 2891 πλάνης
296 2864 337 2883 σοι
353 2856 403 2891 τῆς
421 2856 475 2900 απὸ
493 2857 561 2902 Θεοῦ
585 2857 698 2891 γέγονεν
716 2860 801 2894 αἰτία,
819 2860 890 2888 ὥστε
911 2861 958 2888 καί
972 2862 1016 2890 διὰ
1034 2864 1113 2892 τοῦτο
1127 2865 1224 2900 χρῆναι
1240 2867 1328 2899 μισεῖν
1342 2855 1410 2894 αὺτᾶ
1424 2855 1551 2903 Semitas;
