1940 3064
144 166 190 194 173

632 166 907 196 COMMENTARIUS
923 166 959 194 1N
980 167 1079 196 OSEJE
1100 169 1175 195 CM‘.
1197 167 1265 196 VIII.

1707 173 1758 200 ιπ

174 225 247 260 Στίχ.
269 226 334 258 ξ’-ι’.
353 241 386 245 -
406 236 415 252 ε
434 227 495 253 Ὀτι
507 226 683 262 ἁνεμόφθορά
696 229 754 254 ἐστι
766 248 773 258 ,
791 229 837 254 καὶ
849 229 865 262 ἠ
881 237 919 255 καη

1016 227 1096 255 Vens.
1114 229 1188 255 7-H).
1203 244 1236 248 -—-
1249 238 1258 254 ε
1278 229 1347 262 Quia
1359 231 1481 266 corrupit
1501 231 1628 268 (semina)
1649 238 1759 265 ventus,

141 270 278 305 ταστροφῆ
300 271 389 298 αὐτῶν
413 271 550 304 ἐκδέξεται
574 273 653 300 αὑτά·
670 272 779 308 δράγμα
799 274 850 300 οὐκ
868 273 928 308 ἔχον

142 316 217 350 ἰσχὺν
241 317 288 343 τοῦ
303 318 414 352 ποιῆσαι
428 318 550 354 ἄλευρον·
566 319 612 345 ἐὰν
626 319 654 346 δὲ
666 321 712 346 καὶ
727 321 838 356 ποιήσῃ,
854 321 928 347 ἀλλό-

140 369 209 394 τριοι
226 362 428 396 καταφάτονται
452 363 527 390 αὑτό.
556 373 564 389 ι
591 364 746 391 Διαλλάττει
772 365 825 400 γὰρ
852 365 927 392 οὐδὲν

139 406 195 432 τῶν
214 408 393 442 γεννημάτων
415 408 535 441 ἐκείνων⁹
554 411 592 443 (p.
608 410 653 444 60)
674 410 692 437 ἃ
710 410 762 436 ὑπὸ
788 410 926 442 καύσωνος

140 451 241 487 ἀνέμου
252 453 420 488 ξηρανθέντα
431 463 458 480 τε
468 454 513 480 καὶ
524 455 716 490 διαφθαρέντα,
728 456 849 491 ἄχρηστα
861 465 927 483 παν-

138 495 224 526 τελῶς
248 497 306 522 ὲστι
325 496 393 529 πρδς
417 496 561 532 διατροτὴν
576 498 738 534 ἀνθρώποις·
767 499 854 534 φθορά
878 501 926 535 μὲν

139 541 194 576 γὰρ
207 541 278 568 αὐτὰ
293 541 443 576 διαδέχεται
459 543 505 569 καὶ
519 543 650 569 ἀπώλεια⁸
670 543 729 570 ἐστι
748 544 775 570 δὲ
790 545 926 579 ἀνωφελὲς

138 584 303 620 ἀνθρώποις.
315 586 428 622 ἄλευρον
438 588 476 618 εἰς
486 587 632 623 διατροφὴν
644 589 793 623 ἐπιτήδειον
808 590 837 616 οὺ
848 590 926 617 δυνά-

139 639 220 665 μενον
234 633 331 658 ποιεῖν·
352 633 376 658 εἰ
402 632 424 658 δ’
443 632 497 668 ἄρα
519 642 544 658 τι
566 634 613 659 καί
631 634 750 667 γένοιτο,
769 634 806 666 ὡς
825 635 925 669 φαῦλον

138 675 179 706 είς
195 675 297 710 βρῶσιν
322 676 495 712 προστίθεται
522 676 636 710 ἀλόγωνο
659 678 704 704 τὸν
722 679 802 704 αὑτὸν
824 679 878 715 γὰρ
894 680 926 715 δὴ

136 720 238 755 τρόπον
249 721 296 747 καὶ
311 721 328 756 ὴ
342 722 404 756 περὶ
416 721 450 748 τὰ
457 721 552 748 εἴδωλα
565 722 697 756 θεραπεία
713 724 862 759 ἐπιϐλαϐὴς
876 725 925 760 μέν

136 766 196 791 ἐστι
210 767 258 792 καὶ
274 765 370 802 δνησιν
383 767 539 802 παρέχουσα
554 768 613 794 οὐδὲ
628 768 701 803 μίαν’
715 769 784 795 ὥστε
800 770 825 796 εί
838 779 863 796 τι
879 771 925 798 καὶ

137 810 278 845 περίεστιν
294 811 359 846 ὑμῖν
382 812 523 847 ἑτέρωθεν,
550 813 604 839 τῶν
625 814 761 849 πολεμίων
784 815 859 841 ἔσται
879 816 925 842 καὶ

135 855 216 881 τοῦτο
233 856 329 890 κέρδος
343 856 386 882 διὰ
404 857 452 892 τὴν
465 858 576 884 ἐνοῦσαν
590 858 653 893 ὑμῖν
667 859 803 885 ἀσέϐειαν.
822 869 831 885 ι
850 861 924 886 Κατ·
941 875 961 901 Β

138 901 223 936 επόθη
241 901 360 937 Ἰσραήλ·
372 902 418 929 νῦν
431 903 537 936 ἐγένετο
557 904 586 929 ὲν
598 905 653 936 τοῖς
667 904 769 931 ἔθνεσιν
781 905 818 937 ὡς
830 905 925 937 σκεῦος

136 946 283 981 ἄχρηστον
298 947 337 973 ὅτι
349 948 424 974 αὐτοὶ
437 949 572 983 ἀνέὸησαν
589 950 629 980 εἰς
646 949 811 985 Ἀσσυρίους.
828 959 837 975 ι
854 951 925 978 Παν-

134 991 202 1025 τελῆ
217 990 273 1026 γὰρ
292 992 444 1027 ἀφανισμὸν
462 993 531 1029 ὑπὲρ
551 994 653 1021 τούτων
676 995 853 1030 ὑπομενεῖτε,
878 996 925 1032 λη-

135 1035 250 1069 φθέντες
273 1036 326 1062 ὕπο
348 1037 505 1073 Ἀσσυρίων
522 1038 616 1074 ὥσπερ
630 1048 656 1065 τι
673 1040 769 1071 σκεῦος
786 1041 925 1073 παντελῶς

135 1080 273 1115 ἄχρηστον
289 1081 318 1106 ἐν
332 1082 388 1113 τοῖς
403 1081 550 1116 ἀλλοτρίοις
562 1082 666 1114 ἔσεσθε,
679 1082 785 1114 οὐδενὸς
799 1082 924 1119 ἀξιούμε-

134 1133 175 1150 νοι
188 1124 281 1158 λόγου.
299 1134 307 1150 t
328 1125 452 1152 Ἀνέθαλε
465 1126 524 1152 καθ’
536 1125 631 1153 ἑαυτὸν
646 1127 716 1162 ἐμοί.
736 1136 745 1152 ι
769 1127 923 1155 Ἐπέδωκαν

135 1171 174 1201 εἷς
187 1170 291 1206 πλῆθος
303 1170 348 1197 διὰ
357 1172 405 1206 τῆς
417 1172 485 1206 ἐμῆς
496 1172 667 1207 κηδεμονίας,
681 1173 726 1198 καὶ
736 1173 830 1199 οὐδένα
839 1174 923 1199 ποιεῖ-

134 1215 198 1242 σθαί
216 1224 268 1250 μου
289 1216 367 1250 λόγον
387 1216 536 1248 ἐθέλοντες,
561 1217 696 1244 τοσούτων
722 1217 831 1252 ἀγαθῶν
847 1218 922 1249 ὄντος

133 1261 226 1293 αὐτοῖς
244 1261 343 1293 αἰτίου,
360 1261 488 1297 αὐθαδείᾳ
503 1262 591 1289 πάντα
604 1262 794 1297 διεπράττοντο
809 1263 879 1290 κατά
893 1263 923 1289 τὸ

131 1306 227 1333 δοκοῦν
253 1308 380 1340 ὲαυτοίς’
407 1306 486 1334 τοῦτο
507 1308 561 1343 γάρ
580 1308 637 1334 ἐστι
660 1308 701 1341 τὸ,
725 1308 789 1335 καθ’
803 1309 920 1335 ἑαυτόν.

133 1360 145 1376 ι
169 1350 294 1386 Ἑφραϊμ
307 1351 381 1387 δῶρα
395 1352 547 1387 ἠγάπησεν.
568 1362 578 1378 ι
603 1353 657 1379 Καὶ
672 1353 733 1380 οὐδὲ
744 1355 802 1385 τοῖς
817 1353 920 1388 παροῦ-

132 1403 175 1422 σιν
188 1396 357 1431 ἀρκούμενοι
371 1397 439 1432 πρδς
455 1397 610 1430 πλεονεξίαν
624 1397 727 1434 ἑώρων.
751 1409 760 1424 ι
781 1399 830 1425 Διὰ
844 1398 922 1425 τοῦτο

132 1441 354 1476 παραδοθήσεται
371 1443 402 1469 ὲν
415 1444 470 1474 τοῖς
486 1442 600 1470 ἔθνεσιν.
621 1452 631 1469 ι
657 1443 775 1476 Εἰκότως
794 1445 848 1479 ἄρα
870 1444 921 1471 ὑπὸ

129 1487 185 1518 τοῖς
199 1486 310 1522 ἐχθροῖς
321 1488 461 1521 γεγονότες
476 1487 649 1523 αἰσθήσονται
661 1485 699 1516 ὧν
710 1498 740 1516 τε
752 1490 867 1524 ἠσέϐουν
881 1491 920 1523 εἰς

978 275 1093 309 excipiet
1118 282 1149 301 ea
1182 275 1331 303 subversio.
1357 276 1470 305 Culmus
1495 278 1590 306 farinae
1613 278 1760 308 efﬁcienda:

977 321 1031 346 vim
1055 327 1107 346 non
1133 320 1234 346 Labens
1255 329 1261 346 :
1278 328 1359 355 quam
1378 321 1400 348 si
1420 321 1489 349 forte
1507 322 1611 356 fecerit,
1625 323 1760 353 vorabunt

977 372 1037 391 eam
1052 365 1141 392 alicui.
1167 375 1176 390 ι
1197 364 1271 391 llaud
1291 365 1382 392 differt
1401 366 1576 403 (idololatria)
1593 376 1608 396 a
1632 371 1758 405 germini-

977 408 1028 436 bus
1042 407 1104 440 illis,
1122 417 1181 442 qme
1197 413 1317 436 a-stuoso
1335 415 1413 438 vento
1424 413 1559 440 exsiccata
1577 417 1603 441 et
1617 420 1757 450 corrupta,

977 453 1131 480 nutriendis
1149 454 1306 481 hominibus
1316 462 1430 489 prorsus
1443 461 1508 484 sunt
1528 458 1617 493 inepta
1632 468 1638 486 :
1656 461 1757 487 etenim

977 497 1118 531 corruptio
1135 501 1161 523 et
1182 497 1293 524 exitium
1310 504 1401 526 manet
1419 499 1495 527 haec:
1514 507 1578 528 sunt
1594 503 1695 538 quippe
1719 504 1758 531 in-

976 541 1064 572 utilia,
1081 542 1144 576 quia
1161 542 1276 569 farinam
1302 543 1399 571 alendo
1421 549 1510 579 aptam
1533 554 1564 573 ex
1590 554 1619 574 se
1634 556 1758 582 promere

976 592 1131 620 nequeunt;
1153 595 1215 613 nam
1235 588 1259 614 si
1278 587 1347 615 forte
1365 589 1428 616 hinc
1452 590 1554 626 aliquid
1572 591 1712 628 cﬂieiatur,
1730 595 1757 622 id

974 630 1104 665 jumentis
1124 632 1214 666 pabuli
1230 639 1312 660 causa
1333 634 1486 669 projicitur.
1503 635 1563 663 Pari
1582 645 1698 673 namque
1713 648 1758 666 ra-

977 677 1059 708 tione,
1077 677 1212 704 idolorum
1228 679 1346 706 servitus
1363 681 1443 706 noxia
1458 685 1510 712 est,
1524 686 1551 709 et
1568 683 1670 710 trullam
1683 689 1758 712 certe

977 721 1120 748 utilitatem
1142 722 1305 756 suppeditat.
1325 723 1401 755 Quod
1426 725 1448 751 si
1468 725 1534 759 quid
1559 726 1667 754 aliunde
1682 728 1758 756 vobis

976 765 1106 799 Supersit.
1123 765 1148 792 id
1166 774 1275 800 quoque
1300 767 1376 794 lucro
1401 768 1526 797 hostibus
1544 771 1631 802 cedet.
1648 776 1759 808 propter

977 809 1123 837 ltmrentcm
1138 812 1214 838 vobis
1231 812 1407 846 impietatem.
1424 824 1432 839 ι
1448 814 1596 844 Devoratus
1604 821 1646 844 est
1658 818 1757 851 Israel;

976 862 1049 882 nunc
1075 855 1163 883 factus
1182 861 1224 884 est
1248 859 1274 884 in
1294 859 1452 886 nationilms
1477 862 1554 895 quasi
1577 869 1625 890 vas
1647 863 1756 897 inutile;

976 900 1041 934 quia
1066 901 1118 936 ipsi
1151 902 1333 929 ascenderunt
1351 904 1383 930 ad
1400 905 1536 940 Assyrios.
1562 916 1571 932 ι
1593 907 1757 942 Supremum

975 945 1075 979 quippe
1098 947 1289 974 exterminium
1313 948 1383 976 hanc
1407 950 1442 977 ob
1465 959 1576 979 causam
1605 954 1756 988 patiemini,

975 991 1111 1025 mmieipia
1126 992 1247 1027 Assyriis
1270 992 1334 1020 facti
1352 1003 1358 1020 :
1377 995 1450 1023 vasis
1469 996 1556 1024 instar
1571 997 1604 1024 ad
1615 999 1758 1026 omniain-

976 1037 1051 1065 utilis
1064 1037 1136 1065 inter
1145 1039 1310 1073 alienigenas
1320 1041 1505 1075 vcrsabimini,
1517 1047 1544 1070 ct
1553 1043 1630 1071 ﬂocci
1644 1044 1756 1073 liemini.

977 1092 986 1107 ‹
1006 1082 1174 1111 Germinavit
1194 1085 1265 1119 apud
1291 1086 1412 1120 seipsum
1429 1087 1506 1115 mihi.
1529 1098 1539 1114 I
1557 1090 1624 1116 Cum
1646 1091 1672 1117 in
1691 1093 1758 1119 nmi-

975 1128 1117 1155 titudinem
1137 1129 1307 1164 providentia
1324 1138 1383 1158 mea
1397 1133 1592 1164 excrevissent,
1613 1143 1699 1169 neque
1713 1136 1756 1162 id-

973 1174 1048 1200 circo
1064 1182 1105 1201 me
1126 1176 1202 1209 pensi
1228 1175 1328 1203 habere
1342 1177 1453 1208 vellent,
1465 1178 1512 1213 qui
1536 1183 1672 1207 tantorum
1689 1181 1757 1216 ipsis

973 1218 1106 1245 bonorum
1127 1226 1210 1246 causa
1237 1221 1340 1253 exstiti,
1363 1227 1461 1249 cuncta
1484 1223 1614 1251 audacter
1640 1226 1758 1260 agebant

973 1264 1049 1291 libito
1062 1272 1112 1292 suo
1127 1275 1133 1292 :
1151 1265 1178 1292 id
1191 1267 1264 1293 enim
1279 1267 1389 1294 denotat
1399 1267 1494 1301 dictio,
1512 1279 1522 1295 ‹
1534 1271 1605 1304 apud
1623 1271 1754 1306 seipsum.

972 1323 1006 1327 —
1023 1307 1184 1343 Epitraimus
1199 1318 1312 1338 munera
1322 1312 1427 1340 dilexit.
1440 1322 1451 1340 ι
1467 1314 1506 1341 Ne
1524 1314 1681 1350 hisquidem
1696 1325 1755 1352 quae

972 1355 1023 1382 sibi
1052 1355 1165 1383 aderant
1197 1359 1331 1390 contenti,
1353 1359 1415 1393 plus
1450 1359 1551 1388 habere
1580 1363 1754 1397 satagebant.

973 1408 984 1425 ι
998 1401 1103 1428 Idcirco
1120 1402 1242 1429 tradetur
1255 1404 1421 1432 nationibus.
1441 1415 1451 1431 ι
1461 1405 1517 1442 40
1532 1406 1617 1442 Digne
1632 1409 1756 1443 profecto

971 1447 1023 1474 sub
1033 1447 1099 1482 jugo
1115 1449 1233 1476 hostium
1250 1450 1330 1484 positi
1344 1457 1494 1485 agnoscent
1515 1460 1576 1488 qua:
1597 1454 1624 1481 in
1644 1463 1688 1483 me
1703 1456 1756 1483 im-

972 1492 1014 1526 pie
1026 1493 1141 1527 egerint,
1156 1499 1183 1521 et
1198 1502 1259 1529 quae
1281 1495 1373 1530 imque
1392 1499 1568 1531 patraverint.
1588 1509 1598 1525 ι
1617 1500 1696 1528 Nunc
1710 1510 1756 1530 ex-

130 1532 192 1567 ἐμὲ,
212 1529 254 1559 ὧν
275 1541 306 1559 τε
323 1533 442 1568 ἠδίκουν.
463 1537 508 1568 (p.
526 1533 570 1569 6|)
592 1544 603 1560 ‹
621 1534 679 1561 Νῦν
699 1535 852 1570 εἰσδέξομαι
869 1536 919 1562 αὐ-

972 1537 1070 1572 eipiam
1093 1545 1150 1565 eos.
1173 1549 1182 1564 ι
1205 1539 1376 1575 Exspectabo
1401 1543 1506 1570 scilicet
1528 1552 1575 1572 cos
1595 1546 1622 1573 in
1646 1547 1757 1582 regione

129 1577 202 1609 τούς.
220 1587 231 1604 ι
257 1578 397 1613 ’Δναμενῶ
411 1578 465 1614 γὰρ
487 1579 583 1610 αὐτοὺς
600 1580 629 1605 ὲν
642 1581 675 1615 τῇ
695 1580 748 1606 τῶν
772 1580 921 1616 Ἀσσυρίων

130 1622 216 1659 χώρει·
230 1624 274 1655 εἰς
284 1624 393 1659 ἐκείνην
402 1625 446 1651 διὰ
456 1625 504 1660 τῆς
517 1625 704 1660 αἰχμαλωσίας
713 1626 800 1653 ἒλκων
811 1627 920 1659 αὐτοὺς.

129 1668 199 1695 ὥστε
217 1669 275 1695 τῶν
290 1669 472 1705 ἀσεϐημάτων
488 1671 542 1699 τῶν
558 1671 665 1699 οἰκείων
681 1671 806 1707 αἴσθησιν
828 1673 921 1699 λαϐεῖν

130 1714 200 1740 τότε·
216 1715 278 1746 πῶς
291 1716 339 1741 καὶ
350 1716 410 1742 τίνα
420 1716 466 1742 τὸν
476 1717 575 1752 τρόπον
589 1726 596 1750 ;
612 1727 623 1744 ι
640 1718 695 1744 Καὶ
709 1718 857 1745 κοπάσουσι
874 1727 919 1754 μι-

131 1761 196 1795 κρὸν
213 1760 264 1788 τοῦ
283 1762 372 1796 χρίειν
390 1762 500 1796 βασιλέα
515 1764 562 1790 καὶ
576 1763 717 1799 ἄρχοντας.
739 1773 748 1790 ι
767 1764 919 1792 Παύσονται

131 1807 183 1840 γὰρ
196 1806 247 1833 τοῦ
270 1807 321 1838 τὰς
336 1808 510 1843 παρανόμους
533 1809 634 1840 ταύτας
651 1808 788 1843 βασιλείας
803 1817 832 1835 τε
850 1809 918 1835 καθ-

970 1583 1157 1618 Assyriorum,
1168 1584 1195 1611 in
1206 1593 1287 1619 quam
1299 1587 1421 1621 captivos
1432 1592 1630 1623 pertrahendos
1641 1594 1754 1628 curabo,

971 1633 999 1655 ut
1014 1634 1070 1655 tum
1085 1629 1193 1656 demum
1208 1631 1375 1666 impietatum
1387 1641 1498 1662 suarum
1512 1644 1622 1664 sensum
1635 1641 1753 1675 capiant.

973 1673 1025 1701 Sed
1045 1675 1232 1709 quamobrem,
1260 1682 1287 1703 et
1312 1679 1468 1712 quomodo?
1499 1691 1509 1707 ι
1537 1681 1569 1709 Ει
1596 1673 1754 1720 aliquandiu

969 1720 1117 1746 cessabunt
1133 1722 1167 1748 ab
1187 1722 1312 1756 ungendo
1326 1731 1414 1758 regem
1432 1733 1464 1752 ac
1483 1727 1630 1763 principes.
1652 1741 1662 1757 ι
1677 1731 1754 1760 Desi-

958 1769 1037 1805 rnent
1061 1766 1117 1793 haec
1139 1766 1221 1801 impia
1241 1775 1323 1802 regna
1341 1770 1564 1808 principatusque
1576 1777 1753 1810 constituere.

971 1811 1129 1846 captivitate
1143 1813 1292 1844 eruditi,et
1306 1815 1434 1849 nequitiae
1445 1826 1500 1845 sua:
1513 1827 1595 1848 sensu
1612 1827 1752 1858 concepto.

130 1853 234 1879 ωτάναι
255 1854 302 1879 καὶ
316 1853 413 1889 ἀρχὰς,
426 1855 460 1890 τῇ
473 1854 645 1891 αἰχμαλωσίᾳ
665 1856 853 1890 παιδευόμενοί
873 1865 921 1888 τε,
950 1857 997 1884 καὶ
1019 1858 1068 1892 τῆς
1093 1860 1264 1895 παρανομίας
1285 1861 1411 1898 αἴσθησιν
1435 1862 1620 1899 λαμϐάνοντες
1640 1853 1754 1904 τῆς-οἰ-

129 1900 214 1932 κείας.

164 1978 239 2013 Στίχ.
264 1979 404 2006 ια’-ιδᾱ-
421 1989 430 2006 ι
448 1980 509 2007 Ὀτι
522 1981 670 2016 ἐπλήθυνεν
692 1982 810 2018 Ἑφραῒμ
823 1982 913 2009 ουσια-

133 2025 230 2059 στήρια
241 2045 251 2058 ,
273 2025 314 2056 εὶς
333 2026 469 2061 ἁμαρτίας
483 2027 605 2060 ἐγένοντο
620 2027 703 2062 αὐτῷ.
722 2037 731 2053 ι
748 2029 800 2054 Καὶ
812 2028 866 2064 γὰρ
879 2029 917 2054 εί-

131 2069 214 2101 κὸτως
227 2070 410 2104 ὑπομένουσιν
425 2071 520 2108 ταῦτα,
534 2073 602 2108 ὑπὲρ
617 2070 654 2100 ὦν
673 2073 721 2109 τήν
740 2074 825 2109 ἀσεϐῆ
839 2074 915 2109 βασι-

130 2112 201 2139 λείαν
226 2115 431 2150 κατεστήσαντο
451 2117 568 2153 ἐκείνην·
592 2118 685 2154 ἐπειδὴ
710 2120 811 2154 ταύτην
837 2117 915 2154 εὗρον

131 2158 186 2185 ὁδὸν
205 2160 253 2186 τοῦ
275 2160 402 2196 πολυειδῆ
418 2163 471 2189 τῶν
486 2163 600 2190 εἰδώλων
620 2164 747 2199 εὑρέσθαι
766 2166 813 2199 τὴν
836 2165 916 2200 059a-

133 2204 218 2235 πείαν,
243 2205 332 2232 πολλὰ
347 2215 376 2232 τε
392 2208 496 2240 ἑαυτοῖς
509 2202 613 2244 ἐγεῖραὶ
637 2209 683 2236 καί¹
698 2210 806 2236 ποικίλα
823 2209 916 2236 θυσια-

132 2250 236 2284 στήρια,
255 2252 286 2277 ἐν
300 2249 341 2283 οἷς
363 2252 395 2287 δή
412 2253 528 2288 μάλιστα
545 2255 789 2290 πλημμελήσαντες
805 2255 915 2287 δικαίως

131 2293 240 2321 δώσουσι
263 2295 353 2327 δίκας.
376 2306 386 2321 ι
410 2298 583 2334 Καταγράψω
600 2299 674 2334 αὑτῷ
692 2299 802 2335 πλῆθος,
820 2301 865 2326 καὶ
881 2300 915 2327 τά

130 2338 230 2375 νόμιμα
248 2340 344 2367 αὑτοῦ.
365 2351 374 2367 ι
391 2342 476 2369 Τοῦτο
489 2343 542 2379 γὰρ
555 2344 586 2380 δὴ
602 2344 656 2371 τῶν
671 2345 869 2381 θυσιαστηρίων
885 2345 915 2372 τὸ

132 2384 226 2420 πλῆθος
243 2386 291 2412 καὶ
308 2386 364 2413 τῶν
378 2388 466 2422 νόμων
482 2389 536 2415 τῶν
550 2390 652 2417 καινῶν
665 2387 703 2417 ὧν
719 2391 832 2426 εὕραντο
851 2392 914 2426 περὶ

131 2430 175 2464 τὴν
199 2431 253 2457 τῶν
276 2431 395 2458 εἰδώλων
415 2433 570 2468 θρησκείαν,
593 2434 687 2471 ὥσπερ
701 2435 838 2470 ἕγγραφόν
853 2445 914 2462 τινα

132 2477 294 2512 κατηγορίαν
311 2477 484 2513 ἀποθήσομαι
495 2480 554 2506 κατ’
564 2480 654 2506 αὐτῶν
669 2481 785 2512 δικαίαν,
801 2482 846 2507 ἐπὶ
859 2483 913 2512 τοῖς

133 2521 261 2554 τοσούτοις
270 2523 486 2559 παρανομήμασι
494 2525 542 2560 τὴν
554 2526 689 2559 ἀπόφασιν
701 2526 760 2552 κατ’
774 2527 863 2552 αὐτῶν
871 2527 914 2560 ἐξ-

133 2565 210 2599 άγων.
224 2577 233 2593 ι
248 2568 297 2600 Εἰς
308 2568 436 2602 ἀλλότρια
447 2569 569 2606 ἐλογίσθη
581 2571 759 2606 Θυσιαστήρια
769 2571 914 2607 τὰήγαπη-

134 2611 203 2644 μένα.
224 2621 233 2637 ι
258 2613 315 2639 Καὶ
337 2613 391 2648 γὰρ
406 2614 437 2649 δὴ
451 2615 497 2641 καὶ
514 2615 549 2642 τὰ
568 2615 747 2652 Θυσιαστήρια
772 2616 790 2643 ἃ
814 2617 913 2652 πολλὴν

132 2656 176 2690 τὴν
190 2657 303 2693 ἀγάπην
327 2659 514 2687 ἐπεδείκνυπο
528 2661 573 2687 καὶ
599 2661 650 2697 τὴν
669 2662 796 2697 σπουδὴν,
811 2663 850 2698 (ρ.
866 2663 912 2698 62)

133 2699 178 2726 ὑπὸ
191 2702 239 2737 τὴν
263 2702 321 2729 τῶν
344 2703 481 2738 πολεμίων
495 2706 641 2740 γενήσεται
654 2706 787 2738 ἐξουσίαν.
814 2718 824 2732 ι
842 2708 913 2734 Διότι

132 2743 174 2771 ὶὰν
188 2746 291 2774 θύσωσι
301 2748 398 2776 θυσίαν
409 2750 456 2776 καὶ
464 2751 569 2785 φάγωσι
580 2752 660 2787 κρέα,
672 2752 773 2787 Κύριος
786 2753 816 2779 οὺ
828 2762 912 2789 προσ-

131 2789 228 2823 δέξεται
250 2793 333 2820 αὺτά.
361 2802 370 2818 ι
401 2794 434 2821 Εἰ
454 2795 506 2831 γὰρ
523 2796 554 2832 δὴ
575 2797 624 2824 καὶ
646 2797 780 2832 πειρῷντο
808 2798 913 2831 θυσίαις

132 2834 312 2867 ἐξιλάσκεσθαι
326 2838 360 2864 τὸ
375 2838 461 2872 Θεῖον,
479 2841 675 2877 ἀπογευόμενοι
688 2842 743 2869 τῶν
753 2843 782 2869 ἐν
795 2844 855 2874 ταῖς
867 2843 912 2870 θυ-

134 2879 196 2911 σίαις
204 2882 304 2912 κρεῶν,
312 2883 385 2910 κατά
395 2883 426 2910 τὸ
433 2885 535 2919 εἰωθὸς,
547 2887 608 2914 οὐδὲ
617 2887 720 2915 τούτων
728 2887 803 2916 ἔσται
814 2898 855 2922 τις
863 2889 908 2916 λό-

1007 1982 1089 2011 Vsns.
1106 1985 1196 2013 ll-M.
1214 2001 1247 2005 --
1265 1997 1274 2012 ἰ
1297 1987 1365 2020 Quia
1385 1989 1574 2024 mulliplicavit
1590 1992 1753 2027 Ephraimus

970 2029 1074 2062 altaria,
1097 2030 1167 2057 facta
1193 2037 1256 2058 sunt
1277 2033 1300 2059 ei
1328 2034 1354 2060 in
1380 2041 1530 2069 peccatum.
1551 2048 1560 2064 ι
1575 2039 1670 2068 Merito
1695 2041 1753 2071 haec

970 2075 1120 2108 patiuntur,
1136 2081 1279 2112 postquam
1302 2079 1415 2114 impium
1431 2083 1497 2110 illud
1518 2092 1630 2120 regnum
1649 2089 1753 2116 consli-

968 2124 1088 2153 tuerunt,
1098 2126 1179 2156 atque
1195 2123 1264 2150 hanc
1278 2125 1347 2151 viam
1359 2128 1546 2162 excogitarunt
1557 2132 1750 2162 multiformem

968 2165 1019 2192 sibi
1047 2166 1237 2195 adinvcuiendi
1273 2169 1404 2198 idolorum
1436 2174 1590 2209 culturam;
1617 2185 1667 2205 nec
1698 2187 1751 2207 non

967 2212 1052 2239 multa
1064 2213 1216 2241 aedificandi
1232 2215 1282 2242 sibi
1299 2217 1461 2253 diversaque
1480 2221 1586 2255 altaria,
1603 2224 1674 2258 apud
1691 2234 1752 2260 qua:

967 2257 1139 2291 potissimum
1160 2259 1350 2294 delinquentes
1366 2263 1456 2297 justas
1471 2273 1565 2298 pmnas
1585 2257 1750 2302 persolvent.

968 2311 978 2327 ‹
1002 2302 1124 2330 Scribam
1149 2304 1174 2331 ei
1207 2306 1421 2340 multitudinem,
1448 2313 1475 2336 et
1497 2311 1616 2345 legitima
1642 2313 1712 2348 ejus.
1739 2325 1748 2342 ι

966 2346 1041 2374 llauc
1060 2348 1131 2375 enim
1145 2349 1271 2377 altarium
1289 2352 1489 2381 multitudinem
1509 2346 1753 2392 lcgumquewnova-

964 2401 1034 2424 l’lllll.
1060 2402 1128 2428 quas
1157 2396 1320 2424 invenerunt
1345 2399 1417 2426 circa
1442 2399 1578 2428 idolorum
1603 2405 1750 2436 culturam,

962 2437 1042 2472 justie
1069 2440 1201 2469 adversus
1227 2450 1274 2470 eos
1304 2445 1489 2473 accusationis
1517 2447 1617 2479 instar.
1645 2451 1750 2485 scripto

964 2485 1199 2518 comprehensam,
1217 2487 1342 2514 habebo:
1361 2490 1462 2523 quibus
1474 2491 1562 2518 verbis
1582 2496 1746 2522 sententiam

964 2528 998 2554 ob
1009 2534 1080 2555 tanta
1098 2531 1212 2558 crimina
1230 2533 1264 2559 de
1280 2533 1333 2560 illis
1351 2534 1412 2561 fert.
1425 2545 1435 2560 ι
1452 2535 1530 2563 Velut
1542 2538 1628 2565 aliena
1643 2547 1751 2574 compu-

964 2577 1020 2599 tata
1034 2580 1097 2600 sunt
1118 2576 1215 2603 altaria
1232 2577 1341 2606 dilecta.
1365 2589 1374 2604 ι
1392 2579 1513 2616 Namque
1525 2588 1552 2609 ct
1569 2584 1676 2617 altaria,
1690 2594 1750 2620 quae

964 2620 1049 2646 lltullO
1065 2620 1145 2655 digna
1167 2630 1260 2650 amore
1278 2625 1424 2661 studioque
1446 2627 1615 2660 videbantur,
1632 2631 1683 2658 sub
1700 2632 1750 2659 bo-

963 2666 1046 2692 stium
1062 2667 1171 2693 venient
1192 2672 1363 2702 potestatem.
1380 2680 1390 2696 ε
1409 2671 1478 2705 Quia
1502 2674 1524 2701 si
1547 2675 1749 2704 immolaverint

964 2710 1091 2742 hostiam,
1108 2717 1134 2738 et
1146 2713 1316 2741 comederint
1331 2723 1438 2748 carnes,
1456 2716 1587 2746 Dominus
1597 2727 1653 2746 non
1663 2721 1749 2748 susci-

964 2756 1018 2790 pict
1032 2763 1088 2783 eas.
1107 2766 1115 2781 ι
1134 2756 1202 2784 Nam
1221 2759 1272 2786 etsi
1297 2759 1367 2788 forte
1387 2761 1483 2789 hostiis
1497 2769 1630 2792 conentur
1639 2766 1749 2800 placare

964 2800 1058 2833 Deum,
1077 2804 1191 2836 gustatis
1206 2805 1403 2833 sacrificiorum
1428 2807 1481 2834 ritu
1506 2809 1587 2836 solito
1606 2811 1747 2844 carnibus,

965 2847 1030 2873 nulli
1048 2847 1100 2874 hoc
1121 2847 1175 2876 Deo
1192 2856 1265 2877 cura:
1289 2851 1351 2884 erit,
1372 2859 1459 2887 neque
1475 2853 1558 2880 ullam
1572 2859 1747 2889 peccatorum

962 2891 1161 2926 gratiﬁcabitur
1183 2894 1383 2924 remissionem.
1412 2906 1422 2922 ι
1453 2895 1532 2925 Nunc
1559 2898 1748 2927 recordabitur
