1972 3066
193 150 244 180 179

788 154 961 184 TIIEODORI
976 152 1216 185 MOPSUESTENI

1763 153 1818 181 180

191 213 265 237 stras
279 208 362 238 urbes
385 213 469 246 atque
489 209 614 245 regiones
634 210 778 245 occupabit
791 212 922 244 solitudo,
949 219 969 239 u:

1032 214 1081 245 τὰς
1098 213 1204 246 πόλεις,
1232 211 1435 247 συντριϐόμεναι
1457 219 1487 237 τε
1500 210 1546 237 καὶ
1560 209 1739 244 ἀπολλύμενοι
1762 210 1816 237 ὐπὸ

191 254 246 283 illic
262 256 370 284 nemine
390 256 528 284 habitante
541 257 626 291 spina:
640 262 825 284 succrescant.
838 256 893 293 Μ
908 267 917 283 ι
931 257 980 285 Ve-

190 301 270 328 niunt
304 301 363 329 dies
408 302 537 334 ultionis,
575 301 689 329 veniunt
731 301 789 329 dies
826 303 980 330 retributio-

192 346 245 373 nis.
264 354 274 372 ι
299 345 362 374 Haec
388 351 478 374 autem
515 352 580 374 tunc
609 346 742 382 perieres,
777 347 978 382 propinquante

188 391 245 424 jam
263 395 397 426 tempore,
412 399 468 427 quo
480 397 555 420 tuam
571 395 678 427 oportet
691 392 855 428 impietatem
871 393 976 426 ulcisci,

189 441 217 462 ct
229 435 324 470 iniqua
341 443 425 471 opera
443 442 488 464 tua
503 437 683 464 remunerari.
705 447 714 463 (
733 438 766 464 Et
779 437 884 466 sedebit
894 438 977 466 Israel

190 484 320 515 tauquam
339 483 471 517 propheta
489 482 643 515 insaniens,
668 486 799 518 tanquam
819 484 902 511 homo
921 485 978 519 spi-

190 524 246 551 ritu
274 525 401 559 agitatus.
422 536 431 552 ›
452 526 482 553 In
501 529 607 553 tantum
631 526 765 554 malorum
783 527 922 560 devenies,
947 532 978 555 ut

189 569 259 597 nihil
271 570 382 599 differas
397 579 413 598 a
427 571 498 599 falsa
521 572 654 607 propheta
674 572 701 599 in
716 579 825 607 gravem
844 574 975 600 exstasiin

189 615 254 642 ntali
270 616 383 650 spiritus
394 618 550 652 operatione
563 617 698 652 conjecto,
712 625 744 644 ac
758 625 792 645 ne
805 617 849 644 illa
864 618 974 653 quidem

189 661 325 689 sentiente
336 670 396 697 quae
406 668 469 690 ante
484 663 566 698 pedes
581 667 656 690 sunt.
670 663 745 691 Adeo
757 663 976 698 dejectusmente

188 707 256 739 eris,
274 712 386 743 propter
404 709 536 736 malorum
564 709 743 743 gravitatem!
764 708 840 737 Cur?
857 719 866 736 ‹
882 709 974 738 Multi-

188 752 284 780 tudine
305 754 480 787 iuiquitatum
504 759 612 781 tuarum
638 754 816 788 multiplicata
839 755 889 783 fuit
906 756 976 783 insa-

188 797 269 831 nia.)
287 798 357 831 Quia
383 806 479 834 nempe
504 799 588 826 multa
614 805 676 825 cum
699 799 843 833 iniquitate
869 801 972 833 vixisti,

189 847 268 878 teque
284 845 396 872 omnino
412 845 545 872 idolorum
558 844 671 871 insaniae
684 845 812 872 addixisti

1031 258 1083 284 τῶν
1105 257 1254 293 Ἀσσυρίων
1264 265 1270 272 ·
1296 257 1439 284 ἀπολεῖται
1453 256 1481 283 δὲ
1497 255 1544 282 καὶ
1556 256 1590 281 τὰ
1604 255 1738 290 προσόντα
1750 255 1816 290 ὑμῖν

1031 304 1139 331 ἅπαντα
1149 312 1156 319 ·
1169 303 1218 334 τάς
1233 311 1263 329 τε
1280 303 1371 334 πόλεις
1381 301 1459 337 ὑμῶν
1472 300 1578 331 καὶτὰς
1590 300 1681 335 χώρας
1695 299 1815 334 τοσαύτη

1029 348 1213 384 καταλήψεται
1230 347 1342 383 ἐρημία.
1361 347 1403 382 (p.
1421 347 1471 382 67)
1488 346 1557 372 ὥστε
1578 345 1699 376 ἀκάνθας
1720 344 1815 371 αὐτόθι

1030 392 1146 426 φύεσθαι
1171 392 1284 428 μηδενὸς
1307 392 1455 422 οἰκοῦντος,
1477 401 1487 416 ε
1508 391 1638 417 Ἥκουσιν
1661 390 1689 416 αἰ
1712 390 1814 424 ἡμέραι

1028 438 1078 472 τῆς
1094 437 1259 473 ἐκδικήσεώς
1282 445 1345 468 σου,
1371 437 1484 472 ἥκουσιν
1507 436 1533 462 αἰ
1555 435 1657 471 ἡμέραι
1681 435 1732 469 τῆς
1748 436 1814 462 ἀντ-

1028 481 1182 514 αποδόσεώς
1199 491 1256 509 σου.
1278 492 1287 508 ι
1312 482 1471 516 ’Υπομενεῖς
1494 480 1522 507 δέ
1547 480 1633 507 ταῦτα
1653 480 1714 507 τάτε
1737 480 1815 514 ἐγγί-

1028 527 1121 560 ζοντος
1137 527 1183 554 τοῦ
1198 527 1295 563 καιροῦ
1316 527 1377 554 καθ’
1391 527 1420 553 ὃν
1435 526 1612 561 ἐκδικηθῆναι
1630 534 1676 552 σου
1692 526 1746 561 χρὴ
1763 525 1815 560 τήν

1028 571 1172 605 ἀσέϐειαν,
1197 573 1245 599 καὶ
1267 572 1432 608 ἀποδοθῆναί
1457 580 1498 598 σοι
1525 571 1664 606 πρέποντα
1688 568 1725 597 ὧν
1752 570 1814 596 δια-

1027 618 1212 654 πραττόμενος
1245 617 1364 653 ἡσέῦεις.
1399 627 1408 643 ι
1440 617 1496 644 Καὶ
1528 616 1669 643 καθίσεται
1705 615 1812 651 Ἰσραὴλ

1026 663 1122 699 ὥσπερ
1141 665 1155 690 ὁ
1173 664 1314 700 προφήτης
1341 664 1355 690 ὸ
1379 661 1606 698 παρεξεστηκὼς,
1628 662 1770 698 ἄνθρωπος
1798 665 1814 690 ὁ

1027 709 1260 744 πνευματοφόρος.
1284 718 1294 734 ι
1331 708 1374 735 Ἐν
1401 707 1539 737 τοσούτοις
1567 706 1600 742 δὴ
1627 708 1731 743 γενήσῃ
1755 709 1814 739 τοῖς

1026 755 1131 786 κακοῖς,
1148 753 1218 781 ὥστε
1243 753 1324 788 μηδὲν
1339 752 1495 780 ἀπεοικένειι
1510 752 1732 788 ψευδοπροφήτου
1743 773 1750 785 ,
1769 754 1810 784 εἰς

1026 799 1154 826 ἔκστασιν
1178 799 1279 834 πολλὴν
1303 800 1336 825 ἐκ
1359 799 1409 833 τῆς
1435 797 1482 824 τοῦ
1508 798 1628 833 πονηροῦ
1655 798 1812 833 πνεύματος

1025 845 1164 880 ἐνεργείας
1198 845 1399 876 καταστάντος,
1427 845 1474 870 καὶ
1501 844 1562 871 οὺδέ
1587 844 1642 870 τῶν
1668 844 1812 879 παρόντων

187 888 313 923 αἴσθησιν
342 888 460 924 ἔχοντας’
479 888 566 922 οὕτως
593 889 645 923 ἐξω
665 883 722 917 ’τῶν
739 885 960 927 σαυτοῦφρενῶν
981 892 1012 918 ἐκ
1038 891 1084 918 τοῦ
1101 891 1232 927 μεγέθους
1257 892 1360 927 γενήσῃ
1383 891 1437 918 τῶν
1463 890 1573 918 κακῶν·
1601 890 1672 922 τίνος
1701 891 1809 924 ἕνεκεν,

191 944 201 960 ι
227 935 294 962 Ἀπὸ
317 936 365 962 τοῦ
391 936 509 971 πλήθους
531 936 584 963 τῶν
606 937 718 964 ἀδικιῶν
746 946 792 964 σου
819 938 973 974 ἐπληθύνθη
1001 938 1093 974 μανία.
1114 947 1123 964 ι
1149 938 1258 973 Ἐπειδὴ
1282 938 1366 973 πολλῇ
1392 938 1442 973 μὲν
1462 937 1554 973 ἀδικίᾳ
1569 937 1698 973 συνέζης,
1725 938 1810 974 πολλῇ

186 981 216 1008 δέ
233 983 266 1017 τῇ
279 982 343 1017 περὶ
358 981 392 1009 τά
405 982 501 1011 εἴδωλα
518 984 601 1020 μανίᾳ
613 985 710 1012 σαυτὸν
724 985 883 1018 ἐκδεδὼκεις
896 985 1034 1018 παντελῶς
1253 979 1257 981 ⁸

223 1025 307 1054 Vens.
322 1025 401 1053 8-10.
417 1042 452 1047 —
468 1036 477 1053 ι
493 1028 597 1063 Scopus
622 1029 786 1064 Ephraimus
809 1038 870 1057 cum
891 1030 947 1058 Deo
962 1039 969 1058 :

1056 1030 1130 1065 Στίχ.
1160 1033 1228 1066 η¹‹ι’.
1248 1045 1283 1051 —-
1309 1039 1318 1056 ε
1339 1029 1443 1061 Σκοπὸς
1473 1028 1592 1065 Ἐφραῒμ
1626 1028 1696 1064 μετὰ
1719 1029 1808 1057 Θεοῦο

187 1071 319 1106 propheta
338 1072 453 1106 laqueus
472 1077 612 1102 tortuosus
621 1082 703 1110 super
711 1083 807 1104 omnes
817 1076 875 1104 vias
883 1076 952 1111 ejus.
960 1086 969 1103 ι

186 1115 332 1151 Oporteret
347 1124 413 1145 sane
435 1123 460 1146 te
472 1125 534 1147 esse
552 1120 657 1148 caeteris
676 1121 816 1156 exemplar
840 1126 867 1149 et
892 1122 971 1157 quasi

186 1169 303 1197 scopum
320 1162 440 1195 honesti,
460 1163 568 1200 Deoque
587 1166 700 1200 juvante
714 1166 814 1194 docere
829 1167 900 1195 alios
915 1167 972 1195 vir-

187 1211 284 1240 tutem,
300 1215 380 1243 quam
400 1213 426 1236 tu
444 1209 503 1244 ipse
523 1218 538 1237 a
558 1210 614 1239 Deo
628 1212 783 1245 didiceras;
808 1213 856 1241 sed
876 1218 972 1241 contra

184 1251 276 1279 Iactus
290 1259 321 1279 es
339 1252 373 1279 ad
393 1253 489 1280 vitium
508 1254 568 1287 via;
584 1255 621 1282 ita
633 1260 663 1282 ut
674 1256 743 1283 nihil
759 1264 775 1283 s
790 1257 861 1283 tristi
874 1257 971 1292 laqueo

185 1296 296 1325 diﬁ'eras
306 1297 514 1327 incurrentibus
529 1300 692 1334 periculoso.
710 1300 757 1328 Sic
771 1302 899 1329 omnibus
918 1302 970 1329 illl-

184 1343 295 1379 pietatis
314 1344 407 1379 regula
422 1344 542 1372 exsistis.
556 1353 565 1370 ‹
579 1345 716 1373 Insaniam
730 1346 758 1373 in
773 1346 856 1374 domo
872 1347 918 1374 Dei
927 1347 970 1374 sui

184 1388 311 1416 deﬁxit.)
327 1388 486 1416 ldololatria
509 1390 664 1418 universam
686 1395 789 1418 terram
809 1393 971 1427 promissio-

184 1435 229 1462 nis
241 1435 359 1470 implesti
374 1445 381 1462 :
398 1443 460 1462 nam
478 1435 526 1463 Dei
543 1436 654 1463 domum
667 1440 767 1464 terram
779 1438 970 1472 promissionis

184 1480 316 1515 appellat,
341 1485 460 1515 utpotea
479 1480 534 1509 Deo
552 1481 713 1509 habitatam.
732 1492 742 1508 ε
760 1482 890 1518 Corrupli
905 1487 970 1510 sunt

184 1525 296 1554 sicutin
308 1526 404 1554 diebus
419 1526 506 1554 collis.
522 1537 531 1553 I
551 1526 648 1555 Cuncti
670 1535 686 1555 a
699 1529 801 1557 virtute
822 1528 855 1556 ad
873 1529 968 1556 vitium

184 1571 309 1598 conversi
323 1572 401 1604 estis,
427 1572 527 1600 mentis
542 1573 746 1608 corruptionem
772 1575 878 1609 experti
896 1575 968 1602 haud

183 1617 347 1646 dissimilem
362 1618 417 1646 illis
432 1619 479 1653 qui
495 1619 523 1646 in
542 1618 650 1647 deserto
673 1620 821 1655 irreligiosi
845 1620 968 1653 fuerunt,

184 1664 287 1698 quique
304 1663 390 1690 vitulo
408 1663 526 1691 conflato
541 1665 669 1692 dicebant
687 1675 693 1692 :
711 1675 720 1692 ι
733 1665 767 1692 lli
788 1670 853 1693 sunt
866 1666 903 1693 dii
917 1667 967 1698 tui,

1024 1077 1165 1112 προφήτης
1193 1075 1278 1110 παγὶς
1302 1074 1397 1102 σκολιά
1417 1075 1465 1101 ἐπὶ
1489 1075 1579 1106 πάσας
1593 1074 1643 1106 τὰς
1658 1074 1736 1106 ὁδοὺς
1757 1075 1809 1102 αὖ·

1022 1121 1079 1148 τοῦ.
1100 1131 1109 1147 ι
1133 1120 1230 1156 Ἐχρῆν
1249 1120 1299 1155 μὲν
1314 1119 1368 1155 γάρ
1393 1128 1424 1146 σε
1439 1119 1540 1146 σκοπὸν
1564 1117 1633 1146 εἶναι
1658 1119 1707 1146 τοῦ
1723 1119 1809 1146 καλοῦ

1022 1166 1142 1202 ἑτέροις,
1165 1165 1211 1192 καί¹
1234 1165 1303 1201 μετά
1325 1164 1392 1191 Θεοῦ
1414 1164 1552 1191 διδάσκειν
1574 1164 1638 1196 τοὺς
1653 1164 1764 1196 λοιποὺς
1777 1165 1810 1192 τὸ

1021 1211 1090 1244 δέον,
1107 1211 1156 1238 ἀτε
1177 1212 1241 1246 παρ’
1260 1210 1343 1237 αὑτοῦ
1369 1210 1548 1246 μεμαθηκότα
1569 1209 1664 1237 τοῦτο·
1691 1210 1808 1245 γέγονας

1020 1257 1050 1284 δὲ
1066 1257 1096 1284 τὺ
1109 1257 1228 1284 ἐναντίον
1243 1256 1301 1288 ὁδὸς
1315 1256 1415 1283 ἅπασιν
1428 1255 1476 1282 τοῦ
1491 1256 1620 1291 χείρονος·
1635 1255 1705 1281 ὥστε
1723 1255 1808 1290 μηδὲν

1021 1300 1177 1327 ἀπεοικέναι
1195 1300 1318 1335 χαλεπῆς
1330 1300 1441 1334 παγίδος
1454 1300 1568 1335 κινδύνῳ
1590 1298 1807 1335 περιδαλλούσης

1020 1346 1082 1379 τοὺς
1108 1346 1302 1382 ἐμπίπτοντας·
1330 1345 1415 1378 οὕτως
1437 1346 1523 1372 ἅπασι
1540 1345 1621 1381 νόμος
1645 1345 1734 1380 ἐγίνου
1755 1345 1807 1381 τῆς

1021 1392 1156 1424 ἀσεϐείας.
1172 1393 1218 1427 (p.
1234 1391 1280 1426 68)
1300 1402 1310 1417 ι
1324 1392 1430 1419 Μανίαν
1438 1392 1467 1418 ἐν
1481 1391 1547 1427 οῐκῳ
1560 1390 1627 1418 Θεοῦ
1642 1390 1724 1417 αὺτοῦ
1739 1399 1807 1418 κατ-

1020 1437 1129 1473 έπηξεν.
1152 1447 1161 1463 ›
1178 1437 1407 1472 Εἰδωλολατρείας
1431 1437 1484 1472 γὰρ
1506 1437 1597 1463 πᾶσαν
1615 1436 1663 1472 τὴν
1684 1436 1735 1471 γῆν
1755 1436 1807 1471 τῆς

1020 1483 1186 1518 ἐπαγγελίας
1201 1484 1365 1519 ἐπλήρωσας
1374 1491 1381 1499 ·
1394 1480 1468 1509 οἰκον
1481 1481 1535 1517 γὰρ
1549 1481 1616 1508 Θεοῦ
1628 1481 1677 1515 τὴν
1690 1481 1741 1515 γῆν
1754 1481 1806 1516 τῆς

1020 1529 1187 1564 ἐπαγγέλίας
1196 1529 1285 1561 καλεῖ,
1297 1528 1334 1560 ὡς
1345 1527 1508 1562 οἰκουμένην
1520 1526 1572 1553 ὑπὸ
1586 1526 1665 1553 Θεοῦ.
1681 1535 1690 1551 t
1711 1525 1806 1560 Ἑφθὰ-

1021 1584 1108 1611 ρησαν
1131 1575 1202 1601 κατὰ
1218 1575 1268 1606 τὰς
1291 1573 1399 1609 ἡμέρας
1421 1571 1527 1608 βουνοῦ.
1548 1581 1557 1597 ι
1580 1571 1636 1597 Καὶ
1656 1571 1804 1607 μετέστητε

1020 1621 1120 1652 πάντες
1139 1621 1172 1647 ἐκ
1192 1619 1240 1646 τοῦ
1254 1620 1408 1655 κρείττονος
1427 1618 1474 1645 ἐπὶ
1493 1618 1524 1644 τὸ
1539 1618 1640 1654 χεῖρον,
1655 1616 1806 1651 διαφθορὰν

1019 1665 1130 1693 ἐννοιῶν
1143 1664 1393 1700 ὑπομεμενηκότες,
1406 1663 1481 1690 οὐδὲν
1494 1663 1653 1689 ἀπεοικυῖαν
1668 1662 1722 1688 τῶν
1736 1662 1804 1688 ποτὶ

184 1708 307 1739 olsrael,
331 1709 378 1743 qui
405 1713 432 1736 te
459 1710 613 1738 eduxerunt
637 1711 671 1738 de
691 1716 764 1738 terra
784 1711 938 1747 Egypti“.
955 1723 965 1738 ι

1021 1711 1091 1738 κατὰ
1108 1710 1158 1746 τὴν
1173 1711 1275 1745 ἔρημον
1293 1709 1500 1744 ἀσεϐησάντων,
1515 1708 1540 1734 οἳ
1558 1708 1658 1742 μόσχον
1672 1708 1805 1741 ποιήσαν-

183 1754 252 1782 Nam
279 1755 361 1782 «dies
380 1755 480 1782 collis:
498 1760 607 1790 tempus
634 1757 700 1784 illud
728 1758 857 1792 appellat.
884 1758 969 1793 igitur

184 1800 256 1827 haud
281 1801 373 1828 secius
396 1801 453 1829 illis.
469 1802 589 1836 corrupti
604 1802 683 1833 estis,
695 1802 723 1830 id
734 1807 786 1836 est,
800 1810 892 1838 parem
913 1803 968 1831 illis

184 1846 311 1874 morbum
341 1846 532 1875 contraxistis.
561 1848 784 1876 «Recordabitur
807 1848 969 1883 iniquitates

183 1899 290 1924 eorum,
317 1892 467 1920 ulciscetur
490 1898 602 1928 peccata
620 1902 727 1922 eorum.
742 1894 967 1929 iConsequenter

183 1938 288 1973 itaque,
306 1943 434 1965 revocata
451 1939 626 1973 iniquitatum
648 1944 801 1966 vestrarum
824 1939 966 1971 memoria,

183 1987 273 2011 sumet
294 1983 327 2011 dc
343 1984 421 2011 vobis
437 1991 543 2019 punias,
567 1985 685 2019 peccatis
701 1986 799 2012 vestris
820 1992 965 2020 congruas.

185 2038 196 2054 ι
208 2028 291 2062 Quasi
307 2037 386 2056 uvam
405 2030 433 2056 in
451 2029 559 2057 deserto
576 2030 667 2057 inveni
681 2031 821 2062 lsraelem,
842 2033 869 2056 et
885 2029 965 2064 quasi

183 2074 264 2101 ﬁcum
280 2074 307 2101 in
320 2074 373 2110 45
396 2075 512 2102 ﬁculnea
532 2083 680 2110 praecocem
692 2081 784 2111 patres
802 2080 910 2103 vestros
925 2075 966 2102 vi—

182 2120 220 2147 di.
233 2130 242 2145 ›
251 2119 381 2154 Equidem
391 2124 497 2148 tantum
507 2121 664 2155 exprompsi
676 2128 741 2156 erga
754 2124 846 2156 patres
860 2124 968 2147 vestros

182 2164 322 2195 allectum,
349 2169 480 2199 quantutn
509 2165 626 2200 quisque
639 2167 790 2200 experitur,
806 2165 829 2192 si
846 2164 915 2191 forte
938 2164 965 2190 in

181 2209 291 2238 deserto
311 2218 391 2237 uvam
421 2210 511 2238 videat
533 2214 631 2245 praeter
651 2217 759 2237 omnem
781 2217 856 2245 spem
878 2209 967 2237 oculis

182 2255 313 2286 oblatam.
332 2256 374 2282 vel
391 2255 470 2282 ticum
486 2257 513 2282 in
528 2256 625 2283 arbore
641 2260 704 2282 ante
717 2260 878 2283 consuetum
898 2260 966 2283 tem-

181 2308 233 2335 pus
245 2305 409 2328 exstantem.
426 2310 435 2326 ι
449 2301 502 2335 lpsi
528 2305 617 2328 autem
638 2301 807 2328 intraverunt
835 2302 868 2328 ad
888 2301 966 2329 Becl«

181 2346 295 2382 phegor,
310 2350 337 2373 et
352 2346 499 2373 abalienati
518 2351 583 2374 sunt
596 2347 624 2373 in
639 2347 841 2380 confusionem,
857 2350 884 2374 et
900 2346 962 2374 facti

181 2396 246 2418 sunt
270 2391 480 2419 abominabiles.
501 2401 510 2417 ›
526 2391 578 2424 Qui
592 2392 626 2419 ad
660 2392 827 2419 adorandum
859 2392 963 2419 idolum

180 2437 401 2465 declinaverunt.
423 2443 438 2462 a
455 2444 500 2464 me
514 2441 602 2465 semet
621 2437 823 2469 abalienarunt,
845 2437 921 2465 nulla
935 2446 965 2465 re

180 2481 234 2508 alia
247 2489 328 2515 quam
343 2480 506 2508 confusione
523 2481 620 2516 dignos
639 2489 669 2509 sc
687 2482 873 2515 ostendentes,
895 2491 965 2518 quo-

179 2524 253 2550 niam
269 2531 284 2550 a
297 2523 352 2550 Deo
364 2527 502 2550 tantorum
516 2524 570 2552 illis
583 2525 718 2553 bonorum
734 2530 846 2554 auctore
854 2527 888 2554 ad
901 2527 962 2554 ido-

179 2569 236 2597 lum
264 2567 483 2600 transfugcrunt,
503 2577 517 2596 a
537 2578 592 2604 quo
614 2572 682 2598 nihil
704 2572 768 2599 boni
787 2578 960 2607 acceperant.

179 2614 269 2647 Quare
284 2617 312 2640 et
326 2612 521 2641 abominabiles
536 2615 610 2647 facti,
635 2617 686 2644 sub
707 2617 826 2645 hostium
847 2626 960 2646 suorum

175 2661 271 2694 jugum
293 2656 373 2684 missi
397 2661 470 2683 Sunt.
494 2659 637 2694 Postquam
660 2662 718 2689 huic
739 2662 772 2688 de
798 2663 851 2690 illis
880 2663 959 2696 dixit,

178 2703 253 2730 addit
269 2712 276 2729 :

1019 1765 1064 1788 τες
1075 1756 1167 1790 ἔλεγον
1177 1764 1183 1770 ·
1200 1765 1208 1782 ι
1223 1753 1300 1782 Οὗτοι
1314 1755 1338 1781 οἰ
1365 1752 1421 1780 θεοί
1445 1761 1492 1780 σου
1503 1775 1510 1786 ,
1533 1753 1651 1788 Ἰσραὴλ,
1665 1753 1689 1779 οἳ
1704 1753 1804 1788 ἐξήγα-

1019 1802 1067 1836 γόν
1082 1810 1111 1829 σε
1122 1803 1154 1828 ἐκ
1165 1801 1217 1836 γῆς
1231 1800 1383 1834 Αἰγύπτου·
1398 1809 1407 1825 ι
1425 1809 1434 1823 r
1447 1798 1554 1834 ἡμέρας
1561 1797 1615 1833 γάρ
1622 1795 1671 1824 τοῦ
1681 1797 1775 1832 βουνοῦ
1789 1807 1801 1824 ι

1018 1848 1064 1874 τὸν
1089 1847 1183 1882 καιρὸν
1200 1847 1303 1873 ἐκεῖνον
1323 1844 1409 1870 καλεῖ.
1437 1842 1602 1874 Ἀκολούθως
1619 1840 1665 1869 οὗν
1687 1842 1803 1875 ἐκείνοις

1017 1892 1191 1928 διεφθάρητε,
1209 1891 1269 1917 ἀντὶ
1291 1889 1347 1921 τοῦ,
1363 1890 1419 1925 Τὴν
1442 1888 1525 1923 αὐτὴν
1542 1888 1655 1920 ἐκείνοις
1673 1888 1803 1920 ἐδέξασθε

1017 1938 1103 1965 νόσον.
1123 1947 1132 1963 ί
1150 1936 1342 1971 Μνησθήσεται
1352 1935 1405 1961 τῶν
1417 1934 1528 1961 ἀδικιῶν
1543 1935 1642 1965 αὐτῶν,
1661 1934 1802 1970 ἐκδικήσει

1016 1983 1152 2018 ἁμαρτίας
1169 1981 1269 2008 αὐτῶν.
1293 1990 1303 2006 ι
1331 1979 1497 2011 Ἀκολούοως
1510 1979 1599 2006 τοίνυν
1620 1980 1730 2014 μνήμην
1745 1979 1803 2006 τῶν

1017 2028 1147 2055 ἀσεϐειῶν
1162 2027 1238 2062 ὑμῶν
1265 2026 1463 2062 ποιησάμενος,
1492 2025 1607 2060 λήψεται
1629 2025 1708 2056 δίκας
1734 2026 1800 2060 παρ’

1017 2074 1093 2109 ὑμῶν
1115 2072 1262 2107 ἀναλόγους
1283 2070 1324 2103 οἷς
1347 2072 1527 2107 ἡμαρτήκατε
1550 2071 1591 2102 εἰς
1611 2070 1701 2097 αὐτόν.
1721 2079 1731 2095 ι
1756 2070 1801 2102 Ὧς

1016 2118 1153 2153 σταφυλὴν
1177 2119 1206 2144 ἐν
1225 2117 1322 2152 ἐρήμῳ
1341 2114 1419 2151 εὖρον
1438 2116 1483 2142 τὸν
1505 2115 1623 2150 Ἰσραὴλ,
1639 2115 1687 2142 καὶ
1698 2114 1736 2146 ὡς
1750 2115 1799 2141 σῦ-

1016 2173 1063 2193 κον
1073 2164 1110 2200 (9)
1119 2165 1148 2191 ἐν
1157 2164 1225 2198 συκῇ
1235 2162 1359 2198 πρώῖμον
1373 2160 1440 2188 εἶδον
1455 2162 1575 2197 πατέρας
1589 2160 1688 2188 αὐτῶν.
1700 2171 1710 2186 ι
1727 2160 1800 2195 Ἐγὼ

1017 2210 1067 2246 μὲν
1088 2207 1134 2236 οὖν
1157 2209 1291 2243 τοσαύτην
1316 2207 1496 2241 ἐπεδειξάμην
1513 2206 1577 2241 περί
1593 2206 1656 2237 τοὺς
1676 2206 1799 2241 πατέρας

1016 2256 1105 2283 αὐτῶν
1115 2255 1245 2286 διάθεσιν,
1267 2254 1326 2290 μεθ’
1340 2254 1405 2288 ὅσης
1423 2253 1456 2279 ἂν
1471 2252 1491 2287 ἢ
1506 2253 1534 2278 ἐν
1549 2252 1644 2288 ἐρήμῳ
1661 2251 1799 2286 σταφυλὴν

1016 2302 1064 2331 ῐδοι
1081 2310 1123 2333 τις
1141 2300 1215 2336 παρὰ
1225 2300 1317 2326 πᾶσαν
1334 2298 1422 2334 εὑρὼν
1435 2297 1539 2329 ἐλπίδα,
1554 2297 1570 2332 ἢ
1587 2296 1667 2323 σῦκον
1684 2297 1731 2322 ἐπὶ
1750 2296 1798 2323 τοῦ

1015 2347 1123 2384 δένδρου
1140 2346 1193 2382 πρὸ
1205 2344 1252 2372 τοῦ
1272 2344 1395 2376 εἰωθότος
1417 2343 1499 2379 φανὲν
1514 2341 1621 2378 καιροῦ.
1648 2351 1658 2368 t
1673 2342 1755 2369 Αὐτοὶ
1769 2342 1798 2369 δὲ

1015 2394 1139 2429 εἰσῆλθον
1152 2394 1219 2430 πρὸς
1234 2391 1403 2427 Βεελφεγὼρ,
1420 2391 1467 2418 καὶ
1483 2389 1741 2428 ἀπηλλοτριώθησαν
1757 2389 1798 2420 εἰς

1013 2440 1158 2476 αἰσχύνην,
1183 2439 1230 2466 καὶ
1253 2439 1375 2473 ἐγένοντο
1399 2437 1436 2469 ὼς
1460 2437 1484 2463 οἰ
1507 2435 1706 2470 ἐϐδελυγμένοι.
1726 2443 1735 2460 ι
1765 2435 1797 2462 OE

1014 2485 1082 2521 πρὸς
1096 2484 1144 2520 τὴν
1154 2484 1201 2510 τοῦ
1211 2483 1321 2510 εἰδώλου
1341 2481 1524 2517 προσκύνησιν
1540 2479 1700 2515 νεύσαντες(
1709 2487 1735 2514 p.
1751 2479 1796 2514 69)

1013 2531 1062 2567 τὴν
1081 2530 1256 2565 ἀλλοτρίωσιν
1272 2529 1373 2556 εἴλοντο
1388 2528 1436 2564 τὴν
1449 2522 1496 2554 ἀπ’
1511 2526 1589 2562 ἐμοῦ,
1605 2525 1684 2552 ούθέν
1705 2525 1799 2561 ἕτερον

1015 2577 1032 2612 ἢ
1056 2576 1186 2612 αἰσχύνης
1209 2576 1322 2606 ἑαυτοὺς
1345 2575 1434 2609 πάσης
1454 2572 1607 2603 δεικνύντες
1623 2572 1733 2604 ἀξίους,
1756 2572 1798 2598 ὅτι

1015 2622 1069 2648 ἀπὸ
1089 2621 1156 2648 Θεοῦ
1171 2621 1217 2647 τοῦ
1234 2621 1368 2647 τοσούτων
1382 2620 1474 2650 αὐτοῖς
1489 2617 1600 2652 ἀγαθῶν
1615 2617 1700 2644 αἰτίου
1716 2624 1797 2650 γεγο-

1015 2666 1099 2697 νότος,
1115 2666 1161 2692 ἐτι)⁵
1177 2665 1284 2692 εἴδωλον
1302 2666 1485 2700 μετέστησαν,
1501 2661 1531 2690 οὗ
1552 2663 1634 2698 μηδὲν
1650 2662 1798 2696 εἰλήφεσαν

1015 2710 1126 2744 ἀγαθόν’
1146 2711 1207 2736 ὅθεν
1229 2711 1257 2736 δὲ
1272 2711 1317 2737 καὶ
1338 2709 1475 2744 βδελυκτοὶ
1492 2708 1651 2743 γεγόνασιν,
1667 2706 1720 2734 ὑπὸ
1740 2707 1799 2738 τοῖς

177 2749 285 2784 ἐχθροῖς
299 2746 475 2777 πεπτωκότες
494 2750 548 2779 τοῖς
562 2750 680 2782 οἰκείοις.
699 2752 790 2778 Ταῦτα
810 2761 872 2779 πεοι
888 2754 1000 2783 ἐκείνων
1013 2757 1108 2789 εἰπὼν,
1125 2758 1238 2791 ἐπάγει·

215 2815 239 2830 ’⁸
258 2812 346 2840 Exod.
363 2819 450 2841 xxx",
465 2813 491 2839 6.

215 2869 253 2904 (9)
271 2866 339 2894 Cod.
361 2865 469 2892 σκοπόν.
