1973 3066
138 186 185 214 481

655 171 928 209 COMMENTARIUS
947 179 979 206 IN
1000 179 1100 207 OSE.-E
1121 178 1196 205 CAP.
1217 177 1259 205 IX.

1722 175 1774 202 {8’2

171 243 244 277 Στίχ.
255 227 344 269 ια’-ιδ’.
355 257 390 262 -—-
401 251 410 267 1
432 227 552 276 Ἐφραῖμ
562 239 600 271 ὡς
619 239 710 274 ὖρνεον
721 237 898 272 έξεπετὰσοη.
912 246 920 262 ι

1012 234 1095 261 Vsus.
1121 234 1214 260 iI-H.
1235 249 1268 252 ——
1289 243 1297 258 1
1317 232 1482 268 Epliraimus
1504 231 1583 267 quasi
1607 230 1665 258 avis
1680 231 1772 257 avola-

136 290 301 324 Βωλόμενος
311 282 399 315 ἐκεῖνο
410 288 509 323 στῆσαι
529 285 570 318 τὸ,
583 294 594 310 1
616 284 788 319 Ἐφθάρησαν
801 282 926 313 κατατὰς

136 336 244 371 ἡμέρας
260 335 307 362 τοῦ
325 334 432 369 βουνοῦ.
451 343 461 359 ›
480 331 646 363 ’Λκολούθως
658 331 712 366 γὰρ
724 329 863 366 δὴ,φησἰν,
879 328 927 355 καὶ

136 379 208 408 οὗτοι
221 382 277 412 τοῖς
290 380 412 415 πατράσι
424 380 480 409 τοῖς
493 377 597 405 ἑαυτῶν
616 375 685 411 μετὰ
699 375 834 408 τοσαύτην
847 373 927 408 κηδε-

138 427 232 460 μονίαν
243 424 277 462 ἧς
293 426 387 460 ἔτυχον
400 424 464 459 παρ’
476 423 555 458 ἐμοῦ,
567 421 661 457 ὀρνέου
675 421 752 456 δίκην
766 419 926 454 ἀπέπτησαν

135 472 185 506 τῆς
210 470 332 505 γνώμης.
350 481 359 495 1
380 470 413 495 Al
427 469 501 501 δόξαι
515 467 605 494 αὐτῶν
623 467 655 492 ἐκ
668 465 787 492 τοκετῶν
804 464 851 490 καὶ
865 463 926 490 ὠδί-

136 525 190 542 νων
217 516 265 542 καὶ
291 515 457 549 συλλήψεων.
488 523 497 538 ι
517 510 583 539 Εἶτα
611 511 724 538 τοιαῦτα
749 508 925 540 ἀσεϐοῦντες,

137 562 323 597 μακαριστοὺς
343 561 456 592 ἑαυτοὺς
471 559 626 595 νομίζουσιν
646 556 716 584 εἶναι
730 557 778 583 ἐπὶ
794 557 827 591 τῇ
842 556 926 582 πολυ-

136 607 240 642 πληοία
249 615 256 622 ·
269 606 347 633 τοῦτο
359 606 412 642 γὰρ
426 606 499 640 λέγει
510 605 550 637 τὸ,
566 614 574 630 1
587 605 618 630 ὲκ
632 603 751 630 τοκετῶν
763 602 811 629 καὶ
825 602 927 628 ὠδίνων

137 653 184 680 καὶ
194 652 349 688 συλλήψεων
358 660 364 666 ·
386 661 395 677 ι
408 651 502 685 ἐπειδὴ
515 651 547 676 ἐκ
558 649 714 683 συλλήψεως
722 648 769 674 καὶ
777 647 871 677 ὠδῖνος
881 647 927 672 καὶ

135 698 248 725 τοκετοῦ
260 698 367 733 πρόεισι
377 697 407 723 ct
418 696 586 731 τικτόμενον,
605 705 614 720 1
629 694 700 720 Διότι
711 693 757 720 καὶ
768 692 816 719 ἐὰν
833 692 929 727 ἐκθρέ-

135 744 208 779 ψωσι
216 744 249 770 τὰ
258 744 341 770 τέκνα
350 742 452 773 αὐτῶν,
463 741 697 776 ἁτεκνωθήσονται
704 739 733 772 ἐξ
741 737 904 774 ἀνθρώπων.
916 747 924 762 ι

136 791 174 816 Οὐ
200 789 421 824 συλλογιζόμενοι
441 788 481 814 ὃτι
502 787 553 813 κᾶν
568 787 608 818 είς
625 786 713 821 ἄκραν
733 785 873 819 ἀφίκοιντο
894 783 928 810 τὰ

135 836 282 870 τικτόμενα
306 835 456 865 τελείωσιν,
481 833 556 860 οὐδὲν
580 832 670 862 αὺτοῖς
684 833 716 857 ὲκ
735 831 830 857 τούτου
849 829 929 864 γενή-

136 891 213 909 σεται
228 881 307 908 πλέον
318 889 325 896 ·
343 879 573 916 περιαχθήσονται
590 878 645 913 γὰρ
659 878 719 908 ταῖς
744 876 791 902 τοῦ
808 875 927 910 πολέμου

136 928 255 960 σφαγαῖς
270 926 310 957 είς
322 925 460 952 ἀτεκνίαν.
479 933 488 949 1
508 923 580 949 Διότι
596 923 642 949 καὶ
655 922 716 948 οὖναὶ
735 921 826 952 αὐτοῖς
838 940 844 950 ,
860 919 927 946 διότι

133 973 229 1008 ἀφῆκα
243 971 352 1002 αὐτούς.
373 980 382 996 ι
411 969 494 1005 Ἐμοῦ
508 970 563 1004 γὰρ
584 970 634 1004 τῆς
648 967 810 1002 κηδεμονίας
829 965 927 996 αὐτοὺς

135 1019 302 1053 χωρίσαντος
327 1018 375 1052 τῆς
400 1016 488 1051 ἐμῆς,
516 1015 626 1050 δλεθρος
651 1014 749 1044 αὐτοὺς
777 1012 852 1048 μένει
880 1011 928 1037 και)⁸

135 1063 268 1090 ἀπώλεια.
297 1072 305 1088 1
326 1061 399 1096 Σὰρξ
420 1070 469 1096 μου
496 1060 526 1092 ἐξ
549 1059 649 1086 αὐτῶν.
669 1069 678 1084 ›
697 1060 742 1094 (p.
763 1058 815 1092 70)
831 1057 927 1083 Καίτοι

135 1118 168 1144 γε
180 1108 297 1144 τοσαύτη
317 1108 362 1143 μοί
375 1116 417 1138 τις
431 1105 465 1142 ἦν
482 1107 499 1141 ἡ
513 1105 604 1141 σχέσις
622 1105 686 1140 περὶ
699 1104 798 1135 αὐτοὺς
814 1103 845 1129 τὸ
862 1102 928 1137 πρό-

134 1164 214 1190 τερον
225 1175 233 1186 ,
251 1155 321 1181 ὥστε
337 1153 459 1189 νομίζειν
483 1152 511 1185 ἐξ
529 1151 618 1179 αὐτῶν
633 1148 702 1177 εἷναί
720 1159 753 1185 με
765 1159 773 1165 ·
800 1148 927 1183 τοιαύτην

134 1210 165 1228 τε
180 1202 244 1237 περὶ
268 1201 367 1232 αὐτοὺς
387 1200 460 1235 ἔχειν
476 1201 524 1235 τὴν
544 1199 668 1234 γνώμην,
690 1199 749 1225 οἵαν
768 1198 841 1228 εἰκὸς
854 1196 927 1231 ἔχειν

133 1247 199 1278 τοὺς
226 1246 258 1273 ἐκ
282 1254 364 1272 τινων
391 1245 575 1280 ὑπειληφότας
600 1242 679 1271 εἶναι.
709 1253 719 1269 1
751 1242 870 1278 Ἐφραῒμ
897 1242 927 1268 ὂν

134 1292 235 1326 τρόπον
249 1290 318 1319 εἶδον
331 1292 371 1323 εἰς
383 1291 470 1327 θήραν
484 1291 608 1326 παρέστη
619 1290 653 1316 τὰ
669 1289 752 1316 τέκνα
767 1288 850 1315 αὑτοῦ
861 1296 868 1304 ·
880 1289 928 1315 καὶ

141 1337 262 1372 Ἐφραῖμ
288 1337 336 1364 τοῦ
364 1337 508 1370 ἐξαγαγεῖν
524 1337 563 1368 είς
583 1336 764 1370 ἀποκέντησιν
786 1334 822 1360 τὰ
843 1334 927 1360 τέκνα

135 1379 229 1406 αὐτοῦ.
246 1389 256 1405 ι
282 1380 362 1406 Ἀλλὰ
385 1380 512 1414 τοιαύτην
540 1378 647 1413 ἔχοντός
673 1386 723 1412 μου
740 1376 805 1411 περὶ
828 1376 927 1407 αὐτοὺς

134 1424 269 1461 πρότερον
291 1425 342 1460 τὴν
362 1425 470 1460 σχέσιν,
494 1424 588 1459 ἐπειδὴ
603 1423 671 1459 πρὸς
688 1422 718 1449 τὺ
737 1424 829 1458 χεῖρον
844 1421 925 1456 ἐτρά-

134 1478 226 1504 πησαν
260 1469 416 1501 παντελῶς,
446 1469 576 1496 τάναντία
612 1468 703 1499 αὐτοῖς
723 1467 778 1493 τῶν
808 1466 926 1502 πρόσθεν

135 1514 325 1550 συμϐήσεται,
344 1515 391 1541 καὶ
412 1514 506 1549 ὥσπερ
534 1514 604 1550 θήρα
630 1515 690 1545 ταῖς
709 1512 763 1539 τῶν
788 1512 926 1546 πολεμίων

135 1561 213 1596 χερσὶ
230 1561 482 1596 παραδοθήσονται-
498 1560 542 1595 ὑφ’
556 1557 594 1587 ὧν
608 1559 784 1594 κεντούμενοί
800 1567 830 1585 τε
847 1559 926 1585 ἀναι-

135 1605 299 1641 ρεθήσονται
314 1606 362 1632 καὶ
373 1605 586 1641 τιτρωσκόμενοι
601 1605 710 1636 πάντες.
729 1614 738 1630 1
761 1604 810 1636 Δὸς
826 1604 928 1635 αὐτοῖς,

134 1652 223 1688 Κύριε
231 1661 238 1667 ·
248 1653 274 1678 τί
284 1652 379 1684 δώσεις
391 1652 482 1683 αὐτοῖς
493 1660 499 1684 ;
515 1652 560 1684 δὸς
572 1652 664 1682 αὐτοῖς
675 1651 781 1687 μήτραν
796 1649 928 1676 ἀτεκνοῦ-

135 1706 185 1725 σαν
197 1699 246 1725 καί
260 1700 382 1733 μαστοὺς
403 1698 513 1734 ξηροὺς.
535 1707 544 1724 ›
564 1698 676 1725 Δικαίαν
709 1697 738 1724 δὲ
761 1697 807 1724 καὶ
823 1696 926 1732 ἁρμότ-

133 1752 233 1770 τουσαν
245 1744 348 1779 ταύτην
365 1744 532 1779 ὑπομένουσι
548 1744 684 1780 τιμωρίαν
694 1763 702 1776 ,
716 1743 747 1769 τὸ
763 1742 879 1777 ἀτεκνίᾳ
896 1749 927 1767 τε

979 281 1024 307 vil.
1045 289 1054 305 ι
1070 279 1132 306 \"ult
1147 279 1275 306 nimirum
1288 277 1432 306 ostendere
1441 279 1525 306 illud:
1542 287 1550 303 1
1566 277 1693 311 Corrupti
1705 281 1771 304 sunt

979 325 1050 352 sicut
1067 325 1093 351 in
1110 324 1206 351 diebus
1228 323 1317 350 collis.
1339 332 1349 348 ›
1363 322 1408 349 Isti
1429 324 1501 350 enim
1527 330 1603 357 atque
1627 330 1659 349 ac
1680 326 1771 355 patres

977 379 1073 398 eorum
1091 375 1151 405 post
1167 374 1272 396 tantam
1285 376 1372 395 meam
1388 369 1598 403 providentiam,
1612 368 1669 394 avis
1683 368 1771 394 instar

978 425 993 443 a
1008 418 1144 443 sententia
1161 415 1270 450 propria
1290 414 1445 440 avolarunt.
1464 423 1473 439 1
1494 413 1593 440 Gloria:
1616 414 1739 447 ipsorum
1756 419 1770 438 a

979 462 1123 497 partubus,
1154 461 1188 487 ab
1214 459 1313 489 uteris.
1336 463 1363 486 et
1387 466 1403 485 a
1426 459 1614 494 concoptibus.
1633 468 1642 483 ›
1670 456 1772 485 Deinde

978 516 1040 535 cum
1068 511 1145 534 tanta
1171 506 1358 541 peccaverint,
1381 505 1476 532 beatos
1501 513 1530 532 se
1553 505 1713 532 existimant
1737 504 1771 530 0I)

979 553 1070 588 populi
1087 552 1290 579 multitudinem
1304 561 1311 578 :
1329 550 1355 578 id
1368 551 1441 579 enim
1455 551 1602 578 denotatur
1614 558 1662 585 per
1675 550 1770 582 verba;

982 609 990 624 1
1004 597 1146 633 partubus,
1159 597 1255 630 uteris,
1268 597 1463 632 Conceptibus;
1479 605 1488 621 ›
1500 595 1722 631 quandoquidem
1738 602 1772 620 ex

978 648 1122 678 conceptu,
1144 642 1212 669 uteri
1233 643 1396 676 gestatione,
1420 644 1555 675 paruique
1576 646 1621 667 res
1639 643 1703 665 nata
1724 647 1772 665 ex-

979 689 1060 716 sistit.
1082 697 1091 713 1
1111 688 1267 722 Propterea.
1284 686 1471 721 quamtumvis
1487 685 1557 711 lilios
1575 692 1640 711 suos
1651 685 1772 711 enutrie-

979 735 1045 766 rint,
1073 734 1176 768 absque
1201 732 1297 759 liberis
1321 732 1387 758 Iient
1412 731 1485 758 inter
1511 731 1648 757 homines.
1679 739 1688 755 ι
1714 729 1771 756 Non

979 779 1172 810 considerant,
1198 778 1271 813 quod
1302 777 1410 804 etiamsi
1442 777 1475 803 ad
1501 775 1649 810 perfectum
1671 779 1772 802 statum

980 826 1034 853 nati
1053 825 1100 852 ﬁlii
1118 824 1303 860 pervenerint,
1330 823 1398 850 nihil
1421 822 1485 850 inde
1505 822 1705 848 lucrabuntur:
1732 826 1773 848 ct-

979 870 1051 897 enim
1069 869 1130 896 belli
1150 868 1270 895 czcdibus
1287 867 1320 895 ad
1334 868 1479 895 orbitatem
1498 868 1666 902 redigentur.
1687 876 1696 892 1
1718 866 1771 893 Sed

944 914 966 942 Β
981 921 1007 943 et
1022 924 1062 943 vae
1078 916 1129 948 eis,
1145 916 1274 950 quoniam
1291 922 1339 942 eos
1354 914 1501 948 dereliquit
1520 923 1529 939 ›
1549 913 1591 940 Me
1606 913 1667 940 illos
1682 917 1773 948 patro-

978 963 1051 989 cinio
1081 970 1142 989 meo
1168 961 1314 996 spoliante,
1340 960 1454 988 exitium
1477 960 1553 994 ipsos
1574 963 1666 986 manet
1691 963 1773 992 atque

977 1009 1107 1045 perditio.
1127 1019 1135 1034 1
1155 1009 1226 1037 Caro
1252 1015 1310 1035 mea
1325 1015 1358 1035 ex
1384 1007 1435 1034 eis.
1456 1016 1465 1032 ι
1489 1007 1616 1033 Attamen
1638 1012 1687 1040 ego
1708 1005 1772 1030 ulim

978 1060 1054 1083 tanto
1070 1063 1118 1083 eos
1133 1055 1231 1083 affectu
1249 1054 1407 1089 diligebam,
1421 1057 1450 1080 ut
1464 1061 1508 1080 me
1519 1053 1597 1088 quasi
1610 1051 1773 1086 consangui-

977 1110 1058 1130 neum
1072 1102 1194 1138 ipsorum
1211 1102 1398 1129 existimarem
1414 1110 1420 1127 ε
1436 1100 1539 1135 talique
1549 1107 1613 1134 erga
1625 1106 1671 1126 eos
1680 1100 1774 1125 animo

981 1157 1083 1182 essem,
1097 1149 1192 1184 quales
1207 1156 1255 1176 eos
1270 1155 1332 1176 esse
1345 1151 1452 1182 oportet
1467 1146 1513 1182 qui
1530 1147 1563 1173 ab
1583 1146 1675 1180 aliquo
1693 1148 1772 1171 natu-

978 1202 1036 1221 ram
1062 1203 1139 1222 suam
1151 1198 1324 1229 acceperunt.
1337 1203 1346 1218 1
1359 1192 1532 1226 Epitraimus,
1543 1189 1772 1226 quemadmodum

981 1239 1047 1270 vidi,
1060 1239 1115 1274 46
1128 1239 1154 1265 in
1166 1239 1284 1273 praedam
1302 1237 1400 1264 obtulit
1418 1236 1489 1264 ﬁlios
1505 1243 1581 1264 suos.
1598 1235 1771 1270 Epliraimus,

979 1286 1104 1320 inquam,
1122 1285 1216 1312 eduxit
1232 1284 1265 1310 ad
1280 1282 1498 1311 interfectionem
1510 1282 1580 1309 ﬁlios
1592 1289 1668 1309 suos.
1680 1290 1689 1306 ι
1700 1280 1774 1306 Nihi-

979 1331 1109 1362 lominus,
1137 1330 1247 1357 etiamsi
1264 1335 1318 1356 tam
1339 1329 1409 1356 bene
1423 1336 1486 1362 erga
1502 1335 1550 1355 eos
1565 1327 1679 1354 aITectus
1692 1330 1771 1352 antea

979 1376 1094 1409 fuerim;
1109 1377 1171 1411 quia
1187 1383 1249 1403 mox
1268 1375 1301 1402 ad
1318 1374 1468 1409 nequitiam
1485 1373 1671 1401 omnimodam
1689 1371 1772 1398 decli—

979 1426 1125 1455 naverunt,
1141 1420 1279 1449 contraria
1290 1419 1430 1454 prioribus
1440 1419 1616 1454 experientur
1625 1439 1632 1450 ,
1646 1425 1678 1444 ac
1692 1417 1774 1444 veluti

979 1467 1069 1504 pratda
1090 1467 1209 1494 hostium
1227 1465 1355 1493 manibus
1366 1465 1519 1495 tradentur,
1538 1472 1552 1491 a
1565 1463 1666 1499 quibus
1678 1471 1774 1491 omnes

977 1513 1136 1540 vulneribus
1153 1511 1275 1540 confossi
1302 1511 1460 1538 interibunt.
1481 1520 1490 1536 1
1513 1509 1551 1536 Da
1576 1509 1626 1542 eis,
1645 1508 1768 1536 Domine.

979 1559 1049 1592 Quid
1067 1559 1107 1586 eis
1124 1558 1217 1586 dabis?
1226 1557 1263 1584 Da
1276 1557 1317 1584 eis
1332 1557 1440 1585 vulvam
1456 1556 1516 1583 sine
1529 1555 1636 1586 liberis,
1646 1558 1673 1582 et
1685 1554 1770 1581 ubera

980 1605 1093 1632 arentia.
1111 1614 1120 1630 ι
1132 1603 1237 1631 Justam
1253 1603 1515 1636 convenientemqne
1527 1601 1664 1636 perferent
1677 1600 1775 1634 hujus-

979 1649 1053 1677 modi
1069 1657 1187 1685 poenam,
1198 1656 1295 1683 nempe
1306 1651 1336 1675 ut
1351 1647 1494 1676 sterilitate
1508 1647 1666 1679 multentur,
1680 1654 1730 1673 nec
1742 1646 1777 1671 Ii-

978 1696 1058 1723 beros
1074 1695 1196 1722 enutrirc
1214 1698 1330 1729 queant;
1356 1693 1455 1726 donec,
1472 1693 1541 1721 tales
1559 1700 1621 1720 cum
1647 1692 1713 1724 sint,
1730 1699 1778 1727 ge-

979 1742 1064 1768 nerali
1084 1741 1198 1769 interitu
1216 1744 1337 1775 pereant.

134 1791 234 1823 αὐτοὺς
247 1792 455 1828 περιωηοῆναι,
469 1794 517 1821 καὶ
541 1792 576 1819 τὰ
587 1791 734 1827 τικτόμενα
760 1786 902 1826 ἐκτρέφειν
927 1789 964 1825 μὴ
979 1789 1125 1816 δύνασθαι·
1145 1789 1184 1820 ὡς
1203 1788 1236 1816 ἂν
1249 1788 1388 1819 τοιούτους
1404 1786 1484 1817 ὄντας
1498 1785 1633 1821 παντελὴς
1655 1783 1776 1812 ἀπώλεια

133 1835 221 1864 λάϐοι.

171 1883 246 1918 Στίχ.
262 1883 353 1915 ιε’-ιζ’.
368 1898 402 1903 —
417 1881 474 1910 Εἶθ’
490 1883 528 1915 ὡς
541 1883 574 1910 ἂν
588 1883 622 1909 τὰ
639 1883 715 1917 παρὰ
730 1882 778 1907 τοῦ
794 1880 865 1907 Θεοῦ
878 1880 929 1906 αὺ-

134 1930 192 1960 τοῖς
209 1930 419 1965 ἑπαχθησόμενα
432 1930 544 1960 δικαίως
558 1929 652 1960 εἰπὼν,
668 1928 767 1963 ἐπάγει
784 1927 876 1954 λοιπὸν
893 1927 929 1953 τὰ

136 1974 210 2009 ἑξῆς·
228 1984 238 1999 1
262 1976 351 2001 Ilia-au.
372 1975 400 2000 αἱ
424 1975 520 2001 κακίαι
540 1975 629 2001 αὐτῶν
652 1975 681 2001 ὲν
704 1974 867 2008 Γαλγάλοις
888 1973 929 1999 ὅτι

137 2020 197 2045 ἐκεῖ
215 2020 314 2051 αὐτοὺς
331 2020 451 2055 ἐμίσησα
467 2020 511 2046 διὰ
533 2019 581 2050 τὰς
598 2018 697 2050 κακίας
713 2018 769 2044 τῶν
785 2016 930 2052 ἐπιτηδευ-

139 2066 242 2100 μάτων.
267 2075 277 2090 ι
309 2065 408 2092 ΑὺτόἿι
437 2066 491 2091 πᾶν
519 2062 590 2096 εἶδος
618 2064 746 2095 ἀσεϐείας
776 2063 929 2099 μετῄεσαν,

138 2111 209 2145 ὑπὲρ
232 2107 270 2137 ὧν
290 2110 318 2137 δὲ
346 2111 393 2137 καὶ
416 2110 529 2145 ἐμίσουν
555 2109 669 2136 τοιαῦτα
699 2109 869 2145 πράττοντας
889 2108 930 2134 δι-

139 2155 234 2186 καίως.
253 2165 262 2181 1
287 2155 334 2181 Ἐκ
356 2155 402 2181 τοῦ
427 2155 502 2182 οἴκου
520 2164 569 2190 μου
595 2154 703 2181 ἐκϐαλῶ
718 2154 826 2185 αὐτούς.
848 2163 856 2179 ι
875 2153 932 2188 Τῆς

138 2201 201 2236 γῆς,
219 2201 297 2235 φησὶ,
322 2201 371 2235 τῆς
391 2201 558 2235 ἐπαγγελίας
579 2200 679 2231 αὐτοὺς
710 2199 836 2226 ὲκϐαλῶ·
858 2196 932 2225 οἶκον

139 2247 237 2273 ἑαυτοῦ
253 2246 343 2274 καλῶν
365 2246 417 2281 γῆν
439 2247 528 2273 πᾶσαν
540 2266 547 2278 ,
568 2246 606 2278 ὡς
622 2247 650 2272 ὲν
668 2245 736 2280 αὑτῇ
753 2245 857 2279 διάγειν
875 2244 934 2270 ἑλό-

1016 1877 1101 1904 Vsus.
1122 1877 1203 1903 15-17
1231 1890 1267 1896 —
1283 1875 1349 1903 Dein
1365 1878 1510 1909 postquam
1529 1873 1604 1906 justo
1624 1880 1639 1899 a
1661 1872 1714 1900 Deo
1733 1873 1777 1899 in-

980 1923 1097 1956 ﬂigenda
1132 1923 1200 1957 ipsis
1237 1922 1309 1948 mala
1338 1920 1445 1952 edixit,
1480 1918 1623 1952 subjuugit
1660 1918 1777 1952 reliqua.

984 1979 993 1995 1
1013 1969 1116 1996 Omnes
1133 1957 1261 2003 nequitiae
1279 1974 1374 1995 eorum
1388 1967 1416 1992 in
1431 1964 1563 1999 Galgalis.
1580 1963 1644 1997 quia
1663 1963 1699 1990 ibi
1713 1970 1765 1989 exo

982 2023 1028 2043 sos
1046 2015 1128 2042 habui
1152 2022 1200 2041 eos
1227 2017 1339 2049 propter
1359 2011 1491 2038 malitiam
1510 2009 1747 2037 adinventionum.
1765 2018 1775 2034 ι

984 2062 1024 2088 lbi
1038 2067 1120 2087 omne
1135 2067 1223 2094 genus
1239 2057 1389 2093 impietatis
1403 2055 1499 2084 sectati
1513 2059 1588 2086 sunt,
1602 2054 1719 2089 ideoque
1730 2061 1778 2081 eos

983 2108 1021 2134 ita
1049 2113 1079 2134 se
1098 2109 1223 2140 gerentes
1246 2104 1345 2130 merito
1369 2101 1425 2130 odi.
1450 2110 1460 2127 1
1485 2099 1524 2128 De
1544 2100 1625 2127 domo
1647 2106 1706 2125 mea
1727 2098 1777 2132 eji-

982 2153 1053 2179 ciam
1079 2158 1138 2178 eos.
1173 2159 1182 2175 ι
1212 2149 1250 2176 De
1274 2152 1361 2180 terra,
1380 2146 1488 2181 inquit,
1514 2144 1705 2180 promissionis
1731 2151 1778 2171 eos

990 2197 1141 2233 expellam;
1160 2196 1272 2223 domum
1297 2201 1376 2222 suam
1400 2192 1541 2228 appellans
1558 2191 1714 2218 universam
1735 2198 1778 2217 re-

985 2244 1105 2279 gionem,
1121 2242 1184 2277 quia
1201 2241 1237 2268 ibi
1255 2239 1378 2267 habitare
1396 2238 1564 2265 decreverat.
1582 2245 1591 2262 1
1611 2235 1687 2262 llaud
1706 2235 1777 2261 ultra

141 2300 232 2325 μενος.
251 2294 289 2326 (p.
311 2291 362 2327 7|)
391 2301 400 2317 1
419 2291 518 2318 Οὐκέτι
537 2291 574 2326 μὴ
601 2290 712 2326 προσθῶ
730 2290 776 2316 τοῦ
792 2289 929 2323 ἀγαπῆσαι

988 2289 1084 2317 addam
1101 2292 1131 2315 ut
1147 2287 1258 2323 diligant
1271 2293 1319 2313 eos
1333 2294 1340 2312 :
1357 2284 1448 2312 cuncti
1464 2283 1604 2319 principes
1619 2281 1778 2309 inobedien-

140 2337 258 2370 αὐτούς’
283 2339 383 2369 πάντες
400 2338 425 2364 οἱ
448 2337 578 2373 ἄρχοντες
603 2336 693 2363 αὐτῶν
713 2335 900 2366 ἀπειθοῦντες.
921 2344 931 2360 ι

140 2384 219 2411 Μένω
232 2384 259 2410 δὲ
275 2383 383 2418 βέϐαιον
397 2383 466 2419 ἔχων
484 2384 548 2418 περὶ
562 2383 659 2414 αὐτοὺς
680 2383 710 2408 τὸ
724 2383 802 2417 μῖσος
812 2401 819 2413 ,
839 2380 934 2416 ἐπειδὴ

142 2431 242 2462 παντες
266 2431 316 2465 μὲν
342 2430 500 2456 νενεύκασιν
515 2430 555 2461 είς
579 2429 738 2455 ἀπείθειαν·
764 2427 935 2463 ἡγοῦνταιδὲ

144 2476 261 2510 μάλιστα
276 2475 330 2502 τῶν
344 2475 438 2502 κακῶν
461 2475 485 2501 al
508 2475 603 2510 ἄρχειν
619 2475 648 2500 ἐν
669 2474 760 2505 αὐτοῖς
780 2473 934 2504 δοκοῦντες.

146 2531 155 2546 1
179 2520 323 2547 Ἐπόνεαεν
347 2520 485 2556 Ἐφραίμ,
502 2520 552 2551 τὰς
575 2520 652 2555 ῥίζας
674 2519 756 2545 αὑτοῦ
780 2518 934 2554 ἐξηράνθηο

143 2567 247 2601 καρπὸν
265 2566 355 2593 οὐκέτι
378 2567 409 2593 οὺ
435 2566 472 2601 μὴ
485 2566 596 2601 ἐνέγκῃ.
616 2575 625 2591 ι
649 2566 696 2591 Ἐκ
711 2565 867 2600 μεταφορᾶς
880 2564 936 2590 τῶν

111 2627 119 2636 ι
142 2612 258 2648 δένδρων
273 2610 349 2639 εἶπεν
364 2613 405 2640 ὅτι
418 2613 503 2647 ἄρδην
518 2611 692 2641 ἀπολοῦνται,
710 2611 771 2638 καθ’
787 2610 934 2646 ὁμοιότητα

143 2658 254 2686 ἐκείνων
275 2658 293 2685 ἃ
308 2659 358 2693 τῆς
378 2659 457 2694 ῥίζης
476 2658 673 2693 διαφθαρείσης
688 2657 847 2693 ξηραίνεται
867 2665 935 2682 παν-

143 2703 236 2736 τελῶς,
251 2704 358 2739 καρπὸν
367 2704 460 2730 οὐκέτι
471 2704 565 2738 φέρειν
580 2701 625 2730 οἷά
635 2712 664 2729 τε
680 2703 754 2729 ὂντα.
771 2712 779 2728 1
800 2702 873 2728 Διότι
886 2701 934 2728 ἐὰν

144 2750 191 2776 καὶ
217 2750 408 2782 τεκνώσωσιν,
433 2749 574 2776 ἀποκτενῶ
604 2749 640 2776 τὰ
666 2748 867 2783 ἐπιθυμήματα
885 2747 936 2782 τῆς

144 2795 246 2827 κοιλίας
257 2796 358 2822 αὐτῶν.
374 2805 383 2820 ι
408 2796 526 2830 ’Δφανιῶ
540 2796 594 2831 γὰρ
615 2795 648 2829 δὴ
662 2795 709 2821 καὶ
721 2795 784 2825 τοὺς
799 2793 829 2827 ἐξ
847 2793 936 2820 αὐτῶν

145 2842 276 2874 ἃπαντας,
289 2842 383 2876 φησίν.
399 2852 407 2867 1
431 2841 583 2868 ‘Ambestcu
593 2841 693 2871 αὐτοὺς
707 2841 721 2866 ὁ
735 2839 800 2871 Θεὸς
810 2860 817 2871 ,
831 2840 872 2866 ὅτι
887 2839 937 2866 οὐκ

146 2888 308 2922 εἰσήκουσαν
335 2886 430 2918 αὐτοῦ,
458 2887 506 2913 καὶ
534 2887 642 2913 ἔσονται
668 2885 803 2921 πλανῆται
828 2886 857 2911 ἐν
881 2887 937 2917 τοῖς

147 2932 259 2962 ἔθνεσιν.
278 2943 288 2960 ι
309 2932 479 2969 ’Λλλοτρίους
488 2933 542 2968 γὰρ
553 2932 657 2964 πάντας
667 2931 766 2963 αὐτοὺς
777 2932 825 2967 τῆς
834 2931 937 2962 οἰκείας

984 2340 1036 2363 tes.
1055 2345 1064 2361 ι
1084 2334 1156 2361 Iram
1174 2333 1307 2360 adversus
1329 2338 1376 2359 eos
1395 2330 1529 2361 retinebo,
1547 2329 1610 2364 quia
1625 2327 1718 2354 cuncti
1744 2327 1776 2354 ad

985 2380 1198 2409 inobedieutialn
1212 2377 1384 2405 deﬂexerunt
1398 2385 1404 2402 :
1421 2375 1507 2402 duces
1520 2382 1584 2402 vero
1600 2374 1633 2400 ad
1646 2373 1778 2399 malitiam

984 2432 1060 2460 sunt,
1089 2426 1135 2460 qui
1163 2425 1349 2460 principatum
1378 2423 1449 2449 inter
1464 2428 1512 2448 eos
1531 2425 1624 2448 tenere
1640 2419 1777 2446 videntur.

986 2483 996 2499 1
1013 2472 1105 2499 Doluit
1115 2470 1289 2506 Epliraimus,
1303 2468 1411 2495 radices
1431 2466 1492 2500 ejus
1509 2465 1656 2493 exsiccata:
1673 2467 1748 2490 sunt.
1766 2472 1777 2488 ›

989 2518 1104 2553 Sumpta
1127 2517 1161 2543 ab
1185 2515 1330 2542 arboribus
1352 2513 1532 2548 metaphora,
1559 2511 1626 2538 dicit
1653 2509 1778 2537 funditus

987 2564 1050 2591 illos
1066 2562 1214 2598 perituros,
1231 2559 1462 2594 quemadmodum
1478 2557 1529 2584 illa:
1538 2561 1667 2591 corrupta
1687 2555 1778 2582 radice

988 2616 1103 2644 prorsus
1127 2608 1303 2637 exarescant,
1319 2611 1408 2638 neque
1427 2602 1543 2630 ulterius
1564 2601 1684 2628 fructum
1706 2599 1778 2627 ferre

985 2654 1086 2681 valent.
1101 2662 1110 2678 1
1126 2651 1203 2685 Quod
1213 2655 1240 2678 et
1253 2651 1277 2678 si
1292 2649 1445 2685 genuerint,
1459 2647 1621 2674 interﬁciam
1636 2645 1777 2673 desidera-

988 2702 1053 2729 bilia
1068 2700 1139 2729 uteri
1153 2707 1259 2727 eorum.
1278 2708 1287 2724 ι
1313 2698 1447 2730 Cunctos,
1469 2696 1568 2731 inquit,
1585 2703 1620 2723 ex
1639 2694 1680 2722 eis
1696 2698 1777 2721 natos

988 2748 1112 2783 perdam.
1130 2755 1139 2771 1
1157 2745 1275 2780 Abjicict
1297 2752 1345 2772 cos
1365 2743 1447 2774 Deus,
1470 2742 1533 2777 quia
1558 2749 1614 2768 non
1632 2740 1778 2767 audierunt

986 2801 1060 2825 eum,
1078 2797 1105 2820 et
1118 2795 1199 2820 erunt
1217 2791 1278 2826 vagi
1292 2791 1320 2818 in
1336 2789 1506 2817 nationibus.
1526 2797 1535 2814 ι
1559 2787 1670 2814 Alienos
1696 2784 1779 2812 faciet

987 2847 1082 2868 omnes
1104 2847 1120 2866 a
1138 2846 1205 2866 cura
1220 2845 1282 2869 sua,
1308 2837 1355 2872 qui
1383 2836 1532 2863 noluerunt
1560 2834 1585 2861 ei
1610 2831 1778 2860 auscultare,

987 2890 1013 2912 et
1039 2885 1073 2911 ad
1105 2883 1291 2919 penitentiam
1319 2883 1465 2917 respicere.
1498 2879 1680 2913 Quamobrem
1707 2877 1777 2903 bello

992 2931 1074 2966 capti,
1093 2930 1164 2965 apud
1187 2933 1334 2958 extraneos
1350 2927 1451 2962 captivi
1476 2928 1566 2957 erunt,
1590 2927 1617 2951 ct
1638 2923 1690 2950 hac
1714 2921 1777 2948 illac
