1972 3066
211 157 265 185 183

798 161 974 192 TilEODORl
989 165 1104 195 MOPSU
1109 166 1230 195 ESTENI

1778 167 1830 199 ικι

212 217 362 254 circumagi
384 220 411 245 et
431 225 523 245 errare
549 223 662 253 propter
677 221 825 246 extremam
848 225 992 255 egestatem

1048 223 1194 259 ἐργάσεται
1218 224 1396 260 κηδεμονίας,
1418 224 1448 251 οὗ
1467 223 1647 260 βουληθέντας
1664 223 1780 252 ἀκοῦσαί
1798 233 1830 251 τε

211 267 351 297 cogentur.

1048 269 1129 295 αὺτοῦ
1159 269 1206 296 καὶ
1233 269 1301 305 πρὸς
1327 270 1507 305 μεταμέλειαν
1539 270 1620 297 ἰδεῖν·
1650 270 1720 304 ὑπὲρ
1740 266 1778 296 ὧν
1798 268 1831 304 δὴ

211 306 369 357 ληφθέντες,
384 307 549 343 αἰχμάλωτοι
564 308 639 357 παρὰ
654 310 710 340 τοῖς
727 309 875 345 ἀλλοτρίοις
890 311 1012 345 ἔσονται,
1034 314 1096 349 τῇδε
1121 315 1231 341 κάκεῖσε
1253 315 1395 350 περιάγειν
1414 324 1444 342 τε
1466 315 1513 342 καὶ
1526 315 1683 357 ’πλανᾶσθαι
1706 316 1758 343 ὑπὸ
1780 315 1831 350 τῆς

209 354 279 388 ἄταν
295 354 399 386 ἐνδείας
413 354 623 390 ἠναγκασμένοι.

541 420 619 448 CAP.
638 420 671 448 Χ.

245 473 328 502 Vnus.
353 475 411 501 1-2.
426 489 461 494 -—
475 475 529 511 47
547 484 557 501 ι
575 475 645 503 Vitis
667 476 796 505 frondosa
816 477 909 506 lsrael.
931 488 941 504 ι
958 479 998 507 0b

209 520 301 556 populi
324 520 365 548 sui
386 521 587 549 multitudinem
607 522 679 550 haud
692 525 735 550 est
754 523 895 551 dissimilis
915 524 1000 553 Israel

208 566 257 592 viti
269 565 427 601 palmitibus
442 567 567 601 plurimis
582 567 763 603 maximisque
773 570 901 596 comanti.
913 579 921 596 ι
932 569 998 597 Fru-

208 616 270 639 ctus
283 611 343 646 ejus
355 611 508 640 abundans.
529 621 538 638 ›
551 611 694 640 Multitudo
706 621 799 641 eorum
813 615 934 649 quotidie
947 623 996 642 au-

208 663 297 691 getur,
309 657 401 685 multis
411 657 473 685 inde
481 659 659 687 nascentibus
671 660 708 688 ob
716 660 817 687 lautam
826 660 992 688 felicitatem.

211 712 224 728 σι
238 701 321 730 Juxta
334 702 483 730 ubertatem
499 702 636 731 fructuum
650 712 762 732 suorum
777 705 994 740 multiplicarunt

208 748 315 775 altaria.
334 757 344 774 ι
359 747 393 775 Hi
404 752 494 776 tamen
507 750 712 777 exuberantiam
727 751 830 785 populi,
847 758 928 786 quam
947 750 994 778 Dei

208 792 400 820 benedictione
416 797 493 820 erant
513 793 615 828 adepti.
635 796 801 822 remunerati
819 799 882 822 sunt
896 795 992 830 grandi

208 839 356 875 impietatis
372 839 540 867 incremento
559 849 566 868 :
592 848 686 875 parem
705 842 776 869 enim
797 849 911 869 numero
932 850 992 876 suo,

208 885 236 912 in
258 885 392 912 idolorum
419 885 550 912 honorem
574 886 702 913 altarium
718 887 824 922 copiam
848 891 992 915 exstruxe-

1377 423 1455 450 ΚΕΦ.
1476 425 1504 450 1'.

1082 479 1154 515 Στίχ.
1171 479 1280 514 α’-β’.-
1289 489 1299 505 ι
1313 480 1345 506 ’Ἀ
1352 479 1452 514 μπελος
1463 479 1672 514 εὐκληματοῠσα
1686 480 1805 516 Ἰσραήλ.
1818 490 1833 507 ι.

1046 525 1210 560 Διήλλαττεν
1239 524 1315 551 οὐδὲν
1345 525 1359 550 ὁ
1394 525 1502 561 Ἰσραὴλ
1525 525 1563 559 τῷ
1588 525 1686 561 πλήθει
1710 525 1832 562 κλήμασι

1047 571 1183 602 πλείστοις
1205 578 1235 596 τε
1250 570 1297 596 καὶ
1317 570 1456 605 μεγίστοις
1469 571 1599 606 κομώσης
1612 571 1746 606 ἀμπέλου.
1765 581 1774 597 ι
1801 572 1832 599 '0

1048 616 1156 652 καρπὸς
1171 615 1292 650 εὖθηνῶν
1306 616 1400 651 αὐτῆς.
1422 626 1430 642 ι
1447 617 1502 643 Καὶ
1518 616 1674 643 ἐπεδίδοσαν
1688 617 1751 643 καθ’
1766 617 1832 644 Exci-

1047 670 1113 697 στην
1126 661 1232 697 ἡμέραν
1249 662 1288 693 εἰς
1308 661 1419 696 πλῆθος,
1435 662 1473 698 (p.
1499 662 1542 696 72)
1559 662 1663 689 πολλῶν
1676 662 1761 689 ὄντων
1776 663 1832 689 τῶν

1045 706 1076 738 ἐξ
1091 706 1181 732 αὐτῶν
1200 707 1367 741 τικτομένων
1387 707 1432 733 διὰ
1449 708 1498 742 τὴν
1515 707 1667 743 προσοῦσαν
1683 708 1773 740 αὐτοῖς
1787 709 1831 735 εὐ-

1045 752 1176 787 πραγίαν.
1191 760 1201 777 ‹
1214 752 1293 779 Κατὰ
1304 752 1336 778 τὸ
1350 752 1450 787 πλῆθος
1460 753 1512 779 τῶν
1520 753 1633 788 καρπῶν
1641 753 1732 785 αὐτοῦ,
1747 754 1825 788 ἐπλή-

1045 796 1123 823 θυνεν
1139 796 1328 832 θυσιαστήρια.
1345 807 1354 823 ι
1369 798 1437 824 Οίδὲ
1450 798 1498 833 τὴν
1507 798 1703 833 πολυπληθίαν,
1718 799 1747 825 ὲν
1757 795 1836 834 ᾗπερ

1044 841 1088 868 διὰ
1110 841 1159 876 τῆς
1181 841 1306 875 εὐλογίας
1322 841 1484 868 καθίσταντο
1508 840 1556 867 τοῦ
1581 841 1660 875 Θεοῦ,
1685 841 1831 877 ἠμείϐοντο

1044 886 1172 917 ἀσεϐείας
1188 886 1310 914 ἐπιτάσει
1324 885 1408 922 πολλῇ
1417 895 1425 902 ·
1439 886 1568 921 ἀνάλογον
1583 887 1637 923 γὰρ
1649 887 1696 914 τοῦ
1712 887 1836 923 ἀριθμοῦ

207 934 282 957 runt.
298 938 307 955 ι
329 929 401 962 Quot
415 934 493 957 erant
506 934 586 958 terra:
600 939 656 959 sua:
669 932 752 964 bona,
769 931 880 960 totidem
897 933 992 960 statuit

1044 930 1089 957 τοῦ
1115 931 1227 963 οἰκείου,
1245 931 1292 958 ἐπὶ
1313 932 1380 967 τιμῇ
1401 932 1456 958 τῶν
1472 932 1587 958 εἰδώλων
1605 933 1721 960 ἀνίστων
1738 933 1831 960 θυσια-

208 975 364 1004 simulacra.
383 985 393 1001 ι
416 974 508 1003 Multis
526 979 605 1004 terra:
625 977 706 1005 bonis
727 977 859 1011 fruentes,
876 986 926 1013 pro
950 978 992 1006 his

208 1021 354 1048 simulacra
366 1020 534 1048 honorandis
546 1020 627 1048 idolis
640 1026 796 1050 erexerunt.
814 1032 824 1048 ι
841 1023 930 1050 Corda
943 1030 992 1050 sua

208 1065 370 1093 diviserunt.
393 1074 402 1091 ι
418 1064 561 1100 Tantaque
586 1065 694 1094 illorum
711 1075 775 1102 erga
797 1067 869 1096 idola
889 1069 995 1096 exstitit

207 1110 360 1138 devotionis
376 1109 494 1142 insania.
508 1114 539 1137 ut
549 1118 626 1138 mens
638 1111 760 1146 ipsorum
773 1112 847 1140 circa
859 1113 993 1140 idolorum

207 1157 329 1184 studium
347 1156 423 1183 varia
438 1155 532 1189 fuerit,
549 1157 610 1185 aliis
624 1157 693 1190 haec,
715 1158 776 1186 aliis
793 1158 839 1186 illa
853 1159 924 1186 idola
946 1166 994 1186 co-

208 1200 340 1229 lentibus.
358 1209 368 1226 ι
389 1199 467 1228 Nunc
480 1201 642 1229 interibunt.
661 1211 670 1228 ι
689 1201 794 1230 Iustam
811 1203 948 1238 perferent
959 1203 994 1231 ob

209 1247 266 1273 lucc
282 1246 459 1281 punitionem.
480 1255 491 1271 ι
511 1245 572 1280 Ipse
596 1245 723 1274 sull‘odiet
746 1247 842 1273 altaria
856 1254 962 1275 eorum.
982 1257 990 1272 ι

206 1291 316 1319 Etenim
330 1293 469 1326 neglectus
490 1292 524 1318 ab
543 1292 583 1319 eis
608 1292 679 1320 Deus
694 1293 785 1320 omnia
804 1292 862 1320 haec
882 1293 995 1320 subver-

209 1337 288 1364 tenda
298 1337 413 1368 curabit,
428 1344 488 1371 qure
500 1337 581 1372 impie
589 1337 622 1364 ad
638 1337 772 1366 idolorum
787 1339 890 1366 cultum
901 1346 994 1366 erexe-

207 1387 279 1409 rant.
301 1391 311 1407 ι
332 1381 401 1408 Male
426 1382 531 1409 eveniet
555 1382 643 1410 titulis
668 1390 775 1411 eorum.
793 1393 802 1410 ι
825 1383 857 1411 lli
885 1391 993 1420 quoque

208 1432 338 1455 eorruent
353 1427 381 1454 in
396 1426 622 1457 destructionem.

1044 976 1151 1011 στήρια.
1170 985 1182 1002 ι
1196 975 1276 1002 Κατὰ
1287 975 1322 1003 τὰ
1336 975 1425 1010 ἀγαθὰ
1439 976 1490 1011 τῆς
1503 977 1555 1012 γῆς
1565 977 1656 1010 αὑτοῦ,
1672 978 1831 1014 ᾠκοδόμησε

1044 1020 1154 1056 στήλας.
1173 1030 1184 1047 ι
1204 1021 1260 1047 Καὶ
1281 1020 1385 1047 πολλῶν
1403 1021 1586 1053 ἀπολαύοντες
1600 1022 1654 1049 τῶν
1671 1023 1703 1049 ὲκ
1717 1022 1768 1057 τῆς
1778 1023 1835 1059 γῆς

1043 1066 1163 1101 ἀγαθῶν,
1183 1066 1283 1101 στήλας
1297 1066 1355 1092 ἀντ’
1375 1065 1487 1092 ἐκείνων
1506 1066 1553 1092 ἐπὶ
1570 1066 1704 1102 θεραπείᾳ
1721 1067 1775 1094 τῶν
1790 1068 1830 1094 εἰ-

1043 1112 1134 1139 δώλων
1149 1112 1276 1139 ἀνίστων.
1294 1121 1305 1137 ε
1334 1112 1484 1148 Ἑμέρισαν
1501 1112 1614 1148 καρδίας
1628 1113 1728 1140 αὐτῶν.
1749 1122 1759 1139 ι
1774 1113 1832 1140 Καῖ

1043 1158 1160 1194 τοσαύτη
1171 1166 1213 1189 τις
1229 1155 1263 1194 ἦν
1276 1157 1365 1185 αὐτῶν
1377 1159 1394 1194 ή
1406 1158 1471 1193 περί
1482 1158 1518 1185 τὰ
1534 1158 1630 1185 εἴδωλα
1646 1158 1740 1194 μανία,
1759 1158 1830 1186 ὥστε

1044 1203 1205 1238 διαιρεῖσθαι
1220 1203 1270 1239 τὴν
1283 1204 1402 1230 διάνοιαν
1414 1204 1506 1235 αὐτοῖς
1522 1204 1551 1230 ὲν
1563 1204 1596 1239 τῇ
1609 1204 1672 1239 περὶ
1684 1203 1719 1230 τὰ
1733 1203 1833 1230 εἴδωλα

1045 1249 1157 1284 σπουδῇ,
1174 1248 1227 1275 τῶν
1245 1249 1294 1285 μὲν
1313 1248 1411 1281 ταῦτα,
1430 1248 1484 1275 τῶν
1505 1248 1534 1274 δὲ
1556 1249 1648 1275 ἐκεῖνα
1669 1247 1837 1283 θεραπεύειν.

1043 1293 1258 1321 ἐσπουδακότων.
1271 1302 1281 1319 ι
1297 1293 1355 1320 Νῦν
1368 1292 1607 1328 ἀφανισθήσονται.
1620 1302 1630 1319 ι
1649 1292 1832 1327 ’Υπομενοῦσι

1043 1338 1072 1365 δὲ
1085 1338 1191 1365 δικαίαν
1204 1339 1274 1374 ὑπὲρ
1295 1339 1397 1366 τούτων
1411 1339 1459 1374 τὴν
1478 1338 1626 1365 ἀπώλειαν.
1650 1347 1659 1364 ι
1678 1338 1765 1370 Αὐτὸς
1778 1346 1829 1364 κα-

1044 1384 1178 1419 τασκάψει
1194 1384 1229 1411 τὰ
1244 1384 1424 1420 θυσιαστήρια
1440 1383 1539 1411 αὐτῶν.
1559 1376 1616 1410 »⁵⁷0
1635 1383 1690 1419 γὰρ
1712 1383 1829 1418 ἀμελού-

1048 1438 1128 1464 μενος
1139 1431 1203 1467 παρ’
1214 1430 1304 1458 αὐτῶν
1319 1430 1397 1462 Θεὸς,
1413 1430 1494 1462 αὐτὸς
1508 1429 1665 1465 ἀνατροπὴν
1682 1429 1834 1464 ἐργὰσεταιι

208 1476 316 1504 πάντων
335 1479 451 1511 τούτων,
470 1478 488 1506 ἃ
503 1480 572 1515 μετὰ
594 1477 720 1508 ἀσεϐείας
738 1476 784 1502 ἐπὶ
799 1477 833 1511 τῇ
855 1475 908 1502 τῶν
927 1474 1043 1502 εἰδώλων
1067 1475 1181 1503 ἀνίστων
1207 1476 1351 1512 θεραπείᾳ.
1376 1485 1385 1501 ι
1401 1475 1659 1511 Ταλαιταορήσονσιν
1681 1476 1709 1502 αἱ
1732 1474 1830 1510 στῆλαι

207 1523 307 1552 αὐτῶν.
330 1535 339 1551 ι
361 1525 551 1562 Ἀσθενήσουσι
567 1526 595 1553 δὲ
610 1526 735 1552 κάκεῖναι
751 1524 966 1559 καθαιρεθεῖσαι.

243 1581 326 1609 Vsus.
345 1582 403 1610 3-5.
415 1599 451 1603 -
464 1592 474 1609 ι
496 1583 641 1618 Propterea
662 1590 734 1610 nunc
746 1582 838 1609 dicent
851 1591 857 1609 :
878 1581 937 1609 Non
949 1587 991 1610 est

1077 1580 1150 1615 Στίχ.
1171 1582 1239 1614 γ’-ε’.
1254 1593 1289 1598 -
1307 1588 1316 1604 ι
1330 1577 1401 1604 Διότι
1417 1577 1465 1604 νῦν
1480 1576 1596 1612 ἐροῦσιν·
1610 1576 1667 1603 Οὐκ
1679 1577 1737 1603 ἔστι
1753 1576 1830 1611 βασι-

207 1635 254 1655 rex
272 1629 362 1661 nobis,
381 1629 444 1664 quia
466 1637 521 1657 non
544 1629 687 1656 timuimus
708 1628 802 1656 Deum.
826 1628 883 1655 Rex
901 1633 991 1656 autem

208 1674 274 1708 quid
290 1675 372 1702 faciet
389 1675 487 1703 nobis?
500 1675 628 1709 Loquens
644 1674 726 1702 verba
738 1674 817 1708 quasi
833 1678 991 1709 praeteritus,

209 1717 299 1746 fmdus
324 1720 460 1755 disponet.
492 1730 503 1746 ι
529 1719 607 1746 Nunc
633 1720 705 1747 enim
731 1719 992 1746 inconsiderantiam

209 1771 287 1791 suam
303 1768 461 1799 agnoscent,
479 1773 533 1800 qua
548 1773 637 1800 regem
656 1764 708 1792 sibi
719 1764 879 1799 delegerunt
895 1767 993 1798 praeter

208 1807 255 1836 Dei
274 1809 442 1837 voluntatem
461 1820 468 1838 :
484 1815 511 1838 et
536 1810 608 1845 quod
631 1809 734 1837 omisso
752 1809 850 1836 timore
872 1808 929 1841 Dei,
946 1815 993 1836 va-

208 1861 273 1880 num
297 1853 431 1888 quoddam
448 1859 476 1883 et
491 1855 662 1891 illegitimum
686 1862 800 1890 regnum
821 1855 872 1882 sibi
889 1854 994 1882 consti-

207 1903 320 1927 tuerunt
331 1919 338 1931 ,
358 1899 491 1928 adversus
506 1901 617 1928 Davidis
637 1901 841 1929 successionem
856 1901 934 1936 juxta
946 1901 992 1929 Dei

207 1946 374 1980 promissum
398 1952 555 1980 regnantem
578 1956 585 1974 :
610 1947 726 1982 idecque
747 1950 774 1974 et
800 1947 851 1974 hoc
872 1947 992 1981 ipsorum

207 1998 320 2026 regnum
336 1992 453 2020 deletum
471 1998 526 2025 est,
543 2001 693 2028 omnesque
708 1993 858 2027 captivitati
880 1992 969 2019 traditi
983 2000 991 2025 ;

207 2038 367 2073 nullumque
396 2038 452 2074 48
479 2039 547 2074 ipsis
575 2047 669 2074 arege
697 2047 748 2067 suo
779 2039 992 2066 emolumentum

1042 1628 1105 1659 λεὺς
1117 1627 1193 1662 ἡμῖν,
1209 1626 1250 1652 ὅτι
1265 1625 1316 1651 οὐκ
1329 1623 1502 1658 ἐφοϐήθημεν
1519 1623 1564 1649 τὸν
1578 1623 1643 1649 Θεὸν
1653 1631 1661 1638 “
1675 1623 1690 1648 ὁ
1705 1622 1733 1649 δὲ
1753 1623 1828 1658 βασι-

1043 1673 1105 1704 λεὺς
1117 1673 1146 1699 τί
1154 1672 1261 1707 ποιήσει
1279 1671 1365 1706 ήμίν;
1382 1669 1470 1696 λαλῶν
1485 1670 1593 1704 ῥήματα
1604 1669 1754 1704 προφάσεις
1773 1669 1834 1696 δια-

1043 1720 1154 1754 θήσεται
1164 1717 1306 1752 διαθήκην.
1319 1725 1327 1741 ι
1345 1715 1402 1741 Νῦν
1409 1714 1464 1749 γὰρ
1472 1714 1647 1748 αἰσθήσονται
1659 1714 1710 1749 τῆς
1725 1713 1831 1740 ἑαυτῶν

1042 1764 1178 1795 ἀϐουλίας,
1205 1761 1264 1798 μεθ’
1280 1759 1314 1797 ἦς
1330 1761 1432 1786 εἴλοντο
1457 1759 1569 1794 βασιλέα
1586 1759 1661 1794 παρὰ
1685 1759 1717 1786 τὺ
1731 1758 1831 1786 δοκοῦν

1042 1810 1081 1844 τῷ
1097 1809 1169 1843 Θεῷ·
1190 1808 1227 1842 (p.
1244 1808 1288 1841 '73)
1305 1806 1350 1832 καί
1368 1806 1409 1832 ὅτι
1428 1805 1497 1840 ὑπὲρ
1510 1802 1546 1832 ὧν
1558 1805 1589 1831 οὐ
1605 1804 1766 1839 φοϐηθέντες
1782 1803 1830 1831 τδν

1042 1856 1118 1886 Θεὸν,
1134 1853 1272 1889 βασιλείαν
1284 1850 1421 1883 ἀνέδειξαν
1433 1851 1513 1886 κενήν
1527 1859 1587 1877 τινα
1599 1850 1647 1876 καί
1660 1851 1834 1885 παράνομον,

1043 1899 1208 1929 ἀπεναντίας
1221 1899 1254 1934 τῇ
1281 1897 1327 1924 τοῦ
1348 1896 1429 1923 Δαυῖὂ
1450 1896 1558 1930 διαδοχῇ
1581 1897 1641 1922 κατ’
1663 1895 1835 1929 ἐπαγγελίαν-

1044 1945 1221 1982 βασιλευούσῃ
1239 1944 1324 1975 θείαν,
1340 1942 1480 1978 ἀφῄρηται
1499 1942 1548 1977 μὲν
1561 1942 1650 1969 αὐτῶν
1664 1943 1680 1976 ἡ
1692 1941 1833 1976 βασιλείαἰ

1042 1990 1217 2025 αἰχμαλωσίᾳ
1237 1989 1265 2015 δὲ
1278 1988 1474 2023 παραδέδονται
1490 1987 1589 2018 πάντες
1599 1995 1605 2002 ·
1622 1987 1716 2022 κέρδος
1729 1986 1757 2012 δέ
1776 1987 1827 2014 ασ-

1043 2037 1099 2068 τοῖς
1120 2037 1152 2063 ὲκ
1166 2036 1213 2063 τοῦ
1224 2035 1354 2071 βασιλέως
1367 2033 1550 2068 προσγέγονεν
1564 2033 1638 2059 οὐδέν
1649 2041 1656 2047 ε
1672 2033 1829 2060 τούναντίον

207 2082 323 2110 exstitit.
349 2082 532 2112 Nibiiominus
552 2084 598 2111 hic
618 2084 688 2119 (rex)
709 2084 890 2112 fraudulentis
903 2083 992 2111 verbis

1045 2083 1094 2117 μὲν
1114 2081 1160 2109 οὖν
1189 2081 1337 2116 ἀπατηλοῖς
1359 2079 1532 2115 χρησάμενος
1557 2079 1671 2114 ῥήμασι,
1696 2078 1835 2114 διαθήκην-

209 2132 299 2159 utens,
317 2127 472 2162 improbtun
495 2128 583 2156 foedus
597 2129 733 2164 quoddam
752 2137 815 2156 cum
837 2129 890 2156 illis
907 2128 992 2156 inive-

1045 2128 1184 2163 μοχθηράν
1199 2135 1259 2153 τινα
1276 2127 1333 2161 μετ’
1348 2125 1438 2152 αὐτῶν
1447 2125 1607 2159 ἐποιήσατο·
1621 2124 1691 2150 ὥστε
1708 2124 1828 2159 ἀποστῆ-

208 2177 261 2205 rat,
278 2180 376 2208 nempe
388 2181 402 2200 a
419 2173 474 2201 Deo
493 2173 648 2205 recedendi,
661 2178 688 2201 et
705 2174 854 2201 fabricatas
871 2181 886 2200 a
904 2182 934 2201 se
945 2174 992 2208 ju-

1044 2180 1086 2198 ναι
1106 2171 1155 2206 μὲν
1170 2171 1216 2197 τοῦ
1230 2170 1309 2203 Θεοῦ,
1324 2170 1486 2205 προσκυνεῖν
1498 2169 1526 2195 δὲ
1540 2170 1601 2200 ταῖς
1614 2168 1659 2195 t‘m’
1673 2168 1757 2195 αὐτοῦ
1778 2176 1827 2196 κω-

207 2225 307 2245 vencas
321 2218 462 2246 adorandi.
486 2228 496 2244 ‹
517 2219 629 2246 Orietur
647 2219 719 2246 sicut
734 2227 845 2253 gramen
859 2219 991 2254 judicium

1044 2216 1287 2247 τασκευασθείσαις
1297 2216 1453 2250 δαμάλεσιν.
1467 2223 1475 2240 ι
1493 2214 1631 2240 ’Λνατελεῖ
1641 2214 1678 2245 ὡς
1689 2214 1828 2250 ἀγρωστις

207 2264 235 2291 in
258 2263 362 2291 inculto
384 2271 460 2298 agro.
477 2273 486 2289 ι
504 2263 643 2292 Judieabit
661 2264 731 2291 Deus
755 2263 862 2292 facinus
883 2264 991 2291 illortun

1045 2263 1131 2298 κρῖμα
1152 2262 1198 2288 ἐπὶ
1221 2261 1317 2296 χέρσον
1333 2260 1430 2295 ἀγροῦ.
1455 2268 1464 2286 ι
1481 2260 1578 2295 Κρινεῖ
1601 2259 1655 2295 γὰρ
1670 2261 1684 2286 ὁ
1697 2259 1764 2291 Θεὸς
1777 2259 1834 2295 rip,

207 2307 343 2342 iniquum,
358 2315 467 2342 ptenam
481 2311 584 2335 laniant
599 2309 634 2335 ob
649 2308 676 2335 id
690 2308 895 2343 eisimponens,
911 2313 940 2336 ut
951 2308 994 2336 ef»-

207 2352 334 2381 ilorescat
344 2353 557 2388 quodammodo,
571 2354 818 2389 gravissimumque
832 2359 858 2381 et
873 2354 995 2382 terribile

207 2399 330 2427 visurunt
347 2399 382 2427 sit
402 2399 449 2427 Dei
462 2404 558 2428 contra
575 2400 626 2426 hos
642 2399 777 2434 judicium
794 2409 800 2426 :
827 2399 899 2426 haud
916 2399 994 2426 aliter

207 2449 289 2476 quant
305 2447 417 2478 repente
431 2447 525 2471 natttm
542 2444 570 2471 in
588 2444 697 2471 deserto
713 2444 773 2471 solo
789 2451 910 2479 gramen.
924 2444 994 2470 mul-

208 2491 265 2514 tutn
291 2489 384 2516 statim
406 2489 604 2517 incrementum
628 2490 709 2524 capit.
734 2499 743 2514 ι
772 2490 850 2524 Apud
877 2489 992 2517 vitulum

207 2532 305 2559 domus
316 2533 357 2560 On
372 2534 564 2567 morabuntur,
583 2535 630 2570 qui
649 2535 773 2562 habitant
799 2534 959 2562 Samariam.
980 2545 990 2561 ι

207 2578 374 2606 Assidebunt
396 2580 490 2614 utique
505 2588 601 2610 omnes
624 2580 706 2608 cultis
730 2587 744 2607 a
758 2589 787 2608 se
801 2580 936 2615 iuvencis,
951 2581 992 2607 in-

207 2624 368 2658 gruentibus
390 2626 481 2657 malis,
496 2626 557 2660 opis
580 2626 698 2661 alicujus
718 2627 794 2653 illinc
815 2625 992 2660 impetrandae

207 2676 266 2702 spe.
283 2677 294 2693 ι
317 2668 386 2701 Quia
405 2669 475 2696 luxit
496 2678 579 2706 super
601 2680 662 2699 eum
676 2672 793 2706 populus
819 2671 890 2705 ejus.
908 2680 917 2696 ι
932 2670 986 2698 Sed

208 2713 309 2740 nullam
322 2714 385 2742 inde
407 2714 506 2743 referet
518 2717 663 2744 utilitatem
679 2726 685 2743 τ
704 2717 757 2744 imo
773 2717 863 2752 potius
877 2720 904 2743 et
917 2716 990 2750 ipsas

209 2759 339 2794 lugebunt
362 2760 513 2795 juveucas,
547 2762 611 2789 dum
642 2763 749 2789 illarum
777 2762 989 2790 destructionem

208 2810 350 2840 spectant,
375 2807 521 2835 terribilem
542 2808 696 2840 enimvero,
723 2809 842 2836 hostium
863 2807 990 2835 manibus

209 2856 401 2885 perpetratam.
426 2862 435 2878 ‹
458 2853 491 2880 Ει
513 2853 740 2889 quemadmodum
766 2855 841 2880 illum
867 2853 991 2880 irritave-

210 2902 277 2931 tnnt,
294 2898 449 2933 gaudebunt
467 2907 547 2936 super
564 2900 648 2936 gloria
661 2900 719 2933 ejus
748 2909 755 2925 ι
772 2899 881 2926 Multam
900 2899 990 2925 hostes

1042 2307 1199 2343 παράνομον
1211 2306 1299 2333 αὐτῶν
1313 2306 1424 2340 τόλμαν,
1436 2305 1566 2340 τοιαύτην
1579 2305 1725 2339 ἐπαγαγὼν
1735 2306 1827 2337 αὺτοῖς

1043 2353 1104 2380 ἀντὶ
1117 2352 1213 2379 τούτου
1235 2351 1285 2386 τὴν
1305 2350 1452 2386 τιμωρίαν,
1467 2351 1506 2382 ὡς
1519 2350 1634 2385 ἀνθῆσαι
1650 2359 1690 2383 τε,
1714 2351 1762 2377 καὶ
1782 2359 1828 2385 με-

1042 2398 1139 2433 γίστην
1158 2397 1219 2424 τινὰ
1236 2397 1283 2424 καὶ
1298 2397 1417 2431 φοϐερὰν
1436 2397 1553 2431 φανῆναι
1571 2396 1620 2430 τὴν
1647 2396 1706 2422 κατ’
1735 2396 1828 2422 αὐτῶν

1042 2443 1191 2478 γενομένην
1205 2442 1297 2478 κρίσιν
1315 2442 1363 2469 τοῦ
1382 2441 1464 2468 Θεοῦ·
1492 2442 1540 2476 οὺχ
1562 2439 1642 2476 ἦττον
1659 2441 1679 2475 ἧ
1690 2441 1826 2476 ἀγρωστις

1041 2488 1138 2524 ἀθρόον
1153 2490 1251 2522 φυεῖσα
1273 2487 1372 2522 πολλὴν
1385 2487 1414 2513 ὲν
1430 2486 1520 2521 χέρσῳ
1537 2486 1679 2520 ποιήσαιτο
1702 2484 1750 2521 τὴν
1767 2486 1826 2512 ἐπί-

1039 2534 1112 2560 δοσιν
1123 2534 1174 2569 τὴν
1187 2532 1303 2560 οἰκείαν.
1321 2542 1330 2557 ι
1349 2532 1394 2567 Τῷ
1409 2532 1501 2567 μόσχῳ
1516 2530 1564 2557 τοῦ
1576 2530 1652 2557 οίκου
1670 2531 1716 2557 Ὢν
1730 2539 1826 2566 παροι-

1039 2579 1171 2614 κήσουσιν
1185 2579 1211 2605 οἱ
1226 2577 1417 2609 κατοικοῦντες
1437 2578 1603 2612 Σαμάρειαν.
1630 2585 1640 2601 ι
1656 2576 1825 2611 Προσεδρεύυ

1040 2634 1118 2651 σουσι
1147 2623 1195 2658 μὲν
1214 2624 1269 2658 γὰρ
1289 2624 1408 2654 ἅπαντες
1433 2623 1493 2654 ταῖς
1521 2621 1756 2657 θεραπευομέναις
1779 2621 1825 2648 ὑπ’

1040 2670 1128 2697 αὐτῶν
1145 2669 1276 2704 δαμάλεσι
1297 2669 1350 2695 τῶν
1376 2667 1470 2695 κακῶν
1492 2666 1708 2702 ἐπεληλυθότων,
1738 2665 1826 2693 ἑλπίδι

1043 2716 1090 2743 τοῦ
1103 2716 1175 2747 τινὸς
1188 2717 1280 2750 τυχεῖν
1295 2715 1419 2750 βοηθείας
1435 2713 1548 2740 ἐκεῖθεν.
1570 2722 1579 2738 ι
1604 2713 1664 2739 Ὂτι
1678 2711 1833 2746 ἐπένθησεν

1043 2762 1056 2787 ὁ
1069 2761 1132 2793 λαὸς
1146 2761 1228 2787 αὑτοῦ
1238 2761 1282 2786 ἐπ’
1297 2760 1387 2786 αὐτόν.
1404 2768 1413 2784 ι
1425 2759 1537 2793 Ὀνησιν
1547 2758 1574 2784 δὲ
1585 2757 1707 2784 ἐντεῦθεν
1718 2757 1826 2790 δέξεται

1043 2808 1168 2842 οὐδεμίαν
1179 2817 1185 2823 ·
1201 2807 1356 2834 τούναντίον
1374 2806 1423 2840 μὲν
1436 2804 1482 2832 οὖν
1497 2805 1544 2832 καὶ
1561 2805 1646 2836 αὑτὰς
1661 2804 1826 2839 πενθήσουσι

1043 2852 1091 2883 τὰς
1104 2853 1243 2887 δαμάλεις,
1255 2852 1292 2886 (p.
1307 2852 1352 2886 'H)
1368 2851 1416 2885 τὴν
1434 2850 1592 2884 καθαίρεσιν
1603 2849 1692 2876 αὐτῶν
1708 2849 1825 2884 ὁρῶντες

1045 2898 1161 2932 φοϐεράν
1174 2907 1234 2924 τινα
1255 2899 1313 2927 ταῖς
1328 2896 1380 2922 τῶν
1405 2895 1540 2929 πολεμίων
1557 2895 1701 2930 γινομένην
1718 2894 1820 2930 χερσίν.
