1973 3066
191 120 244 149 185

719 118 995 147 COMMENTARIUS
1013 118 1046 147 IN
1066 118 1167 146 OSEIE
1182 118 1256 148 CAP.
1271 118 1305 147 Χ.

1767 119 1778 144 Ι
1784 117 1822 146 86

193 190 203 205 ι
233 179 298 207 Kal:
313 177 404 209 καθὼς
426 177 636 214 παρεπίκραναν
662 177 756 209 αὑτὸν,
785 177 979 213 ὲπιχαροῦνται

1032 177 1111 205 idolis
1130 177 1231 204 facient
1248 177 1443 212 ignominiam,
1464 176 1603 212 multoque
1615 175 1698 203 veluti
1716 176 1820 204 redun-

189 225 239 252 ἐπὶ
257 225 306 260 τὴν
327 224 407 256 δόξαν
423 223 519 252 αὑτοῦ.
540 233 548 250 I
568 223 655 258 Πολλῇ
676 224 726 258 μὲν
744 223 799 259 γὰρ
814 225 838 250 οἱ
855 224 979 260 πολέμιοι

190 271 339 306 χρήσονται
353 270 424 296 κατὰ
438 269 492 296 τῶν
513 269 628 296 εἰδώλων
643 270 675 305 τῇ
690 269 804 305 ἀτιμίᾳ·
832 269 934 304 πολλῆς
950 269 980 296 δέ

190 324 265 348 τινος
279 315 481 351 πλησθήσονται
502 314 552 350 τῆς
572 315 669 350 ἡδονῆς
683 315 800 349 ὁρῶντες
816 315 906 342 αὐτῶν
928 316 981 350 ἀφ-

191 361 334 396 ῃρημένην
354 360 402 396 τὴν
426 360 516 393 δόξαν,
539 361 571 396 ἢν
589 361 619 386 τὸ
639 361 770 396 πρότερον
787 358 858 396 εἶχον
877 361 982 396 ψευδῶς

191 407 270 442 παρὰ
286 408 341 439 τοῖς
355 407 552 434 ἐσπουδακόσιν
568 406 637 433 αὐτὰ
653 406 829 443 θεραπεύειν·
846 407 884 438 ὡς
897 407 912 433 ὁ
927 415 979 442 μα-

190 450 288 486 accipio;
310 450 384 484 λέγει
409 451 508 477 Δαυῖδο
542 460 551 476 ε
579 450 624 486 Μὴ
659 451 857 486 ἑπιχαρείησάν
884 460 929 487 μοι
956 452 981 478 οι

192 495 286 530 ἐχθροί
299 504 349 530 μου
364 503 371 509 ·
388 505 397 521 ›
414 496 474 522 ἀντὶ
492 495 549 528 τοῦ,
574 496 620 531 Μὴ
646 496 767 531 ἡσθεῖεν,
791 495 827 523 τὰ
848 496 983 523 δοκοῦντα

191 542 285 572 αὐτοῖς
304 541 422 568 ἐκϐάντα
438 541 600 577 Θεασάμενοι
613 543 654 573 είς
673 542 738 576 ἐμέ·
758 541 846 573 οὕτως
867 541 982 568 ἐνταῦθα

191 586 266 620 λέγει
279 587 321 618 τὺ,
336 596 345 612 ‹
361 587 570 623 Ἐπιχαροῦνται
584 587 630 613 ἐπὶ
641 587 689 622 τὴν
703 587 781 619 δόξαν
791 586 886 618 αὑτοῦ,
898 597 908 613 ι
922 587 983 613 ἀντὶ

191 632 251 663 τοῦ,
267 632 448 667 Ἡσθήσονται
461 631 580 667 ὁρῶντες
591 632 660 658 αὐτὰ
670 632 720 667 τῆς
727 632 805 667 δόξης
815 633 980 669 ἀφῃρημένα

1029 223 1134 250 dabunt
1157 222 1305 256 voluptate,
1322 222 1387 249 dum
1403 228 1526 258 ereptam
1546 222 1590 250 his
1615 222 1730 256 gloriam
1751 229 1820 249 con-

1029 268 1156 304 spicicut,
1175 276 1256 303 quam
1272 274 1361 301 antea,
1379 268 1501 296 fallacem
1519 269 1593 300 licet.
1615 268 1753 296 habebant
1769 268 1818 295 abs

1030 322 1143 343 suorum
1159 314 1332 342 adorantium
1343 314 1444 342 studio.
1461 315 1539 343 Sicut
1550 315 1645 342 beatus
1658 315 1695 342 ait
1711 313 1794 341 David
1809 321 1817 340 :

1034 370 1043 386 ι
1056 360 1095 387 Ne
1109 360 1400 394 supergaudeautmihi
1412 360 1576 387 inimieimei
1585 361 1618 393 ";
1632 370 1641 386 ›
1651 367 1682 387 ac
1692 360 1714 387 si
1724 359 1816 387 dicat:

1029 404 1069 432 Ne
1083 405 1280 439 jneuudentur.
1302 405 1366 432 dum
1389 413 1454 432 suos
1467 405 1597 433 adversus
1613 413 1655 433 me
1672 413 1818 433 successus

1029 451 1132 478 vident.
1142 451 1181 478 Ita
1191 450 1322 482 bocloco,
1337 461 1346 476 ι
1357 450 1520 478 Gaudebant
1535 459 1616 485 super
1624 452 1707 486 gloria
1720 452 1790 485 ejus,
1806 461 1815 477 ι

1030 497 1140 532 ponitur
1157 504 1218 532 pro,
1234 496 1464 525 Jucuudabuntur
1476 497 1600 524 videntes
1621 497 1693 523 idola
1708 497 1819 532 proprio

1031 543 1136 570 honore
1148 543 1275 578 spoliata.
1296 551 1306 568 ι
1324 543 1394 575 Quia
1412 543 1597 578 migraveruut
1610 543 1644 569 ab
1656 550 1699 570 eo.
1718 552 1728 568 ν
1744 542 1818 570 Cun-

1035 592 1107 615 ctam
1124 588 1196 615 euitu
1212 595 1290 614 suam
1306 588 1425 615 ablatam
1436 589 1548 623 gloriam
1560 588 1750 623 vident,quam
1766 588 1818 614 im-

1034 635 1130 660 merito
1143 638 1221 661 antea
1237 635 1374 663 tenebant.

191 679 242 714 τῆς
263 679 374 711 οἰκείας.
399 689 409 705 ι
433 680 494 706 ’Ότι
514 679 723 715 μετῳκίσθησαν
745 680 792 706 ἀπ’
821 680 915 707 αὑτοῦ.
941 689 950 706 ι
970 681 1064 708 Πᾶς-αν
1090 681 1145 717 γὰρ
1169 681 1259 709 αὐτῶν
1286 681 1468 718 ἀφῃρημένην
1493 681 1593 717 ὁρῶσιν
1619 681 1668 716 τὴν
1688 680 1766 713 δόξαν
1786 679 1820 714 ἢν

193 725 312 760 πρόσθεν
326 723 400 761 εἶχον
412 725 442 753 οὐ
457 726 580 758 δικαίως.

229 795 303 830 Στίχ.
325 795 404 830 ς’-η’.
419 810 455 815 -——
477 805 487 821 ‹
503 796 559 823 Καὶ
575 796 658 822 αὐτὸν
682 797 722 828 εἰς
746 796 906 832 Ἀσσυρίους
931 796 978 832 δή-

1066 794 1150 822 Vnns.
1172 795 1230 822 6-8.
1249 811 1285 815 -
1302 804 1311 821 ι
1334 795 1423 829 Atque
1438 794 1526 829 ipsum
1544 795 1686 829 alligantes
1699 795 1823 821 tulerunt

193 848 301 872 σαντες,
317 841 478 876 ἀπήνεγκαν
499 841 575 873 ξένια
594 841 633 877 τῷ
651 841 757 876 βασιλεῖ
778 842 890 878 Ἰαρείμ.
913 851 922 868 ι
947 843 978 869 Οἱ

192 886 248 920 γὰρ
261 886 294 921 δὴ
307 886 438 927 πρότερον
452 887 521 914 αὐτὰ
538 887 701 923 Θεραπεύειν
714 887 864 920 δοκοῦντες,
877 889 980 915 ἐπικει-

195 930 292 965 μένους
315 932 377 963 toi);
403 932 563 967 Ἀσσυρίους
589 933 723 968 ὁρῶντες,
747 933 796 960 ἆτε
821 935 853 960 ἐκ
876 933 978 969 χρυσοῦ

192 976 452 1011 κατεσκευασμένας
466 977 516 1008 τὰς
529 978 659 1013 δαμάλεις
683 979 878 1014 συντρίψαντές
891 987 921 1005 τε
933 979 979 1006 καὶ

193 1022 384 1057 συνδήσαντες,
400 1023 439 1055 ὡς
463 1022 496 1050 ἃν
512 1024 537 1049 εί
562 1024 662 1059 χρυσὸν
687 1025 777 1052 κοινὸν
802 1025 980 1060 ἀποκομίζειν

195 1067 337 1101 μέλλοντες
351 1068 510 1095 ἀποίσουσιν
526 1067 601 1095 ὥσπε
606 1078 621 1105 ρ
635 1078 660 1095 τι
676 1069 760 1102 ξένιον
774 1070 812 1106 τῷ
826 1070 980 1107 βασιλεῖτῷ

192 1112 360 1145 Αἰγυπτίων,
385 1112 511 1148 βοήθειαν
534 1114 660 1150 εὑρέσθαι
682 1115 744 1142 τινὰ
775 1116 980 1151 προσδοκῶντες

193 1157 297 1184 ἐκεῖθεν
307 1167 313 1173 -
329 1158 408 1185 τοῦτο
424 1157 480 1193 γὰρ
493 1159 585 1191 αὐτοῖς
600 1160 733 1196 πολλαχοῦ
750 1161 874 1195 φαίνεται
886 1161 982 1188 ὀνειδί-

193 1202 248 1234 ζων
261 1205 275 1230 ὁ
289 1205 443 1241 προφήτης,
458 1205 498 1231 ὅτι
516 1205 566 1240 τὴν
585 1206 660 1241 παρὰ
675 1206 730 1233 τῶν
742 1208 900 1241 Αἰγυπτίων
917 1207 979 1244 βοή-

193 1248 270 1276 θειαν
288 1250 419 1285 ἀνέμενον
447 1251 578 1286 ματαίως.
600 1252 637 1287 (p.
658 1252 701 1287 75)
719 1252 751 1278 Τί
772 1252 801 1279 δὲ
815 1254 978 1289 γενήσεται;

196 1304 206 1321 σ
232 1296 275 1321 Ἐν
285 1295 381 1330 δόματι
398 1296 518 1332 Ἐφραῖμ
530 1297 635 1330 δέξεται
646 1298 786 1334 αἰσχύνην.
803 1309 811 1324 ι
827 1299 912 1335 ’Υπὲρ
925 1300 979 1336 γὰρ

192 1341 243 1375 τῆς
256 1341 355 1373 δόσεως
370 1343 477 1377 καὶτῆς
495 1343 541 1369 τοῦ
555 1343 641 1375 ξενίου
660 1345 857 1380 προσκομιδῆς,
872 1347 979 1381 αἰσχυν-

191 1386 304 1420 Οήσεται
320 1388 334 1413 ὁ
356 1387 485 1423 Ἐφραῒμ,
500 1388 537 1420 ὡς
554 1389 629 1416 οὐδὲν
640 1389 793 1425 ὠφελήσας,
810 1391 877 1417 ἀλλά
891 1392 978 1426 μάτην

1031 849 1146 867 uulnera
1166 841 1221 875 regi
1240 840 1334 868 Jarim.
1355 851 1364 866 ι
1384 841 1436 873 Qui
1453 848 1531 867 attica
1549 840 1638 867 colere
1654 840 1724 867 idola
1744 840 1819 868 vitle-

1031 888 1141 919 bantur,
1156 895 1228 914 nunc.
1244 887 1422 922 irruptiouem
1438 887 1614 922 Assyriorum
1629 886 1763 918 videntes,
1779 885 1821 913 fa-

1030 934 1149 960 bricatas
1162 941 1229 960 auro
1239 933 1373 968 juveucas
1387 937 1529 960 conterent
1542 932 1597 968 49
1611 936 1693 967 atque
1706 932 1819 967 colliga-

1030 980 1108 1011 bunt,
1123 983 1153 1006 ut
1169 984 1297 1014 tanquam
1314 978 1457 1015 profanum
1472 986 1568 1005 aurum
1582 977 1706 1006 deferant
1720 984 1821 1005 munus

1030 1025 1086 1060 regi
1107 1024 1309 1059 Egyptiorum,
1326 1024 1428 1059 aliquid
1451 1024 1514 1051 inde
1540 1024 1600 1058 opis
1623 1028 1774 1059 sperantes.
1790 1023 1822 1050 Id

1029 1071 1102 1098 enim
1116 1071 1224 1098 videtur
1247 1070 1288 1097 eis
1305 1078 1377 1105 saepe
1396 1070 1563 1104 exprobrare
1587 1069 1729 1104 propheta,
1745 1068 1820 1103 quod

1031 1117 1066 1143 ab
1091 1112 1226 1151 [Egyptiis
1244 1116 1377 1142 auxilium
1403 1116 1504 1142 lrustra
1525 1118 1725 1150 exspectarent.
1748 1114 1818 1147 Quid

1030 1167 1120 1189 autem
1146 1162 1210 1189 ﬁet?
1234 1170 1243 1186 ι
1264 1160 1292 1188 In
1318 1161 1400 1188 domo
1418 1160 1581 1195 Epitraimus
1599 1161 1686 1194 capiet
1704 1160 1820 1195 ignomi-

1029 1208 1112 1235 niam.
1130 1217 1138 1233 ι
1153 1207 1268 1242 Propter
1276 1207 1439 1234 oblationem
1455 1212 1608 1239 munusque
1625 1205 1689 1232 illud
1701 1204 1820 1232 confult-

1030 1254 1110 1281 detur
1123 1253 1298 1288 Ephraimus,
1313 1252 1389 1279 nullo
1404 1251 1587 1278 emolumento
1603 1251 1713 1285 potitus,
1726 1250 1773 1277 sed
1787 1257 1823 1277 eo

1029 1299 1118 1326 ollicio
1144 1302 1248 1325 temere
1264 1297 1386 1324 functus.
1409 1307 1418 1322 ι
1439 1296 1467 1323 lu
1485 1296 1601 1324 coasilio
1623 1303 1673 1322 suo
1689 1303 1820 1323 verecun-

1029 1345 1141 1372 dabitur
1151 1344 1244 1371 Israel.
1261 1354 1270 1368 ›
1284 1343 1494 1378 Exspectatione
1507 1350 1556 1369 sua
1570 1342 1666 1368 tnerito
1675 1340 1823 1368 frustrabi-

1029 1396 1084 1419 tur.
1105 1401 1114 1416 ι
1133 1391 1237 1425 Abjccil
1258 1389 1382 1416 Samaria
1400 1397 1489 1424 regem
1507 1396 1587 1416 suum
1609 1388 1681 1416 sicut
1696 1395 1822 1415 sarmen-

190 1431 225 1465 τῇ
239 1431 341 1466 σπουδῇ
354 1431 527 1467 χρησάμενος
541 1432 640 1468 ταύτῃ.
661 1443 670 1458 ι
692 1434 736 1459 Ὲν
749 1435 782 1469 τῇ
797 1433 877 1470 βουλῇ
895 1435 979 1461 αὐτοῦ

1031 1441 1087 1463 tum
1104 1445 1187 1472 super
1207 1436 1302 1463 faciem
1320 1443 1407 1470 aquae.
1431 1444 1441 1462 ι
1466 1433 1676 1461 Machinationis
1695 1433 1769 1460 illius
1787 1439 1820 1459 ac

191 1475 405 1510 αισχυνϐἡσεται
427 1476 545 1512 Ἰσραήλ.
567 1486 576 1502 ι
598 1478 787 1511 Ἀποτεύξεται
803 1480 853 1514 τῆς
865 1479 978 1515 προσδο·

191 1521 253 1552 κίας
272 1521 311 1553 ὡς
326 1522 399 1553 εἰκὸς
412 1522 462 1558 τῆς
482 1523 594 1561 οἰκείας.
621 1533 630 1549 ι
665 1524 813 1560 ’Λπέρῤιψε
837 1525 977 1562 Σαμάρεια

192 1566 308 1600 βασιλέα
321 1566 421 1601 ἑαυτῆς
433 1567 472 1598 ὼς
486 1567 622 1602 φρύγανον
630 1568 677 1594 ἐπὶ
693 1569 838 1604 προσώπου
849 1569 952 1602 ὕδατος.
966 1580 976 1597 ι

191 1612 248 1647 Τῆς
267 1612 317 1647 μὲν
331 1611 385 1647 γὰρ
400 1612 525 1647 μηχανῆς
540 1613 647 1649 ἐκείνης
661 1614 708 1640 καὶ
719 1615 767 1650 τῆς
782 1616 980 1651 ἐπιχειρήσεως

191 1657 352 1684 ἁποίσονται
365 1658 461 1694 κέρδος
469 1659 546 1686 οὐδέν
557 1667 564 1674 ”
579 1659 799 1695 κρατηθήσονται
812 1661 980 1696 αἰχμάλωτοι

191 1704 303 1735 πάντες,
320 1703 469 1739 ληφθέντος
481 1703 570 1731 αὐτῶν
581 1705 628 1731 καὶ
637 1705 686 1731 τοῦ
701 1706 843 1740 βασιλέως,
859 1707 888 1738 ὃς
901 1707 979 1742 δίκην

191 1749 339 1784 φρυγάνων
358 1750 387 1776 ἐν
407 1749 483 1776 ὕδατι
504 1751 662 1786 φερομένων
682 1752 735 1777 ὑπὸ
754 1751 809 1778 τῶν
830 1752 979 1788 Ἀσσυρίων

191 1793 316 1828 ληφθεὶς,
327 1795 368 1826 εἰς
383 1795 432 1830 τὴν
444 1795 588 1831 ἀλλοτρίαν
599 1796 786 1832 ἁπαχθήσεται
799 1797 900 1833 χώραν,
912 1797 979 1832 ἀγό-

194 1848 274 1875 μενος
293 1837 366 1876 ᾔπερ
385 1840 420 1867 ἂν
432 1842 488 1873 τοίς
502 1841 614 1868 λαδοῦσι
629 1841 704 1878 δοκῇ.
722 1853 730 1868 ι
747 1843 802 1869 Καὶ
817 1843 979 1879 ὲξαρθήσον-

192 1894 237 1912 ται
250 1885 336 1920 βωμοὶ
350 1886 407 1918 Ὧν,
420 1887 607 1922 ἁμαρτήματα
621 1887 668 1913 τοῦ
685 1888 804 1924 Ἰσραήλ.
821 1898 831 1914 ι
844 1889 980 1916 Παύσεται

192 1934 209 1967 ἡ
227 1933 291 1969 περὶ
304 1933 338 1960 τὰ
359 1933 456 1960 εἴδωλα
473 1933 616 1967 θεραπεία,
640 1933 674 1959 δι’
695 1931 733 1959 ὧν
760 1934 917 1969 ἡμάρτανεν
940 1935 981 1966 είς

191 1979 258 2005 Θεὸν
270 1979 286 2005 ὀ
309 1979 426 2015 Ἰσραήλ.
441 1988 451 2004 ε
465 1978 598 2004 ’Λκανθαι
608 1978 654 2004 καὶ
665 1979 785 2014 τρίῧολοι
798 1979 980 2015 ἀναϐήσονται

192 2025 239 2051 ἐπὶ
252 2026 287 2053 τὰ
299 2025 483 2060 θυσιαστήρια
494 2025 596 2051 αὐτῶν.
613 2033 622 2048 ο
648 2024 693 2050 Ἐν
706 2024 825 2060 τοσαύτῃ
836 2026 980 2060 γενήσεται

192 2069 307 2105 ἐρημίᾳ.
325 2071 363 2101 ὡς
381 2070 493 2105 μηδενὸς
507 2069 703 2101 ἐπιϐαίνοντος,
724 2070 843 2102 ἀκάνθας
859 2071 906 2097 καὶ
923 2080 981 2106 τρι-

1029 1483 1160 1510 facinoris
1176 1482 1280 1509 nullum
1305 1481 1424 1509 referent
1445 1481 1570 1513 lucrum;
1591 1479 1757 1506 tenebuntur
1773 1485 1820 1505 ca-

1030 1529 1096 1564 ptivi
1112 1536 1217 1558 omnes.
1233 1535 1296 1563 rege
1311 1535 1419 1562 quoque
1436 1527 1556 1562 ipsormn
1578 1529 1674 1560 capto:
1697 1525 1743 1560 qui
1758 1529 1819 1553 tan-

1029 1582 1110 1609 quam
1125 1577 1262 1601 sarmeuta
1279 1573 1307 1600 in
1329 1573 1408 1609 aquis
1430 1572 1540 1608 agitata,
1560 1571 1594 1598 ab
1610 1571 1730 1607 Assyriis
1743 1577 1820 1598 cotu-

1028 1619 1181 1653 prehensus
1196 1618 1222 1644 iu
1234 1617 1351 1645 alienam
1369 1616 1555 1651 asportabitur
1571 1620 1681 1646 terram,
1696 1614 1748 1641 hac
1758 1614 1820 1643 illae

1031 1664 1236 1692 circumductus
1251 1667 1333 1698 prout
1351 1662 1501 1690 victoribus
1518 1661 1624 1688 libitum
1645 1659 1738 1687 fuerit.
1758 1669 1767 1685 ‹
1787 1658 1820 1686 Et
1859 1679 1862 1682 .

1029 1710 1221 1745 disperdentur
1244 1717 1298 1736 ara:
1318 1708 1371 1740 0n,
1395 1712 1537 1742 peceatqu
1552 1705 1644 1734 Israel.
1664 1716 1673 1732 ι
1693 1705 1821 1732 Ccssabit

1030 1755 1163 1782 idolorum
1188 1755 1305 1786 cultura,
1331 1761 1448 1789 quorum
1474 1761 1559 1780 causa
1586 1751 1710 1787 peccavit
1735 1750 1820 1779 Israel

1030 1806 1124 1829 contra
1146 1801 1242 1829 Deum.
1257 1811 1266 1827 ε
1291 1801 1382 1836 Spina:
1399 1808 1431 1827 ac
1455 1799 1548 1827 tribuli
1569 1799 1717 1827 ascenderit
1738 1804 1820 1832 super

1030 1845 1127 1872 altaria
1139 1853 1246 1873 eorum.
1267 1855 1276 1871 ι
1299 1845 1329 1872 In
1345 1849 1419 1872 lauta
1432 1848 1513 1872 erunt
1530 1845 1588 1871 hate
1612 1842 1771 1875 solitudine,
1790 1846 1820 1868 ut

1030 1892 1138 1918 nemine
1152 1891 1207 1926 jam
1232 1891 1390 1922 accedente,
1416 1890 1501 1925 spina
1525 1896 1557 1916 ac
1575 1888 1670 1916 tribuli
1696 1888 1725 1914 in
1749 1887 1823 1913 alta-

1031 1937 1101 1963 rium
1120 1936 1190 1964 locis
1205 1936 1290 1963 futuri
1306 1936 1370 1963 sint.
1388 1945 1397 1961 ι
1413 1936 1447 1961 Et
1461 1934 1553 1961 dicent
1568 1932 1708 1960 tnoutibus
1723 1941 1729 1958 :
1743 1930 1817 1966 Ope-

1031 1982 1081 2009 rite
1094 1989 1161 2015 nos;
1183 1986 1210 2009 et
1233 1982 1349 2009 collibus
1372 1990 1378 2008 :
1403 1981 1498 2008 Caditc
1521 1987 1603 2014 super
1622 1985 1684 2006 nos.
1706 1987 1716 2003 ι
1734 1977 1821 2013 Opta-

1031 2028 1100 2055 bunt
1122 2027 1173 2054 sub
1189 2027 1232 2054 his
1256 2027 1355 2062 sepulti
1380 2025 1614 2061 compendiariam
1636 2024 1740 2059 perpeti
1762 2022 1825 2050 cxi.-

1031 2073 1110 2104 tium.
1126 2073 1216 2107 potius
1235 2080 1316 2107 quant
1330 2071 1512 2107 particulatim
1528 2070 1630 2105 puniri.

192 2117 286 2149 δόλους
296 2119 325 2144 ὲν
336 2119 392 2149 τοῖς
404 2117 457 2144 τῶν
473 2116 672 2152 Θυσιαστηρίων
686 2115 754 2143 εἶναι
766 2117 868 2148 τόποις.
889 2127 899 2143 ι
915 2118 971 2144 Καὶ
993 2119 1085 2154 ὲροῦσι
1111 2120 1166 2150 τοῖς
1182 2119 1268 2155 ὄρεσι,
1285 2117 1431 2151 Καλύψατε
1457 2119 1546 2154 ἡμᾶς,
1564 2118 1611 2145 καὶ
1625 2118 1681 2150 τοῖς
1703 2116 1825 2152 βουνοῖς..

192 2164 292 2190 [leae-rs
312 2164 352 2195 εἰς
366 2164 451 2199 ἡμᾶς.
473 2172 483 2189 ν
508 2163 738 2200 Ἐπιθῠμήσουαιν
766 2165 818 2192 ὑπὸ
834 2165 939 2199 τούτοις
963 2168 1105 2202 γεγονότες
1124 2167 1255 2202 σύντομον
1271 2167 1416 2203 ὑπομεῖναι
1440 2167 1489 2203 τὴν
1517 2166 1666 2200 ἀπώλειαν,
1691 2164 1786 2202 (p.76)
1800 2163 1825 2200 ἢ

191 2211 245 2236 τῶν
259 2210 330 2236 κατὰ
346 2210 429 2245 μέρος
441 2210 586 2246 ἀνέχεσθαι
599 2212 752 2247 τιμωριῶν.

226 2266 302 2301 Στίχ.
315 2266 440 2294 θ’-ια’.-
451 2276 460 2292 ι
473 2267 531 2301 Ἀφ’
539 2264 569 2294 οἵ»
578 2267 602 2293 οἱ
611 2266 831 2303 βουνοὶῆμαρτον
838 2269 957 2304 Ἰσραήλ.
965 2277 974 2294 ι

1063 2267 1148 2295 Vens.
1169 2267 1242 2295 9-H.
1261 2281 1298 2287 —
1318 2274 1330 2293 ι
1347 2265 1386 2293 Ex
1412 2273 1467 2301 quo
1490 2265 1574 2292 colles
1598 2267 1676 2295 sunt,
1695 2263 1824 2299 peccavit

198 2312 338 2338 Ἐντεῦθεν
362 2312 455 2343 αὐτοῖς
475 2312 522 2338 καὶ¹
539 2313 556 2348 ἡ
573 2313 637 2348 περὶ
658 2312 689 2339 τὸ
703 2313 870 2349 ἁμαρτάνειν
884 2314 980 2348 γέγονε

192 2356 303 2391 σπουδὴ,
318 2357 350 2382 ὲκ
365 2356 412 2382 τοῦ
432 2357 479 2383 τὸν
490 2357 556 2383 Θεῖιν
571 2357 690 2392 ἀφέντας
708 2359 771 2393 περὶ
788 2359 852 2390 τοὺς
871 2359 981 2394 βουνοὺς

192 2402 238 2428 καὶ
250 2401 299 2437 τὴν
312 2402 368 2428 τῶν
384 2401 500 2428 εἰδώλων
513 2402 585 2438 ἔχειν
601 2403 759 2439 θεραπείαν.
781 2415 789 2430 ι
813 2405 887 2432 Ἐκεῖ
902 2405 981 2439 ἔστη-

193 2456 253 2475 σαν.
273 2458 282 2474 ι
305 2448 387 2474 Ἀλλὰ
408 2449 463 2484 γὰρ
481 2449 596 2475 παύεται
618 2449 738 2485 αὺτῶνή
763 2451 919 2485 παρανομία
938 2451 982 2477 διὰ

191 2492 240 2527 τῆς
264 2493 411 2527 τιμωρίας.
438 2503 447 2518 ι
473 2493 510 2518 Οὐ
535 2493 572 2528 μὴ
601 2494 741 2530 καταλάϐῃ
763 2495 860 2527 αὐτοὺς
888 2496 917 2522 ἐν
941 2495 980 2530 τῷ

193 2537 289 2573 βηυνῷ.
309 2548 318 2563 ι
341 2538 450 2572 Ἀῳελεῖ
460 2539 515 2574 γὰρ
528 2540 627 2570 αὐτοὺς
639 2541 655 2575 ἡ
669 2540 842 2575 αἰχμαλωσία
854 2540 903 2575 τῆς
915 2542 979 2576 περὶ

191 2583 254 2615 τοὺς
275 2583 388 2618 βουνοὺς
412 2584 552 2620 σπουδῆς·
569 2585 609 2616 ὡς
634 2585 733 2620 μηκέτι
758 2586 807 2620 μὲν
830 2587 858 2612 ἐν
875 2587 907 2622 τῇ
924 2587 979 2613 τῶν

192 2627 294 2662 βουνῶν
317 2630 495 2665 εὑρίσκεσθαι
519 2631 664 2666 θεραπείᾳ,
686 2631 851 2667 ήσχολῆσοαι
868 2633 896 2658 δὲ
914 2634 978 2668 περὶ

189 2674 224 2700 τὰ
247 2675 279 2701 ὲκ
299 2675 348 2710 τῆς
368 2676 555 2710 αἰχμαλωσίας
569 2677 653 2703 κακά.
670 2687 679 2703 ι
699 2677 819 2712 Πόλεμος
834 2678 880 2705 ἐπὶ
894 2679 976 2704 τέκνα

190 2719 298 2752 ἀδικίας
311 2718 405 2755 ἦλθεν.
423 2730 433 2746 ι
454 2721 546 2748 Ταῦτα
559 2721 615 2757 γὰρ
625 2722 702 2748 ἔσται
719 2723 789 2758 ὑπὲρ
804 2719 841 2749 ὧν
856 2723 974 2757 ἠδίκουν,

190 2764 238 2791 καὶ
256 2765 374 2799 ἠσέϐουν
393 2766 585 2801 ἐπενεχθέντος
604 2767 697 2799 αὐτοῖς
717 2768 765 2794 τοῦ
781 2768 898 2803 πολέμου
922 2767 976 2794 τῶν

227 2853 248 2869 ⁸³
261 2852 332 2881 Psal.
346 2863 450 2888 xum,
466 2856 507 2882 Π.

1029 2313 1123 2341 Israel.
1142 2322 1151 2339 ι
1168 2312 1239 2340 Ilinc
1262 2313 1302 2340 eis
1328 2311 1432 2339 exstitit
1447 2309 1577 2345 peccandi
1594 2309 1733 2341 voluntas.
1753 2310 1822 2345 quia.

1030 2366 1128 2394 nempe
1143 2358 1199 2386 Deo
1212 2358 1317 2389 relicto,
1327 2357 1355 2384 in
1370 2357 1488 2384 collibus
1497 2355 1719 2391 superstitionem
1732 2356 1824 2382 idoto-

1031 2413 1090 2433 rum
1107 2405 1282 2432 exercebant.
1304 2412 1314 2429 ‹
1333 2403 1372 2430 Ibi
1389 2405 1534 2430 steterunt.
1554 2411 1564 2427 ι
1581 2401 1633 2428 Sed
1648 2408 1713 2429 ecce
1727 2401 1824 2429 scelus

1031 2458 1125 2478 eorutn
1143 2450 1245 2477 desiuit
1260 2453 1370 2484 propter
1388 2447 1568 2483 punitionem.
1587 2456 1596 2472 ι
1616 2446 1675 2474 Non
1693 2453 1820 2481 compre-

1030 2495 1131 2524 hendet
1150 2503 1198 2523 eos
1216 2495 1243 2522 In
1256 2495 1336 2523 colle.
1352 2503 1361 2519 ι
1380 2494 1491 2521 Scilicet
1508 2501 1554 2520 eos
1574 2493 1720 2527 captivitas
1732 2501 1748 2519 a
1763 2491 1819 2520 fre-

1028 2541 1195 2576 quentandis
1214 2540 1331 2567 collibus
1355 2538 1510 2574 prohibebit
1529 2547 1535 2564 :
1553 2541 1635 2572 atque
1655 2537 1683 2564 in
1705 2536 1821 2564 collium

1028 2585 1209 2620 religionibus
1248 2584 1305 2619 jam
1342 2591 1396 2611 non
1433 2583 1618 2614 invenientur,
1648 2581 1822 2617 captivitatis

1026 2632 1156 2659 arumnis
1177 2630 1316 2665 occupati.
1343 2639 1353 2656 ι
1372 2629 1475 2656 Bellum
1496 2629 1550 2664 50
1573 2629 1638 2656 tiliis
1665 2627 1820 2663 iniquitatis

1029 2676 1195 2712 supervenit.
1224 2685 1233 2702 ι
1265 2675 1327 2702 Ilaec
1352 2675 1406 2701 illis
1430 2675 1558 2701 evenient
1588 2674 1625 2701 ob
1653 2673 1817 2708 injustitianl

1029 2728 1110 2757 atque
1136 2722 1315 2756 impietatem,
1340 2721 1439 2748 bellum
1476 2719 1658 2747 inferentibus
1686 2718 1816 2753 Assyriis.

1032 2778 1041 2794 ‹
1060 2768 1141 2796 Juxta
1153 2766 1321 2795 desiderium
1335 2773 1443 2798 eorum,
1458 2765 1605 2801 corripiam
1620 2772 1676 2793 eos.
1698 2773 1707 2790 ι
1722 2763 1817 2791 Addu-
