1973 3066
169 128 219 155 I81

767 133 940 163 TllEODOlll
959 136 1197 166 MOPSUESTENI

1745 141 1793 168 lSS

168 194 229 214 eam
246 186 288 215 eis
309 187 400 222 itaque
415 188 498 221 mala,
512 197 573 224 quas
588 190 763 226 corripiendo
781 193 928 225 suilieiant,
944 203 956 221 :t

1016 196 1176 233 ’Λσσυρίων.
1196 207 1204 222 ι
1227 197 1366 224 [Ιαιδεὺσω
1379 199 1479 231 αὐτοὺς
1493 199 1562 226 κατά
1583 198 1631 234 τὴν
1648 200 1792 234 ἐπιθυμίαν

169 233 269 266 quibus
297 233 396 260 eruditi
425 235 535 269 propria
563 241 673 270 peccata
704 243 863 272 agnoscent.
887 249 897 265 ι
925 239 957 266 Et

170 279 411 314 eongregabuntur
425 287 508 315 super
523 289 570 309 eos
585 283 688 316 populi.
700 292 761 310 eum
774 285 958 320 corripientur

171 327 282 357 propter
298 323 366 350 duas
383 324 544 359 iniquitates
562 335 637 354 suas.
652 337 660 353 ι
679 328 817 356 Grandem
835 330 957 358 ltostiuut

171 368 374 396 multitudinem
397 370 530 399 adversus
553 380 599 399 eos
625 381 789 409 congerunt:
811 377 956 411 corripiam

169 422 218 441 eos
231 415 295 448 quia
314 419 341 441 et
356 423 399 442 itte
420 417 609 451 neglexerunt,
628 422 655 445 et
671 419 752 446 idolis
772 420 956 448 adltmserunt.

173 468 182 484 ι
203 459 366 493 Epitrain-ns
382 462 464 488 vitula
484 463 563 490 docta
579 464 693 498 diligere
709 466 924 493 contentionem.
946 476 955 492 ι

169 503 258 530 lustar
273 505 363 532 vitulte
377 507 536 539 resilientis,
555 513 582 535 et
599 517 730 543 superare
746 510 896 539 domitores
913 521 959 539 vo-

169 549 261 581 lentis,
288 552 328 578 sic
340 551 391 579 iste
411 561 425 578 a
452 553 505 580 Deo
524 555 648 586 recessit,
669 562 718 582 nec
742 556 793 590 ipsi
816 558 958 586 servitutis

169 595 246 620 socio
266 595 375 624 cedens.
398 607 406 622 ι
427 597 482 632 Ego
501 602 591 625 autem
613 607 718 626 vcinam
740 608 822 635 super
840 603 959 636 pulchri-

171 642 292 669 tudinem
309 644 370 670 colli
389 645 458 679 ejus.
481 655 490 671 ι
513 645 626 672 Omnem
651 647 674 673 ei
696 647 894 675 formositatem
911 649 959 675 de-

170 687 299 720 trahant,
333 697 386 723 qua
429 691 612 724 superbiebat.
649 700 658 717 ι
683 692 836 720 Aseemlant
877 702 959 728 super

171 733 359 765 lipltraintutn.
375 744 385 761 ι
412 735 553 769 Tanquam
577 737 669 764 vitula:
693 740 871 766 contentiosa:
892 741 959 767 insi-

170 782 242 805 stam
253 780 355 807 viribus
367 781 445 808 meis.
461 791 470 807 ι
486 781 732 810 lteliceboJudam.
743 792 752 809 ι
766 783 862 811 Judant
876 786 958 812 omit-

170 829 237 856 tam,
265 825 291 852 id
314 831 356 854 est
377 828 581 856 calamitatibus
608 830 729 856 exerceri
757 831 858 862 sinam,
884 832 958 858 nullo

1010 251 1071 276 μου.
1090 252 1099 267 ι
1122 242 1228 276 Ἐπάξω
1245 243 1336 269 τοίνυν
1350 244 1442 275 αὐτοῖς
1457 245 1530 271 κακὰ
1548 244 1683 271 παιδεύειν
1696 245 1792 277 αὐτοὺς

989 296 991 299 ·
1008 288 1163 323 ἀρκούντως
1174 288 1327 322 δυνάμενα·
1344 288 1377 314 δι’
1394 285 1431 315 ὦν
1449 289 1637 320 παιδευθέντες
1651 288 1793 324 αἰσθήσον-

1008 342 1053 360 ται
1076 333 1125 368 τῆς
1152 333 1257 359 ἑαυτῶν
1280 334 1388 366 κακίας.
1410 343 1419 359 ‹
1439 335 1494 361 Καὶ
1519 334 1728 369 συναχθήσονται
1749 334 1792 360 ἐπ’

1008 378 1108 410 αὐτοὺς
1122 378 1182 405 λαοὶ
1198 379 1227 404 ὲν
1240 378 1279 413 τῷ
1296 379 1471 406 παιδεύεσθαι
1485 380 1584 411 αὐτοὺς
1597 380 1626 405 ὲν
1638 381 1698 410 ταῖς
1718 379 1794 405 δυσὶν

1009 422 1127 453 ἀδικίαις
1147 421 1247 449 αὐτῶν.
1274 431 1284 448 ι
1308 423 1379 449 Πολὺ
1395 423 1449 459 γὰρ
1465 423 1601 459 πολεμίων
1624 423 1724 457 πλῆθος
1749 423 1792 449 ἐπ’

1009 467 1107 499 αὐτοὺς
1123 467 1252 503 ἀθροίσω,
1280 469 1399 495 παιδεύω
1425 469 1525 501 αὐτοὺς
1540 470 1609 504 ὑπὲρ
1632 466 1669 495 ὦν
1683 469 1748 504 ὲμθῦ
1764 477 1794 495 τε

1009 512 1136 547 ἠμέλουν,
1151 514 1198 540 καὶ
1212 514 1267 545 τοῖς
1279 513 1396 546 εἰδώλοις
1412 516 1565 550 προσεῖχον.
1581 524 1590 540 ι
1616 514 1734 549 Ἐφραῖμ
1751 514 1794 540 δά-

1011 559 1090 592 μαλις
1107 558 1282 594 δεδιδαγμένη
1298 560 1407 595 ἀγαπᾷν
1418 561 1517 592 νεῖκος.
1535 571 1544 587 ι
1559 561 1641 596 Δίκην
1653 560 1793 595 δαμάλεως

1009 603 1217 640 ἀποσκιρτῶσης
1232 606 1276 631 καὶ
1292 608 1474 641 κατακρατεῖν
1489 607 1542 633 τῶν
1554 606 1727 641 δαμαζόντων
1739 605 1794 632 ἐθε-

1009 649 1116 684 λούσης,
1130 649 1217 681 οὓτως
1232 651 1416 686 ἀφιστάμενος
1432 651 1479 678 τοῦ
1495 652 1562 678 Θεοῦ
1586 652 1632 678 καὶ
1647 652 1697 677 οὐκ
1713 652 1793 678 εἴκων

1008 694 1047 730 τῷ
1072 694 1181 729 συζύγῳ
1204 696 1253 731 τῆς
1276 696 1407 728 δουλείας.
1431 706 1440 722 ι
1473 696 1543 731 Ἐγὼ
1557 697 1586 723 δὲ
1611 695 1792 730 ἐπελεύσομαι

1010 740 1055 766 ἐπὶ
1070 740 1100 766 τὸ
1119 739 1216 771 κάλλος
1234 740 1281 766 τοῦ
1296 741 1433 775 τραχήλου
1456 742 1551 776 αὐτῆς.
1572 751 1581 766 ι
1604 741 1697 767 Πᾶσαν
1710 742 1792 775 αὐτῆς

1009 784 1101 819 ἀφελῶ
1117 785 1166 819 τὴν
1180 785 1355 820 εὐπρέπειαν,
1373 787 1416 820 ἐφ’
1466 787 1538 821 μέγα
1559 787 1676 821 ἐφρόνει.
1697 788 1734 821 (ρ.
1749 787 1793 821 77)

1013 840 1022 855 ι
1034 830 1163 856 Ἑπιϐιϐὦ
1172 830 1211 865 τῷ
1221 829 1351 865 Ἐφραΐμ.
1363 840 1372 856 ι
1390 831 1495 858 Ὠσανεὶ
1506 832 1645 866 δαμάλεως
1655 832 1794 867 ἐριστικῆς

170 872 272 898 auxilio
289 873 473 907 Suppeditatio.
503 874 580 901 Sicut
598 880 641 902 est
660 875 732 910 apud
749 875 857 903 beatum
877 876 956 904 Davi-

1008 875 1175 911 ἐπιϐήσομαι
1190 875 1260 902 κατὰ
1275 875 1324 911 τὴν
1336 876 1451 911 δύναμιν
1462 877 1511 912 τὴν
1523 878 1603 912 ἐμήν.
1621 886 1630 902 ι
1649 877 1793 912 Παρασιω-

169 918 246 945 dent:
272 928 282 945 ι
295 919 334 946 Ne
349 924 440 948 taceas
453 929 468 947 a
486 929 529 948 me
539 922 571 953 ³⁰,
589 931 598 947 ι
616 921 642 948 id
653 925 706 954 est,
726 931 760 950 tte
775 930 818 950 me
834 925 956 955 ontittas,

169 963 234 990 dum
256 965 361 999 asperis
387 973 482 993 versor
508 968 534 994 in
559 968 650 995 rebus.
677 977 687 993 ι
718 967 905 996 Roborabitur
932 971 957 997 ei

169 1009 264 1037 Jacob.
281 1019 291 1036 ι
318 1011 466 1039 Ostendam
492 1013 564 1040 vires
590 1022 664 1041 utcas
688 1014 819 1042 universo
841 1015 955 1042 lsraeli:

170 1063 260 1091 tteque
287 1058 358 1084 enim
384 1058 534 1085 ubst-urunt
561 1064 614 1090 est,
635 1057 721 1086 Jacob
740 1064 822 1094 atque
848 1059 957 1088 lsraelis

168 1104 327 1131 numinibus
343 1109 428 1131 totam
443 1104 602 1132 Judteorunt
617 1111 724 1140 gentem
742 1107 908 1141 nuncupari,
921 1115 954 1134 ex

168 1150 211 1176 sui
237 1151 422 1185 progenitoris
447 1151 550 1185 duplici
576 1151 758 1185 appellatione
776 1152 812 1178 ita
831 1153 957 1179 nomina-

169 1200 239 1222 tam:
256 1197 303 1230 qui
317 1201 396 1223 antea
414 1196 506 1223 dictus
519 1196 614 1229 Jacob,
632 1201 693 1232 post
710 1197 843 1225 visionem
874 1198 957 1226 Israel

168 1244 209 1266 est
225 1239 390 1274 appellatus.
410 1240 489 1267 Sicut
503 1242 583 1267 etiant
599 1241 671 1275 apud
684 1241 793 1268 beatum
807 1241 935 1268 Davidcm
949 1251 956 1268 :

171 1294 180 1309 ι
199 1284 284 1320 Elegit
302 1284 430 1312 Davident
442 1293 550 1312 servum
564 1294 654 1318 suum,
671 1287 834 1321 sustulilque
848 1294 909 1313 eum
924 1287 958 1314 de

168 1330 298 1365 gregibus
321 1331 433 1363 ovium;
462 1334 490 1357 et
518 1336 579 1366 post
604 1333 729 1359 laetantes
751 1332 859 1366 accepit
874 1340 957 1365 cum;

173 1382 286 1409 pascere
297 1374 384 1402 Jaeob
396 1384 505 1403 servum
522 1383 614 1407 suunt,
630 1381 656 1403 et
668 1376 796 1404 lsraelem
814 1376 957 1403 ltazredita-

168 1423 309 1446 tentsuatn
322 1418 372 1454 ³⁰“;
385 1429 394 1445 ι
411 1420 545 1447 ambabus
565 1415 796 1456 appellationibus
812 1420 955 1449 Judaicam

169 1471 276 1499 gentem
291 1467 351 1493 sine
366 1467 449 1494 dubio
468 1467 576 1494 dicens.

1006 922 1128 956 στήσομαι
1147 921 1194 947 τὸν
1223 921 1333 948 Ἰούδαν.
1359 931 1367 947 t
1394 922 1617 957 Παραπέμψομαι
1639 922 1737 950 Ἰούδαν
1764 924 1793 949 ἐν

1006 967 1101 997 κακοῖς
1109 964 1312 1000 ἐξεταζόμενον.
1322 965 1383 992 οὐδὲ
1396 966 1460 1001 μίαν
1470 966 1543 999 αὺτῷ
1557 966 1646 1000 νέμων
1658 965 1792 1001 βοήθειαν·

1005 1009 1059 1036 οἷόν
1079 1011 1138 1036 ἐστι
1150 1010 1225 1045 παρά
1237 1009 1276 1044 τῷ
1289 1010 1416 1045 μακαρίῳ
1428 1008 1509 1036 Δαυῖδ
1521 1009 1562 1040 τὸ,
1577 1019 1586 1034 ι
1599 1009 1644 1044 Μὴ
1654 1017 1794 1042 παρασιω-

1005 1057 1095 1090 πήσῃς
1107 1055 1154 1082 ἀπ’
1169 1054 1247 1090 ἐμοῦ,
1260 1064 1269 1080 ι
1290 1055 1350 1081 ἀντὶ
1366 1054 1425 1086 τοῦ,
1438 1055 1483 1089 Μὴ
1499 1054 1671 1089 παραπέμψῃ
1682 1054 1716 1080 τὰ
1732 1054 1792 1080 κατ’

1003 1101 1064 1135 ἐμὲ,
1081 1101 1109 1127 ἐν
1121 1100 1250 1135 χαλεποῖς
1261 1099 1454 1134 ἐξεταζόμενον
1468 1099 1635 1134 πράγμασιν.
1650 1109 1658 1124 ι
1671 1099 1793 1133 Ἐνισχύε-

1005 1155 1046 1173 σει
1057 1146 1132 1181 αὐτῷ
1153 1145 1261 1173 Ὶακώϐ.
1277 1154 1286 1171 t
1308 1145 1494 1180 Ἐπιδείξομαι
1508 1145 1556 1180 τὴν
1572 1145 1647 1179 ἰσχὺν
1659 1144 1708 1179 τὴν
1723 1144 1793 1179 ἐμὴν

1005 1194 1086 1220 παντὶ
1099 1193 1137 1228 τῷ
1154 1192 1262 1228 Ἰσραήλ
1274 1201 1279 1207 ·
1291 1192 1321 1218 οὐ
1336 1191 1391 1227 γὰρ
1402 1191 1498 1226 ἄδηλον
1511 1192 1552 1218 ὅτι
1566 1192 1614 1218 καὶ
1634 1190 1730 1217 Ἰακὼϐ
1746 1191 1793 1217 καὶ

1012 1238 1120 1274 Ἰσραὴλ
1136 1239 1166 1264 τὺ
1182 1238 1257 1268 ἔθνος
1282 1238 1354 1264 ἅπαν
1378 1238 1503 1264 καλεῖται
1518 1237 1572 1263 τῶν
1601 1236 1749 1267 Ἰουδαίων,
1761 1236 1794 1262 ὲκ

1005 1284 1052 1311 τοῦ
1079 1283 1251 1319 προπάτορος
1279 1283 1369 1309 αὐτῶν
1399 1283 1567 1317 ἀμφοτέραις
1597 1281 1793 1316 ὀνομαζόμενον

1007 1331 1067 1361 ταῖς
1084 1329 1281 1365 προσηγορίαις
1293 1337 1299 1343 ·
1317 1329 1346 1360 ὃς
1365 1328 1510 1362 λεγόμενος
1527 1328 1657 1363 πρότερον
1685 1326 1792 1357 Ἰακὼϐ,

1009 1375 1079 1410 μετά
1089 1375 1138 1409 τὴν
1149 1375 1283 1400 ὀπτασίαν
1314 1373 1422 1408 Ἰσραὴλ
1437 1373 1575 1408 ἐπεκλήθη
1586 1381 1593 1388 ο
1609 1373 1646 1403 ὡς
1662 1373 1707 1398 καὶ
1719 1373 1794 1407 παρὰ.

1006 1421 1045 1456 τῷ
1069 1420 1196 1456 μακαρίῳ
1219 1420 1310 1446 Δαυτδ·
1329 1429 1337 1445 ι
1359 1420 1515 1453 Ἐξελέξατο
1536 1419 1617 1446 Δαυῒδ
1633 1419 1678 1445 τὸν
1701 1419 1794 1445 δοῦλον

1007 1467 1102 1498 αὑτοῦ,
1122 1468 1169 1493 καὶ
1191 1466 1323 1493 ἀνέλαϐεν
1349 1466 1430 1492 αὑτὸν
1453 1467 1486 1492 ὲκ
1512 1466 1565 1491 τῶν
1590 1465 1724 1500 ποιμνίων
1740 1465 1793 1490 τῶν

167 1512 321 1547 προϐάτων,
343 1514 482 1546 ἐξόπισθεν
512 1514 566 1541 τῶν
589 1514 775 1549 λοχευομένων
805 1515 989 1550 προσελάϐετο
1013 1515 1110 1547 αὑτὸν,
1139 1514 1292 1549 ποιμαίνειν
1325 1513 1422 1540 Ἰακὼϐ
1447 1514 1492 1540 τὸν
1520 1513 1610 1539 δοῦλον
1636 1512 1728 1545 αὐτοῦ,
1748 1513 1794 1539 καὶ

173 1556 280 1592 Ἰσραὴλ
294 1558 344 1593 τὴν
357 1558 538 1595 κληρονομίαν
555 1561 635 1588 αὐτοῦ
646 1571 652 1577 ·
673 1572 682 1588 ι
699 1563 867 1600 ἀμφοτέραις
883 1565 942 1595 ταῖς
953 1562 1152 1598 προσηγορίαις
1161 1562 1192 1588 τὺ
1212 1561 1357 1588 Ἰουδαϊκὸν
1373 1561 1448 1592 ἔθνος
1463 1561 1583 1596 εἰρηκότι
1602 1560 1704 1594 σαφῶς.

204 1601 285 1629 Vens.
308 1603 401 1631 12-15.
419 1615 465 1631 -ι
492 1605 631 1634 Sentinate
656 1608 734 1635 vobis
754 1609 788 1636 ad
808 1609 956 1644 justitiam,

1045 1609 1120 1642 Στίχ.
1143 1607 1234 1642 ιβ’-ιε’.
1250 1621 1286 1627 -
1300 1616 1310 1633 ι
1326 1607 1460 1642 Σπείρατε
1481 1607 1586 1638 ἑαυτοῖς
1604 1607 1644 1637 είς
1655 1605 1791 1632 δικαιοσύ-

168 1651 262 1675 metite
275 1649 308 1674 ad
331 1650 448 1677 l'ructum
467 1652 538 1679 vitae.
568 1662 576 1678 ι
598 1652 691 1680 Facite
709 1662 775 1688 ergo
791 1655 957 1683 omnimodae

165 1692 281 1727 iustitiae
306 1702 406 1728 opera;
433 1704 465 1722 ex
493 1697 535 1724 his
561 1698 633 1724 enint
656 1700 810 1728 seminibus
836 1700 956 1728 fructum

168 1739 231 1765 vita:
250 1743 351 1767 tnetere
369 1741 442 1768 licet.
470 1751 480 1768 ι
505 1743 654 1772 Accendite
671 1744 722 1779 51
740 1746 817 1773 vobis
837 1747 958 1774 scientia

168 1784 273 1811 lumen.
294 1794 303 1810 ι
322 1785 390 1812 Dum
412 1792 520 1822 tempus
536 1788 654 1822 habetis,
670 1791 796 1818 veritatis
813 1791 956 1820 scientiam

168 1831 320 1865 acquirite:
340 1836 403 1859 ante
428 1833 580 1867 punitionis
604 1840 722 1871 tempus,
747 1842 882 1871 quantum
899 1833 956 1866 lieri

168 1877 279 1912 poterit,
305 1878 467 1912 pmnitentia
495 1880 622 1908 redintitc
642 1882 778 1908 malorum
803 1884 958 1917 perpessio-

168 1931 242 1950 nem.
269 1932 279 1949 ι
297 1923 414 1956 Qttazrite
443 1925 606 1958 Dominum,
629 1927 716 1954 donec
743 1928 821 1955 vobis
847 1929 958 1955 veniant

168 1968 260 2004 fruges
275 1969 399 2003 justitiae.
423 1980 432 1996 ι
452 1970 531 1998 Ontni
550 1979 616 1998 cura
632 1971 658 1998 id
673 1973 787 2008 satagite
811 1974 884 2007 quod
903 1973 958 2001 Deo

168 2015 269 2049 placet,
285 2021 313 2043 ut
329 2017 409 2044 vobis
427 2017 564 2052 justitiant
583 2019 683 2045 lucrari
699 2019 849 2055 contingat.
875 2029 884 2045 ‹
902 2019 958 2047 Cur

168 2060 368 2089 dissimulastis
393 2062 572 2097 impietatem,
591 2067 618 2090 et
641 2063 760 2090 fructum
784 2065 844 2098 ejus
863 2065 957 2092 vinde-

168 2106 287 2140 miastis,
312 2107 434 2134 fallacem
460 2107 577 2135 fructum
603 2109 782 2136 eomedistis?
800 2119 809 2135 ι
838 2110 958 2138 Desinite

167 2150 260 2181 facere
287 2153 380 2188 qualia
404 2153 469 2180 olim
494 2155 601 2189 egistis,
619 2155 824 2183 dissimulantes
843 2157 958 2183 reticen-

168 2204 264 2234 lesqnc
278 2199 305 2226 in
326 2203 401 2226 tanta
417 2207 478 2233 qua:
499 2199 579 2227 ﬁebat
605 2200 754 2234 impietate,
777 2209 838 2228 eum
861 2207 955 2230 contra

169 2245 194 2271 ei
213 2244 388 2272 irascendum
414 2244 522 2276 fuisset,
547 2253 580 2272 ex
604 2253 658 2278 qua
675 2245 792 2272 fructum
817 2255 911 2274 errore
925 2255 957 2274 ac

1007 1662 1066 1688 νην,
1084 1654 1131 1680 καὶ
1142 1653 1268 1688 θερίσατε
1284 1654 1325 1685 εις
1340 1653 1446 1688 καρπὸν
1459 1652 1541 1687 ζωῆς.
1560 1662 1569 1678 ι
1587 1653 1724 1688 Πράττετε
1737 1653 1792 1679 τοί-

1007 1707 1054 1725 νυν
1069 1699 1086 1726 ἃ
1103 1699 1192 1734 πάσης
1202 1698 1375 1733 δικαιοσύνης
1389 1699 1461 1724 ἐστὶν
1473 1698 1556 1733 ἐργα-
1573 1699 1610 1732 (p.
1629 1698 1673 1730 78)
1692 1700 1724 1724 ὲκ
1738 1698 1794 1733 γὰρ

1007 1744 1060 1770 τῶν
1074 1743 1202 1770 τοιούτων
1219 1743 1383 1778 σπερμάτων
1406 1742 1493 1770 ἔνεστι
1516 1743 1588 1777 ζωῆς
1606 1742 1711 1777 θερίσαι
1727 1751 1793 1777 καρ-

1007 1789 1068 1816 πόν.
1087 1798 1096 1814 ι
1116 1788 1251 1815 Φωτίσατε
1269 1789 1376 1819 ἑαυτοῖς
1391 1787 1449 1822 φῶς
1464 1788 1600 1821 γνώσεως.
1621 1798 1630 1814 ι
1648 1789 1720 1819 Ἕως
1735 1788 1792 1814 ἔστι

1008 1835 1113 1869 καιρὸς,
1130 1834 1178 1869 τῆς
1191 1834 1319 1868 ἀληθείας
1336 1833 1480 1868 μετέλθετε
1492 1833 1540 1868 τὴν
1555 1833 1666 1867 γνῶσιν,
1680 1835 1730 1869 προ
1745 1834 1792 1860 τοῦ

1007 1880 1103 1915 καιροῦ
1122 1880 1171 1914 τῆς
1184 1879 1331 1914 τιμωρίας,
1350 1880 1380 1906 ὲν
1397 1879 1452 1914 ὅσῳ
1466 1879 1576 1906 δυνατὸν
1594 1879 1794 1915 μεταμεληθέν-

1007 1934 1067 1958 τας,
1086 1925 1215 1960 κερδᾶναι
1231 1925 1286 1950 τῶν
1303 1925 1397 1951 κακῶν
1416 1925 1465 1959 τὴν
1487 1926 1593 1959 πεῖραν.
1620 1933 1630 1950 ι
1661 1925 1793 1959 Ἐκζητή-

1009 1981 1072 1998 σατε
1086 1972 1130 1998 τὸν
1153 1971 1254 2007 Κύριον
1274 1971 1327 2002 ἓως
1343 1970 1389 1997 τοῦ
1407 1970 1493 1997 ἐλθεῖν
1507 1971 1569 2005 ὑμῖν
1583 1971 1741 2005 γεννήματα
1754 1971 1793 1996 δι-

1008 2017 1163 2052 καιοσύνης.
1183 2026 1192 2042 t
1208 2016 1337 2052 Φροντίδα
1349 2017 1439 2042 πᾶσαν
1453 2015 1602 2050 ποιήσασθε
1614 2015 1668 2041 τῶν
1681 2015 1721 2050 τῷ
1733 2015 1795 2050 Θεῷ

1007 2063 1167 2094 δοκούντων,
1191 2062 1228 2094 ὼς
1251 2062 1283 2089 ἂν
1306 2061 1483 2098 προσγένοιτο
1507 2062 1571 2095 ὑμῖν
1592 2061 1792 2096 καρπώσασθαι

1007 2108 1056 2143 τὴν
1069 2108 1252 2142 δικαιοσύνην.
1266 2116 1276 2133 t
1294 2107 1354 2134 Ἵνα
1369 2107 1395 2133 τί
1410 2107 1639 2141 παρεσιωπήσατε
1653 2107 1791 2138 ἀσέϐειαν,

1007 2155 1054 2181 καὶ
1070 2154 1115 2181 τὸν
1131 2153 1236 2189 καρπὸν
1256 2153 1340 2187 αὐτῆς
1355 2153 1535 2188 ὲτρυγήσατε,
1553 2152 1668 2186 ἐφάγετε
1686 2153 1794 2187 καρπὸν

1006 2199 1107 2234 ψευδῆ;
1128 2209 1136 2225 t
1156 2199 1300 2225 Παύσασθε
1315 2198 1346 2233 δὴ
1358 2198 1404 2224 τοῦ
1423 2197 1535 2224 τοιαῦτα
1549 2199 1634 2224 ποιεῖν
1644 2206 1651 2213 ⁸
1669 2199 1748 2225 ὁποῖα
1760 2199 1794 2233 δὴ

1007 2246 1037 2272 τὸ
1057 2245 1190 2281 πρότερον
1205 2246 1332 2275 ἐποιεῖτε,
1349 2244 1597 2279 παραπεμπόμενοί
1619 2253 1650 2270 τε
1663 2245 1710 2271 καὶ
1728 2245 1793 2278 ἡσυ-

168 2296 333 2317 nocumcnto
357 2290 466 2324 plenum
487 2291 643 2325 carpsistis.
668 2301 676 2316 ι
695 2291 764 2324 Quia
786 2294 903 2326 sperasti
927 2295 954 2321 itt

1006 2291 1134 2326 χάζοντες
1148 2291 1194 2316 ἐπὶ
1207 2289 1319 2324 ἀσεϐείᾳ
1341 2289 1490 2325 γιγνομένῃ
1503 2290 1632 2325 τοσαύτῃ.
1645 2290 1703 2316 δέον
1723 2290 1792 2324 ἀγα-

169 2336 298 2363 curribus
316 2337 382 2367 tuis.
397 2336 424 2362 in
441 2337 613 2363 exercituum
630 2342 738 2364 tuorum
756 2339 930 2366 multitudine
945 2348 952 2372 ;

168 2388 233 2408 ecce
250 2382 354 2408 orietur
377 2382 494 2416 perditio
511 2383 612 2416 populo
627 2386 684 2413 tuo.
702 2388 729 2410 et
749 2391 844 2411 omnes
860 2385 952 2411 muni-

169 2426 257 2453 tiones
274 2431 326 2452 tuac
348 2426 533 2453 destruentur.
558 2436 567 2452 ›
585 2425 624 2453 Tu
641 2427 750 2462 quidem
774 2429 952 2456 existintalsas

223 2505 245 2520 ³⁸
262 2504 334 2532 Psal.
351 2512 434 2539 xxvn,
452 2506 477 2533 l.
516 2506 550 2521 ³⁸·
565 2508 635 2536 Psal.
650 2515 748 2540 Lxxvu,
767 2507 812 2536 76.

204 2581 260 2618 (10)
278 2581 532 2618 Animadvertamus
556 2580 716 2618 prmclaram
738 2579 882 2618 lectionem
902 2580 952 2616 ἆρ-

170 2615 391 2654 μασι,ἐιιπὶῡιιε.
408 2623 490 2654 quam
503 2623 598 2650 reapse
613 2615 728 2654 requirit
745 2615 873 2654 versiculi
891 2615 955 2654 con-

169 2649 260 2680 textus
283 2655 310 2678 et
335 2658 394 2678 mos
419 2649 538 2678 biblicus
552 2649 722 2684 ’gentin’andi
746 2650 909 2676 sententiam
927 2651 953 2677 in

167 2686 361 2715 ltemistichiis.
392 2685 576 2712 Conﬂrntatur
591 2685 648 2712 luec
673 2684 753 2712 lectio
780 2684 900 2711 curribus
920 2687 954 2711 ah

169 2721 288 2749 Arabico
312 2721 462 2754 interprete
478 2720 505 2746 in
523 2718 693 2754 Polyglottis,
711 2727 818 2746 necnon
839 2719 874 2746 ab
902 2720 954 2745 Ita-

169 2758 223 2784 lica
238 2762 340 2787 vetere,
352 2760 379 2782 et
388 2753 414 2782 ι.
427 2754 473 2782 Gr.
485 2754 561 2781 Alex.
573 2758 600 2780 ct
609 2753 720 2781 Barber.
744 2754 815 2788 apud
841 2754 954 2781 Sabate-

172 2792 256 2818 rium.
273 2792 400 2818 Attamen
420 2790 479 2824 ipse
493 2789 578 2815 codex
589 2788 696 2824 celeber
707 2788 768 2824 Yat.
790 2789 868 2819 l209,
891 2796 952 2815 cum

171 2827 232 2860 ejus
244 2825 365 2853 Romana
376 2823 505 2856 editione,
516 2823 687 2860 etcmutnuni
703 2823 798 2850 Gratco
811 2827 894 2860 textu,
909 2824 954 2850 lia-

174 2858 239 2889 bent
255 2861 364 2897 ἀμαρτή
370 2869 445 2896 μασι,
455 2859 579 2894 peccatis.
593 2858 706 2885 Veteres
714 2861 804 2885 autem
815 2859 955 2885 Versiones

1007 2337 1115 2363 νακτεῐν
1128 2337 1171 2362 ἐπ’
1186 2336 1265 2370 αὐτῇ,
1277 2333 1310 2371 ἧς
1324 2335 1368 2361 τὸν
1383 2335 1489 2370 καρπὸν
1505 2335 1670 2370 ἐκομίσασθε
1684 2335 1791 2369 ἀπάτης

1006 2383 1052 2409 καὶ
1064 2381 1164 2416 βλάϐης
1174 2381 1281 2416 μεστόν.
1294 2390 1302 2406 ι
1316 2381 1377 2406 ’Ότι
1390 2380 1508 2416 ἤλπισας
1520 2381 1548 2407 ἐν
1558 2382 1613 2412 τοῖς
1624 2380 1727 2416 ἅρμασί
1735 2380 1790 2414 (10)

1006 2436 1063 2460 σου,
1087 2429 1115 2454 ὲν
1137 2427 1232 2463 πλήθει
1248 2426 1388 2461 δυνάμεων
1416 2435 1481 2453 σου·
1508 2426 1556 2453 καὶ
1579 2426 1788 2461 ὲξαναστήσεται

1003 2585 1084 2615 atque
1105 2582 1164 2617 ipse
1183 2582 1335 2610 Hebraicus
1355 2586 1458 2614 textus.
1477 2582 1540 2617 plus
1552 2581 1643 2609 minus
1660 2582 1693 2609 ad
1716 2583 1789 2611 Gne-

1003 2625 1063 2644 cant
1081 2624 1253 2644 communem
1271 2618 1414 2644 lectionent
1435 2618 1578 2644 accedunt.
1595 2617 1648 2644 Sed
1668 2621 1695 2644 et
1709 2619 1788 2645 aliam

1003 2652 1162 2679 varietatem
1184 2660 1237 2679 non
1258 2652 1442 2680 reticebimus.
1460 2652 1543 2678 Retro
1568 2652 1640 2678 enim
1662 2660 1689 2686 p.
1705 2653 1749 2685 M,
1763 2662 1788 2680 v.

1004 2687 1090 2713 ult.in
1108 2691 1183 2714 textu
1207 2687 1305 2714 biblico
1321 2691 1380 2714 erat
1404 2687 1514 2718 σκοπόν,
1546 2691 1624 2721 prout
1652 2687 1732 2721 vulgo
1763 2689 1788 2714 in

1003 2722 1168 2748 editionibus
1187 2722 1308 2754 Graecis;
1329 2728 1357 2748 at
1372 2722 1580 2755 Mopsuestenus
1598 2721 1625 2748 in
1650 2729 1790 2749 commen-

1004 2757 1073 2782 tario
1096 2756 1303 2783 demonstrabat
1323 2764 1353 2783 se
1371 2757 1469 2791 legisse
1491 2756 1573 2782 σῦκον
1591 2756 1680 2790 ﬁcum.
1708 2765 1790 2790 quant

1007 2791 1176 2817 verissimam
1192 2791 1373 2825 Mopsuesteni
1387 2790 1529 2817 lectionem
1547 2791 1708 2818 conﬁrmant
1723 2792 1789 2818 Itala

1010 2825 1075 2864 Lata
1088 2825 1246 2864 vct._ﬁcunt,
1264 2825 1371 2864 vulgata
1385 2825 1444 2864 Lat.
1459 2826 1546 2858 printa
1561 2833 1638 2864 pomo
1659 2825 1791 2858 ﬁculnea',

1011 2864 1037 2886 et
1054 2860 1094 2887 sic
1105 2860 1257 2887 Orientales
1269 2859 1405 2887 variarum
1415 2859 1567 2894 linguarum
1583 2863 1683 2887 textus.
