  <div class='ocr_page' id='page_1' title='image "/cluster/home/n/w/nwhite01/storage/ocr_20150623/66/njp.32101077772695/110.png"; bbox 0 0 1972 3066; ppageno 0'>
   <div class='ocr_carea' id='block_1_1' title="bbox 161 155 211 183">
    <p class='ocr_par' dir='ltr' id='par_1_1' title="bbox 161 155 211 183">
     <span class='ocr_line' id='line_1_1' title="bbox 161 155 211 183; baseline 0 0"><span class='ocrx_word' id='word_1_1' title='bbox 161 155 211 183; x_wconf 73' lang='grc'><strong>189</strong></span> 
     </span>
    </p>
   </div>
   <div class='ocr_carea' id='block_1_2' title="bbox 677 153 1282 183">
    <p class='ocr_par' dir='ltr' id='par_1_2' title="bbox 677 153 1282 183">
     <span class='ocr_line' id='line_1_2' title="bbox 677 153 1282 183; baseline 0 -1"><span class='ocrx_word' id='word_1_2' title='bbox 677 153 951 182; x_wconf 65' lang='lat' dir='ltr'><strong>COMMENTARIUS</strong></span> <span class='ocrx_word' id='word_1_3' title='bbox 966 153 1000 181; x_wconf 83' lang='lat' dir='ltr'><strong>IN</strong></span> <span class='ocrx_word' id='word_1_4' title='bbox 1019 154 1121 182; x_wconf 65' lang='lat' dir='ltr'><strong>OSEA&#39;I</strong></span> <span class='ocrx_word' id='word_1_5' title='bbox 1141 155 1217 183; x_wconf 79' lang='lat' dir='ltr'><strong>CAP.</strong></span> <span class='ocrx_word' id='word_1_6' title='bbox 1236 154 1282 182; x_wconf 84' lang='lat' dir='ltr'><strong>XI.</strong></span> 
     </span>
    </p>
   </div>
   <div class='ocr_carea' id='block_1_3' title="bbox 1735 152 1787 178">
    <p class='ocr_par' dir='ltr' id='par_1_3' title="bbox 1735 152 1787 178">
     <span class='ocr_line' id='line_1_3' title="bbox 1735 152 1787 178; baseline 0 0"><span class='ocrx_word' id='word_1_7' title='bbox 1735 152 1787 178; x_wconf 72' lang='lat' dir='ltr'><strong>NO</strong></span> 
     </span>
    </p>
   </div>
   <div class='ocr_carea' id='block_1_4' title="bbox 163 209 963 249">
    <p class='ocr_par' dir='ltr' id='par_1_4' title="bbox 163 213 947 249">
     <span class='ocr_line' id='line_1_4' title="bbox 163 213 947 249; baseline -0.001 -9"><span class='ocrx_word' id='word_1_8' title='bbox 163 213 285 241; x_wconf 75' lang='grc' dir='ltr'><strong>ἀπώλεια</strong></span> <span class='ocrx_word' id='word_1_9' title='bbox 299 214 330 240; x_wconf 80' lang='grc' dir='ltr'>ὲν</span> <span class='ocrx_word' id='word_1_10' title='bbox 349 213 388 249; x_wconf 84' lang='grc' dir='ltr'>τῷ</span> <span class='ocrx_word' id='word_1_11' title='bbox 399 213 455 249; x_wconf 81' lang='grc' dir='ltr'>λαῷ</span> <span class='ocrx_word' id='word_1_12' title='bbox 472 221 530 245; x_wconf 87' lang='grc' dir='ltr'>σου,</span> <span class='ocrx_word' id='word_1_13' title='bbox 548 213 595 240; x_wconf 76' lang='grc' dir='ltr'><strong>καὶ</strong></span> <span class='ocrx_word' id='word_1_14' title='bbox 606 213 694 240; x_wconf 83' lang='grc' dir='ltr'>πάντα</span> <span class='ocrx_word' id='word_1_15' title='bbox 710 213 745 239; x_wconf 82' lang='grc' dir='ltr'><strong>τὰ</strong></span> <span class='ocrx_word' id='word_1_16' title='bbox 759 213 947 248; x_wconf 76' lang='grc' dir='ltr'><strong>τετειχισμένα</strong></span> 
     </span>
    </p>
   </div>
   <div class='ocr_carea' id='block_1_5' title="bbox 1015 209 1785 249">
    <p class='ocr_par' dir='ltr' id='par_1_5' title="bbox 1016 209 1785 242">
     <span class='ocr_line' id='line_1_5' title="bbox 1016 209 1785 242; baseline -0.007 -2"><span class='ocrx_word' id='word_1_17' title='bbox 1016 213 1122 241; x_wconf 81' lang='lat' dir='ltr'><strong>ttﬂiccre</strong></span> <span class='ocrx_word' id='word_1_18' title='bbox 1145 214 1194 241; x_wconf 90' lang='lat' dir='ltr'><strong>tibi</strong></span> <span class='ocrx_word' id='word_1_19' title='bbox 1219 214 1292 241; x_wconf 86' lang='lat' dir='ltr'><strong>vires</strong></span> <span class='ocrx_word' id='word_1_20' title='bbox 1317 216 1378 240; x_wconf 88' lang='lat' dir='ltr'><strong>tuas</strong></span> <span class='ocrx_word' id='word_1_21' title='bbox 1409 212 1441 238; x_wconf 87' lang='lat' dir='ltr'><strong>ad</strong></span> <span class='ocrx_word' id='word_1_22' title='bbox 1469 210 1567 239; x_wconf 88' lang='lat' dir='ltr'><strong>hostile</strong></span> <span class='ocrx_word' id='word_1_23' title='bbox 1592 209 1709 242; x_wconf 83' lang='lat' dir='ltr'><strong>bellum;</strong></span> <span class='ocrx_word' id='word_1_24' title='bbox 1738 209 1785 236; x_wconf 88' lang='lat' dir='ltr'><strong>scd</strong></span> 
     </span>
    </p>
   </div>
   <div class='ocr_carea' id='block_1_6' title="bbox 157 258 956 294">
    <p class='ocr_par' dir='ltr' id='par_1_6' title="bbox 157 258 956 294">
     <span class='ocr_line' id='line_1_6' title="bbox 157 258 956 294; baseline -0.001 -9"><span class='ocrx_word' id='word_1_25' title='bbox 157 267 212 293; x_wconf 89' lang='grc' dir='ltr'><strong>¹σου</strong></span> <span class='ocrx_word' id='word_1_26' title='bbox 235 258 462 293; x_wconf 71' lang='grc' dir='ltr'>ἀφανισθήσεται.</span> <span class='ocrx_word' id='word_1_27' title='bbox 483 268 494 284; x_wconf 69' lang='grc' dir='ltr'><strong>ι</strong></span> <span class='ocrx_word' id='word_1_28' title='bbox 519 259 555 285; x_wconf 82' lang='grc' dir='ltr'>Σὺ</span> <span class='ocrx_word' id='word_1_29' title='bbox 573 259 622 293; x_wconf 85' lang='grc' dir='ltr'>μὲν</span> <span class='ocrx_word' id='word_1_30' title='bbox 637 258 690 293; x_wconf 77' lang='grc' dir='ltr'><strong>γὰρ</strong></span> <span class='ocrx_word' id='word_1_31' title='bbox 708 258 761 293; x_wconf 65' lang='lat' dir='ltr'><strong>qm</strong></span> <span class='ocrx_word' id='word_1_32' title='bbox 779 259 827 294; x_wconf 81' lang='grc' dir='ltr'>τὴν</span> <span class='ocrx_word' id='word_1_33' title='bbox 841 258 956 293; x_wconf 73' lang='grc' dir='ltr'>δύναμιν</span> 
     </span>
    </p>
   </div>
   <div class='ocr_carea' id='block_1_7' title="bbox 166 304 956 339">
    <p class='ocr_par' dir='ltr' id='par_1_7' title="bbox 166 304 956 339">
     <span class='ocr_line' id='line_1_7' title="bbox 166 304 956 339; baseline -0.001 -9"><span class='ocrx_word' id='word_1_34' title='bbox 166 305 261 339; x_wconf 83' lang='grc' dir='ltr'>ἀρκεῖν</span> <span class='ocrx_word' id='word_1_35' title='bbox 286 312 329 330; x_wconf 84' lang='grc' dir='ltr'><strong>σοι</strong></span> <span class='ocrx_word' id='word_1_36' title='bbox 344 304 395 338; x_wconf 84' lang='grc' dir='ltr'>τὴν</span> <span class='ocrx_word' id='word_1_37' title='bbox 418 304 522 330; x_wconf 77' lang='grc' dir='ltr'><strong>οἰκείαν</strong></span> <span class='ocrx_word' id='word_1_38' title='bbox 536 305 576 335; x_wconf 85' lang='grc' dir='ltr'><strong>εἰς</strong></span> <span class='ocrx_word' id='word_1_39' title='bbox 590 304 637 330; x_wconf 82' lang='grc' dir='ltr'>τὸν</span> <span class='ocrx_word' id='word_1_40' title='bbox 659 304 729 330; x_wconf 79' lang='grc' dir='ltr'>κατὰ</span> <span class='ocrx_word' id='word_1_41' title='bbox 751 304 805 330; x_wconf 84' lang='grc' dir='ltr'><strong>τῶν</strong></span> <span class='ocrx_word' id='word_1_42' title='bbox 830 304 956 330; x_wconf 81' lang='grc' dir='ltr'><strong>ἐναντίων</strong></span> 
     </span>
    </p>
   </div>
   <div class='ocr_carea' id='block_1_8' title="bbox 167 349 957 384">
    <p class='ocr_par' dir='ltr' id='par_1_8' title="bbox 167 349 957 384">
     <span class='ocr_line' id='line_1_8' title="bbox 167 349 957 384; baseline -0.001 -9"><span class='ocrx_word' id='word_1_43' title='bbox 167 350 285 384; x_wconf 81' lang='grc' dir='ltr'>πόλεμον</span> <span class='ocrx_word' id='word_1_44' title='bbox 298 357 305 364; x_wconf 91' lang='grc'><strong>·</strong></span> <span class='ocrx_word' id='word_1_45' title='bbox 327 350 397 384; x_wconf 82' lang='grc' dir='ltr'>πρὸς</span> <span class='ocrx_word' id='word_1_46' title='bbox 415 349 570 376; x_wconf 83' lang='grc' dir='ltr'>τούναντίον</span> <span class='ocrx_word' id='word_1_47' title='bbox 586 349 614 375; x_wconf 83' lang='grc' dir='ltr'>δὲ</span> <span class='ocrx_word' id='word_1_48' title='bbox 631 349 719 376; x_wconf 86' lang='grc' dir='ltr'>πάντα</span> <span class='ocrx_word' id='word_1_49' title='bbox 733 349 891 384; x_wconf 74' lang='grc' dir='ltr'>ἐκϐέϐηκεν,</span> <span class='ocrx_word' id='word_1_50' title='bbox 906 350 957 375; x_wconf 78' lang='grc' dir='ltr'><strong>ἁπ-</strong></span> 
     </span>
    </p>
   </div>
   <div class='ocr_carea' id='block_1_9' title="bbox 167 392 958 428">
    <p class='ocr_par' dir='ltr' id='par_1_9' title="bbox 167 392 958 428">
     <span class='ocr_line' id='line_1_9' title="bbox 167 392 958 428; baseline -0.001 -9"><span class='ocrx_word' id='word_1_51' title='bbox 167 393 264 424; x_wconf 88' lang='grc' dir='ltr'>ωλείας</span> <span class='ocrx_word' id='word_1_52' title='bbox 281 392 450 428; x_wconf 80' lang='grc' dir='ltr'><strong>κατεχούσης</strong></span> <span class='ocrx_word' id='word_1_53' title='bbox 464 393 553 419; x_wconf 76' lang='grc' dir='ltr'>πάντα</span> <span class='ocrx_word' id='word_1_54' title='bbox 568 393 614 419; x_wconf 70' lang='grc' dir='ltr'><strong>τὸν</strong></span> <span class='ocrx_word' id='word_1_55' title='bbox 626 392 700 426; x_wconf 83' lang='grc' dir='ltr'><strong>λαὸν⁷</strong></span> <span class='ocrx_word' id='word_1_56' title='bbox 711 393 749 424; x_wconf 87' lang='grc' dir='ltr'>ὡς</span> <span class='ocrx_word' id='word_1_57' title='bbox 758 394 804 419; x_wconf 81' lang='grc' dir='ltr'>καὶ</span> <span class='ocrx_word' id='word_1_58' title='bbox 814 393 862 424; x_wconf 72' lang='grc' dir='ltr'><strong>τὰς</strong></span> <span class='ocrx_word' id='word_1_59' title='bbox 873 401 958 419; x_wconf 85' lang='grc' dir='ltr'>τετει-</span> 
     </span>
    </p>
   </div>
   <div class='ocr_carea' id='block_1_10' title="bbox 169 437 957 474">
    <p class='ocr_par' dir='ltr' id='par_1_10' title="bbox 169 437 957 474">
     <span class='ocr_line' id='line_1_10' title="bbox 169 437 957 474; baseline 0.003 -10"><span class='ocrx_word' id='word_1_60' title='bbox 169 438 302 473; x_wconf 82' lang='grc' dir='ltr'>χισμένας</span> <span class='ocrx_word' id='word_1_61' title='bbox 328 437 523 473; x_wconf 73' lang='grc' dir='ltr'><strong>καθαιρεθῆναι</strong></span> <span class='ocrx_word' id='word_1_62' title='bbox 548 438 650 470; x_wconf 75' lang='grc' dir='ltr'>πόλεις.</span> <span class='ocrx_word' id='word_1_63' title='bbox 669 448 678 465; x_wconf 76' lang='grc' dir='ltr'><strong>ι</strong></span> <span class='ocrx_word' id='word_1_64' title='bbox 706 439 801 470; x_wconf 81' lang='grc' dir='ltr'>Καθὼς</span> <span class='ocrx_word' id='word_1_65' title='bbox 822 439 957 474; x_wconf 68' lang='grc' dir='ltr'>ἠφανίσθη</span> 
     </span>
    </p>
   </div>
   <div class='ocr_carea' id='block_1_11' title="bbox 169 483 959 519">
    <p class='ocr_par' dir='ltr' id='par_1_11' title="bbox 169 483 959 519">
     <span class='ocr_line' id='line_1_11' title="bbox 169 483 959 519; baseline 0.001 -10"><span class='ocrx_word' id='word_1_66' title='bbox 169 484 184 509; x_wconf 84' lang='grc' dir='ltr'>ὁ</span> <span class='ocrx_word' id='word_1_67' title='bbox 196 484 286 518; x_wconf 82' lang='grc' dir='ltr'>ἄρχων</span> <span class='ocrx_word' id='word_1_68' title='bbox 302 483 431 518; x_wconf 74' lang='grc' dir='ltr'>Σαλμανὰ</span> <span class='ocrx_word' id='word_1_69' title='bbox 443 484 471 509; x_wconf 81' lang='grc' dir='ltr'>ἐν</span> <span class='ocrx_word' id='word_1_70' title='bbox 484 483 523 518; x_wconf 84' lang='grc' dir='ltr'>τῷ</span> <span class='ocrx_word' id='word_1_71' title='bbox 533 484 599 518; x_wconf 75' lang='grc' dir='ltr'>οἴκῳ</span> <span class='ocrx_word' id='word_1_72' title='bbox 613 483 659 510; x_wconf 79' lang='grc' dir='ltr'>τοῦ</span> <span class='ocrx_word' id='word_1_73' title='bbox 677 484 791 519; x_wconf 77' lang='grc' dir='ltr'>Ἀρὸεὴλ</span> <span class='ocrx_word' id='word_1_74' title='bbox 803 485 831 510; x_wconf 82' lang='grc' dir='ltr'>ἐν</span> <span class='ocrx_word' id='word_1_75' title='bbox 842 484 959 519; x_wconf 77' lang='grc' dir='ltr'><strong>ἡμέραις</strong></span> 
     </span>
    </p>
   </div>
   <div class='ocr_carea' id='block_1_12' title="bbox 171 528 959 564">
    <p class='ocr_par' dir='ltr' id='par_1_12' title="bbox 171 528 959 564">
     <span class='ocr_line' id='line_1_12' title="bbox 171 528 959 564; baseline 0.003 -10"><span class='ocrx_word' id='word_1_76' title='bbox 171 529 290 563; x_wconf 82' lang='grc' dir='ltr'>πολέμου</span> <span class='ocrx_word' id='word_1_77' title='bbox 300 537 306 543; x_wconf 88' lang='grc'>·</span> <span class='ocrx_word' id='word_1_78' title='bbox 329 531 367 563; x_wconf 91' lang='lat' dir='ltr'><strong>(p.</strong></span> <span class='ocrx_word' id='word_1_79' title='bbox 390 528 433 562; x_wconf 88' lang='lat'><strong>79)</strong></span> <span class='ocrx_word' id='word_1_80' title='bbox 452 529 558 564; x_wconf 81' lang='grc' dir='ltr'>μητέρα</span> <span class='ocrx_word' id='word_1_81' title='bbox 572 529 618 554; x_wconf 78' lang='grc' dir='ltr'><strong>ἐπὶ</strong></span> <span class='ocrx_word' id='word_1_82' title='bbox 633 530 737 560; x_wconf 82' lang='grc' dir='ltr'>τέκνοις</span> <span class='ocrx_word' id='word_1_83' title='bbox 751 530 884 563; x_wconf 68' lang='grc' dir='ltr'>ὴδὰφισαν</span> <span class='ocrx_word' id='word_1_84' title='bbox 894 538 900 544; x_wconf 62' lang='grc' dir='ltr'>δ</span> <span class='ocrx_word' id='word_1_85' title='bbox 914 529 959 556; x_wconf 83' lang='grc' dir='ltr'><strong>οὖ-</strong></span> 
     </span>
    </p>
   </div>
   <div class='ocr_carea' id='block_1_13' title="bbox 171 571 960 609">
    <p class='ocr_par' dir='ltr' id='par_1_13' title="bbox 171 571 960 609">
     <span class='ocr_line' id='line_1_13' title="bbox 171 571 960 609; baseline 0.001 -10"><span class='ocrx_word' id='word_1_86' title='bbox 171 582 225 604; x_wconf 83' lang='grc' dir='ltr'><strong>τως</strong></span> <span class='ocrx_word' id='word_1_87' title='bbox 240 574 347 608; x_wconf 74' lang='grc' dir='ltr'>ποιήσω</span> <span class='ocrx_word' id='word_1_88' title='bbox 364 574 437 608; x_wconf 79' lang='grc' dir='ltr'>ὑμῖν,</span> <span class='ocrx_word' id='word_1_89' title='bbox 454 571 526 604; x_wconf 80' lang='grc' dir='ltr'>οἶκος</span> <span class='ocrx_word' id='word_1_90' title='bbox 543 573 660 608; x_wconf 81' lang='grc' dir='ltr'>Ἰσραὴλ,</span> <span class='ocrx_word' id='word_1_91' title='bbox 675 574 728 600; x_wconf 82' lang='grc' dir='ltr'><strong>ἀπὸ</strong></span> <span class='ocrx_word' id='word_1_92' title='bbox 745 574 892 609; x_wconf 77' lang='grc' dir='ltr'>προσώπου</span> <span class='ocrx_word' id='word_1_93' title='bbox 909 574 960 606; x_wconf 81' lang='grc' dir='ltr'>τῆς</span> 
     </span>
    </p>
   </div>
   <div class='ocr_carea' id='block_1_14' title="bbox 171 618 959 655">
    <p class='ocr_par' dir='ltr' id='par_1_14' title="bbox 171 618 959 655">
     <span class='ocr_line' id='line_1_14' title="bbox 171 618 959 655; baseline 0.003 -11"><span class='ocrx_word' id='word_1_94' title='bbox 171 618 271 650; x_wconf 83' lang='grc' dir='ltr'>κακίας</span> <span class='ocrx_word' id='word_1_95' title='bbox 283 619 372 653; x_wconf 83' lang='grc' dir='ltr'>ὑμῶν.</span> <span class='ocrx_word' id='word_1_96' title='bbox 391 629 400 644; x_wconf 73' lang='grc' dir='ltr'><strong>ι</strong></span> <span class='ocrx_word' id='word_1_97' title='bbox 420 619 525 645; x_wconf 83' lang='grc' dir='ltr'>ὐποῖον</span> <span class='ocrx_word' id='word_1_98' title='bbox 539 619 592 653; x_wconf 77' lang='grc' dir='ltr'><strong>γὰρ</strong></span> <span class='ocrx_word' id='word_1_99' title='bbox 604 619 636 654; x_wconf 86' lang='grc' dir='ltr'>δὴ</span> <span class='ocrx_word' id='word_1_100' title='bbox 649 619 710 646; x_wconf 85' lang='grc' dir='ltr'>τότε</span> <span class='ocrx_word' id='word_1_101' title='bbox 725 620 875 655; x_wconf 84' lang='grc' dir='ltr'>ὑπέμειναν</span> <span class='ocrx_word' id='word_1_102' title='bbox 889 620 959 653; x_wconf 73' lang='grc' dir='ltr'>ἀφα-</span> 
     </span>
    </p>
   </div>
   <div class='ocr_carea' id='block_1_15' title="bbox 172 662 959 699">
    <p class='ocr_par' dir='ltr' id='par_1_15' title="bbox 172 662 959 699">
     <span class='ocr_line' id='line_1_15' title="bbox 172 662 959 699; baseline 0.003 -11"><span class='ocrx_word' id='word_1_103' title='bbox 172 662 268 697; x_wconf 73' lang='grc' dir='ltr'>νισμὸν</span> <span class='ocrx_word' id='word_1_104' title='bbox 289 663 400 693; x_wconf 73' lang='grc' dir='ltr'>ἐκεῖνοι,</span> <span class='ocrx_word' id='word_1_105' title='bbox 425 662 575 698; x_wconf 79' lang='grc' dir='ltr'>βαρυτάτου</span> <span class='ocrx_word' id='word_1_106' title='bbox 593 663 641 698; x_wconf 85' lang='grc' dir='ltr'>μὲν</span> <span class='ocrx_word' id='word_1_107' title='bbox 661 664 760 695; x_wconf 79' lang='grc' dir='ltr'>αὐτοὺς</span> <span class='ocrx_word' id='word_1_108' title='bbox 789 665 847 699; x_wconf 73' lang='lat' dir='ltr'><strong>(sic)</strong></span> <span class='ocrx_word' id='word_1_109' title='bbox 863 665 959 698; x_wconf 80' lang='grc' dir='ltr'>ἀφανι-</span> 
     </span>
    </p>
   </div>
   <div class='ocr_carea' id='block_1_16' title="bbox 175 707 961 744">
    <p class='ocr_par' dir='ltr' id='par_1_16' title="bbox 175 707 961 744">
     <span class='ocr_line' id='line_1_16' title="bbox 175 707 961 744; baseline 0.004 -11"><span class='ocrx_word' id='word_1_110' title='bbox 175 707 244 742; x_wconf 79' lang='grc' dir='ltr'>σμοῦ</span> <span class='ocrx_word' id='word_1_111' title='bbox 266 708 412 741; x_wconf 79' lang='grc' dir='ltr'>γεγονότος</span> <span class='ocrx_word' id='word_1_112' title='bbox 427 709 474 734; x_wconf 78' lang='grc' dir='ltr'>καὶ</span> <span class='ocrx_word' id='word_1_113' title='bbox 497 708 545 734; x_wconf 76' lang='grc' dir='ltr'>τοῦ</span> <span class='ocrx_word' id='word_1_114' title='bbox 564 708 694 743; x_wconf 79' lang='grc' dir='ltr'>πολέμου,</span> <span class='ocrx_word' id='word_1_115' title='bbox 715 709 913 744; x_wconf 78' lang='grc' dir='ltr'><strong>ἀναιρεθέντων</strong></span> <span class='ocrx_word' id='word_1_116' title='bbox 933 709 961 736; x_wconf 77' lang='grc' dir='ltr'>δὲ</span> 
     </span>
    </p>
   </div>
   <div class='ocr_carea' id='block_1_17' title="bbox 175 753 960 790">
    <p class='ocr_par' dir='ltr' id='par_1_17' title="bbox 175 753 960 790">
     <span class='ocr_line' id='line_1_17' title="bbox 175 753 960 790; baseline 0.003 -11"><span class='ocrx_word' id='word_1_117' title='bbox 175 753 223 779; x_wconf 71' lang='grc' dir='ltr'><strong>σὺν</strong></span> <span class='ocrx_word' id='word_1_118' title='bbox 237 755 294 784; x_wconf 80' lang='grc' dir='ltr'>τοῖς</span> <span class='ocrx_word' id='word_1_119' title='bbox 310 753 415 784; x_wconf 76' lang='grc' dir='ltr'>τέκνοις</span> <span class='ocrx_word' id='word_1_120' title='bbox 433 754 486 780; x_wconf 60' lang='grc' dir='ltr'>τῶν</span> <span class='ocrx_word' id='word_1_121' title='bbox 509 755 706 789; x_wconf 76' lang='grc' dir='ltr'>γεννησάντων·</span> <span class='ocrx_word' id='word_1_122' title='bbox 724 754 842 781; x_wconf 79' lang='grc' dir='ltr'>τοιοῦτον</span> <span class='ocrx_word' id='word_1_123' title='bbox 857 756 960 790; x_wconf 83' lang='grc' dir='ltr'>ὑπομε-</span> 
     </span>
    </p>
   </div>
   <div class='ocr_carea' id='block_1_18' title="bbox 173 799 961 835">
    <p class='ocr_par' dir='ltr' id='par_1_18' title="bbox 173 799 961 835">
     <span class='ocr_line' id='line_1_18' title="bbox 173 799 961 835; baseline 0.003 -11"><span class='ocrx_word' id='word_1_124' title='bbox 173 799 245 824; x_wconf 70' lang='grc' dir='ltr'>νεῖτε</span> <span class='ocrx_word' id='word_1_125' title='bbox 268 799 315 825; x_wconf 73' lang='grc' dir='ltr'>καὶ</span> <span class='ocrx_word' id='word_1_126' title='bbox 341 799 388 825; x_wconf 81' lang='grc' dir='ltr'>νῦν</span> <span class='ocrx_word' id='word_1_127' title='bbox 408 799 486 834; x_wconf 81' lang='grc' dir='ltr'><strong>ὑμεῖς</strong></span> <span class='ocrx_word' id='word_1_128' title='bbox 500 800 524 825; x_wconf 91' lang='grc' dir='ltr'><strong>οί</strong></span> <span class='ocrx_word' id='word_1_129' title='bbox 540 800 587 825; x_wconf 83' lang='grc' dir='ltr'>τοῦ</span> <span class='ocrx_word' id='word_1_130' title='bbox 618 800 736 834; x_wconf 78' lang='grc' dir='ltr'>Ἰσραὴλ,</span> <span class='ocrx_word' id='word_1_131' title='bbox 761 800 891 833; x_wconf 75' lang='grc' dir='ltr'>ἀνάλογον</span> <span class='ocrx_word' id='word_1_132' title='bbox 913 801 961 835; x_wconf 81' lang='grc' dir='ltr'>τῆς</span> 
     </span>
    </p>
   </div>
   <div class='ocr_carea' id='block_1_19' title="bbox 174 844 961 880">
    <p class='ocr_par' dir='ltr' id='par_1_19' title="bbox 174 844 961 880">
     <span class='ocr_line' id='line_1_19' title="bbox 174 844 961 880; baseline 0.001 -10"><span class='ocrx_word' id='word_1_133' title='bbox 174 844 274 875; x_wconf 82' lang='grc' dir='ltr'>κακίας</span> <span class='ocrx_word' id='word_1_134' title='bbox 291 845 369 879; x_wconf 82' lang='grc' dir='ltr'>ὑμῶν</span> <span class='ocrx_word' id='word_1_135' title='bbox 388 844 527 879; x_wconf 73' lang='grc' dir='ltr'>δεχόμενοι</span> <span class='ocrx_word' id='word_1_136' title='bbox 540 845 692 880; x_wconf 78' lang='grc' dir='ltr'>τιμωρίαν·</span> <span class='ocrx_word' id='word_1_137' title='bbox 709 846 781 872; x_wconf 78' lang='grc' dir='ltr'>ἔοικε</span> <span class='ocrx_word' id='word_1_138' title='bbox 793 845 821 871; x_wconf 83' lang='grc' dir='ltr'>δέ</span> <span class='ocrx_word' id='word_1_139' title='bbox 832 854 858 871; x_wconf 89' lang='grc' dir='ltr'><strong>τι</strong></span> <span class='ocrx_word' id='word_1_140' title='bbox 873 846 961 879; x_wconf 84' lang='grc' dir='ltr'>λέγειν</span> 
     </span>
    </p>
   </div>
   <div class='ocr_carea' id='block_1_20' title="bbox 988 255 1785 292">
    <p class='ocr_par' dir='ltr' id='par_1_20' title="bbox 988 255 1785 292">
     <span class='ocr_line' id='line_1_20' title="bbox 988 255 1785 292; baseline -0.008 -6"><span class='ocrx_word' id='word_1_141' title='bbox 988 262 994 265; x_wconf 63' lang='grc'><em>“</em></span> <span class='ocrx_word' id='word_1_142' title='bbox 1006 261 1097 287; x_wconf 85' lang='lat' dir='ltr'><strong>omnia</strong></span> <span class='ocrx_word' id='word_1_143' title='bbox 1113 264 1208 286; x_wconf 86' lang='lat' dir='ltr'><strong>contra</strong></span> <span class='ocrx_word' id='word_1_144' title='bbox 1221 262 1380 286; x_wconf 78' lang='lat' dir='ltr'><strong>evenerunt.</strong></span> <span class='ocrx_word' id='word_1_145' title='bbox 1397 258 1460 292; x_wconf 89' lang='lat' dir='ltr'><strong>quia</strong></span> <span class='ocrx_word' id='word_1_146' title='bbox 1483 257 1612 292; x_wconf 88' lang='lat' dir='ltr'><strong>populttnt</strong></span> <span class='ocrx_word' id='word_1_147' title='bbox 1628 255 1785 282; x_wconf 79' lang='lat' dir='ltr'><strong>universum</strong></span> 
     </span>
    </p>
   </div>
   <div class='ocr_carea' id='block_1_21' title="bbox 1007 301 1786 340">
    <p class='ocr_par' dir='ltr' id='par_1_21' title="bbox 1007 301 1786 340">
     <span class='ocr_line' id='line_1_21' title="bbox 1007 301 1786 340; baseline -0.008 -8"><span class='ocrx_word' id='word_1_148' title='bbox 1007 306 1141 340; x_wconf 75' lang='lat' dir='ltr'><strong>corripuit</strong></span> <span class='ocrx_word' id='word_1_149' title='bbox 1174 305 1325 340; x_wconf 83' lang='lat' dir='ltr'><strong>pernicies;</strong></span> <span class='ocrx_word' id='word_1_150' title='bbox 1349 305 1376 331; x_wconf 90' lang='lat' dir='ltr'><strong>iIt</strong></span> <span class='ocrx_word' id='word_1_151' title='bbox 1400 309 1505 330; x_wconf 89' lang='lat' dir='ltr'><strong>tantum</strong></span> <span class='ocrx_word' id='word_1_152' title='bbox 1529 307 1556 329; x_wconf 93' lang='lat' dir='ltr'><strong>ut</strong></span> <span class='ocrx_word' id='word_1_153' title='bbox 1579 306 1683 328; x_wconf 65' lang='lat' dir='ltr'><strong>cuncta:</strong></span> <span class='ocrx_word' id='word_1_154' title='bbox 1705 301 1786 328; x_wconf 86' lang='lat' dir='ltr'><strong>etiam</strong></span> 
     </span>
    </p>
   </div>
   <div class='ocr_carea' id='block_1_22' title="bbox 1007 345 1788 378">
    <p class='ocr_par' dir='ltr' id='par_1_22' title="bbox 1007 345 1788 378">
     <span class='ocr_line' id='line_1_22' title="bbox 1007 345 1788 378; baseline -0.009 0"><span class='ocrx_word' id='word_1_155' title='bbox 1007 351 1120 378; x_wconf 68' lang='lat' dir='ltr'><strong>munitm</strong></span> <span class='ocrx_word' id='word_1_156' title='bbox 1134 351 1258 378; x_wconf 83' lang='lat' dir='ltr'><strong>civitates</strong></span> <span class='ocrx_word' id='word_1_157' title='bbox 1278 351 1333 377; x_wconf 89' lang='lat' dir='ltr'><strong>sint</strong></span> <span class='ocrx_word' id='word_1_158' title='bbox 1349 350 1453 377; x_wconf 65' lang='lat' dir='ltr'><strong>deletae.</strong></span> <span class='ocrx_word' id='word_1_159' title='bbox 1481 358 1490 373; x_wconf 75' lang='grc' dir='ltr'><strong>ι</strong></span> <span class='ocrx_word' id='word_1_160' title='bbox 1511 349 1587 375; x_wconf 86' lang='lat' dir='ltr'><strong>Sicut</strong></span> <span class='ocrx_word' id='word_1_161' title='bbox 1602 351 1724 374; x_wconf 86' lang='lat' dir='ltr'><strong>vastatus</strong></span> <span class='ocrx_word' id='word_1_162' title='bbox 1739 345 1788 372; x_wconf 88' lang='lat' dir='ltr'><strong>fuit</strong></span> 
     </span>
    </p>
   </div>
   <div class='ocr_carea' id='block_1_23' title="bbox 1009 394 1789 427">
    <p class='ocr_par' dir='ltr' id='par_1_23' title="bbox 1009 394 1789 427">
     <span class='ocr_line' id='line_1_23' title="bbox 1009 394 1789 427; baseline -0.008 -4"><span class='ocrx_word' id='word_1_163' title='bbox 1009 396 1137 423; x_wconf 84' lang='lat' dir='ltr'><strong>Salmana</strong></span> <span class='ocrx_word' id='word_1_164' title='bbox 1159 397 1185 422; x_wconf 93' lang='lat' dir='ltr'><strong>in</strong></span> <span class='ocrx_word' id='word_1_165' title='bbox 1211 396 1292 423; x_wconf 89' lang='lat' dir='ltr'><strong>domo</strong></span> <span class='ocrx_word' id='word_1_166' title='bbox 1317 395 1425 422; x_wconf 82' lang='lat' dir='ltr'><strong>Arhelis</strong></span> <span class='ocrx_word' id='word_1_167' title='bbox 1448 394 1510 421; x_wconf 82' lang='lat' dir='ltr'><strong>belli</strong></span> <span class='ocrx_word' id='word_1_168' title='bbox 1541 397 1673 427; x_wconf 87' lang='lat' dir='ltr'><strong>tempore,</strong></span> <span class='ocrx_word' id='word_1_169' title='bbox 1704 396 1789 418; x_wconf 86' lang='lat' dir='ltr'><strong>matre</strong></span> 
     </span>
    </p>
   </div>
   <div class='ocr_carea' id='block_1_24' title="bbox 1008 436 1788 477">
    <p class='ocr_par' dir='ltr' id='par_1_24' title="bbox 1008 436 1788 477">
     <span class='ocr_line' id='line_1_24' title="bbox 1008 436 1788 477; baseline -0.01 -7"><span class='ocrx_word' id='word_1_170' title='bbox 1008 450 1090 477; x_wconf 81' lang='lat' dir='ltr'><strong>super</strong></span> <span class='ocrx_word' id='word_1_171' title='bbox 1104 442 1173 469; x_wconf 85' lang='lat' dir='ltr'><strong>filios</strong></span> <span class='ocrx_word' id='word_1_172' title='bbox 1188 443 1284 468; x_wconf 85' lang='lat' dir='ltr'><strong>allisa:</strong></span> <span class='ocrx_word' id='word_1_173' title='bbox 1297 440 1337 467; x_wconf 86' lang='lat' dir='ltr'><strong>sic</strong></span> <span class='ocrx_word' id='word_1_174' title='bbox 1352 441 1448 466; x_wconf 85' lang='lat' dir='ltr'><strong>faciant</strong></span> <span class='ocrx_word' id='word_1_175' title='bbox 1462 439 1548 467; x_wconf 81' lang='lat' dir='ltr'><strong>vobis.</strong></span> <span class='ocrx_word' id='word_1_176' title='bbox 1563 439 1660 465; x_wconf 82' lang='lat' dir='ltr'><strong>domus</strong></span> <span class='ocrx_word' id='word_1_177' title='bbox 1671 436 1788 465; x_wconf 85' lang='lat' dir='ltr'><strong>lsraelis.</strong></span> 
     </span>
    </p>
   </div>
   <div class='ocr_carea' id='block_1_25' title="bbox 1009 482 1778 522">
    <p class='ocr_par' dir='ltr' id='par_1_25' title="bbox 1009 482 1778 522">
     <span class='ocr_line' id='line_1_25' title="bbox 1009 482 1778 522; baseline -0.009 -7"><span class='ocrx_word' id='word_1_178' title='bbox 1009 496 1024 515; x_wconf 84' lang='lat' dir='ltr'><strong>a</strong></span> <span class='ocrx_word' id='word_1_179' title='bbox 1044 492 1192 522; x_wconf 83' lang='lat' dir='ltr'><strong>conspectu</strong></span> <span class='ocrx_word' id='word_1_180' title='bbox 1209 487 1318 513; x_wconf 67' lang='lat' dir='ltr'><strong>malitia:</strong></span> <span class='ocrx_word' id='word_1_181' title='bbox 1334 490 1439 512; x_wconf 63' lang='lat' dir='ltr'><strong>vestrae.</strong></span> <span class='ocrx_word' id='word_1_182' title='bbox 1463 495 1472 510; x_wconf 72' lang='grc' dir='ltr'><strong>ι</strong></span> <span class='ocrx_word' id='word_1_183' title='bbox 1490 485 1575 517; x_wconf 84' lang='lat' dir='ltr'><strong>Quale</strong></span> <span class='ocrx_word' id='word_1_184' title='bbox 1590 488 1654 510; x_wconf 88' lang='lat' dir='ltr'><strong>tuttc</strong></span> <span class='ocrx_word' id='word_1_185' title='bbox 1672 482 1778 517; x_wconf 74' lang='lat' dir='ltr'><strong>pt-t-tule</strong></span> 
     </span>
    </p>
   </div>
   <div class='ocr_carea' id='block_1_26' title="bbox 1009 528 1788 566">
    <p class='ocr_par' dir='ltr' id='par_1_26' title="bbox 1009 528 1788 566">
     <span class='ocr_line' id='line_1_26' title="bbox 1009 528 1788 566; baseline -0.009 -6"><span class='ocrx_word' id='word_1_186' title='bbox 1009 539 1072 560; x_wconf 87' lang='lat' dir='ltr'><strong>runt</strong></span> <span class='ocrx_word' id='word_1_187' title='bbox 1087 534 1125 560; x_wconf 92' lang='lat' dir='ltr'><strong>illi</strong></span> <span class='ocrx_word' id='word_1_188' title='bbox 1156 532 1303 563; x_wconf 80' lang='lat' dir='ltr'><strong>excidium,</strong></span> <span class='ocrx_word' id='word_1_189' title='bbox 1335 531 1410 566; x_wconf 81' lang='lat' dir='ltr'><strong>gravi</strong></span> <span class='ocrx_word' id='word_1_190' title='bbox 1444 531 1513 556; x_wconf 82' lang='lat' dir='ltr'><strong>facta</strong></span> <span class='ocrx_word' id='word_1_191' title='bbox 1541 529 1619 555; x_wconf 83' lang='lat' dir='ltr'><strong>ruina</strong></span> <span class='ocrx_word' id='word_1_192' title='bbox 1644 535 1676 554; x_wconf 88' lang='lat' dir='ltr'><strong>ac</strong></span> <span class='ocrx_word' id='word_1_193' title='bbox 1701 528 1788 556; x_wconf 81' lang='lat' dir='ltr'><strong>bello.</strong></span> 
     </span>
    </p>
   </div>
   <div class='ocr_carea' id='block_1_27' title="bbox 1010 573 1790 610">
    <p class='ocr_par' dir='ltr' id='par_1_27' title="bbox 1010 573 1790 610">
     <span class='ocr_line' id='line_1_27' title="bbox 1010 573 1790 610; baseline -0.01 -4"><span class='ocrx_word' id='word_1_194' title='bbox 1010 578 1160 606; x_wconf 83' lang='lat' dir='ltr'><strong>interfectis</strong></span> <span class='ocrx_word' id='word_1_195' title='bbox 1171 587 1224 605; x_wconf 88' lang='lat' dir='ltr'><strong>una</strong></span> <span class='ocrx_word' id='word_1_196' title='bbox 1240 585 1302 605; x_wconf 89' lang='lat' dir='ltr'><strong>cum</strong></span> <span class='ocrx_word' id='word_1_197' title='bbox 1321 577 1414 604; x_wconf 86' lang='lat' dir='ltr'><strong>liberis</strong></span> <span class='ocrx_word' id='word_1_198' title='bbox 1432 575 1618 610; x_wconf 81' lang='lat' dir='ltr'><strong>genitoribus,</strong></span> <span class='ocrx_word' id='word_1_199' title='bbox 1640 573 1694 600; x_wconf 83' lang='lat' dir='ltr'><strong>tale</strong></span> <span class='ocrx_word' id='word_1_200' title='bbox 1718 579 1790 599; x_wconf 86' lang='lat' dir='ltr'><strong>nunc</strong></span> 
     </span>
    </p>
   </div>
   <div class='ocr_carea' id='block_1_28' title="bbox 1009 620 1789 658">
    <p class='ocr_par' dir='ltr' id='par_1_28' title="bbox 1009 620 1789 658">
     <span class='ocr_line' id='line_1_28' title="bbox 1009 620 1789 658; baseline -0.013 -7"><span class='ocrx_word' id='word_1_201' title='bbox 1009 632 1118 658; x_wconf 85' lang='lat' dir='ltr'><strong>quoque</strong></span> <span class='ocrx_word' id='word_1_202' title='bbox 1131 631 1203 651; x_wconf 89' lang='lat' dir='ltr'><strong>ttunc</strong></span> <span class='ocrx_word' id='word_1_203' title='bbox 1213 622 1403 657; x_wconf 69' lang='lat' dir='ltr'><strong>experientini,</strong></span> <span class='ocrx_word' id='word_1_204' title='bbox 1417 629 1434 648; x_wconf 91' lang='grc' dir='ltr'><strong>ο</strong></span> <span class='ocrx_word' id='word_1_205' title='bbox 1449 621 1494 647; x_wconf 87' lang='lat' dir='ltr'><strong>filii</strong></span> <span class='ocrx_word' id='word_1_206' title='bbox 1510 620 1628 650; x_wconf 85' lang='lat' dir='ltr'><strong>lsraelis,</strong></span> <span class='ocrx_word' id='word_1_207' title='bbox 1641 625 1789 652; x_wconf 79' lang='lat' dir='ltr'><strong>congruum</strong></span> 
     </span>
    </p>
   </div>
   <div class='ocr_carea' id='block_1_29' title="bbox 1010 663 1790 700">
    <p class='ocr_par' dir='ltr' id='par_1_29' title="bbox 1010 663 1790 700">
     <span class='ocr_line' id='line_1_29' title="bbox 1010 663 1790 700; baseline -0.013 -4"><span class='ocrx_word' id='word_1_208' title='bbox 1010 669 1121 696; x_wconf 69' lang='lat' dir='ltr'><strong>malitiae</strong></span> <span class='ocrx_word' id='word_1_209' title='bbox 1138 673 1235 696; x_wconf 66' lang='lat' dir='ltr'><strong>vestra:</strong></span> <span class='ocrx_word' id='word_1_210' title='bbox 1253 669 1357 694; x_wconf 83' lang='lat' dir='ltr'><strong>luentes</strong></span> <span class='ocrx_word' id='word_1_211' title='bbox 1379 666 1554 700; x_wconf 74' lang='lat' dir='ltr'><strong>supplicium.</strong></span> <span class='ocrx_word' id='word_1_212' title='bbox 1570 663 1685 691; x_wconf 72' lang='lat' dir='ltr'><strong>Videtur</strong></span> <span class='ocrx_word' id='word_1_213' title='bbox 1701 665 1790 687; x_wconf 86' lang='lat' dir='ltr'><strong>autem</strong></span> 
     </span>
    </p>
   </div>
   <div class='ocr_carea' id='block_1_30' title="bbox 1010 707 1793 747">
    <p class='ocr_par' dir='ltr' id='par_1_30' title="bbox 1010 707 1793 747">
     <span class='ocr_line' id='line_1_30' title="bbox 1010 707 1793 747; baseline -0.011 -7"><span class='ocrx_word' id='word_1_214' title='bbox 1010 713 1101 740; x_wconf 78' lang='lat' dir='ltr'><strong>dicere</strong></span> <span class='ocrx_word' id='word_1_215' title='bbox 1128 713 1261 747; x_wconf 83' lang='lat' dir='ltr'><strong>insignem</strong></span> <span class='ocrx_word' id='word_1_216' title='bbox 1287 712 1405 746; x_wconf 78' lang='lat' dir='ltr'><strong>aliquam</strong></span> <span class='ocrx_word' id='word_1_217' title='bbox 1425 711 1555 738; x_wconf 68' lang='lat' dir='ltr'><strong>saavitiam</strong></span> <span class='ocrx_word' id='word_1_218' title='bbox 1576 716 1623 743; x_wconf 89' lang='lat' dir='ltr'><strong>per</strong></span> <span class='ocrx_word' id='word_1_219' title='bbox 1642 707 1706 733; x_wconf 89' lang='lat' dir='ltr'><strong>illttd</strong></span> <span class='ocrx_word' id='word_1_220' title='bbox 1724 711 1793 732; x_wconf 80' lang='lat' dir='ltr'><strong>tctu—</strong></span> 
     </span>
    </p>
   </div>
   <div class='ocr_carea' id='block_1_31' title="bbox 1011 753 1790 793">
    <p class='ocr_par' dir='ltr' id='par_1_31' title="bbox 1011 753 1790 793">
     <span class='ocr_line' id='line_1_31' title="bbox 1011 753 1790 793; baseline -0.01 -9"><span class='ocrx_word' id='word_1_221' title='bbox 1011 767 1061 793; x_wconf 87' lang='lat' dir='ltr'><strong>pus</strong></span> <span class='ocrx_word' id='word_1_222' title='bbox 1073 759 1106 785; x_wconf 90' lang='lat' dir='ltr'><strong>ab</strong></span> <span class='ocrx_word' id='word_1_223' title='bbox 1122 759 1175 785; x_wconf 86' lang='lat' dir='ltr'><strong>illis</strong></span> <span class='ocrx_word' id='word_1_224' title='bbox 1190 763 1289 788; x_wconf 85' lang='lat' dir='ltr'><strong>actam,</strong></span> <span class='ocrx_word' id='word_1_225' title='bbox 1306 758 1339 784; x_wconf 87' lang='lat' dir='ltr'><strong>de</strong></span> <span class='ocrx_word' id='word_1_226' title='bbox 1354 765 1406 791; x_wconf 83' lang='lat' dir='ltr'><strong>qua</strong></span> <span class='ocrx_word' id='word_1_227' title='bbox 1421 756 1486 790; x_wconf 82' lang='lat' dir='ltr'><strong>ipsis</strong></span> <span class='ocrx_word' id='word_1_228' title='bbox 1501 754 1618 789; x_wconf 78' lang='lat' dir='ltr'><strong>cognita,</strong></span> <span class='ocrx_word' id='word_1_229' title='bbox 1636 757 1665 779; x_wconf 80' lang='grc' dir='ltr'><strong>ιιι</strong></span> <span class='ocrx_word' id='word_1_230' title='bbox 1678 753 1790 778; x_wconf 72' lang='lat' dir='ltr'><strong>creden-</strong></span> 
     </span>
    </p>
   </div>
   <div class='ocr_carea' id='block_1_32' title="bbox 1011 797 1791 834">
    <p class='ocr_par' dir='ltr' id='par_1_32' title="bbox 1011 797 1791 834">
     <span class='ocr_line' id='line_1_32' title="bbox 1011 797 1791 834; baseline -0.009 -4"><span class='ocrx_word' id='word_1_231' title='bbox 1011 804 1074 830; x_wconf 89' lang='lat' dir='ltr'><strong>dum</strong></span> <span class='ocrx_word' id='word_1_232' title='bbox 1095 808 1147 834; x_wconf 85' lang='lat' dir='ltr'><strong>est,</strong></span> <span class='ocrx_word' id='word_1_233' title='bbox 1169 803 1231 830; x_wconf 81' lang='lat' dir='ltr'><strong>facit</strong></span> <span class='ocrx_word' id='word_1_234' title='bbox 1245 803 1430 830; x_wconf 87' lang='lat' dir='ltr'><strong>mentionem:</strong></span> <span class='ocrx_word' id='word_1_235' title='bbox 1444 808 1540 834; x_wconf 89' lang='lat' dir='ltr'><strong>nempe</strong></span> <span class='ocrx_word' id='word_1_236' title='bbox 1557 799 1662 829; x_wconf 80' lang='lat' dir='ltr'><strong>dicens,</strong></span> <span class='ocrx_word' id='word_1_237' title='bbox 1678 797 1791 830; x_wconf 67' lang='lat' dir='ltr'><strong>Qualem</strong></span> 
     </span>
    </p>
   </div>
   <div class='ocr_carea' id='block_1_33' title="bbox 1012 845 1794 883">
    <p class='ocr_par' dir='ltr' id='par_1_33' title="bbox 1012 845 1794 883">
     <span class='ocr_line' id='line_1_33' title="bbox 1012 845 1794 883; baseline -0.008 -9"><span class='ocrx_word' id='word_1_238' title='bbox 1012 853 1078 875; x_wconf 88' lang='lat' dir='ltr'><strong>tunc</strong></span> <span class='ocrx_word' id='word_1_239' title='bbox 1092 849 1270 883; x_wconf 81' lang='lat' dir='ltr'><strong>perpetrastis</strong></span> <span class='ocrx_word' id='word_1_240' title='bbox 1285 854 1419 875; x_wconf 83' lang='lat' dir='ltr'><strong>summam</strong></span> <span class='ocrx_word' id='word_1_241' title='bbox 1442 846 1601 880; x_wconf 85' lang='lat' dir='ltr'><strong>nequitiam,</strong></span> <span class='ocrx_word' id='word_1_242' title='bbox 1619 845 1700 870; x_wconf 89' lang='lat' dir='ltr'><strong>taletn</strong></span> <span class='ocrx_word' id='word_1_243' title='bbox 1723 849 1794 869; x_wconf 92' lang='lat' dir='ltr'><strong>nunc</strong></span> 
     </span>
    </p>
   </div>
   <div class='ocr_carea' id='block_1_34' title="bbox 176 882 963 927">
    <p class='ocr_par' dir='ltr' id='par_1_34' title="bbox 176 889 961 925">
     <span class='ocr_line' id='line_1_34' title="bbox 176 889 961 925; baseline 0.001 -10"><span class='ocrx_word' id='word_1_244' title='bbox 176 890 244 924; x_wconf 77' lang='grc' dir='ltr'>μετὰ</span> <span class='ocrx_word' id='word_1_245' title='bbox 261 890 362 920; x_wconf 82' lang='grc' dir='ltr'>πολλῆς</span> <span class='ocrx_word' id='word_1_246' title='bbox 373 889 512 924; x_wconf 76' lang='grc' dir='ltr'><strong>ὠμότητος</strong></span> <span class='ocrx_word' id='word_1_247' title='bbox 523 890 588 925; x_wconf 79' lang='grc' dir='ltr'>παρ’</span> <span class='ocrx_word' id='word_1_248' title='bbox 605 890 693 916; x_wconf 79' lang='grc' dir='ltr'>αὐτῶν</span> <span class='ocrx_word' id='word_1_249' title='bbox 708 890 820 924; x_wconf 90' lang='grc' dir='ltr'>γεγονὺς</span> <span class='ocrx_word' id='word_1_250' title='bbox 837 890 906 917; x_wconf 77' lang='grc' dir='ltr'>κατὰ</span> <span class='ocrx_word' id='word_1_251' title='bbox 915 891 961 917; x_wconf 84' lang='grc' dir='ltr'>τὸν</span> 
     </span>
    </p>
   </div>
   <div class='ocr_carea' id='block_1_35' title="bbox 1015 882 1426 927">
    <p class='ocr_par' dir='ltr' id='par_1_35' title="bbox 1015 882 1426 927">
     <span class='ocr_line' id='line_1_35' title="bbox 1015 882 1426 927; baseline -0.005 -8"><span class='ocrx_word' id='word_1_252' title='bbox 1015 882 1147 920; x_wconf 78' lang='lat' dir='ltr'><strong>ultionem</strong></span> <span class='ocrx_word' id='word_1_253' title='bbox 1160 894 1256 920; x_wconf 89' lang='lat' dir='ltr'><strong>merito</strong></span> <span class='ocrx_word' id='word_1_254' title='bbox 1274 891 1426 927; x_wconf 86' lang='lat' dir='ltr'><strong>patiemini.</strong></span> 
     </span>
    </p>
   </div>
   <div class='ocr_carea' id='block_1_36' title="bbox 175 931 1796 973">
    <p class='ocr_par' dir='ltr' id='par_1_36' title="bbox 175 931 1796 973">
     <span class='ocr_line' id='line_1_36' title="bbox 175 931 1796 973; baseline -0.001 -13"><span class='ocrx_word' id='word_1_255' title='bbox 175 934 269 970; x_wconf 84' lang='grc' dir='ltr'>καιρὸν</span> <span class='ocrx_word' id='word_1_256' title='bbox 286 935 390 961; x_wconf 75' lang='grc' dir='ltr'>ἐκεῖνον</span> <span class='ocrx_word' id='word_1_257' title='bbox 399 941 407 948; x_wconf 90' lang='grc'>·</span> <span class='ocrx_word' id='word_1_258' title='bbox 421 932 451 961; x_wconf 75' lang='grc' dir='ltr'><strong>οὗ</strong></span> <span class='ocrx_word' id='word_1_259' title='bbox 464 935 602 970; x_wconf 84' lang='grc' dir='ltr'>γνωρίμου</span> <span class='ocrx_word' id='word_1_260' title='bbox 616 935 794 969; x_wconf 81' lang='grc' dir='ltr'>τυγχάνοντος</span> <span class='ocrx_word' id='word_1_261' title='bbox 808 936 900 965; x_wconf 75' lang='grc' dir='ltr'>αὐτοῖς</span> <span class='ocrx_word' id='word_1_262' title='bbox 917 935 955 966; x_wconf 77' lang='grc' dir='ltr'>ὡς</span> <span class='ocrx_word' id='word_1_263' title='bbox 974 936 1047 968; x_wconf 68' lang='grc' dir='ltr'>εἰκὸς</span> <span class='ocrx_word' id='word_1_264' title='bbox 1069 938 1216 973; x_wconf 79' lang='grc' dir='ltr'>ἐποιήσατο</span> <span class='ocrx_word' id='word_1_265' title='bbox 1244 938 1352 972; x_wconf 79' lang='grc' dir='ltr'>μνήμην</span> <span class='ocrx_word' id='word_1_266' title='bbox 1361 945 1368 952; x_wconf 90' lang='grc'><strong>·</strong></span> <span class='ocrx_word' id='word_1_267' title='bbox 1383 937 1425 962; x_wconf 83' lang='grc' dir='ltr'>ὅτι</span> <span class='ocrx_word' id='word_1_268' title='bbox 1438 931 1489 962; x_wconf 76' lang='grc' dir='ltr'>Οἷα</span> <span class='ocrx_word' id='word_1_269' title='bbox 1500 934 1532 970; x_wconf 86' lang='grc' dir='ltr'><strong>δὴ</strong></span> <span class='ocrx_word' id='word_1_270' title='bbox 1554 934 1721 968; x_wconf 81' lang='grc' dir='ltr'>πεποιήκατε</span> <span class='ocrx_word' id='word_1_271' title='bbox 1735 932 1796 958; x_wconf 79' lang='grc' dir='ltr'>τότε</span> 
     </span>
    </p>
   </div>
   <div class='ocr_carea' id='block_1_37' title="bbox 173 979 1134 1015">
    <p class='ocr_par' dir='ltr' id='par_1_37' title="bbox 173 979 1134 1015">
     <span class='ocr_line' id='line_1_37' title="bbox 173 979 1134 1015; baseline 0.005 -10"><span class='ocrx_word' id='word_1_272' title='bbox 173 979 208 1006; x_wconf 86' lang='grc' dir='ltr'>δι’</span> <span class='ocrx_word' id='word_1_273' title='bbox 223 979 445 1014; x_wconf 79' lang='grc' dir='ltr'>ὑπερϐάλλουσαν</span> <span class='ocrx_word' id='word_1_274' title='bbox 462 979 571 1010; x_wconf 79' lang='grc' dir='ltr'>κακίαν,</span> <span class='ocrx_word' id='word_1_275' title='bbox 585 979 698 1006; x_wconf 76' lang='grc' dir='ltr'>τοιαῦτα</span> <span class='ocrx_word' id='word_1_276' title='bbox 714 979 841 1006; x_wconf 81' lang='grc' dir='ltr'>πείσεσθε</span> <span class='ocrx_word' id='word_1_277' title='bbox 856 980 903 1006; x_wconf 87' lang='grc' dir='ltr'>νῦν</span> <span class='ocrx_word' id='word_1_278' title='bbox 920 980 998 1015; x_wconf 83' lang='grc' dir='ltr'>ὑμεῖς</span> <span class='ocrx_word' id='word_1_279' title='bbox 1011 982 1134 1014; x_wconf 81' lang='grc' dir='ltr'>δικαίως.</span> 
     </span>
    </p>
   </div>
   <div class='ocr_carea' id='block_1_38' title="bbox 489 1024 646 1050">
    <p class='ocr_par' dir='ltr' id='par_1_38' title="bbox 489 1024 646 1050">
     <span class='ocr_line' id='line_1_38' title="bbox 489 1024 646 1050; baseline -0.006 0"><span class='ocrx_word' id='word_1_280' title='bbox 489 1024 566 1050; x_wconf 79' lang='grc' dir='ltr'><strong>ΚΕΦ.</strong></span> <span class='ocrx_word' id='word_1_281' title='bbox 595 1024 646 1050; x_wconf 84' lang='lat' dir='ltr'><strong>lA&#39;.</strong></span> 
     </span>
    </p>
   </div>
   <div class='ocr_carea' id='block_1_39' title="bbox 209 1069 964 1105">
    <p class='ocr_par' dir='ltr' id='par_1_39' title="bbox 209 1069 964 1105">
     <span class='ocr_line' id='line_1_39' title="bbox 209 1069 964 1105; baseline -0.001 -8"><span class='ocrx_word' id='word_1_282' title='bbox 209 1070 285 1105; x_wconf 82' lang='grc' dir='ltr'>Στίχ.</span> <span class='ocrx_word' id='word_1_283' title='bbox 299 1070 371 1096; x_wconf 88' lang='grc' dir='ltr'><strong>α’-δ’.</strong></span> <span class='ocrx_word' id='word_1_284' title='bbox 380 1084 415 1089; x_wconf 92' lang='grc'><strong><em>-</em></strong></span> <span class='ocrx_word' id='word_1_285' title='bbox 427 1079 435 1094; x_wconf 76' lang='grc' dir='ltr'><strong>ι</strong></span> <span class='ocrx_word' id='word_1_286' title='bbox 443 1069 559 1104; x_wconf 84' lang='grc' dir='ltr'>Ὀρθρου</span> <span class='ocrx_word' id='word_1_287' title='bbox 576 1069 778 1105; x_wconf 71' lang='grc' dir='ltr'>ἀπερρίφησαν.</span> <span class='ocrx_word' id='word_1_288' title='bbox 790 1079 800 1094; x_wconf 75' lang='grc' dir='ltr'><strong>ι</strong></span> <span class='ocrx_word' id='word_1_289' title='bbox 811 1069 888 1097; x_wconf 75' lang='grc' dir='ltr'>Μετὰ</span> <span class='ocrx_word' id='word_1_290' title='bbox 900 1069 964 1096; x_wconf 87' lang='grc' dir='ltr'>πολ-</span> 
     </span>
    </p>
   </div>
   <div class='ocr_carea' id='block_1_40' title="bbox 176 1115 963 1152">
    <p class='ocr_par' dir='ltr' id='par_1_40' title="bbox 176 1115 963 1152">
     <span class='ocr_line' id='line_1_40' title="bbox 176 1115 963 1152; baseline 0 -10"><span class='ocrx_word' id='word_1_291' title='bbox 176 1115 224 1151; x_wconf 84' lang='grc' dir='ltr'>λῆς</span> <span class='ocrx_word' id='word_1_292' title='bbox 236 1115 380 1142; x_wconf 76' lang='grc' dir='ltr'>πεσοῦνται</span> <span class='ocrx_word' id='word_1_293' title='bbox 396 1116 444 1150; x_wconf 82' lang='grc' dir='ltr'>τῆς</span> <span class='ocrx_word' id='word_1_294' title='bbox 454 1116 613 1151; x_wconf 77' lang='grc' dir='ltr'>ταχύτητος.</span> <span class='ocrx_word' id='word_1_295' title='bbox 627 1125 637 1141; x_wconf 75' lang='grc' dir='ltr'><strong>ι</strong></span> <span class='ocrx_word' id='word_1_296' title='bbox 654 1116 696 1147; x_wconf 84' lang='grc' dir='ltr'>Ὠς</span> <span class='ocrx_word' id='word_1_297' title='bbox 707 1115 804 1152; x_wconf 73' lang='grc' dir='ltr'>ὄρθρος</span> <span class='ocrx_word' id='word_1_298' title='bbox 813 1115 868 1151; x_wconf 83' lang='grc' dir='ltr'><strong>(Η)</strong></span> <span class='ocrx_word' id='word_1_299' title='bbox 877 1117 963 1152; x_wconf 79' lang='grc' dir='ltr'>ἁπερ-</span> 
     </span>
    </p>
   </div>
   <div class='ocr_carea' id='block_1_41' title="bbox 177 1160 963 1196">
    <p class='ocr_par' dir='ltr' id='par_1_41' title="bbox 177 1160 963 1196">
     <span class='ocr_line' id='line_1_41' title="bbox 177 1160 963 1196; baseline 0.001 -10"><span class='ocrx_word' id='word_1_300' title='bbox 177 1161 242 1196; x_wconf 66' lang='grc' dir='ltr'>ρίφη</span> <span class='ocrx_word' id='word_1_301' title='bbox 260 1160 387 1196; x_wconf 75' lang='grc' dir='ltr'>βασιλεὺς</span> <span class='ocrx_word' id='word_1_302' title='bbox 411 1160 528 1196; x_wconf 79' lang='grc' dir='ltr'>Ἰσραήλ.</span> <span class='ocrx_word' id='word_1_303' title='bbox 544 1170 553 1186; x_wconf 78' lang='grc' dir='ltr'><strong>ι</strong></span> <span class='ocrx_word' id='word_1_304' title='bbox 572 1161 654 1196; x_wconf 84' lang='grc' dir='ltr'>Δίκην</span> <span class='ocrx_word' id='word_1_305' title='bbox 667 1160 766 1196; x_wconf 71' lang='grc' dir='ltr'>ὄρθρου</span> <span class='ocrx_word' id='word_1_306' title='bbox 790 1161 858 1196; x_wconf 78' lang='grc' dir='ltr'>πρὸς</span> <span class='ocrx_word' id='word_1_307' title='bbox 875 1161 963 1195; x_wconf 80' lang='grc' dir='ltr'>ὀλίγον</span> 
     </span>
    </p>
   </div>
   <div class='ocr_carea' id='block_1_42' title="bbox 177 1202 964 1240">
    <p class='ocr_par' dir='ltr' id='par_1_42' title="bbox 177 1202 964 1240">
     <span class='ocr_line' id='line_1_42' title="bbox 177 1202 964 1240; baseline 0.003 -10"><span class='ocrx_word' id='word_1_308' title='bbox 177 1205 315 1239; x_wconf 73' lang='grc' dir='ltr'>φανέντος,</span> <span class='ocrx_word' id='word_1_309' title='bbox 330 1202 391 1231; x_wconf 82' lang='grc' dir='ltr'>εἶτα</span> <span class='ocrx_word' id='word_1_310' title='bbox 401 1205 581 1240; x_wconf 77' lang='grc' dir='ltr'>παυσομένου,</span> <span class='ocrx_word' id='word_1_311' title='bbox 597 1207 611 1232; x_wconf 86' lang='grc' dir='ltr'>ὁ</span> <span class='ocrx_word' id='word_1_312' title='bbox 629 1205 756 1240; x_wconf 75' lang='grc' dir='ltr'>βασιλεὺς</span> <span class='ocrx_word' id='word_1_313' title='bbox 767 1206 857 1232; x_wconf 83' lang='grc' dir='ltr'>αὐτῶν</span> <span class='ocrx_word' id='word_1_314' title='bbox 871 1206 964 1233; x_wconf 81' lang='grc' dir='ltr'>πεσεῖ-</span> 
     </span>
    </p>
   </div>
   <div class='ocr_carea' id='block_1_43' title="bbox 175 1249 963 1285">
    <p class='ocr_par' dir='ltr' id='par_1_43' title="bbox 175 1249 963 1285">
     <span class='ocr_line' id='line_1_43' title="bbox 175 1249 963 1285; baseline 0.001 -10"><span class='ocrx_word' id='word_1_315' title='bbox 175 1258 231 1276; x_wconf 80' lang='grc' dir='ltr'>ται.</span> <span class='ocrx_word' id='word_1_316' title='bbox 247 1249 286 1284; x_wconf 89' lang='lat' dir='ltr'><strong>(p.</strong></span> <span class='ocrx_word' id='word_1_317' title='bbox 298 1249 343 1284; x_wconf 83' lang='lat'><strong>80)</strong></span> <span class='ocrx_word' id='word_1_318' title='bbox 359 1258 370 1274; x_wconf 81' lang='grc'><strong><em>‹</em></strong></span> <span class='ocrx_word' id='word_1_319' title='bbox 386 1250 457 1275; x_wconf 80' lang='grc' dir='ltr'>Διότι</span> <span class='ocrx_word' id='word_1_320' title='bbox 472 1250 568 1285; x_wconf 85' lang='grc' dir='ltr'>νήπιος</span> <span class='ocrx_word' id='word_1_321' title='bbox 582 1250 698 1285; x_wconf 80' lang='grc' dir='ltr'>Ἰσραὴλ,</span> <span class='ocrx_word' id='word_1_322' title='bbox 708 1251 754 1276; x_wconf 90' lang='grc' dir='ltr'>κα¹ι</span> <span class='ocrx_word' id='word_1_323' title='bbox 767 1250 821 1285; x_wconf 80' lang='grc' dir='ltr'><strong>ἐγὼ</strong></span> <span class='ocrx_word' id='word_1_324' title='bbox 835 1251 963 1285; x_wconf 75' lang='grc' dir='ltr'>ἠγάπησα</span> 
     </span>
    </p>
   </div>
   <div class='ocr_carea' id='block_1_44' title="bbox 177 1295 964 1330">
    <p class='ocr_par' dir='ltr' id='par_1_44' title="bbox 177 1295 964 1330">
     <span class='ocr_line' id='line_1_44' title="bbox 177 1295 964 1330; baseline 0 -8"><span class='ocrx_word' id='word_1_325' title='bbox 177 1295 257 1322; x_wconf 76' lang='grc' dir='ltr'>αὐτόν</span> <span class='ocrx_word' id='word_1_326' title='bbox 268 1302 274 1308; x_wconf 93' lang='grc'>·</span> <span class='ocrx_word' id='word_1_327' title='bbox 290 1295 337 1321; x_wconf 72' lang='grc' dir='ltr'>καὶ</span> <span class='ocrx_word' id='word_1_328' title='bbox 362 1295 392 1327; x_wconf 77' lang='grc' dir='ltr'>ἐξ</span> <span class='ocrx_word' id='word_1_329' title='bbox 416 1295 554 1328; x_wconf 82' lang='grc' dir='ltr'>Αἰγύπτου</span> <span class='ocrx_word' id='word_1_330' title='bbox 574 1295 741 1330; x_wconf 81' lang='grc' dir='ltr'>μετεκάλεσα</span> <span class='ocrx_word' id='word_1_331' title='bbox 757 1296 865 1327; x_wconf 76' lang='grc' dir='ltr'>αὐτοὺς,</span> <span class='ocrx_word' id='word_1_332' title='bbox 878 1295 964 1327; x_wconf 76' lang='grc' dir='ltr'>οὕτως</span> 
     </span>
    </p>
   </div>
   <div class='ocr_carea' id='block_1_45' title="bbox 176 1339 963 1376">
    <p class='ocr_par' dir='ltr' id='par_1_45' title="bbox 176 1339 963 1376">
     <span class='ocr_line' id='line_1_45' title="bbox 176 1339 963 1376; baseline 0.001 -9"><span class='ocrx_word' id='word_1_333' title='bbox 176 1339 278 1376; x_wconf 79' lang='grc' dir='ltr'>ᾤχοντο</span> <span class='ocrx_word' id='word_1_334' title='bbox 292 1340 345 1367; x_wconf 74' lang='grc' dir='ltr'><strong>ἀπὸ</strong></span> <span class='ocrx_word' id='word_1_335' title='bbox 359 1340 504 1376; x_wconf 75' lang='grc' dir='ltr'>προσώπου</span> <span class='ocrx_word' id='word_1_336' title='bbox 522 1349 573 1375; x_wconf 83' lang='grc' dir='ltr'><strong>μου</strong></span> <span class='ocrx_word' id='word_1_337' title='bbox 584 1350 590 1357; x_wconf 88' lang='grc'><strong>·</strong></span> <span class='ocrx_word' id='word_1_338' title='bbox 609 1342 686 1368; x_wconf 75' lang='grc' dir='ltr'>αὐτοὶ</span> <span class='ocrx_word' id='word_1_339' title='bbox 701 1343 756 1373; x_wconf 82' lang='grc' dir='ltr'>τοῖς</span> <span class='ocrx_word' id='word_1_340' title='bbox 770 1342 875 1376; x_wconf 75' lang='grc' dir='ltr'>Βααλὶμ</span> <span class='ocrx_word' id='word_1_341' title='bbox 888 1341 963 1368; x_wconf 81' lang='grc' dir='ltr'>ἔθυον</span> 
     </span>
    </p>
   </div>
   <div class='ocr_carea' id='block_1_46' title="bbox 177 1386 964 1422">
    <p class='ocr_par' dir='ltr' id='par_1_46' title="bbox 177 1386 964 1422">
     <span class='ocr_line' id='line_1_46' title="bbox 177 1386 964 1422; baseline 0.001 -10"><span class='ocrx_word' id='word_1_342' title='bbox 177 1387 224 1412; x_wconf 70' lang='grc' dir='ltr'>καὶ</span> <span class='ocrx_word' id='word_1_343' title='bbox 233 1387 290 1417; x_wconf 80' lang='grc' dir='ltr'>τοῖς</span> <span class='ocrx_word' id='word_1_344' title='bbox 301 1386 429 1420; x_wconf 78' lang='grc' dir='ltr'>γλυπτοῖς</span> <span class='ocrx_word' id='word_1_345' title='bbox 440 1386 568 1421; x_wconf 68' lang='grc' dir='ltr'>ἐθυμίων.</span> <span class='ocrx_word' id='word_1_346' title='bbox 576 1397 585 1412; x_wconf 75' lang='grc' dir='ltr'><strong>ι</strong></span> <span class='ocrx_word' id='word_1_347' title='bbox 595 1387 700 1422; x_wconf 81' lang='grc' dir='ltr'>Νήπιον</span> <span class='ocrx_word' id='word_1_348' title='bbox 714 1387 791 1413; x_wconf 84' lang='grc' dir='ltr'>καλεῖ</span> <span class='ocrx_word' id='word_1_349' title='bbox 805 1387 849 1413; x_wconf 70' lang='grc' dir='ltr'>τὸν</span> <span class='ocrx_word' id='word_1_350' title='bbox 857 1387 964 1422; x_wconf 85' lang='grc' dir='ltr'>Ὶσραὴλ</span> 
     </span>
    </p>
   </div>
   <div class='ocr_carea' id='block_1_47' title="bbox 178 1432 965 1468">
    <p class='ocr_par' dir='ltr' id='par_1_47' title="bbox 178 1432 965 1468">
     <span class='ocr_line' id='line_1_47' title="bbox 178 1432 965 1468; baseline -0.001 -9"><span class='ocrx_word' id='word_1_351' title='bbox 178 1432 231 1459; x_wconf 82' lang='grc' dir='ltr'><strong>ἀπὸ</strong></span> <span class='ocrx_word' id='word_1_352' title='bbox 242 1432 291 1458; x_wconf 76' lang='grc' dir='ltr'>τοῦ</span> <span class='ocrx_word' id='word_1_353' title='bbox 307 1432 376 1458; x_wconf 78' lang='grc' dir='ltr'>κατὰ</span> <span class='ocrx_word' id='word_1_354' title='bbox 385 1433 432 1468; x_wconf 80' lang='grc' dir='ltr'>τὴν</span> <span class='ocrx_word' id='word_1_355' title='bbox 446 1433 583 1466; x_wconf 79' lang='grc' dir='ltr'>Αἴγυπτον</span> <span class='ocrx_word' id='word_1_356' title='bbox 595 1432 701 1468; x_wconf 79' lang='grc' dir='ltr'>καιροῦ,</span> <span class='ocrx_word' id='word_1_357' title='bbox 714 1433 830 1468; x_wconf 83' lang='grc' dir='ltr'>ὁπηνίκα</span> <span class='ocrx_word' id='word_1_358' title='bbox 841 1433 965 1458; x_wconf 82' lang='grc' dir='ltr'>συνεστά-</span> 
     </span>
    </p>
   </div>
   <div class='ocr_carea' id='block_1_48' title="bbox 178 1476 964 1513">
    <p class='ocr_par' dir='ltr' id='par_1_48' title="bbox 178 1476 964 1513">
     <span class='ocr_line' id='line_1_48' title="bbox 178 1476 964 1513; baseline 0 -9"><span class='ocrx_word' id='word_1_359' title='bbox 178 1487 220 1504; x_wconf 89' lang='grc' dir='ltr'><strong>ναι</strong></span> <span class='ocrx_word' id='word_1_360' title='bbox 239 1486 271 1504; x_wconf 76' lang='grc' dir='ltr'><strong>τε</strong></span> <span class='ocrx_word' id='word_1_361' title='bbox 296 1478 344 1504; x_wconf 77' lang='grc' dir='ltr'>καὶ</span> <span class='ocrx_word' id='word_1_362' title='bbox 365 1478 415 1512; x_wconf 82' lang='grc' dir='ltr'>τῆς</span> <span class='ocrx_word' id='word_1_363' title='bbox 434 1479 592 1512; x_wconf 78' lang='grc' dir='ltr'>ἐπιμελείας</span> <span class='ocrx_word' id='word_1_364' title='bbox 624 1476 725 1513; x_wconf 64' lang='grc' dir='ltr'>ἤρξατο</span> <span class='ocrx_word' id='word_1_365' title='bbox 745 1478 889 1513; x_wconf 80' lang='grc' dir='ltr'>τυγχάνειν</span> <span class='ocrx_word' id='word_1_366' title='bbox 916 1478 964 1512; x_wconf 78' lang='grc' dir='ltr'>τῆς</span> 
     </span>
    </p>
   </div>
   <div class='ocr_carea' id='block_1_49' title="bbox 179 1521 964 1558">
    <p class='ocr_par' dir='ltr' id='par_1_49' title="bbox 179 1521 964 1558">
     <span class='ocr_line' id='line_1_49' title="bbox 179 1521 964 1558; baseline -0.003 -8"><span class='ocrx_word' id='word_1_367' title='bbox 179 1523 263 1555; x_wconf 82' lang='grc' dir='ltr'>θείας.</span> <span class='ocrx_word' id='word_1_368' title='bbox 285 1523 355 1557; x_wconf 83' lang='grc' dir='ltr'><strong>Ἐγὼ</strong></span> <span class='ocrx_word' id='word_1_369' title='bbox 366 1523 416 1558; x_wconf 76' lang='grc' dir='ltr'>μὲν</span> <span class='ocrx_word' id='word_1_370' title='bbox 430 1523 493 1558; x_wconf 81' lang='grc' dir='ltr'>γὰρ,</span> <span class='ocrx_word' id='word_1_371' title='bbox 515 1523 607 1557; x_wconf 66' lang='grc' dir='ltr'>φησιν,</span> <span class='ocrx_word' id='word_1_372' title='bbox 623 1523 687 1550; x_wconf 77' lang='grc' dir='ltr'>εὐθὺ</span> <span class='ocrx_word' id='word_1_373' title='bbox 703 1523 749 1549; x_wconf 74' lang='grc' dir='ltr'>καὶ</span> <span class='ocrx_word' id='word_1_374' title='bbox 769 1523 839 1549; x_wconf 76' lang='grc' dir='ltr'>κατὰ</span> <span class='ocrx_word' id='word_1_375' title='bbox 854 1521 964 1557; x_wconf 79' lang='grc' dir='ltr'>πρώτας</span> 
     </span>
    </p>
   </div>
   <div class='ocr_carea' id='block_1_50' title="bbox 179 1567 964 1604">
    <p class='ocr_par' dir='ltr' id='par_1_50' title="bbox 179 1567 964 1604">
     <span class='ocr_line' id='line_1_50' title="bbox 179 1567 964 1604; baseline -0.004 -9"><span class='ocrx_word' id='word_1_376' title='bbox 179 1573 241 1604; x_wconf 74' lang='grc' dir='ltr'>αρτι</span> <span class='ocrx_word' id='word_1_377' title='bbox 253 1568 431 1595; x_wconf 75' lang='grc' dir='ltr'>συνίστασθαι</span> <span class='ocrx_word' id='word_1_378' title='bbox 445 1568 606 1603; x_wconf 81' lang='grc' dir='ltr'>ἀρξαμένων</span> <span class='ocrx_word' id='word_1_379' title='bbox 616 1568 716 1602; x_wconf 87' lang='grc' dir='ltr'>πολλὴν</span> <span class='ocrx_word' id='word_1_380' title='bbox 728 1567 899 1603; x_wconf 77' lang='grc' dir='ltr'>ἐποιησάμην</span> <span class='ocrx_word' id='word_1_381' title='bbox 915 1567 964 1602; x_wconf 87' lang='grc' dir='ltr'>τὴν</span> 
     </span>
    </p>
   </div>
   <div class='ocr_carea' id='block_1_51' title="bbox 180 1613 962 1649">
    <p class='ocr_par' dir='ltr' id='par_1_51' title="bbox 180 1613 962 1649">
     <span class='ocr_line' id='line_1_51' title="bbox 180 1613 962 1649; baseline -0.001 -9"><span class='ocrx_word' id='word_1_382' title='bbox 180 1615 319 1649; x_wconf 75' lang='grc' dir='ltr'>πρόνοιαν.</span> <span class='ocrx_word' id='word_1_383' title='bbox 337 1613 407 1640; x_wconf 81' lang='grc' dir='ltr'>ὥστε</span> <span class='ocrx_word' id='word_1_384' title='bbox 421 1613 518 1644; x_wconf 69' lang='grc' dir='ltr'>αὐτοὺς</span> <span class='ocrx_word' id='word_1_385' title='bbox 531 1614 578 1640; x_wconf 80' lang='grc' dir='ltr'>καὶ</span> <span class='ocrx_word' id='word_1_386' title='bbox 595 1614 730 1640; x_wconf 76' lang='grc' dir='ltr'>ὲκσπᾶσαι</span> <span class='ocrx_word' id='word_1_387' title='bbox 743 1615 793 1648; x_wconf 82' lang='grc' dir='ltr'>τῆς</span> <span class='ocrx_word' id='word_1_388' title='bbox 806 1613 944 1647; x_wconf 76' lang='grc' dir='ltr'>Αἰγύπτου</span> <span class='ocrx_word' id='word_1_389' title='bbox 955 1622 962 1630; x_wconf 91' lang='grc'><strong>·</strong></span> 
     </span>
    </p>
   </div>
   <div class='ocr_carea' id='block_1_52' title="bbox 1332 1024 1475 1052">
    <p class='ocr_par' dir='ltr' id='par_1_52' title="bbox 1332 1024 1475 1052">
     <span class='ocr_line' id='line_1_52' title="bbox 1332 1024 1475 1052; baseline -0.014 0"><span class='ocrx_word' id='word_1_390' title='bbox 1332 1024 1408 1052; x_wconf 74' lang='lat' dir='ltr'><strong>CAP.</strong></span> <span class='ocrx_word' id='word_1_391' title='bbox 1429 1024 1475 1052; x_wconf 79' lang='lat' dir='ltr'><strong>XI.</strong></span> 
     </span>
    </p>
   </div>
   <div class='ocr_carea' id='block_1_53' title="bbox 1048 1066 1798 1106">
    <p class='ocr_par' dir='ltr' id='par_1_53' title="bbox 1048 1066 1798 1106">
     <span class='ocr_line' id='line_1_53' title="bbox 1048 1066 1798 1106; baseline -0.009 -7"><span class='ocrx_word' id='word_1_392' title='bbox 1048 1072 1132 1099; x_wconf 71' lang='grc' dir='ltr'>νειιε.</span> <span class='ocrx_word' id='word_1_393' title='bbox 1154 1071 1298 1106; x_wconf 66' lang='grc' dir='ltr'><strong>ι-Δ.-52</strong></span> <span class='ocrx_word' id='word_1_394' title='bbox 1324 1080 1333 1096; x_wconf 76' lang='grc' dir='ltr'><strong>ι</strong></span> <span class='ocrx_word' id='word_1_395' title='bbox 1353 1070 1432 1097; x_wconf 71' lang='lat' dir='ltr'><strong>Mane</strong></span> <span class='ocrx_word' id='word_1_396' title='bbox 1457 1069 1555 1104; x_wconf 79' lang='lat' dir='ltr'><strong>abiecti</strong></span> <span class='ocrx_word' id='word_1_397' title='bbox 1581 1072 1655 1095; x_wconf 84' lang='lat' dir='ltr'><strong>sunt.</strong></span> <span class='ocrx_word' id='word_1_398' title='bbox 1677 1077 1687 1093; x_wconf 70' lang='grc' dir='ltr'><strong>ι</strong></span> <span class='ocrx_word' id='word_1_399' title='bbox 1714 1066 1798 1092; x_wconf 80' lang='lat' dir='ltr'><strong>Valde</strong></span> 
     </span>
    </p>
   </div>
   <div class='ocr_carea' id='block_1_54' title="bbox 1013 1112 1798 1148">
    <p class='ocr_par' dir='ltr' id='par_1_54' title="bbox 1013 1112 1798 1148">
     <span class='ocr_line' id='line_1_54' title="bbox 1013 1112 1798 1148; baseline -0.011 -2"><span class='ocrx_word' id='word_1_400' title='bbox 1013 1119 1141 1146; x_wconf 76' lang='lat' dir='ltr'><strong>velociter</strong></span> <span class='ocrx_word' id='word_1_401' title='bbox 1165 1119 1272 1145; x_wconf 85' lang='lat' dir='ltr'><strong>cadent.</strong></span> <span class='ocrx_word' id='word_1_402' title='bbox 1300 1127 1309 1143; x_wconf 74' lang='grc' dir='ltr'><strong>ι</strong></span> <span class='ocrx_word' id='word_1_403' title='bbox 1326 1116 1381 1144; x_wconf 89' lang='lat' dir='ltr'><strong>Ceu</strong></span> <span class='ocrx_word' id='word_1_404' title='bbox 1407 1116 1571 1143; x_wconf 81' lang='lat' dir='ltr'><strong>matutinum</strong></span> <span class='ocrx_word' id='word_1_405' title='bbox 1592 1118 1699 1148; x_wconf 85' lang='lat' dir='ltr'><strong>tempus</strong></span> <span class='ocrx_word' id='word_1_406' title='bbox 1723 1112 1798 1146; x_wconf 83' lang='lat' dir='ltr'><strong>abje-</strong></span> 
     </span>
    </p>
   </div>
   <div class='ocr_carea' id='block_1_55' title="bbox 1013 1160 1795 1193">
    <p class='ocr_par' dir='ltr' id='par_1_55' title="bbox 1013 1160 1795 1193">
     <span class='ocr_line' id='line_1_55' title="bbox 1013 1160 1795 1193; baseline -0.01 -1"><span class='ocrx_word' id='word_1_407' title='bbox 1013 1169 1074 1192; x_wconf 84' lang='lat' dir='ltr'><strong>ctus</strong></span> <span class='ocrx_word' id='word_1_408' title='bbox 1089 1164 1138 1191; x_wconf 87' lang='lat' dir='ltr'><strong>fuit</strong></span> <span class='ocrx_word' id='word_1_409' title='bbox 1151 1173 1195 1191; x_wconf 84' lang='lat' dir='ltr'><strong>rex</strong></span> <span class='ocrx_word' id='word_1_410' title='bbox 1210 1164 1329 1191; x_wconf 82' lang='lat' dir='ltr'><strong>lsraelis.</strong></span> <span class='ocrx_word' id='word_1_411' title='bbox 1347 1172 1355 1188; x_wconf 77' lang='grc' dir='ltr'><strong>ι</strong></span> <span class='ocrx_word' id='word_1_412' title='bbox 1374 1161 1454 1189; x_wconf 88' lang='lat' dir='ltr'><strong>Velut</strong></span> <span class='ocrx_word' id='word_1_413' title='bbox 1466 1169 1547 1188; x_wconf 86' lang='lat' dir='ltr'><strong>mane</strong></span> <span class='ocrx_word' id='word_1_414' title='bbox 1560 1160 1635 1187; x_wconf 83' lang='lat' dir='ltr'><strong>brevi</strong></span> <span class='ocrx_word' id='word_1_415' title='bbox 1650 1165 1795 1193; x_wconf 83' lang='lat' dir='ltr'><strong>apparens.</strong></span> 
     </span>
    </p>
   </div>
   <div class='ocr_carea' id='block_1_56' title="bbox 1013 1204 1798 1238">
    <p class='ocr_par' dir='ltr' id='par_1_56' title="bbox 1013 1204 1798 1238">
     <span class='ocr_line' id='line_1_56' title="bbox 1013 1204 1798 1238; baseline -0.01 -2"><span class='ocrx_word' id='word_1_416' title='bbox 1013 1213 1041 1236; x_wconf 87' lang='lat' dir='ltr'><strong>et</strong></span> <span class='ocrx_word' id='word_1_417' title='bbox 1055 1217 1116 1236; x_wconf 79' lang='lat' dir='ltr'><strong>mox</strong></span> <span class='ocrx_word' id='word_1_418' title='bbox 1128 1209 1267 1238; x_wconf 81' lang='lat' dir='ltr'><strong>desinens.</strong></span> <span class='ocrx_word' id='word_1_419' title='bbox 1283 1208 1319 1234; x_wconf 88' lang='lat' dir='ltr'><strong>ita</strong></span> <span class='ocrx_word' id='word_1_420' title='bbox 1338 1215 1385 1234; x_wconf 81' lang='lat' dir='ltr'><strong>rex</strong></span> <span class='ocrx_word' id='word_1_421' title='bbox 1400 1213 1494 1234; x_wconf 88' lang='lat' dir='ltr'><strong>eorum</strong></span> <span class='ocrx_word' id='word_1_422' title='bbox 1512 1206 1600 1232; x_wconf 80' lang='lat' dir='ltr'><strong>cadet.</strong></span> <span class='ocrx_word' id='word_1_423' title='bbox 1619 1213 1628 1229; x_wconf 83' lang='grc' dir='ltr'><strong>ι</strong></span> <span class='ocrx_word' id='word_1_424' title='bbox 1647 1204 1715 1236; x_wconf 77' lang='lat' dir='ltr'><strong>Quia</strong></span> <span class='ocrx_word' id='word_1_425' title='bbox 1732 1210 1798 1236; x_wconf 85' lang='lat' dir='ltr'><strong>puer</strong></span> 
     </span>
    </p>
   </div>
   <div class='ocr_carea' id='block_1_57' title="bbox 1014 1248 1796 1289">
    <p class='ocr_par' dir='ltr' id='par_1_57' title="bbox 1014 1248 1796 1289">
     <span class='ocr_line' id='line_1_57' title="bbox 1014 1248 1796 1289; baseline -0.01 -7"><span class='ocrx_word' id='word_1_426' title='bbox 1014 1254 1107 1284; x_wconf 80' lang='lat' dir='ltr'><strong>Israel.</strong></span> <span class='ocrx_word' id='word_1_427' title='bbox 1134 1259 1161 1282; x_wconf 92' lang='lat' dir='ltr'><strong>ct</strong></span> <span class='ocrx_word' id='word_1_428' title='bbox 1182 1262 1231 1289; x_wconf 78' lang='lat' dir='ltr'><strong>ego</strong></span> <span class='ocrx_word' id='word_1_429' title='bbox 1253 1253 1334 1280; x_wconf 81' lang='lat' dir='ltr'><strong>dilexi</strong></span> <span class='ocrx_word' id='word_1_430' title='bbox 1359 1260 1432 1280; x_wconf 88' lang='lat' dir='ltr'><strong>eum.</strong></span> <span class='ocrx_word' id='word_1_431' title='bbox 1458 1250 1494 1278; x_wconf 87' lang='lat' dir='ltr'><strong>Et</strong></span> <span class='ocrx_word' id='word_1_432' title='bbox 1508 1259 1540 1278; x_wconf 80' lang='lat' dir='ltr'><strong>ex</strong></span> <span class='ocrx_word' id='word_1_433' title='bbox 1565 1250 1682 1285; x_wconf 71' lang='lat' dir='ltr'><strong>A’gypto</strong></span> <span class='ocrx_word' id='word_1_434' title='bbox 1703 1248 1796 1274; x_wconf 80' lang='lat' dir='ltr'><strong>vocavi</strong></span> 
     </span>
    </p>
   </div>
   <div class='ocr_carea' id='block_1_58' title="bbox 1015 1294 1799 1332">
    <p class='ocr_par' dir='ltr' id='par_1_58' title="bbox 1015 1294 1799 1332">
     <span class='ocr_line' id='line_1_58' title="bbox 1015 1294 1799 1332; baseline -0.01 -4"><span class='ocrx_word' id='word_1_435' title='bbox 1015 1308 1074 1332; x_wconf 89' lang='lat' dir='ltr'><strong>eos,</strong></span> <span class='ocrx_word' id='word_1_436' title='bbox 1088 1301 1129 1327; x_wconf 87' lang='lat' dir='ltr'><strong>sic</strong></span> <span class='ocrx_word' id='word_1_437' title='bbox 1141 1300 1267 1326; x_wconf 87' lang='lat' dir='ltr'><strong>abierunt</strong></span> <span class='ocrx_word' id='word_1_438' title='bbox 1284 1307 1299 1326; x_wconf 85' lang='lat' dir='ltr'><strong>a</strong></span> <span class='ocrx_word' id='word_1_439' title='bbox 1313 1298 1382 1326; x_wconf 81' lang='lat' dir='ltr'><strong>facie</strong></span> <span class='ocrx_word' id='word_1_440' title='bbox 1396 1306 1473 1325; x_wconf 87' lang='lat' dir='ltr'><strong>mea:</strong></span> <span class='ocrx_word' id='word_1_441' title='bbox 1490 1297 1540 1332; x_wconf 89' lang='lat' dir='ltr'><strong>ipsi</strong></span> <span class='ocrx_word' id='word_1_442' title='bbox 1550 1296 1658 1328; x_wconf 21' lang='lat' dir='ltr'><strong>VBaalim</strong></span> <span class='ocrx_word' id='word_1_443' title='bbox 1674 1294 1799 1320; x_wconf 87' lang='lat' dir='ltr'><strong>immola-</strong></span> 
     </span>
    </p>
   </div>
   <div class='ocr_carea' id='block_1_59' title="bbox 1014 1340 1799 1380">
    <p class='ocr_par' dir='ltr' id='par_1_59' title="bbox 1014 1340 1799 1380">
     <span class='ocr_line' id='line_1_59' title="bbox 1014 1340 1799 1380; baseline -0.013 -6"><span class='ocrx_word' id='word_1_444' title='bbox 1014 1347 1089 1378; x_wconf 87' lang='lat' dir='ltr'><strong>battt,</strong></span> <span class='ocrx_word' id='word_1_445' title='bbox 1107 1351 1134 1373; x_wconf 88' lang='lat' dir='ltr'><strong>et</strong></span> <span class='ocrx_word' id='word_1_446' title='bbox 1149 1346 1322 1380; x_wconf 85' lang='lat' dir='ltr'><strong>sculptilibus</strong></span> <span class='ocrx_word' id='word_1_447' title='bbox 1341 1344 1496 1372; x_wconf 82' lang='lat' dir='ltr'><strong>adolebant.</strong></span> <span class='ocrx_word' id='word_1_448' title='bbox 1515 1353 1525 1369; x_wconf 79' lang='grc' dir='ltr'><strong>ι</strong></span> <span class='ocrx_word' id='word_1_449' title='bbox 1546 1343 1661 1369; x_wconf 73' lang='lat' dir='ltr'><strong>l&#39;uernm</strong></span> <span class='ocrx_word' id='word_1_450' title='bbox 1680 1340 1799 1374; x_wconf 74' lang='lat' dir='ltr'><strong>appellat</strong></span> 
     </span>
    </p>
   </div>
   <div class='ocr_carea' id='block_1_60' title="bbox 1014 1385 1798 1424">
    <p class='ocr_par' dir='ltr' id='par_1_60' title="bbox 1014 1385 1798 1424">
     <span class='ocr_line' id='line_1_60' title="bbox 1014 1385 1798 1424; baseline -0.011 -5"><span class='ocrx_word' id='word_1_451' title='bbox 1014 1391 1152 1419; x_wconf 87' lang='lat' dir='ltr'><strong>lsraelettt.</strong></span> <span class='ocrx_word' id='word_1_452' title='bbox 1173 1399 1188 1417; x_wconf 86' lang='lat' dir='ltr'><strong>a</strong></span> <span class='ocrx_word' id='word_1_453' title='bbox 1212 1396 1332 1424; x_wconf 88' lang='lat' dir='ltr'><strong>tempore</strong></span> <span class='ocrx_word' id='word_1_454' title='bbox 1346 1397 1401 1423; x_wconf 93' lang='lat' dir='ltr'><strong>quo</strong></span> <span class='ocrx_word' id='word_1_455' title='bbox 1421 1388 1472 1416; x_wconf 88' lang='lat' dir='ltr'><strong>fuit</strong></span> <span class='ocrx_word' id='word_1_456' title='bbox 1493 1388 1520 1414; x_wconf 90' lang='lat' dir='ltr'><strong>itt</strong></span> <span class='ocrx_word' id='word_1_457' title='bbox 1538 1388 1666 1421; x_wconf 65' lang='lat' dir='ltr'><strong>Aﬂgypto,</strong></span> <span class='ocrx_word' id='word_1_458' title='bbox 1681 1393 1743 1412; x_wconf 90' lang='lat' dir='ltr'><strong>cum</strong></span> <span class='ocrx_word' id='word_1_459' title='bbox 1771 1385 1798 1411; x_wconf 93' lang='lat' dir='ltr'><strong>in</strong></span> 
     </span>
    </p>
   </div>
   <div class='ocr_carea' id='block_1_61' title="bbox 1014 1428 1798 1471">
    <p class='ocr_par' dir='ltr' id='par_1_61' title="bbox 1014 1428 1798 1471">
     <span class='ocr_line' id='line_1_61' title="bbox 1014 1428 1798 1471; baseline -0.011 -8"><span class='ocrx_word' id='word_1_460' title='bbox 1014 1437 1143 1471; x_wconf 87' lang='lat' dir='ltr'><strong>populum</strong></span> <span class='ocrx_word' id='word_1_461' title='bbox 1154 1442 1312 1463; x_wconf 74' lang='lat' dir='ltr'><strong>excrescere</strong></span> <span class='ocrx_word' id='word_1_462' title='bbox 1323 1434 1414 1468; x_wconf 68' lang='lat' dir='ltr'><strong>coepit,</strong></span> <span class='ocrx_word' id='word_1_463' title='bbox 1429 1436 1457 1460; x_wconf 90' lang='lat' dir='ltr'><strong>et</strong></span> <span class='ocrx_word' id='word_1_464' title='bbox 1467 1439 1531 1459; x_wconf 85' lang='lat' dir='ltr'><strong>cura</strong></span> <span class='ocrx_word' id='word_1_465' title='bbox 1546 1432 1637 1459; x_wconf 88' lang='lat' dir='ltr'><strong>divina</strong></span> <span class='ocrx_word' id='word_1_466' title='bbox 1655 1430 1718 1457; x_wconf 88' lang='lat' dir='ltr'><strong>frui.</strong></span> <span class='ocrx_word' id='word_1_467' title='bbox 1732 1428 1798 1463; x_wconf 75' lang='lat' dir='ltr'><strong>Ego.</strong></span> 
     </span>
    </p>
   </div>
   <div class='ocr_carea' id='block_1_62' title="bbox 1016 1476 1801 1516">
    <p class='ocr_par' dir='ltr' id='par_1_62' title="bbox 1016 1476 1801 1516">
     <span class='ocr_line' id='line_1_62' title="bbox 1016 1476 1801 1516; baseline -0.01 -7"><span class='ocrx_word' id='word_1_468' title='bbox 1016 1482 1115 1516; x_wconf 87' lang='lat' dir='ltr'><strong>inquit,</strong></span> <span class='ocrx_word' id='word_1_469' title='bbox 1128 1482 1220 1509; x_wconf 85' lang='lat' dir='ltr'><strong>statim</strong></span> <span class='ocrx_word' id='word_1_470' title='bbox 1232 1485 1259 1508; x_wconf 89' lang='lat' dir='ltr'><strong>et</strong></span> <span class='ocrx_word' id='word_1_471' title='bbox 1270 1487 1335 1507; x_wconf 89' lang='lat' dir='ltr'><strong>tunc</strong></span> <span class='ocrx_word' id='word_1_472' title='bbox 1349 1480 1467 1515; x_wconf 91' lang='lat' dir='ltr'><strong>primum</strong></span> <span class='ocrx_word' id='word_1_473' title='bbox 1481 1478 1639 1513; x_wconf 88' lang='lat' dir='ltr'><strong>incipientis</strong></span> <span class='ocrx_word' id='word_1_474' title='bbox 1649 1476 1801 1503; x_wconf 67' lang='lat' dir='ltr'><strong>consistere</strong></span> 
     </span>
    </p>
   </div>
   <div class='ocr_carea' id='block_1_63' title="bbox 1015 1520 1800 1561">
    <p class='ocr_par' dir='ltr' id='par_1_63' title="bbox 1015 1520 1800 1561">
     <span class='ocr_line' id='line_1_63' title="bbox 1015 1520 1800 1561; baseline -0.011 -7"><span class='ocrx_word' id='word_1_475' title='bbox 1015 1529 1127 1554; x_wconf 89' lang='lat' dir='ltr'><strong>multant</strong></span> <span class='ocrx_word' id='word_1_476' title='bbox 1147 1527 1219 1561; x_wconf 83' lang='lat' dir='ltr'><strong>gessi</strong></span> <span class='ocrx_word' id='word_1_477' title='bbox 1238 1525 1448 1560; x_wconf 83' lang='lat' dir='ltr'><strong>providentiam,</strong></span> <span class='ocrx_word' id='word_1_478' title='bbox 1474 1524 1513 1550; x_wconf 88' lang='lat' dir='ltr'><strong>ita</strong></span> <span class='ocrx_word' id='word_1_479' title='bbox 1534 1528 1562 1550; x_wconf 87' lang='lat' dir='ltr'><strong>ut</strong></span> <span class='ocrx_word' id='word_1_480' title='bbox 1581 1523 1661 1550; x_wconf 87' lang='lat' dir='ltr'><strong>etiaut</strong></span> <span class='ocrx_word' id='word_1_481' title='bbox 1684 1520 1800 1556; x_wconf 65' lang='lat' dir='ltr'><strong>Egypto</strong></span> 
     </span>
    </p>
   </div>
   <div class='ocr_carea' id='block_1_64' title="bbox 1015 1569 1799 1605">
    <p class='ocr_par' dir='ltr' id='par_1_64' title="bbox 1015 1569 1799 1605">
     <span class='ocr_line' id='line_1_64' title="bbox 1015 1569 1799 1605; baseline -0.011 -5"><span class='ocrx_word' id='word_1_482' title='bbox 1015 1573 1196 1600; x_wconf 75' lang='lat' dir='ltr'><strong>cxtraxerim:</strong></span> <span class='ocrx_word' id='word_1_483' title='bbox 1213 1572 1250 1599; x_wconf 91' lang='lat' dir='ltr'><strong>illi</strong></span> <span class='ocrx_word' id='word_1_484' title='bbox 1265 1575 1355 1598; x_wconf 83' lang='lat' dir='ltr'><strong>autem</strong></span> <span class='ocrx_word' id='word_1_485' title='bbox 1370 1570 1501 1605; x_wconf 78' lang='lat' dir='ltr'><strong>:equalem</strong></span> <span class='ocrx_word' id='word_1_486' title='bbox 1522 1569 1607 1596; x_wconf 83' lang='lat' dir='ltr'><strong>amori</strong></span> <span class='ocrx_word' id='word_1_487' title='bbox 1628 1575 1689 1594; x_wconf 90' lang='lat' dir='ltr'><strong>meo</strong></span> <span class='ocrx_word' id='word_1_488' title='bbox 1702 1574 1734 1593; x_wconf 89' lang='lat' dir='ltr'><strong>ac</strong></span> <span class='ocrx_word' id='word_1_489' title='bbox 1750 1573 1799 1600; x_wconf 89' lang='lat' dir='ltr'><strong>pa-</strong></span> 
     </span>
    </p>
   </div>
   <div class='ocr_carea' id='block_1_65' title="bbox 1017 1611 1799 1651">
    <p class='ocr_par' dir='ltr' id='par_1_65' title="bbox 1017 1611 1799 1651">
     <span class='ocr_line' id='line_1_65' title="bbox 1017 1611 1799 1651; baseline -0.01 -6"><span class='ocrx_word' id='word_1_490' title='bbox 1017 1618 1133 1645; x_wconf 79' lang='lat' dir='ltr'><strong>trouinio</strong></span> <span class='ocrx_word' id='word_1_491' title='bbox 1148 1625 1226 1644; x_wconf 87' lang='lat' dir='ltr'><strong>suam</strong></span> <span class='ocrx_word' id='word_1_492' title='bbox 1243 1619 1474 1651; x_wconf 79' lang='lat' dir='ltr'><strong>cxprontpserunt</strong></span> <span class='ocrx_word' id='word_1_493' title='bbox 1496 1614 1657 1649; x_wconf 81' lang='lat' dir='ltr'><strong>nequitiam.</strong></span> <span class='ocrx_word' id='word_1_494' title='bbox 1673 1611 1763 1639; x_wconf 69' lang='lat' dir='ltr'><strong>statim</strong></span> <span class='ocrx_word' id='word_1_495' title='bbox 1785 1617 1799 1637; x_wconf 82' lang='lat' dir='ltr'><strong>a</strong></span> 
     </span>
    </p>
   </div>
   <div class='ocr_carea' id='block_1_66' title="bbox 181 1658 963 1694">
    <p class='ocr_par' dir='ltr' id='par_1_66' title="bbox 181 1658 963 1694">
     <span class='ocr_line' id='line_1_66' title="bbox 181 1658 963 1694; baseline -0.003 -8"><span class='ocrx_word' id='word_1_496' title='bbox 181 1660 206 1686; x_wconf 79' lang='grc' dir='ltr'>οἱ</span> <span class='ocrx_word' id='word_1_497' title='bbox 219 1659 247 1686; x_wconf 85' lang='grc' dir='ltr'>δὲ</span> <span class='ocrx_word' id='word_1_498' title='bbox 263 1659 394 1692; x_wconf 84' lang='grc' dir='ltr'>ἀνάλογον</span> <span class='ocrx_word' id='word_1_499' title='bbox 407 1659 439 1693; x_wconf 83' lang='grc' dir='ltr'><strong>τῇ</strong></span> <span class='ocrx_word' id='word_1_500' title='bbox 456 1659 519 1693; x_wconf 75' lang='grc' dir='ltr'><strong>περί</strong></span> <span class='ocrx_word' id='word_1_501' title='bbox 541 1658 639 1690; x_wconf 72' lang='grc' dir='ltr'>αὐτοὺς</span> <span class='ocrx_word' id='word_1_502' title='bbox 657 1659 750 1694; x_wconf 82' lang='grc' dir='ltr'>ἀγάπῃ</span> <span class='ocrx_word' id='word_1_503' title='bbox 766 1667 795 1684; x_wconf 86' lang='grc' dir='ltr'><strong>τε</strong></span> <span class='ocrx_word' id='word_1_504' title='bbox 810 1659 856 1684; x_wconf 77' lang='grc' dir='ltr'>καὶ</span> <span class='ocrx_word' id='word_1_505' title='bbox 871 1659 963 1693; x_wconf 82' lang='grc' dir='ltr'>ἐπιμε-</span> 
     </span>
    </p>
   </div>
   <div class='ocr_carea' id='block_1_67' title="bbox 1015 1658 1801 1694">
    <p class='ocr_par' dir='ltr' id='par_1_67' title="bbox 1018 1659 1801 1693">
     <span class='ocr_line' id='line_1_67' title="bbox 1018 1659 1801 1693; baseline -0.01 -3"><span class='ocrx_word' id='word_1_506' title='bbox 1018 1670 1060 1690; x_wconf 89' lang='lat' dir='ltr'><strong>me</strong></span> <span class='ocrx_word' id='word_1_507' title='bbox 1075 1662 1250 1693; x_wconf 81' lang='lat' dir='ltr'><strong>discedendo,</strong></span> <span class='ocrx_word' id='word_1_508' title='bbox 1265 1665 1292 1689; x_wconf 89' lang='lat' dir='ltr'><strong>et</strong></span> <span class='ocrx_word' id='word_1_509' title='bbox 1303 1661 1337 1688; x_wconf 86' lang='lat' dir='ltr'><strong>ad</strong></span> <span class='ocrx_word' id='word_1_510' title='bbox 1355 1661 1449 1688; x_wconf 88' lang='lat' dir='ltr'><strong>vitium</strong></span> <span class='ocrx_word' id='word_1_511' title='bbox 1465 1659 1637 1689; x_wconf 85' lang='lat' dir='ltr'><strong>declinando,</strong></span> <span class='ocrx_word' id='word_1_512' title='bbox 1659 1662 1801 1691; x_wconf 87' lang='lat' dir='ltr'><strong>totumque</strong></span> 
     </span>
    </p>
   </div>
   <div class='ocr_carea' id='block_1_68' title="bbox 181 1705 968 1743">
    <p class='ocr_par' dir='ltr' id='par_1_68' title="bbox 181 1705 968 1743">
     <span class='ocr_line' id='line_1_68' title="bbox 181 1705 968 1743; baseline -0.005 -9"><span class='ocrx_word' id='word_1_513' title='bbox 181 1707 240 1743; x_wconf 78' lang='grc' dir='ltr'>λείᾳ</span> <span class='ocrx_word' id='word_1_514' title='bbox 253 1707 303 1742; x_wconf 78' lang='grc' dir='ltr'>τὴν</span> <span class='ocrx_word' id='word_1_515' title='bbox 320 1706 424 1733; x_wconf 79' lang='grc' dir='ltr'>ἑαυτῶν</span> <span class='ocrx_word' id='word_1_516' title='bbox 441 1705 610 1736; x_wconf 80' lang='grc' dir='ltr'>ἐπεδείξαντο</span> <span class='ocrx_word' id='word_1_517' title='bbox 622 1705 819 1738; x_wconf 80' lang='grc' dir='ltr'>κακίαν,εύθὺς</span> <span class='ocrx_word' id='word_1_518' title='bbox 835 1705 968 1731; x_wconf 86' lang='grc' dir='ltr'>ἀποστάν-</span> 
     </span>
    </p>
   </div>
   <div class='ocr_carea' id='block_1_69' title="bbox 180 1750 967 1786">
    <p class='ocr_par' dir='ltr' id='par_1_69' title="bbox 180 1750 967 1786">
     <span class='ocr_line' id='line_1_69' title="bbox 180 1750 967 1786; baseline -0.004 -7"><span class='ocrx_word' id='word_1_519' title='bbox 180 1761 226 1783; x_wconf 83' lang='grc' dir='ltr'><strong>τες</strong></span> <span class='ocrx_word' id='word_1_520' title='bbox 251 1752 329 1786; x_wconf 68' lang='grc' dir='ltr'>ἐμοῦ,</span> <span class='ocrx_word' id='word_1_521' title='bbox 354 1751 402 1778; x_wconf 76' lang='grc' dir='ltr'><strong>καὶ</strong></span> <span class='ocrx_word' id='word_1_522' title='bbox 416 1750 565 1786; x_wconf 76' lang='grc' dir='ltr'>τραπέντες</span> <span class='ocrx_word' id='word_1_523' title='bbox 582 1751 628 1776; x_wconf 77' lang='grc' dir='ltr'><strong>ἐπὶ</strong></span> <span class='ocrx_word' id='word_1_524' title='bbox 645 1750 676 1776; x_wconf 83' lang='grc' dir='ltr'>τὸ</span> <span class='ocrx_word' id='word_1_525' title='bbox 693 1751 794 1785; x_wconf 86' lang='grc' dir='ltr'>χεῖρον,</span> <span class='ocrx_word' id='word_1_526' title='bbox 811 1751 857 1777; x_wconf 74' lang='grc' dir='ltr'>καὶ</span> <span class='ocrx_word' id='word_1_527' title='bbox 872 1750 903 1784; x_wconf 87' lang='grc' dir='ltr'>δὴ</span> <span class='ocrx_word' id='word_1_528' title='bbox 921 1750 967 1777; x_wconf 78' lang='grc' dir='ltr'>καὶ</span> 
     </span>
    </p>
   </div>
   <div class='ocr_carea' id='block_1_70' title="bbox 181 1795 965 1831">
    <p class='ocr_par' dir='ltr' id='par_1_70' title="bbox 181 1795 965 1831">
     <span class='ocr_line' id='line_1_70' title="bbox 181 1795 965 1831; baseline -0.004 -7"><span class='ocrx_word' id='word_1_529' title='bbox 181 1799 236 1829; x_wconf 81' lang='grc' dir='ltr'>τοῖς</span> <span class='ocrx_word' id='word_1_530' title='bbox 252 1797 373 1828; x_wconf 80' lang='grc' dir='ltr'>εἰδώλοις</span> <span class='ocrx_word' id='word_1_531' title='bbox 388 1797 496 1823; x_wconf 76' lang='grc' dir='ltr'>ἃπασαν</span> <span class='ocrx_word' id='word_1_532' title='bbox 513 1795 562 1831; x_wconf 81' lang='grc' dir='ltr'>τὴν</span> <span class='ocrx_word' id='word_1_533' title='bbox 576 1796 638 1830; x_wconf 78' lang='grc' dir='ltr'>ἐμοὶ</span> <span class='ocrx_word' id='word_1_534' title='bbox 652 1796 843 1831; x_wconf 83' lang='grc' dir='ltr'>προσήκουσαν</span> <span class='ocrx_word' id='word_1_535' title='bbox 859 1796 965 1830; x_wconf 85' lang='grc' dir='ltr'>νείμαν-</span> 
     </span>
    </p>
   </div>
   <div class='ocr_carea' id='block_1_71' title="bbox 181 1840 964 1876">
    <p class='ocr_par' dir='ltr' id='par_1_71' title="bbox 181 1840 964 1876">
     <span class='ocr_line' id='line_1_71' title="bbox 181 1840 964 1876; baseline 0 -8"><span class='ocrx_word' id='word_1_536' title='bbox 181 1851 226 1874; x_wconf 85' lang='grc' dir='ltr'><strong>τες</strong></span> <span class='ocrx_word' id='word_1_537' title='bbox 244 1842 374 1876; x_wconf 85' lang='grc' dir='ltr'>σπουδήν.</span> <span class='ocrx_word' id='word_1_538' title='bbox 400 1850 409 1866; x_wconf 83' lang='grc' dir='ltr'><strong>ι</strong></span> <span class='ocrx_word' id='word_1_539' title='bbox 429 1841 483 1867; x_wconf 69' lang='grc' dir='ltr'><strong>Καὶ</strong></span> <span class='ocrx_word' id='word_1_540' title='bbox 498 1840 553 1874; x_wconf 80' lang='grc' dir='ltr'><strong>ἐγὼ</strong></span> <span class='ocrx_word' id='word_1_541' title='bbox 567 1841 728 1867; x_wconf 74' lang='grc' dir='ltr'>συνεπόδισα</span> <span class='ocrx_word' id='word_1_542' title='bbox 745 1841 788 1867; x_wconf 83' lang='grc' dir='ltr'>τὸν</span> <span class='ocrx_word' id='word_1_543' title='bbox 809 1841 936 1876; x_wconf 76' lang='grc' dir='ltr'>Ἐφραῖμ.</span> <span class='ocrx_word' id='word_1_544' title='bbox 954 1850 964 1867; x_wconf 67' lang='grc' dir='ltr'><strong>ι</strong></span> 
     </span>
    </p>
   </div>
   <div class='ocr_carea' id='block_1_72' title="bbox 182 1886 966 1922">
    <p class='ocr_par' dir='ltr' id='par_1_72' title="bbox 182 1886 966 1922">
     <span class='ocr_line' id='line_1_72' title="bbox 182 1886 966 1922; baseline -0.003 -7"><span class='ocrx_word' id='word_1_545' title='bbox 182 1888 278 1915; x_wconf 78' lang='grc' dir='ltr'>Καίτοι</span> <span class='ocrx_word' id='word_1_546' title='bbox 289 1896 320 1922; x_wconf 85' lang='grc' dir='ltr'><strong>γε</strong></span> <span class='ocrx_word' id='word_1_547' title='bbox 333 1886 548 1922; x_wconf 80' lang='grc' dir='ltr'>διεσπαρμένους</span> <span class='ocrx_word' id='word_1_548' title='bbox 563 1886 615 1912; x_wconf 80' lang='grc' dir='ltr'><strong>ὑπὸ</strong></span> <span class='ocrx_word' id='word_1_549' title='bbox 625 1886 678 1912; x_wconf 82' lang='grc' dir='ltr'>τῶν</span> <span class='ocrx_word' id='word_1_550' title='bbox 690 1886 781 1913; x_wconf 82' lang='grc' dir='ltr'>κακῶν</span> <span class='ocrx_word' id='word_1_551' title='bbox 792 1886 862 1912; x_wconf 85' lang='grc' dir='ltr'>κατὰ.</span> <span class='ocrx_word' id='word_1_552' title='bbox 869 1886 916 1922; x_wconf 85' lang='grc' dir='ltr'><strong>τὴν</strong></span> <span class='ocrx_word' id='word_1_553' title='bbox 924 1887 966 1913; x_wconf 80' lang='grc' dir='ltr'><strong>Δί’-</strong></span> 
     </span>
    </p>
   </div>
   <div class='ocr_carea' id='block_1_73' title="bbox 183 1931 967 1967">
    <p class='ocr_par' dir='ltr' id='par_1_73' title="bbox 183 1931 967 1967">
     <span class='ocr_line' id='line_1_73' title="bbox 183 1931 967 1967; baseline -0.004 -7"><span class='ocrx_word' id='word_1_554' title='bbox 183 1942 294 1967; x_wconf 82' lang='grc' dir='ltr'>γυπτον,</span> <span class='ocrx_word' id='word_1_555' title='bbox 310 1932 365 1966; x_wconf 74' lang='grc' dir='ltr'><strong>ἐγὼ</strong></span> <span class='ocrx_word' id='word_1_556' title='bbox 383 1932 428 1958; x_wconf 80' lang='grc' dir='ltr'>διὰ</span> <span class='ocrx_word' id='word_1_557' title='bbox 443 1932 491 1966; x_wconf 85' lang='grc' dir='ltr'>τῆς</span> <span class='ocrx_word' id='word_1_558' title='bbox 507 1931 665 1967; x_wconf 77' lang='grc' dir='ltr'>ἐπιμελείας</span> <span class='ocrx_word' id='word_1_559' title='bbox 680 1932 728 1966; x_wconf 84' lang='grc' dir='ltr'>τῆς</span> <span class='ocrx_word' id='word_1_560' title='bbox 741 1931 810 1966; x_wconf 77' lang='grc' dir='ltr'>ἐμῆς</span> <span class='ocrx_word' id='word_1_561' title='bbox 822 1931 861 1962; x_wconf 83' lang='grc' dir='ltr'><strong>εἰς</strong></span> <span class='ocrx_word' id='word_1_562' title='bbox 872 1931 967 1957; x_wconf 78' lang='grc' dir='ltr'>ταύτὸν</span> 
     </span>
    </p>
   </div>
   <div class='ocr_carea' id='block_1_74' title="bbox 183 1976 963 2013">
    <p class='ocr_par' dir='ltr' id='par_1_74' title="bbox 183 1976 963 2013">
     <span class='ocr_line' id='line_1_74' title="bbox 183 1976 963 2013; baseline -0.005 -7"><span class='ocrx_word' id='word_1_563' title='bbox 183 1980 342 2013; x_wconf 78' lang='grc' dir='ltr'>συνήγαγον.</span> <span class='ocrx_word' id='word_1_564' title='bbox 349 1989 357 2003; x_wconf 81' lang='grc' dir='ltr'><strong>ι</strong></span> <span class='ocrx_word' id='word_1_565' title='bbox 363 1977 419 2004; x_wconf 84' lang='grc' dir='ltr'><strong>Καὶ</strong></span> <span class='ocrx_word' id='word_1_566' title='bbox 427 1977 553 2004; x_wconf 77' lang='grc' dir='ltr'>ἀνέλαϐον</span> <span class='ocrx_word' id='word_1_567' title='bbox 561 1977 640 2003; x_wconf 82' lang='grc' dir='ltr'>αὑτὸν</span> <span class='ocrx_word' id='word_1_568' title='bbox 648 1977 693 2002; x_wconf 76' lang='grc' dir='ltr'><strong>ἐπὶ</strong></span> <span class='ocrx_word' id='word_1_569' title='bbox 699 1976 744 2002; x_wconf 76' lang='grc' dir='ltr'>τὸν</span> <span class='ocrx_word' id='word_1_570' title='bbox 751 1976 879 2011; x_wconf 83' lang='grc' dir='ltr'>βραχίονά</span> <span class='ocrx_word' id='word_1_571' title='bbox 887 1985 946 2010; x_wconf 88' lang='grc' dir='ltr'>μου.</span> <span class='ocrx_word' id='word_1_572' title='bbox 954 1988 963 2002; x_wconf 80' lang='grc' dir='ltr'><strong>ι</strong></span> 
     </span>
    </p>
   </div>
   <div class='ocr_carea' id='block_1_75' title="bbox 183 2021 967 2058">
    <p class='ocr_par' dir='ltr' id='par_1_75' title="bbox 183 2021 967 2058">
     <span class='ocr_line' id='line_1_75' title="bbox 183 2021 967 2058; baseline -0.005 -7"><span class='ocrx_word' id='word_1_573' title='bbox 183 2025 237 2051; x_wconf 79' lang='grc' dir='ltr'><strong>Καὶ</strong></span> <span class='ocrx_word' id='word_1_574' title='bbox 244 2024 293 2058; x_wconf 82' lang='grc' dir='ltr'>τῆς</span> <span class='ocrx_word' id='word_1_575' title='bbox 301 2023 460 2058; x_wconf 73' lang='grc' dir='ltr'>ἐπιμελείας</span> <span class='ocrx_word' id='word_1_576' title='bbox 467 2022 547 2048; x_wconf 84' lang='grc' dir='ltr'>αὐτὸν</span> <span class='ocrx_word' id='word_1_577' title='bbox 555 2021 625 2048; x_wconf 82' lang='grc' dir='ltr'>κατὰ</span> <span class='ocrx_word' id='word_1_578' title='bbox 632 2022 682 2057; x_wconf 80' lang='grc' dir='ltr'>τὴν</span> <span class='ocrx_word' id='word_1_579' title='bbox 689 2021 800 2056; x_wconf 84' lang='grc' dir='ltr'>δύναμιν</span> <span class='ocrx_word' id='word_1_580' title='bbox 808 2021 911 2056; x_wconf 67' lang='grc' dir='ltr'>ἠξίωσα</span> <span class='ocrx_word' id='word_1_581' title='bbox 918 2021 967 2055; x_wconf 81' lang='grc' dir='ltr'>τὴν</span> 
     </span>
    </p>
   </div>
   <div class='ocr_carea' id='block_1_76' title="bbox 183 2065 967 2104">
    <p class='ocr_par' dir='ltr' id='par_1_76' title="bbox 183 2065 967 2104">
     <span class='ocr_line' id='line_1_76' title="bbox 183 2065 967 2104; baseline -0.006 -9"><span class='ocrx_word' id='word_1_582' title='bbox 183 2069 263 2104; x_wconf 80' lang='grc' dir='ltr'>ἐμήν.</span> <span class='ocrx_word' id='word_1_583' title='bbox 284 2078 293 2093; x_wconf 72' lang='grc' dir='ltr'><strong>ι</strong></span> <span class='ocrx_word' id='word_1_584' title='bbox 313 2068 367 2094; x_wconf 60' lang='grc' dir='ltr'><strong>Καὶ</strong></span> <span class='ocrx_word' id='word_1_585' title='bbox 382 2068 432 2094; x_wconf 71' lang='grc' dir='ltr'>οὐκ</span> <span class='ocrx_word' id='word_1_586' title='bbox 457 2066 577 2100; x_wconf 73' lang='grc' dir='ltr'>ἔγνωσαν</span> <span class='ocrx_word' id='word_1_587' title='bbox 590 2067 631 2092; x_wconf 82' lang='grc' dir='ltr'>ὅτι</span> <span class='ocrx_word' id='word_1_588' title='bbox 646 2066 724 2100; x_wconf 80' lang='grc' dir='ltr'>ἴαμαι</span> <span class='ocrx_word' id='word_1_589' title='bbox 742 2065 848 2096; x_wconf 82' lang='grc' dir='ltr'>αὐτούς.</span> <span class='ocrx_word' id='word_1_590' title='bbox 868 2075 877 2090; x_wconf 77' lang='grc' dir='ltr'><strong>ι</strong></span> <span class='ocrx_word' id='word_1_591' title='bbox 897 2065 967 2091; x_wconf 82' lang='grc' dir='ltr'>Οίδὲ</span> 
     </span>
    </p>
   </div>
   <div class='ocr_carea' id='block_1_77' title="bbox 183 2111 965 2148">
    <p class='ocr_par' dir='ltr' id='par_1_77' title="bbox 183 2111 965 2148">
     <span class='ocr_line' id='line_1_77' title="bbox 183 2111 965 2148; baseline -0.005 -8"><span class='ocrx_word' id='word_1_592' title='bbox 183 2113 330 2148; x_wconf 76' lang='grc' dir='ltr'>ἐπιγνῶναι</span> <span class='ocrx_word' id='word_1_593' title='bbox 347 2122 380 2148; x_wconf 87' lang='grc' dir='ltr'><strong>με</strong></span> <span class='ocrx_word' id='word_1_594' title='bbox 396 2113 441 2138; x_wconf 76' lang='grc' dir='ltr'>τὸν</span> <span class='ocrx_word' id='word_1_595' title='bbox 454 2112 586 2138; x_wconf 82' lang='grc' dir='ltr'>τοσούτων</span> <span class='ocrx_word' id='word_1_596' title='bbox 600 2111 698 2142; x_wconf 77' lang='grc' dir='ltr'>αὐτοὺς</span> <span class='ocrx_word' id='word_1_597' title='bbox 710 2111 901 2142; x_wconf 76' lang='grc' dir='ltr'>ἀπαλλάξαντα</span> <span class='ocrx_word' id='word_1_598' title='bbox 916 2120 965 2137; x_wconf 87' lang='grc' dir='ltr'>κα-</span> 
     </span>
    </p>
   </div>
   <div class='ocr_carea' id='block_1_78' title="bbox 183 2158 966 2193">
    <p class='ocr_par' dir='ltr' id='par_1_78' title="bbox 183 2158 966 2193">
     <span class='ocr_line' id='line_1_78' title="bbox 183 2158 966 2193; baseline -0.004 -7"><span class='ocrx_word' id='word_1_599' title='bbox 183 2160 249 2192; x_wconf 83' lang='grc' dir='ltr'>κῶν,</span> <span class='ocrx_word' id='word_1_600' title='bbox 274 2160 322 2186; x_wconf 75' lang='grc' dir='ltr'>οὐκ</span> <span class='ocrx_word' id='word_1_601' title='bbox 350 2159 543 2193; x_wconf 73' lang='grc' dir='ltr'>ἐϐουλήθησαν.</span> <span class='ocrx_word' id='word_1_602' title='bbox 568 2168 577 2184; x_wconf 85' lang='grc'><strong><em>‹</em></strong></span> <span class='ocrx_word' id='word_1_603' title='bbox 603 2158 647 2184; x_wconf 84' lang='grc' dir='ltr'>Ἐν</span> <span class='ocrx_word' id='word_1_604' title='bbox 666 2158 798 2193; x_wconf 70' lang='grc' dir='ltr'>διαφθορᾷ</span> <span class='ocrx_word' id='word_1_605' title='bbox 818 2158 966 2193; x_wconf 85' lang='grc' dir='ltr'>ἀνθρώπων</span> 
     </span>
    </p>
   </div>
   <div class='ocr_carea' id='block_1_79' title="bbox 183 2203 967 2238">
    <p class='ocr_par' dir='ltr' id='par_1_79' title="bbox 183 2203 967 2238">
     <span class='ocr_line' id='line_1_79' title="bbox 183 2203 967 2238; baseline -0.004 -6"><span class='ocrx_word' id='word_1_606' title='bbox 183 2206 295 2232; x_wconf 84' lang='grc' dir='ltr'>εἴλκυσα</span> <span class='ocrx_word' id='word_1_607' title='bbox 314 2205 423 2236; x_wconf 67' lang='grc' dir='ltr'>αὐτοὺς,</span> <span class='ocrx_word' id='word_1_608' title='bbox 440 2205 468 2230; x_wconf 84' lang='grc' dir='ltr'>ὲν</span> <span class='ocrx_word' id='word_1_609' title='bbox 490 2204 597 2238; x_wconf 82' lang='grc' dir='ltr'>δεσμοῖς</span> <span class='ocrx_word' id='word_1_610' title='bbox 617 2203 780 2237; x_wconf 81' lang='grc' dir='ltr'>ἀγαπήσεώς</span> <span class='ocrx_word' id='word_1_611' title='bbox 801 2212 861 2237; x_wconf 87' lang='grc' dir='ltr'>μου.</span> <span class='ocrx_word' id='word_1_612' title='bbox 879 2213 889 2229; x_wconf 74' lang='grc' dir='ltr'><strong>ι</strong></span> <span class='ocrx_word' id='word_1_613' title='bbox 906 2203 967 2229; x_wconf 75' lang='grc' dir='ltr'><strong>Οὐδ’</strong></span> 
     </span>
    </p>
   </div>
   <div class='ocr_carea' id='block_1_80' title="bbox 183 2248 968 2284">
    <p class='ocr_par' dir='ltr' id='par_1_80' title="bbox 183 2248 968 2284">
     <span class='ocr_line' id='line_1_80' title="bbox 183 2248 968 2284; baseline -0.005 -6"><span class='ocrx_word' id='word_1_614' title='bbox 183 2252 224 2278; x_wconf 78' lang='grc' dir='ltr'>ὅτι</span> <span class='ocrx_word' id='word_1_615' title='bbox 237 2250 308 2278; x_wconf 77' lang='grc' dir='ltr'>κατὰ</span> <span class='ocrx_word' id='word_1_616' title='bbox 320 2251 364 2276; x_wconf 79' lang='grc' dir='ltr'><strong>τὸν</strong></span> <span class='ocrx_word' id='word_1_617' title='bbox 379 2250 461 2284; x_wconf 78' lang='grc' dir='ltr'>νόμον</span> <span class='ocrx_word' id='word_1_618' title='bbox 475 2248 625 2283; x_wconf 82' lang='grc' dir='ltr'>ἀνθρώπων</span> <span class='ocrx_word' id='word_1_619' title='bbox 644 2248 844 2284; x_wconf 82' lang='grc' dir='ltr'>διαφθείρεσθαι</span> <span class='ocrx_word' id='word_1_620' title='bbox 862 2249 968 2284; x_wconf 83' lang='grc' dir='ltr'>μέλλον-</span> 
     </span>
    </p>
   </div>
   <div class='ocr_carea' id='block_1_81' title="bbox 184 2295 967 2331">
    <p class='ocr_par' dir='ltr' id='par_1_81' title="bbox 184 2295 967 2331">
     <span class='ocr_line' id='line_1_81' title="bbox 184 2295 967 2331; baseline -0.003 -7"><span class='ocrx_word' id='word_1_621' title='bbox 184 2306 232 2329; x_wconf 79' lang='grc' dir='ltr'><strong>τας</strong></span> <span class='ocrx_word' id='word_1_622' title='bbox 246 2297 386 2328; x_wconf 78' lang='grc' dir='ltr'>ὲξέσπασα</span> <span class='ocrx_word' id='word_1_623' title='bbox 406 2295 508 2326; x_wconf 76' lang='grc' dir='ltr'>πάντας</span> <span class='ocrx_word' id='word_1_624' title='bbox 525 2295 632 2326; x_wconf 79' lang='grc' dir='ltr'>αὐτοὺς,</span> <span class='ocrx_word' id='word_1_625' title='bbox 644 2295 805 2330; x_wconf 70' lang='grc' dir='ltr'>ἀπορρήτως</span> <span class='ocrx_word' id='word_1_626' title='bbox 822 2297 855 2330; x_wconf 85' lang='grc' dir='ltr'><strong>τῇ</strong></span> <span class='ocrx_word' id='word_1_627' title='bbox 872 2295 967 2331; x_wconf 81' lang='grc' dir='ltr'>ἀγάπῃ</span> 
     </span>
    </p>
   </div>
   <div class='ocr_carea' id='block_1_82' title="bbox 1018 1703 1802 1742">
    <p class='ocr_par' dir='ltr' id='par_1_82' title="bbox 1018 1703 1802 1742">
     <span class='ocr_line' id='line_1_82' title="bbox 1018 1703 1802 1742; baseline -0.01 -7"><span class='ocrx_word' id='word_1_628' title='bbox 1018 1716 1110 1739; x_wconf 82' lang='lat' dir='ltr'><strong>suum,</strong></span> <span class='ocrx_word' id='word_1_629' title='bbox 1127 1707 1199 1742; x_wconf 90' lang='lat' dir='ltr'><strong>quod</strong></span> <span class='ocrx_word' id='word_1_630' title='bbox 1213 1707 1278 1734; x_wconf 82' lang='lat' dir='ltr'><strong>milii</strong></span> <span class='ocrx_word' id='word_1_631' title='bbox 1290 1706 1437 1738; x_wconf 88' lang='lat' dir='ltr'><strong>debebant,</strong></span> <span class='ocrx_word' id='word_1_632' title='bbox 1455 1705 1575 1732; x_wconf 81' lang='lat' dir='ltr'><strong>studium</strong></span> <span class='ocrx_word' id='word_1_633' title='bbox 1598 1703 1679 1730; x_wconf 83' lang='lat' dir='ltr'><strong>idolis</strong></span> <span class='ocrx_word' id='word_1_634' title='bbox 1697 1703 1802 1736; x_wconf 85' lang='lat' dir='ltr'><strong>impen-</strong></span> 
     </span>
    </p>
   </div>
   <div class='ocr_carea' id='block_1_83' title="bbox 1019 1747 1801 1788">
    <p class='ocr_par' dir='ltr' id='par_1_83' title="bbox 1019 1747 1801 1788">
     <span class='ocr_line' id='line_1_83' title="bbox 1019 1747 1801 1788; baseline -0.012 -7"><span class='ocrx_word' id='word_1_635' title='bbox 1019 1754 1115 1788; x_wconf 89' lang='lat' dir='ltr'><strong>pendo.</strong></span> <span class='ocrx_word' id='word_1_636' title='bbox 1132 1763 1141 1779; x_wconf 79' lang='grc' dir='ltr'><strong>ι</strong></span> <span class='ocrx_word' id='word_1_637' title='bbox 1162 1753 1193 1779; x_wconf 82' lang='grc' dir='ltr'>Ει</span> <span class='ocrx_word' id='word_1_638' title='bbox 1208 1760 1259 1788; x_wconf 87' lang='lat' dir='ltr'><strong>ego</strong></span> <span class='ocrx_word' id='word_1_639' title='bbox 1278 1751 1403 1787; x_wconf 87' lang='lat' dir='ltr'><strong>colligavi</strong></span> <span class='ocrx_word' id='word_1_640' title='bbox 1423 1750 1612 1785; x_wconf 87' lang='lat' dir='ltr'><strong>Ephraimum.</strong></span> <span class='ocrx_word' id='word_1_641' title='bbox 1628 1758 1637 1774; x_wconf 77' lang='grc' dir='ltr'><strong>ι</strong></span> <span class='ocrx_word' id='word_1_642' title='bbox 1658 1747 1801 1782; x_wconf 75' lang='lat' dir='ltr'><strong>Dispersos</strong></span> 
     </span>
    </p>
   </div>
   <div class='ocr_carea' id='block_1_84' title="bbox 1018 1794 1801 1833">
    <p class='ocr_par' dir='ltr' id='par_1_84' title="bbox 1018 1794 1801 1833">
     <span class='ocr_line' id='line_1_84' title="bbox 1018 1794 1801 1833; baseline -0.01 -6"><span class='ocrx_word' id='word_1_643' title='bbox 1018 1799 1070 1827; x_wconf 86' lang='lat' dir='ltr'><strong>sub</strong></span> <span class='ocrx_word' id='word_1_644' title='bbox 1079 1799 1207 1826; x_wconf 63' lang='lat' dir='ltr'><strong>aerumnis</strong></span> <span class='ocrx_word' id='word_1_645' title='bbox 1222 1805 1270 1833; x_wconf 83' lang='lat' dir='ltr'><strong>per</strong></span> <span class='ocrx_word' id='word_1_646' title='bbox 1285 1797 1442 1832; x_wconf 58' lang='lat' dir='ltr'><strong>Egyptum.</strong></span> <span class='ocrx_word' id='word_1_647' title='bbox 1460 1804 1510 1830; x_wconf 82' lang='lat' dir='ltr'><strong>ego</strong></span> <span class='ocrx_word' id='word_1_648' title='bbox 1523 1803 1589 1823; x_wconf 88' lang='lat' dir='ltr'><strong>cura</strong></span> <span class='ocrx_word' id='word_1_649' title='bbox 1602 1802 1661 1822; x_wconf 87' lang='lat' dir='ltr'><strong>mea</strong></span> <span class='ocrx_word' id='word_1_650' title='bbox 1674 1794 1701 1820; x_wconf 92' lang='lat' dir='ltr'><strong>in</strong></span> <span class='ocrx_word' id='word_1_651' title='bbox 1717 1801 1801 1820; x_wconf 87' lang='lat' dir='ltr'><strong>unum</strong></span> 
     </span>
    </p>
   </div>
   <div class='ocr_carea' id='block_1_85' title="bbox 1017 1839 1800 1879">
    <p class='ocr_par' dir='ltr' id='par_1_85' title="bbox 1017 1839 1800 1879">
     <span class='ocr_line' id='line_1_85' title="bbox 1017 1839 1800 1879; baseline -0.011 -8"><span class='ocrx_word' id='word_1_652' title='bbox 1017 1844 1190 1879; x_wconf 75' lang='lat' dir='ltr'><strong>congregavi.</strong></span> <span class='ocrx_word' id='word_1_653' title='bbox 1206 1853 1215 1868; x_wconf 90' lang='grc' dir='ltr'><strong>ι</strong></span> <span class='ocrx_word' id='word_1_654' title='bbox 1231 1842 1401 1877; x_wconf 85' lang='lat' dir='ltr'><strong>Suscepique</strong></span> <span class='ocrx_word' id='word_1_655' title='bbox 1411 1848 1472 1868; x_wconf 89' lang='lat' dir='ltr'><strong>eum</strong></span> <span class='ocrx_word' id='word_1_656' title='bbox 1484 1842 1511 1867; x_wconf 80' lang='grc' dir='ltr'><strong>ιιι</strong></span> <span class='ocrx_word' id='word_1_657' title='bbox 1524 1839 1668 1867; x_wconf 88' lang='lat' dir='ltr'><strong>brachium</strong></span> <span class='ocrx_word' id='word_1_658' title='bbox 1681 1845 1800 1864; x_wconf 80' lang='lat' dir='ltr'><strong>meuth</strong></span> 
     </span>
    </p>
   </div>
   <div class='ocr_carea' id='block_1_86' title="bbox 1017 1883 1801 1924">
    <p class='ocr_par' dir='ltr' id='par_1_86' title="bbox 1017 1883 1801 1924">
     <span class='ocr_line' id='line_1_86' title="bbox 1017 1883 1801 1924; baseline -0.01 -8"><span class='ocrx_word' id='word_1_659' title='bbox 1017 1889 1143 1924; x_wconf 86' lang='lat' dir='ltr'><strong>Congrua</strong></span> <span class='ocrx_word' id='word_1_660' title='bbox 1158 1896 1224 1916; x_wconf 72' lang='lat' dir='ltr'><strong>mete</strong></span> <span class='ocrx_word' id='word_1_661' title='bbox 1235 1888 1362 1922; x_wconf 77' lang='lat' dir='ltr'><strong>potentia:</strong></span> <span class='ocrx_word' id='word_1_662' title='bbox 1373 1887 1455 1914; x_wconf 88' lang='lat' dir='ltr'><strong>tutela</strong></span> <span class='ocrx_word' id='word_1_663' title='bbox 1466 1886 1592 1920; x_wconf 75' lang='lat' dir='ltr'><strong>dignatus</strong></span> <span class='ocrx_word' id='word_1_664' title='bbox 1600 1892 1670 1912; x_wconf 83' lang='lat' dir='ltr'><strong>sum.</strong></span> <span class='ocrx_word' id='word_1_665' title='bbox 1685 1891 1694 1908; x_wconf 84' lang='lat' dir='ltr'><strong>I</strong></span> <span class='ocrx_word' id='word_1_666' title='bbox 1706 1883 1737 1908; x_wconf 74' lang='lat' dir='ltr'><strong>Et</strong></span> <span class='ocrx_word' id='word_1_667' title='bbox 1748 1889 1801 1908; x_wconf 87' lang='lat' dir='ltr'><strong>non</strong></span> 
     </span>
    </p>
   </div>
   <div class='ocr_carea' id='block_1_87' title="bbox 1017 1928 1803 1969">
    <p class='ocr_par' dir='ltr' id='par_1_87' title="bbox 1017 1928 1803 1969">
     <span class='ocr_line' id='line_1_87' title="bbox 1017 1928 1803 1969; baseline -0.011 -8"><span class='ocrx_word' id='word_1_668' title='bbox 1017 1939 1201 1969; x_wconf 84' lang='lat' dir='ltr'><strong>cognoverunt</strong></span> <span class='ocrx_word' id='word_1_669' title='bbox 1211 1933 1284 1968; x_wconf 79' lang='lat' dir='ltr'><strong>quod</strong></span> <span class='ocrx_word' id='word_1_670' title='bbox 1293 1940 1418 1960; x_wconf 86' lang='lat' dir='ltr'><strong>sanarent</strong></span> <span class='ocrx_word' id='word_1_671' title='bbox 1429 1939 1487 1959; x_wconf 84' lang='lat' dir='ltr'><strong>eos.</strong></span> <span class='ocrx_word' id='word_1_672' title='bbox 1502 1940 1510 1956; x_wconf 71' lang='grc' dir='ltr'><strong>ι</strong></span> <span class='ocrx_word' id='word_1_673' title='bbox 1521 1932 1555 1957; x_wconf 81' lang='lat' dir='ltr'><strong>At</strong></span> <span class='ocrx_word' id='word_1_674' title='bbox 1565 1930 1615 1964; x_wconf 81' lang='lat' dir='ltr'><strong>ipsi</strong></span> <span class='ocrx_word' id='word_1_675' title='bbox 1625 1936 1678 1960; x_wconf 77' lang='lat' dir='ltr'><strong>me,</strong></span> <span class='ocrx_word' id='word_1_676' title='bbox 1690 1928 1735 1962; x_wconf 92' lang='lat' dir='ltr'><strong>qui</strong></span> <span class='ocrx_word' id='word_1_677' title='bbox 1747 1931 1803 1953; x_wconf 89' lang='lat' dir='ltr'><strong>tan-</strong></span> 
     </span>
    </p>
   </div>
   <div class='ocr_carea' id='block_1_88' title="bbox 1017 1973 1802 2012">
    <p class='ocr_par' dir='ltr' id='par_1_88' title="bbox 1017 1973 1802 2012">
     <span class='ocr_line' id='line_1_88' title="bbox 1017 1973 1802 2012; baseline -0.011 -5"><span class='ocrx_word' id='word_1_678' title='bbox 1017 1981 1053 2007; x_wconf 85' lang='lat' dir='ltr'><strong>tis</strong></span> <span class='ocrx_word' id='word_1_679' title='bbox 1064 1987 1110 2007; x_wconf 91' lang='lat' dir='ltr'><strong>cos</strong></span> <span class='ocrx_word' id='word_1_680' title='bbox 1123 1979 1234 2006; x_wconf 85' lang='lat' dir='ltr'><strong>liberavi</strong></span> <span class='ocrx_word' id='word_1_681' title='bbox 1246 1979 1335 2008; x_wconf 87' lang='lat' dir='ltr'><strong>malis,</strong></span> <span class='ocrx_word' id='word_1_682' title='bbox 1346 1984 1495 2012; x_wconf 73' lang='lat' dir='ltr'><strong>agnoscere</strong></span> <span class='ocrx_word' id='word_1_683' title='bbox 1505 1977 1662 2002; x_wconf 88' lang='lat' dir='ltr'><strong>ttolneruttt.</strong></span> <span class='ocrx_word' id='word_1_684' title='bbox 1673 1983 1682 1998; x_wconf 86' lang='grc' dir='ltr'><strong>ι</strong></span> <span class='ocrx_word' id='word_1_685' title='bbox 1699 1973 1726 1999; x_wconf 92' lang='grc' dir='ltr'>Ιιι</span> <span class='ocrx_word' id='word_1_686' title='bbox 1741 1980 1802 1999; x_wconf 85' lang='lat' dir='ltr'><strong>cor-</strong></span> 
     </span>
    </p>
   </div>
   <div class='ocr_carea' id='block_1_89' title="bbox 1017 2020 1799 2060">
    <p class='ocr_par' dir='ltr' id='par_1_89' title="bbox 1017 2020 1799 2060">
     <span class='ocr_line' id='line_1_89' title="bbox 1017 2020 1799 2060; baseline -0.012 -8"><span class='ocrx_word' id='word_1_687' title='bbox 1017 2026 1122 2060; x_wconf 88' lang='lat' dir='ltr'><strong>ruptela</strong></span> <span class='ocrx_word' id='word_1_688' title='bbox 1134 2025 1273 2052; x_wconf 89' lang='lat' dir='ltr'><strong>hominum</strong></span> <span class='ocrx_word' id='word_1_689' title='bbox 1287 2024 1357 2051; x_wconf 70' lang='lat' dir='ltr'><strong>traxi</strong></span> <span class='ocrx_word' id='word_1_690' title='bbox 1368 2031 1415 2050; x_wconf 83' lang='lat' dir='ltr'><strong>eos</strong></span> <span class='ocrx_word' id='word_1_691' title='bbox 1426 2022 1541 2049; x_wconf 89' lang='lat' dir='ltr'><strong>vinculis</strong></span> <span class='ocrx_word' id='word_1_692' title='bbox 1550 2020 1692 2048; x_wconf 85' lang='lat' dir='ltr'><strong>charitatis</strong></span> <span class='ocrx_word' id='word_1_693' title='bbox 1703 2026 1777 2046; x_wconf 66' lang='lat' dir='ltr'><strong>meae.</strong></span> <span class='ocrx_word' id='word_1_694' title='bbox 1789 2027 1799 2043; x_wconf 76' lang='grc' dir='ltr'><strong>ι</strong></span> 
     </span>
    </p>
   </div>
   <div class='ocr_carea' id='block_1_90' title="bbox 1017 2063 1802 2104">
    <p class='ocr_par' dir='ltr' id='par_1_90' title="bbox 1017 2063 1802 2104">
     <span class='ocr_line' id='line_1_90' title="bbox 1017 2063 1802 2104; baseline -0.01 -6"><span class='ocrx_word' id='word_1_695' title='bbox 1017 2063 1085 2099; x_wconf 76' lang='lat' dir='ltr'><strong>Cum</strong></span> <span class='ocrx_word' id='word_1_696' title='bbox 1107 2071 1164 2104; x_wconf 83' lang='lat' dir='ltr'><strong>lege</strong></span> <span class='ocrx_word' id='word_1_697' title='bbox 1182 2070 1321 2096; x_wconf 85' lang='lat' dir='ltr'><strong>hmuittum</strong></span> <span class='ocrx_word' id='word_1_698' title='bbox 1347 2068 1458 2103; x_wconf 90' lang='lat' dir='ltr'><strong>perituri</strong></span> <span class='ocrx_word' id='word_1_699' title='bbox 1482 2067 1608 2097; x_wconf 86' lang='lat' dir='ltr'><strong>fuissent.</strong></span> <span class='ocrx_word' id='word_1_700' title='bbox 1625 2065 1710 2100; x_wconf 89' lang='lat' dir='ltr'><strong>eripui</strong></span> <span class='ocrx_word' id='word_1_701' title='bbox 1728 2065 1802 2098; x_wconf 77' lang='lat' dir='ltr'><strong>ipsos</strong></span> 
     </span>
    </p>
   </div>
   <div class='ocr_carea' id='block_1_91' title="bbox 1017 2111 1803 2146">
    <p class='ocr_par' dir='ltr' id='par_1_91' title="bbox 1017 2111 1803 2146">
     <span class='ocr_line' id='line_1_91' title="bbox 1017 2111 1803 2146; baseline -0.01 -3"><span class='ocrx_word' id='word_1_702' title='bbox 1017 2123 1122 2146; x_wconf 83' lang='lat' dir='ltr'><strong>omnes.</strong></span> <span class='ocrx_word' id='word_1_703' title='bbox 1137 2122 1238 2142; x_wconf 85' lang='lat' dir='ltr'><strong>arcano</strong></span> <span class='ocrx_word' id='word_1_704' title='bbox 1249 2114 1329 2141; x_wconf 88' lang='lat' dir='ltr'><strong>modo</strong></span> <span class='ocrx_word' id='word_1_705' title='bbox 1350 2115 1435 2140; x_wconf 86' lang='lat' dir='ltr'><strong>amori</strong></span> <span class='ocrx_word' id='word_1_706' title='bbox 1446 2121 1505 2140; x_wconf 87' lang='lat' dir='ltr'><strong>meo</strong></span> <span class='ocrx_word' id='word_1_707' title='bbox 1516 2113 1657 2146; x_wconf 82' lang='lat' dir='ltr'><strong>copulatis.</strong></span> <span class='ocrx_word' id='word_1_708' title='bbox 1670 2119 1679 2136; x_wconf 80' lang='grc' dir='ltr'><strong>ι</strong></span> <span class='ocrx_word' id='word_1_709' title='bbox 1696 2111 1803 2142; x_wconf 86' lang='lat' dir='ltr'><strong>Eroque</strong></span> 
     </span>
    </p>
   </div>
   <div class='ocr_carea' id='block_1_92' title="bbox 1017 2153 1801 2194">
    <p class='ocr_par' dir='ltr' id='par_1_92' title="bbox 1017 2153 1801 2194">
     <span class='ocr_line' id='line_1_92' title="bbox 1017 2153 1801 2194; baseline -0.011 -7"><span class='ocrx_word' id='word_1_710' title='bbox 1017 2161 1090 2188; x_wconf 87' lang='lat' dir='ltr'><strong>velut</strong></span> <span class='ocrx_word' id='word_1_711' title='bbox 1114 2160 1258 2194; x_wconf 83' lang='lat' dir='ltr'><strong>exalapans</strong></span> <span class='ocrx_word' id='word_1_712' title='bbox 1275 2159 1411 2185; x_wconf 87' lang='lat' dir='ltr'><strong>hominem</strong></span> <span class='ocrx_word' id='word_1_713' title='bbox 1438 2158 1464 2184; x_wconf 77' lang='grc' dir='ltr'><strong>ιιι</strong></span> <span class='ocrx_word' id='word_1_714' title='bbox 1488 2157 1596 2183; x_wconf 78' lang='lat' dir='ltr'><strong>maxilla</strong></span> <span class='ocrx_word' id='word_1_715' title='bbox 1619 2155 1688 2189; x_wconf 80' lang='lat' dir='ltr'><strong>ejus.</strong></span> <span class='ocrx_word' id='word_1_716' title='bbox 1709 2163 1718 2179; x_wconf 75' lang='grc' dir='ltr'><strong>ι</strong></span> <span class='ocrx_word' id='word_1_717' title='bbox 1735 2153 1801 2179; x_wconf 88' lang='lat' dir='ltr'><strong>Tam</strong></span> 
     </span>
    </p>
   </div>
   <div class='ocr_carea' id='block_1_93' title="bbox 1017 2201 1803 2241">
    <p class='ocr_par' dir='ltr' id='par_1_93' title="bbox 1017 2201 1803 2241">
     <span class='ocr_line' id='line_1_93' title="bbox 1017 2201 1803 2241; baseline -0.01 -9"><span class='ocrx_word' id='word_1_718' title='bbox 1017 2214 1113 2241; x_wconf 80' lang='lat' dir='ltr'><strong>graves</strong></span> <span class='ocrx_word' id='word_1_719' title='bbox 1125 2206 1178 2232; x_wconf 86' lang='lat' dir='ltr'><strong>illis</strong></span> <span class='ocrx_word' id='word_1_720' title='bbox 1194 2206 1328 2240; x_wconf 86' lang='lat' dir='ltr'><strong>imponam</strong></span> <span class='ocrx_word' id='word_1_721' title='bbox 1342 2204 1433 2238; x_wconf 80' lang='lat' dir='ltr'><strong>plagas</strong></span> <span class='ocrx_word' id='word_1_722' title='bbox 1450 2207 1476 2229; x_wconf 89' lang='lat' dir='ltr'><strong>ct</strong></span> <span class='ocrx_word' id='word_1_723' title='bbox 1491 2201 1683 2236; x_wconf 78' lang='lat' dir='ltr'><strong>castigationes</strong></span> <span class='ocrx_word' id='word_1_724' title='bbox 1693 2202 1803 2234; x_wconf 90' lang='lat' dir='ltr'><strong>propter</strong></span> 
     </span>
    </p>
   </div>
   <div class='ocr_carea' id='block_1_94' title="bbox 1018 2243 1802 2284">
    <p class='ocr_par' dir='ltr' id='par_1_94' title="bbox 1018 2243 1802 2284">
     <span class='ocr_line' id='line_1_94' title="bbox 1018 2243 1802 2284; baseline -0.01 -7"><span class='ocrx_word' id='word_1_725' title='bbox 1018 2251 1086 2277; x_wconf 89' lang='lat' dir='ltr'><strong>hattc</strong></span> <span class='ocrx_word' id='word_1_726' title='bbox 1097 2250 1327 2284; x_wconf 87' lang='lat' dir='ltr'><strong>insaniam,quam</strong></span> <span class='ocrx_word' id='word_1_727' title='bbox 1340 2249 1482 2276; x_wconf 81' lang='lat' dir='ltr'><strong>molestum</strong></span> <span class='ocrx_word' id='word_1_728' title='bbox 1490 2251 1531 2274; x_wconf 86' lang='lat' dir='ltr'><strong>est</strong></span> <span class='ocrx_word' id='word_1_729' title='bbox 1543 2245 1695 2280; x_wconf 89' lang='lat' dir='ltr'><strong>recipercin</strong></span> <span class='ocrx_word' id='word_1_730' title='bbox 1707 2243 1802 2270; x_wconf 84' lang='lat' dir='ltr'><strong>faciem</strong></span> 
     </span>
    </p>
   </div>
   <div class='ocr_carea' id='block_1_95' title="bbox 1019 2289 1802 2327">
    <p class='ocr_par' dir='ltr' id='par_1_95' title="bbox 1019 2289 1802 2327">
     <span class='ocr_line' id='line_1_95' title="bbox 1019 2289 1802 2327; baseline -0.01 -5"><span class='ocrx_word' id='word_1_731' title='bbox 1019 2295 1135 2322; x_wconf 85' lang='lat' dir='ltr'><strong>inﬂictas</strong></span> <span class='ocrx_word' id='word_1_732' title='bbox 1152 2295 1364 2322; x_wconf 81' lang='lat' dir='ltr'><strong>verberationcs.</strong></span> <span class='ocrx_word' id='word_1_733' title='bbox 1382 2303 1391 2318; x_wconf 83' lang='grc' dir='ltr'><strong>ι</strong></span> <span class='ocrx_word' id='word_1_734' title='bbox 1411 2293 1562 2327; x_wconf 74' lang='lat' dir='ltr'><strong>liespiciam</strong></span> <span class='ocrx_word' id='word_1_735' title='bbox 1581 2291 1615 2317; x_wconf 91' lang='lat' dir='ltr'><strong>ad</strong></span> <span class='ocrx_word' id='word_1_736' title='bbox 1631 2297 1705 2319; x_wconf 85' lang='lat' dir='ltr'><strong>eum,</strong></span> <span class='ocrx_word' id='word_1_737' title='bbox 1722 2289 1802 2322; x_wconf 75' lang='lat' dir='ltr'><strong>eique</strong></span> 
     </span>
    </p>
   </div>
   <div class='ocr_carea' id='block_1_96' title="bbox 185 2333 963 2376">
    <p class='ocr_par' dir='ltr' id='par_1_96' title="bbox 185 2338 963 2376">
     <span class='ocr_line' id='line_1_96' title="bbox 185 2338 963 2376; baseline -0.003 -8"><span class='ocrx_word' id='word_1_738' title='bbox 185 2341 334 2376; x_wconf 72' lang='grc' dir='ltr'>συσφίγξας</span> <span class='ocrx_word' id='word_1_739' title='bbox 345 2342 378 2375; x_wconf 86' lang='grc' dir='ltr'>τῇ</span> <span class='ocrx_word' id='word_1_740' title='bbox 394 2340 460 2374; x_wconf 76' lang='grc' dir='ltr'>ἐμῇ,</span> <span class='ocrx_word' id='word_1_741' title='bbox 474 2348 483 2364; x_wconf 72' lang='grc' dir='ltr'><strong>ι</strong></span> <span class='ocrx_word' id='word_1_742' title='bbox 502 2340 557 2365; x_wconf 80' lang='grc' dir='ltr'><strong>Καὶ</strong></span> <span class='ocrx_word' id='word_1_743' title='bbox 573 2338 668 2373; x_wconf 77' lang='grc' dir='ltr'>ἔσομαι</span> <span class='ocrx_word' id='word_1_744' title='bbox 684 2338 720 2370; x_wconf 83' lang='grc' dir='ltr'><strong>ὡς</strong></span> <span class='ocrx_word' id='word_1_745' title='bbox 734 2339 856 2373; x_wconf 79' lang='grc' dir='ltr'>ῥαπίζων</span> <span class='ocrx_word' id='word_1_746' title='bbox 866 2339 963 2374; x_wconf 79' lang='grc' dir='ltr'>ἄνθρω-</span> 
     </span>
    </p>
   </div>
   <div class='ocr_carea' id='block_1_97' title="bbox 1015 2333 1802 2376">
    <p class='ocr_par' dir='ltr' id='par_1_97' title="bbox 1023 2335 1802 2370">
     <span class='ocr_line' id='line_1_97' title="bbox 1023 2335 1802 2370; baseline -0.01 -3"><span class='ocrx_word' id='word_1_747' title='bbox 1023 2341 1126 2367; x_wconf 82' lang='lat' dir='ltr'><strong>valebo.</strong></span> <span class='ocrx_word' id='word_1_748' title='bbox 1156 2350 1164 2365; x_wconf 73' lang='grc' dir='ltr'><strong>ι</strong></span> <span class='ocrx_word' id='word_1_749' title='bbox 1184 2340 1281 2366; x_wconf 83' lang='grc' dir='ltr'>Τοιυιη</span> <span class='ocrx_word' id='word_1_750' title='bbox 1303 2347 1345 2366; x_wconf 88' lang='lat' dir='ltr'><strong>tne</strong></span> <span class='ocrx_word' id='word_1_751' title='bbox 1365 2342 1521 2365; x_wconf 81' lang='lat' dir='ltr'><strong>convertant</strong></span> <span class='ocrx_word' id='word_1_752' title='bbox 1540 2336 1573 2363; x_wconf 90' lang='lat' dir='ltr'><strong>ad</strong></span> <span class='ocrx_word' id='word_1_753' title='bbox 1593 2335 1802 2370; x_wconf 78' lang='lat' dir='ltr'><strong>castigationem</strong></span> 
     </span>
    </p>
   </div>
   <div class='ocr_carea' id='block_1_98' title="bbox 184 2383 966 2421">
    <p class='ocr_par' dir='ltr' id='par_1_98' title="bbox 184 2383 966 2421">
     <span class='ocr_line' id='line_1_98' title="bbox 184 2383 966 2421; baseline -0.003 -8"><span class='ocrx_word' id='word_1_754' title='bbox 184 2396 234 2413; x_wconf 83' lang='grc' dir='ltr'><strong>πον</strong></span> <span class='ocrx_word' id='word_1_755' title='bbox 261 2386 308 2413; x_wconf 71' lang='grc' dir='ltr'><strong>ἐπὶ</strong></span> <span class='ocrx_word' id='word_1_756' title='bbox 329 2386 378 2421; x_wconf 84' lang='grc' dir='ltr'>τὴν</span> <span class='ocrx_word' id='word_1_757' title='bbox 390 2384 502 2417; x_wconf 85' lang='grc' dir='ltr'>σιαγόνα</span> <span class='ocrx_word' id='word_1_758' title='bbox 517 2383 609 2410; x_wconf 81' lang='grc' dir='ltr'>αὑτοῦ.</span> <span class='ocrx_word' id='word_1_759' title='bbox 630 2393 640 2409; x_wconf 69' lang='grc' dir='ltr'><strong>ι</strong></span> <span class='ocrx_word' id='word_1_760' title='bbox 654 2383 732 2410; x_wconf 74' lang='grc' dir='ltr'>Οὕτω</span> <span class='ocrx_word' id='word_1_761' title='bbox 751 2383 861 2418; x_wconf 83' lang='grc' dir='ltr'>βαρείας</span> <span class='ocrx_word' id='word_1_762' title='bbox 875 2385 966 2416; x_wconf 84' lang='grc' dir='ltr'>αὐτοῖς</span> 
     </span>
    </p>
   </div>
   <div class='ocr_carea' id='block_1_99' title="bbox 1019 2382 1802 2418">
    <p class='ocr_par' dir='ltr' id='par_1_99' title="bbox 1019 2382 1802 2418">
     <span class='ocr_line' id='line_1_99' title="bbox 1019 2382 1802 2418; baseline -0.009 -7"><span class='ocrx_word' id='word_1_763' title='bbox 1019 2386 1090 2418; x_wconf 83' lang='lat' dir='ltr'><strong>ejus,</strong></span> <span class='ocrx_word' id='word_1_764' title='bbox 1109 2389 1138 2411; x_wconf 88' lang='grc' dir='ltr'><strong>ιιι</strong></span> <span class='ocrx_word' id='word_1_765' title='bbox 1162 2385 1202 2412; x_wconf 82' lang='lat' dir='ltr'><strong>sic</strong></span> <span class='ocrx_word' id='word_1_766' title='bbox 1217 2389 1291 2411; x_wconf 84' lang='lat' dir='ltr'><strong>certe</strong></span> <span class='ocrx_word' id='word_1_767' title='bbox 1314 2383 1498 2410; x_wconf 83' lang='lat' dir='ltr'><strong>fortitudinem</strong></span> <span class='ocrx_word' id='word_1_768' title='bbox 1530 2388 1616 2408; x_wconf 87' lang='lat' dir='ltr'><strong>meam</strong></span> <span class='ocrx_word' id='word_1_769' title='bbox 1644 2382 1802 2413; x_wconf 74' lang='lat' dir='ltr'><strong>cognoscat.</strong></span> 
     </span>
    </p>
   </div>
   <div class='ocr_carea' id='block_1_100' title="bbox 183 2423 1804 2465">
    <p class='ocr_par' dir='ltr' id='par_1_100' title="bbox 183 2423 1804 2465">
     <span class='ocr_line' id='line_1_100' title="bbox 183 2423 1804 2465; baseline -0.006 -7"><span class='ocrx_word' id='word_1_770' title='bbox 183 2432 284 2458; x_wconf 80' lang='grc' dir='ltr'>ὲποίσω</span> <span class='ocrx_word' id='word_1_771' title='bbox 305 2430 354 2461; x_wconf 72' lang='grc' dir='ltr'><strong>τὰς</strong></span> <span class='ocrx_word' id='word_1_772' title='bbox 375 2428 482 2464; x_wconf 75' lang='grc' dir='ltr'>πληγὰς</span> <span class='ocrx_word' id='word_1_773' title='bbox 498 2429 543 2455; x_wconf 82' lang='grc' dir='ltr'>καὶ</span> <span class='ocrx_word' id='word_1_774' title='bbox 563 2429 613 2461; x_wconf 82' lang='grc' dir='ltr'><strong>τὰς</strong></span> <span class='ocrx_word' id='word_1_775' title='bbox 632 2428 767 2463; x_wconf 81' lang='grc' dir='ltr'>τιμωρίας</span> <span class='ocrx_word' id='word_1_776' title='bbox 782 2429 842 2455; x_wconf 79' lang='grc' dir='ltr'>ἀντὶ</span> <span class='ocrx_word' id='word_1_777' title='bbox 858 2430 907 2463; x_wconf 85' lang='grc' dir='ltr'>τῆς</span> <span class='ocrx_word' id='word_1_778' title='bbox 920 2429 1074 2464; x_wconf 66' lang='grc' dir='ltr'>ἀφροσύνης</span> <span class='ocrx_word' id='word_1_779' title='bbox 1094 2430 1203 2465; x_wconf 84' lang='grc' dir='ltr'>ταύτης,</span> <span class='ocrx_word' id='word_1_780' title='bbox 1227 2429 1318 2464; x_wconf 82' lang='grc' dir='ltr'>ὥσπερ</span> <span class='ocrx_word' id='word_1_781' title='bbox 1335 2427 1380 2455; x_wconf 73' lang='grc' dir='ltr'>οὖν</span> <span class='ocrx_word' id='word_1_782' title='bbox 1402 2427 1470 2462; x_wconf 80' lang='grc' dir='ltr'>βαρὺ</span> <span class='ocrx_word' id='word_1_783' title='bbox 1491 2425 1562 2453; x_wconf 81' lang='grc' dir='ltr'>κατὰ</span> <span class='ocrx_word' id='word_1_784' title='bbox 1573 2423 1716 2460; x_wconf 81' lang='grc' dir='ltr'>προσώπου</span> <span class='ocrx_word' id='word_1_785' title='bbox 1729 2423 1804 2457; x_wconf 75' lang='grc' dir='ltr'>δέχεσ-</span> 
     </span>
    </p>
   </div>
   <div class='ocr_carea' id='block_1_101' title="bbox 184 2469 1802 2512">
    <p class='ocr_par' dir='ltr' id='par_1_101' title="bbox 184 2469 1802 2512">
     <span class='ocr_line' id='line_1_101' title="bbox 184 2469 1802 2512; baseline -0.006 -8"><span class='ocrx_word' id='word_1_786' title='bbox 184 2478 245 2504; x_wconf 78' lang='grc' dir='ltr'>οθαι</span> <span class='ocrx_word' id='word_1_787' title='bbox 264 2477 418 2512; x_wconf 81' lang='grc' dir='ltr'>φερομένας</span> <span class='ocrx_word' id='word_1_788' title='bbox 441 2475 558 2510; x_wconf 81' lang='grc' dir='ltr'>πληγάς.</span> <span class='ocrx_word' id='word_1_789' title='bbox 577 2484 586 2500; x_wconf 74' lang='grc' dir='ltr'><strong>ε</strong></span> <span class='ocrx_word' id='word_1_790' title='bbox 612 2475 809 2510; x_wconf 78' lang='grc' dir='ltr'>Ἐπισλέψομαι</span> <span class='ocrx_word' id='word_1_791' title='bbox 830 2475 898 2510; x_wconf 81' lang='grc' dir='ltr'>πρὸς</span> <span class='ocrx_word' id='word_1_792' title='bbox 915 2476 1006 2507; x_wconf 81' lang='grc' dir='ltr'>αὑτὸν,</span> <span class='ocrx_word' id='word_1_793' title='bbox 1024 2477 1071 2503; x_wconf 81' lang='grc' dir='ltr'>καὶ</span> <span class='ocrx_word' id='word_1_794' title='bbox 1092 2477 1239 2512; x_wconf 75' lang='grc' dir='ltr'>δυνήσομαι</span> <span class='ocrx_word' id='word_1_795' title='bbox 1259 2477 1342 2510; x_wconf 78' lang='grc' dir='ltr'>αὐτῷ.</span> <span class='ocrx_word' id='word_1_796' title='bbox 1360 2486 1369 2501; x_wconf 73' lang='grc' dir='ltr'><strong>ι</strong></span> <span class='ocrx_word' id='word_1_797' title='bbox 1391 2476 1428 2511; x_wconf 90' lang='lat' dir='ltr'><strong>(p.</strong></span> <span class='ocrx_word' id='word_1_798' title='bbox 1443 2474 1486 2509; x_wconf 82' lang='lat' dir='ltr'><strong>8i)</strong></span> <span class='ocrx_word' id='word_1_799' title='bbox 1506 2472 1603 2508; x_wconf 74' lang='grc' dir='ltr'>Τρέψω</span> <span class='ocrx_word' id='word_1_800' title='bbox 1618 2471 1672 2506; x_wconf 82' lang='grc' dir='ltr'>γὰρ</span> <span class='ocrx_word' id='word_1_801' title='bbox 1687 2469 1802 2506; x_wconf 74' lang='grc' dir='ltr'>ἐμαυτὸν</span> 
     </span>
    </p>
   </div>
   <div class='ocr_carea' id='block_1_102' title="bbox 184 2517 1230 2558">
    <p class='ocr_par' dir='ltr' id='par_1_102' title="bbox 184 2517 1230 2558">
     <span class='ocr_line' id='line_1_102' title="bbox 184 2517 1230 2558; baseline -0.003 -10"><span class='ocrx_word' id='word_1_802' title='bbox 184 2524 242 2549; x_wconf 75' lang='grc' dir='ltr'>ὅλον</span> <span class='ocrx_word' id='word_1_803' title='bbox 258 2524 298 2554; x_wconf 87' lang='grc' dir='ltr'><strong>εἰς</strong></span> <span class='ocrx_word' id='word_1_804' title='bbox 312 2521 450 2557; x_wconf 86' lang='grc' dir='ltr'>τιμωρίαν</span> <span class='ocrx_word' id='word_1_805' title='bbox 473 2519 566 2552; x_wconf 75' lang='grc' dir='ltr'>αὐτοῦ,</span> <span class='ocrx_word' id='word_1_806' title='bbox 582 2519 626 2545; x_wconf 90' lang='grc' dir='ltr'><strong>ἴνα</strong></span> <span class='ocrx_word' id='word_1_807' title='bbox 640 2519 727 2554; x_wconf 85' lang='grc' dir='ltr'>τούτῳ</span> <span class='ocrx_word' id='word_1_808' title='bbox 741 2519 766 2554; x_wconf 83' lang='grc' dir='ltr'>γ’</span> <span class='ocrx_word' id='word_1_809' title='bbox 777 2517 834 2553; x_wconf 82' lang='grc' dir='ltr'>οὖν,</span> <span class='ocrx_word' id='word_1_810' title='bbox 845 2520 921 2555; x_wconf 89' lang='grc' dir='ltr'>γνοίη</span> <span class='ocrx_word' id='word_1_811' title='bbox 934 2520 982 2555; x_wconf 78' lang='grc' dir='ltr'>τὴν</span> <span class='ocrx_word' id='word_1_812' title='bbox 996 2523 1071 2558; x_wconf 71' lang='grc' dir='ltr'>ἰσχὺν</span> <span class='ocrx_word' id='word_1_813' title='bbox 1087 2523 1136 2557; x_wconf 76' lang='grc' dir='ltr'>τὴν</span> <span class='ocrx_word' id='word_1_814' title='bbox 1150 2523 1230 2557; x_wconf 78' lang='grc' dir='ltr'>ἐμήν,</span> 
     </span>
    </p>
   </div>
   <div class='ocr_carea' id='block_1_103' title="bbox 218 2565 966 2603">
    <p class='ocr_par' dir='ltr' id='par_1_103' title="bbox 218 2565 966 2603">
     <span class='ocr_line' id='line_1_103' title="bbox 218 2565 966 2603; baseline -0.001 -9"><span class='ocrx_word' id='word_1_815' title='bbox 218 2568 292 2603; x_wconf 85' lang='grc' dir='ltr'>Στίχ.</span> <span class='ocrx_word' id='word_1_816' title='bbox 310 2568 378 2599; x_wconf 78' lang='grc' dir='ltr'><strong>ε’-ζ’.</strong></span> <span class='ocrx_word' id='word_1_817' title='bbox 403 2581 439 2587; x_wconf 86' lang='lat'><strong>-—</strong></span> <span class='ocrx_word' id='word_1_818' title='bbox 453 2576 461 2591; x_wconf 85' lang='grc' dir='ltr'><strong>ι</strong></span> <span class='ocrx_word' id='word_1_819' title='bbox 479 2565 647 2601; x_wconf 85' lang='grc' dir='ltr'>Κατῲκησεν</span> <span class='ocrx_word' id='word_1_820' title='bbox 672 2565 790 2601; x_wconf 81' lang='grc' dir='ltr'>Ἐφραῖμ</span> <span class='ocrx_word' id='word_1_821' title='bbox 812 2566 966 2600; x_wconf 74' lang='grc' dir='ltr'>Αἴγυπτον·</span> 
     </span>
    </p>
   </div>
   <div class='ocr_carea' id='block_1_104' title="bbox 185 2611 969 2649">
    <p class='ocr_par' dir='ltr' id='par_1_104' title="bbox 185 2611 969 2649">
     <span class='ocr_line' id='line_1_104' title="bbox 185 2611 969 2649; baseline -0.005 -8"><span class='ocrx_word' id='word_1_822' title='bbox 185 2615 231 2640; x_wconf 67' lang='grc' dir='ltr'>καὶ</span> <span class='ocrx_word' id='word_1_823' title='bbox 250 2614 364 2649; x_wconf 79' lang='grc' dir='ltr'>Ἀσσοὺρ</span> <span class='ocrx_word' id='word_1_824' title='bbox 377 2612 459 2643; x_wconf 76' lang='grc' dir='ltr'>αὐτὸς</span> <span class='ocrx_word' id='word_1_825' title='bbox 473 2611 600 2646; x_wconf 80' lang='grc' dir='ltr'>βασιλεὺς</span> <span class='ocrx_word' id='word_1_826' title='bbox 619 2611 710 2637; x_wconf 82' lang='grc' dir='ltr'>αὐτοῦ.</span> <span class='ocrx_word' id='word_1_827' title='bbox 733 2621 742 2637; x_wconf 71' lang='grc' dir='ltr'><strong>ι</strong></span> <span class='ocrx_word' id='word_1_828' title='bbox 758 2612 839 2638; x_wconf 75' lang='grc' dir='ltr'>Αὐτοὶ</span> <span class='ocrx_word' id='word_1_829' title='bbox 851 2612 900 2646; x_wconf 75' lang='grc' dir='ltr'>μὲν</span> <span class='ocrx_word' id='word_1_830' title='bbox 915 2612 969 2647; x_wconf 80' lang='grc' dir='ltr'>γὰρ</span> 
     </span>
    </p>
   </div>
   <div class='ocr_carea' id='block_1_105' title="bbox 185 2655 969 2692">
    <p class='ocr_par' dir='ltr' id='par_1_105' title="bbox 185 2655 969 2692">
     <span class='ocr_line' id='line_1_105' title="bbox 185 2655 969 2692; baseline -0.001 -9"><span class='ocrx_word' id='word_1_831' title='bbox 185 2658 298 2692; x_wconf 75' lang='grc' dir='ltr'>φυγάδες</span> <span class='ocrx_word' id='word_1_832' title='bbox 329 2658 377 2684; x_wconf 78' lang='grc' dir='ltr'><strong>ἐπὶ</strong></span> <span class='ocrx_word' id='word_1_833' title='bbox 396 2656 445 2689; x_wconf 74' lang='grc' dir='ltr'>τὴν</span> <span class='ocrx_word' id='word_1_834' title='bbox 472 2656 607 2689; x_wconf 78' lang='grc' dir='ltr'>Αἴγυπτον</span> <span class='ocrx_word' id='word_1_835' title='bbox 623 2655 827 2687; x_wconf 82' lang='grc' dir='ltr'>ἀπελεύσονται,</span> <span class='ocrx_word' id='word_1_836' title='bbox 851 2655 969 2690; x_wconf 84' lang='grc' dir='ltr'>οἰόμενοι</span> 
     </span>
    </p>
   </div>
   <div class='ocr_carea' id='block_1_106' title="bbox 184 2700 968 2738">
    <p class='ocr_par' dir='ltr' id='par_1_106' title="bbox 184 2700 968 2738">
     <span class='ocr_line' id='line_1_106' title="bbox 184 2700 968 2738; baseline -0.005 -8"><span class='ocrx_word' id='word_1_837' title='bbox 184 2704 235 2730; x_wconf 78' lang='grc' dir='ltr'>τῶν</span> <span class='ocrx_word' id='word_1_838' title='bbox 260 2703 413 2738; x_wconf 77' lang='grc' dir='ltr'>Ἀσσυρίων</span> <span class='ocrx_word' id='word_1_839' title='bbox 444 2701 592 2736; x_wconf 82' lang='grc' dir='ltr'>κερδαίνειν</span> <span class='ocrx_word' id='word_1_840' title='bbox 609 2700 657 2735; x_wconf 85' lang='grc' dir='ltr'><strong>τὴν</strong></span> <span class='ocrx_word' id='word_1_841' title='bbox 672 2700 764 2734; x_wconf 79' lang='grc' dir='ltr'>ἔφοδον</span> <span class='ocrx_word' id='word_1_842' title='bbox 775 2709 783 2717; x_wconf 74' lang='grc'><strong>⁸</strong></span> <span class='ocrx_word' id='word_1_843' title='bbox 800 2701 924 2735; x_wconf 82' lang='grc' dir='ltr'>ὀνήσουσι</span> <span class='ocrx_word' id='word_1_844' title='bbox 940 2700 968 2726; x_wconf 80' lang='grc' dir='ltr'>δὲ</span> 
     </span>
    </p>
   </div>
   <div class='ocr_carea' id='block_1_107' title="bbox 182 2746 970 2782">
    <p class='ocr_par' dir='ltr' id='par_1_107' title="bbox 182 2746 970 2782">
     <span class='ocr_line' id='line_1_107' title="bbox 182 2746 970 2782; baseline -0.004 -7"><span class='ocrx_word' id='word_1_845' title='bbox 182 2751 270 2777; x_wconf 70' lang='grc' dir='ltr'>οὐδέν·</span> <span class='ocrx_word' id='word_1_846' title='bbox 289 2749 390 2782; x_wconf 81' lang='grc' dir='ltr'>ἐπειδὴ</span> <span class='ocrx_word' id='word_1_847' title='bbox 404 2747 473 2773; x_wconf 65' lang='grc' dir='ltr'>κατὰ</span> <span class='ocrx_word' id='word_1_848' title='bbox 490 2747 519 2773; x_wconf 80' lang='grc' dir='ltr'>τὸ</span> <span class='ocrx_word' id='word_1_849' title='bbox 536 2747 598 2782; x_wconf 77' lang='grc' dir='ltr'>ἐμοὶ</span> <span class='ocrx_word' id='word_1_850' title='bbox 617 2746 712 2773; x_wconf 78' lang='grc' dir='ltr'>δοκοῦν</span> <span class='ocrx_word' id='word_1_851' title='bbox 731 2747 970 2781; x_wconf 81' lang='grc' dir='ltr'>κατακρατήσουσι</span> 
     </span>
    </p>
   </div>
   <div class='ocr_carea' id='block_1_108' title="bbox 1053 2560 1802 2603">
    <p class='ocr_par' dir='ltr' id='par_1_108' title="bbox 1053 2560 1802 2603">
     <span class='ocr_line' id='line_1_108' title="bbox 1053 2560 1802 2603; baseline -0.012 -7"><span class='ocrx_word' id='word_1_852' title='bbox 1053 2568 1105 2603; x_wconf 81' lang='grc'><strong>53</strong></span> <span class='ocrx_word' id='word_1_853' title='bbox 1135 2567 1218 2595; x_wconf 71' lang='lat' dir='ltr'><strong>Vens.</strong></span> <span class='ocrx_word' id='word_1_854' title='bbox 1248 2566 1309 2594; x_wconf 81' lang='lat'><strong>5-7.</strong></span> <span class='ocrx_word' id='word_1_855' title='bbox 1330 2581 1364 2586; x_wconf 89' lang='lat'><strong>-—</strong></span> <span class='ocrx_word' id='word_1_856' title='bbox 1387 2575 1396 2590; x_wconf 77' lang='grc' dir='ltr'><strong>ι</strong></span> <span class='ocrx_word' id='word_1_857' title='bbox 1417 2564 1555 2592; x_wconf 90' lang='lat' dir='ltr'><strong>llahilavit</strong></span> <span class='ocrx_word' id='word_1_858' title='bbox 1584 2562 1747 2596; x_wconf 87' lang='lat' dir='ltr'><strong>Ephraimus</strong></span> <span class='ocrx_word' id='word_1_859' title='bbox 1775 2560 1802 2587; x_wconf 91' lang='lat' dir='ltr'><strong>in</strong></span> 
     </span>
    </p>
   </div>
   <div class='ocr_carea' id='block_1_109' title="bbox 1018 2605 1802 2647">
    <p class='ocr_par' dir='ltr' id='par_1_109' title="bbox 1018 2605 1802 2647">
     <span class='ocr_line' id='line_1_109' title="bbox 1018 2605 1802 2647; baseline -0.011 -7"><span class='ocrx_word' id='word_1_860' title='bbox 1018 2612 1146 2647; x_wconf 66' lang='lat' dir='ltr'><strong>lEgyplO.</strong></span> <span class='ocrx_word' id='word_1_861' title='bbox 1162 2611 1290 2647; x_wconf 69' lang='lat' dir='ltr'><strong>Assyrius</strong></span> <span class='ocrx_word' id='word_1_862' title='bbox 1305 2611 1363 2645; x_wconf 87' lang='lat' dir='ltr'><strong>ipse</strong></span> <span class='ocrx_word' id='word_1_863' title='bbox 1381 2617 1428 2637; x_wconf 85' lang='lat' dir='ltr'><strong>rex</strong></span> <span class='ocrx_word' id='word_1_864' title='bbox 1443 2609 1503 2644; x_wconf 83' lang='lat' dir='ltr'><strong>ejus</strong></span> <span class='ocrx_word' id='word_1_865' title='bbox 1517 2608 1577 2635; x_wconf 89' lang='lat' dir='ltr'><strong>fuit.</strong></span> <span class='ocrx_word' id='word_1_866' title='bbox 1596 2617 1604 2633; x_wconf 79' lang='grc' dir='ltr'><strong>ι</strong></span> <span class='ocrx_word' id='word_1_867' title='bbox 1622 2607 1674 2642; x_wconf 88' lang='lat' dir='ltr'><strong>Ipsi</strong></span> <span class='ocrx_word' id='word_1_868' title='bbox 1692 2605 1802 2641; x_wconf 87' lang='lat' dir='ltr'><strong>quidem</strong></span> 
     </span>
    </p>
   </div>
   <div class='ocr_carea' id='block_1_110' title="bbox 1018 2650 1803 2692">
    <p class='ocr_par' dir='ltr' id='par_1_110' title="bbox 1018 2650 1803 2692">
     <span class='ocr_line' id='line_1_110' title="bbox 1018 2650 1803 2692; baseline -0.01 -9"><span class='ocrx_word' id='word_1_869' title='bbox 1018 2657 1126 2692; x_wconf 77' lang='lat' dir='ltr'><strong>profugi</strong></span> <span class='ocrx_word' id='word_1_870' title='bbox 1147 2656 1179 2682; x_wconf 89' lang='lat' dir='ltr'><strong>ad</strong></span> <span class='ocrx_word' id='word_1_871' title='bbox 1198 2656 1345 2690; x_wconf 63' lang='lat' dir='ltr'><strong>[Egyptum</strong></span> <span class='ocrx_word' id='word_1_872' title='bbox 1368 2655 1455 2686; x_wconf 89' lang='lat' dir='ltr'><strong>ibunt,</strong></span> <span class='ocrx_word' id='word_1_873' title='bbox 1475 2656 1602 2688; x_wconf 84' lang='lat' dir='ltr'><strong>putantes</strong></span> <span class='ocrx_word' id='word_1_874' title='bbox 1624 2659 1653 2679; x_wconf 92' lang='lat' dir='ltr'><strong>se</strong></span> <span class='ocrx_word' id='word_1_875' title='bbox 1676 2650 1803 2685; x_wconf 76' lang='lat' dir='ltr'><strong>Assyrio-</strong></span> 
     </span>
    </p>
   </div>
   <div class='ocr_carea' id='block_1_111' title="bbox 1019 2695 1800 2730">
    <p class='ocr_par' dir='ltr' id='par_1_111' title="bbox 1019 2695 1800 2730">
     <span class='ocr_line' id='line_1_111' title="bbox 1019 2695 1800 2730; baseline -0.009 -4"><span class='ocrx_word' id='word_1_876' title='bbox 1019 2708 1078 2726; x_wconf 87' lang='lat' dir='ltr'><strong>rum</strong></span> <span class='ocrx_word' id='word_1_877' title='bbox 1096 2699 1279 2727; x_wconf 77' lang='lat' dir='ltr'><strong>incursionem</strong></span> <span class='ocrx_word' id='word_1_878' title='bbox 1294 2699 1391 2730; x_wconf 88' lang='lat' dir='ltr'><strong>vitare,</strong></span> <span class='ocrx_word' id='word_1_879' title='bbox 1409 2697 1456 2725; x_wconf 83' lang='lat' dir='ltr'><strong>sed</strong></span> <span class='ocrx_word' id='word_1_880' title='bbox 1469 2697 1553 2724; x_wconf 90' lang='lat' dir='ltr'><strong>hilum</strong></span> <span class='ocrx_word' id='word_1_881' title='bbox 1570 2705 1624 2723; x_wconf 85' lang='lat' dir='ltr'><strong>non</strong></span> <span class='ocrx_word' id='word_1_882' title='bbox 1641 2695 1800 2730; x_wconf 73' lang='lat' dir='ltr'><strong>prolicit-nt:</strong></span> 
     </span>
    </p>
   </div>
   <div class='ocr_carea' id='block_1_112' title="bbox 1019 2738 1800 2778">
    <p class='ocr_par' dir='ltr' id='par_1_112' title="bbox 1019 2738 1800 2778">
     <span class='ocr_line' id='line_1_112' title="bbox 1019 2738 1800 2778; baseline -0.012 -5"><span class='ocrx_word' id='word_1_883' title='bbox 1019 2746 1118 2773; x_wconf 89' lang='lat' dir='ltr'><strong>etenim</strong></span> <span class='ocrx_word' id='word_1_884' title='bbox 1137 2754 1180 2773; x_wconf 89' lang='lat' dir='ltr'><strong>me</strong></span> <span class='ocrx_word' id='word_1_885' title='bbox 1195 2746 1312 2778; x_wconf 81' lang='lat' dir='ltr'><strong>volente,</strong></span> <span class='ocrx_word' id='word_1_886' title='bbox 1328 2744 1441 2772; x_wconf 88' lang='lat' dir='ltr'><strong>omnino</strong></span> <span class='ocrx_word' id='word_1_887' title='bbox 1457 2744 1511 2771; x_wconf 86' lang='lat' dir='ltr'><strong>illis</strong></span> <span class='ocrx_word' id='word_1_888' title='bbox 1529 2742 1669 2778; x_wconf 88' lang='lat' dir='ltr'><strong>potientur</strong></span> <span class='ocrx_word' id='word_1_889' title='bbox 1683 2738 1800 2774; x_wconf 70' lang='lat' dir='ltr'><strong>Assyrii.</strong></span> 
     </span>
    </p>
   </div>
   <div class='ocr_carea' id='block_1_113' title="bbox 205 2819 1802 2868">
    <p class='ocr_par' dir='ltr' id='par_1_113' title="bbox 205 2819 1802 2868">
     <span class='ocr_line' id='line_1_113' title="bbox 205 2819 1802 2868; baseline -0.014 2"><span class='ocrx_word' id='word_1_890' title='bbox 205 2833 261 2868; x_wconf 75' lang='grc' dir='ltr'><strong>(Η)</strong></span> <span class='ocrx_word' id='word_1_891' title='bbox 278 2831 368 2859; x_wconf 59' lang='lat' dir='ltr'><strong>Dee“</strong></span> <span class='ocrx_word' id='word_1_892' title='bbox 387 2828 415 2855; x_wconf 70' lang='grc' dir='ltr'><strong>ί¹¹</strong></span> <span class='ocrx_word' id='word_1_893' title='bbox 433 2827 525 2856; x_wconf 61' lang='lat' dir='ltr'><strong>“mnis</strong></span> <span class='ocrx_word' id='word_1_894' title='bbox 551 2828 589 2859; x_wconf 64' lang='grc' dir='ltr'><strong>ὡς</strong></span> <span class='ocrx_word' id='word_1_895' title='bbox 607 2827 713 2864; x_wconf 68' lang='grc' dir='ltr'><strong>ὃρθρος-</strong></span> <span class='ocrx_word' id='word_1_896' title='bbox 739 2828 865 2856; x_wconf 72' lang='grc' dir='ltr'>Αιιειιιιτιι</span> <span class='ocrx_word' id='word_1_897' title='bbox 897 2832 925 2856; x_wconf 89' lang='lat' dir='ltr'><strong>ct</strong></span> <span class='ocrx_word' id='word_1_898' title='bbox 951 2828 1135 2864; x_wconf 77' lang='lat' dir='ltr'><strong>iuterpunctio</strong></span> <span class='ocrx_word' id='word_1_899' title='bbox 1149 2827 1262 2860; x_wconf 76' lang='lat' dir='ltr'><strong>codicis,</strong></span> <span class='ocrx_word' id='word_1_900' title='bbox 1284 2833 1310 2855; x_wconf 88' lang='lat' dir='ltr'><strong>ct</strong></span> <span class='ocrx_word' id='word_1_901' title='bbox 1334 2825 1546 2856; x_wconf 73' lang='lat' dir='ltr'><strong>commentarius</strong></span> <span class='ocrx_word' id='word_1_902' title='bbox 1566 2824 1598 2851; x_wconf 90' lang='lat' dir='ltr'><strong>ad</strong></span> <span class='ocrx_word' id='word_1_903' title='bbox 1624 2822 1708 2850; x_wconf 83' lang='lat' dir='ltr'><strong>Biblia</strong></span> <span class='ocrx_word' id='word_1_904' title='bbox 1731 2819 1802 2847; x_wconf 79' lang='lat' dir='ltr'><strong>refe-</strong></span> 
     </span>
    </p>
   </div>
   <div class='ocr_carea' id='block_1_114' title="bbox 171 2874 240 2898">
    <p class='ocr_par' dir='ltr' id='par_1_114' title="bbox 171 2874 240 2898">
     <span class='ocr_line' id='line_1_114' title="bbox 171 2874 240 2898; baseline -0.029 0"><span class='ocrx_word' id='word_1_905' title='bbox 171 2874 240 2898; x_wconf 88' lang='lat' dir='ltr'><strong>runt.</strong></span> 
     </span>
    </p>
   </div>
  </div>
