1973 3066
185 124 230 150 l‘JI

734 123 909 154 TllEODURl
929 121 1168 154 MOPSUESTEN'

1758 120 1810 148 ΜΗ

183 180 240 206 Cur
270 186 334 207 vero
362 179 500 214 patientur
533 180 608 207 hate?
639 190 647 206 ι
664 179 798 214 Quoniam
824 181 970 208 noluerunt

1032 179 1130 211 πάντως
1144 178 1233 206 αὐτῶν
1261 178 1369 209 ἐκεῖνοι,
1386 178 1478 207 Ταῦτα
1495 177 1524 205 δὲ
1549 177 1687 205 πείσονται
1701 176 1745 203 διὰ
1759 177 1807 208 τί;

184 225 317 252 converti.
339 234 348 251 ι
377 225 446 257 Quia
469 225 583 252 ﬁrmiter
604 227 630 252 in
650 227 753 253 malitia
777 234 825 254 sua
845 234 971 261 persevc-

185 273 293 301 rarunt,
314 269 416 295 nullatu
437 278 491 305 pra:
509 279 538 298 se
556 271 625 298 l'errc
647 271 823 299 mutationem
837 272 970 303 volentes.

187 323 196 338 ι
216 313 248 340 Et
268 313 427 343 debilitatus
448 321 489 344 est
514 317 604 352 gladio
621 318 648 344 in
675 318 832 345 civitatibus
851 318 922 350 suis.
945 323 973 347 et

184 360 305 385 cessavit
331 361 458 389 manibus
490 362 559 390 suis.
577 372 587 388 ι
619 363 712 401 Itaque
736 363 882 399 pugnando
909 371 971 391 cum

186 404 312 431 hostibus
335 405 402 431 nihil
420 406 558 438 valebunt,
588 415 675 443 neque
693 408 774 434 ullaut
797 408 894 437 salutis
909 416 972 443 par-

186 453 242 474 tem
264 450 422 478 civitatibus
438 452 497 479 suis
521 452 759 488 conferentzquia
782 461 858 481 arma
880 455 973 483 omnia

187 494 333 529 ontnisque
355 501 504 531 apparatus
527 498 653 530 bellicus,
679 498 816 525 invalidus
842 507 973 533 superva-

188 546 312 574 cuusque
329 540 474 572 videbitur.
492 551 534 570 me
555 544 698 570 resistente
719 543 754 570 ob
768 551 862 570 eorunt
879 545 974 579 nequi-

189 583 265 616 tiam,
292 591 433 620 pmnaeque
454 594 538 614 causa
563 588 715 615 adducente
743 589 809 624 ipsis
832 589 972 625 Assyrios.

192 639 201 655 ι
219 629 250 656 Ει
267 631 407 658 comedent
427 632 460 659 de
481 633 693 667 cogitationibus
719 635 788 663 suis.
809 645 818 660 1
837 635 974 664 Consilio-

189 682 251 701 runt
264 683 376 703 suorqu
394 677 512 704 fructum
530 680 649 713 capient,
662 679 746 714 digno
763 679 851 708 allecti
873 681 976 718 suppli-

189 720 244 746 cio.
266 728 275 744 ι
291 719 322 746 Et
338 721 453 755 populus
464 721 525 756 ejus
541 730 693 758 suspensus
710 723 736 750 in
750 723 870 750 incolatu
886 731 947 750 suo.
963 733 973 750 ι

189 764 250 792 Non
273 766 348 793 ettint
374 768 522 795 manebunt
544 769 570 795 in
599 769 709 804 proprio
732 769 862 802 incolatu,
889 777 976 804 neque

190 814 279 837 tuttnn
305 812 357 839 sibi
380 812 566 841 habitaculum
590 815 739 847 habebunt,
768 815 898 850 quoniam
928 822 975 843 eos

1025 234 1034 250 ι
1056 225 1117 251 ’Ότι
1130 224 1179 251 οὐκ
1195 224 1331 259 ἠθέλησαν
1344 223 1519 258 ἐπιστρέψαι.
1535 232 1544 250 ι
1555 222 1664 257 Ἐπειδὴ
1674 222 1809 248 ἀνένδοτοι

1024 270 1211 305 μεμενήκασιν
1237 270 1268 295 ἐν
1289 270 1323 304 τῇ
1347 269 1452 297 ἑαυτῶν
1473 268 1568 303 κακίᾳ,
1585 267 1736 303 μεταϐολὴν
1749 267 1809 293 οὺίὲ

1024 318 1088 352 μίαν
1102 316 1286 349 ἐπιδείξασθαι
1306 314 1491 350 βουληθέντες.
1513 322 1523 341 ι
1543 314 1597 340 Καὶ
1611 312 1763 348 ἠσθένησεν
1779 313 1810 337 ὲν

1024 362 1145 397 ῥομφαίᾳ
1170 363 1198 389 ὲν
1220 363 1278 392 ταῖς
1290 361 1400 387 πέλεσιν
1415 359 1510 391 αὑτοῦ,
1532 359 1579 386 καὶ
1599 359 1768 388 κατέπαυσεν
1781 359 1810 384 ὲν

1023 408 1082 439 ταῖς
1096 407 1191 442 χερσὶν
1206 406 1299 434 αὑτοῦ.
1321 416 1330 434 ι
1350 405 1500 440 Τοιγαροῦν
1513 405 1588 431 οὐδὲν
1605 404 1744 439 ίσχύσουσι
1758 413 1811 438 μα-

1023 453 1133 488 χόμενοι
1147 452 1214 488 προς
1242 452 1304 483 τοὺς
1326 451 1484 486 πολεμίους,
1505 450 1565 477 οὐδὲ
1580 459 1641 478 τινα
1663 450 1812 486 παρέξουσι

1023 499 1083 529 ταῖς
1091 498 1195 524 ἑαυτῶν
1210 497 1303 527 πόλεσι
1311 497 1448 531 σωτηρίαν
1458 505 1464 510 ·
1476 495 1570 530 ἐπειδὴ
1581 496 1668 522 πάντα
1685 496 1719 522 τὰ
1730 496 1811 528 ὅπλα,

1024 544 1071 570 καὶ
1095 544 1168 571 πᾶσα
1195 543 1354 579 παρασκευὴ
1375 542 1510 577 πολεμικὴ
1522 542 1615 573 ἄτονος
1631 542 1678 568 καὶ
1694 542 1812 577 περιττὴ

1025 589 1160 623 φανεῖται,
1191 587 1419 622 ἀντιπράττοντος
1446 586 1496 621 μὲν
1508 586 1602 618 αὐτοῖς
1623 585 1690 621 ἐμοῦ
1705 586 1748 612 διὰ
1761 586 1812 621 τὴν

1025 632 1114 660 αὐτῶν
1129 632 1238 664 κακίαν,
1250 632 1399 666 ἐπάγοντος
1412 632 1442 658 δὲ
1453 632 1546 663 αὐτοῖς
1559 632 1605 658 ἐπὶ
1620 631 1741 667 τιμωρίᾳ
1749 633 1814 662 τοὺς

1032 678 1202 713 Ἀσσυρίους.
1226 687 1235 703 ί
1251 677 1306 705 Καὶ
1325 677 1457 713 φάγονται
1472 678 1505 703 ὲκ
1524 677 1578 704 τῶν
1590 677 1749 703 διαδουλίων
1762 678 1812 703 αὺ-

1025 724 1089 751 τῶν.
1107 734 1117 750 ›
1136 724 1196 754 Τῶν
1221 723 1329 750 οίκείων
1354 723 1547 758 βουλευμάτων
1571 723 1814 754 ἁπολαύσουσι,τι-

1027 770 1132 806 μωρίαν
1147 770 1328 804 ὑπομένοντες
1345 769 1433 802 ἀξίαν.
1451 778 1460 794 ι
1482 769 1535 795 Καὶ
1550 769 1564 795 ὁ
1575 769 1638 800 λαὸς
1655 768 1737 795 αὐτοῦ
1754 771 1813 794 ἐπι-

1027 815 1196 851 κεκραμένος
1215 816 1248 842 ἐκ
1274 815 1323 850 τῆς
1343 815 1485 846 κατοικίας
1498 814 1591 841 αὐτοῦ.
1612 825 1621 840 ι
1637 815 1674 841 Οὐ
1693 815 1748 849 γὰρ
1764 823 1815 849 με-

190 864 287 884 outnes
307 861 437 893 tanquam
448 860 580 893 pcttdulos
596 861 752 896 nullamque
771 862 859 889 basiat
874 861 976 888 haben-

1032 849 1176 888 memini
1188 861 1238 896 τῆς
1249 849 1382 896 οἰκήσεως
1402 860 1452 895 τῆς
1473 860 1552 892 ἰδίας,
1569 860 1630 886 οὐδὲ
1649 860 1768 894 ἀσφαλὲς
1785 860 1817 885 τὸ

191 904 244 932 tes,
261 901 352 928 subito
368 903 521 940 corripiens
534 905 663 941 Assyrius
675 905 701 933 in
717 906 903 941 captivitatem
919 907 977 934 abi-

190 951 244 981 get.
263 956 273 973 ι
289 947 321 974 Ει
334 947 406 977 Deus
421 957 504 984 super
517 951 635 985 pretiosa
648 951 709 986 ejus
725 953 869 985 irascetur,
880 957 908 980 et
922 961 977 980 non

191 992 323 1020 exaltabit
347 1002 419 1021 cum.
438 1005 447 1020 ι
473 995 612 1031 Quidquid
639 997 712 1032 apud
739 1006 802 1025 euttt
828 998 977 1033 pretiosum

190 1041 244 1069 est,
269 1042 297 1065 et
321 1039 419 1067 aﬂ‘ectu
443 1040 555 1076 dignum
576 1042 696 1076 videtur,
719 1043 772 1071 hoc
793 1043 865 1072 Deus
886 1043 979 1072 furore

192 1089 242 1108 suo
257 1082 389 1118 destruet,
401 1085 489 1113 donec
501 1086 534 1113 ad
550 1092 699 1115 extremam
712 1088 851 1116 miseriam
864 1093 979 1117 cunctos

191 1127 307 1162 redigat.

191 1172 275 1206 δοκεῖ,
303 1174 381 1202 τοῦτο
397 1176 412 1202 ὁ
431 1177 496 1211 ﬂat;
521 1178 631 1215 ἀφανιεί
653 1178 692 1215 τῷ
718 1179 797 1217 θυμῷ
818 1180 857 1216 τῷ
869 1181 961 1216 οἰκείῳ
974 1189 982 1196 ·

191 1219 260 1251 γεῖν.

229 1284 311 1312 Vens.
335 1286 362 1318 8,
388 1286 414 1314 9.
430 1302 465 1308 —-
486 1288 580 1321 «Quid
605 1290 654 1317 tibi
679 1290 788 1324 faciant,
816 1291 979 1327 Epltraime?

193 1333 333 1366 protegam
355 1336 382 1359 te
398 1331 502 1361 Israel?
519 1343 529 1361 ι
546 1334 617 1367 Quid
632 1343 647 1362 a
673 1344 714 1363 me
729 1337 777 1364 tibi
795 1337 853 1365 fieri
872 1344 980 1374 oportet

193 1376 229 1402 ob
243 1376 308 1403 talia
332 1382 464 1412 tantaque
490 1380 580 1407 mala?
599 1374 719 1410 Fert-ene
737 1390 817 1417 opem
842 1384 868 1410 itt
895 1385 980 1412 niaxi-

194 1421 247 1448 mis
259 1422 338 1451 malis
347 1425 515 1452 constituto?
528 1435 538 1450 ι
549 1426 620 1458 Quid
632 1427 681 1454 tibi
694 1427 802 1461 faciam,
816 1428 980 1464 Ephraime?

1026 907 1234 941 κατοικητήριον
1242 902 1333 938 ἕξουσι
1339 905 1370 932 τὸ
1379 905 1476 931 αὐτόθι
1486 914 1493 920 ·
1506 905 1599 940 ἐπειδὴ
1606 905 1709 936 πάντας
1717 906 1817 936 αὐτοὺς

1026 952 1120 987 ὥσπερ
1128 953 1275 987 ὲκκρεμεῖς
1291 951 1382 983 ὄντας,
1401 952 1446 978 καὶ
1457 951 1517 977 οὐδὲ
1527 951 1591 986 μίαν
1603 951 1715 986 ἔχοντας
1726 951 1815 986 βάσιν,

1027 997 1124 1032 ἁθρόον
1149 997 1326 1032 συναρπάσας
1347 998 1361 1023 ὁ
1395 996 1539 1032 ’Δσσύριος
1556 998 1596 1028 είς
1626 996 1817 1032 αίχμαλωσίαν

1028 1042 1137 1074 ἀπάξει.
1162 1042 1201 1077 (p.
1220 1042 1264 1076 82)
1287 1051 1296 1067 I
1314 1041 1369 1067 Kal.
1386 1042 1401 1068 ὁ
1415 1042 1481 1073 Θεὸς
1497 1042 1543 1067 ἐπὶ
1568 1041 1603 1068 τὰ
1626 1041 1708 1076 τίμια
1733 1040 1816 1067 αὑτοῦ

1031 1088 1231 1123 θυμωθήσεται,
1247 1088 1295 1114 καὶ
1306 1087 1337 1114 οὑ
1348 1088 1386 1122 μὴ
1400 1086 1495 1122 ὑψώσῃ
1510 1086 1601 1114 αὐτόν.
1609 1095 1618 1112 ι
1628 1087 1685 1114 Πᾶν
1695 1087 1750 1122 γὰρ
1767 1087 1781 1112 ὂ
1790 1086 1820 1112 τί

1033 1143 1100 1163 ποτε
1119 1135 1183 1171 παρ’
1196 1133 1270 1169 αὐτῷ
1292 1133 1383 1168 τίμιόν
1404 1142 1435 1160 τε
1451 1134 1498 1160 καὶ
1521 1133 1638 1168 σπουδῆς
1655 1133 1729 1165 ἄξιον
1747 1131 1817 1159 εἶναι

1012 1180 1083 1209 ὥστε
1109 1179 1177 1215 πρὸς
1200 1180 1250 1214 τὴν
1276 1179 1394 1214 ἐσχάτην
1425 1179 1589 1207 ταπείνωσιν
1609 1179 1731 1210 ἅπαντας
1751 1179 1818 1213 ἀγα-

1064 1291 1138 1326 Στίχ.
1157 1292 1193 1326 η’,
1203 1290 1234 1318 θ’.
1247 1305 1282 1310 -
1293 1299 1302 1316 ι
1316 1289 1350 1317 Τί
1361 1299 1390 1317 σε
1399 1289 1493 1323 διαθῶ,
1513 1287 1644 1325 Ἐφραῖμ;
1658 1287 1818 1322 ὑπερασπιώ

1030 1346 1089 1368 σου,
1100 1336 1223 1375 Ἰσραήλς
1237 1346 1246 1362 ι
1261 1334 1342 1363 Ἀλλὰ
1351 1335 1406 1370 γὰρ
1420 1334 1447 1359 τί
1464 1341 1497 1368 με
1513 1334 1651 1368 προσῆκεν
1663 1333 1709 1358 ἐπὶ
1724 1332 1817 1359 τοσού-

1029 1392 1086 1415 τοις
1104 1382 1151 1409 καὶ
1169 1380 1340 1416 τηλικούτοις
1355 1380 1449 1411 κακοῖς
1468 1378 1668 1413 διαπράξασθαι
1690 1378 1755 1413 περὶ
1775 1377 1816 1409 σέ;

1031 1427 1163 1464 βοηθῆσαί
1187 1435 1229 1453 σοι
1251 1426 1289 1458 ὼς
1312 1427 1341 1454 ὲν
1354 1425 1494 1462 μεγίστοις
1511 1424 1696 1458 ἐξεταζομένῳ
1711 1424 1820 1460 κακοῖς;

195 1465 273 1493 Sicut
298 1468 410 1496 Adamn:
436 1471 484 1498 tibi
514 1472 627 1505 iaciam,
651 1477 678 1500 et
708 1474 780 1501 sicut
813 1474 950 1503 Seboimo.
968 1485 977 1502 ι

1033 1484 1042 1500 ι
1058 1474 1092 1500 Τί
1108 1482 1137 1500 σε
1155 1472 1249 1505 διαθῶ,
1266 1470 1449 1506 Ἐφραῖμςὼς
1467 1470 1576 1505 Ἀδαμα
1593 1469 1710 1504 θήσομαι
1728 1477 1756 1494 σε
1772 1469 1819 1495 καὶ

193 1512 304 1541 Auxilio
327 1519 403 1542 certe
420 1519 447 1542 te
465 1516 579 1551 dignum
600 1525 655 1545 non
674 1518 783 1553 judico;
798 1526 894 1549 contra
917 1530 981 1550 vero

194 1557 306 1592 dignum
337 1559 384 1586 tibi
407 1560 564 1595 impositum
588 1563 621 1590 iri
647 1565 812 1599 supplicium
833 1574 980 1602 cognosco,

192 1603 218 1632 si
232 1605 426 1640 catastroplten
451 1606 525 1634 illaut
549 1608 672 1643 patieris,
694 1619 754 1645 quae
775 1611 911 1646 Sodomae,
928 1613 983 1640 Go-

195 1649 332 1681 morrhm,
362 1655 389 1678 et
419 1652 530 1680 Adamm
562 1658 591 1681 et
621 1654 750 1683 Seboimo
776 1656 829 1693 54
857 1659 981 1693 contigit.

199 1703 208 1719 ι
226 1694 394 1723 Conversum
412 1701 454 1725 est
469 1706 518 1726 eor
530 1707 632 1733 meum,
647 1702 752 1736 pariter
763 1703 925 1730 conturbata
941 1709 983 1732 est

196 1740 338 1773 pmuitudo
357 1750 417 1770 mea
434 1751 440 1769 :
457 1751 512 1771 non
527 1753 603 1780 agam
627 1747 776 1774 secundum
795 1749 862 1776 iram
880 1749 984 1778 furoris

195 1785 260 1817 mei.
293 1794 348 1815 non
378 1788 466 1816 sinant
488 1790 573 1818 deleri
603 1791 791 1827 Epitraiutum.
807 1805 816 1820 ι
838 1795 890 1823 Sed
910 1797 982 1823 enim

195 1839 354 1866 quanquam
380 1842 429 1862 vos
453 1837 575 1871 apprime
599 1839 699 1872 dignos
723 1847 802 1874 poma
828 1841 984 1876 huiusmodi

196 1884 259 1905 esse
278 1881 427 1914 comperio,
448 1890 534 1909 nteant
551 1884 585 1911 de
598 1884 677 1912 vobis
701 1886 867 1913 sententiam
891 1893 983 1922 muto;

196 1927 225 1950 et
245 1926 426 1954 conturbatus
444 1930 647 1963 quodammodo
672 1938 686 1958 a
708 1932 865 1959 calamitate
883 1937 983 1964 vestra,

198 1969 232 1996 ad
256 1971 446 2004 pmniteutiam
471 1975 575 2006 trahor.
599 1980 660 2002 uta
686 1976 778 2004 furore
795 1978 923 2013 deinceps
940 1979 987 2006 dc-

198 2015 298 2048 sinam,
324 2024 413 2052 neque
430 2027 477 2046 vos
499 2019 588 2047 sinaut
609 2029 737 2056 supremo
754 2023 838 2049 exitio
863 2023 985 2050 interire.

200 2069 211 2085 ι
225 2059 362 2093 Quoniam
386 2063 457 2091 Deus
480 2073 531 2100 ego
547 2073 619 2096 sum,
635 2070 661 2094 et
679 2075 733 2094 non
749 2067 831 2094 ltomo
845 2068 872 2095 in
898 2069 987 2096 medio

199 2109 274 2135 tuin
301 2107 373 2136 Deus
398 2109 498 2145 quippe
518 2118 578 2138 sum
604 2112 726 2139 omniunt
751 2117 869 2146 creator,
895 2118 922 2141 et
944 2122 987 2142 re-

199 2162 260 2182 l'lltll
280 2155 402 2182 omniunt
419 2160 551 2191 tanquam
566 2165 686 2184 mearum
701 2162 774 2185 tutor
789 2167 795 2184 :
812 2167 900 2194 neque
917 2160 985 2186 ulla-

199 2204 280 2227 tenus
300 2201 384 2228 vestri
403 2200 504 2228 similis
523 2205 550 2229 ct
566 2202 674 2230 illorum
699 2204 746 2238 qui
767 2204 839 2231 ittter
862 2212 910 2231 vos
930 2213 989 2232 ver-

200 2249 306 2273 santur.
328 2255 336 2271 ι
356 2245 486 2278 Sanetus,
512 2251 539 2275 et
561 2255 616 2275 non
647 2249 785 2284 ingrediar
806 2250 956 2278 civitatem.
977 2260 986 2277 ι

201 2291 258 2328 Ego
273 2293 380 2321 alienus
405 2302 465 2321 sum
485 2295 612 2323 humanis
634 2297 742 2324 cunctis
760 2297 843 2325 rebus
860 2305 892 2325 ac
909 2306 990 2333 supe‘

200 2339 278 2365 rior:
303 2347 358 2366 non
379 2339 447 2374 dego
460 2340 486 2367 in
512 2341 627 2368 urbibus
651 2341 771 2369 ltumano
793 2350 879 2375 more,
901 2350 990 2378 neque

201 2383 258 2410 illic
272 2384 421 2411 incolatum
435 2386 579 2414 vobiscum
593 2390 687 2414 tenere
704 2388 788 2415 soleo.
803 2387 986 2421 Quamobrem

202 2436 291 2462 neque
301 2429 472 2457 voluntatum
486 2436 640 2459 vestrarum
656 2440 716 2459 sum
733 2433 881 2468 particeps,
900 2441 988 2468 neque

203 2473 314 2500 malitiae
337 2474 364 2501 in
388 2483 442 2509 qua
462 2475 552 2503 vivere
577 2477 713 2512 satagitis.
733 2476 800 2504 Nam
823 2481 919 2504 contra
939 2486 988 2512 po-

202 2519 269 2551 tius.
291 2519 398 2547 etiamsi
420 2521 539 2548 debituut
563 2523 681 2550 subituri
704 2524 790 2552 eratis
812 2524 988 2561 supplicium,

202 2572 252 2599 per
267 2572 400 2592 summam
419 2570 511 2593 tamen
538 2568 755 2596 misericordiam
777 2569 812 2597 do
831 2576 941 2604 operam
961 2572 991 2595 ut

203 2609 231 2636 id
247 2618 418 2645 nequaquam
433 2612 584 2647 patiamini.

1031 1519 1068 1550 ὡς
1083 1518 1207 1553 Σεϐοείμ.
1228 1527 1237 1543 ι
1259 1516 1329 1546 Ἀλλ’
1358 1516 1464 1543 ἐκείνου
1490 1524 1522 1550 γε
1551 1515 1600 1542 οὐκ
1619 1515 1684 1541 ὂντα
1701 1523 1730 1541 σε
1745 1513 1820 1547 ἄξιον

1031 1565 1122 1599 τυχεῖν
1139 1563 1274 1599 εὐρίσκω’
1297 1561 1452 1589 τούναντίον
1472 1562 1521 1597 μὲν
1540 1559 1586 1588 οὖν
1602 1562 1633 1587 ὲκ
1645 1560 1698 1587 τῶν
1713 1568 1820 1596 πεπρα-

1031 1609 1141 1644 γμένων
1164 1608 1271 1635 δικαίαν
1296 1607 1524 1643 ὲπαχθησομένην
1543 1616 1584 1633 σοι
1598 1606 1731 1642 τιμωρίαν
1744 1606 1818 1641 εύρί-

1033 1663 1116 1686 σκων,
1134 1655 1158 1680 εί
1188 1654 1238 1689 τὴν
1260 1653 1451 1689 καταστροφὴν
1478 1652 1654 1688 ὑπομείνειας
1669 1652 1757 1687 ἥνπερ
1773 1651 1820 1677 Σό-

1032 1700 1102 1735 δομά
1112 1709 1140 1726 τε
1153 1701 1200 1726 καὶ
1207 1699 1313 1734 Γόμῡρα
1327 1699 1374 1725 καὶ
1385 1698 1495 1733 ’Λδαμα
1507 1698 1553 1724 καὶ
1565 1697 1681 1731 Σεϐοεὶμ
1692 1696 1753 1733 γενέ
1759 1696 1821 1722 σθαι

1032 1746 1093 1773 τότε
1107 1745 1217 1781 συνέϐη.
1237 1754 1246 1771 ι
1266 1744 1449 1781 Μετεστράφη
1469 1745 1485 1779 ἡ
1502 1743 1601 1779 καρδία
1618 1751 1680 1777 μου,
1693 1742 1722 1768 ὲν
1734 1741 1821 1776 τούτῳ

1034 1791 1220 1827 συνεταράχθη
1236 1792 1252 1827 ἡ
1266 1790 1432 1827 μεταμέλειά
1449 1798 1500 1826 μου
1511 1796 1517 1802 ·
1532 1790 1564 1815 οὐ
1582 1789 1619 1824 μὴ
1634 1789 1740 1822 ποιήσω
1751 1787 1822 1813 κατὰ

1033 1838 1082 1874 τὴν
1096 1838 1180 1873 ὀργὴν
1204 1837 1252 1864 τοῦ
1278 1837 1364 1871 θυμοῦ
1381 1844 1447 1871 μουο
1476 1835 1506 1861 οὐ
1528 1834 1565 1870 μὴ
1583 1834 1759 1868 ἐγκαταλίπω
1773 1832 1820 1860 τοῦ

1035 1883 1225 1918 ἐξαλειφθῆναι
1244 1883 1290 1911 τὸν
1310 1882 1439 1917 Ἑφραΐμ,
1456 1890 1465 1906 ι
1489 1880 1569 1906 ’Λλλὰ
1591 1880 1646 1916 γὰρ
1661 1880 1707 1906 καὶ
1719 1879 1824 1913 σφόδρα

1034 1929 1136 1963 ταύτης
1150 1929 1222 1964 ὑμᾶς
1243 1928 1323 1960 ὄντας
1349 1927 1441 1960 ἀξίους
1458 1926 1593 1962 εὑρίσκων
1612 1927 1660 1961 τῆς
1678 1925 1823 1960 τιμωρίας,

1037 1975 1242 2010 μεταῦέόλημαι
1274 1973 1323 2008 τὴν
1345 1972 1465 1999 διάνοιαν
1481 1971 1523 2006 ἐφ’
1537 1972 1613 2006 ὑμῖν,
1635 1971 1682 1996 καὶ
1693 1978 1822 1997 συντετα-

1038 2020 1172 2056 ραγμένος
1189 2029 1246 2051 πως
1257 2021 1289 2054 τῇ
1303 2019 1363 2053 ὄψει
1378 2019 1426 2053 τῆς
1443 2017 1577 2053 ὑμετέρας
1589 2017 1740 2052 συμφορᾶς,
1756 2015 1824 2050 πρὸς

1039 2066 1220 2101 μεταμέλειαν
1240 2065 1366 2100 ἕλκομαι,
1390 2065 1460 2091 ὥστε
1488 2073 1521 2100 με
1542 2064 1695 2099 ἀποστῆναι
1714 2064 1763 2099 μὲν
1777 2064 1824 2093 τοῦ

1038 2110 1188 2146 θυμοῦσθαι
1198 2110 1301 2144 λοιπὸν,
1314 2110 1405 2145 (p.85)
1416 2109 1453 2145 μὴ
1468 2109 1612 2144 ἀνέχεσθαι
1626 2109 1654 2135 δὲ
1665 2109 1825 2137 καταλιπεῖν

1039 2156 1110 2190 ὑμᾶς
1132 2155 1277 2190 ἀφανισμῷ
1299 2155 1425 2182 παντελεῖ
1451 2155 1693 2190 παραδιδομένους.
1717 2164 1727 2182 ι
1752 2154 1824 2183 Διότι

1037 2202 1103 2233 Θεὸς
1116 2202 1170 2236 ἐγώ
1190 2202 1259 2236 είμι,
1274 2202 1321 2228 καὶ
1334 2201 1384 2227 οὐκ
1399 2200 1542 2236 ἄνθρωπος
1554 2201 1582 2226 ὲν
1592 2201 1644 2227 σοί.
1662 2209 1672 2226 ι
1689 2200 1756 2231 Θεὸς
1770 2200 1825 2236 γάρ

1037 2248 1095 2283 εἶμι
1106 2249 1120 2274 ὁ
1140 2248 1228 2274 πάντα
1242 2256 1273 2273 τε
1287 2245 1455 2280 πεποιηκὼς,
1474 2247 1520 2272 καὶ
1541 2246 1651 2273 πάντων
1666 2246 1702 2277 ὡς
1715 2246 1826 2273 οίκείων

1038 2293 1187 2328 κηδόμενος
1199 2293 1299 2328 ἔργων,
1321 2292 1382 2319 κατ’
1396 2292 1473 2319 οὐδὲν
1487 2292 1619 2327 ὑπάρχων
1637 2291 1827 2328 παραπλήσιος

1036 2341 1093 2371 τοῖς
1106 2339 1166 2366 καθ’
1180 2339 1252 2374 ὑμᾶς
1263 2348 1293 2365 τε
1310 2339 1356 2366 καὶ
1369 2339 1398 2365 ἐν
1407 2339 1471 2375 ὑμῖν
1482 2337 1685 2373 στρεφομένοις.
1699 2347 1708 2363 ι
1720 2338 1826 2371 Ἄγιος,

1039 2384 1086 2410 καὶ
1100 2385 1150 2411 οὐκ
1170 2383 1359 2419 εἰσελεύσομαι
1379 2385 1418 2415 είς
1441 2383 1530 2410 πόλιν.
1549 2393 1558 2409 ι
1581 2383 1652 2416 Ἐγὼ
1671 2383 1725 2419 γὰρ
1739 2383 1827 2418 ἀπήλ-

1039 2430 1144 2465 λαγμαι
1158 2439 1188 2456 τε
1203 2431 1250 2457 καὶ
1267 2430 1435 2465 ὑπέρκειμαι
1453 2429 1560 2456 πάντων
1579 2429 1632 2455 τῶν
1649 2429 1828 2464 ἀνθρωπίνων

1041 2476 1212 2512 πραγμάτων
1227 2484 1234 2491 “
1251 2476 1302 2503 οὐκ
1321 2477 1349 2503 ὲν
1370 2476 1464 2503 πόλεσι
1480 2475 1580 2509 διάγων
1593 2475 1664 2501 κατὰ
1677 2474 1759 2508 νόμον
1778 2475 1828 2502 ἀν-

1042 2521 1168 2556 θρώπων,
1182 2520 1240 2548 οὐδὲ
1261 2521 1309 2553 τὰς
1324 2521 1417 2549 αὐτόθι
1435 2521 1575 2556 δητριὸὰς
1590 2520 1649 2555 μεθ’
1669 2520 1745 2556 ὑμῶν
1762 2520 1829 2546 είθι-

1044 2566 1143 2601 σμένος
1161 2567 1313 2594 ποιεῖσθαι·
1345 2567 1406 2594 ὅθεν
1429 2567 1490 2593 οὐδὲ
1511 2564 1632 2593 κοινωνῶ
1650 2565 1700 2600 τῆς
1716 2564 1829 2601 γνώμης

1044 2612 1108 2647 ὑμῖν
1125 2612 1171 2639 καὶ
1187 2614 1220 2648 τῇ
1234 2613 1318 2649 κακίᾳ
1370 2612 1453 2648 συζῇν
1468 2612 1666 2639 ἐσπουδάκατε·
1676 2611 1830 2639 τούναντίον

204 2655 319 2691 γὰρκαὶ
335 2657 443 2684 δικαίαν
466 2658 576 2693 ὑπέχειν
601 2658 744 2694 μέλλοντες
767 2658 913 2694 τιμωρίαν,
935 2656 1117 2684 ἀπαλλάττειν
1144 2657 1178 2683 δι’
1205 2658 1357 2693 ὑπερϋολὴν
1384 2658 1475 2689 ἐλέους
1495 2658 1558 2689 τοὺς
1582 2657 1737 2693 πάσχοντας
1764 2665 1830 2692 προ·

206 2703 309 2738 ἁγομαι
324 2702 436 2737 ταύτης.

243 2757 326 2785 Vens.
344 2757 436 2784 10-12.
452 2771 484 2776 --
502 2767 512 2782 ‹
529 2756 592 2784 Post
610 2757 753 2784 Dominum
769 2757 959 2784 ambulabunt.
979 2765 988 2782 ι

208 2802 349 2830 Prae-dieue
372 2803 453 2830 veluti
468 2802 515 2830 Dci
534 2803 665 2830 iocutioni
687 2803 738 2830 hoc
753 2803 873 2831 subtexit
886 2802 992 2829 addita-

209 2852 330 2878 mentum
351 2849 493 2884 propheta,
517 2849 553 2876 ita
578 2848 662 2877 ferme
686 2848 789 2881 dicens,
814 2852 939 2882 oportere
965 2849 991 2874 in

1026 2786 1035 2792 '
1081 2757 1153 2790 Στίχ.
1172 2757 1245 2791 ι’-ιβ’.
1264 2771 1298 2776 —
1313 2765 1322 2782 ι
1351 2757 1455 2783 Ὀπίσω
1477 2757 1580 2792 Κυρίου
1604 2757 1791 2792 πορεύσονται.
1818 2767 1827 2783 ι

1053 2801 1096 2832 Ὧς
1109 2802 1155 2829 ἐπὶ
1166 2803 1199 2836 τῇ
1217 2803 1383 2838 προκειμένῃ
1406 2802 1453 2828 τοῦ
1474 2802 1541 2828 Θεοῦ
1558 2803 1632 2837 φωνῇ
1652 2802 1701 2837 τὴν
1721 2803 1830 2836 ἐπαγω-

1047 2847 1097 2882 γὴν
1113 2847 1126 2872 ὁ
1139 2848 1279 2883 προφήτης
1293 2848 1439 2883 πεποίηται
1450 2847 1563 2882 ταύτην,
1575 2847 1679 2875 τοιοῦτό
1691 2857 1716 2874 τι
1733 2847 1828 2882 λέγων,
