1973 3066
156 157 209 185 I35

671 153 943 183 COMMENTARIUS
959 153 992 181 IN
1013 153 1113 181 ΟΞΕΑΕ
1134 153 1210 182 CAP.
1229 154 1285 183 XII.

1735 158 1745 185 I
1750 157 1782 184 Μ

155 213 335 240 ὂτιἸΞπεσθαι
343 212 376 248 δὴ
387 212 478 239 λοιπὸν
487 213 621 248 προσήκει
632 213 670 248 τῷ
678 213 802 248 τοιούτῳ,
809 213 856 239 καὶ
864 213 951 239 πάντα

1003 218 1140 246 posterum
1167 212 1250 239 Deum
1271 214 1381 246 sectari,
1403 218 1483 248 atque
1509 213 1620 241 omnino
1645 220 1724 248 agerc
1744 221 1786 242 sc—

157 258 289 292 πράττειν
312 257 382 284 κατὰ
407 257 438 283 τὸ
455 257 550 284 δοκοῦν
567 259 606 292 τῷ
624 257 685 293 Θεῴ
707 257 793 289 οὕτως
807 257 902 292 ἡμέρῳ
919 265 948 282 τε

158 304 216 330 fam
231 305 279 331 καὶ
293 303 478 339 φιλανθρώπῳ
491 304 556 339 περὶ
570 304 652 339 ὑμᾶς.
669 313 678 329 ι
702 304 746 335 Ὠς
754 304 822 330 λέων
837 303 948 338 ἐρεύξε-

158 357 214 378 ται,
245 349 294 375 καὶ
320 350 497 384 ἐκστήσονται
527 349 610 375 τέκνα
630 349 743 376 ὑδάτων.
762 358 770 374 ι
794 349 825 375 Εἰ
843 349 897 383 γὰρ
915 348 948 382 δὴ

159 394 297 425 τοιούτους
314 395 502 430 παράσχωμεν
520 395 645 427 ἑαυτοὺς,
662 395 739 430 δίκην
756 394 861 425 λέοντός
876 402 948 425 τινος

160 439 276 475 φοϐεροῦ
296 442 352 471 τοῖς
381 441 516 475 κτήνεσιν,
543 440 642 473 ἐξοίσει
668 440 717 476 τὴν
735 440 838 466 οίκείαν
856 439 948 475 φωνὴν

161 484 208 510 ἐπὶ
228 484 332 516 πάντας
362 485 494 516 ἐκείνους,
524 485 570 516 οὓς
582 486 660 521 δίκην
674 486 778 512 ὑδάτων
799 486 862 520 ὑμῖν
877 485 948 511 κατὰ

160 530 191 555 τὸ
206 529 306 565 πλῆθος
316 531 346 556 τι
356 527 454 557 οἰκεῖον
462 530 673 565 ἐπεληλυθότος,
689 532 728 563 εἰς
739 531 867 558 ἔκστασιν
881 531 949 557 πάν-

160 584 210 607 τας
236 577 404 610 καταστήσει
428 577 468 611 τῷ
482 577 556 612 φόϐῳ
574 577 613 612 τῷ
629 577 733 612 οἰκείῳ.
750 578 788 611 (p.
804 577 849 611 84)
869 585 878 602 t
893 576 949 603 Καὶ

160 621 271 655 ἥξουσιν
283 622 320 653 ὡς
330 622 424 655 δρνεον
440 621 470 654 ἐξ
484 621 634 655 Αἰγύπτου,
648 622 695 648 καὶ
708 622 745 653 ὡς
756 622 904 657 περιστερὰ
916 622 948 647 ἐκ

161 668 214 702 γῆς
235 668 383 703 Ἀσσυρίων
394 676 401 683 ⁶
418 668 465 694 καὶ
480 669 701 703 άποκαταστήσω
718 668 816 699 αὐτοὺς
827 668 866 698 είς
885 667 948 699 τοὺς

161 715 253 745 οἴκους
267 715 366 747 αὐτῶν,
376 715 566 750 λέγειΚύριος.
579 725 587 741 ι
600 715 769 750 Πανταχόθεν
785 715 840 750 γὰρ
851 715 949 746 αὐτοὺς

162 760 317 793 ἐπανάξειν,
333 760 384 795 τῆς
399 760 568 796 κατεχούσης
579 761 736 794 ἀπαλλάξας
750 761 948 796 αἰχμαλωσίας,

163 805 211 830 καὶ
224 805 286 836 τούς
307 814 337 832 τε
361 806 436 841 παρὰ
457 807 611 841 Ἀσσυρίοις
624 807 826 842 αἰχμαλώτους,
842 807 904 839 τούς
918 815 949 833 τε

163 850 193 875 ἐν
209 850 338 886 Αἰγύπτῳ
351 860 381 877 τε
395 851 524 885 φυγάδας,
540 851 618 886 δίκην
642 851 743 887 ὀρνέων
759 852 950 886 ἀποκαταστή-

998 258 1118 285 cuudum
1139 258 1186 285 Dei
1201 258 1400 293 bencplacitum
1419 264 1472 286 tam
1493 267 1557 294 erga
1579 267 1628 287 vos
1642 259 1785 286 clementis

999 307 1080 338 atque
1100 303 1220 339 benigni.
1238 313 1247 330 ι
1262 304 1346 336 Quasi
1367 305 1410 331 leo
1430 305 1529 340 rugiet,
1546 310 1573 332 et
1597 304 1785 332 formidabunt

999 349 1047 376 filii
1061 357 1202 384 aquarum.
1221 359 1231 376 ι
1249 350 1276 377 Si
1290 351 1358 378 tales
1373 355 1480 378 nosmet
1494 351 1710 383 cxbibucrimus,
1725 352 1783 386 ipse

999 403 1075 423 more
1091 397 1178 424 leonis
1199 397 1296 424 bestiis
1309 397 1451 427 terribilis.
1465 404 1559 423 vocem
1580 405 1658 424 suam
1675 397 1783 424 emittet

998 446 1094 469 contra
1115 443 1176 470 illos
1190 447 1296 474 omnes.
1311 443 1357 478 qui
1375 443 1427 469 ritu
1453 450 1585 476 aquarum
1608 441 1782 469 multitudine

999 495 1049 515 sua
1068 488 1208 523 ingruunt,
1225 496 1327 523 eosque
1349 488 1480 515 attonitos
1500 496 1595 514 omnes
1609 492 1714 516 terrore
1731 495 1783 515 suo

999 533 1091 561 faciet.
1108 543 1118 560 ι
1136 534 1169 560 Et
1186 535 1295 562 venient
1308 535 1387 569 quasi
1404 535 1463 561 avis
1477 541 1508 561 cx
1524 533 1652 569 (Egypto,
1665 538 1692 561 et
1703 534 1782 569 quasi

1000 580 1126 607 columba
1146 580 1180 607 de
1195 584 1268 607 terra
1282 581 1456 616 Assyriorum
1473 589 1480 606 :
1497 585 1523 607 et
1536 580 1676 607 collocabo
1688 587 1736 607 eos
1754 580 1783 607 in

999 625 1125 653 domibus
1142 627 1209 657 suis,
1234 626 1301 653 dicit
1323 625 1466 652 Dominus.
1483 635 1492 651 ι
1509 625 1635 659 Undique
1658 625 1730 652 enim
1753 633 1783 652 se

999 678 1048 698 eos
1076 671 1261 702 redacturum,
1283 679 1298 698 a
1321 671 1488 706 captivitatis
1514 677 1642 705 pressura
1671 670 1781 701 liberos,

999 720 1057 743 tum
1077 717 1123 751 qui
1141 717 1212 752 apud
1230 717 1358 752 Assyrios
1373 721 1451 744 erant
1464 717 1577 750 captivi.
1593 720 1650 742 tum
1667 715 1719 751 55
1735 717 1782 750 qui

999 763 1027 788 in
1049 762 1196 797 {Egyptum
1217 763 1393 797 profugerant
1416 771 1423 789 :
1445 762 1534 788 avium
1560 763 1648 789 instar
1669 767 1783 789 cunctos

1000 806 1034 833 ad
1056 808 1148 841 priora
1171 811 1362 834 revocaturum
1381 807 1514 841 promittit
1539 806 1620 834 Deus.
1635 816 1646 832 ι
1660 806 1784 834 Circum—

1000 851 1075 879 dedit
1089 859 1132 880 me
1152 852 1293 879 mendacio
1309 851 1482 886 Epitraimus,
1495 856 1522 879 ct
1538 852 1675 886 impietate
1686 851 1784 879 domus

164 903 222 921 σειν
239 896 344 927 πάντας
358 897 398 927 είς
407 896 441 922 τὰ
450 897 537 922 οίκεῖα
552 897 566 922 ὁ
575 896 640 927 Θεὸς
655 897 834 931 ὑπισχνεῖται,
850 907 859 922 ι
871 896 950 922 Ἐκύ-

1003 896 1109 923 lsraelis
1124 903 1155 923 ac
1169 895 1255 924 Iudas.
1274 882 1352 923 Nunc
1367 897 1442 923 novit
1458 882 1505 924 eos
1520 882 1602 929 Deus.
1626 900 1653 924 et
1668 897 1784 932 populus

163 940 252 967 κλωσέ
265 950 298 976 με
325 943 355 968 ὲν
377 942 471 976 ψεύδει
497 941 629 978 Ἐφραῒμ,
645 943 692 970 καὶ
711 944 741 968 ὲν
754 942 865 977 ἀσεϐείᾳ
878 940 952 974 οἶκος

170 987 277 1022 Ἰσραὴλ
291 987 337 1014 καὶ
345 987 430 1015 Ἰούδα
439 996 446 1004 ⁸
464 988 511 1014 νῦν
520 988 590 1023 ἔγνω
604 989 701 1020 αὐτοὺς
711 989 724 1015 ὁ
735 988 801 1020 Θεὸς
811 997 817 1003 ·
832 989 878 1015 καὶ
889 987 952 1020 λαὸς

163 1031 241 1065 ἅγιος
257 1033 423 1068 κληθήσεται
447 1033 527 1060 Θεοῦ.
543 1043 552 1059 ι
573 1033 708 1069 Πρότερον
731 1033 781 1068 μὲν
793 1033 847 1069 γὰρ
859 1033 951 1068 ἐπειδὴ

164 1077 272 1112 πρὸςτὺ
286 1078 383 1112 ψεῦδος
407 1079 455 1106 καὶ
473 1079 522 1114 τὴν
540 1079 595 1105 τῶν
618 1079 734 1106 εἰδώλων
755 1079 953 1110 ἀποκλίναντες

165 1124 314 1159 θεραπείαν
322 1125 350 1151 ὲν
362 1125 475 1160 ἀσεϐείᾳ
483 1125 576 1160 διῆγον
589 1125 719 1157 ἅπαντες,
731 1125 824 1152 οὐδένα
832 1125 878 1151 τὸν
887 1124 953 1160 περὶ

164 1170 215 1204 ἐμὲ
229 1170 385 1205 ποιούμενοι
401 1171 490 1205 λόγον,
505 1171 662 1205 ἀναγκαίως
676 1172 774 1203 αὐτοὺς
784 1172 839 1202 τοῖς
857 1172 953 1202 κακοῖς

164 1216 352 1251 περιϐέϐληκεν.
369 1216 501 1248 ἐκείνοις·
518 1217 756 1252 μεταμελομένους
770 1217 798 1244 δὲ
819 1217 865 1244 καὶ
884 1216 953 1252 πρὸς

164 1261 195 1287 τὸ
212 1263 335 1297 κρεῖττον
362 1261 477 1294 ἰδόντας,
503 1262 680 1297 οξκειώσομαι
704 1262 828 1294 ἅπαντας
856 1261 954 1297 (τοῦτο

163 1307 221 1342 γὰρ
230 1307 303 1341 λέγει
321 1307 361 1339 τὸ,
380 1308 487 1342 «Ἔγνω
501 1307 599 1339 αὐτούς
617 1309 644 1342 ι)
656 1317 664 1323 ·
677 1308 724 1334 καὶ
741 1308 770 1340 ἐξ
784 1307 875 1334 αὐτῶν
890 1307 953 1343 ἐμοὶ

164 1352 332 1386 φανήσονται
345 1352 400 1379 τῶν
417 1352 588 1388 πραγμάτων
601 1353 688 1384 ὄντες,
702 1353 750 1379 ἆτε
758 1353 892 1380 τοσούτων
906 1351 953 1380 καὶ

164 1395 331 1431 τηλικούτων
356 1396 468 1430 ἀγαθῶν
500 1396 545 1423 διὰ
560 1396 611 1432 τῆς
631 1397 702 1432 ἐμῆς
714 1396 870 1432 ἀξιούμενοι
890 1397 953 1433 βοηι

164 1442 244 1474 θείας
254 1451 262 1458 ·
279 1442 313 1469 τὰ
327 1443 375 1477 μὲν
389 1443 422 1478 δὴ
442 1443 508 1478 παρ’
525 1442 593 1478 ἐμοῦ
612 1443 725 1470 τοιαῦτα
740 1443 871 1479 παρέχειν
884 1443 953 1470 ιτου⁵

167 1496 216 1523 μος
230 1487 295 1522 ἐγώ.
312 1488 344 1514 Τί
357 1488 404 1520 δὲς

482 1530 560 1561 ΚΕΦ.
584 1530 634 1560 lli’.

201 1578 275 1613 Στίχ.
290 1577 362 1605 α’-δ’.
376 1589 384 1604 ι
394 1574 424 1605 Ὅ
440 1579 468 1605 δὲ
486 1578 605 1615 Ἐςςραῖμ
616 1577 732 1614 πονηρὸν
746 1579 862 1614 πνεῦμα.
882 1577 954 1606 »Ἴνα

164 1625 246 1659 εἴπῃ,
262 1624 422 1659 προαίρεσις
451 1624 575 1659 μοχθηρά
587 1632 593 1639 ⁸
615 1624 723 1659 πνεῦμα
744 1625 798 1660 γὰρ
818 1621 953 1660 πολλαχοῦ

166 1668 245 1695 καλεῖ
262 1668 311 1704 τὴν
338 1669 496 1704 προαίρεσιν
509 1677 515 1684 ·
531 1669 569 1700 ὡς
593 1669 632 1702 τὺ,
650 1679 658 1694 ι
677 1669 814 1704 Πνεύματι
828 1670 954 1704 πορνείας

165 1713 358 1748 ἐπλανήθησαν
365 1719 372 1729 ⁸
385 1723 394 1739 ι
404 1713 462 1745 καὶ,
474 1723 483 1738 ‹
497 1713 608 1748 Πνεῦμα
616 1713 692 1743 εύθὲς
701 1714 853 1747 ἐγκαίνισον
861 1714 890 1740 ὲν
898 1714 954 1745 τοῖς

167 1757 296 1793 ξγκάτοις
323 1767 373 1794 μου
385 1766 393 1774 ·
410 1769 419 1785 ›
438 1760 494 1786 Καὶ
521 1759 612 1786 Χαλὲϐ
624 1760 638 1786 ὁ
651 1759 699 1786 τοῦ
721 1760 827 1794 Ίεφονὶ,
844 1760 881 1795 (p.
908 1758 953 1795 85)

167 1805 215 1831 καὶ
229 1802 333 1840 Ἰησοῦς
349 1805 362 1831 ὁ
377 1805 424 1832 τοῦ
445 1805 533 1840 Ναυῆ,
549 1806 590 1832 ὂιι
608 1814 617 1830 ι
635 1804 768 1841 Ἐγενήθη
782 1804 889 1840 πνεῦμα
901 1804 956 1832 ἕτε-

168 1857 214 1886 ρον
231 1851 260 1876 ἐν
275 1847 400 1885 αὑτῷ.-
409 1848 516 1883 Ἐδίωξε
530 1850 659 1877 καύσωνα
672 1850 736 1886 ὃλην
756 1851 806 1885 τὴν
820 1851 951 1886 ἡμέραν.»

167 1895 305 1931 Διηνεκῶς
320 1896 373 1931 γὰρ
390 1896 511 1922 ἐπετέλει
536 1895 659 1927 τοιαῦτα,
683 1895 701 1922 ἆ
726 1895 865 1926 καύσωνος
877 1895 954 1930 δίκην

168 1940 365 1975 λυμαινομένου
394 1942 450 1972 τοῖς
472 1942 600 1976 καρποῖς,
623 1941 735 1975 ἐπάγειν
751 1940 841 1971 αὐτοῖς
857 1937 891 1975 ἦν
906 1941 955 1966 αύ-

166 1986 257 2022 miqu
268 1986 317 2020 τὴν
335 1983 448 2021 φθοράν.
467 1995 477 2012 ι
495 1986 570 2013 Κενὰ
587 1986 633 2012 καὶ
652 1985 753 2021 μάταια
763 1985 926 2021 ἐπλήθυναν.
942 1995 952 2011 ι

169 2033 224 2059 Καὶ
237 2031 336 2067 πλῆθος
349 2032 466 2059 εἰδώλων
479 2033 682 2068 κατεστήσαντο
697 2031 843 2066 ἀνωφελῶν
859 2041 955 2058 παντε-

168 2077 223 2108 λῶς
252 2077 298 2103 καὶ
325 2077 427 2112 βλάϐης
455 2078 586 2112 μεγίστης
597 2077 700 2104 αἰτίων.
721 2086 730 2102 ι
748 2077 801 2104 Καὶ
824 2077 955 2113 διαθήκην

171 2122 240 2158 μετὰ
253 2123 403 2158 ’Λσσυρίων
415 2123 526 2155 διέθετο,
541 2123 587 2149 καὶ
599 2123 687 2149 ἔλαιον
698 2123 753 2157 (12)
769 2123 808 2155 είς
818 2123 954 2158 Λῖγυπτον

1002 946 1113 969 sanctus
1136 942 1281 969 vocabitur
1307 942 1363 971 Dei.
1381 951 1390 967 ι
1407 943 1490 970 Antea
1513 943 1634 977 quidem,
1654 942 1783 978 quoniam

1000 987 1034 1014 ad
1065 986 1213 1014 falsitatem
1243 992 1324 1022 atque
1350 987 1485 1015 idolorum
1512 989 1674 1023 obsequium
1702 988 1784 1022 impie

1000 1039 1094 1059 omnes
1116 1031 1332 1066 declinaverant,
1357 1033 1462 1059 nullum
1486 1033 1538 1060 mei
1562 1037 1714 1067 respectum
1733 1032 1784 1060 ha—

1000 1078 1106 1109 benles,
1122 1079 1279 1106 necessario
1292 1086 1340 1106 eos
1351 1079 1430 1106 malis
1448 1078 1502 1106 illis
1519 1078 1695 1106 irretivizsed
1711 1084 1785 1105 nunc

1000 1125 1204 1160 resipisccntes,
1232 1128 1259 1152 et
1281 1124 1401 1152 melioris
1420 1124 1508 1159 frugis
1533 1124 1682 1155 studiosos,
1706 1123 1785 1150 fami-

1001 1171 1083 1198 Iiares
1104 1171 1170 1197 mihi
1191 1178 1287 1197 omnes
1310 1170 1420 1197 faciam.
1445 1170 1472 1196 Id
1500 1169 1572 1196 cnim
1592 1169 1662 1196 valet
1684 1169 1785 1196 locutio

1001 1217 1061 1247 illa,
1084 1226 1093 1242 ‹
1109 1215 1177 1243 Novi
1193 1223 1251 1243 eos.
1267 1225 1276 1241 ι
1292 1215 1325 1242 Ει
1337 1215 1446 1250 quidem
1461 1215 1490 1242 in
1504 1222 1618 1242 numero
1634 1222 1695 1242 esse
1710 1221 1785 1241 meo-

1002 1270 1073 1293 rum.
1093 1263 1164 1290 facta
1187 1263 1245 1297 ipsa
1272 1262 1421 1294 docebunt,
1442 1262 1572 1297 quoniam
1594 1265 1635 1288 tot
1655 1263 1786 1296 tantaque

1001 1309 1071 1336 bona
1090 1316 1132 1336 me
1155 1309 1302 1343 adjuvante
1321 1312 1512 1343 assequentur.
1529 1307 1609 1335 Certe
1632 1307 1665 1334 ad
1689 1307 1785 1340 liuius-

1001 1354 1074 1381 modi
1094 1354 1160 1388 ipsis
1177 1353 1327 1382 exltibenda
1347 1353 1481 1381 beneficia
1495 1357 1608 1388 paratus
1624 1359 1696 1380 sum.
1714 1351 1784 1384 Quid

1001 1398 1103 1432 porro?

1314 1529 1390 1558 CAP.
1411 1528 1467 1556 XII.

1040 1574 1121 1603 Vens.
1140 1575 1151 1602 l
1173 1575 1199 1602 4.
1214 1590 1250 1596 —-
1264 1585 1273 1601 ι
1289 1574 1453 1611 Epitraimus
1477 1579 1568 1602 autent
1597 1575 1684 1602 malus
1708 1575 1786 1610 spiri-

1004 1626 1057 1648 tus.
1077 1631 1086 1646 ι
1106 1621 1174 1648 Mala
1192 1621 1320 1648 nimirum
1334 1621 1479 1649 voluntas:
1496 1629 1558 1648 nam
1574 1621 1699 1656 spiritum
1714 1629 1785 1656 saepe

1003 1667 1121 1706 appellat
1135 1666 1318 1699 volu‘ntatem;
1334 1667 1416 1694 veluti
1433 1677 1438 1693 :
1458 1676 1467 1693 ι
1487 1666 1605 1702 Spiritus
1624 1665 1784 1694 fornicatio~

1004 1712 1047 1740 nis
1059 1712 1167 1748 decepit
1177 1709 1272 1744 eos";
1285 1723 1293 1737 ι
1304 1717 1342 1745 et,
1358 1722 1366 1737 ι
1380 1711 1510 1747 Spiritum
1521 1716 1627 1739 rectum
1641 1711 1738 1738 innova
1757 1711 1783 1738 in

1003 1756 1155 1784 viseeribus
1179 1757 1247 1783 meis
1259 1757 1299 1789 ";
1316 1765 1325 1782 ι
1351 1757 1383 1783 Ει
1399 1755 1501 1792 Citaleb
1520 1755 1635 1791 Icphoni
1658 1757 1740 1790 filius,
1758 1758 1786 1784 et

1003 1801 1084 1829 Iesus
1096 1800 1172 1834 Navi,
1182 1801 1311 1835 quoniam
1331 1811 1340 1827 ι
1359 1801 1472 1836 spiritus
1483 1801 1554 1830 alius
1565 1801 1615 1829 fuit
1630 1802 1656 1828 in
1673 1802 1760 1829 illo".
1773 1809 1784 1828 ι

1004 1862 1039 1868 --
1050 1856 1059 1872 ι
1074 1846 1237 1874 Persecutus
1258 1851 1300 1873 est
1315 1849 1411 1872 aestum
1423 1850 1477 1873 tota
1490 1845 1544 1873 die.
1563 1846 1700 1881 )«Semper
1713 1847 1787 1874 enim

1004 1893 1068 1919 talia
1090 1892 1196 1926 agebat,
1214 1899 1274 1926 qum
1291 1896 1366 1918 more
1392 1896 1475 1919 aestus
1498 1891 1622 1926 frugibus
1643 1894 1727 1925 noxii,
1743 1892 1788 1919 af-

1004 1937 1076 1965 l‘crre
1098 1937 1165 1972 ipsis
1189 1937 1336 1972 perniciem
1363 1940 1498 1970 poterant.
1526 1945 1535 1961 ι
1554 1936 1646 1962 inania
1667 1941 1694 1963 ct
1715 1942 1787 1963 vana

1004 1983 1261 2017 lnultiplicaverunt.
1282 1988 1292 2008 ι
1326 1981 1451 2016 Magnum
1478 1987 1620 2008 numerum
1651 1981 1787 2008 idolorum

1005 2029 1217 2059 constituerunt,
1244 2027 1380 2054 inutilium
1401 2032 1524 2061 prorsus,
1543 2026 1597 2052 imo
1614 2026 1723 2053 maximi
1741 2025 1789 2053 de-

1005 2073 1126 2101 trimenti
1156 2079 1267 2099 causam
1300 2072 1490 2106 praebentium.
1522 2079 1531 2096 ι
1550 2070 1581 2097 Et
1607 2070 1696 2098 foedus
1725 2078 1788 2098 cum

1006 2119 1126 2154 Assyriis
1145 2118 1241 2149 inibat,
1257 2121 1284 2144 et
1296 2117 1385 2144 oleum
1401 2117 1428 2143 in
1446 2116 1564 2151 Egypto
1575 2117 1756 2143 mercabatur.
1775 2124 1786 2142 ι

169 2168 354 2203 ἐνεπορεύετο.
376 2177 385 2193 ι
400 2166 466 2194 Εἶτα
477 2169 571 2200 κακοῖς
587 2166 656 2204 ὑπὲρ
671 2167 950 2204 τούτωνπεριπεπτω.

1007 2163 1112 2191 Deinde
1139 2163 1166 2189 in
1185 2162 1242 2189 haac
1257 2161 1328 2188 maia
1350 2161 1502 2196 coniectus,
1516 2160 1597 2187 modo
1608 2161 1642 2188 ab
1656 2160 1788 2196 Assyriis,

171 2212 236 2244 κὼς,
255 2213 319 2238 ποτὲ
334 2213 382 2248 μὲν
396 2213 430 2239 δι’
452 2213 612 2248 Ἀσσυρίων,
628 2213 695 2239 ποτὲ
713 2212 740 2239 δὲ
753 2212 787 2238 δι’
800 2213 955 2246 Αἰγυπτίων

171 2258 283 2293 ῆλπιζεν
306 2257 408 2292 ἀγαθοῦ
428 2267 500 2290 τινος
515 2258 676 2290 τεύξεσθαι⁵
699 2258 746 2284 καὶ
760 2258 830 2293 πρὸς
852 2259 956 2284 ἐκεῖνον

174 2303 223 2338 μὲν
247 2303 337 2338 φιλίας
365 2304 501 2339 συνθήκας
521 2303 647 2330 ἐϐούλετο
671 2303 816 2335 ποιεῖσθαι,
828 2303 904 2338 παρὰ
927 2303 955 2330 δὲ

171 2350 266 2376 τούτου
291 2349 447 2384 συμμαχίαν
472 2350 550 2385 ᾔτει·
577 2349 706 2383 ὠφελεῖτο
732 2349 760 2375 δὲ
779 2348 808 2381 ἐξ
827 2349 955 2376 ἁπάντων

172 2395 272 2421 τούτων
288 2394 372 2421 οὐδέν.
399 2405 407 2420 ι
427 2395 480 2421 Καὶ
499 2395 589 2430 κρίσις
607 2394 646 2429 τῷ
661 2394 754 2429 Κυρῖῳ
766 2394 834 2430 πρὸς
855 2394 954 2421 Ἰούδαν

172 2440 218 2466 τοῦ
234 2440 375 2475 ὲκᾶκῆσαι
393 2440 438 2466 τὸν
458 2439 566 2467 Ἰακώϐ.
584 2449 593 2466 ι
614 2439 643 2466 '0
654 2440 708 2475 γὰρ
722 2440 788 2471 Θεὸς
801 2440 880 2471 αὐτὸς
893 2440 956 2475 ἣκει

173 2484 216 2511 διὰ
231 2483 285 2511 τῶν
302 2485 472 2520 πραγμάτων
484 2485 680 2521 κριθησόμενος
693 2485 761 2520 πρὸς
779 2486 888 2517 αὐτοὺς,
910 2486 956 2512 καὶ

173 2531 286 2558 ἐκδικῶν
312 2531 348 2558 τὰ
384 2531 422 2566 μὴ
449 2531 563 2562 δεόντως
586 2531 677 2562 αὐτοῖς
694 2531 894 2566 πεπραγμένα·
910 2531 955 2558 τὸν

179 2577 276 2604 Ἰακὼϐ
295 2577 348 2613 γὰρ
360 2576 500 2603 κάνταῦθα
517 2576 591 2610 λέγει
603 2576 632 2602 τὺ
648 2576 723 2607 ἔθνος
738 2576 792 2603 τῶν
813 2577 957 2611 Ἰουδαίων,

172 2620 238 2658 ὅπερ
255 2621 300 2649 οὗν
314 2620 362 2649 καὶ
385 2622 480 2649 Ἰακὼϐ
498 2622 544 2648 καὶ
561 2621 668 2657 Ἰσραὴλ
687 2622 808 2649 ἐκαλεῖτο
823 2623 894 2650 κατὰ
909 2626 958 2660 τὴν

171 2668 218 2694 τοῦ
234 2669 406 2703 προπάτορος
420 2667 510 2694 αὐτῶν
535 2667 693 2701 ὀνομασίαν,
713 2667 751 2699 ὡς
768 2669 797 2694 ὲν
815 2671 872 2700 τοῖς
887 2669 958 2696 ἀνω-

172 2714 260 2751 τέροις
285 2713 425 2748 ἐδείξαμεν
441 2721 448 2728 ·
475 2712 536 2740 ὅθεν
559 2712 656 2746 ἐπάγει
669 2719 676 2727 '
695 2723 703 2738 ι
725 2713 804 2740 Κατὰ
817 2714 866 2745 τὰς
882 2714 958 2747 ὁδοὺς

1007 2210 1089 2237 modo
1105 2209 1137 2235 ab
1153 2206 1289 2243 Egyptiis
1300 2207 1425 2242 sperabat
1444 2206 1507 2234 boni
1524 2206 1625 2240 aliquid
1635 2206 1787 2241 consequi:

1006 2258 1111 2281 etcum
1129 2252 1182 2279 illis
1203 2251 1312 2286 quidem
1336 2250 1462 2277 amicitia:
1482 2249 1570 2277 fmdus
1588 2250 1701 2285 jungere
1714 2251 1790 2278 vole-

1007 2300 1064 2330 bat.
1090 2299 1124 2325 ab
1147 2297 1191 2326 bis
1210 2301 1301 2324 autem
1326 2296 1389 2325 belli
1417 2297 1573 2324 societatem
1600 2297 1724 2331 petebat:
1741 2296 1789 2324 sed

1006 2345 1074 2372 nihil
1089 2345 1123 2372 ab
1142 2344 1184 2372 his
1200 2344 1327 2371 omnibus
1338 2347 1380 2371 est
1394 2347 1569 2370 consecutus.
1586 2351 1595 2368 ι
1614 2341 1789 2377 Etjudicium

1009 2391 1115 2419 Domini
1132 2399 1194 2418 cum
1208 2388 1288 2421 Iuda,
1305 2393 1334 2416 ut
1348 2389 1498 2417 ulciscatur
1512 2387 1566 2423 56
1579 2387 1674 2416 Iacob.
1693 2394 1702 2415 δ
1717 2388 1790 2416 Deus

1009 2438 1068 2472 ipse
1083 2437 1169 2468 venit,
1187 2435 1268 2462 factis
1285 2435 1377 2469 utique
1393 2433 1525 2469 judicium
1542 2434 1576 2461 de
1591 2433 1645 2460 illis
1662 2438 1789 2468 peractu-

1009 2490 1068 2515 rus,
1093 2487 1120 2510 et
1138 2490 1198 2517 quae
1214 2485 1311 2517 pra-ter
1326 2479 1442 2507 oiiicium
1466 2484 1579 2515 egerunt
1591 2479 1790 2507 vindicaturus.

1008 2529 1076 2556 Nam
1097 2528 1183 2556 Iacob
1205 2528 1255 2554 hoc
1270 2532 1378 2561 quoque
1401 2527 1461 2553 loco
1479 2525 1546 2552 dicit
1570 2525 1725 2552 uniuersam
1743 2524 1793 2552 Iu-

1009 2574 1129 2601 daeorum
1143 2577 1262 2608 gentem,
1277 2579 1336 2606 qua:
1353 2575 1380 2598 et
1392 2570 1477 2598 Iacob
1490 2574 1517 2598 et
1536 2571 1617 2598 lsrael
1635 2571 1792 2605 appellaba-

1009 2625 1064 2652 tur,
1080 2619 1113 2646 de
1131 2619 1172 2646 sui
1194 2617 1376 2653 pmgeuitoris
1401 2617 1521 2647 nomine,
1543 2621 1572 2643 ut
1587 2617 1643 2650 jam
1665 2617 1692 2643 in
1709 2623 1788 2650 supe-

1007 2665 1128 2693 rioribus
1140 2664 1268 2691 diximus.
1280 2662 1357 2690 Unde
1372 2662 1447 2689 addit
1461 2671 1467 2689 :
1483 2672 1491 2687 ι
1506 2661 1585 2690 quta
1601 2662 1659 2689 vias
1677 2662 1750 2695 ejus,
1765 2664 1792 2688 et

1005 2711 1084 2746 juxta
1102 2709 1310 2737 adiuventiones
1331 2708 1391 2743 ejus
1418 2707 1513 2735 reddet
1536 2707 1571 2734 ei.
1590 2717 1599 2733 ι
1627 2707 1679 2734 i’ro
1706 2713 1740 2734 eo
1760 2713 1793 2734 ac

207 2793 229 2810 ⁸¹
240 2793 303 2822 Ose.
323 2803 359 2826 Iv,
371 2794 414 2822 l2.
453 2796 475 2812 "
492 2795 564 2824 Psal.
577 2804 602 2830 ι,
617 2797 661 2824 I2.
699 2797 721 2813 ⁸³
737 2796 817 2824 Νυιιι.
840 2805 896 2830 ιιν,
911 2797 947 2824 Ξι

1003 2803 1067 2829 nu,
1085 2795 1128 2822 18.

208 2870 265 2907 (19.)
281 2871 348 2899 Cod.
362 2872 445 2900 ἔλεον.
