1973 3066
173 140 221 168 I95

764 132 939 162 TllEODORI
960 131 1198 160 MOPSUICSTENI

1744 134 1795 161 196

172 197 244 224 dicat
257 204 265 222 :
279 203 309 224 se
328 202 477 230 congruam
492 194 613 229 peccatis
626 201 721 222 eorum
743 202 851 229 pmnam
869 194 958 228 impo-

1020 191 1103 223 ιύτοῦ,
1112 191 1159 218 καὶ
1173 191 1243 218 κατὰ
1256 191 1290 218 τὰ
1298 191 1503 227 ἐπιτηδεύματα
1516 192 1598 219 αὑτοῦ
1610 192 1795 220 ἀνταποδὼσει

172 243 300 269 siturum.
323 240 426 267 Deinde
447 244 474 267 et
495 240 677 275 progenitoris
701 240 837 274 exemplo,
862 234 958 266 horum

173 287 315 320 redarguit
341 285 556 320 improbitatem.
588 295 597 311 ι
614 286 642 313 In
666 290 744 313 utero
774 285 960 320 supplantavit

174 332 285 359 fratrem
301 339 393 358 summ.
413 340 422 356 ι
443 331 572 358 l’rol'ecto
592 331 639 358 ille
652 337 716 359 ante
732 332 814 358 etiam
831 331 959 358 nativita-

176 381 229 404 tem
251 377 389 411 portendit
405 384 437 403 eo
454 377 577 411 corporis
590 382 663 403 motu
682 376 814 407 fraudem,
827 384 879 411 qua
896 375 960 403 atie—

175 425 300 448 ctaturus
324 425 382 447 erat
403 421 575 455 primogeniti
597 420 671 454 jura.
689 430 699 446 ι
716 419 748 447 Et
776 421 802 447 in
821 420 960 447 laboribus

175 466 233 492 suis
249 465 336 491 valuit
353 472 416 499 erga
439 464 533 491 Deum.
553 474 562 490 ι
579 464 677 491 Multos
695 471 842 499 perpessus
853 464 960 491 labores

177 519 209 538 ac
226 511 346 542 fraudes,
364 519 418 537 non
433 511 563 538 sustinuit
575 519 589 538 a
610 511 656 538 Dei
677 511 865 539 benevolentia
883 506 961 540 i'ece-

176 558 251 584 dere.
270 567 279 583 ι
296 557 330 583 Ει
352 557 457 584 viribus
478 557 564 583 valuit
580 565 643 584 cum
668 557 764 592 angelo
782 557 914 592 (luctari).
934 563 961 585 et

177 606 272 636 potens
299 601 359 628 fuit.
381 610 390 626 ›
408 601 512 628 Fratris
534 602 650 629 insidias
675 602 831 637 suspicans,
855 603 961 631 visione

178 646 266 680 angeli
282 646 411 680 dignatus
429 645 489 678 fuit,
505 653 567 672 cum
583 654 638 681 quo
651 647 748 674 luctari
760 647 846 678 visus.
863 653 960 682 potens

180 690 318 724 apparuit.
335 691 373 716 Ae
384 698 428 717 res
447 690 520 717 illius
538 690 574 716 ita
590 698 619 717 se
633 690 798 718 habuerunt.
812 691 882 724 Quid
898 700 961 720 vero

177 736 237 770 ejus
261 736 381 770 posteri?
398 745 407 761 ι
427 735 583 767 Fleverunt,
605 740 632 763 et
647 744 689 763 me
704 736 841 771 deprecati
856 742 928 765 sunt.
949 747 958 763 ι

179 781 206 808 lu
228 783 300 809 luctu
328 789 424 808 omnes
452 786 605 813 versantur,
631 782 812 817 precibusque
838 783 962 810 nituntur

178 835 314 854 mrurnnas
343 831 475 858 avertere,
502 827 603 862 quibus
625 827 660 854 ob
687 835 763 855 suam
796 829 960 863 impietatem

180 877 354 907 premuntur.
370 873 499 905 Quaenam
515 876 558 899 est
575 873 650 900 hac?
665 883 674 898 ι
690 873 719 900 ln
733 873 816 900 domo
829 874 871 901 ()n
892 874 964 901 inve-

180 921 280 944 nerunt
292 925 341 944 me.
359 927 368 943 ι
383 917 517 944 ldolorum
530 918 613 944 cultui
626 919 769 952 vacabant,
782 920 892 947 nomine
903 927 964 947 meo

182 962 304 989 colentes
318 962 362 988 illa
383 970 443 997 qua:
459 962 523 990 huic
537 963 712 997 appellationi
725 963 771 998 jus
792 964 896 991 nullum
914 964 964 990 ha-

182 1008 290 1034 bebant.
314 1007 381 1038 Illic,
407 1007 529 1042 inquam,
550 1009 627 1043 quasi
648 1013 808 1043 prvesentem
833 1017 876 1036 me
891 1010 966 1037 cole—

181 1053 256 1084 bant.
281 1053 327 1087 qui
351 1052 473 1079 aberam.
494 1052 564 1087 Ergo
578 1052 674 1084 dictio,
692 1062 701 1078 ι
717 1053 746 1080 ln
762 1053 842 1081 domo
856 1053 896 1081 Ou
923 1063 966 1082 me

181 1099 353 1128 invenerunt.
374 1107 383 1123 ›
401 1097 510 1132 ponitur
523 1098 680 1132 pro:Quasi
695 1098 731 1125 ibi
750 1107 792 1126 me
804 1104 963 1133 praesentem

180 1143 360 1173 invenissent.
388 1149 468 1177 quem
494 1142 548 1169 coli
573 1143 609 1169 ab
633 1142 702 1177 ipsis
725 1146 856 1178 tanquam
880 1143 963 1170 Deum

180 1189 335 1223 oportebat,
355 1187 462 1215 interim
476 1187 555 1215 idolo
575 1187 739 1215 exhibebant
754 1188 963 1223 appellationem

181 1233 262 1261 simul
277 1237 304 1261 et
319 1233 449 1260 honorem
466 1233 524 1260 Dei.
543 1241 552 1259 ι
571 1233 605 1260 Et
621 1233 657 1260 ibi
672 1233 742 1261 facta
757 1238 822 1262 sunt
835 1235 917 1262 verba
930 1235 963 1262 ad

181 1286 237 1305 eos.
257 1287 267 1303 ›
287 1277 453 1305 Sententiam
472 1277 528 1305 illic
548 1281 658 1312 propter
675 1277 758 1312 impie
775 1277 845 1304 facta
861 1278 964 1312 justam

181 1322 336 1350 audierunt.

218 1485 301 1512 Vrsas.
327 1484 386 1511 5—8.
407 1499 441 1503 —
459 1493 468 1508 ι
487 1482 519 1510 Et
539 1481 671 1510 Dominus
696 1482 768 1511 Deus
791 1483 965 1518 omnipotens

183 1532 237 1559 erit
260 1530 418 1557 rnernoriale
434 1529 505 1564 ejus.
523 1538 532 1554 ι
551 1529 604 1556 Sed
629 1529 701 1556 enim
724 1529 751 1556 in
769 1529 835 1556 talia
852 1529 964 1561 incidet,

187 1577 260 1604 unde
272 1584 364 1603 verum
376 1575 459 1602 Deum
472 1582 636 1610 cognoscere
646 1574 743 1605 discet.
755 1575 869 1609 ejusque
881 1575 967 1601 maxi-

185 1631 257 1650 mam
270 1623 342 1649 omni
355 1626 474 1655 tempore
488 1620 646 1647 memoriam
661 1620 798 1652 retinebit,
812 1619 864 1656 57
878 1620 924 1655 qni
941 1624 969 1647 et

186 1670 262 1705 ipsos
287 1668 403 1699 creavit,
429 1673 456 1694 ct
479 1666 620 1693 beneﬁciis
645 1666 783 1693 continuis
808 1671 969 1700 prosecutus

186 1719 240 1746 est,
259 1719 287 1742 et
303 1721 376 1740 nunc
390 1713 471 1740 etiam
486 1711 648 1739 criminibus
668 1711 794 1746 impiatos
810 1712 970 1746 castigando

187 1760 285 1788 nititur
300 1759 333 1786 ad
351 1758 489 1785 meliorem
506 1757 610 1791 frugem
627 1762 796 1784 convertere.
816 1766 824 1782 ι
842 1757 873 1784 Et
890 1762 918 1784 tu
936 1758 970 1784 ad

187 1805 273 1833 Deum
298 1807 468 1834 convertere,
490 1802 706 1830 misericordiam
730 1806 757 1829 et
767 1802 900 1837 judicium
922 1810 971 1830 cu-

187 1851 270 1882 stodi,
286 1854 313 1877 et
328 1849 517 1885 appropinqua
530 1847 585 1875 Deo
600 1852 648 1874 tuo
662 1855 780 1882 semper.
794 1858 803 1874 ι
816 1847 968 1875 Genuinam

188 1896 283 1930 itaque
307 1893 420 1921 ostende
445 1894 478 1920 ad
499 1892 582 1920 Deum
605 1893 829 1927 conversionem;
850 1894 970 1921 ebaritas

187 1933 263 1976 erga.
278 1941 412 1971 homines,
429 1943 457 1967 et
478 1939 585 1974 justitia
599 1939 648 1966 tibi
667 1946 740 1966 cura:
757 1939 812 1966 sint
826 1948 833 1966 :
855 1939 889 1966 da
906 1947 972 1974 ope-

187 1995 247 2015 ram
264 1991 294 2013 ut
306 1994 414 2021 semper
426 1993 488 2012 cum
513 1985 568 2012 Deo
593 1985 651 2012 sis:
667 1985 748 2020 cujus
763 1986 786 2012 si
803 1986 905 2012 cultum
927 1994 971 2012 re-

187 2033 313 2063 tiuueris,
330 2033 427 2059 merito
442 2031 560 2058 fructum
582 2030 645 2058 inde
659 2031 769 2066 capies;
786 2031 822 2058 ita
839 2035 929 2058 tamen
943 2036 973 2058 ut

188 2079 224 2106 ab
245 2079 382 2106 idolorum
406 2077 540 2111 obsequio
568 2084 681 2112 prorsus
705 2076 854 2104 abstineas.
879 2087 887 2103 ι
902 2078 974 2105 Cha-

189 2131 270 2155 naan,
287 2123 314 2150 in
338 2130 420 2149 manu
437 2122 499 2157 ejus
517 2126 618 2148 statera
635 2121 805 2156 iniquitatis;
819 2123 973 2156 opprimere

189 2174 373 2206 pmpotenter
390 2169 497 2196 dilexit.
513 2178 522 2194 ι
537 2168 682 2203 Postquam
698 2176 745 2195 eos
763 2169 900 2203 praedivtis
912 2177 974 2200 ver-

1009 237 1094 271 αὐτῷ.
1114 246 1123 262 ›
1138 237 1196 264 Ἵνα
1211 237 1276 273 εἴπῃ
1296 238 1337 264 ὅτι
1350 238 1481 272 ἀνάλογον
1491 235 1528 265 ὧν
1541 238 1684 265 πταίουσιν
1704 239 1797 270 αὐτοῖς

1010 283 1105 316 ἐπάξει
1119 283 1253 319 τιμωρίαν
1265 292 1273 300 ο
1291 281 1350 310 εἶτα
1362 284 1409 310 καὶ
1424 284 1495 310 κατὰ
1506 284 1656 320 παράθεσιν
1669 283 1716 310 τοῦ
1729 292 1798 318 προσ

1010 329 1127 364 πάτορος
1140 328 1187 364 τὴν
1202 322 1304 356 τούτων
1319 329 1425 364 ἐλέγχει
1455 329 1564 357 κακίαν.
1578 339 1587 355 ι
1609 329 1654 356 Ἑν
1665 329 1698 364 τῇ
1707 328 1797 363 κοιλίᾳ

1011 374 1151 409 ὲπτὲρνισε
1171 375 1216 402 τὸν
1229 374 1343 408 ἀδελφὸν
1367 375 1459 401 αὐτοῦ.
1481 384 1491 401 ι
1505 376 1542 410 (p.
1557 375 1604 409 86)
1634 375 1665 401 ’0
1680 374 1728 409 μὲν
1740 374 1796 409 γὰρ

1011 420 1057 446 καὶ
1073 419 1126 454 πρὸ
1138 419 1188 454 τῆς
1201 419 1354 454 γεννήσεως
1372 420 1538 446 ἐνεδείκνυτο
1552 420 1591 454 τῷ
1611 420 1731 455 σχήματι
1745 419 1797 455 τὴν

1010 464 1127 498 ἀπάτην,
1145 464 1204 499 μεθ’
1213 462 1247 499 ἦς
1261 464 1377 499 ἤμελλεν
1384 465 1641 500 ἀντιποιηθήσεσθαι
1655 465 1708 492 τῶν
1722 474 1798 501 πρω-

1010 509 1148 536 τοτοκίων.
1159 518 1169 533 ι
1184 510 1238 535 Kal.
1252 511 1280 535 ὲν
1290 509 1383 541 κόποις
1398 510 1478 537 αὑτοῦ
1497 510 1590 545 ἴσχυσε
1611 510 1678 545 πρὸς
1692 510 1767 536 Θεόν.
1783 519 1793 535 ι

1011 555 1066 581 Kal.
1086 555 1198 586 πολλοὺς
1217 555 1436 590 ὑπομεμενηκὼς
1455 555 1551 587 πόνους
1565 565 1595 582 τε
1616 556 1663 582 καὶ
1683 555 1796 587 πλάνας,

1011 601 1060 635 τῆς
1075 601 1142 635 πρὸς
1158 600 1224 627 Θεὸν
1235 601 1284 628 οὐκ
1301 601 1428 635 ἠνέσχετο
1442 601 1546 633 εὐνοίας
1558 602 1698 637 ἐκστῆναι.
1716 612 1724 626 ι
1742 602 1798 628 Καὶ

1011 645 1134 680 ὲνίσχυσε
1151 646 1218 681 μετὰ
1249 646 1377 680 ἀγγέλου,
1400 647 1446 673 καὶ
1465 647 1593 682 ἠδυνήθη.
1613 657 1622 672 ι
1639 647 1694 674 Kal.
1705 647 1736 681 δὴ
1751 647 1798 673 καὶ

1012 691 1057 717 τοῦ
1078 691 1191 725 ἀδελφοῦ
1214 692 1263 727 τὴν
1289 692 1434 727 ἐπιϐουλὴν
1464 692 1648 728 ὑφορώμενος,
1667 693 1799 724 ὀπτασίας

1011 736 1112 771 ἠξιώθη
1129 737 1256 771 ἀγγέλου,
1272 737 1340 772 πρὸς
1353 737 1382 763 ὃν
1396 737 1520 764 παλαίειν
1534 737 1620 764 δοκῶν
1632 737 1709 773 ὥνρθη
1721 738 1799 765 δυνα-

1011 782 1056 813 τός
1071 782 1155 809 ’ἀλλὰ
1182 783 1215 809 τὰ
1240 783 1288 816 μὲν
1306 782 1409 809 ἐκείνου
1438 783 1549 809 τοιαῦτα
1565 792 1571 798 ·
1593 783 1627 809 τὰ
1652 783 1679 809 δὲ
1697 783 1798 810 τούτων

1012 828 1066 854 τῶν
1086 828 1226 862 ἀπογόνων
1249 828 1303 854 τῶν
1322 828 1425 854 ἐκείνου
1443 829 1538 861 ὁποίας
1553 838 1562 854 ι
1583 829 1739 856 Ἐκλαυσαν
1753 830 1800 855 καὶ

1013 873 1161 908 ἐδεήθησάν
1187 882 1246 908 μου.
1271 883 1279 899 ι
1305 874 1350 900 Ἑν
1369 874 1498 908 δάκρυσιν
1524 874 1644 906 ἅπαντές
1669 875 1722 901 εἰσι
1752 875 1800 901 καὶ

1013 918 1145 953 δεήσεσιν,
1155 918 1314 952 ἀπαλλαγὴν
1326 917 1463 949 αἰτοῦντες
1475 918 1528 944 τῶν
1545 919 1636 944 κακῶν
1646 919 1673 945 ὲν
1682 917 1721 950 οἷς
1730 919 1799 954 ὑπὲρ

1014 963 1062 998 τῆς
1074 962 1200 994 ἀσεϐείας
1211 962 1384 996 ἐξετάζονται
1397 963 1446 998 τῆς
1459 963 1560 995 οἰκείας
1569 972 1576 978 ’
1592 965 1669 996 ποίας
1678 964 1777 998 ταύτης
1791 973 1798 996 ς

1018 1016 1027 1033 ι
1049 1007 1093 1033 Ἑν
1110 1006 1149 1041 τῷ
1174 1008 1241 1042 οῖκῳ
1258 1008 1305 1033 Ὠν
1333 1004 1411 1043 εὗρόν
1427 1017 1472 1042 με.
1493 1018 1502 1033 ι
1518 1009 1585 1043 Περὶ
1597 1009 1651 1044 γὰρ
1674 1009 1723 1045 τὴν
1745 1010 1800 1037 τῶν

1016 1050 1132 1078 εἰδώλων
1161 1051 1323 1086 ἠσχολοῦντο
1353 1052 1519 1087 θεραπείαν,
1547 1054 1575 1079 ἐν
1597 1054 1729 1090 ὀνομασίᾳ
1751 1055 1801 1089 μὲν

1016 1095 1148 1131 τιμῶντες
1162 1097 1222 1132 ’ἐμῇ
1248 1097 1311 1128 τοὺς
1327 1097 1403 1123 οὐδὲν
1427 1098 1496 1132 αὐτῇ
1518 1099 1666 1133 προσήκειν
1684 1099 1756 1130 οἵους
1771 1108 1801 1126 τε

1015 1141 1095 1174 ὄντας
1107 1150 1113 1157 ·
1133 1142 1170 1173 ὡς
1185 1142 1278 1169 αὐτόθι
1304 1143 1333 1169 δὲ
1351 1142 1474 1178 παρόντα
1498 1143 1631 1178 τιμῶντες
1648 1145 1697 1179 ἐμὲ
1709 1145 1755 1171 τὸν
1769 1146 1800 1171 οὐ

1016 1187 1137 1223 παρόντα
1149 1195 1156 1201 ⁸
1169 1187 1199 1214 τὸ
1215 1185 1272 1220 οὖν,
1293 1197 1302 1213 ι
1326 1188 1369 1214 Ἐν
1383 1188 1420 1222 τῷ
1429 1188 1495 1224 οίκῳ
1510 1189 1557 1215 Ὧν
1566 1187 1644 1224 εὗρόν
1655 1199 1699 1225 με,
1720 1199 1729 1216 ι
1742 1191 1802 1216 ἀντὶ

1016 1231 1074 1264 τοῦ,
1091 1232 1135 1263 Ὠς
1151 1232 1210 1258 ἐκεῖ
1228 1241 1262 1267 με
1280 1233 1402 1267 παρόντα
1420 1233 1592 1268 εὑρίσκοντες
1605 1241 1612 1248 ·
1627 1233 1656 1260 ὃν
1670 1234 1802 1269 τιμᾶσθαι

1018 1278 1082 1312 παρ’
1098 1277 1187 1303 αὑῖῶν
1203 1277 1240 1308 ὡς
1257 1277 1322 1304 Θεὸν
1336 1278 1430 1313 ἐχρῆν,
1451 1277 1523 1304 οὕτω
1541 1278 1580 1313 τῷ
1597 1278 1698 1314 εἰδώλῳ
1719 1288 1802 1315 προσ-

1017 1321 1085 1357 ῆγον
1109 1322 1159 1356 τήν
1187 1330 1217 1348 τε
1241 1322 1387 1357 ὀνομασίαν
1416 1323 1462 1348 καὶ
1485 1322 1535 1358 τὴν
1562 1323 1644 1358 τιμὴν
1661 1323 1708 1349 τοῦ
1723 1324 1800 1351 Θεοῦ.

1020 1376 1030 1393 ι
1048 1367 1103 1393 Kal.
1134 1368 1192 1394 ἐκεῖ
1206 1367 1324 1403 ἐλαλήθη
1350 1368 1418 1402 πρὸς
1433 1367 1539 1399 αὐτούς.
1562 1377 1571 1394 ›
1587 1368 1685 1395 Λὺτόθι
1707 1368 1736 1395 δὲ
1754 1371 1803 1405 τὴν

1017 1412 1154 1447 ἀπόφασιν
1169 1412 1239 1449 ὑπὲρ
1256 1410 1292 1440 ὧν
1307 1413 1422 1448 ὴσέϐουν
1439 1413 1563 1445 ἐδέξαντο
1577 1414 1694 1442 δικαίαν.

1053 1480 1127 1515 Στίχ.
1137 1484 1263 1515 ε’-η’.--‹
1273 1481 1302 1507 '0
1317 1481 1346 1507 δὲ
1361 1480 1462 1516 Κύριος
1476 1482 1491 1508 ὁ
1501 1481 1567 1512 Θεὸς
1584 1482 1597 1507 ὁ
1609 1482 1804 1518 παντοκράτωρ

1019 1525 1093 1552 ἔσται
1110 1527 1280 1561 μνημόσυνον
1301 1526 1393 1554 αὐτοῦ.
1415 1536 1424 1552 )
1438 1533 1476 1561 (p.
1490 1527 1534 1559 87)
1555 1527 1633 1553 Ἀλλά
1652 1527 1706 1563 γὰρ
1728 1537 1804 1564 περι-

1019 1573 1141 1598 πεσεῖται
1169 1571 1298 1604 τοιούτοις
1325 1572 1371 1606 ἀφ’
1393 1570 1430 1598 ὧν
1453 1571 1636 1606 ἐπιγνώσεται
1661 1574 1706 1599 τὸν
1721 1573 1805 1606 ὅντως

1018 1617 1094 1648 Θεὸν,
1112 1618 1242 1654 μεγίστην
1256 1609 1382 1644 τεάὑτοῦ
1397 1618 1543 1649 διαπαντὸς
1553 1618 1607 1650 ἕξει
1618 1618 1666 1654 τὴν
1683 1620 1803 1656 μνήμην,

1018 1664 1048 1695 ὃς
1076 1663 1209 1699 πεποίηκέ
1227 1672 1256 1691 τε
1280 1665 1387 1697 αὐτοὺς,
1415 1665 1462 1691 καὶ
1491 1665 1659 1700 εὐηργέτηκε
1678 1666 1803 1702 πάντοτε.

1019 1709 1066 1735 καὶ
1079 1708 1112 1743 δὴ
1128 1709 1175 1735 καὶ
1186 1709 1232 1734 νῦν
1243 1709 1431 1744 ἀσεϐήσαντας
1447 1709 1592 1740 παιδεύσας
1607 1710 1652 1736 tul.
1669 1711 1698 1737 τὸ
1713 1713 1804 1746 κρεῖτ-

1019 1762 1064 1780 τον
1083 1754 1229 1789 μεταϐαλεῖ
1242 1754 1312 1781 κατὰ
1325 1756 1375 1790 τὴν
1397 1755 1510 1791 δύναμιν
1526 1756 1575 1791 τὴν
1593 1757 1706 1784 οίκείαν.
1725 1767 1733 1782 ι
1750 1757 1806 1784 Kal.

1021 1799 1053 1825 σὺ
1072 1800 1100 1825 ὲν
1115 1799 1175 1834 Θεῷ
1193 1808 1239 1826 σου
1255 1800 1418 1835 ἐπίστρεψον
1431 1809 1438 1815 ·
1454 1801 1529 1829 ἔλεον
1545 1801 1592 1828 καὶ
1605 1803 1690 1838 κρῖμα
1703 1802 1806 1837 φυλάσ-

1021 1852 1068 1870 σου
1083 1853 1090 1860 ·
1103 1846 1150 1871 καὶ
1161 1845 1253 1879 ἐγγιζε
1271 1845 1336 1880 πρὸς
1353 1847 1397 1872 τὸν
1406 1847 1472 1873 Θεύν
1486 1856 1532 1873 σου
1547 1847 1701 1879 διαπαντός.
1717 1858 1725 1874 ι
1738 1849 1806 1884 Γνη-

1022 1889 1082 1916 σίαν
1099 1890 1188 1918 τοίνυν
1201 1891 1331 1923 ἐπίδειξαι
1360 1891 1410 1926 τὴν
1427 1892 1474 1918 ἐπὶ
1489 1892 1555 1919 Θεὸν
1580 1893 1744 1929 μεταϐολὴν.
1759 1895 1807 1922 καὶ

1022 1934 1151 1969 ἐπιμελοῦ
1167 1935 1373 1970 φιλανθρωπίας
1400 1936 1447 1962 καὶ
1460 1936 1506 1963 τοῦ
1519 1937 1624 1964 δικαίου
1634 1945 1641 1953 ·
1673 1937 1806 1971 σπούδαζε

1023 1979 1051 2005 δὲ
1066 1980 1108 2006 ἀεὶ
1119 1980 1157 2015 τῷ
1171 1980 1229 2015 Θεῷ
1242 1982 1359 2007 συνεῖναι
1369 1982 1415 2007 καὶ
1428 1983 1475 2017 τῆς
1491 1984 1540 2018 μὲν
1557 1985 1621 2019 περὶ
1632 1984 1726 2012 τοῦτον
1745 1986 1807 2012 ἀντ-

1023 2026 1151 2061 εχόμενος
1173 2025 1329 2062 θεραπείας,
1348 2027 1416 2062 ὅπερ
1430 2029 1582 2062 ὀφείλεσθαι
1591 2029 1692 2065 ταύτην
1707 2031 1809 2066 συμϐέ-

1023 2071 1091 2107 ϐηκε
1102 2071 1212 2102 δικαίως
1225 2079 1232 2086 °
1249 2073 1299 2106 τῆς
1323 2071 1350 2097 δὲ
1366 2073 1430 2107 περὶ
1443 2073 1477 2098 τὰ
1490 2073 1587 2100 εἴδωλα
1607 2075 1730 2109 σπουδῆς
1754 2076 1808 2102 ἀπ-

1023 2116 1153 2151 εχόμενος
1171 2116 1321 2148 παντελῶς.
1341 2126 1350 2142 ι
1370 2117 1491 2148 Χαναὰν,
1509 2119 1537 2144 ὲν
1550 2119 1619 2154 χειρὶ
1632 2120 1714 2146 αὑτοῦ
1728 2120 1808 2155 ζυγὸς

1024 2161 1131 2192 ἀδικίας
1147 2170 1154 2177 ⁸
1171 2161 1415 2188 καταδυναστεύειν
1431 2163 1568 2198 ἠγάπησε.
1590 2175 1598 2189 ι
1622 2165 1668 2196 Εἰς
1684 2166 1809 2202 ἐπιστρέ-

189 2216 231 2242 bis
251 2214 284 2240 ad
299 2214 508 2240 conversionem
531 2214 703 2246 invitaverat,
725 2221 820 2241 rursus
836 2214 879 2241 hic
895 2215 967 2241 malit

1026 2217 1104 2242 φειαν
1131 2209 1228 2239 αὐτοὺς
1252 2208 1286 2234 δι’
1305 2209 1415 2234 ἐκείνων
1441 2209 1667 2245 ὲκκαλεσάμενος,
1685 2212 1808 2243 ὀνειδίζει

190 2260 254 2286 tiam
277 2259 435 2294 exprobrat.
454 2258 543 2285 Nihilo
566 2259 704 2290 meliores,
720 2258 820 2293 inquit,
846 2260 974 2294 apparui-

189 2306 238 2332 stis
255 2304 430 2335 Chananaeis,
455 2304 556 2338 quibus
583 2305 653 2332 licus
670 2305 781 2340 regione
796 2305 831 2331 ob
852 2305 975 2340 ipsorum

191 2351 357 2384 impietatem
379 2350 587 2385 nequitiamque
601 2350 709 2384 ejectis,
730 2358 779 2378 vos
804 2351 868 2378 illuc
887 2352 975 2378 intro-

190 2397 278 2422 duxit.
300 2395 483 2422 Nihilominus
506 2403 554 2423 vos
574 2395 608 2422 ad
625 2395 790 2429 iniustitiam
806 2395 974 2427 incumbitis.

192 2443 332 2476 multoque
354 2434 445 2470 studio
468 2441 634 2469 inﬁrmiores
649 2442 815 2476 opprimilis,
837 2449 907 2476 quos
928 2449 976 2469 νος

191 2493 255 2517 stra:
271 2489 396 2524 potentia:
409 2489 514 2516 viribus
534 2489 605 2517 male
621 2490 768 2517 muletatis.

227 2581 307 2608 Vens.
318 2582 344 2612 8,
353 2581 429 2608 9.-—c
443 2581 475 2608 Et
483 2581 548 2608 dixit
557 2581 719 2615 Ephraimus
728 2580 929 2609 :Verumtamen
937 2581 976 2609 di-

193 2635 240 2656 ves
251 2628 363 2654 ell'cetus
375 2635 445 2659 sum,
460 2627 550 2653 inveni
565 2627 684 2654 solamen
697 2627 773 2653 mihi.
787 2636 796 2652 ›
810 2627 889 2662 Atqui
903 2627 975 2662 inju-

194 2677 235 2699 ste
252 2675 379 2705 congesta
398 2671 521 2705 pecunia,
538 2671 635 2706 gaudet
654 2671 755 2698 divitiis
776 2671 842 2704 suis,
859 2679 973 2706 quarum

193 2717 298 2744 dulcem
313 2724 391 2744 nsunt
405 2716 549 2742 existimat.
565 2725 574 2742 ι
587 2716 683 2743 Nullus
694 2717 768 2744 labor
778 2717 837 2751 ejus
852 2717 974 2745 invenie-

193 2768 237 2790 tur
256 2762 317 2796 ipsi,
341 2766 450 2796 propter
471 2761 627 2796 iniquitates
647 2769 714 2796 quas
729 2762 858 2797 peecaﬁt.
871 2772 880 2788 ι
895 2764 978 2798 Atqui

193 2811 318 2841 reputare
334 2807 474 2838 debuerat,
493 2806 584 2833 omnia
602 2806 660 2833 haec
672 2814 731 2841 quae
745 2807 850 2842 injustis
865 2816 976 2836 coacer-

192 2853 263 2880 vavit
280 2852 430 2886 laboribus,
447 2852 566 2887 peritura
583 2852 694 2880 omnino
711 2852 779 2885 fore,
798 2858 907 2888 propter
927 2853 978 2882 ini-

1025 2255 1105 2281 πάλιν
1120 2254 1210 2286 αὐτοῖς
1222 2255 1271 2289 τὴν
1287 2254 1385 2281 κακίαν
1398 2255 1524 2282 ἐνταῦθα.
1541 2257 1730 2292 ’Λπεδείχθητε
1744 2258 1808 2294 γὰρ,

1024 2301 1116 2336 φησὶν,
1147 2300 1222 2326 οὐδὲν
1251 2300 1441 2335 ἐλαττούμενοι
1468 2302 1521 2327 τῶν
1551 2303 1730 2334 Χαναναίων,
1763 2303 1809 2335 οὓς

1024 2346 1146 2373 ἐκϐαλὼν
1160 2347 1208 2381 τῆς
1222 2346 1311 2381 χώρας
1327 2346 1422 2378 ὸΘεὸς,
1435 2347 1479 2373 διὰ
1490 2348 1539 2382 τὴν
1558 2348 1704 2383 περιοῦσαν
1719 2349 1809 2381 αὐτοῖς

1025 2393 1151 2419 ἀσέϐειάν
1168 2401 1197 2418 τε
1212 2393 1258 2418 καὶ
1285 2393 1394 2425 κακίαν,
1411 2393 1483 2427 ὑμᾶς
1501 2394 1697 2429 ἀντεισήγαγεν
1715 2404 1720 2410 ·
1738 2394 1810 2421 οὕτω

1025 2438 1093 2472 πρὸς
1109 2437 1214 2463 ἀδικίαν
1227 2446 1256 2463 τε
1269 2437 1422 2472 βλέποντες,
1438 2439 1484 2464 καὶ
1497 2439 1565 2473 μετά
1579 2439 1680 2474 πολλῆς
1693 2441 1742 2474 τῆς
1754 2440 1811 2466 ἑπι-

1029 2482 1136 2517 μελείας
1164 2483 1226 2514 τοὺς
1256 2483 1466 2519 ἀσθενεστέρους
1495 2485 1564 2510 κατὰ
1583 2483 1631 2519 τὴν
1659 2485 1811 2521 προσοῦσαν

1028 2528 1091 2562 ὑμῖν
1111 2528 1282 2559 ἐκθλίϐοντες
1290 2526 1462 2556 δυναστείαν.

1063 2583 1135 2618 Στίχ.
1150 2583 1222 2618 ἠ’-θ’,
1236 2600 1269 2604 -—
1286 2593 1295 2609 ι
1311 2585 1364 2610 Kal
1380 2583 1455 2611 εἶπεν
1471 2584 1598 2620 Ἐφραῖμκ
1615 2585 1688 2620 Πλὴν
1702 2585 1812 2612 πεπλού-

1028 2636 1109 2663 τηκα.
1130 2628 1234 2664 εὕρηκα
1254 2630 1394 2665 ἀναψυχὴν
1409 2631 1530 2665 ἐμαυτῷ.
1548 2640 1558 2656 ι
1578 2629 1644 2657 Εἶτα
1661 2631 1691 2663 ἐξ
1707 2632 1812 2663 ἀδικίας

1030 2674 1164 2708 συλλέγων
1178 2675 1317 2710 χρήματα,
1333 2676 1425 2710 ἥδεται
1441 2676 1488 2702 ἐπὶ
1500 2675 1538 2710 τῷ
1551 2676 1685 2708 πλουτεῖν,
1703 2677 1731 2711 (p
1756 2677 1790 2704 88
1804 2678 1812 2711 )

1029 2719 1076 2746 καὶ
1090 2719 1122 2754 δὴ
1141 2721 1186 2746 καὶ
1204 2721 1254 2755 τὴν
1273 2721 1302 2753 ἐξ
1315 2721 1404 2748 αὐτῶν
1421 2721 1569 2747 ἀπόλαυσιν
1590 2721 1682 2756 ἡδεῖαν
1697 2723 1811 2756 ἡγεῖται.

1032 2773 1042 2790 ι
1057 2765 1159 2796 Πάντες
1175 2766 1199 2792 οἱ
1219 2766 1293 2792 πόνοι
1318 2766 1399 2792 αὑτοῦ
1413 2766 1461 2800 οὐχ
1485 2765 1676 2801 εὑρεθήσονται
1695 2766 1769 2801 αὐτῷ
1783 2766 1813 2792 δι’

1030 2811 1135 2842 ἀδικίας
1146 2811 1179 2843 ἃς
1192 2812 1325 2847 ἥμαρτεν.
1345 2821 1354 2837 ι
1372 2811 1436 2837 Δέον
1449 2811 1660 2845 ἀναλογίσασθαι
1676 2812 1716 2838 ὅτι
1731 2812 1815 2839 πάντα

1030 2856 1062 2894 δὴ
1077 2857 1163 2884 ταῦτα
1180 2856 1198 2884 ἃ
1213 2857 1280 2893 μετὰ
1300 2857 1466 2893 παρανόμων
1487 2857 1622 2892 συνήγαγε
1643 2857 1741 2890 πόνων,
1764 2857 1814 2884 ἀπ-
