1973 3066
152 144 200 171 197

653 141 929 170 COMMENTARIUS
946 141 979 168 IN
999 141 1102 168 OSEzE
1116 142 1192 169 CAP.
1218 142 1274 169 XII.

1733 142 1784 170 I98

149 201 252 227 ολεῖται
274 199 362 226 πάντα
389 199 460 234 ὑπὲρ
480 199 530 234 τῆς
553 199 658 230 ἀδικίας
677 201 736 235 μεθ’
749 198 783 235 ἦς
798 201 867 227 αὐτὰ
882 208 945 226 συν-

1004 199 1130 234 piitatem
1145 207 1198 234 qna
1220 207 1252 225 ea
1269 198 1415 233 collegerat
1431 207 1437 225 τ
1453 204 1549 232 nempe
1563 204 1625 225 cum
1644 196 1716 224 Deus
1729 198 1786 224 επὶ-

150 247 254 282 ήγαγεν
267 255 274 261 ·
294 245 378 272 ἐπειδ¹
394 245 427 271 ἂν
437 245 504 276 Θεὸς
527 244 581 271 τῶν
597 246 847 281 παρανομημάτων,
861 245 889 271 ὲν
903 243 943 275 οἷς

151 292 339 327 ἐξεταζόμενοι
355 290 498 321 διετέλουν,
522 290 599 321 δίκας
615 291 714 322 αὐτοὺς
734 290 944 326 εἰσπράττεσθαι

153 337 290 373 βούληται.
309 347 318 362 I
339 336 410 370 Ἐγὼ
426 336 455 363 δὲ
474 336 575 371 Κύριος
586 337 601 362 ὁ
618 336 683 368 θεός
701 345 746 364 σου
761 337 899 372 ἀνήγαγον
914 345 943 362 σε

153 383 187 408 ἐκ
199 383 248 417 τῆς
261 382 410 416 Αἰγύπτου.
427 391 437 406 ι
456 381 530 408 Ἔδει
540 381 569 407 δέ
582 390 610 407 σε
625 381 715 416 πάσης
728 381 877 417 ἀπέχεσθαι
892 381 946 408 ἁδισ

153 428 215 459 κὶας
233 428 283 463 τῆς
301 427 372 454 κατὰ
386 427 440 453 τῶν
455 427 591 462 πενήτων,
615 427 841 462 ἀναλογιζόμενον
862 427 902 453 ὅτι
915 435 945 453 σε

154 475 184 500 ὲν
196 473 302 509 δουλείᾳ
315 473 473 500 καθεστῶτα
485 474 583 508 πικρᾷ,
595 472 720 506 ἐξέϐαλον
733 473 782 508 τῆς
797 471 944 507 Αἰγύπτου.

158 529 167 544 α
184 519 244 545 Ἔτι
260 518 390 545 κατοικιῶ
406 527 435 544 σε
451 518 480 544 ἐν
495 519 608 552 σκηναῖς
625 517 715 550 καθὼς
732 519 761 544 ὲν
778 518 869 553 ἡμέρᾳ
887 518 947 552 ἑορ-

155 565 216 599 τῆς.
233 573 241 588 ι
262 564 316 589 Καὶ
335 563 368 597 δὴ
387 563 434 589 καὶ
453 563 558 598 οἴκησίν
582 571 623 588 σοι
645 563 791 597 παρέσχον,
815 563 857 588 ῖνα
882 563 947 598 εἴπῃ

156 610 206 645 τῆς
218 610 268 645 γῆς
283 609 331 644 τῆς
345 608 510 642 ἐπαγγελίας
522 609 570 643 τὴν
582 609 741 640 ἀπόλαυσιν,
755 609 892 644 ἑορτάζειν
906 617 947 635 σοι

158 655 306 690 παρασχὼν
321 656 350 681 ὲν
373 656 405 689 τῇ
421 654 474 680 τῶν
495 655 715 690 προσγεγονότων
734 654 900 681 ἀπολαύσει·
918 655 948 680 τὸ

159 701 214 736 γὰρ
236 711 245 726 ι
263 700 403 729 κατοικιῶ.
423 710 431 725 ι
456 701 516 727 ἀντὶ
544 700 607 732 τοῦ,
634 700 786 735 κατῴκισα,
809 700 892 734 λέγει,
915 701 947 735 τῇ

160 747 293 781 ἐναλλαγῇ
303 746 348 772 τοῦ
360 747 456 781 χρόνου
466 745 587 782 συνήῦως
597 746 766 781 χρησάμενος
777 755 782 761 ·
799 745 912 780 σύνηθες
920 746 948 772 δὲ

160 793 238 818 τοῦτο
256 793 303 818 καὶ
317 792 362 818 ἐπὶ
370 792 424 818 τῶν
436 792 558 826 Ψαλμῶν
576 791 716 827 ἐδείξαμεν
728 791 885 828 αὐτάρκως·
894 789 949 818 οἷόν

161 841 220 866 ἐστι
227 840 266 870 τὸ,
279 848 287 862 ι
299 839 369 873 Ἐγὼ
378 839 406 865 δὲ
419 839 486 874 πρὸς
493 839 538 865 τὸν
548 838 612 864 Θεὸν
620 838 764 873 ἐκέκραξα,
773 839 820 864 καὶ
827 839 841 864 ὁ
850 839 949 873 Κύριος

161 885 303 920 εἰσήκουσέ
329 894 378 919 μου
389 893 395 899 ·
417 895 426 910 ι
445 883 484 916 οἷς
500 885 596 918 ἐπάγει
609 893 615 899 ·
637 894 646 910 ι
670 885 804 920 Ἐσπέρας
817 886 862 911 xa‘t
878 884 950 919 πρωῒ

162 931 209 956 καὶ
227 930 398 966 μεσημϐρίας
412 930 586 965 διηγήσομαι,
604 929 650 956 καὶ
660 929 817 964 ἀπαγγελῶ,
833 930 880 956 καὶ
895 930 950 956 είσ-

161 975 306 1003 ἀκούσεται
328 977 376 1011 τῆς
403 976 494 1010 φωνῆς
519 984 584 1011 μου·
607 986 616 1001 ι
631 976 717 1003 καίτοι
745 985 775 1010 γε
797 977 828 1003 τὸ
853 986 862 1002 ι
895 976 951 1003 είσ⁵

161 1021 262 1057 ἤκουσε
281 1031 289 1046 ι
307 1021 346 1054 τῷ
365 1031 373 1046 ι
390 1021 578 1048 εἰσακούσεται
594 1032 603 1046 ι
621 1022 669 1048 οὑκ
687 1021 847 1048 ἀκόλουθον
861 1022 884 1048 εί
896 1021 952 1057 γὰρ

161 1067 268 1101 γέγονε,
282 1066 308 1092 τί
322 1066 353 1102 δὴ
369 1066 491 1100 γενέσθαι
511 1067 599 1098 αἰτεῖς
621 1065 700 1092 ’Λλλὰ
717 1067 763 1092 καὶ
775 1066 805 1092 τὸ
819 1066 950 1101 πρότερον

160 1113 202 1145 τὸ,
223 1113 261 1148 (p.
275 1113 320 1147 89)
341 1122 349 1138 ι
373 1112 419 1139 καὶ
442 1112 456 1137 ὸ
476 1112 576 1148 Κύριος
600 1112 743 1147 είσήκουσέ
767 1120 829 1146 μου,
848 1121 857 1137 υ
876 1111 950 1145 λέγει

162 1160 222 1186 ἀντὶ
236 1158 293 1188 τοῦ.
311 1157 499 1184 είσεικούσεται
509 1166 516 1173 ·
528 1158 574 1184 καὶ
588 1158 656 1189 ὅλως
674 1158 719 1184 καὶ
731 1157 797 1183 πολὺ
810 1156 857 1184 καὶ
870 1166 951 1192 κεχυ-

164 1205 244 1240 μένον
252 1206 281 1230 ἔν
288 1206 344 1236 τοῖς
354 1204 478 1239 Ψαλμοῖς
489 1205 520 1230 ἐκ
531 1204 576 1230 τοῦ
590 1203 732 1238 ἰδιώματος
741 1203 896 1239 εὑρίσκεται
904 1201 950 1228 τοῦ

168 1250 330 1286 Ἐϐραῖκοῦ-
353 1249 414 1276 ὅθεν
440 1250 472 1284 δὴ
497 1249 543 1276 καὶ
569 1249 644 1284 παρὰ
660 1250 715 1280 τοῖς
732 1249 896 1284 προφήταις,
913 1247 950 1279 ώς

161 1296 247 1327 εἰκὸς,
264 1296 294 1322 τὺ
309 1295 373 1322 αὐτὸ
389 1295 420 1330 δὴ
440 1295 519 1322 τοῦτο
533 1295 606 1329 εὖροι
623 1303 664 1325 τις
685 1295 730 1321 ἄν·
745 1294 782 1326 ὡς
794 1295 857 1321 ὅταν
871 1293 949 1329 λέγγΓ

164 1351 175 1367 ‹
198 1342 241 1373 Ὧς
259 1341 392 1377 πρόϐατον
407 1341 453 1367 ἐπὶ
467 1341 572 1376 σφαγὴν
587 1340 668 1376 ἢχθη,
692 1350 701 1366 ι
719 1341 778 1367 ἀντὶ
792 1340 838 1366 τοῦ
853 1340 951 1372 εἰπεῖν,

161 1385 320 1421 ἀχθήσεται.

199 1432 272 1466 Στίχ.
291 1434 369 1458 ι’-ια’.
386 1446 420 1451 ——
437 1439 446 1456 ι
467 1430 520 1456 Καὶ
534 1430 652 1464 ἐλάλησα
675 1429 743 1465 πρὸς
758 1430 820 1461 τοὺς
844 1430 951 1465 προφή-

162 1483 229 1506 τιςο
250 1475 297 1501 καὶ
312 1474 367 1509 ἐγὼ
387 1475 496 1510 δράσεις
512 1473 661 1508 ὲπλήΟυνα,
676 1474 723 1500 καὶ
737 1474 767 1500 ἐν
789 1474 867 1509 χερσὶ
884 1482 952 1509 προ-

995 245 1110 277 minnm,
1128 252 1244 279 quorum
1269 244 1308 270 illi
1332 248 1397 271 sunt
1418 244 1657 278 convicti,pmnas
1678 251 1788 271 sumere

995 290 1077 317 volet.
1099 300 1107 316 ‹
1130 289 1162 316 Et
1186 289 1241 325 Ego
1266 288 1398 317 Dominus
1426 289 1497 317 Dens
1509 294 1573 317 tuus
1599 289 1681 317 eduxi
1703 293 1730 316 te
1752 297 1786 316 ex

995 336 1123 371 Aigypto.
1143 345 1152 361 ι
1171 334 1244 362 Sane
1266 335 1410 370 oportebat
1429 335 1568 362 abstinere
1586 340 1612 363 te
1637 336 1673 363 ab
1693 335 1787 370 oppri-

996 381 1103 409 mendis
1132 381 1233 415 injusle
1259 381 1436 415 pauperibus,
1462 385 1634 415 reputantem
1657 381 1731 416 quod
1759 381 1787 407 in

998 434 1092 454 amara
1109 427 1243 454 servitute
1269 433 1333 453 cum
1359 426 1483 459 degeres,
1509 425 1628 462 Egypto
1647 431 1673 454 te
1696 426 1785 461 abegi.

1000 483 1009 498 ι
1035 473 1132 499 Adhuc
1151 472 1275 499 habitare
1289 475 1316 498 te
1338 470 1436 498 faciam
1460 471 1487 498 in
1507 472 1700 504 tabernaculis,
1714 473 1787 500 sicut

997 519 1024 545 in
1041 518 1085 545 die
1102 517 1297 545 solemnitatis.
1318 527 1327 542 ι
1346 517 1415 549 Quin
1434 518 1514 543 etiam
1537 517 1720 545 habitaculum
1735 518 1787 545 tibi

998 563 1094 595 obtuli.
1123 564 1149 590 id
1171 569 1222 594 cst,
1244 564 1385 598 promissa:
1407 567 1486 590 terra:
1511 563 1665 597 jucundum
1693 572 1785 594 usum.

999 611 1119 638 festalem
1138 610 1185 637 tibi
1200 610 1319 636 laetitiam
1334 609 1388 644 58
1402 609 1527 644 prmbens
1539 608 1565 636 in
1579 609 1712 636 bonorum
1726 613 1789 637 tuo-

999 664 1058 683 rum
1078 656 1233 683 usulructu.
1250 655 1372 689 Namque
1385 664 1395 681 ί
1407 655 1532 682 habitare
1547 654 1655 687 faciam,
1669 663 1680 681 ι
1697 655 1788 689 posuit

999 709 1058 736 pro,
1072 701 1197 728 habitare
1212 700 1274 732 feci,
1294 700 1373 726 solita
1385 704 1537 734 temporum
1553 699 1676 734 cnallage
1687 703 1787 727 utens:

999 754 1078 780 quem
1101 754 1203 773 morem
1223 754 1283 772 esse
1303 754 1412 780 qumque
1437 745 1619 775 l‘sulmornm,
1646 745 1712 772 satis
1731 745 1788 779 jam

999 792 1260 819 demonstravimus.
1275 790 1362 818 Veluti
1378 795 1419 817 est
1436 790 1502 817 illud
1520 800 1526 817 :
1546 800 1555 815 ι
1576 790 1631 825 Ego
1648 795 1738 818 autem
1754 790 1788 817 ad

1003 837 1086 863 Deum
1100 837 1228 867 clamavi.
1249 840 1276 864 et
1290 835 1425 863 Dominus
1442 835 1581 862 exaudivit
1595 843 1638 862 me
1650 835 1700 862 “.i
1720 834 1788 868 Qui-

966 866 986 893 r’
1001 882 1052 909 bus
1068 881 1162 908 addit:
1178 890 1187 906 ι
1204 881 1322 915 Vespere
1330 884 1357 906 et
1370 887 1448 906 mane
1460 887 1490 906 ac
1507 879 1621 906 meridie
1634 879 1752 906 narrabo
1761 882 1789 906 et

1000 926 1180 956 annuntiabo,
1193 931 1220 953 et
1231 932 1326 952 vocem
1338 932 1426 952 meam
1435 924 1589 951 exaudiet.)
1603 924 1685 958 Atqui
1699 924 1788 959 prius,

1003 980 1013 997 ‹
1022 971 1186 1006 exaudivit,»
1205 971 1394 1005 subsequenti,
1406 978 1416 995 ι
1430 969 1569 1000 exaudiet.
1586 979 1596 995 ›
1607 977 1662 996 non
1669 974 1711 996 est
1720 976 1789 996 con-

1001 1021 1172 1044 sentaneum.
1184 1015 1250 1043 Nam
1260 1016 1283 1043 si
1291 1015 1392 1043 factum
1403 1019 1456 1047 est,
1465 1023 1514 1042 cur
1524 1015 1581 1042 ﬁeri
1591 1015 1726 1049 postulat?
1735 1014 1789 1042 Sed

1000 1062 1072 1088 enim
1089 1061 1165 1096 prius
1175 1060 1252 1092 illud,
1266 1069 1276 1085 ‹
1289 1064 1316 1087 et
1327 1059 1459 1086 Dominus
1479 1058 1682 1091 cxaudivitme,
1696 1068 1705 1083 ι
1721 1058 1790 1085 dicit

1000 1108 1093 1142 potius
1123 1113 1190 1140 pro,
1215 1107 1343 1134 exaudiet
1368 1112 1422 1133 me.
1455 1106 1483 1132 ln
1504 1112 1621 1136 summa,
1638 1112 1710 1138 saepe
1725 1111 1788 1138 pas-

1001 1155 1108 1189 simque
1117 1153 1162 1179 hic
1177 1152 1326 1179 llebraieus
1340 1151 1495 1178 idiotismus
1509 1151 1641 1178 occurrit.
1657 1151 1747 1183 Quare
1761 1153 1789 1176 et

1001 1200 1072 1234 apud
1090 1199 1248 1234 prophetas,
1262 1203 1292 1225 ut
1305 1205 1354 1232 par
1365 1201 1417 1228 est,
1433 1205 1488 1224 rem
1505 1197 1630 1224 eamdem
1641 1197 1789 1223 observare

1001 1243 1111 1271 cuilibet
1131 1243 1242 1276 licebit;
1270 1242 1377 1269 veluti:
1399 1251 1410 1268 ι
1431 1241 1464 1268 ιί
1490 1242 1550 1268 ovis
1570 1241 1604 1267 ad
1622 1241 1789 1268 occisionem

1000 1289 1101 1317 ductus
1113 1293 1155 1316 cst
1170 1288 1203 1320 ",
1225 1297 1235 1313 ι
1254 1295 1315 1323 pro,
1332 1288 1456 1314 ducetur.

1037 1433 1121 1460 Vsus.
1140 1432 1234 1459 lO-ll.
1249 1446 1283 1452 —
1301 1440 1310 1457 ι
1331 1431 1363 1457 Ει
1380 1431 1489 1458 locutus
1504 1438 1565 1458 sum
1581 1429 1613 1456 ad
1633 1428 1791 1463 prophetas.

1002 1483 1029 1506 et
1040 1487 1090 1514 ego
1103 1478 1223 1505 visiones
1241 1477 1431 1511 multiplieavi.
1446 1481 1472 1503 et
1490 1476 1516 1502 in
1536 1475 1661 1501 manibus
1675 1474 1793 1509 prophe—

163 1522 256 1558 φητῶν
282 1521 435 1556 ὠμοιώὒην.
456 1531 464 1546 ι
490 1520 560 1554 Ἐγὼ
583 1520 614 1556 δὴ
641 1521 700 1546 τότε
731 1521 779 1547 καὶ
809 1521 951 1556 προφήτας

1004 1529 1091 1552 tarutn
1118 1524 1286 1551 assimilatas
1307 1530 1379 1549 sum.
1398 1531 1407 1547 ι
1436 1521 1491 1556 Fgo
1515 1524 1541 1548 et
1563 1520 1708 1555 prophetas
1726 1524 1792 1546 tunc

163 1567 296 1599 ἀνέδειξα,
312 1567 358 1593 καὶ
374 1566 510 1593 errand»:
527 1566 630 1600 ἠξίωσα
645 1567 708 1597 τοὺς
724 1566 784 1592 τότε
807 1566 948 1597 πλείστων,

162 1611 340 1647 πολυτρόπως
364 1620 393 1638 τε
425 1611 629 1646 ἐπιφαινόμενος
650 1612 706 1642 τοῖς
734 1611 794 1638 τότε
819 1611 949 1643 δικαίοις,

163 1658 276 1684 “missi
290 1666 319 1683 τε
342 1657 413 1690 λέγω
434 1657 479 1682 καὶ
501 1657 587 1692 Ὶησοΰ
610 1656 649 1691 τῷ
664 1656 741 1691 Ναυῆ
758 1657 804 1683 καὶ
819 1658 874 1688 τοῖς
891 1658 950 1683 κατ’

164 1703 298 1734 ἐκείνους*
314 1702 420 1729 ἅπαντα
434 1702 461 1728 δὲ
471 1701 557 1728 ταῦτα
571 1701 699 1737 πράττειν
715 1702 875 1737 αἱρούμενος
889 1711 952 1738 προη

165 1748 268 1782 ούμως,
289 1745 326 1774 ὧν
345 1747 426 1783 ἐχρῆν
453 1747 640 1782 μεμνημένους
671 1747 812 1782 ἀρκεῖσθαι
835 1749 889 1779 τοῖς
910 1748 952 1774 δο-

166 1792 245 1821 θεῖσι,
272 1791 309 1826 μὴ
327 1792 396 1826 μετὰ
419 1791 525 1822 ἀδικίας
547 1792 763 1826 ἀφαιρουμένους
785 1792 819 1818 τὰ
840 1792 950 1826 ἐτέρων.

169 1845 179 1861 ε
199 1836 229 1862 El
247 1836 284 1870 μὴ
302 1835 406 1862 Γαλαὰδ
427 1836 510 1865 ἐστιν,
530 1835 585 1870 ἄρα
598 1835 704 1869 ψευδεῖς
724 1834 793 1870 ἦσαν
809 1837 837 1862 ὲν
852 1836 954 1870 Γαλγά-

167 1882 232 1912 λοις.
253 1892 262 1907 ι
281 1881 373 1907 Ταῦτα
401 1882 432 1917 δή
458 1890 555 1916 φησιν·
577 1882 607 1908 Εἰ
634 1882 681 1916 μὲν
703 1884 735 1908 ἑκ
760 1882 863 1909 Γαλαὰδ
890 1883 954 1917 ὑμῖν

168 1927 271 1962 ὑπῆρξε
288 1928 335 1953 καὶ
356 1927 501 1961 Γαλγάλων
526 1928 585 1963 (ἵνα
602 1928 676 1962 εἴπῃ,
694 1928 726 1954 ὲκ
739 1927 793 1954 τῶν
808 1928 954 1962 εἰδώλων),

167 1970 241 2007 εἶχεν
256 1972 287 1998 ἀν
294 1981 354 1998 τινα
365 1972 511 2006 ἀπολογίαν
525 1973 587 2007 ὑμῖν
596 1973 629 1999 τὰ
636 1972 682 1998 νῦν
691 1974 864 2009 πραττόμενα
873 1982 879 1989 ·
895 1975 919 2000 εί
927 1973 956 2001 δὴ

170 2019 239 2053 μήτε
256 2019 288 2044 ὲκ
300 2018 406 2045 Γαλαὰδ
420 2019 494 2053 ὑμῖν,
509 2019 575 2053 μήτε
590 2018 622 2045 ἐκ
636 2018 791 2053 Γαλγάλων,
806 2020 954 2052 τουτέστιν,

169 2065 193 2089 εί
211 2063 247 2098 μὴ
264 2065 296 2090 ὲκ
305 2064 358 2089 τῶν
373 2063 490 2090 εἰδώλων
506 2065 568 2099 ὑμῖν
588 2065 763 2099 προσγέγονε,
779 2065 836 2096 πῶς
848 2065 877 2091 οὺ
891 2065 956 2100 πρό-

168 2110 246 2144 δηλον
259 2110 299 2136 ὅτι
313 2110 351 2144 τῷ
362 2110 452 2144 ψεύδει
468 2111 683 2145 προστετὴκατε;
701 2110 757 2137 Νῦν
769 2110 817 2146 τὴν
829 2111 957 2146 ἀλήθειαν

170 2156 294 2190 ἀφέντες,
312 2156 478 2186 ἀποστάντες
494 2154 544 2190 μὲν
570 2155 616 2181 τοῦ
635 2156 788 2191 εὐεργέτου,
814 2157 958 2188 νεύσαντες

1002 1570 1114 1605 protuli,
1129 1568 1320 1595 etvisionibns
1347 1566 1473 1600 plurimis
1501 1565 1574 1592 illius
1594 1565 1726 1598 temporis
1744 1564 1793 1591 bo-

1003 1615 1091 1642 mines
1105 1615 1234 1648 dignatus
1248 1620 1320 1644 sutn,
1345 1617 1370 1639 et
1389 1611 1566 1638 multifariam
1580 1611 1662 1644 justis
1678 1609 1733 1637 illis
1747 1616 1794 1644 ap-

1004 1660 1094 1695 parui,
1107 1659 1192 1694 Moysi
1208 1659 1330 1693 inquam,
1345 1662 1371 1684 et
1386 1656 1451 1684 Jesu
1471 1656 1528 1682 ﬁlio
1543 1655 1622 1685 Navi.
1633 1658 1660 1682 et
1671 1658 1794 1681 contem-

1005 1705 1144 1741 poraneis.
1160 1705 1226 1737 Qua:
1242 1712 1304 1731 cum
1319 1704 1411 1730 omnia
1429 1703 1542 1729 libenter
1559 1701 1695 1730 fecissem,
1712 1707 1795 1734 opor-

1005 1750 1081 1778 tebat
1096 1758 1162 1778 sane
1177 1750 1274 1776 borum
1295 1756 1442 1780 metueres,
1461 1747 1532 1774 datis
1551 1754 1612 1774 esse
1637 1750 1793 1777 contentos,

1004 1803 1093 1830 neque
1117 1802 1166 1829 per
1183 1793 1346 1828 injuslitiam
1363 1793 1451 1819 aliena
1471 1799 1578 1826 rapere.
1606 1800 1616 1817 ‹
1642 1790 1670 1818 Si
1690 1790 1792 1818 Galaad

1006 1849 1058 1868 non
1074 1845 1126 1873 est,
1143 1840 1236 1875 utique
1265 1839 1325 1866 falsi
1349 1838 1457 1865 fuerant
1488 1838 1515 1864 in
1542 1837 1673 1871 Galgalis.
1704 1845 1713 1862 ›
1734 1835 1794 1863 Hoc

1004 1885 1071 1912 dicit
1089 1894 1095 1912 :
1115 1884 1256 1918 Siquidem
1278 1891 1310 1910 ex
1331 1882 1433 1910 Galaad
1458 1885 1485 1909 et
1511 1881 1631 1916 Galgalis
1653 1881 1730 1907 vobis
1746 1888 1794 1907 sn-

1006 1934 1138 1966 percssct,
1153 1930 1179 1957 id
1190 1934 1241 1962 est,
1258 1937 1291 1956 ex
1305 1929 1396 1961 idolis,
1411 1928 1542 1954 haberent
1568 1927 1684 1953 fortasse
1705 1918 1795 1952 defen-

1005 1978 1111 2005 sionem
1136 1976 1254 2010 aliquam
1271 1979 1361 2001 vestra
1380 1981 1477 2008 opera;
1504 1973 1546 1999 sin
1570 1979 1634 1999 vero
1651 1978 1738 2006 neque
1759 1978 1793 1998 ex

1006 2022 1108 2050 Galaad
1126 2029 1213 2056 neque
1226 2029 1258 2048 ex
1276 2020 1405 2054 Galgalis,
1427 2019 1452 2046 id
1474 2023 1527 2048 est,
1542 2018 1565 2045 si
1584 2017 1651 2044 nihil
1665 2017 1699 2043 ab
1712 2015 1794 2043 idolis

1007 2068 1084 2095 vobis
1097 2067 1225 2098 accessit,
1243 2065 1338 2100 quidni
1364 2066 1399 2094 sit
1420 2065 1590 2098 exploratum
1605 2070 1654 2089 vos
1667 2062 1704 2089 rei
1718 2061 1794 2088 falsa:

1008 2112 1176 2140 adhaesisse?
1196 2111 1274 2138 Nunc
1296 2110 1436 2136 veritatem
1455 2108 1627 2138 deseruistis,
1653 2115 1667 2133 a
1683 2105 1795 2134 benefa-

1008 2162 1084 2186 ctore
1103 2161 1196 2185 vestro
1210 2156 1374 2187 recessistis,
1400 2159 1481 2188 atque
1498 2153 1531 2180 ad
1546 2153 1615 2179 nihil
1635 2151 1794 2186 profuturos

169 2201 198 2228 δὲ
215 2201 282 2236 πρὸς
296 2201 358 2232 τοὺς
375 2201 550 2236 ὼφεληκότας
571 2201 661 2228 οὐδέν·
678 2199 738 2228 εἶτα
764 2202 867 2233 τούτοις
889 2202 952 2237 μετᾶ

1011 2203 1098 2239 (deos)
1112 2201 1279 2231 accessistis,
1292 2201 1392 2235 quibus
1402 2198 1534 2226 sacrificia
1550 2205 1612 2224 cum
1626 2195 1795 2231 principibus

170 2247 223 2272 τῶν
242 2246 306 2280 παρ’
324 2247 388 2280 ὑμῖν
415 2246 552 2281 ἀρχόντων
573 2247 621 2278 τὰς
644 2247 738 2278 Θυσίας
764 2247 958 2278 ἐπιτελοῦντες·

171 2292 210 2325 (p.
227 2291 284 2325 90)
309 2290 362 2317 ἀπὸ
379 2290 433 2325 γὰρ
454 2300 462 2315 ι
480 2290 585 2317 Γαλαὰδ
604 2301 612 2316 ι
635 2292 682 2318 καὶ
699 2301 708 2317 ι
733 2291 878 2325 Γαλγάλων
900 2301 908 2316 ι
926 2291 960 2318 τὰ

171 2336 268 2363 εἴδωλα
288 2336 372 2370 λέγει.
395 2337 438 2367 Ὠς
457 2337 504 2363 καὶ
527 2337 656 2372 ἀνωτέρω
676 2338 754 2372 φησὶ,
776 2347 784 2363 ι
803 2337 848 2372 Μὴ
870 2338 961 2363 εἰσπο-

174 2381 282 2417 ρεύεσοε
302 2382 342 2412 εἰς
357 2381 492 2415 Γάλγαλα,
513 2391 522 2407 ›
535 2382 578 2408 ἵνα
591 2383 665 2418 εἴπῃ.
679 2382 724 2417 Μὴ
740 2382 804 2417 περὶ
817 2382 850 2408 τά
864 2382 961 2408 εἴδωλα

173 2426 258 2461 ἔχετε,
274 2427 328 2453 ἀπὸ
344 2426 392 2452 τοῦ
406 2427 487 2453 τόκου
504 2427 538 2453 τὰ
554 2427 583 2453 ἐν
595 2427 685 2457 αὐτοῖς
702 2426 905 2462 θεραπευόμενα
917 2426 962 2454 λιέ⁴

173 2479 242 2505 γων·
262 2471 347 2502 οὕτως
365 2472 411 2497 καὶ
422 2471 539 2498 ἐνταῦθα
556 2471 661 2497 Γαλαὰδ
678 2471 813 2506 μέμνηται
830 2472 877 2498 καὶ
896 2472 963 2498 Γαλ-

174 2517 273 2550 γάλων,
289 2518 317 2543 ἐν
334 2515 374 2549 οἷς
391 2517 476 2552 πολλή
495 2526 536 2548 τις
551 2518 568 2552 ἡ
584 2517 647 2552 περὶ
668 2517 702 2544 τὰ
718 2517 814 2543 εἴδωλα
830 2517 962 2553 θεραπεία

175 2561 277 2595 ἐγίνετο
287 2569 293 2575 ·
306 2561 359 2587 ἀπὸ
373 2559 419 2587 οὖν
435 2561 488 2587 τῶν
502 2561 591 2587 τόπων
603 2561 651 2595 τὴν
665 2561 718 2586 τῶν
730 2560 845 2587 εἰδώλων
864 2562 963 2596 σημαί-

175 2615 214 2632 νει
225 2607 388 2641 θεραπείανε
401 2606 480 2633 τοῦτο
493 2606 589 2640 λέγων,
601 2606 642 2632 ὅτι
652 2606 792 2632 Τοσούτων
803 2607 865 2642 ὑμῖν
879 2608 964 2641 ὑπαρ-

176 2651 276 2684 ξάντων
305 2653 369 2686 παρ’
387 2651 465 2686 ἐμοῦ,
493 2652 524 2678 ἐκ
542 2651 571 2677 δὲ
598 2651 652 2678 τῶν
678 2652 811 2686 δαιμόνων
838 2653 881 2678 καὶ
908 2652 962 2679 τῶν

175 2699 290 2726 εἰδώλων
306 2699 425 2731 οὐδενὸς,
451 2699 480 2731 ἐξ
506 2698 613 2732 ἀπάτης
635 2698 688 2733 ἄρα
706 2699 754 2724 καὶ
772 2699 821 2733 τῆς
845 2699 909 2734 περὶ
933 2698 963 2724 τὸ

173 2744 270 2779 ψεῦδος
294 2745 392 2780 ῥοπῆς,
413 2744 480 2779 ἐμοῦ
498 2744 546 2779 μὲν
571 2745 752 2779 ἀφεστήκατε,
781 2745 844 2780 περὶ
865 2745 892 2771 δὲ
914 2745 964 2776 τὰς

175 2791 287 2818 ἐκείνω)
306 2791 384 2826 ἔχετε
399 2790 502 2822 θυσίας.
523 2799 533 2815 ι
553 2790 607 2816 Καὶ
624 2790 658 2817 τὰ
672 2790 850 2826 θυσιαστήρια
874 2790 964 2817 αὐτῶν

212 2871 237 2888 ³⁵
256 2871 328 2899 [‘sal.
350 2878 405 2904 LIV,
424 2870 466 2897 l7.
504 2870 526 2886 ³³
543 2870 594 2898 lsa.
614 2877 673 2903 ιιιι,
689 2869 716 2896 7.

1007 2250 1107 2278 vestris
1117 2248 1231 2275 offertis.
1243 2246 1310 2274 Nam
1321 2255 1330 2271 ι
1345 2244 1447 2272 Galaad
1461 2253 1471 2270 ι
1482 2248 1508 2270 ut
1519 2253 1527 2268 ι
1540 2242 1712 2277 Galgalorum
1724 2250 1734 2266 ι
1746 2249 1795 2267 no—

1007 2295 1128 2323 minibus
1143 2293 1213 2321 idola
1225 2293 1300 2320 dicit.
1312 2291 1388 2318 Sicut
1399 2295 1426 2317 et
1438 2293 1510 2316 retro
1519 2286 1571 2313 ait:
1586 2294 1594 2310 ‹
1606 2285 1645 2312 Ne
1654 2284 1758 2312 abeatis
1767 2285 1794 2310 in

1009 2338 1131 2373 Galgala,
1146 2347 1155 2363 ι
1172 2336 1200 2364 id
1213 2341 1263 2368 est,
1273 2335 1313 2362 Ne
1327 2335 1360 2362 ad
1369 2333 1441 2360 idola
1453 2329 1600 2360 accedatis,
1616 2337 1630 2354 a
1650 2329 1718 2373 loco,
1737 2327 1796 2354 cul-

1010 2387 1053 2410 tos
1064 2372 1124 2410 illic
1141 2382 1208 2408 deos
1228 2380 1322 2407 dicens
1338 2387 1345 2405 :
1362 2378 1406 2404 hic
1431 2377 1533 2412 pariter
1548 2373 1648 2402 Galaad
1666 2372 1720 2408 59
1736 2379 1794 2399 me-

1010 2431 1098 2455 morat
1113 2430 1140 2453 et
1155 2424 1277 2459 Galgala.
1295 2423 1323 2449 in
1345 2421 1444 2456 quibus
1474 2419 1608 2446 idolorum
1633 2417 1725 2443 cultus
1740 2414 1795 2441 fre—

1010 2471 1209 2508 quentabatur;
1235 2476 1250 2495 a
1280 2467 1358 2498 locis,
1385 2467 1508 2500 inquam,
1532 2463 1667 2490 idolorum
1692 2460 1795 2488 cultum

1011 2518 1133 2545 denotat.
1150 2515 1262 2542 Summa
1278 2517 1366 2540 autem
1383 2511 1517 2539 sermonis
1533 2514 1575 2537 est
1594 2518 1601 2536 :
1618 2508 1695 2541 Quod
1711 2507 1797 2534 tantis

1011 2571 1026 2590 a
1040 2570 1083 2590 me
1099 2561 1219 2596 acceptis
1233 2558 1384 2589 beneliciis,
1411 2557 1492 2584 nullis
1514 2563 1579 2582 vero
1594 2562 1608 2581 a
1627 2553 1796 2581 daemonibus

1012 2612 1094 2643 atque
1113 2607 1205 2637 idolis,
1227 2605 1352 2639 sequitur
1366 2608 1395 2630 ut
1413 2601 1507 2629 fraude
1523 2600 1604 2627 illecti
1620 2604 1647 2627 et
1666 2598 1794 2626 falsitatis

1013 2654 1123 2685 affectu,
1141 2660 1155 2678 a
1171 2659 1213 2678 me
1230 2649 1409 2679 reccsseritis.
1424 2652 1451 2675 et
1465 2648 1572 2674 illorum
1589 2645 1725 2673 sacriﬁcia
1740 2643 1795 2670 fre-

1013 2699 1161 2732 quentetis.
1183 2705 1191 2722 ι
1213 2695 1245 2722 Et
1262 2695 1359 2722 altaria
1381 2701 1475 2721 eorum
1501 2692 1580 2726 quasi
1601 2689 1754 2717 testudines
1770 2688 1798 2714 in

1015 2745 1075 2772 solo
1090 2742 1248 2777 campestri.
1268 2751 1277 2767 ι
1297 2740 1407 2766 Nullum
1430 2737 1545 2772 capietis
1562 2735 1646 2763 vestri
1666 2740 1730 2768 erga
1753 2732 1800 2758 illa

1016 2789 1099 2818 studii
1114 2788 1339 2819 emolumentum,
1367 2784 1430 2820 quia
1455 2784 1513 2811 haec
1533 2782 1624 2809 omnia
1650 2786 1730 2807 manu
1749 2777 1801 2804 bo-
