1972 3066
171 127 221 157 19‘.)

770 124 944 154 TIIEODORI
966 126 1206 154 MOI’SUESTENI

1742 125 1796 155 ‘200

170 184 253 212 etiam
269 184 390 211 destruet
404 183 486 210 Deus.
505 183 572 210 Nam
594 185 659 218 quia
685 184 795 212 testudo
812 183 863 210 sub
879 183 956 218 aquis

1017 183 1045 214 ὒς
1054 183 1168 218 χελῶναι
1182 183 1229 210 ἐπὶ
1243 184 1338 219 χέρσον
1353 183 1447 219 ἀγροῦ,
1468 193 1476 209 ι
1497 184 1594 210 Ἔσται
1609 183 1662 218 γὰρ
1675 183 1739 218 ὑμῖν
1752 182 1789 209 ob-

171 230 296 257 ltabitare
311 230 402 261 solita,
417 230 443 256 iu
462 229 537 256 sicco
552 229 721 263 deprehensa
740 237 853 264 prorsus
868 231 953 263 peril:

171 275 224 302 hoc
240 275 364 310 exeruplo
388 275 473 301 voluit
496 275 623 302 altarium
648 275 783 302 excidium
801 274 955 308 designare.

1009 229 1051 255 ἱὲν
1067 229 1162 263 ὄφελος
1181 229 1229 264 τῆς
1250 229 1313 265 περὶ
1338 229 1438 260 ἐκεῖνα,
1459 230 1535 264 φησὶ,
1553 229 1680 264 σπουδῆς,
1704 229 1796 264 ἐπειδὴ

1011 275 1117 301 ἅπαντα
1130 275 1215 301 ταῦτα
1231 275 1370 306 παντελῶς
1388 276 1514 309 ἀιρανίσει
1528 275 1570 301 διὰ
1591 274 1644 301 τῶν
1661 273 1797 307 πολεμίων

169 323 184 348 ὀ
197 322 278 353 Θεός·
295 321 388 357 ἐπειδὴ
406 321 460 356 γὰρ
476 322 493 356 ἡ
512 320 615 356 χελώνη
631 323 659 349 ἐν
673 322 747 348 ὕδατι
761 321 839 348 εἴωθε
853 321 1016 354 διαιτᾶσθαι,
1041 322 1069 348 ὲν
1093 323 1182 358 χέρσῳ
1203 323 1230 349 δὲ
1248 323 1379 358 ληφθεῖσα
1405 321 1589 356 διαιρθείρεται
1609 320 1726 351 πάντως,
1742 318 1797 345 τῶν

172 367 371 402 θυσιαστηρίων
384 367 515 402 ἐϐουλήθη
529 368 568 404 τῷ
581 369 759 404 ὑποδείγματι
776 369 823 404 τὴν
838 369 985 405 διαφθορὰν
1000 368 1145 404 ὖποδεῖξαι.

207 412 289 439 Vsus.
311 412 405 439 l‘Z-ll.
426 425 462 434 -
487 412 538 440 Sed
564 421 629 440 ecce
657 413 747 441 denuo
767 422 800 441 ex
825 414 960 448 majorum

172 458 380 492 comparatione
392 457 585 486 demonstrans
603 465 716 495 nepotes
732 467 856 495 peceare,
875 469 884 485 ι
905 459 959 487 Ριμ

174 505 224 539 git,
250 504 349 538 inquit,
369 503 455 531 Jacob
479 505 505 531 iu
527 511 652 540 campum
681 506 777 541 Syriae,
797 511 825 533 et
850 507 962 533 scrvitit

174 549 261 576 Israel
288 549 324 576 ob
349 557 472 580 uxorem.
492 554 519 576 et
542 551 569 577 in
591 558 675 578 uxore
698 550 748 578 fuit
771 551 929 589 observans.
950 561 959 577 ι

174 594 269 622 Maluit
282 595 325 622 ille
345 601 454 631 propter
480 596 607 624 virtutem
632 601 659 624 et
682 597 854 632 primogeniti
873 598 956 624 boue-

173 641 332 673 dictionem,
350 641 429 668 domo
452 642 582 677 profugus
611 650 658 677 per
681 642 788 678 Syriam
810 643 913 677 vagari,
930 647 958 670 et

175 686 246 721 apud
258 686 398 713 Labanum
416 688 576 714 servitutem
598 686 741 723 perferre:
761 693 787 715 et
805 697 865 715 cum
881 689 957 722 gravi

174 739 295 760 aerumna
318 732 351 759 ad
380 733 489 767 nuptias
514 734 657 768 pervenire
677 735 781 765 uxoris,
799 742 833 762 ne
849 735 958 762 Chana-

175 785 261 805 meam
280 778 391 805 duceret
412 782 509 814 praeter
531 779 616 813 patris
638 779 680 806 sui
695 779 862 807 voluntatem
882 790 888 807 :
905 784 961 807 tan-

175 827 286 859 tamque
299 831 448 851 atrumnam
468 824 627 858 exantlavit,
643 830 672 851 ut
685 825 808 852 instituta
826 826 959 860 majorum

176 874 307 901 servaret,
323 874 350 897 et
365 870 410 897 Dei
428 870 502 897 circa
519 878 630 898 uxorem
644 870 796 898 ducendam
811 871 938 906 placitura
951 881 958 899 :

176 916 248 951 quod
263 919 358 942 contra
376 915 477 942 fecerat
495 915 581 942 frater
601 915 672 949 ejus,
689 915 850 944 Chanameis
866 917 961 944 uxori-

179 962 229 989 bus
257 961 348 988 ductis
373 964 472 996 prmtcr
495 961 540 988 Dei
567 965 593 989 et
616 966 758 996 parentum
781 963 959 991 voluntatem.

180 1016 190 1031 ε
206 1006 239 1034 Et
260 1014 309 1041 per
329 1006 490 1041 prophetam
514 1007 608 1034 eduxit
633 1006 765 1035 Dominus
786 1008 912 1037 lsraelem
928 1007 961 1036 de

177 1057 251 1079 terra
273 1049 382 1087 IEgypti
402 1061 408 1079 ε
426 1055 452 1079 et
477 1059 525 1086 per
551 1051 710 1087 prophetam
734 1057 857 1081 servatus
879 1056 930 1081 est.
949 1064 958 1081 ι

177 1096 311 1130 Quoniam
340 1101 402 1132 post
427 1096 472 1124 illa
504 1097 595 1124 outuia
621 1097 799 1126 descenderat
825 1098 908 1127 Israel
934 1101 961 1128 iu

177 1141 335 1177 Algyptum,
356 1146 459 1168 tantam
483 1145 655 1177 posterorum
681 1143 740 1177 ejus
760 1144 870 1171 tutelam
892 1144 962 1172 Deus

178 1186 272 1222 gessit,
295 1190 324 1214 ut
347 1187 487 1222 prophetae
506 1186 607 1223 Moysis
629 1188 780 1215 ministerio
800 1194 914 1217 cunctos
929 1198 963 1217 ex

181 1231 299 1268 Egypto
317 1232 474 1265 reduxerit;
499 1241 569 1267 quos
593 1233 676 1260 etiam
698 1234 724 1260 in
748 1232 856 1261 deserto
876 1236 964 1269 provir-

178 1277 271 1304 dentia
291 1284 340 1304 sua
354 1277 537 1308 conservaiit,
550 1276 636 1304 donec
647 1277 674 1304 in
692 1279 852 1312 promissam
863 1283 962 1306 terram

179 1322 332 1349 induceret.
351 1332 360 1347 ‹
379 1322 419 1348 Ad
437 1322 608 1349 iracundiam
630 1329 673 1349 me
686 1323 842 1357 provocavit
855 1322 965 1358 Ephrai-

179 1376 242 1395 mus
263 1371 290 1395 et
313 1367 496 1395 exacerbavit.
517 1377 525 1393 ι
545 1367 624 1394 Tales
644 1375 706 1394 cum
724 1368 825 1396 fuerint
842 1370 963 1404 progeni-

179 1417 266 1444 tores.
282 1417 309 1441 et
325 1413 434 1440 illorum
447 1413 534 1448 gratia
548 1417 588 1440 tot
603 1413 630 1440 lii
650 1418 665 1439 a
681 1420 724 1440 me
740 1414 810 1441 bona
833 1414 889 1441 sint
902 1422 963 1441 cou-

180 1459 279 1492 secuti,
315 1458 494 1485 nihilominus
530 1459 597 1485 iram
633 1459 699 1485 mihi
729 1459 783 1494 ϐο
818 1460 962 1487 maximam

1044 414 1117 450 Στίχ.
1132 415 1223 450 ιβ’-ιδ’.
1239 431 1273 435 -
1286 414 1340 441 Καὶ
1355 414 1435 441 πάλιν
1447 416 1480 450 τῇ
1489 414 1542 440 τῶν
1556 413 1694 449 προγόνων
1708 419 1798 446 παρα-

1009 459 1082 486 θέσει
1107 460 1213 492 δεικνὺς
1236 460 1334 491 αὐτοὺς
1365 459 1539 491 ἀσεϐοῦντας,
1571 468 1580 484 ι
1611 457 1796 493 Ἀνεχώρησεν

1015 505 1112 533 Ἰακὼϐ
1129 507 1168 537 είς
1186 505 1275 533 πεδίον
1287 505 1398 541 Συρίας,
1413 506 1459 532 καὶ
1475 505 1628 532 ἐδούλευσεν
1652 502 1757 538 Ἰσραὴλ
1767 503 1796 528 ὲν

1009 552 1128 585 γυναικὶ,
1144 551 1191 578 καὶ
1204 552 1231 577 ὲν
1246 551 1354 585 γυναικὶ
1366 551 1527 585 ἐφυλάξατο.
1545 560 1554 576 ι
1573 549 1666 576 Εἵλετο
1680 549 1728 584 μὲν
1742 548 1796 582 γὰρ

1010 594 1112 626 ἐκεῖνος
1125 595 1159 621 δι’
1167 595 1266 631 ἀρετὴν
1283 596 1328 622 καὶ
1337 595 1385 630 τὴν
1396 596 1449 622 τῶν
1463 595 1652 630 πρωτοτοκίων
1662 593 1794 627 εὐλογίαν,

1010 640 1065 666 τῶν
1083 640 1190 667 οἰκείων
1213 641 1301 674 φυγὰς
1314 640 1432 674 γεγονὼς
1452 640 1515 676 περὶ
1535 639 1584 675 τὴν
1598 639 1698 674 Συρίαν
1719 638 1797 664 εἱλεῖ-

1012 687 1084 717 σθαι,
1104 687 1153 714 καὶ
1173 688 1316 723 ὑπομεῖναι
1338 688 1386 722 μὲν
1410 686 1458 723 τὴν
1474 687 1550 722 παρά
1566 685 1605 721 τῷ
1622 685 1713 712 Λαὸὰν
1736 685 1795 711 δου-

1010 731 1098 759 λείαν·
1112 733 1149 768 (p.
1165 734 1196 760 91
1212 733 1221 768 )
1236 733 1304 768 μετὰ
1315 733 1500 767 ταλαιπωρίας
1512 732 1540 758 δὲ
1553 731 1651 766 πολλῆς
1667 731 1714 757 καὶ
1730 731 1797 765 πρὸς

1013 778 1100 813 γάμον
1114 777 1199 804 ἐλθεῖν
1215 778 1351 811 γυναικὸς,
1371 777 1413 804 ἵνα
1435 778 1472 813 μὴ
1489 777 1644 804 Χαναναίαν
1661 777 1797 811 ἀγάγηται

1013 823 1088 858 παρὰ
1103 823 1134 849 τὸ
1149 824 1232 858 πατρὶ⁸
1255 823 1348 850 δοκοῦν
1360 832 1367 840 ·
1386 822 1432 850 καὶ
1448 823 1581 858 τοσαύτην
1596 821 1740 857 ὑπέμεινεν
1753 829 1799 847 τα-

1012 870 1174 905 λαιπωρίαν,
1201 869 1400 905 φυλαττόμενος
1421 869 1451 896 τὺ
1473 869 1548 904 παρά
1565 868 1599 896 τά
1621 869 1723 904 νόμιμα
1745 868 1799 894 τῶν

1011 916 1150 951 προγόνων
1165 916 1212 942 καὶ
1229 916 1259 942 τὸ
1277 915 1372 942 δοκοῦν
1384 915 1422 950 τῷ
1432 915 1491 950 Θεῷ
1506 914 1623 949 γυναῖκα
1637 912 1796 948 ἀγαγέσθαι·

1012 961 1079 996 ὅπερ
1090 959 1136 987 οὖν
1148 960 1296 994 πεποίηκεν
1305 961 1318 986 ό
1327 960 1438 995 ἀδελφὸς
1447 960 1560 992 ἐκείνου,
1571 957 1724 990 Χαναναίας
1731 959 1798 993 ἀγα-

1012 1007 1126 1041 γόμενος
1153 1006 1226 1041 παρὰ
1242 1006 1272 1032 τὺ
1296 1006 1356 1041 Θεῷ
1372 1015 1402 1033 τε
1427 1005 1521 1032 δοκοῦν
1543 1006 1589 1032 καὶ
1608 1005 1663 1036 τοῖς
1680 1004 1798 1038 γονεῦσι.

1015 1060 1024 1074 ι
1044 1051 1098 1077 Καὶ
1118 1052 1145 1076 ὲν
1162 1051 1288 1086 προφήτῃ
1309 1051 1428 1085 ἀνήγαγε
1450 1050 1552 1085 Κύριος
1574 1049 1619 1076 τὸν
1640 1049 1747 1085 Ἰσραὴλ
1767 1049 1799 1074 ἐκ
1836 1075 1841 1078 _

1010 1097 1063 1131 γῆς
1074 1095 1222 1129 Αἰγύπτου,
1234 1096 1280 1122 καὶ
1291 1097 1319 1122 ἐν
1331 1096 1454 1131 προφήτῃ
1470 1095 1644 1130 διεφυλάχθη.
1660 1104 1669 1120 ι
1689 1093 1799 1130 Ἐπειδὴ

1012 1142 1041 1168 δὲ
1057 1143 1115 1176 μετ’
1131 1142 1221 1168 ἐκεῖνα
1239 1142 1326 1168 πάντα
1339 1140 1519 1176 κατελήλυθεν
1534 1141 1573 1171 εἰς
1587 1140 1636 1175 τὴν
1652 1140 1798 1174 Αἴγυπτον.

1013 1187 1146 1222 τοσαύτην
1157 1187 1210 1214 τῶν
1226 1187 1256 1220 ἐξ
1269 1186 1371 1213 ἐκείνου
1383 1186 1544 1222 κηδεμονίαν
1560 1187 1715 1222 ἐποιήσατο,
1729 1185 1798 1216 ὥστε

1013 1235 1046 1268 τῇ
1060 1233 1107 1260 τοῦ
1125 1233 1262 1268 προφήτου
1286 1233 1424 1264 Μωῦσέως
1446 1231 1582 1267 ὑπουργία
1604 1233 1750 1266 ἀναγαγεῖν
1769 1240 1799 1258 τε

1014 1278 1136 1310 ἅπαντας
1148 1279 1178 1305 ὲκ
1195 1279 1244 1313 τῆς
1259 1278 1408 1313 Αἰγύπτου,
1425 1278 1470 1304 καὶ¹
1487 1279 1558 1304 κατά
1572 1278 1621 1313 τὴν
1639 1277 1741 1312 ἔρημον
1752 1277 1800 1304 αὐ-

1013 1323 1076 1355 τοὺς
1091 1322 1136 1349 διά
1156 1324 1205 1358 τῆς
1226 1324 1384 1358 ἐπιμελείας
1403 1323 1518 1358 φυλάξαι
1534 1323 1583 1357 τῆς
1606 1323 1718 1354 οἶκείας,
1736 1323 1800 1358 ἄχρι

1015 1368 1061 1394 τοῦ
1073 1368 1119 1395 καὶ
1127 1369 1165 1400 εἰς
1174 1368 1223 1404 τὴν
1233 1370 1284 1404 γῆν
1295 1370 1450 1403 εἰσαγαγεῖν
1458 1369 1506 1404 τῆς
1515 1368 1688 1402 ἐπαγγελίας.
1699 1378 1707 1393 ι
1724 1368 1802 1394 Ἐθύ-

1018 1413 1093 1448 μωσέ
1115 1422 1148 1448 με
1170 1413 1288 1449 Ἐφραῒμ
1310 1414 1357 1440 καὶ
1381 1414 1563 1450 παρώργισεν.
1585 1424 1594 1440 ι
1613 1415 1746 1442 Τοιούτων
1772 1415 1801 1442 δὲ

1014 1460 1155 1493 γεγονότες
1176 1460 1324 1494 προγόνων,
1344 1460 1391 1486 καὶ
1403 1460 1537 1487 τοσούτων
1551 1461 1585 1487 δι’
1599 1462 1718 1493 ἐκείνους
1735 1452 1801 1496 παρ’

180 1507 395 1536 commoverunt,
425 1503 546 1539 ingratos
570 1504 636 1531 mihi
661 1512 690 1532 se
715 1505 865 1540 praebentes
889 1510 964 1533 tanto

1017 1505 1082 1539 Εμοῦ
1097 1505 1274 1540 τετυχηκότες
1296 1505 1415 1540 ἀγαθῶν,
1430 1507 1470 1538 είς
1485 1507 1569 1541 όργήν
1582 1515 1617 1541 με
1634 1507 1801 1542 κατέστησαν

181 1549 370 1582 benefactori;
395 1554 478 1585 atque
513 1549 547 1577 ad
577 1550 648 1577 idola
675 1551 765 1585 potitus
795 1552 930 1584 comersi,
950 1559 965 1578 a

180 1596 282 1632 quibus
307 1597 375 1624 nihil
399 1596 466 1623 lucri
491 1601 677 1632 perceperant.
699 1606 708 1622 ι
729 1596 762 1623 Et
780 1598 892 1632 sanguis
905 1598 966 1632 ejus

180 1648 264 1677 super
278 1649 340 1670 eum
364 1641 527 1669 ell'uudetur.
549 1651 558 1668 ›
583 1642 754 1677 Quapropter
771 1643 798 1669 iu
820 1644 908 1678 ipsum
921 1652 966 1672 re~

181 1686 255 1713 cidet
277 1686 437 1713 delictorum
461 1693 553 1721 pinna.
572 1695 580 1712 ι
600 1687 633 1714 Et
652 1688 828 1722 opprobriqu
849 1689 909 1723 ejus
921 1697 967 1717 re-

182 1732 277 1759 stituet
294 1732 319 1759 ei
346 1732 486 1765 Dominus,
512 1733 589 1767 juxta
611 1732 748 1767 Ephraimi
771 1742 934 1762 sermonem.
953 1743 963 1762 ι

182 1777 344 1809 Catoniana,
356 1783 438 1812 quam
455 1778 593 1813 impii-tate
608 1786 658 1806 sua
670 1779 724 1807 Deo
735 1781 862 1816 aspersit,
876 1781 966 1816 justas

183 1823 240 1850 luet
256 1829 352 1857 poenas
371 1830 562 1860 congruasque
586 1825 677 1853 verbis
699 1832 760 1860 quae
786 1830 881 1853 contra
903 1834 964 1855 eum

180 1867 304 1904 jactavit.

493 2004 569 2032 CAP.
590 2004 659 2032 XIII.

219 2050 304 2078 Vens.
320 2050 380 2078 1-5.
403 2062 439 2071 ί·-
464 2058 474 2076 ι
498 2050 712 2078 Justiﬁeationes
733 2052 837 2087 accepit
857 2057 884 2080 et
911 2053 970 2089 ipse

187 2095 215 2122 in
232 2095 325 2126 Israel,
339 2094 386 2121 sed
403 2101 449 2121 eas
465 2094 592 2129 apposuit
609 2094 692 2125 ltaali.
706 2100 733 2122 et
746 2100 870 2123 mortuus
888 2102 940 2124 est.
956 2105 965 2123 ι

185 2138 254 2166 Nam
270 2146 333 2165 cum
356 2138 414 2173 ipse
435 2145 468 2165 ex
487 2138 544 2173 lege
570 2138 671 2173 Moysis
691 2138 830 2173 religionis
847 2141 969 2168 colendae

182 2183 258 2211 ritus
274 2182 434 2216 accepisset.
450 2181 483 2208 ad
498 2182 599 2208 Baalim
617 2186 731 2209 cunctos
751 2184 902 2216 transtulit,
921 2185 969 2212 de-

186 2226 274 2253 bitum
296 2225 362 2252 mihi
386 2232 420 2252 ex
451 2225 509 2259 lege
533 2225 635 2252 cultum
661 2225 688 2251 in
709 2225 779 2252 idola
799 2227 967 2254 conferens:

184 2278 242 2306 quo
256 2269 339 2301 facto.
360 2271 476 2296 mortem
499 2268 549 2296 sibi
574 2269 682 2296 indixit.
700 2278 709 2294 ι
728 2269 760 2296 Et
773 2277 847 2297 nunc
863 2271 971 2299 addide-

184 2318 252 2341 runt
267 2313 300 2340 ad
312 2312 489 2348 peccandum,
516 2316 542 2338 et
567 2311 691 2338 fecerunt
710 2313 760 2339 sibi
776 2313 921 2341 conﬂatilia
937 2322 969 2342 ex

187 2364 256 2384 auro
269 2359 436 2391 argentoque
448 2362 499 2382 suo
519 2355 548 2382 in
571 2355 656 2382 forma
673 2355 817 2388 idolorum,
831 2363 892 2391 quae
905 2360 971 2385 sunt

187 2401 223 2427 ab
239 2399 390 2426 artiﬁcibus
409 2398 534 2426 confecta
557 2405 651 2432 opera.
673 2407 682 2424 ι
713 2398 924 2427 Perseveraruut
943 2402 969 2428 in

187 2443 339 2478 impietate,
355 2442 425 2469 idola
441 2449 524 2468 aurea
541 2445 569 2468 et
581 2445 707 2476 argentea
724 2441 902 2470 humanarum
918 2451 973 2471 ma-

188 2493 274 2514 nuum
300 2486 416 2513 artiﬁcio
438 2485 613 2513 fabricantes.
639 2484 698 2512 Mox
724 2485 882 2519 hujusmodi
908 2495 971 2522 erga

188 2530 260 2558 idola
277 2529 395 2556 studium
410 2535 553 2562 quousque
565 2528 676 2555 tandem
687 2528 883 2556 intenderunt?
895 2539 904 2555 ι
924 2530 972 2557 Ιιιι·

189 2573 299 2602 molate.
321 2571 406 2604 aiunt,
432 2571 568 2604 homines,
591 2572 655 2605 quia
678 2572 755 2598 vituli
776 2572 943 2600 defecerunt.
960 2583 969 2600 ι

189 2616 229 2643 Ita
247 2619 276 2642 ut
286 2619 348 2649 post
361 2618 401 2640 tot
421 2615 554 2642 sacriﬁcia
578 2622 638 2649 qua:
657 2623 689 2642 ex
707 2615 795 2643 brutis
809 2617 973 2646 animalibus

190 2659 354 2689 obtulerant,
367 2665 421 2683 uon
446 2658 566 2684 contenti
584 2658 757 2685 victimarum
781 2660 888 2687 illarum
904 2661 974 2687 mul-

189 2702 322 2734 titudine,
340 2700 465 2727 homines
489 2708 597 2735 quoque
618 2701 814 2729 sacriﬁciorum
832 2704 972 2730 materiam

189 2746 339 2774 cﬂeccrint.
357 2744 402 2771 Sic
421 2744 503 2771 etiam
527 2744 621 2772 beatus
634 2744 673 2771 ait
684 2745 790 2773 David:
808 2753 817 2769 ε
834 2746 866 2773 Et
881 2747 974 2774 immo-

191 2789 316 2818 laverunt
340 2789 408 2816 ﬁlios
431 2796 495 2816 suos
520 2796 552 2816 ac
576 2789 644 2816 ﬁlias
656 2797 720 2818 suas
729 2789 941 2818 damouibus".
958 2799 967 2814 ι

230 2846 252 2863 ⁸⁸
267 2845 337 2873 Psal.
353 2853 395 2876 cv.
409 2845 452 2872 37.

1018 1548 1157 1580 πλείστην,
1172 1549 1327 1584 ἀγνώμονες
1343 1550 1391 1585 μὲν
1406 1551 1468 1586 περὶ
1481 1550 1531 1585 ἐμὲ
1546 1551 1686 1585 γεγονότες
1701 1551 1745 1578 τὸν
1756 1560 1803 1578 τοο

1019 1593 1105 1621 σαῦτα
1119 1594 1215 1626 αὐτοὺς
1231 1593 1260 1621 εὖ
1275 1596 1440 1630 πεποιηκότα
1449 1603 1455 1610 ·
1472 1596 1535 1632 περὶ
1549 1596 1576 1622 δὲ
1596 1597 1645 1631 τὴν
1658 1596 1712 1623 τῶν
1725 1596 1802 1623 εἰδώ-

1019 1639 1072 1665 λων
1086 1640 1235 1676 τραπέντες
1247 1640 1403 1675 θεραπείαν,
1417 1638 1454 1668 ὦν
1465 1641 1541 1668 οὐδὲν
1557 1641 1683 1676 εἰλήφασι
1698 1642 1802 1677 κέρδος.

1022 1692 1031 1710 t
1050 1684 1104 1710 Kal.
1123 1684 1154 1710 τὸ
1170 1682 1239 1719 αἷμα
1257 1684 1339 1711 αὐτοῦ
1361 1685 1403 1711 ἐπ’
1419 1685 1499 1711 αὑτὸν
1512 1684 1703 1720 ἐκχυθήσεται.
1723 1694 1732 1710 ι
1746 1686 1804 1712 Τοι-

1018 1730 1120 1764 γαροῦν
1134 1730 1176 1756 ἐπ’
1191 1730 1271 1757 αὑτὸν
1284 1732 1300 1766 ἡ
1322 1730 1392 1765 ὑπὲρ
1406 1731 1460 1758 τῶν
1483 1732 1724 1767 παρανομημάτων
1738 1740 1804 1767 τρα-

1019 1776 1134 1811 πήσεται
1147 1776 1276 1811 τιμωρία.
1292 1777 1329 1811 (p.
1346 1777 1391 1811 92)
1405 1786 1414 1802 ‹
1431 1776 1484 1804 Καὶ
1500 1777 1544 1803 τὸν
1558 1777 1707 1813 ὀνειδισμὸν
1720 1777 1802 1804 αὑτοῦ

1019 1821 1202 1848 ἁνταποδὼσει
1216 1822 1289 1857 αὐτῷ
1303 1822 1404 1858 Κύριος
1415 1822 1484 1849 κατά
1497 1823 1541 1849 τὸν
1554 1823 1631 1856 λόγον
1650 1823 1777 1858 Ἐφραῗμ.
1790 1832 1801 1850 ι

1018 1867 1077 1902 Τῆς
1089 1867 1214 1902 διαϐολῆς
1226 1865 1259 1902 ἧς
1277 1867 1321 1894 διὰ
1339 1868 1389 1903 τῆς
1403 1868 1503 1900 οἰκείας
1521 1868 1647 1900 ἀσεϐείας
1662 1869 1804 1904 προσετρί-

1018 1913 1087 1948 ψατο
1098 1913 1137 1949 τῷ
1153 1911 1221 1949 Θεῷ,
1235 1914 1310 1945 δίκας
1323 1914 1404 1940 αὐτὸν
1419 1912 1595 1949 εἰσπράξεται
1607 1914 1723 1946 δικαίας,
1738 1913 1804 1941 ἀνά-

1017 1959 1096 1994 λογον
1111 1956 1151 1991 οἷς
1162 1958 1310 1994 ἐφθέγξατο
1324 1961 1383 1987 κατ’
1402 1960 1495 1988 αὑτοῦ.

1334 2010 1412 2038 ΚΕΦ.
1438 2011 1487 2038 If‘.

1054 2053 1128 2090 Στίχ.
1141 2059 1213 2089 α’-γ’.
1230 2071 1260 2077 -‹
1280 2064 1289 2080 ‹
1311 2055 1488 2091 Δικαιώματα
1511 2055 1590 2083 ἔλαϐε
1612 2056 1658 2083 καὶ¹
1681 2057 1760 2088 αὐτὸς
1775 2057 1805 2084 ἐν

1021 2099 1060 2135 τῷ
1080 2100 1186 2134 Ἰσραήλ
1196 2108 1203 2114 ·
1219 2100 1266 2126 καὶ
1280 2100 1355 2126 ἔθετο
1364 2100 1432 2126 αὐτὰ
1447 2100 1486 2135 τῷ
1496 2100 1568 2126 Βαὰλ
1588 2101 1634 2127 καὶ
1644 2101 1772 2128 ἀπέθανε.
1791 2111 1802 2128 ι

1020 2142 1168 2177 Δεξάμενος
1180 2142 1233 2178 γάρ
1249 2143 1328 2175 αὐτος
1342 2143 1375 2169 ἐκ
1388 2143 1434 2169 τοῦ
1446 2144 1526 2178 νόμου
1540 2144 1677 2176 Μωῦσέως
1689 2145 1738 2176 τὰς
1750 2145 1806 2171 δια-

1018 2186 1109 2218 τάξεις
1121 2182 1158 2212 ὧν
1173 2187 1302 2222 πράττειν
1316 2186 1454 2222 προσῆκον
1465 2184 1498 2222 ’ἦν
1513 2187 1603 2219 αὑτὸν,
1619 2189 1658 2219 εἰς
1672 2188 1718 2214 τὸν
1733 2189 1806 2215 Βαὰλ

1021 2229 1197 2264 περιέστησεν
1223 2230 1340 2262 ἁπάσας,
1365 2230 1415 2265 τὴν
1436 2231 1497 2265 ἐμοὶ
1524 2232 1715 2266 προσήκουσαν
1736 2233 1806 2259 κατὰ

1020 2270 1100 2308 νόμον
1122 2273 1269 2308 θεραπείαν
1294 2272 1336 2299 ἐπ’
1361 2273 1452 2299 ἐκεῖνα
1477 2274 1656 2308 μεταγαγών⁸
1672 2275 1742 2310 ὑπὲρ
1769 2272 1806 2302 ὧν

1020 2316 1052 2351 δὴ
1068 2315 1182 2343 θανάτου
1192 2316 1320 2351 πρόξενος
1333 2316 1442 2350 γέγονεν
1454 2317 1550 2352 ἑαυτῷ.
1570 2326 1578 2342 ι
1596 2317 1651 2344 Καὶ
1664 2317 1711 2344 νῦν
1725 2327 1807 2353 προσ-

1020 2359 1112 2386 έθεντο
1127 2359 1173 2385 τοῦ
1197 2359 1373 2395 ἁμαρτάνειν,
1403 2360 1450 2386 καὶ
1473 2361 1604 2396 ἐποίησαν
1625 2362 1731 2392 ἑαυτοῖς
1751 2371 1807 2397 χω-

1021 2403 1105 2430 νευτά
1116 2403 1149 2429 ὲκ
1161 2403 1272 2437 χρυσίου
1283 2404 1329 2429 καὶ
1341 2402 1388 2429 τοῦ
1401 2403 1531 2439 ἀργυρίου
1544 2404 1632 2431 αὐτῶν
1646 2405 1705 2431 κατ’
1717 2405 1809 2432 εἰκόνα

1021 2445 1153 2477 εἰδώλων,
1180 2445 1248 2480 ἔργα
1274 2446 1406 2472 τεκτόνων
1433 2447 1659 2482 συντετελεσμένα
1680 2448 1780 2481 αὑτοῖς.
1795 2457 1806 2476 ι

1027 2489 1262 2523 Ἐπιμεμενήκασι
1276 2489 1304 2515 δὲ
1317 2490 1350 2524 τῇ
1365 2490 1486 2525 ἀσεϐείᾳ,
1502 2491 1536 2517 τὰ
1548 2491 1596 2525 μὲν
1608 2492 1640 2518 ὲκ
1654 2492 1809 2527 χρυσοῦ,τά

1021 2532 1050 2558 δὲ
1066 2531 1095 2563 ἐξ
1111 2532 1231 2567 ἀργύρου
1246 2532 1342 2558 εἴδωλα
1358 2534 1610 2566 κατασκευάσαντες
1626 2535 1810 2570 ἀνθρωπίναις

1022 2575 1152 2609 γεγονότα
1181 2575 1274 2610 χερσίν
1287 2583 1293 2589 ·
1320 2574 1381 2602 εἶτα
1393 2576 1526 2611 τοσαύτην
1545 2578 1609 2612 περὶ
1639 2577 1725 2605 ταῦτα
1751 2579 1811 2605 Em-

1021 2619 1173 2645 δείκνυνται
1187 2619 1236 2653 τὴν
1257 2620 1384 2656 σπουδὴν,
1405 2620 1476 2646 ὥστε
1494 2621 1540 2653 τί;
1561 2629 1570 2646 ι
1588 2621 1670 2648 Αὐτοὶ
1690 2622 1809 2656 λέγουσι’

1023 2661 1128 2687 Θύσατε
1136 2661 1305 2697 ἀνθρώπους⁵
1318 2664 1413 2698 μόσχοι
1424 2663 1478 2698 γὰρ
1488 2663 1685 2692 ἐκλελοίπασιν.
1706 2674 1716 2690 ι
1729 2665 1810 2692 Ὥστε

1024 2704 1095 2740 μετὰ
1106 2705 1205 2737 πολλὰς
1220 2705 1315 2738 θυσίας
1333 2707 1364 2738 ἃς
1378 2707 1422 2733 διὰ
1435 2707 1489 2734 τῶν
1506 2707 1611 2742 ἀλόγων
1626 2709 1810 2744 προσήγαγον,

1024 2748 1074 2774 οὐκ
1090 2748 1273 2783 ἀρκεσθέντας
1295 2749 1334 2784 τῷ
1350 2750 1447 2785 πλήθει
1470 2751 1523 2777 τῶν
1541 2751 1668 2786 θυμάτων
1686 2751 1810 2785 ἐκείνων,

1028 2791 1068 2817 ἑτι
1086 2792 1132 2818 καὶ
1148 2793 1186 2823 εἰς
1211 2792 1369 2827 ἀνθρώπους
1391 2794 1556 2829 μεταστῆσαι
1577 2794 1626 2829 τῆς
1652 2793 1747 2827 θυσίας
1762 2795 1813 2833 τὴν
