1973 3066
162 154 210 183 ΞΜ

660 151 933 182 COMMENTARIUS
950 150 984 179 IN
1003 150 1104 179 OSEE
1123 150 1199 179 CAP.
1220 151 1289 179 XIII.

1727 151 1780 179 ‘20'2

162 210 347 248 ἐπιχείρησιν·
371 211 443 239 οὕτω
470 211 517 238 καὶ
540 211 554 237 ὁ
583 209 717 246 μακάριος
744 209 817 243 λέγει
846 207 943 235 Δαυίδ-

1034 205 1138 234 ldcirco
1167 211 1248 233 erunt
1273 206 1351 242 quasi
1374 205 1460 234 nubes
1485 205 1629 239 matutina,
1654 209 1681 234 et
1708 207 1781 235 sicut

166 265 174 281 ι
194 257 247 282 Καὶ
263 256 360 282 ἔθυσαν
375 256 438 288 τοὺς
453 256 527 287 υίοὺς
552 255 641 282 αὐτῶν
660 255 707 281 καὶ
731 254 781 286 τὰς
795 253 947 289 θυγατέρας

162 301 252 330 αὐτῶν
269 303 323 333 τοῖς
334 301 492 337 δαιμονίοις.
506 309 566 327 »-‹
578 299 627 328 Διὰ
639 300 718 327 τοῦτο
729 300 833 326 ἔσονται
848 299 886 331 ὡς
905 307 948 325 νε-

163 347 231 382 φέλη
255 347 370 383 πρωῖνὴ,
391 347 438 373 καὶ
459 347 497 378 ὡς
514 346 609 382 δρόσος
629 344 741 382 ὀρθρινὴ
767 344 947 380 πορευομένη,

164 394 204 428 (p.
219 393 276 428 95.)
291 393 338 419 καὶ
352 393 390 425 ὡς
411 393 515 428 ἀράχνη
539 392 741 428 ἀποφυσωμένη
764 391 873 417 λαίλαπι
895 390 950 417 ἀπὸ

164 439 275 470 ἅλωνος,
295 439 342 465 καὶ
366 438 405 470 ὡς
424 439 506 473 ἀτμὶς
523 438 578 464 ἀπὸ
600 437 728 473 ἀκρίδων.
745 446 755 463 ι
772 437 878 471 Ὠσπερ
895 435 949 472 γὰρ

163 484 263 519 νεφέλη
290 492 332 515 τις
357 483 481 519 ῆδρόσος
509 483 606 518 ἑωθινὴ
632 482 784 509 διαλυθεῖσα
811 481 951 513 παντελῶς

164 530 332 564 ἀφανίζεται,
348 530 452 565 ἀράχνη
465 538 494 556 τε
511 529 540 555 ὲν
557 529 640 556 ἅλωνι
655 529 814 556 καθεστῶσα
831 528 882 554 ὑπὸ
903 536 950 554 συ-

164 576 285 609 στροφῆς
309 575 420 610 ἀνέμου,
436 575 484 601 xui.
509 575 562 610 μὴν
585 575 632 602 καὶ
649 574 732 610 ἀτμὶς
755 574 867 609 βραχεῖα
884 574 952 610 πρὸς

164 621 254 655 ὀλίγον
274 622 388 655 φανεῖσα
407 621 461 647 ἀπὸ
475 621 601 655 πτήσεως
617 619 744 655 ἀκρίδων,
758 619 844 651 οὕτως
855 619 951 655 ἁθρόον

164 667 380 702 ἀφανισθήσεσθε
395 666 494 697 πάντες
511 666 563 693 ὑπὸ
578 666 626 701 τῆς
642 666 726 701 ὀργῆς
738 665 787 700 τῆς
801 665 881 700 ἐμῆς,

201 713 275 747 Στίχ.
293 712 369 745 δ’-ς’.
383 727 420 733 -ι
435 722 443 738 ι
465 712 536 746 Ἐγὼ
547 711 577 738 δὲ
595 711 695 746 Κύριος
707 712 722 737 ὁ
739 710 805 742 Θεός
822 719 879 742 σου,
893 718 954 737 στε-

168 758 237 794 ρεῶν
254 758 366 792 οὐρανὸν
383 758 430 784 καὶ
445 757 545 789 κτίζων
559 758 610 792 γῆν
620 764 628 772 '
643 754 672 784 οὗ
691 757 719 783 αἱ
735 757 825 791 χεῖρες
844 755 953 782 ἔκτισαν

167 804 257 834 πάσας
275 803 324 835 τὰς
339 803 468 838 στρατιὰς
491 802 539 829 τοῦ
550 802 664 838 οὐρανοῦ
677 811 684 817 ·
703 802 750 829 καὶ
765 802 795 828 οὺ
809 800 955 837 παρέδειξά

169 858 210 876 σοι
225 850 271 876 τοῦ
286 848 447 884 πορεύεσθαί
461 857 490 874 σε
504 848 591 875 ὀπίσω
605 847 694 874 αὐτῶν
707 856 713 862 ·
729 847 776 873 καὶ¹
792 846 847 881 ἐγὼ
856 846 955 881 ἀνήγα-

167 895 215 929 γὸν
237 903 267 920 σε
292 895 324 920 ἐκ
346 895 395 929 τῆς
411 893 564 928 Αἰγύπτου·
580 892 627 919 καὶ
651 891 717 918 Θεὸν
735 891 805 926 πλὴν
833 890 899 926 ἐμοῦ
923 891 953 917 οὺ

168 939 276 975 γνώσῃ·
299 940 345 965 καὶ
362 939 455 971 σώζων
470 938 520 966 οὐκ
534 938 591 965 ἔστι
606 938 694 974 πάρεξ
711 936 788 973 ἐμοῦ.
807 947 817 963 ι
830 937 954 964 Μάλιστα

167 985 196 1011 δέ
223 994 263 1011 σοι
282 985 331 1020 τὴν
356 985 490 1021 τιμωρίαν
513 984 614 1011 ὲποίσω
630 984 685 1018 (I5)
698 983 748 1018 τὴν
774 982 956 1018 προκειμένην

169 1030 290 1061 δικαίως,
307 1031 347 1056 ὅτι
366 1030 434 1065 πρὸς
446 1030 481 1056 τὰ
496 1029 594 1056 εἴδωλα
604 1028 733 1060 νένευκας
743 1026 863 1058 ἀποστὰς
876 1026 955 1061 ἐμοῦ,

169 1075 199 1107 ὃς
216 1076 331 1111 ποιητὴς
354 1075 407 1102 τῶν
423 1075 550 1102 ἁπάντων
569 1074 617 1106 ὣν,
631 1073 685 1100 τῶν
709 1082 738 1100 τε
760 1073 819 1100 κατ’
844 1072 956 1107 οὐρανὸν

171 1122 218 1148 καὶ
238 1121 291 1148 τῶν
307 1121 376 1147 κατὰ
398 1121 459 1156 γῆν,
477 1121 594 1155 ὁπηνίκα
610 1128 639 1146 σε
659 1119 792 1154 ἐξήγαγον
812 1118 860 1153 τῆς
876 1117 958 1151 Αίγύ-

172 1174 251 1197 πτου,
264 1166 303 1201 τῷ
319 1166 415 1201 πλήθει
427 1166 474 1192 καὶ
483 1166 522 1201 τῷ
538 1166 647 1201 μεγέθει
662 1165 715 1192 τῶν
729 1164 874 1199 θαυμάτων
887 1163 958 1190 ἐκεί-

172 1220 236 1242 νων.
255 1212 305 1246 τῆς
324 1220 352 1238 τε
370 1211 537 1247 κατεχούσης
562 1211 738 1238 ἀπαλλάττων
755 1209 885 1241 δουλείας,
911 1208 958 1235 καὶ

171 1248 222 1292 τὴν
235 1257 303 1292 ἐμὴν
325 1257 422 1283 εἰδέναι
445 1257 577 1283 διδάσκων
602 1256 726 1291 δύναμιν,
751 1253 959 1290 παρενεγγύησα

175 1302 267 1336 σαφῶς
289 1303 373 1338 ἑτέρῳ
388 1303 437 1338 μὲν
457 1302 549 1338 μηδενὶ
574 1302 612 1337 μὴ
626 1301 681 1328 τῶν
699 1301 769 1327 κατὰ
787 1300 849 1334 γῆν,
862 1298 899 1334 μὴ
906 1298 959 1326 τῶν

173 1347 234 1374 κατ’
250 1347 361 1382 οὐρανὸν
385 1348 533 1383 φωστήρων
551 1347 642 1382 νέμειν
665 1347 713 1382 τὴν
735 1345 802 1372 Ε)εοῦ
823 1352 960 1379 προσηγο-

175 1392 247 1427 ρίαν,
265 1392 315 1427 ἐμὲ
333 1392 360 1418 δὲ
376 1392 454 1427 μόνον
471 1391 611 1426 ὁμολογεῖν
626 1400 656 1417 τε
671 1391 718 1417 καὶ
732 1389 831 1416 εἰδέναι
843 1388 918 1420 Θεὸν,
931 1388 960 1420 ὃς

175 1437 221 1463 καὶ
238 1436 342 1469 σώζειν,
355 1438 401 1464 καί¹
413 1437 592 1463 ἀπαλλάττειν
606 1437 659 1463 τῶν
674 1436 855 1471 ἐπικειμένων
869 1434 960 1462 κακῶν

173 1481 291 1516 δύναμαι
312 1481 400 1516 μόνος,
418 1481 464 1508 ἀτε
482 1482 535 1508 τῶν
550 1482 676 1508 ἁπάντων
699 1481 798 1517 Κύριος
813 1481 958 1516 ὑπάρχων·

174 1530 213 1563 (p.
223 1528 280 1562 94.)
293 1528 330 1559 ὼς
337 1527 369 1554 ἂν
379 1527 415 1563 μὴ
423 1528 518 1561 λόγους
526 1525 649 1554 εἶναικαὶ
659 1528 770 1563 ῥήματα
780 1527 892 1563 νομίζῃς
899 1529 961 1560 τοὺς
975 1538 998 1567 ε

174 1573 273 1607 νόμους
286 1574 348 1605 τοὺς
361 1574 453 1608 ἐμοὺς,
468 1575 500 1600 ὲκ
515 1574 542 1599 δὲ
554 1573 604 1608 τῆς
618 1573 745 1609 ἀληθείας
756 1573 803 1600 καὶ
814 1573 867 1600 τῶν
875 1583 965 1610 πραγ-

175 1618 270 1653 μάτων
284 1619 475 1654 συγκειμένους
485 1619 606 1649 δικαίως.
620 1628 628 1644 ι
647 1619 717 1653 Ἐγὼ
726 1619 882 1654 ὲποίμαινόν
896 1628 926 1646 σε
937 1621 965 1646 ὲν

173 1665 207 1699 τῇ
219 1665 325 1699 ἐρήμῳ,
338 1665 367 1690 ὲν
391 1666 426 1700 γῇ
443 1665 561 1700 ἀοικήτῳ
575 1665 644 1691 κατά
661 1664 710 1696 τὰς
726 1665 812 1699 νομὰς
833 1665 931 1692 αὐτῶν.
952 1673 961 1691 ι

181 1710 338 1744 Ἐξαγοιγὼν
353 1711 382 1737 δέ
399 1719 428 1737 σε
441 1711 490 1746 τῆς
500 1711 647 1744 Αἰγύπτου.
661 1711 708 1738 καὶ
723 1711 793 1738 κατὰ
803 1711 852 1745 τὴν
864 1711 965 1746 ἔρημον

174 1758 208 1791 τῇ
218 1756 336 1791 ἐμαυτοῦ
347 1756 494 1793 κηδεμονία
504 1756 633 1790 διήγαγον
642 1757 670 1782 ὲν
683 1757 802 1791 ἀοικήτῳ
810 1758 845 1792 γῇ
858 1765 864 1771 ·
878 1757 924 1783 καὶ
936 1757 965 1782 ὲν

175 1797 240 1837 ᾖδὴ
261 1801 341 1836 νομαὶ
368 1801 469 1836 θηρίων
491 1810 521 1827 τε
543 1799 614 1836 ἦσαν
635 1801 683 1828 καὶ
701 1801 834 1836 ἑρπετῶν,
860 1801 966 1834 οὐδενὸς

175 1846 358 1882 ὑστερηθῆναι
383 1847 437 1874 τῶν
457 1847 615 1882 ἀναγκαίων
636 1848 728 1878 ἐάσας.
748 1857 757 1873 ι
780 1847 835 1874 Καὶ
851 1848 965 1882 ἐνεπλή-

177 1890 280 1926 σθησαν
296 1891 335 1923 εἰς
353 1891 520 1927 πλησμονὴν,
533 1891 579 1918 καὶ
592 1890 738 1926 ὑψώθησαν
754 1891 782 1918 αἱ
797 1891 903 1927 καρδίαι
917 1891 966 1918 αὺ-

175 1937 245 1964 τῶν*
264 1937 356 1964 ἕνεκεν
376 1937 472 1964 τούτου
493 1937 654 1964 ὲπελάθοντό
668 1946 728 1972 μου.
747 1947 756 1963 ›
775 1935 841 1964 Εἶτα
862 1937 966 1973 εἰσελη-

174 1983 287 2014 λυθότες
301 1983 342 2015 είς
366 1982 415 2018 τὴν
428 1983 479 2018 γῆν
501 1983 551 2017 τῆς
571 1983 746 2017 ἐπαγγελίας,
766 1983 813 2010 καὶ
832 1983 966 2010 τοσούτων

176 2029 255 2064 παρά
269 2029 360 2055 πᾶσαν
375 2028 548 2064 ἀνθρωπίνην
562 2028 657 2055 ἐλπίδα
668 2029 883 2061 ἀπολελαυκότες
896 2030 965 2063 ἀγα-

175 2073 243 2106 θῶν,
259 2074 372 2109 μεγάλοι
384 2082 414 2100 τε
426 2073 502 2109 παρὰ
512 2074 578 2100 πᾶσι
591 2074 647 2105 τοῖς
660 2073 731 2100 κατά
743 2073 791 2108 τὴν
805 2073 966 2109 οίκουμένην

175 2119 328 2155 δειχθέντες
347 2119 512 2154 ἀνθρώποις,
530 2119 574 2146 διὰ
587 2119 641 2146 τῶν
662 2119 726 2154 περὶ
738 2119 836 2151 αὐτοὺς
849 2119 878 2152 ὲξ
899 2119 965 2154 ἐμοῦ

176 2165 339 2199 γεγονότων,
355 2165 445 2192 οὐκέτι
462 2166 571 2201 μνήμην
590 2162 662 2200 εῐχον
677 2164 744 2200 ἐμοῦ
760 2164 806 2190 τοῦ
822 2164 967 2196 δεδωκότος

178 2210 270 2242 αὐτοῖς
283 2210 336 2236 τῶν
350 2210 483 2237 τοσούτων
500 2210 607 2244 ἀγαθῶν
620 2210 669 2246 τὴν
683 2210 825 2244 ἀφθονίαν.

214 2256 288 2291 Στίχ.
301 2255 376 2288 (ς’-6⁷.
391 2270 427 2277 -
440 2265 449 2281 ι
469 2255 520 2283 Καὶ
534 2256 630 2292 ἔσομαι
643 2257 732 2288 αὐτοῖς
746 2256 784 2288 ὡς
798 2255 906 2291 πάνθηρ
919 2255 968 2282 καὶ

176 2303 217 2334 ὡς
231 2303 363 2338 πάρδαλις
383 2302 454 2329 κατά
470 2303 518 2338 τὴν
533 2303 591 2330 ὁδὸν
614 2303 773 2338 Ἀσσυρίων,
790 2311 799 2328 ›
817 2302 967 2338 Τοιγαροῦν

176 2349 257 2384 δίκην
273 2348 411 2384 πάνθηρος
426 2349 524 2380 αὐτοὺς
534 2349 581 2375 καὶ
599 2348 766 2384 παρδάλεως,
783 2348 851 2383 μετὰ
866 2348 968 2383 πολλῆς

177 2394 228 2429 τῆς
250 2394 379 2429 ὀξύτητος
408 2393 556 2429 συντρίϐων
575 2402 604 2420 τε
629 2393 676 2419 καὶ
701 2393 828 2425 ἀπολλὺς,
847 2393 899 2420 ὑπὸ
917 2393 968 2427 τὴν

177 2438 233 2465 τῶν
249 2439 399 2472 Ἀσσυρίων
411 2438 595 2474 αἰχμαλωσίαν
609 2438 697 2464 ὲλάσω
709 2438 820 2469 πάντας.
837 2447 847 2464 ‹
869 2437 968 2464 Ἀπαν-

177 2486 296 2520 -εήσομαι
310 2485 401 2516 αὐτοῖς
413 2485 450 2516 ὡς
461 2485 545 2519 ἄρκος
558 2484 743 2520 ἀπορουμένη.
761 2483 799 2519 (p.
814 2483 872 2517 95.)
889 2493 898 2509 ›
913 2483 967 2510 Καὶ

177 2531 257 2566 δίκην
277 2531 362 2566 ἄρκου
375 2531 430 2557 τῶν
451 2530 628 2565 γεννημάτων
652 2529 830 2565 στερηθείσης
850 2528 903 2555 τῶν
928 2529 968 2555 ol-

178 2576 271 2607 κείων,
286 2575 334 2602 καὶ
355 2575 401 2601 ἐπὶ
415 2575 515 2610 πολλῆς
529 2575 579 2610 τῆς
595 2573 638 2600 ἐπ’
653 2574 766 2605 ἐκείνοις
779 2573 898 2608 ἀπορίας
913 2574 969 2605 τοῖς

177 2620 317 2647 ἀπαντῶσι
331 2621 542 2655 λυμαινομένης,
556 2619 688 2645 πλείστων
700 2619 770 2646 ὅσων
784 2618 874 2646 αὐτῶν
889 2620 969 2654 ἐργά-

179 2674 261 2701 σομαι
277 2665 322 2692 τὸν
337 2665 426 2700 φόνον.
443 2675 452 2690 ι
469 2665 524 2692 Καὶ
539 2664 677 2700 amasset»
694 2663 876 2700 συγκλεισμδν
899 2673 968 2700 καρ-

177 2711 236 2742 δίας
255 2711 355 2738 αὐτῶν.
375 2721 384 2737 ι
403 2711 459 2738 Καὶ
477 2711 580 2742 πάντας
597 2711 624 2737 δὲ
637 2711 700 2743 τοὺς
718 2710 908 2746 διαλογισμοὺς
921 2711 969 2737 αὐ-

176 2756 233 2783 τῶν
251 2757 298 2789 οὓς
315 2757 381 2792 παρ’
396 2757 502 2787 ἑαυτοῖς
519 2757 683 2791 συνέχοντες,
701 2756 770 2791 μετὰ
795 2756 894 2791 πολλῆς
906 2755 970 2791 ἠσέ-

213 2839 268 2874 (15)
284 2837 356 2866 Cod.
372 2837 489 2865 ἐποίσει.

344 2895 483 2926 Pnaot.
506 2895 565 2927 Gn.
583 2895 697 2927 LXVI.

997 259 1043 279 ros
1064 252 1243 280 antelucanus
1267 253 1434 287 praeteriens,
1458 257 1486 281 et
1509 253 1587 289 quasi
1609 253 1702 280 aranei
1727 254 1782 281 tela

997 297 1105 324 turbine
1120 297 1260 324 exsulllata
1274 296 1307 325 de
1328 305 1404 330 area,
1423 301 1451 326 et
1474 299 1546 327 sicut
1569 307 1654 334 vapor
1675 307 1689 326 a
1707 299 1782 327 locu-

998 343 1059 370 stis.
1078 352 1088 369 ι
1113 343 1190 370 Sicut
1208 343 1281 370 enim
1293 342 1392 370 nebula
1407 343 1498 379 aliqua
1512 348 1558 371 aut
1574 351 1619 372 ros
1631 345 1782 373 matutinus

999 386 1178 415 dissolutione
1198 394 1311 422 prorsus
1330 387 1484 422 disparcnt,
1501 394 1527 416 et
1547 389 1639 417 aranei
1657 390 1709 416 tela
1722 397 1784 424 qua:

1000 433 1069 461 forte
1091 433 1120 461 in
1146 439 1208 461 area
1233 434 1279 465 sit,
1313 434 1387 461 venti
1416 434 1468 469 61
1502 434 1611 463 turbine
1637 436 1782 471 abripitur,

1000 480 1119 515 itemque
1134 479 1203 508 levis
1214 487 1299 515 vapor
1315 479 1390 508 brevi
1407 487 1541 515 apparens
1556 481 1604 509 abs
1616 482 1783 510 loeustarum

1000 525 1092 552 volatu
1116 525 1179 553 :sic
1206 532 1255 553 vos
1281 529 1393 560 repente
1414 533 1512 554 omnes
1536 526 1571 554 ab
1591 527 1631 554 ira
1653 535 1714 556 mea
1738 528 1786 556 dc-

1001 570 1145 598 struemini
1152 590 1156 598 .

1039 710 1122 738 Vsus.
1137 710 1196 738 4-6.
1212 725 1248 731 -
1264 721 1273 737 ι
1295 711 1350 747 Ego
1369 715 1459 739 autem
1482 711 1613 740 Dominus
1627 712 1697 741 Deus
1712 717 1787 745 tuus,

1003 756 1049 789 qui
1066 755 1172 783 ﬁrmavi
1184 756 1294 788 coelum,
1307 761 1334 784 et
1351 762 1449 784 terram
1463 757 1583 790 condidi,
1597 758 1678 793 cujus
1691 766 1788 786 manus

1004 805 1167 828 creaverunt
1196 809 1304 829 omnem
1336 803 1459 830 militiam
1484 804 1562 837 caeli;
1589 805 1689 839 quique
1718 805 1790 833 hanc

1005 847 1078 874 haud
1094 848 1142 874 tibi
1159 847 1266 875 ostendi
1285 852 1314 874 ut
1339 849 1494 877 ambulat-es
1513 854 1576 884 post
1590 857 1667 883 eam;
1688 858 1737 885 ego
1753 851 1790 878 in-

1006 899 1086 926 quam
1116 892 1197 920 eduxi
1228 897 1254 919 te
1284 891 1416 927 Egyplo;
1437 898 1464 920 tu
1489 901 1554 921 vero
1576 894 1680 922 nullum
1706 895 1789 923 Deum

1006 942 1103 972 praeter
1119 945 1161 964 me
1180 937 1311 971 habebis;
1335 945 1422 973 neque
1448 939 1494 973 qui
1519 943 1545 967 te
1559 940 1656 973 salvet,
1676 946 1791 976 excepto

1006 990 1059 1010 me.
1077 991 1087 1008 ›
1104 982 1295 1017 Supradictam
1310 983 1417 1019 quidem
1432 984 1603 1019 potissimum
1618 993 1726 1021 pinnam
1743 988 1791 1015 tibi

1006 1027 1105 1055 merito
1129 1027 1256 1060 inferam,
1276 1029 1341 1063 quia
1356 1029 1500 1057 declinasti
1524 1029 1557 1057 ad
1574 1030 1658 1063 idola,
1682 1031 1792 1059 deserto

1008 1081 1067 1106 me;
1084 1073 1129 1108 qui
1141 1081 1203 1101 cum
1218 1074 1269 1101 sim
1283 1078 1390 1102 creator
1399 1075 1522 1102 omnium
1536 1076 1654 1111 ccelique
1663 1080 1690 1104 et
1701 1081 1791 1108 terrae.

1008 1125 1062 1153 quo
1079 1122 1202 1153 tempore
1216 1123 1242 1146 te
1260 1118 1377 1154 Egypto
1395 1119 1487 1152 eduxi,
1508 1123 1583 1147 tanta
1598 1128 1659 1147 cum
1678 1121 1792 1148 miracu-

1010 1164 1096 1191 lorum
1118 1164 1227 1191 illorum
1247 1164 1422 1192 multitudine
1442 1172 1474 1192 ac
1495 1165 1691 1200 magnitudine,
1708 1168 1794 1194 servi-

1009 1210 1075 1237 tutis
1089 1217 1217 1245 pressura
1234 1210 1391 1244 sublevans,
1407 1215 1434 1239 et
1449 1212 1576 1245 potentiae
1592 1220 1658 1240 meae
1669 1213 1793 1240 notitiam

1010 1260 1035 1282 te
1053 1255 1166 1288 dorens,
1192 1260 1268 1287 tunc,
1285 1256 1407 1291 inquam,
1432 1257 1520 1291 palam
1541 1258 1667 1286 mandavi
1683 1259 1743 1291 tibi,
1765 1262 1796 1285 ut

1010 1300 1078 1328 nulli
1093 1300 1132 1328 rei
1154 1301 1277 1328 terrestri
1299 1301 1420 1337 nullique
1443 1302 1546 1329 cmlesti
1563 1302 1691 1330 luminari
1707 1304 1796 1339 appel-

1011 1345 1138 1372 lationem
1162 1345 1208 1373 Dei
1232 1346 1377 1380 tribueres,
1404 1354 1502 1382 meque
1524 1348 1612 1375 solum
1627 1348 1796 1376 conlitereris

1011 1398 1043 1417 ac
1059 1390 1143 1418 scires
1164 1398 1225 1418 esse
1242 1390 1338 1422 Deum,
1362 1391 1407 1426 qui
1429 1396 1456 1418 et
1479 1392 1584 1419 salvare
1603 1396 1630 1420 et
1644 1393 1750 1428 eripere
1763 1401 1798 1421 ex

1012 1436 1180 1463 instantibus
1202 1436 1293 1468 malis,
1317 1440 1409 1471 utpote
1423 1437 1543 1464 omnium
1560 1436 1701 1469 Dominus,
1722 1438 1798 1466 solus

1010 1488 1093 1516 queo.
1110 1480 1291 1513 Quamobrem
1312 1489 1378 1509 care
1401 1489 1435 1509 ne
1458 1483 1539 1509 veluti
1563 1489 1703 1511 sermones
1718 1492 1798 1519 quos-

1013 1526 1076 1553 dam
1093 1533 1125 1553 ac
1143 1526 1223 1554 verba
1244 1527 1385 1555 existimes
1407 1535 1468 1555 esse
1493 1528 1565 1563 leges
1588 1536 1674 1561 meas,
1692 1530 1740 1557 sed
1754 1538 1799 1565 po-

1015 1572 1070 1599 tius
1085 1579 1176 1599 rerum
1193 1573 1308 1600 veritate
1329 1577 1403 1600 recte
1419 1578 1572 1601 concretas.
1595 1583 1605 1600 ι
1626 1574 1681 1610 Ego
1697 1576 1758 1610 pavi
1773 1581 1800 1604 te

1016 1616 1043 1643 in
1057 1617 1177 1649 deserto,
1199 1617 1227 1644 in
1249 1621 1322 1644 terra
1343 1618 1524 1648 inhabitabili.
1540 1618 1619 1653 juxta
1635 1627 1736 1654 pascua
1750 1628 1800 1648 eo-

1015 1670 1087 1689 rum.
1109 1672 1118 1688 ι
1139 1662 1286 1698 Postquam
1315 1667 1342 1691 te
1363 1663 1482 1699 Egypto
1507 1665 1599 1697 eduxi,
1629 1665 1656 1693 in
1690 1667 1800 1694 deserto

1015 1715 1125 1743 quoque
1140 1708 1312 1743 providentia
1328 1716 1387 1736 mea
1404 1712 1431 1736 te
1446 1717 1506 1736 sum
1521 1710 1714 1742 comitatus.in
1726 1715 1801 1740 terra

1017 1755 1217 1782 habitatoribus
1243 1761 1343 1788 cassa;
1368 1754 1414 1781 ubi
1439 1762 1501 1781 cum
1528 1755 1596 1783 nihil
1623 1756 1697 1783 aliud
1729 1762 1802 1785 esset

1015 1804 1114 1835 przeter
1136 1800 1256 1828 ferarum
1284 1803 1309 1827 et
1336 1800 1504 1835 serpentium
1527 1808 1638 1835 pascua,
1664 1802 1733 1829 nihil
1751 1803 1802 1830 tibi

1015 1846 1202 1874 necessarium
1216 1845 1312 1873 deesse
1323 1845 1386 1874 sivi.
1402 1855 1411 1872 ι
1424 1844 1456 1872 Et
1471 1847 1586 1873 saturati
1603 1847 1712 1875 abunde
1726 1853 1799 1881 sunt,

1015 1894 1043 1918 et
1068 1891 1172 1918 elevata
1193 1894 1257 1917 sunt
1284 1890 1367 1918 corda
1390 1898 1497 1923 eorum,
1522 1891 1636 1926 ideoque
1659 1892 1713 1920 mei
1737 1898 1803 1920 sunt

1016 1938 1106 1966 obliti.
1134 1947 1143 1964 ι
1172 1937 1237 1966 Post
1266 1937 1325 1965 haec
1354 1938 1517 1972 promissam
1545 1943 1644 1965 terram
1673 1939 1800 1975 ingressi,

1016 1985 1154 2019 tantisque
1169 1988 1268 2019 praeter
1285 1984 1431 2018 quamlibet
1449 1983 1595 2010 humanam
1613 1991 1700 2019 spem,
1721 1985 1802 2013 bonis

1017 2030 1150 2062 fruentes,
1178 2033 1205 2056 et
1231 2035 1358 2064 magnum
1383 2035 1438 2063 pra:
1454 2028 1560 2055 caeteris
1585 2029 1680 2056 mundi
1703 2030 1802 2058 incolis

1020 2084 1118 2104 nomen
1134 2075 1234 2110 adepti,
1249 2078 1360 2110 propter
1376 2082 1436 2102 mea
1460 2075 1533 2102 circa
1556 2075 1630 2110 ipsos
1651 2083 1744 2110 opera;
1759 2081 1803 2103 at-

1017 2126 1108 2149 tamen
1125 2121 1177 2148 mei
1199 2127 1333 2148 memores
1357 2127 1412 2147 non
1427 2120 1546 2153 fuerunt,
1566 2121 1612 2156 qui
1637 2125 1741 2149 tantam
1769 2122 1804 2150 iis

1017 2167 1151 2194 bonorum
1166 2166 1273 2202 copiam
1290 2166 1470 2193 contuleram.

982 2203 1006 2232 ι)
1053 2212 1136 2240 Vens.
1158 2212 1216 2239 6-9.
1247 2225 1281 2231 --
1309 2211 1363 2246 62
1385 2219 1394 2235 ο
1414 2210 1522 2246 Eroque
1539 2211 1592 2240 illis
1610 2215 1640 2239 ut
1659 2212 1802 2247 panthera.

1017 2263 1045 2286 et
1066 2259 1138 2286 sicut
1162 2256 1264 2292 pardus
1288 2257 1316 2283 in
1336 2257 1379 2284 via
1407 2256 1594 2291 Assyriorum.
1621 2267 1631 2283 ι
1657 2257 1803 2293 Propterea

1017 2305 1156 2340 pantherae
1179 2311 1254 2331 more
1281 2303 1423 2338 pardique,
1444 2304 1573 2332 velociter
1596 2303 1741 2332 admodum
1757 2312 1804 2332 eos

1018 2354 1158 2378 conteram
1182 2349 1357 2384 perdamque,
1383 2353 1499 2376 cunctos
1513 2349 1639 2377 videlicet
1664 2350 1692 2377 in
1715 2349 1803 2386 Assy-

1018 2397 1123 2424 riorum
1140 2395 1251 2422 trahens
1268 2394 1464 2428 captivitatem.
1480 2403 1489 2419 ι
1509 2393 1658 2421 Occurram
1671 2395 1711 2423 eis
1725 2396 1805 2430 quasi

1020 2449 1083 2470 ursa
1098 2441 1229 2469 destituta
1244 2440 1354 2468 catulis.
1370 2449 1379 2465 ι
1402 2439 1477 2467 Ursae
1490 2447 1577 2472 more,
1591 2440 1635 2467 cui
1648 2440 1689 2468 sui
1705 2441 1806 2468 sublati

1021 2488 1077 2515 sint
1093 2486 1187 2518 catuli,
1210 2490 1238 2513 et
1256 2485 1291 2512 ob
1314 2493 1396 2521 grave
1418 2485 1527 2512 illorum
1548 2485 1714 2513 desiderium
1726 2491 1808 2521 quot-

1021 2537 1088 2568 quot
1099 2531 1270 2559 occurrerint
1283 2531 1474 2565 discerpentis.
1486 2538 1537 2565 ego
1555 2539 1663 2566 quoque
1680 2539 1806 2567 magnam

1022 2585 1117 2606 eorum
1140 2576 1306 2604 occisionem
1331 2575 1439 2603 faciam.
1463 2585 1473 2602 ‹
1500 2575 1534 2603 Ει
1556 2576 1725 2612 disrumpam
1742 2584 1808 2604 con-

1023 2622 1173 2650 clusionem
1194 2621 1286 2649 cordis
1306 2628 1414 2648 eorum.
1432 2629 1442 2647 ι
1459 2620 1493 2647 Ει
1507 2627 1602 2648 eorum
1620 2627 1716 2649 omnes
1726 2621 1809 2656 cogi-

1023 2669 1162 2700 taliones,
1196 2674 1265 2703 quas
1299 2667 1371 2694 intra
1403 2673 1434 2695 se
1467 2667 1657 2701 continentes,
1686 2668 1808 2695 studiose

1024 2712 1169 2740 admodum
1196 2711 1356 2747 peccabant,
1383 2719 1567 2746 supervacuas
1593 2719 1625 2739 ac
1652 2720 1734 2740 vanas
1761 2720 1809 2747 per

1025 2756 1155 2786 inﬂictam
1177 2764 1286 2793 poenam
1310 2763 1469 2793 coarguam.
1490 2766 1500 2783 ι
1523 2756 1556 2784 Et
1575 2757 1744 2786 devorabunt
1761 2764 1810 2786 eos

1632 2892 1651 2922 Ἰ
