1972 3066
178 125 230 153 205

778 127 952 155 TllEODORl
978 127 1218 156 MOPSUESTENI

1759 123 1812 150 2οι

183 185 219 214 ibi
234 186 317 214 catuli
344 187 429 218 silvze,
456 190 484 214 ct
508 186 603 214 bestia:
625 188 682 222 agri
706 186 863 222 discerpent
877 194 934 215 eas.
955 196 960 214 l

1019 187 1082 214 6ουν
1099 187 1147 222 τῆς
1160 187 1328 222 ἐπιμελείας,
1349 187 1495 222 περιττοὺς
1510 187 1588 219 ὄντας
1608 187 1656 214 καὶ
1673 188 1814 223 ματαίους,

182 231 229 258 Sic
243 240 291 259 eos
309 233 393 259 variis
420 232 541 260 caedibus
567 236 731 260 consument
755 233 867 265 hostes;
883 233 966 260 veluti

182 277 276 305 leones
290 278 324 306 de
343 278 424 310 saltu.
449 283 497 305 aut
524 279 584 305 aliae
610 278 766 313 hujusmodi
781 278 853 311 ferae,
879 278 970 306 subito

182 323 318 352 irruentes
336 324 464 352 dentibus
483 332 579 352 omnes
594 325 753 351 lacerarent.
771 334 778 349 ι
794 324 968 358 Corruptioni

182 373 244 400 tua.
272 369 365 401 Israel,
394 370 454 405 quis
487 370 680 396 auxiliabitur?
709 379 717 394 ι
745 368 840 396 Tantis
865 369 969 397 fractus

179 416 358 450 perditusque
373 416 460 446 malis.
473 415 611 450 quodnam
629 415 759 442 auxilium
774 415 916 442 invenies?

1023 232 1068 258 διὰ
1084 231 1133 266 τῆς
1148 231 1321 267 ὲπαγομένης
1342 232 1432 263 αὐτοῖς
1448 230 1549 266 ἐλέγξω
1569 232 1712 268 τιμωρίας.
1729 243 1739 259 ι
1759 233 1815 260 Καὶ

1024 279 1156 312 φάγονται
1180 278 1278 310 αὐτοὺς
1302 279 1360 304 ἐκεῖ
1380 278 1494 313 σκύμνοι
1521 278 1634 313 δρυμοῦ,
1663 279 1710 306 καὶ
1732 278 1815 315 θηρία

1023 323 1110 359 ἀγροῦ
1128 324 1272 350 διασπάσει
1287 322 1395 354 αὐτούς.
1415 332 1424 349 ›
1442 323 1520 350 Οὖτω
1536 323 1589 359 γὰρ
1604 323 1701 356 αὐτοὺς
1717 325 1750 359 τῇ
1764 324 1814 358 τῆς

1024 369 1132 403 σφαγῆς
1142 369 1264 404 ποικιλίᾳ
1279 369 1515 396 καταναλώσουσιν
1526 370 1550 396 οἰ
1567 369 1700 404 πολέμιοι,
1713 369 1813 396 ὡσανεὶ

1023 414 1128 445 λέοντές
1150 423 1221 446 τινες
1237 415 1268 440 ὲκ
1293 413 1406 449 δρυμοῦ,
1424 414 1440 448 ἦ
1460 422 1520 440 τινα
1541 413 1623 449 ἔτερα
1637 414 1813 449 παραπλήσια

178 461 283 493 τούτοις
297 461 388 497 θηρία,
403 461 489 496 ἀθρόα
505 462 560 492 τοῖς
574 460 678 486 ὀδοῦσιν
692 459 855 487 ἐπιπεσόντα
865 459 1039 486 διασπάσειεν
1051 459 1184 492 ἅπαντας.
1204 469 1212 485 t
1227 460 1266 495 Τῇ
1280 459 1413 494 διαφθορᾷ
1426 459 1609 495 σου,’ἰσραὴλ,
1625 460 1666 491 τίς
1684 460 1812 496 βοηθήσει

179 514 235 539 σοι;
252 517 261 532 ›
278 506 358 532 Ἀλλὰ
374 506 428 541 γὰρ
448 506 499 532 ὑπὸ
514 506 648 532 τοσούτων
664 505 885 541 διαφθειρόμενός
901 514 930 532 τε
946 506 993 532 καὶ
1008 505 1192 540 ἀπολλύμενος
1209 505 1311 538 κακῶν,
1327 505 1386 532 τίνα
1404 505 1436 531 ἂν
1452 505 1540 540 εὕροις
1554 505 1680 541 βοήθειαν
1692 515 1700 541 ;

213 575 297 603 Vens.
316 574 412 602 {0-11.
428 589 463 594 -
479 583 488 599 ι
507 574 558 602 Ubi
572 574 616 601 hic
631 582 675 601 rex
691 575 776 602 tuus?
788 573 866 602 Nunc
880 574 968 602 salvet

177 628 204 650 te
225 623 252 649 in
280 621 408 649 omnibus
436 620 550 648 urbibus
572 620 637 647 tuis.
658 620 745 647 Jndex
768 624 828 648 esto
844 624 919 651 tuus.
934 620 969 648 de

177 675 231 702 quo
247 667 339 694 dixisti
359 676 365 694 :
384 665 422 693 Da
439 666 504 692 mihi
516 673 606 701 regem
622 671 648 693 et
660 667 810 701 principem
829 676 835 692 :
849 666 967 702 dedique

176 713 226 740 tibi
241 720 332 748 regem
354 713 380 739 in
402 712 442 738 ira
459 719 530 739 mea.
552 722 562 738 ι
580 711 672 747 Neque
693 712 766 740 enim
781 720 814 739 ex
829 713 904 748 regio
920 716 966 740 aut

175 758 289 785 militari
300 757 431 792 regimine
443 757 591 792 quidquam
603 757 754 785 lucraberis
769 767 775 784 :
796 757 848 784 crit
864 759 965 792 quippe

176 808 203 830 ct
220 803 270 830 hoc
287 802 435 830 invalidum
454 802 487 829 ad
502 802 700 835 defensionem,
726 807 894 837 repugnante
910 810 963 830 me.

175 848 244 875 Nam
270 856 332 876 cum
359 848 426 875 mihi
452 848 600 883 placuisset
629 847 694 875 dare
718 848 796 875 vobis
822 847 963 882 praesidem

177 893 344 927 Samuelem,
370 894 457 921 virum
475 894 580 928 justum
602 897 629 920 ct
647 894 720 921 omni
742 894 843 920 virtute
866 893 963 928 praedi-

176 945 245 971 tum,
262 940 308 975 qui
322 939 506 967 sacerdotium
530 938 611 966 simul
625 943 652 966 et
672 939 855 974 principatum
874 938 964 974 populi

176 985 393 1017 administraret,
407 991 454 1011 vos
469 991 531 1010 eum
553 983 666 1010 omnino
690 983 872 1018 deposuistis;
889 991 965 1018 aeque

177 1038 208 1057 ac
224 1029 344 1064 reliquas
363 1033 468 1063 gentes,
486 1033 611 1063 oportere
635 1037 682 1056 vos
698 1029 798 1056 habere
815 1037 904 1064 regem
923 1029 965 1055 di~

176 1080 280 1106 centes,
291 1075 337 1109 qui
354 1074 433 1101 vobis
449 1075 509 1101 usui
529 1078 602 1102 esset
616 1074 649 1101 ad
666 1075 736 1102 bella
756 1079 851 1102 contra
869 1075 964 1102 alieni-

175 1129 270 1155 genas.
283 1120 364 1155 Atqui
389 1124 497 1154 tempus
520 1120 607 1151 adest,
625 1127 679 1155 quo
705 1119 963 1147 inconsiderantiam

175 1170 293 1192 vestram
318 1165 473 1200 agnoscetis
501 1174 507 1192 :
535 1165 602 1191 nihil
627 1166 699 1192 enim
721 1165 798 1192 vobis
814 1165 964 1200 proderunt

175 1210 202 1237 hi
225 1211 272 1245 qui
297 1218 412 1245 regnare
435 1209 507 1246 apud
533 1218 581 1238 vos
606 1211 742 1242 videntur,
767 1210 901 1245 siquidem
919 1218 964 1237 vc-

174 1261 237 1283 strae
259 1262 355 1282 omnes
379 1255 461 1282 urbes
479 1262 532 1282 una
555 1256 704 1291 eademque
721 1256 798 1282 ruina
821 1259 961 1282 corruent.

174 1300 260 1328 Nemo
293 1301 376 1336 igitur
407 1301 456 1328 tibi
484 1300 567 1335 judcx
597 1302 660 1332 erit,
694 1301 773 1336 quasi
798 1301 961 1329 immeritam

173 1346 233 1382 63
269 1346 303 1373 ab
337 1345 456 1372 inimicis
484 1346 685 1381 aggressionem
718 1346 847 1381 patiaris;
875 1353 962 1381 neque

175 1390 260 1416 ullum
304 1389 332 1416 in
376 1389 428 1416 hoc
475 1397 565 1417 rerum
605 1394 676 1417 statu
723 1391 854 1417 auxilium
891 1399 961 1426 prae—

174 1436 271 1468 bebit,
298 1442 454 1470 quanquam
499 1436 551 1462 hoc
594 1436 734 1470 potissimo
769 1445 861 1471 regum
897 1445 960 1473 erga

174 1489 240 1509 suos
267 1481 384 1508 cilicium
416 1485 476 1513 est.
506 1484 535 1507 ut
565 1481 679 1515 injurias
703 1489 796 1509 eorum
826 1482 961 1510 ulciscan-

1056 574 1130 609 Στίχ.
1157 578 1182 605 ι’,
1198 577 1241 601 ια’.
1255 589 1291 594 —
1308 583 1317 599 ι
1338 574 1391 601 Ποῦ
1407 576 1420 601 ὁ
1437 574 1562 609 βασιλεὺς
1586 583 1632 600 σου
1655 571 1746 608 οὗτος
1763 575 1810 602 καὶ

1019 619 1179 647 διασωσάτω
1194 629 1222 646 σε
1244 621 1273 646 ὲν
1288 620 1389 653 πάσαις
1410 622 1470 652 ταῖς
1486 620 1579 647 πόλεσί
1603 629 1651 647 σου
1661 629 1668 636 ·
1682 622 1730 648 καὶ
1751 630 1810 656 κρι-

1019 665 1090 692 νάτω
1107 674 1147 698 σε,
1163 665 1191 692 ὃν
1207 663 1297 698 εἴπας,
1313 666 1362 697 Δός
1378 674 1421 701 μοι
1436 665 1545 700 βασιλέα
1561 666 1608 692 καὶ
1620 667 1747 702 ἄρχοντα.
1762 667 1810 693 καὶ

1018 711 1106 738 ἔδωκά
1119 719 1159 738 σοι
1172 711 1283 746 βασιλέα
1297 712 1325 737 ὲν
1341 712 1408 747 ὀργῇ
1425 720 1484 746 μου.
1502 720 1511 736 ›
1530 711 1597 738 Οὐδὲ
1617 712 1671 746 γὰρ
1682 712 1714 738 ὲκ
1734 712 1809 746 βασι-

1018 756 1096 792 λικῆς
1121 758 1278 792 ἐπιμελείας
1299 757 1314 792 ἦ
1332 758 1498 793 στρατηγίας
1520 758 1627 785 ἀποίσει
1643 767 1671 785 τι
1693 759 1806 794 κέρδος’

1017 803 1092 829 ἔσται
1108 803 1162 838 γὰρ
1184 803 1231 829 καὶ
1247 801 1323 834 οὗτος
1339 802 1432 834 ἄτονος
1453 803 1492 834 εἰς
1510 803 1645 839 βοήθειαν,
1661 804 1807 840 ἀντιπράτ-

982 863 1002 890 B
1016 856 1110 879 τοντος
1127 848 1193 882 ἐμοῦ
1206 855 1213 862 ·
1239 848 1327 874 καίτοι
1346 857 1377 882 γε
1394 848 1476 884 ίκατὰ
1494 849 1524 875 τὸ
1546 848 1611 885 γὰρ]
1628 850 1689 884 ἐμοὶ
1712 850 1806 876 δοκοῦν

1017 893 1167 928 ἡγούμενόν
1184 901 1230 919 σου
1245 893 1290 919 τὸν
1307 893 1433 929 Σαμουὴλ
1449 893 1531 929 ἄνδρα
1547 894 1658 926 δίκαιον,
1674 895 1720 922 καὶ
1737 896 1806 929 μετά

1016 939 1106 973 πάσης
1121 940 1222 975 ἀρετῆς
1234 941 1284 974 τήν
1304 949 1333 966 τε
1355 941 1504 977 ἱερωσύνην
1521 942 1567 968 καὶ
1580 943 1628 977 τὴν
1644 943 1806 978 ἡγεμονείαν

1015 984 1140 1011 διέποντα
1154 985 1200 1011 τοῦ
1214 985 1290 1017 λαοῦ,
1306 987 1519 1022 πσρεγρὰψασθε
1531 988 1679 1020 παντελῶς,
1695 990 1732 1024 (p.
1747 990 1781 1017 96
1795 992 1805 1016 ὶ

1015 1030 1212 1066 παραπλησίως
1226 1033 1281 1063 τοῖς
1299 1032 1402 1064 λοιποῖς
1419 1033 1506 1060 ἔθνεσι
1522 1035 1656 1070 φήσαντες
1666 1035 1720 1062 δεῖν
1733 1036 1805 1071 ἔχειν

1015 1073 1136 1107 βασιλέα.
1154 1074 1183 1106 ὂς
1200 1075 1310 1110 ἀρκέσει
1329 1077 1396 1112 πρὸς
1410 1078 1472 1109 τοὺς
1489 1078 1558 1115 ὑπὲρ
1578 1079 1653 1114 ὑμῶν
1669 1080 1804 1115 πολέμους

1013 1121 1069 1150 τοῖς
1091 1119 1258 1156 ἀλλοτρίοις⁸
1284 1121 1352 1148 ἀλλὰ
1378 1123 1433 1158 γὰρ
1449 1124 1524 1158 ἥκει¹
1540 1125 1644 1159 καιρὸς,
1663 1126 1692 1151 ἐν
1717 1122 1740 1159 ᾦ
1753 1126 1804 1160 τῆς

1013 1164 1140 1197 ἀΰουλίας
1161 1166 1323 1202 αἰσθήσεσθε
1342 1168 1506 1203 τῆς-οἰκείας
1519 1178 1525 1184 ·
1540 1170 1569 1196 οὑ
1591 1171 1644 1205 γάρ
1658 1179 1684 1197 τι
1707 1171 1804 1206 διρελος

1013 1210 1176 1246 παρέξουσιν
1193 1212 1256 1246 ὑμῖν
1270 1213 1295 1238 οἰ
1309 1212 1462 1247 βασιλεύειν
1475 1215 1503 1241 ἐν
1514 1215 1577 1250 ὑμῖν
1589 1215 1740 1249 δοκοῦντες,
1755 1218 1803 1244 ita

1013 1263 1106 1283 πασων
1122 1256 1176 1282 τῶν
1192 1257 1221 1283 ὲν
1239 1257 1303 1292 ὑμῖν
1325 1259 1427 1285 πόλεων
1442 1260 1494 1286 ὑπὸ
1516 1261 1580 1295 μίαν
1595 1261 1731 1289 ἀπώλειαν
1754 1272 1803 1290 πε-

1013 1301 1151 1336 σουμένων
1163 1308 1170 1316 ·
1184 1303 1214 1328 οὺ
1229 1303 1317 1329 τοίνυν
1340 1304 1400 1331 οὐδέ
1423 1313 1465 1337 τις
1477 1305 1566 1333 αὐτῶν
1580 1309 1667 1342 κρινεί
1689 1317 1740 1341 σοι,
1764 1309 1804 1340 ὠς

1013 1347 1128 1381 ματαίαν
1157 1348 1234 1383 παρὰ
1249 1348 1303 1376 τῶν
1323 1349 1462 1385 πολεμίων
1487 1352 1670 1380 ἐπανάστασιν
1697 1354 1802 1390 ὑπομέ-

1011 1401 1093 1424 νοντι,
1108 1394 1153 1419 καί
1170 1402 1230 1420 τινα
1241 1394 1352 1430 παρέξει
1367 1395 1492 1431 βοήθειαν
1509 1398 1555 1424 ἐπὶ
1570 1399 1695 1430 τούτους·
1708 1400 1801 1436 ἐπειδὴ

1010 1437 1088 1464 τοῦτο
1101 1438 1169 1473 πρὸς
1182 1439 1245 1471 τοὺς
1257 1440 1372 1472 οἰκείους
1390 1442 1448 1472 τοῖς
1464 1441 1617 1476 βασιλεῦσιν
1634 1443 1693 1474 ἔθος
1715 1447 1801 1471 ποιεῖν

1011 1484 1050 1514 εἰς
1067 1483 1114 1518 τὴν
1131 1483 1185 1511 τῶν
1210 1485 1395 1521 ἀδικουμένων
1422 1487 1564 1522 βοήθειαν
1584 1489 1707 1524 πολέμιοι
1724 1490 1751 1517 δὲ
1775 1493 1800 1518 οἱ

174 1532 219 1554 tur
240 1537 246 1554 :
271 1533 344 1553 nunc
372 1533 437 1553 vero
463 1527 555 1553 hostes
581 1527 678 1553 mirum
698 1530 829 1561 quantum
850 1528 957 1562 regibus

1014 1528 1059 1554 νῦν
1076 1529 1199 1556 πλεῖστον
1214 1531 1274 1557 ὅσον
1295 1531 1349 1558 τῶν
1371 1532 1564 1567 βασιλευόντων
1588 1535 1617 1560 ὲν
1641 1536 1704 1570 ὑμῖν
1725 1537 1800 1568 ὄντες

172 1573 270 1600 vestris
293 1571 460 1607 potentiores
485 1576 558 1598 sunt.
586 1571 639 1599 Sed
659 1577 822 1599 tamencum
844 1573 960 1607 petistis,

173 1621 304 1653 tanquam
322 1617 424 1652 aliquid
441 1617 504 1644 boni
534 1617 682 1652 accepturi.
698 1617 770 1652 regis
786 1617 958 1652 dignitatem,

174 1663 320 1697 indignans
344 1670 395 1696 ego
417 1662 480 1689 licet
498 1666 594 1688 vestra).
613 1662 762 1688 voluntatis
777 1662 957 1697 improbitati,

174 1708 353 1736 nihilominus
378 1711 407 1734 ut
423 1715 512 1742 regem
541 1707 677 1734 haberetis
699 1706 812 1739 indulsi,
840 1715 874 1734 ne.
890 1707 960 1735 torte

173 1753 280 1781 viderer
296 1756 393 1780 vestra:
406 1753 513 1787 optima:
526 1751 718 1779 deliberationi
746 1752 934 1779 contradicere
950 1761 956 1779 :

173 1799 296 1830 toleravi,
321 1799 443 1832 inquam,
457 1798 483 1824 in
498 1797 538 1824 ira
555 1805 624 1824 mea.
642 1797 675 1825 Et
692 1805 765 1824 nunc
780 1798 882 1832 pariter
899 1797 957 1824 ira-

173 1850 217 1872 tus
230 1848 287 1870 tum
300 1843 337 1870 i'li
358 1843 441 1870 veteri
460 1846 516 1869 tum
532 1843 730 1877 posterioribus
742 1843 842 1871 vesuis
856 1843 959 1878 iniqui-

173 1890 285 1919 tatibus.
298 1896 388 1916 mcum
403 1888 480 1915 vobis
496 1888 628 1915 auxilium
647 1889 776 1921 subduxi,
791 1889 898 1923 sivique
911 1896 960 1916 vos

170 1942 204 1962 ex
231 1934 298 1969 ipsis
317 1933 424 1961 discere
456 1934 549 1966 rebus,
573 1938 676 1968 quanto
699 1934 796 1961 melius
811 1933 900 1960 fuerat
926 1933 961 1961 ab

171 1979 237 2012 illis,
257 1986 325 2014 quos
348 1986 398 2014 ego
420 1985 469 2013 pro
481 1982 570 2006 vestra
584 1978 672 2006 salute
691 1979 835 2014 elegeram,
850 1986 958 2014 semper

171 2025 334 2061 gubernari,
366 2031 447 2059 quam
478 2024 559 2060 regia:
593 2032 643 2052 vos
678 2024 849 2052 committere
881 2027 957 2059 pote-

172 2071 248 2099 stati.

204 2136 290 2165 sts.
308 2136 402 2164 ιε-ιι.
419 2151 454 2156 -
468 2144 478 2162 ι
495 2135 595 2163 Vorte:
615 2135 768 2171 iniquitatis
782 2135 956 2172 Ephraimus,

170 2191 232 2210 cum
241 2183 350 2210 occulto
358 2186 469 2218 peccato
480 2190 546 2216 suo;
561 2182 670 2210 dolores
683 2183 762 2218 quasi
781 2183 958 2218 parturientis

170 2228 281 2256 venient
306 2228 342 2256 ei.
360 2237 371 2254 ο
401 2227 435 2254 Ει
457 2227 522 2262 quia
551 2228 578 2254 in
609 2228 737 2255 omnibus
765 2229 960 2257 demonstratis

170 2275 301 2309 (namque
314 2273 454 2308 Ephraimi
472 2273 594 2305 nomine,
610 2280 685 2301 more
701 2281 763 2306 suo,
778 2278 907 2310 tanquam
927 2283 961 2303 ex

170 2324 248 2355 parte
263 2323 350 2347 totum
367 2319 445 2353 dicit)
460 2318 646 2346 vehementem
661 2319 806 2354 quemdam
827 2320 958 2356 impetum

170 2373 203 2392 ac
219 2365 392 2392 sedulitatem
411 2363 586 2391 multifariam
601 2363 686 2399 impie
700 2365 796 2399 agendi
815 2366 960 2400 peccandi-

169 2418 223 2444 que
240 2410 372 2438 adversus
392 2417 445 2441 me,
469 2409 622 2444 mentisque
648 2413 747 2437 vestrae
773 2410 902 2445 cogitatio
927 2411 955 2438 in

170 2456 271 2483 delicto
298 2460 354 2482 tota
381 2455 507 2490 deligitur
537 2456 600 2490 (hoc
627 2455 699 2482 enim
728 2455 795 2482 dicit
817 2456 954 2484 occultum

170 2505 323 2536 peccatum,
339 2509 436 2536 nempe
445 2501 510 2536 quia
521 2501 606 2528 animi
625 2500 839 2529 deliberationes
856 2501 956 2537 ignotae

169 2546 290 2574 externis
306 2547 393 2580 sunt),
410 2551 566 2581 propterea,
580 2546 680 2582 inquit,
697 2547 723 2573 in
747 2550 786 2573 tot
811 2550 955 2582 tantasque

171 2591 299 2618 incidetis
315 2597 422 2625 pteuas,
447 2596 476 2618 ut
491 2592 571 2626 quasi
586 2592 684 2619 mulier
699 2591 727 2618 in
743 2595 823 2626 partu
848 2592 955 2624 dolens,

171 2636 256 2664 futuri
270 2636 332 2664 sitis
340 2641 450 2670 propter
459 2636 643 2672 ingruentium
657 2635 791 2663 malorum
806 2637 955 2663 cruciatus.

173 2692 182 2708 ε
203 2682 314 2709 Hiccine
329 2681 401 2709 illius
421 2686 483 2709 tuus
496 2681 635 2716 prudens?
652 2691 661 2708 ι
679 2681 804 2710 Haecine
816 2681 957 2717 sapientia:

171 2733 268 2756 vestra:
283 2735 377 2762 opera,
397 2727 444 2762 qui
455 2727 610 2755 discernere
630 2727 797 2760 nescivistis,
824 2732 956 2762 quantum

171 2772 279 2800 intersit
305 2772 376 2799 inter
404 2771 519 2806 gratiam
530 2779 616 2798 meam
632 2779 664 2798 ac
677 2772 802 2804 tutelam,
815 2775 845 2799 et
871 2770 956 2799 decli-

170 2818 308 2846 nationem
324 2818 357 2846 ad
377 2818 450 2846 idola
477 2821 558 2852 atque
574 2817 607 2845 ad
627 2825 710 2852 opera
731 2817 865 2846 voluntati
889 2824 956 2846 nica:

1011 1573 1208 1610 δυνατώτεροι·
1224 1577 1341 1612 ὁπηνίκα
1354 1577 1382 1604 δὲ
1396 1579 1485 1613 {parte
1501 1579 1538 1610 ὡς
1553 1580 1595 1606 ἐπ’
1608 1580 1701 1615 ἀγαθῷ
1718 1581 1802 1616 117%—

1013 1627 1086 1653 μενοι
1105 1620 1151 1646 τοῦ
1170 1621 1301 1655 βασιλέως
1325 1623 1374 1658 τὴν
1388 1624 1486 1659 ἀρχὴν,
1507 1624 1675 1660 θυμούμενος
1701 1628 1746 1653 ἐπὶ
1766 1629 1798 1663 τῇ

1011 1664 1145 1700 μοχθηρίᾳ
1159 1666 1207 1700 τῆς
1222 1666 1334 1703 γνώμης
1351 1669 1399 1703 τῆς
1416 1670 1561 1705 ὑμετέρας,
1574 1671 1648 1706 ὅμως
1663 1673 1799 1708 ἐπέτρεψα

1009 1708 1100 1735 λαϐεῖν
1114 1710 1158 1736 τὺν
1176 1711 1296 1746 βασιλέα,
1311 1713 1352 1744 ὡς
1368 1713 1401 1740 ἂν
1418 1715 1455 1749 μὴ
1474 1715 1664 1750 ἀντιπράττειν
1684 1718 1751 1752 ὑμῖν
1764 1719 1799 1746 τὰ

1008 1754 1138 1782 κάλλιστα
1149 1756 1219 1792 ὑπὲρ
1230 1757 1333 1784 ἑαυτῶν
1342 1759 1583 1794 διαπραττομένοις
1592 1761 1708 1798 δοκοίην.
1724 1773 1732 1789 ι
1742 1765 1799 1792 Καὶ

1006 1799 1118 1834 ἀνέσχον
1135 1800 1164 1827 ὲν
1178 1801 1215 1836 τῷ
1236 1801 1315 1837 θυμῷ
1332 1812 1393 1838 μον.
1415 1814 1423 1830 ι
1440 1805 1613 1840 Θυμούμενος
1636 1807 1664 1833 δὲ
1687 1809 1733 1834 καὶ
1749 1809 1796 1835 νῦν

1007 1844 1053 1870 ἐπί
1069 1853 1098 1871 τε
1118 1846 1210 1882 ἐκείνῃ
1230 1847 1277 1873 καὶ
1297 1849 1355 1879 ταῖς
1374 1848 1491 1884 καθεξῆς
1512 1851 1694 1886 παρανομίαις
1709 1852 1796 1887 ὑμῶν,

1008 1890 1117 1924 ἀφεῖλον
1143 1892 1193 1926 μὲν
1218 1893 1295 1927 ὑμῶν
1318 1893 1366 1929 τὴν
1392 1895 1461 1930 ἐμὴν
1478 1896 1742 1931 συμμαχίαν-εἴασα
1768 1899 1798 1925 δὲ

1009 1935 1082 1970 ὑμᾶς
1109 1935 1138 1968 ἐξ
1156 1936 1245 1963 αὐτῶν
1270 1937 1366 1972 μαθεῖν
1392 1939 1446 1965 τῶν
1464 1941 1644 1975 πραγμάτων,
1668 1942 1744 1977 πόσῳ
1768 1943 1797 1970 δὲ

1010 1981 1120 2016 ἄμεινον
1135 1982 1198 2018 ὑμῖν
1212 1980 1246 2018 ἦν
1256 1983 1308 2010 ὑπὸ
1322 1985 1377 2016 τοῖς
1387 1986 1450 2020 παρ’
1467 1985 1534 2020 ἐμοῦ
1550 1986 1800 2022 προχειριζομένοις

1010 2027 1081 2062 ὑπὲρ
1105 2027 1156 2062 τῆς
1181 2028 1317 2064 ὑμετέρας
1343 2029 1480 2065 σωτηρίας
1501 2031 1614 2064 ἄγεσθαι
1636 2033 1761 2066 πάντοτε,
1778 2034 1794 2067 ἢ

1012 2072 1137 2108 βασιλικῇ
1151 2073 1289 2100 πιστεύειν
1300 2075 1400 2106 αὐτοὺς
1414 2075 1567 2111 δυναστείᾳ.

1047 2139 1120 2175 Στίχ.
1134 2139 1224 2174 ιβ’-ιδ’.
1237 2156 1272 2162 -
1288 2151 1297 2167 ‹
1310 2142 1450 2179 Συστροφὴ
1466 2144 1571 2176 ἀδικίας
1580 2146 1700 2182 Ἐφραὶμ
1712 2148 1741 2174 ἐν
1752 2156 1798 2175 κο-

974 2200 998 2230 D
1011 2185 1158 2230 κρυμμένῃ
1172 2186 1295 2222 ἁμαρτίᾳ
1303 2188 1384 2215 αὑτοῦ
1394 2197 1401 2204 ·
1419 2189 1456 2224 (p.
1469 2189 1513 2224 97)
1528 2191 1621 2223 ὠδῖνες
1637 2193 1674 2224 ὡς
1690 2194 1794 2220 τικτού-

1012 2236 1060 2263 σης
1074 2229 1183 2263 ἥξουσιν
1192 2230 1275 2265 αὐτῷ.
1288 2241 1297 2257 ι
1313 2232 1366 2258 Καὶ
1380 2233 1472 2268 ἐπειδὴ
1485 2234 1527 2260 διὰ
1538 2236 1645 2262 πάντων
1659 2237 1796 2273 ὲδείχθητι

1011 2274 1075 2309 (ἀπὸ
1090 2274 1144 2310 γὰρ
1158 2275 1213 2301 τῶν
1232 2276 1351 2312 Ἐφραὶμ
1367 2278 1500 2311 εἰωθότως
1516 2280 1553 2312 ὡς
1571 2281 1624 2307 ἀπὸ
1641 2283 1740 2318 μέρους
1751 2283 1796 2310 λέ-

1009 2328 1053 2354 γει
1064 2320 1094 2346 τὸ
1108 2321 1173 2355 πᾶν)
1190 2321 1290 2357 πολλήν
1305 2331 1366 2348 τινα
1377 2324 1426 2358 τὴν
1441 2327 1594 2361 συστροφὴν
1611 2329 1658 2354 καὶ
1672 2328 1721 2364 τὴν
1735 2330 1796 2356 ἐπι-

1010 2365 1119 2400 μέλειαν
1133 2365 1241 2400 ἔχοντες
1259 2367 1313 2394 τῶν
1327 2369 1457 2400 ποικίλως
1471 2371 1580 2398 ἀσεϐεῖν
1595 2381 1623 2398 τε
1641 2373 1688 2400 καὶ
1706 2375 1796 2410 ἀμαρ-

1008 2410 1098 2436 τᾶνειν
1117 2411 1156 2442 εἰς
1181 2412 1240 2446 ἐμὲ,
1254 2413 1283 2439 ὲν
1303 2412 1402 2449 μελέτῃ
1417 2422 1445 2440 τε
1456 2416 1489 2450 τῇ
1501 2416 1571 2442 κατὰ
1586 2417 1706 2444 διάνοιαν
1723 2419 1797 2446 ἐστὶν

1010 2455 1073 2490 ὑμῖν
1082 2456 1112 2482 τὸ
1124 2457 1292 2492 ἁμαρτάνειν
1301 2458 1390 2493 (τοῦτο
1404 2460 1457 2496 γὰρ
1470 2461 1697 2498 ὲγκεκρυμμένην
1707 2464 1797 2499 ἀμαρ-

1009 2501 1070 2527 τίαν
1088 2500 1172 2535 λέγει,
1188 2502 1217 2528 τὸ
1229 2503 1264 2530 τὰ
1279 2504 1328 2538 τῆς
1341 2504 1430 2540 ψυχῆς
1445 2505 1615 2541 βουλεύματα
1632 2508 1717 2544 ἄδηλα
1739 2512 1795 2543 τοῖς

1008 2545 1085 2577 ἐκτὸς
1099 2547 1256 2582 ὑπάρχειν),
1272 2548 1342 2584 ὑπὲρ
1353 2549 1385 2585 δὴ
1407 2551 1509 2578 τούτων
1519 2571 1526 2583 ,
1553 2553 1619 2588 φησι
1630 2573 1638 2585 ,
1657 2555 1796 2588 τοιαύταις

1009 2592 1200 2627 περιπεσεῖσθε
1225 2594 1380 2629 τιμωρίαις,
1400 2596 1470 2623 ὥστε
1491 2597 1568 2633 δίκην
1589 2601 1717 2633 γυναικὸς
1732 2602 1796 2628 ὠδιο

1009 2635 1108 2681 νούσης
1124 2637 1152 2663 ὲν
1164 2636 1203 2672 τῷ
1217 2638 1319 2665 τίκτειν
1340 2641 1498 2676 συνέχεσθαι
1515 2645 1575 2676 ταῖς
1594 2645 1648 2671 τῶν
1663 2647 1795 2681 ἐπεληλυ-

1012 2679 1096 2707 θότων
1111 2681 1175 2716 ὑμῖν
1189 2682 1281 2710 κακῶν
1293 2683 1407 2716 ὀδύναις.
1429 2696 1438 2711 ι
1450 2683 1535 2719 Οὗτος
1547 2688 1561 2715 ό
1572 2689 1630 2720 υἱός
1646 2697 1692 2716 σου
1703 2690 1717 2716 ὁ
1729 2679 1795 2724 (ppo-

1011 2733 1105 2760 νιμος;
1120 2734 1130 2751 ›
1156 2725 1247 2753 Ταῦτα
1260 2727 1310 2762 τῆς
1329 2728 1462 2761 συνέσεως
1477 2730 1554 2765 ὑμῶν
1566 2731 1601 2758 τὰ
1615 2731 1694 2766 ἔργα,
1705 2732 1729 2758 οἳ
1746 2733 1795 2759 οὐκ

1011 2770 1163 2806 ἠδυνήθητε
1181 2771 1317 2808 διακρῖναι
1337 2773 1420 2800 πόσον
1436 2774 1494 2801 ἐστὶ
1507 2775 1536 2802 τὸ
1550 2769 1676 2811 διάφορον
1689 2777 1750 2812 ἐμοί
1764 2785 1794 2803 τε

1011 2815 1148 2852 ἀρέσκειν,
1161 2816 1207 2844 καὶ
1221 2817 1273 2844 ὑπὸ
1290 2818 1339 2854 τὴν
1358 2819 1515 2854 ἐπιμέλειαν
1536 2819 1665 2856 εἶναιτὴν
1681 2822 1762 2857 ἐμὴν,
1777 2821 1794 2856 ἢ
