1973 3066
221 126 275 154 205

708 127 981 157 COMMENTARIUS
995 128 1027 156 IN
1048 129 1148 156 OSEIE
1166 130 1240 159 CAP.
1256 131 1324 159 XIII.

1788 130 1841 161 206

219 187 288 221 πρὸς
303 187 336 212 τὰ
358 186 454 213 εἴδωλα
474 187 573 221 νεύειν,
598 187 646 215 καὶ
668 187 797 215 τάναντία
819 190 874 220 τοῖς
891 190 951 224 ἐμοὶ
964 189 1007 215 δο-

1060 190 1218 217 contraria?
1234 200 1243 216 ι
1272 191 1454 224 Quamobrem
1484 199 1556 220 nunc
1585 200 1638 220 non
1661 193 1793 223 subsistet
1813 195 1840 223 in

220 231 314 266 mis-1;
339 241 347 256 ι
363 232 435 258 Διὸτι
453 232 501 259 νῦν
516 233 545 259 οὐ
561 233 597 268 μὴ
609 234 712 269 ύποστῇ
723 235 751 260 ὲν
766 235 892 270 συντριϐῇ
906 234 1007 261 τέκνων

220 276 310 302 αὐτοῦ.
328 285 336 301 ι
355 275 506 312 Τοιγαροῦν
520 278 631 304 τοιαῦτα
649 278 872 314 βουλευσάμενοι,
888 279 1008 313 ἐνεγκεῖν

220 322 249 347 οὐ
265 322 410 356 δυνήσεσθε
422 323 472 357 τὴν
485 323 622 349 ἀπώλειαν
634 323 683 359 τὴν
698 324 809 351 οἰκείαν.
822 323 888 351 Εἶτα
898 324 951 351 τῶν
961 333 1009 351 κα-

221 367 275 392 κῶν
285 367 508 402 ὑπισχνούμενος,
528 369 617 400 καθὼς
632 369 722 401 εἴωθε,
734 369 783 404 τὴν
795 369 881 402 λύσιν,
895 370 1006 404 ἐπάγειο

224 421 233 437 ι
242 411 290 438 Ἐκ
303 413 393 448 χειρὸς
407 413 470 449 ᾅδου
483 414 599 450 ῥύσομαι
611 415 718 447 αὐτοὺς,
728 416 775 442 καὶ
787 417 819 442 ὲκ
833 414 947 442 θανάτου
960 415 1008 441 λυ-

219 457 360 494 τρώσομαι
375 459 483 491 αὐτούς.
497 469 507 486 ι
521 460 602 487 Ἀλλὰ
616 461 670 496 γὰρ
685 462 730 489 καὶ
743 462 812 496 μετὰ
826 463 913 489 πάντα
925 462 1008 490 ταῦτα

220 503 366 535 παιδεύσας
384 503 484 535 αὐτοὺς
498 506 531 540 τῇ
551 505 681 540 τιμωρίᾳ,
703 507 741 541 (p.
762 506 805 541 98)
823 498 853 539 ἕξ
868 506 949 533 αὑτοῦ
964 515 1008 542 μι-

219 547 286 582 κροῦ
300 548 346 574 τοῦ
359 548 473 575 θανάτου
486 550 589 582 πάντας
600 551 672 585 ὑμᾶς
685 550 818 585 ὲξέλωμαι
833 551 908 585 παρὰ
919 553 1007 579 πᾶσαν

219 593 392 628 ἀνθρωπίνην
407 594 511 623 ἐλπίδα.
535 605 544 621 ί
557 595 612 622 Ποῦ
626 597 642 632 ἡ
658 596 720 632 δίκη
736 605 793 629 σου,
817 597 934 631 θάνατες
956 598 1007 625 ποῦ

218 638 248 663 τὸ
263 638 374 673 κέντρον
386 647 444 671 σου,
458 639 506 675 ᾂδη
520 648 527 671 ;
542 650 550 665 ι
571 641 653 667 Ὥστε
669 650 709 668 σοι
722 642 782 668 τότε
802 642 890 676 λέγειν
909 643 1007 677 ἐξεῖναι

219 684 297 709 ταὺτὶ
310 684 344 710 τὰ
360 685 478 720 ῥήματα,
500 686 598 720 δρῶντι
617 687 670 713 τῶν
695 688 740 715 τὸν
764 689 883 715 ποικίλον
906 690 1008 716 ἐκεῖνον

219 727 332 753 θάνατον
347 729 541 763 ἐπαγαγόντων
555 739 595 756 σοι
608 731 657 766 τὴν
670 732 814 767 τιμωρίαν,
828 732 900 766 λέγει
914 733 942 759 δὲ
953 734 1006 760 τῶν

226 772 383 808 Ἀσσυρίων.
415 783 424 799 ι
435 775 610 810 Παράκλησις
624 776 775 812 κέκρυπται
789 778 843 804 ἀπὸ
861 778 1007 814 ὀφθαλμῶν

220 827 276 846 σου.
291 829 300 842 ι
321 818 407 855 Τεύξῃ
425 819 479 855 γὰρ
502 820 702 856 παρακλήσεως
723 823 769 849 ἐπὶ
791 824 848 855 τοῖς
870 825 1007 857 τοσούτοις

1059 235 1221 263 contritione
1234 235 1351 263 filiorum
1366 245 1488 265 suorum.
1509 247 1518 263 ι
1538 236 1683 273 Propterea
1700 247 1762 267 cum
1776 241 1841 268 talia

1058 279 1282 313 deliberaveritis,
1304 283 1420 310 tolerare
1439 284 1616 318 perditionem
1643 288 1759 312 vestram
1786 293 1841 313 non

1058 326 1192 360 poteritis.
1214 326 1283 354 Exin
1298 335 1380 362 porro
1404 328 1548 362 malorum,
1567 329 1623 365 64
1637 333 1666 356 ιιι
1683 331 1762 362 solet,
1778 338 1841 366 pro-

1058 372 1170 399 mittens
1188 372 1363 406 solutionem,
1380 374 1466 408 pcrgit
1483 374 1572 402 dicere
1592 385 1598 402 :
1618 385 1628 401 ‹
1645 374 1681 402 De
1696 383 1776 402 manu
1796 376 1840 404 in-

1059 415 1129 443 ferni
1153 416 1276 444 liberabo
1295 425 1354 449 eos,
1376 417 1410 444 de
1427 423 1513 445 morte
1526 419 1656 446 redimam
1681 427 1738 447 eos.
1752 430 1762 446 ι
1779 419 1838 447 Jam
1859 442 1861 445 .

1058 469 1123 489 vero
1135 466 1196 497 post
1213 461 1269 489 btet:
1284 463 1386 496 omnia,
1406 470 1486 497 ρωποι
1504 464 1560 498 jam
1574 465 1705 497 eruditos,
1732 473 1763 493 ex
1780 467 1840 502 ipsa

1058 507 1252 542 propemodum
1262 512 1349 535 morte
1358 515 1406 535 VOS
1415 515 1508 536 omnes
1514 516 1617 542 eruam,
1627 515 1724 545 praeter
1731 519 1840 539 omnem

1058 551 1205 578 humanam
1220 558 1306 585 spem.
1323 561 1333 577 ‹
1358 552 1410 579 Ubi
1422 552 1488 579 ultio
1505 556 1562 584 tua,
1580 555 1671 582 mors?
1682 555 1726 582 ubi
1744 557 1842 584 stimu-

1058 595 1101 624 lus
1117 599 1191 628 tuus,
1205 596 1330 624 inferne?
1347 607 1356 624 ι
1374 596 1451 624 Tunc
1465 604 1480 623 a
1494 601 1521 625 te
1533 597 1586 624 dici
1598 598 1654 626 liaae
1666 600 1746 628 verba
1772 602 1842 629 lice-

1058 641 1107 673 bit,
1124 648 1186 668 cum
1211 641 1405 670 multiformem
1420 642 1495 669 illum
1520 642 1659 671 interitum
1675 651 1771 673 cernes
1792 646 1843 673 ho-

1058 687 1171 719 minum,
1192 687 1239 721 qui
1269 687 1317 714 tibi
1333 694 1440 722 poenam
1456 687 1617 720 intulerunt,
1633 696 1731 725 nempe
1756 690 1842 726 Assy-

1057 732 1171 759 riorum.
1202 741 1212 757 ι
1237 731 1393 760 Consolatio
1418 733 1576 761 abscondita
1600 738 1642 761 est
1678 735 1713 762 ab
1755 737 1843 765 oculis

1058 777 1124 804 suis.
1140 785 1149 801 ι
1166 776 1282 804 llabebis
1298 782 1372 805 certe
1397 778 1529 805 malorum
1545 783 1684 806 tantorum
1707 780 1842 812 solamen.

1058 822 1130 857 quod
1147 829 1220 849 nunc
1236 822 1284 850 tibi
1310 823 1399 850 adhuc
1425 823 1547 858 ignotum
1572 829 1630 858 est,
1652 825 1700 853 sed
1721 833 1753 854 ex
1777 827 1843 862 ipsis

219 865 321 895 κακοῖς,
335 864 350 899 ἢ
370 865 417 891 νῦν
433 866 482 900 μὲν
502 866 598 900 ἄδηλός
613 867 672 893 ὲστὶ
690 876 731 894 σοι
745 868 823 900 τέως,
841 869 900 903 ὄψει
917 870 945 896 δὲ
958 871 1007 897 αὺ-

1060 867 1167 895 demum
1179 869 1260 896 rebus
1270 868 1354 903 gestis
1367 869 1527 898 innoteseet.

220 909 269 944 τὴν
284 909 313 942 ἐξ
333 910 422 937 αὐτῶν
436 911 496 938 τότε
510 912 564 938 τῶν
576 913 757 948 πραγμάτων.

253 964 327 999 Στίχ.
340 969 377 991 ιε’.
399 981 423 986 —-
435 975 444 991 ί
455 964 610 998 Διὸτιοῦτος
621 967 672 994 ἀνὰ
685 969 766 1003 μέσον
775 970 896 1004 ἀδελφῶν
904 970 1008 998 διαστε-

219 1006 269 1033 λεί.
284 1017 293 1033 ι
316 1009 393 1040 Τινὲς
408 1009 494 1045 οὕτως
510 1011 623 1046 ἐνόησαν
640 1012 680 1038 ὅτι
693 1013 747 1039 τῶν
761 1014 933 1050 Ἰσραηλιτῶν
945 1025 1008 1043 κατ-

219 1052 305 1087 ήγαγε
321 1054 370 1088 μὲν
386 1056 426 1086 εἰς
448 1056 635 1091 αἰχμαλωσίαν
646 1057 695 1090 τὰς
711 1058 776 1085 δέκα
794 1060 889 1094 φυλὰς,
906 1062 968 1093 τοὺς
979 1062 1007 1088 δὲ

219 1099 267 1134 τῆς
287 1099 415 1132 Ἰουδαίας
431 1102 520 1136 ἀφῆκε
532 1110 538 1116 ·
563 1102 643 1129 τοῦτο
657 1104 684 1130 δὲ
700 1105 730 1131 οὐ
744 1105 813 1132 κατὰ
833 1106 944 1142 γνώμην
961 1108 1008 1141 γέ-

219 1150 280 1177 γονε
295 1143 334 1178 τῷ
351 1145 496 1181 Ἀσσυρίῳ,
511 1147 540 1178 ὃς
553 1155 584 1181 γε
602 1147 737 1183 ἠϐουλήθη
757 1150 807 1184 τήν
823 1158 852 1176 τε
872 1151 1007 1186 Ἰερουσα-

220 1189 274 1224 λὴμ
308 1191 355 1216 καὶ
380 1191 443 1222 τοὺς
466 1191 515 1226 τῆς
541 1192 671 1224 Ἰουδαίας
694 1194 727 1220 τὰ
753 1194 832 1229 ὅμοια
857 1195 1004 1223 διαθεῖναι’

220 1235 341 1271 ἐκωλύθη
359 1236 387 1263 δὲ
409 1238 441 1272 τῇ
466 1237 579 1272 δυνάμει
595 1240 627 1274 τῇ
645 1239 704 1274 θείᾳ
721 1241 768 1266 καὶ
782 1241 814 1275 τῇ
831 1240 878 1267 τοῦ
891 1241 1005 1275 ἀγγέλου

220 1281 324 1317 πληγῇ·
345 1282 415 1309 ὥστε
430 1283 479 1310 οὐκ
491 1284 572 1316 αὐτὸς
585 1285 740 1318 διέστειλεν,
755 1286 811 1313 ἀλλ’
825 1287 961 1324 ἠϐουλήθη
976 1289 1006 1315 τὸ

222 1327 335 1362 μέγεθος
350 1328 404 1354 τῶν
421 1329 513 1356 κακῶν
530 1330 615 1356 εἰπεῖν
628 1331 642 1357 6
656 1332 808 1367 προφήτης,
824 1334 852 1359 ὲν
865 1330 904 1364 οἷς
919 1333 1007 1365 ἐξετα-

221 1371 362 1407 σθήσονται
377 1373 429 1400 ὑπὸ
445 1374 490 1400 τοῦ
511 1375 651 1411 Ἀσσυρίου
667 1377 823 1412 ληφθέντες,
842 1379 881 1410 εἰς
898 1379 1006 1406 ἀπόδει-

221 1418 261 1449 ξιν
273 1415 311 1445 ὧν
327 1420 418 1451 αὐτοῖς
433 1421 448 1446 6
462 1421 528 1452 Θεὸς
549 1422 672 1457 παρέξει,
699 1424 877 1459 τιμωρεῖσθαι
902 1425 1006 1460 μέλλων

221 1464 333 1501 ὕστερον
353 1466 474 1497 ἐκείνους
487 1475 494 1482 ο
524 1468 617 1503 ἐπειδὴ
633 1462 738 1496 ’τοίνυν⁸
754 1469 942 1505 αἰχμαλώτους
958 1471 1005 1497 αὺ-

1095 965 1236 994 Vens.15.
1255 983 1290 988 —
1310 977 1318 993 ι
1338 967 1407 1001 Quia
1425 968 1469 996 hic
1486 969 1557 996 inter
1574 969 1672 998 fratres
1692 971 1807 1000 dividet.
1831 982 1840 998 I

1058 1011 1186 1039 Nonnulli
1211 1013 1403 1041 existimarunt
1424 1014 1566 1049 Assyrium
1583 1015 1730 1044 abduxisse
1749 1018 1776 1044 in
1796 1025 1843 1045 ca-

1059 1058 1307 1093 ptivitatemdecem
1315 1059 1414 1091 tribus,
1425 1060 1472 1087 sed
1481 1059 1688 1089 Judaaaeincolas
1695 1062 1844 1092 dimisisse.

1058 1103 1138 1137 Atqui
1152 1102 1185 1130 de
1199 1104 1250 1130 hoc
1275 1111 1329 1130 non
1351 1104 1481 1137 cogitavit
1501 1105 1640 1140 Assyrius,
1661 1106 1708 1140 qui
1730 1107 1785 1133 imo
1798 1116 1844 1136 vo-

1059 1148 1108 1175 luit
1123 1148 1320 1184 Hierosolymis
1335 1153 1361 1176 et
1375 1149 1452 1176 Judae
1473 1149 1570 1177 incolis
1584 1151 1660 1185 paria
1677 1152 1775 1184 facere.
1795 1154 1844 1181 sed

1057 1193 1148 1220 divina
1166 1195 1286 1228 potentia
1308 1194 1455 1229 impeditus
1468 1194 1518 1222 fuit
1531 1200 1557 1222 et
1576 1196 1661 1231 angeli
1682 1197 1769 1225 clade.
1783 1197 1844 1226 Non

1057 1247 1123 1274 ergo
1135 1239 1180 1266 ille
1191 1239 1292 1270 divisit,
1308 1240 1355 1267 sed
1367 1240 1499 1275 propheta
1514 1241 1581 1267 nihil
1591 1242 1664 1269 aliud
1678 1242 1768 1270 dicere
1788 1244 1845 1271 vult

1058 1293 1138 1320 quam
1160 1285 1292 1312 malorum
1314 1286 1485 1319 gravitatem,
1523 1286 1622 1321 quibus
1645 1288 1844 1316 exercebuntur

1058 1331 1129 1366 capti
1147 1331 1181 1357 ab
1195 1331 1325 1366 Assyrio;
1355 1331 1464 1366 vultque
1489 1331 1677 1360 demonstrare
1690 1334 1846 1367 cujusmodi

1057 1377 1129 1405 Deus
1141 1377 1216 1403 dabit
1231 1376 1376 1411 supplicia,
1397 1384 1458 1403 cum
1481 1384 1531 1404 suo
1546 1381 1668 1412 tempore
1683 1377 1762 1406 faciet
1785 1379 1845 1406 illo-

1058 1431 1117 1451 rum
1126 1423 1342 1457 castigationem.
1353 1422 1456 1450 Etenim
1466 1430 1531 1457 reap
1539 1430 1562 1449 <e
1572 1423 1700 1458 Assyrius
1719 1425 1841 1460 captivos

1057 1468 1194 1496 lsraelitas
1210 1469 1260 1494 hac
1281 1468 1343 1494 illac
1356 1467 1486 1502 dispersit
1501 1468 1618 1495 diversis
1641 1468 1719 1500 Ioeis,
1735 1469 1843 1504 quomi-

220 1509 283 1541 τοὺς
295 1510 383 1537 λαϐὼν
400 1511 414 1537 ὁ
428 1511 569 1547 ’Λσσύριος
591 1513 743 1550 διέσπειρεν
761 1515 859 1546 αὐτοὺς
880 1515 942 1550 τῇδε
958 1517 1007 1542 κὰ-

1060 1522 1112 1541 nus
1133 1514 1220 1540 ullum
1248 1516 1408 1548 praestarent
1437 1517 1560 1539 mutuum
1586 1513 1728 1545 auxilium,
1756 1522 1844 1549 neque

220 1556 294 1582 κεῖσε
310 1556 444 1588 ὲνοικίσας
460 1557 597 1592 διαφόροις
617 1559 726 1591 τόποις,
751 1560 789 1592 ὡς
803 1561 835 1587 ἂν
848 1561 915 1596 μηδὲ
926 1562 1008 1597 ἀλλή-

220 1600 276 1631 λοις
291 1602 420 1637 παρέχειν
435 1603 496 1629 τινὰ
510 1603 632 1630 δύναιντο
646 1605 812 1640 συμμαχίαν,
834 1609 871 1642 (p.
885 1607 928 1642 99)
941 1607 1008 1642 μηδὲ

220 1647 253 1673 ἐκ
262 1647 419 1682 συμφωνίας
431 1648 494 1683 περὶ
505 1648 553 1683 τῆς
563 1649 665 1677 ἐκεῖθεν
676 1650 835 1687 ἀπαλλαγῆς
842 1652 1008 1687 βουλεύοιντο

220 1691 261 1718 ἔτι
274 1700 280 1707 ·
296 1692 367 1719 οὕτω
378 1693 406 1719 δὲ
420 1693 495 1726 λέγει
517 1695 563 1720 καὶ
574 1696 588 1721 6
600 1696 732 1731 μακάριος
746 1698 842 1724 Δαυῖδ·
859 1708 868 1724 ι
883 1699 937 1730 Τὰς
949 1700 1007 1726 δια-

222 1738 326 1774 σπορὰς
361 1739 407 1765 τοῦ
436 1739 542 1775 Ἰσραὴλ
576 1741 748 1773 ἐπισυνάξει·
768 1752 777 1767 ι
801 1742 844 1768 ἵνα
874 1744 938 1779 εἴπῃ
967 1744 1008 1770 ὅτι

221 1785 439 1820 Διεσπαρμένους
456 1786 554 1817 αὐτοὺς
574 1787 637 1822 τῇδε
653 1788 765 1814 κάκεῖσε
788 1788 916 1821 ὲπανάξει
934 1790 1008 1824 παρὰ

221 1831 310 1857 πᾶσαν
328 1830 423 1857 ἐλπίδα
435 1840 442 1846 ⁸
463 1831 509 1857 καὶ
525 1831 638 1866 ἑτέρωθι
665 1832 709 1859 δέ’
730 1842 739 1859 ι
756 1834 916 1861 Είπάτωσαν
931 1835 963 1870 δὴ
984 1836 1008 1862 οἱ

221 1875 417 1912 λιλυτρωμένοι
432 1877 485 1904 ὑπὸ
500 1878 614 1912 Κυρίου,
629 1878 676 1910 οὒς
689 1879 860 1915 ὲλυτρώσατο
875 1881 906 1906 ἐκ
919 1880 1009 1916 χειρὸς

221 1922 330 1958 ἐχθροῦ,
347 1923 393 1949 καὶ
417 1924 449 1949 ἐκ
470 1923 524 1949 τῶν
546 1923 641 1958 χωρῶν
666 1926 817 1959 συνήγαγεν
834 1926 933 1957 αὐτοὺς
955 1926 1009 1952 ἀπὸ

222 1967 359 1994 ἀνατολῶν
383 1969 430 1995 καὶ
451 1968 560 2003 δυσμῶν
586 1969 632 1996 καὶ
657 1969 742 2005 βορῤᾶ
764 1971 810 1996 καὶ
828 1970 980 2006 θαλάσσης·
997 1980 1005 1996 ι

221 2009 308 2044 δηλῶν
322 2010 396 2042 ὅπως
415 2008 484 2046 ἦσαν
505 2011 637 2047 πολλαχοῦ
652 2012 860 2049 διεσπαρμένοι·
878 2014 958 2041 τοῦτο
976 2015 1009 2050 δὴ

222 2055 295 2090 λέγει
308 2056 446 2084 κάνταῦθα
458 2054 609 2090 ὄτιΟὗτοςὸ
623 2057 712 2086 λαϐὼν
724 2059 795 2094 ὑμᾶς
810 2060 1008 2095 αἰχμαλώτους,

223 2101 270 2127 καὶ
283 2102 323 2133 είς
334 2101 476 2137 ἀλλοτρίαν
490 2101 580 2136 χώραν
592 2102 753 2136 ἀπαγαγὼν,
770 2103 809 2135 είς
825 2103 937 2135 πολλοὺς
952 2112 1010 2130 ποι-

223 2146 313 2178 κίλους
325 2146 461 2181 διέσπειρε
476 2146 588 2178 τόπους·
599 2146 637 2178 ὡς
649 2146 682 2174 ἂν
698 2147 735 2182 μὴ
750 2148 797 2174 ἐπὶ
806 2149 904 2175 ταυτὸν
915 2148 1009 2184 ⁴Ιίθροι-

1059 1559 1165 1585 collatis
1192 1557 1315 1585 consiliis
1346 1557 1379 1584 de
1400 1557 1487 1584 reditu
1513 1557 1588 1585 illinc
1615 1558 1775 1593 cogitarent.
1798 1558 1844 1586 Sic

1058 1605 1139 1631 etiam
1155 1605 1250 1631 beatus
1261 1603 1343 1630 David
1358 1603 1395 1630 ait
1408 1611 1416 1630 :
1431 1613 1440 1628 ι
1451 1602 1638 1638 Dispersiones
1655 1603 1762 1632 Israelis
1776 1612 1842 1631 con-

1058 1649 1179 1685 gregabit
1195 1649 1227 1681 ³⁷;
1242 1659 1251 1675 ι
1269 1656 1365 1683 nempe
1380 1652 1408 1675 ut
1422 1649 1495 1675 dicat
1508 1657 1514 1675 :
1531 1648 1672 1684 Dispersos
1687 1657 1735 1677 eos
1749 1650 1799 1678 hac
1815 1655 1843 1677 et

1058 1696 1130 1728 illac,
1141 1698 1239 1730 prater
1255 1701 1362 1721 omnem
1374 1701 1449 1728 spent
1465 1693 1604 1721 adunabit.
1621 1694 1653 1722 Et
1667 1695 1731 1722 alibi
1749 1705 1754 1722 :
1771 1704 1779 1720 ι
1793 1695 1841 1722 Di-

1059 1744 1123 1767 cant
1141 1740 1187 1775 qui
1206 1739 1338 1773 redempti
1352 1742 1417 1765 sunt
1433 1746 1448 1764 a
1465 1738 1588 1771 Domino,
1601 1747 1670 1774 quos
1685 1740 1799 1768 redemit
1808 1741 1842 1768 de

1059 1793 1141 1812 manu
1162 1783 1278 1814 inimici,
1294 1788 1320 1811 et
1335 1783 1369 1810 de
1386 1783 1542 1818 regionibus
1556 1786 1729 1820 congregavit
1743 1793 1800 1818 eos,
1827 1795 1842 1814 a

1058 1831 1124 1858 solis
1138 1834 1200 1857 ortu
1226 1833 1254 1857 et
1269 1836 1379 1859 occasu.
1409 1829 1443 1855 ab
1467 1829 1595 1863 aquilone
1612 1834 1638 1856 et
1658 1831 1725 1857 mari
1740 1831 1774 1862 ἐς
1787 1832 1842 1859 iita

1059 1876 1217 1911 significans
1251 1873 1336 1902 fuisse
1370 1874 1432 1901 illos
1462 1875 1554 1902 multis
1595 1875 1663 1903 locis
1693 1876 1842 1911 dispersos.

1059 1921 1130 1958 Ergo
1150 1922 1194 1949 hic
1207 1928 1316 1956 quoque
1339 1920 1406 1947 dicit
1422 1929 1428 1947 :
1446 1919 1495 1947 llic
1515 1921 1561 1954 qui
1579 1928 1626 1947 vos
1641 1922 1796 1956 captivavit,
1817 1927 1845 1950 et

1060 1967 1087 1994 in
1105 1967 1220 1993 alienam
1246 1965 1383 1999 regionem
1398 1963 1563 1998 deportavit.
1591 1963 1684 1991 multis
1707 1965 1843 2000 variisque

1059 2019 1109 2040 vos
1123 2012 1224 2048 sparsit
1236 2011 1303 2038 locis
1315 2029 1322 2041 ,
1343 2017 1376 2036 ne
1387 2009 1440 2044 65
1452 2009 1477 2035 in
1496 2009 1589 2036 eadem
1599 2009 1715 2037 statione
1732 2011 1845 2038 adunati

1060 2057 1180 2085 solamen
1210 2055 1319 2090 aliquod
1350 2055 1450 2082 habere
1476 2054 1646 2085 videremiui,
1676 2055 1721 2082 sed
1746 2057 1840 2091 augeri

1061 2101 1136 2130 vobis
1150 2100 1240 2136 potius
1251 2106 1398 2127 .erulunam
1409 2099 1494 2126 voluit
1506 2099 1532 2126 in
1547 2098 1704 2127 diversitate
1723 2101 1844 2128 locorqu

1061 2145 1228 2175 constitutis.

224 2192 316 2228 σμένον.
338 2192 509 2228 παράκλησιν
525 2191 595 2226 ἔχειν
619 2191 679 2218 τινὰ
693 2192 832 2227 δοκοίητε·
852 2193 1012 2220 ὲπιτείνοιτο
1026 2193 1054 2219 δὲ
1070 2191 1169 2227 μᾶλλον
1190 2189 1253 2224 ὑμῖν
1274 2188 1307 2214 τὰ
1325 2188 1397 2214 κακὰ
1417 2188 1487 2214 κατὰ
1506 2187 1649 2222 διαφόρους
1671 2189 1845 2224 διῃρημένοις

223 2241 331 2271 τόπους.

258 2285 351 2312 Ταῦτα
365 2283 483 2320 εἰρηκὼς
492 2284 531 2316 εἰς
546 2284 680 2317 ἀπόδειξιν
692 2285 741 2320 τῆς
758 2293 788 2311 τε
804 2284 945 2320 δυνάμεως
960 2284 1007 2311 καὶ

1093 2280 1153 2308 .Iam
1170 2286 1234 2307 vero
1247 2279 1289 2306 his
1303 2277 1384 2305 dictis
1397 2278 1433 2305 ob
1444 2277 1495 2305 vim
1506 2277 1691 2312 saevitiamque
1701 2279 1845 2305 ostenden-

223 2331 273 2366 τῆς
284 2330 422 2366 ὠμότητος
433 2327 505 2367 ᾗπερ
518 2331 651 2366 ἐχρήσατο
661 2331 721 2357 κατ’
733 2329 823 2357 αὐτῶν
835 2329 1007 2365 ὸἍσσύριος,

226 2373 323 2407 ἐπάγει
336 2382 342 2388 ·
371 2382 380 2398 ι
395 2373 506 2405 Ἐπάξει
521 2373 623 2408 Κύριος
645 2373 744 2408 ἀνέμου
771 2373 898 2400 καύσωνα
914 2373 946 2400 ὲκ
959 2373 1009 2408 τῆς

225 2419 327 2454 ἐρήμου
341 2418 384 2444 ἐπ’
399 2418 490 2450 αὑτὸν,
502 2418 549 2444 καὶ
561 2417 724 2453 ἀναξηρανεί
737 2417 785 2449 τὰς
798 2417 899 2452 φλέϐας
915 2416 1008 2449 αὑτοῦ,

225 2465 272 2490 καὶ
282 2462 451 2499 ὲξερημώσει
465 2463 514 2495 τὰς
527 2463 618 2499 πηγὰς
637 2463 731 2493 αὐτοῦ,
753 2463 801 2490 καὶ
817 2463 906 2490 πάντα
928 2462 1010 2489 αὐτοῦ

226 2510 259 2536 τὰ
270 2510 354 2544 σκεύη
369 2509 403 2536 τὰ
425 2509 592 2545 ἐπιθυμητὰ.
609 2519 618 2535 ι
645 2509 756 2541 Ἐπάξει
773 2509 826 2545 γὰρ
845 2508 919 2544 αὐτῷ
931 2508 1010 2535 πολέ-

229 2565 287 2591 μιον
297 2564 306 2572 ·
325 2556 399 2590 λέγει
409 2555 439 2582 δὲ
445 2556 491 2582 τὸν
502 2555 556 2582 τῶν
566 2554 743 2582 Βαϐυλωνίων
757 2554 867 2590 βασιλέα
879 2554 908 2586 ὃς
917 2554 1011 2589 ὥσπερ

227 2602 258 2628 ἐκ
274 2610 344 2633 τινος
369 2601 509 2637 πόρρωθεν
532 2600 661 2635 κειμένης
691 2600 792 2636 χώρας,
816 2600 894 2635 δίκην
911 2600 1010 2634 ἀνέμου

227 2647 364 2679 καύσωνος
379 2647 476 2682 ἁθρόον
490 2645 621 2677 ἐπελθὼν,
630 2646 687 2672 ὅλον
698 2646 778 2672 αὑτὸν
790 2646 899 2680 ἀφανιεῖ
909 2645 994 2672 διόλου
1002 2652 1009 2660 ·

228 2694 276 2728 τήν
286 2702 315 2719 τε
326 2693 479 2728 εὐπραγίαν
489 2691 582 2723 αὐτοῦ,
590 2692 636 2718 καὶ
649 2691 697 2725 τὴν
709 2691 762 2718 τῶν
777 2691 930 2726 προσόντων
944 2691 1012 2724 ἀγα-

229 2737 282 2765 θῶν
298 2737 439 2772 ἀφθονίαν,
457 2739 495 2769 είς
514 2736 631 2772 ἐρημίαν
649 2737 819 2771 μεταστήσας
831 2745 837 2751 ·
859 2736 904 2762 καὶ
925 2736 1012 2763 πάντα

260 2824 280 2839 ³⁷
297 2826 469 2858 Psal.c1.xv|,
485 2825 513 2853 ‘2.
552 2825 573 2841 "
588 2824 658 2852 Psal.
677 2831 730 2855 CVI.
743 2824 770 2853 ‘2.

1061 2327 1133 2360 dam,
1153 2333 1206 2361 qua
1220 2326 1262 2352 usi
1287 2323 1397 2351 fuerunt
1411 2323 1542 2351 adversus
1556 2330 1603 2350 eos
1620 2323 1736 2358 Assyrii,
1752 2331 1846 2358 prose-

1061 2373 1173 2408 quitur:
1187 2378 1196 2394 ι
1208 2370 1331 2398 Adducet
1345 2369 1476 2397 Dominus
1490 2373 1612 2396 urentem
1628 2373 1738 2396 ventum
1751 2376 1783 2396 ex
1799 2371 1846 2397 ile--

1063 2422 1137 2447 serto
1154 2424 1236 2452 super
1246 2417 1346 2451 ipsum,
1368 2419 1396 2442 et
1407 2415 1521 2443 siccabit
1535 2421 1619 2442 venas
1629 2412 1700 2448 ejus.
1714 2419 1740 2442 et
1757 2415 1846 2443 fontes

1063 2465 1123 2499 ejus
1132 2462 1275 2494 desolabit,
1284 2465 1366 2496 atque
1377 2460 1468 2487 omnia
1479 2467 1544 2486 vasa
1551 2460 1611 2494 ejus
1621 2459 1819 2487 desiderabilia.
1834 2471 1844 2485 ι

1063 2508 1214 2537 Adducetei
1225 2507 1329 2534 hostem
1342 2515 1348 2533 :
1361 2505 1426 2532 dicit
1433 2509 1522 2532 autem
1530 2504 1737 2539 Babyloniorum
1746 2512 1848 2540 regem,

1063 2555 1110 2590 qui
1126 2559 1256 2589 tanquam
1274 2560 1306 2580 e1
1319 2551 1409 2586 aliqua
1427 2550 1574 2585 longinqua
1590 2550 1717 2584 regione,
1734 2550 1761 2577 in
1775 2551 1848 2578 venti

1065 2600 1168 2628 urentis
1193 2597 1395 2627 similitudinem
1419 2601 1528 2631 repente
1555 2596 1761 2630 superveniens,
1787 2597 1846 2624 uni-

1065 2653 1172 2674 versum
1185 2643 1313 2672 lsraelem
1328 2642 1441 2669 omnino
1457 2640 1570 2674 delebit;
1584 2640 1699 2675 ejusque
1712 2641 1850 2675 prosperi-

1066 2695 1159 2721 tatem,
1176 2689 1365 2722 bonorumque
1377 2686 1552 2718 allluentiam,
1569 2685 1596 2712 in
1613 2685 1767 2713 vastitatem
1782 2691 1850 2712 con-

1065 2738 1169 2768 vertet;
1187 2733 1365 2769 eiusdemque
1381 2739 1476 2761 omnes
1502 2731 1658 2764 facultates,
1671 2734 1699 2759 et
1715 2730 1848 2766 quidquid
