1972 3066
125 114 180 142 207

718 110 890 141 TIIEODORI
911 109 1150 139 MOPSUESTENI

1693 109 1748 137 208

125 170 223 205 majori
249 171 336 206 pretio
364 171 512 200 habebatur
534 171 655 200 funditus
683 171 814 199 destruet.
841 169 910 196 Nam

968 169 995 204 δὴ
1022 169 1056 195 τά
1083 169 1218 205 προσόντα
1240 168 1326 204 αὐτῷ,
1343 169 1390 196 κα)⁵
1411 168 1510 204 πολλῆς
1536 167 1674 203 ἠξιωμένα
1698 167 1748 202 τῆς

125 215 227 249 verbis.
237 225 247 241 ι
261 215 312 243 Ubi
327 217 394 245 ultio
408 222 464 249 tua.
481 218 575 245 mors?
589 217 633 245 ubi
646 216 773 245 stimulus
788 215 912 248 tuus,in-

126 257 220 287 τοι·ηεῖ
232 269 242 285 ι
252 259 442 296 subiungitur:
451 271 460 288 ι
467 260 613 298 Propterea
622 261 668 288 hic
675 260 852 289 inter'l'ratres
868 260 911 287 di-

126 302 209 335 videt,
222 313 232 330 »
248 307 275 332 et
285 304 398 339 reliqua;
406 305 442 331 ita
454 308 543 332 tamen
557 308 587 332 ut
600 304 760 332 intermedia
768 305 822 332 sint
830 304 911 332 verba

125 347 171 375 illa
186 348 381 376 :iConsolatio
389 349 546 377 abscondita
558 354 601 377 est
612 350 646 376 ab
661 350 748 377 oculis
763 350 834 383 tuis;
848 358 858 375 ι
873 349 912 377 si-

126 393 272 427 gniﬁcante
285 394 429 429 propheta,
446 399 606 422 eventurum
620 394 686 423 illud
706 394 780 429 quod
798 398 912 422 eatenus

127 438 237 466 latebat.
257 438 311 467 Sed
335 440 408 467 enim
431 445 574 476 postquam
591 440 712 475 ipsorum
732 441 759 468 in
773 441 911 468 meliorem

127 487 228 511 statum
244 485 538 518 dixitconversionem,
550 486 672 521 loquitur
686 494 783 515 rursus
799 486 833 514 de
849 493 912 513 mox

126 535 288 566 correptum
302 531 410 559 eosdem
424 531 524 566 pmnali
539 531 704 559 calamitate.

439 575 516 604 CAP.
536 575 606 604 XIV.

163 621 247 649 Vens.
266 621 322 649 1.3.
341 636 377 642 —
398 630 409 647 ι
435 621 595 650 Destruetur
626 622 760 654 Samaria,
784 621 912 657 quoniam

129 666 156 693 in
169 665 252 693 Deum
269 673 348 694 suum
361 665 511 694 rebellavit.
524 665 620 693 Gladio
633 665 747 699 cadent;
767 670 824 693 tum
852 666 913 692 illo-

127 720 187 740 rum
197 713 328 740 lactentes
343 713 402 740 solo
415 712 577 746 allidcntur;
590 717 616 740 et
631 711 691 740 leue
707 713 828 748 ipsorum
842 712 914 740 scin-

126 759 235 786 dentur.
259 768 270 785 »
296 758 374 786 Tunc
394 765 468 794 ergo,
500 758 598 793 inquit,
623 758 751 794 praedicta
782 757 912 785 beneﬁcia

126 804 265 838 insperato
279 803 400 830 conferet
408 802 538 830 Dominus
550 803 673 837 captivis.
685 801 739 829 Sed
766 806 828 829 ante
846 800 912 828 illud

127 853 236 884 tempus
244 849 372 883 corripiet
381 855 428 876 eos
437 847 758 883 exitiumgravissimum,
770 851 911 881 propterea

128 894 201 929 quod
211 895 350 922 contraria
365 893 419 922 Deo
431 893 544 920 fecerint
558 903 565 920 :
581 900 697 928 namque
705 892 910 920 acerbissimum

127 940 303 975 experientur
330 940 440 972 bellum,
469 939 496 966 in
519 942 624 966 tantum
643 942 672 965 ut
695 946 730 966 ne
753 938 911 965 lactentium

129 985 239 1020 quidem
254 986 427 1020 parvulorum
450 985 506 1020 66
519 984 656 1011 misertnri
675 984 731 1011 sint
749 984 850 1014 hostes,
865 991 913 1010 ne-

129 1039 184 1067 que
198 1031 339 1058 mulierum
352 1030 537 1066 gravidarum.
556 1029 612 1064 Age
632 1036 696 1056 vero
710 1033 854 1063 postquam
866 1036 914 1057 eos

129 1080 322 1103 eventurorum
361 1074 494 1101 malorum
510 1073 769 1100 commemoratione
793 1073 860 1100 satis
879 1073 911 1100 ad

128 1121 290 1148 modestiam
316 1121 480 1155 composuit,
501 1127 574 1147 nunc
592 1119 765 1154 promissioni
782 1119 913 1146 insistens

127 1173 209 1201 quam
228 1166 255 1193 in
272 1166 459 1200 superioribus
477 1165 550 1197 fecit,
569 1165 742 1199 futuramque
755 1163 808 1191 illis
829 1163 912 1191 mole-

130 1211 246 1238 stiarum
273 1211 435 1238 solutionem
452 1210 626 1245 portendens.
637 1209 676 1237 ait
692 1217 721 1236 ιι
739 1208 912 1246 Convertere,

133 1255 226 1287 lsracl,
241 1255 275 1282 ad
292 1254 435 1282 Dominum
448 1254 531 1282 Deum
551 1259 638 1286 tuum,
653 1253 782 1288 quoniam
798 1253 916 1280 inllrma-

132 1304 180 1327 tus
200 1308 230 1327 es
250 1301 278 1327 in
305 1299 496 1334 iniquitatibus
527 1299 592 1325 tuis.
613 1307 622 1323 l
650 1298 703 1332 Age
724 1297 790 1332 jam,
809 1297 916 1332 respice

131 1345 212 1371 modo
236 1344 269 1371 ad
288 1343 391 1377 Deum;
413 1348 439 1371 et
468 1344 632 1370 voluntatem
648 1343 706 1376 eius
729 1343 913 1375 considerans,

131 1390 160 1417 in
185 1393 313 1423 quautam
339 1389 445 1417 veneris
473 1389 508 1416 ob
527 1389 625 1415 delicta
656 1393 702 1415 tua
730 1388 914 1415 inﬁrmitatem

131 1441 267 1469 cognosce
284 1442 291 1460 :
319 1438 346 1461 et
361 1442 422 1461 cum
438 1435 576 1469 insperato
590 1433 803 1461 incumbentium
826 1433 914 1460 malo-

927 831 950 859 Β

964 214 1084 249 σπουδῆς
1100 215 1211 248 ἀφανιεῖ
1223 214 1363 248 καθάπαξ·
1376 214 1443 250 πρὸς
1453 214 1507 250 γάρ
1520 213 1560 245 τὸ,
1570 224 1579 239 ι
1592 213 1647 239 Ποῦ
1659 214 1676 248 ἡ
1687 213 1748 248 δίκη

963 266 1021 290 σου,
1042 259 1152 291 (lava-cs;
1167 259 1218 286 ποῦ
1239 259 1269 285 τὸ
1294 260 1405 295 κέντρον
1423 267 1481 291 σου,
1496 259 1582 294 ᾅδης»
1608 258 1724 293 ἐπῆκται
1740 265 1747 272 °

965 313 974 329 ι
989 304 1060 330 Διότι
1083 301 1160 336 οὗτος
1184 304 1236 331 ἀνά
1259 305 1340 340 μέσον
1359 304 1481 339 ἀδελφῶν
1502 304 1650 335 διαστελεί,
1670 312 1680 329 ι
1702 303 1750 329 κα)⁵

962 349 996 376 τὰ
1011 349 1073 384 ἑξῆς
1084 358 1090 364 ⁸
1109 349 1179 376 ὥστε
1194 348 1263 376 εἷναι
1279 350 1323 376 διὰ
1338 350 1431 385 μέσου,
1446 350 1476 376 τὸ
1496 359 1505 375 ι
1521 349 1695 384 Παράκλησις
1707 348 1750 374 κέ-

962 402 1082 429 κρυπται
1106 394 1160 420 ἀπὸ
1180 394 1325 429 ὀφθαλμῶν
1350 402 1407 425 σου,
1422 404 1431 420 ι
1449 394 1601 430 δηλοῦντος,
1614 393 1655 420 ὃτι
1669 393 1750 427 γενή-

963 448 1038 466 σεται
1050 439 1128 466 τοῦτο
1141 440 1155 465 ὃ
1168 440 1215 466 νῦν
1237 441 1330 471 αὐτοῖς
1343 440 1438 475 ἄδηλόν
1450 441 1508 467 ἐστι
1522 440 1600 470 τέως.
1620 436 1686 465 Εἶτα
1699 439 1749 474 τὴν

963 485 1008 511 ἐπὶ
1018 485 1049 511 τὸ
1062 486 1184 520 κρεῖττον
1194 485 1283 511 αὐτῶν
1298 485 1449 521 μεταὸολὴν
1462 485 1591 521 εἰρηκὼς,
1610 484 1684 519 λέγει
1694 483 1749 511 πά-

963 530 1003 557 λιν
1017 530 1065 566 τὴν
1078 530 1125 557 νῦν
1142 530 1308 563 καθέξουσαν
1321 531 1419 562 αὐτοὺς
1432 531 1578 566 τιμωρίαν.

1282 575 1360 602 ΚΕΦ.
1384 575 1432 602 1Δ’.

998 621 1070 656 Στίχ.
1085 620 1161 655 α’-γ’.
1173 636 1204 640 —-
1215 630 1224 645 ι
1237 619 1464 654 ’Δφανισθήσεται
1474 619 1625 654 Σαμάρεια,
1633 620 1675 646 ὅτι
1687 620 1751 647 ἀντ-

964 666 1029 701 έστη
1051 666 1119 701 πρὸς
1142 666 1186 692 τὸν
1199 666 1266 692 Θεὸν
1286 666 1385 700 αὐτῆς·
1407 666 1436 691 ἐν
1458 665 1580 700 ῥομφαίᾳ
1593 664 1749 697 πεσοῦνται,

964 713 1010 738 καὶ
1029 712 1062 738 τὰ
1086 712 1227 738 ὑποτίτθια
1249 712 1338 738 αὐτῶν
1357 711 1591 747 ἐδαφισθήσονται,
1616 711 1663 738 καὶ
1677 713 1704 738 αι
1719 712 1750 738 ἐν

963 758 1062 793 γαστρὶ
1077 757 1165 784 αὐτῶν
1189 757 1297 792 ἔχουσαι
1321 757 1557 793 διαρῤαγήσονται.
1573 766 1582 783 ι
1609 757 1675 783 Τότε
1699 756 1750 792 μὲν

964 801 1020 834 οὖν,
1034 803 1127 838 φησὶν,
1148 803 1240 829 ἐκεῖνα
1259 802 1373 838 παρέξει
1390 802 1465 837 παρά
1481 804 1571 829 πᾶσαν
1584 803 1680 829 ἐλπίδα
1693 804 1751 835 τοῖς

963 849 1101 883 γεγονόσιν
1115 848 1315 883 αἰχμαλώτοις·
1340 849 1392 883 πρὸ
1402 848 1431 875 δέ
1449 857 1481 883 γε
1504 849 1614 875 ἐκείνων
1632 849 1752 884 καταλήη

961 894 1041 928 ψεται
1049 893 1096 921 νῦν
1110 894 1207 925 αὐτοὺς
1218 893 1340 920 ἀπώλεια
1352 893 1501 930 βαρυτάτη,
1513 894 1582 929 ὑπὲρ
1596 891 1633 920 ὦν
1643 895 1752 921 ἐναντία

963 940 1064 966 εἴλοντο
1088 939 1127 974 τῷ
1144 939 1217 975 Θεῷ·
1249 939 1368 975 πολέμου
1391 939 1446 974 γὰρ
1468 940 1497 977 ἐν
1515 939 1598 975 πείρᾳ
1616 940 1753 975 καταστή-

962 993 1053 1011 σονται
1067 985 1241 1019 πικροτάτου,
1254 984 1292 1016 ὼς
1307 985 1377 1019 μήτε
1393 984 1446 1011 τῶν
1461 984 1502 1011 ἔτι
1516 984 1752 1020 γαλακτοτροφου-

964 1030 1052 1066 μένων
1065 1030 1179 1057 παιδίων
1193 1030 1266 1056 ἔλεον
1286 1028 1356 1057 εἶναι
1371 1030 1520 1065 πολεμίοις,
1543 1030 1611 1065 μήτε
1631 1030 1685 1066 μὴν
1698 1029 1751 1057 τῶν

965 1075 1102 1110 γυναικῶν
1109 1076 1163 1102 τῶν
1173 1076 1279 1110 ἐγκύων
1286 1084 1292 1090 ’
1303 1076 1349 1103 καὶ
1358 1076 1505 1111 ἐπειδήπερ
1513 1076 1610 1108 αὐτοὺς
1616 1077 1648 1111 τῇ
1658 1076 1751 1112 μνήμῃ

968 1122 1024 1148 τῶν
1040 1122 1269 1157 καταληψομένων
1288 1122 1386 1153 αὐτοὺς
1401 1122 1494 1148 κακῶν
1509 1122 1687 1157 ἐσωφρόνισεν
1702 1121 1751 1148 αὺ-

963 1167 1082 1202 τάρκως,
1097 1166 1251 1193 ἀκολουθῶν
1264 1167 1298 1201 τῇ
1314 1166 1465 1202 ἐπαγγελίᾳ
1481 1167 1514 1202 ἢν
1533 1167 1562 1193 ἐν
1578 1168 1633 1198 τοῖς
1651 1167 1753 1193 ἀνωτέο

966 1220 1023 1246 ροις
1041 1212 1199 1247 ἐποιήσατο,
1220 1211 1259 1247 (p.
1275 1212 1337 1246 l00)
1359 1212 1410 1247 τὴν
1425 1211 1557 1247 ἐσομένην
1571 1212 1662 1243 αὐτοῖς
1676 1211 1753 1238 λύσιν

964 1256 1152 1293 τῶνλυπηρῶν
1160 1256 1391 1291 μηνύων,ἐπάγει”
1398 1265 1407 1281 ι
1418 1255 1626 1291 Ἐπιστράφηθι,
1634 1255 1752 1291 Ἰσραὴλ,

966 1301 1033 1336 πρὸς
1052 1301 1154 1337 Κύριον
1167 1302 1211 1329 τὸν
1231 1301 1298 1328 Θεόν
1321 1309 1379 1333 σου,
1396 1301 1462 1328 διότι
1479 1301 1631 1336 ὴσθένησας
1650 1301 1678 1327 ἐν
1692 1302 1752 1332 ταῖς

964 1345 1081 1376 ἀδικίαις
1096 1353 1154 1372 σου.
1173 1354 1183 1371 ι
1212 1344 1294 1371 Ἀλλά
1315 1344 1371 1380 γὰρ
1393 1344 1440 1371 νῦν
1461 1344 1493 1379 δὴ
1510 1343 1604 1370 νεῦσον
1618 1343 1685 1379 πρὸς
1708 1343 1753 1369 τὸν

965 1391 1042 1424 Θεὸν,
1068 1391 1116 1418 καὶ
1130 1390 1166 1417 τά
1189 1389 1262 1426 αὐτῷ
1278 1389 1408 1416 δοκοῦντα
1422 1390 1662 1424 ἀναλογισάμενος,
1682 1389 1754 1423 ὑπὲρ

966 1433 1004 1463 ὧν
1017 1436 1139 1472 ὴσέὸεις,
1150 1437 1189 1468 εἰς
1204 1437 1270 1471 ὅσην
1284 1435 1453 1471 κατηνέχθης
1465 1435 1607 1462 ἀσθένειαν
1620 1444 1627 1451 ·
1646 1435 1693 1461 καὶ
1706 1434 1754 1460 λα-

132 1487 192 1507 rum
216 1479 377 1507 solutionem
399 1480 438 1507 sis
460 1483 566 1511 nactus,
585 1479 619 1506 da
630 1487 739 1514 operam
772 1485 801 1506 ut
816 1479 914 1507 debitis

968 1482 1021 1509 6th
1038 1484 1102 1518 παρ’
1117 1482 1211 1509 ἐλπίδα
1237 1482 1291 1508 τῶν
1317 1482 1572 1517 ’προσπεπτωκότων
1596 1481 1687 1508 κακῶν
1704 1479 1755 1515 τὴν

131 1526 226 1554 otliciis
245 1526 274 1553 in
302 1529 440 1560 posterum
459 1525 626 1560 del'ungaris.
644 1535 652 1551 ι
667 1525 764 1552 Tollite
774 1524 914 1552 vobiscum

132 1572 226 1605 verba,
241 1574 268 1599 et
282 1571 471 1598 convertimini
481 1570 514 1597 ad
530 1570 674 1597 Dominum
685 1570 769 1597 Deum
781 1573 913 1598 vestrum.

132 1616 218 1644 Dicite
231 1617 257 1643 ei
276 1625 283 1643 :
304 1615 385 1644 Potes
410 1623 491 1643 omne
519 1616 626 1643 auferre
651 1619 812 1650 peccatum;
828 1620 856 1642 ut
878 1615 916 1642 ita

133 1669 188 1688 non
208 1661 355 1689 assumatis
377 1661 559 1696 iniquitatem,
584 1660 632 1688 sed
655 1661 771 1695 capiatis
800 1660 879 1688 bona.
903 1671 914 1687 ι

134 1707 189 1734 llos
199 1706 399 1742 quodammodo
413 1713 553 1733 sermones
567 1705 638 1733 inter
656 1713 703 1732 vos
718 1709 812 1733 inutuo
822 1706 916 1738 serite,

133 1751 233 1786 quibus
250 1758 345 1778 omnes
363 1758 410 1785 per
423 1750 513 1777 omnia
528 1749 563 1776 all
583 1749 666 1777 Deum
677 1749 810 1782 tendatis;
825 1754 917 1777 certa-

133 1804 187 1833 que
200 1797 252 1824 ﬁde
261 1796 380 1824 credatis
396 1803 476 1830 posse
489 1795 573 1823 Deum
589 1799 680 1823 vestra
698 1796 789 1822 omnia
803 1800 917 1830 peccata

134 1843 234 1875 delere,
262 1842 285 1870 si
309 1845 383 1869 certe
403 1849 451 1870 vos
472 1842 635 1876 pceuitentes
650 1841 677 1868 in
695 1841 918 1876 contingentibus

134 1889 233 1916 viderit
260 1888 483 1916 calamitatibus:
504 1892 586 1922 atque
609 1889 664 1922 jam
684 1888 757 1914 omni
781 1888 919 1922 impietate

133 1934 235 1961 omissa
245 1953 253 1966 ,
269 1933 378 1960 uberem
393 1933 573 1968 impetrabilis
589 1932 721 1959 bonorum
738 1939 754 1959 a
767 1932 822 1960 Deo
838 1932 919 1967 largi-

134 1980 246 2007 tionem.
271 1979 412 2014 Simulque
424 1979 540 2006 invicem
557 1978 750 2010 cxhortemini,
767 1978 801 2006 ad
822 1986 920 2013 perpe-

134 2030 197 2053 tuos
212 2025 250 2052 illi
272 2025 387 2060 hymnos
407 2029 435 2052 et
447 2025 596 2060 gratiarum
619 2025 741 2052 actiones
759 2024 794 2052 ob
809 2032 841 2052 ea
858 2031 919 2059 quae

135 2070 280 2105 possidetis
293 2071 375 2103 bona,
390 2070 568 2098 attollendos.

168 2194 253 2222 Vsus.
269 2194 327 2222 4-8.
339 2209 373 2217 --
389 2203 399 2220 ι
427 2196 514 2222 Assur
533 2201 585 2221 non
607 2194 721 2221 salvabit
747 2203 814 2229 nos;
836 2203 919 2230 super

135 2248 221 2276 equos
229 2249 283 2268 non
291 2240 486 2273 ascendemus;
503 2239 574 2266 baud
585 2240 655 2266 ultra
664 2240 786 2268 dicemus
802 2241 918 2275 opiﬁciis

139 2286 263 2315 nostris:
280 2285 322 2313 Dii
335 2285 422 2313 nostri
438 2285 515 2313 estis.
539 2294 548 2311 ι
562 2283 621 2312 Non
637 2285 709 2313 enim
721 2286 825 2320 Assyrii
841 2286 918 2314 dein-

136 2341 202 2368 ceps
230 2331 412 2368 indigebimus
429 2330 542 2363 auxilio,
572 2330 635 2358 lacti
648 2330 704 2365 jam
720 2331 745 2358 ei
762 2331 917 2365 superiores

135 2379 171 2407 ob
193 2378 316 2406 divinum
343 2376 535 2411 patrocinium.
551 2375 643 2411 Neque
653 2376 731 2411 equis
752 2380 858 2404 utentes
885 2376 920 2404 ad

136 2424 227 2459 fugam
250 2422 451 2458 spectabimus;
467 2422 544 2450 adest
569 2422 642 2450 enim
662 2422 809 2450 auxiliator
838 2422 920 2450 Deus.

136 2469 206 2497 Tum
222 2469 296 2496 etab
311 2468 358 2495 illo
382 2475 475 2495 errore
499 2468 593 2503 procul
613 2472 706 2508 pestes
731 2469 845 2501 erimus,
874 2476 923 2496 eos

136 2523 206 2550 quos
230 2514 282 2549 ipsi
310 2513 436 2546 iecimus,
456 2513 522 2541 deos
543 2513 705 2548 appellandi.
733 2523 743 2540 ι
762 2513 831 2546 Quia
851 2513 879 2541 in
895 2518 923 2543 te

137 2560 313 2589 miserebitur
324 2559 430 2594 pupilli.
448 2568 457 2584 ι
475 2558 542 2587 Date
555 2566 664 2594 operam
680 2564 710 2586 ut
725 2567 779 2586 una
799 2567 860 2587 cum
875 2560 923 2589 be-

138 2606 229 2634 nivolo
238 2606 400 2639 sinceraque
413 2612 476 2640 erga
487 2605 569 2632 Deum
577 2604 685 2638 affectu,
696 2605 832 2640 egentium
852 2614 921 2641 quo-

137 2660 192 2688 que
207 2650 401 2680 misereamini.
429 2660 439 2676 ι
458 2651 567 2678 Sanabo
592 2650 776 2678 habitatiOnes
803 2659 919 2685 eorum;

138 2698 249 2733 diligam
272 2704 320 2726 eos
333 2695 487 2728 manifeste,
503 2696 567 2731 quia
592 2703 704 2724 aversus
720 2697 775 2732 37
785 2702 827 2725 est
845 2697 921 2724 l‘uror

138 2751 216 2771 meus
230 2742 264 2770 ab
289 2743 339 2771 eis.
359 2752 370 2769 ›
384 2742 413 2769 Si
437 2743 486 2773 ita.
513 2742 611 2777 inquit.
631 2746 656 2769 te
675 2742 804 2778 gesseris.
825 2743 921 2771 audies

139 2787 224 2818 Deum
239 2789 295 2818 haec
304 2788 505 2825 promittentem
522 2794 602 2825 atque
616 2788 771 2823 facientem,
785 2793 865 2826 teque
893 2790 921 2818 in

936 2148 958 2176 Ι)

966 1528 1054 1560 λύσιν,
1077 1526 1264 1562 ἐπιμελεῖσθαι
1279 1525 1372 1552 λοιπὸν
1389 1525 1522 1558 σπούδαζε
1536 1525 1582 1552 τοῦ
1602 1525 1753 1560 προσήκον-

966 1582 1021 1606 τος.
1038 1582 1046 1597 ι
1059 1572 1217 1599 Ἀναλὰὁετε
1238 1571 1297 1606 μεθ’
1316 1570 1421 1596 ἐαυτῶν
1435 1570 1540 1604 λόγους,
1558 1570 1606 1596 καὶ
1622 1568 1753 1603 επιστ-ρὰ.

968 1626 1037 1652 φητε
1061 1617 1129 1652 πρὸς
1148 1616 1249 1651 Κύριον
1274 1616 1319 1642 τὸν
1335 1615 1402 1642 Θεὸν
1424 1615 1521 1650 ὑμῶν·
1549 1615 1643 1642 εἴπατε
1667 1613 1753 1649 αὐτῷ.

967 1664 1083 1689 Δύνασαι
1100 1664 1190 1689 πᾶσαν
1203 1663 1328 1697 ἀφαιρεῖν
1344 1662 1480 1696 ἁμαρτίαν
1491 1669 1497 1676 ·
1511 1661 1584 1692 ὅπως
1600 1660 1638 1695 μὴ
1651 1659 1753 1695 λάὸητε

969 1707 1086 1738 ἀδικίαν,
1103 1707 1150 1733 καὶ
1168 1707 1211 1733 ἵνα
1231 1706 1332 1741 λάϐητε
1347 1706 1445 1740 ἁγαθὰλ
1463 1715 1472 1731 ι
1497 1705 1633 1736 Τοιούτοις
1651 1705 1682 1740 δή
1697 1713 1752 1731 τισι

969 1753 1038 1789 πρὸς
1053 1751 1184 1786 ἀλλήλους
1197 1751 1335 1787 χρήσασθε
1350 1753 1407 1782 τοῖς
1423 1751 1521 1785 λόγοις,
1538 1750 1571 1776 δι’
1593 1747 1631 1776 ὧν
1644 1750 1752 1777 νεύσετε

970 1797 1021 1832 μὲν
1039 1797 1094 1823 ὅλοι
1109 1796 1142 1822 δι’
1159 1796 1227 1822 ὅλων
1244 1796 1311 1832 πρὸς
1329 1795 1395 1822 Θεόν
1408 1803 1415 1811 ·
1442 1795 1624 1830 ἀναμφίὸολον
1637 1795 1665 1821 δὲ
1677 1794 1752 1826 ἕξετε

969 1841 1018 1876 τὴν
1039 1841 1141 1872 πίστιν,
1158 1840 1205 1866 τοῦ
1220 1840 1310 1872 πάσας
1323 1840 1448 1876 ἀφαιρεῖν
1465 1839 1541 1874 ὑμῶν
1555 1839 1604 1870 τὰς
1618 1839 1755 1874 ἁμαρτίας

969 1886 1114 1921 αὐτάρκως
1124 1885 1196 1920 ἔχειν
1212 1885 1258 1912 τὸν
1272 1885 1348 1918 Θεὸν,
1361 1886 1439 1920 εἴπερ
1452 1882 1499 1912 οὖν
1517 1885 1588 1920 ὑμᾶς
1607 1884 1756 1920 μεταμελο-

971 1932 1069 1967 μένους
1095 1931 1142 1957 ἐπὶ
1158 1932 1213 1963 τοῖς
1231 1930 1424 1965 συμϐαίνουσιν
1449 1930 1496 1957 ἴδοι
1523 1932 1632 1962 κακοῖς·
1669 1930 1706 1961 ὡς
1721 1929 1756 1956 ἀν

972 1977 1070 2012 μηκέτι
1085 1976 1153 2011 πρὸς
1175 1975 1300 2002 ἀσέϐειαν
1320 1974 1453 2006 νεύοντες,
1470 1974 1584 2008 ἄφθονον
1600 1973 1685 2008 ἔχοιτε
1701 1973 1756 2000 τῶν

970 2022 1081 2058 ἀγαθῶν
1097 2021 1173 2057 παρὰ
1190 2021 1257 2048 Θεοῦ
1273 2020 1322 2056 τὴν
1336 2019 1483 2055 χορηγίανο
1501 2019 1547 2046 καὶ
1568 2018 1756 2054 πρπρέῷασθε

971 2069 1071 2100 πάντες
1087 2067 1214 2103 ἀλλήλους
1230 2066 1360 2102 διηνεκεῖς
1375 2065 1449 2100 αὐτῷ
1461 2065 1523 2096 τοὺς
1538 2065 1638 2099 ὕμνους
1650 2063 1756 2095 καὶτὰς

971 2112 1144 2148 εὐχαριστίας
1163 2112 1231 2147 ὑπὲρ
1252 2110 1306 2137 τῶν
1324 2109 1502 2145 ὑπαρξάντων
1528 2109 1591 2144 ὑμῖν
1611 2107 1756 2134 ἁποδ.ῦναι

971 2159 1071 2186 καλῶν.

1008 2203 1083 2238 Στίχ.
1099 2202 1172 2237 δ’-η’.
1188 2217 1224 2222 -
1246 2212 1255 2227 σ
1270 2201 1385 2236 Ἀσσοὺρ
1403 2201 1434 2227 οὐ
1456 2200 1493 2236 μὴ
1517 2200 1592 2236 σώσῃ
1609 2200 1693 2235 ἡμᾶς,
1715 2199 1758 2233 ἔρρ’

971 2249 1064 2276 ἵππων
1078 2249 1127 2275 οὐκ
1140 2245 1342 2282 ἀναϐησόμεθα,
1356 2245 1446 2272 οὐκέτι
1462 2247 1493 2272 οὺ
1508 2246 1545 2281 μὴ
1562 2246 1686 2280 εἴπομεν,
1695 2245 1757 2271 Θεοὶ

973 2294 1063 2330 ήμῶν,
1073 2293 1127 2326 τοῖς
1137 2293 1227 2329 ἔργοις
1238 2291 1291 2318 τῶν
1310 2291 1409 2326 χειρῶν
1428 2291 1515 2327 ἡμῶν.
1529 2300 1539 2317 ι
1561 2291 1629 2319 οὒτε
1644 2291 1698 2326 γὰρ
1708 2291 1758 2326 τῆς

972 2339 1020 2366 τοῦ
1038 2339 1179 2373 ’Λσσυρίου
1196 2337 1287 2365 λοιπὸν
1309 2337 1461 2373 δεησόμεθα
1477 2337 1613 2373 βοηθείας,
1627 2337 1758 2372 ἀνώτεροι

971 2384 1141 2415 καθεστῶτες
1161 2383 1244 2410 αὐτοῦ
1267 2383 1311 2410 διὰ
1333 2384 1382 2419 τὴν
1405 2383 1481 2411 θείαν
1497 2383 1675 2419 κηδεμονίαν·
1695 2381 1758 2409 οὒτε

972 2430 1066 2461 ἵπποις
1086 2429 1253 2464 χρησάμενοι
1268 2429 1400 2464 νεύσομεν
1427 2428 1494 2464 πρὸς
1515 2430 1603 2463 φυγήν
1615 2436 1622 2443 ·
1640 2427 1758 2462 πάρεστι

971 2476 1025 2511 γὰρ
1048 2476 1062 2503 ό
1077 2474 1181 2510 βοηθῶν
1194 2474 1276 2506 Θεός·
1300 2474 1442 2511 πόρρωθεν
1466 2474 1495 2501 δὲ
1510 2473 1627 2508 ἐσόμεθα
1651 2473 1759 2508 καὶτῆς

971 2522 1075 2556 πλάνης
1100 2521 1207 2555 ἐκείνης
1227 2520 1331 2553 λοιπὸν,
1359 2519 1430 2547 ὥστε
1447 2520 1484 2546 τὰ
1502 2519 1566 2554 παρ’
1587 2518 1666 2553 ἡμῶν
1683 2518 1757 2551 γινό-

975 2575 1043 2602 μενα
1059 2566 1135 2598 θεοὺς
1156 2566 1308 2601 ὀνομάζειν.
1338 2574 1348 2592 ι
1364 2566 1425 2593 Ὅτι
1444 2567 1473 2592 ἐν
1488 2565 1529 2591 σοὶ
1551 2564 1658 2600 ἐλεήσει
1673 2564 1759 2600 ὀρφα-

973 2612 1028 2639 νόν.
1042 2622 1052 2638 ι
1079 2603 1265 2647 Ἐπιμελέἶσθε
1287 2611 1316 2638 δὲ
1332 2611 1401 2648 μετά
1414 2612 1464 2647 τῆς
1482 2611 1521 2642 είς
1534 2610 1602 2637 Θεὸν
1620 2610 1757 2644 εὐγνωμο-

974 2657 1072 2693 σύνης,
1099 2658 1146 2684 καὶ
1173 2657 1222 2689 τῆς
1251 2658 1291 2690 είς
1320 2658 1382 2689 τοὺς
1406 2656 1549 2692 δεομένους
1576 2655 1757 2692 συμπαθείας.

976 2711 985 2727 ι
1006 2701 1127 2735 ’ἰάσομαι
1155 2701 1205 2733 τὰς
1226 2701 1365 2732 κατοικίας
1387 2701 1488 2733 αὐτῶν,
1511 2702 1647 2737 ἀγαπήσω
1661 2701 1759 2732 αὐτοὺς

971 2746 1120 2780 ὁμολόγως,
1140 2747 1181 2774 ὅτι
1204 2747 1374 2782 ἀπέστρεψεν
1388 2748 1404 2782 ὴ
1419 2748 1486 2782 ὀργή
1502 2755 1552 2782 μου
1569 2747 1619 2774 ἀπ’
1634 2746 1732 2773 αὐτῶν.
1745 2755 1755 2771 ι

975 2792 1006 2819 Εἰ
1020 2792 1074 2828 γὰρ
1099 2792 1131 2828 δὴ
1152 2793 1273 2827 τοιαῦτα,
1287 2793 1365 2828 φησὶ,
1381 2794 1478 2828 ποιεῖς,
1501 2793 1605 2830 ἀκούσῃ
1627 2792 1673 2820 τοῦ
1689 2791 1759 2819 Θεοῦ
