  <div class='ocr_page' id='page_1' title='image "/cluster/home/n/w/nwhite01/storage/ocr_20150623/66/njp.32101077772695/120.png"; bbox 0 0 1973 3066; ppageno 0'>
   <div class='ocr_carea' id='block_1_1' title="bbox 222 199 278 228">
    <p class='ocr_par' dir='ltr' id='par_1_1' title="bbox 222 199 278 228">
     <span class='ocr_line' id='line_1_1' title="bbox 222 199 278 228; baseline 0.036 -2"><span class='ocrx_word' id='word_1_1' title='bbox 222 199 278 228; x_wconf 65' lang='grc'><strong>909</strong></span> 
     </span>
    </p>
   </div>
   <div class='ocr_carea' id='block_1_2' title="bbox 719 190 1373 223">
    <p class='ocr_par' dir='ltr' id='par_1_2' title="bbox 719 190 1373 223">
     <span class='ocr_line' id='line_1_2' title="bbox 719 190 1373 223; baseline -0.005 -3"><span class='ocrx_word' id='word_1_2' title='bbox 719 190 995 220; x_wconf 68' lang='lat' dir='ltr'><strong>COMMENTARIUS</strong></span> <span class='ocrx_word' id='word_1_3' title='bbox 1014 190 1048 218; x_wconf 84' lang='lat' dir='ltr'><strong>IN</strong></span> <span class='ocrx_word' id='word_1_4' title='bbox 1067 190 1168 219; x_wconf 66' lang='lat' dir='ltr'><strong>OSEA&#39;I</strong></span> <span class='ocrx_word' id='word_1_5' title='bbox 1185 191 1261 219; x_wconf 78' lang='lat' dir='ltr'><strong>CAP.</strong></span> <span class='ocrx_word' id='word_1_6' title='bbox 1273 190 1341 218; x_wconf 72' lang='lat' dir='ltr'><strong>XIV.</strong></span> <span class='ocrx_word' id='word_1_7' title='bbox 1367 217 1373 223; x_wconf 75' lang='grc'><strong>,</strong></span> 
     </span>
    </p>
   </div>
   <div class='ocr_carea' id='block_1_3' title="bbox 1794 190 1849 219">
    <p class='ocr_par' dir='ltr' id='par_1_3' title="bbox 1794 190 1849 219">
     <span class='ocr_line' id='line_1_3' title="bbox 1794 190 1849 219; baseline 0.036 -2"><span class='ocrx_word' id='word_1_8' title='bbox 1794 190 1849 219; x_wconf 74' lang='grc'><strong>210</strong></span> 
     </span>
    </p>
   </div>
   <div class='ocr_carea' id='block_1_4' title="bbox 223 251 1013 296">
    <p class='ocr_par' dir='ltr' id='par_1_4' title="bbox 223 251 1012 290">
     <span class='ocr_line' id='line_1_4' title="bbox 223 251 1012 290; baseline -0.008 -6"><span class='ocrx_word' id='word_1_9' title='bbox 223 256 311 285; x_wconf 75' lang='grc' dir='ltr'>ταῦτα</span> <span class='ocrx_word' id='word_1_10' title='bbox 335 253 571 290; x_wconf 78' lang='grc' dir='ltr'><strong>ἐπαγγελλομένου</strong></span> <span class='ocrx_word' id='word_1_11' title='bbox 594 261 624 280; x_wconf 89' lang='grc' dir='ltr'><strong>τε</strong></span> <span class='ocrx_word' id='word_1_12' title='bbox 642 253 706 288; x_wconf 72' lang='grc' dir='ltr'>περὶ</span> <span class='ocrx_word' id='word_1_13' title='bbox 727 252 775 279; x_wconf 80' lang='grc' dir='ltr'>σοῦ</span> <span class='ocrx_word' id='word_1_14' title='bbox 791 253 837 280; x_wconf 83' lang='grc' dir='ltr'>καὶ</span> <span class='ocrx_word' id='word_1_15' title='bbox 857 251 1012 283; x_wconf 83' lang='grc' dir='ltr'>ποιοῦντος·</span> 
     </span>
    </p>
   </div>
   <div class='ocr_carea' id='block_1_5' title="bbox 1065 251 1848 296">
    <p class='ocr_par' dir='ltr' id='par_1_5' title="bbox 1065 260 1848 296">
     <span class='ocr_line' id='line_1_5' title="bbox 1065 260 1848 296; baseline 0.003 -8"><span class='ocrx_word' id='word_1_16' title='bbox 1065 261 1206 296; x_wconf 83' lang='lat' dir='ltr'><strong>antiquum</strong></span> <span class='ocrx_word' id='word_1_17' title='bbox 1227 261 1410 289; x_wconf 84' lang='lat' dir='ltr'><strong>habitaculum</strong></span> <span class='ocrx_word' id='word_1_18' title='bbox 1423 260 1608 288; x_wconf 88' lang='lat' dir='ltr'><strong>restituentem</strong></span> <span class='ocrx_word' id='word_1_19' title='bbox 1626 268 1688 288; x_wconf 90' lang='lat' dir='ltr'><strong>enm</strong></span> <span class='ocrx_word' id='word_1_20' title='bbox 1711 264 1848 296; x_wconf 80' lang='lat' dir='ltr'><strong>potestate</strong></span> 
     </span>
    </p>
   </div>
   <div class='ocr_carea' id='block_1_6' title="bbox 224 297 1012 335">
    <p class='ocr_par' dir='ltr' id='par_1_6' title="bbox 224 297 1012 335">
     <span class='ocr_line' id='line_1_6' title="bbox 224 297 1012 335; baseline -0.009 -5"><span class='ocrx_word' id='word_1_21' title='bbox 224 304 273 330; x_wconf 84' lang='grc' dir='ltr'>καὶ</span> <span class='ocrx_word' id='word_1_22' title='bbox 285 303 325 330; x_wconf 81' lang='grc' dir='ltr'>ὅτι</span> <span class='ocrx_word' id='word_1_23' title='bbox 348 301 484 329; x_wconf 81' lang='grc' dir='ltr'>ἀποδώσει</span> <span class='ocrx_word' id='word_1_24' title='bbox 507 300 556 335; x_wconf 84' lang='grc' dir='ltr'>μέν</span> <span class='ocrx_word' id='word_1_25' title='bbox 579 308 620 326; x_wconf 89' lang='grc' dir='ltr'><strong>σοι</strong></span> <span class='ocrx_word' id='word_1_26' title='bbox 634 298 683 334; x_wconf 82' lang='grc' dir='ltr'>τὴν</span> <span class='ocrx_word' id='word_1_27' title='bbox 706 298 826 325; x_wconf 84' lang='grc' dir='ltr'>παλαιὰν</span> <span class='ocrx_word' id='word_1_28' title='bbox 840 298 947 333; x_wconf 78' lang='grc' dir='ltr'>οἴκησιν</span> <span class='ocrx_word' id='word_1_29' title='bbox 965 297 1012 324; x_wconf 78' lang='grc' dir='ltr'>ἐπὶ</span> 
     </span>
    </p>
   </div>
   <div class='ocr_carea' id='block_1_7' title="bbox 223 343 1012 383">
    <p class='ocr_par' dir='ltr' id='par_1_7' title="bbox 223 343 1012 383">
     <span class='ocr_line' id='line_1_7' title="bbox 223 343 1012 383; baseline -0.009 -7"><span class='ocrx_word' id='word_1_30' title='bbox 223 350 273 383; x_wconf 87' lang='grc' dir='ltr'>τῆς</span> <span class='ocrx_word' id='word_1_31' title='bbox 284 348 369 383; x_wconf 80' lang='grc' dir='ltr'>αὐτῆς</span> <span class='ocrx_word' id='word_1_32' title='bbox 381 347 505 380; x_wconf 81' lang='grc' dir='ltr'>ἐξουσίας</span> <span class='ocrx_word' id='word_1_33' title='bbox 516 355 523 362; x_wconf 94' lang='grc'><strong>·</strong></span> <span class='ocrx_word' id='word_1_34' title='bbox 545 346 604 381; x_wconf 77' lang='grc' dir='ltr'>ἴσην</span> <span class='ocrx_word' id='word_1_35' title='bbox 620 345 649 372; x_wconf 79' lang='grc' dir='ltr'>δὲ</span> <span class='ocrx_word' id='word_1_36' title='bbox 664 345 712 371; x_wconf 75' lang='grc' dir='ltr'>καὶ</span> <span class='ocrx_word' id='word_1_37' title='bbox 724 345 819 379; x_wconf 78' lang='grc' dir='ltr'>ὁμοίαν</span> <span class='ocrx_word' id='word_1_38' title='bbox 831 344 893 380; x_wconf 77' lang='grc' dir='ltr'>περὶ</span> <span class='ocrx_word' id='word_1_39' title='bbox 908 343 1012 374; x_wconf 83' lang='grc' dir='ltr'><strong>πάντας</strong></span> 
     </span>
    </p>
   </div>
   <div class='ocr_carea' id='block_1_8' title="bbox 225 388 1012 427">
    <p class='ocr_par' dir='ltr' id='par_1_8' title="bbox 225 388 1012 427">
     <span class='ocr_line' id='line_1_8' title="bbox 225 388 1012 427; baseline -0.008 -7"><span class='ocrx_word' id='word_1_40' title='bbox 225 393 387 425; x_wconf 75' lang='grc' dir='ltr'><strong>ἐπιδείξεται</strong></span> <span class='ocrx_word' id='word_1_41' title='bbox 404 393 454 427; x_wconf 83' lang='grc' dir='ltr'>τὴν</span> <span class='ocrx_word' id='word_1_42' title='bbox 475 391 600 426; x_wconf 73' lang='grc' dir='ltr'>ἀγάπην,</span> <span class='ocrx_word' id='word_1_43' title='bbox 625 390 674 417; x_wconf 69' lang='grc' dir='ltr'>ἅτε</span> <span class='ocrx_word' id='word_1_44' title='bbox 690 391 779 417; x_wconf 78' lang='grc' dir='ltr'>πᾶσαν</span> <span class='ocrx_word' id='word_1_45' title='bbox 796 390 880 425; x_wconf 83' lang='grc' dir='ltr'>ὀργὴν</span> <span class='ocrx_word' id='word_1_46' title='bbox 903 388 1012 423; x_wconf 86' lang='grc' dir='ltr'>ἀφελὼν</span> 
     </span>
    </p>
   </div>
   <div class='ocr_carea' id='block_1_9' title="bbox 224 433 1011 474">
    <p class='ocr_par' dir='ltr' id='par_1_9' title="bbox 224 433 1011 474">
     <span class='ocr_line' id='line_1_9' title="bbox 224 433 1011 474; baseline -0.01 -7"><span class='ocrx_word' id='word_1_47' title='bbox 224 441 273 474; x_wconf 79' lang='grc' dir='ltr'>ἀφ’</span> <span class='ocrx_word' id='word_1_48' title='bbox 289 438 374 474; x_wconf 79' lang='grc' dir='ltr'>ὑμῶν.</span> <span class='ocrx_word' id='word_1_49' title='bbox 394 447 404 463; x_wconf 76' lang='grc' dir='ltr'><strong>ι</strong></span> <span class='ocrx_word' id='word_1_50' title='bbox 418 438 535 472; x_wconf 85' lang='grc' dir='ltr'>Ἐσομαι</span> <span class='ocrx_word' id='word_1_51' title='bbox 549 437 588 468; x_wconf 86' lang='grc' dir='ltr'><strong>ὡς</strong></span> <span class='ocrx_word' id='word_1_52' title='bbox 601 437 694 472; x_wconf 81' lang='grc' dir='ltr'>δρόσος</span> <span class='ocrx_word' id='word_1_53' title='bbox 707 435 746 470; x_wconf 87' lang='grc' dir='ltr'>τῷ</span> <span class='ocrx_word' id='word_1_54' title='bbox 760 434 878 470; x_wconf 83' lang='grc' dir='ltr'>Ἰσραήλ.</span> <span class='ocrx_word' id='word_1_55' title='bbox 893 443 903 460; x_wconf 71' lang='grc' dir='ltr'><strong>ι</strong></span> <span class='ocrx_word' id='word_1_56' title='bbox 919 433 1011 465; x_wconf 75' lang='grc' dir='ltr'>Οὕτως</span> 
     </span>
    </p>
   </div>
   <div class='ocr_carea' id='block_1_10' title="bbox 224 479 1009 518">
    <p class='ocr_par' dir='ltr' id='par_1_10' title="bbox 224 479 1009 518">
     <span class='ocr_line' id='line_1_10' title="bbox 224 479 1009 518; baseline -0.006 -8"><span class='ocrx_word' id='word_1_57' title='bbox 224 484 306 511; x_wconf 79' lang='grc' dir='ltr'>αὐτὸν</span> <span class='ocrx_word' id='word_1_58' title='bbox 327 483 466 518; x_wconf 79' lang='grc' dir='ltr'>ἐκτρέφων</span> <span class='ocrx_word' id='word_1_59' title='bbox 479 484 513 518; x_wconf 85' lang='grc' dir='ltr'><strong>τῇ</strong></span> <span class='ocrx_word' id='word_1_60' title='bbox 536 481 600 517; x_wconf 84' lang='grc' dir='ltr'>παρ’</span> <span class='ocrx_word' id='word_1_61' title='bbox 620 481 687 516; x_wconf 82' lang='grc' dir='ltr'>ἐμοῦ</span> <span class='ocrx_word' id='word_1_62' title='bbox 705 480 861 516; x_wconf 79' lang='grc' dir='ltr'><strong>κηδεμονίᾳ,</strong></span> <span class='ocrx_word' id='word_1_63' title='bbox 887 479 1009 514; x_wconf 81' lang='grc' dir='ltr'>ὥσπερὴ</span> 
     </span>
    </p>
   </div>
   <div class='ocr_carea' id='block_1_11' title="bbox 225 525 1012 565">
    <p class='ocr_par' dir='ltr' id='par_1_11' title="bbox 225 525 1012 565">
     <span class='ocr_line' id='line_1_11' title="bbox 225 525 1012 565; baseline -0.009 -8"><span class='ocrx_word' id='word_1_64' title='bbox 225 530 322 565; x_wconf 75' lang='grc' dir='ltr'>δρόσος</span> <span class='ocrx_word' id='word_1_65' title='bbox 333 529 477 564; x_wconf 74' lang='grc' dir='ltr'><strong>ἐκτρέφειν</strong></span> <span class='ocrx_word' id='word_1_66' title='bbox 491 527 569 554; x_wconf 73' lang='grc' dir='ltr'>εἴωθε</span> <span class='ocrx_word' id='word_1_67' title='bbox 579 527 642 559; x_wconf 82' lang='grc' dir='ltr'>τοὺς</span> <span class='ocrx_word' id='word_1_68' title='bbox 659 526 791 562; x_wconf 81' lang='grc' dir='ltr'>καρπούς.</span> <span class='ocrx_word' id='word_1_69' title='bbox 815 535 824 552; x_wconf 75' lang='grc' dir='ltr'><strong>ι</strong></span> <span class='ocrx_word' id='word_1_70' title='bbox 836 525 960 560; x_wconf 81' lang='grc' dir='ltr'>’Δνθὴσει</span> <span class='ocrx_word' id='word_1_71' title='bbox 973 525 1012 556; x_wconf 81' lang='grc' dir='ltr'>ὡς</span> 
     </span>
    </p>
   </div>
   <div class='ocr_carea' id='block_1_12' title="bbox 225 569 1012 608">
    <p class='ocr_par' dir='ltr' id='par_1_12' title="bbox 225 569 1012 608">
     <span class='ocr_line' id='line_1_12' title="bbox 225 569 1012 608; baseline -0.005 -8"><span class='ocrx_word' id='word_1_72' title='bbox 225 575 328 608; x_wconf 83' lang='grc' dir='ltr'>κρῖνον.</span> <span class='ocrx_word' id='word_1_73' title='bbox 342 582 352 599; x_wconf 74' lang='grc' dir='ltr'><strong>ι</strong></span> <span class='ocrx_word' id='word_1_74' title='bbox 380 572 516 604; x_wconf 81' lang='grc' dir='ltr'>Ἐπίδοξος</span> <span class='ocrx_word' id='word_1_75' title='bbox 538 571 615 598; x_wconf 77' lang='grc' dir='ltr'>ἐσται</span> <span class='ocrx_word' id='word_1_76' title='bbox 635 571 711 606; x_wconf 80' lang='grc' dir='ltr'>παρὰ</span> <span class='ocrx_word' id='word_1_77' title='bbox 734 571 812 597; x_wconf 85' lang='grc' dir='ltr'>πᾶσι.</span> <span class='ocrx_word' id='word_1_78' title='bbox 842 579 852 596; x_wconf 75' lang='grc' dir='ltr'><strong>ι</strong></span> <span class='ocrx_word' id='word_1_79' title='bbox 867 570 921 596; x_wconf 79' lang='grc' dir='ltr'>Καὶ</span> <span class='ocrx_word' id='word_1_80' title='bbox 936 569 1012 605; x_wconf 81' lang='grc' dir='ltr'>βαλεῖ</span> 
     </span>
    </p>
   </div>
   <div class='ocr_carea' id='block_1_13' title="bbox 225 617 1011 653">
    <p class='ocr_par' dir='ltr' id='par_1_13' title="bbox 225 617 1011 653">
     <span class='ocr_line' id='line_1_13' title="bbox 225 617 1011 653; baseline -0.003 -8"><span class='ocrx_word' id='word_1_81' title='bbox 225 619 275 650; x_wconf 77' lang='grc' dir='ltr'><strong>τὰς</strong></span> <span class='ocrx_word' id='word_1_82' title='bbox 297 618 373 653; x_wconf 77' lang='grc' dir='ltr'>ῥίζας</span> <span class='ocrx_word' id='word_1_83' title='bbox 397 617 480 644; x_wconf 78' lang='grc' dir='ltr'>αὑτοῦ</span> <span class='ocrx_word' id='word_1_84' title='bbox 498 617 536 648; x_wconf 87' lang='grc' dir='ltr'>ὡς</span> <span class='ocrx_word' id='word_1_85' title='bbox 551 618 565 643; x_wconf 89' lang='grc' dir='ltr'><strong>ό</strong></span> <span class='ocrx_word' id='word_1_86' title='bbox 581 617 705 649; x_wconf 80' lang='grc' dir='ltr'>Λίῦανος.</span> <span class='ocrx_word' id='word_1_87' title='bbox 718 626 728 642; x_wconf 81' lang='grc' dir='ltr'><strong><em>ι</em></strong></span> <span class='ocrx_word' id='word_1_88' title='bbox 761 617 807 648; x_wconf 70' lang='lat' dir='ltr'><strong>EE;</strong></span> <span class='ocrx_word' id='word_1_89' title='bbox 829 617 1011 652; x_wconf 80' lang='grc' dir='ltr'>πολυπληθίαν</span> 
     </span>
    </p>
   </div>
   <div class='ocr_carea' id='block_1_14' title="bbox 227 663 1012 698">
    <p class='ocr_par' dir='ltr' id='par_1_14' title="bbox 227 663 1012 698">
     <span class='ocr_line' id='line_1_14' title="bbox 227 663 1012 698; baseline -0.001 -8"><span class='ocrx_word' id='word_1_90' title='bbox 227 663 363 696; x_wconf 77' lang='grc' dir='ltr'>ἐπιδώσει,</span> <span class='ocrx_word' id='word_1_91' title='bbox 377 663 453 698; x_wconf 88' lang='grc' dir='ltr'>δίκην</span> <span class='ocrx_word' id='word_1_92' title='bbox 469 663 574 689; x_wconf 85' lang='grc' dir='ltr'>ἐκείνου</span> <span class='ocrx_word' id='word_1_93' title='bbox 592 664 654 694; x_wconf 87' lang='grc' dir='ltr'>ταῖς</span> <span class='ocrx_word' id='word_1_94' title='bbox 669 663 774 698; x_wconf 83' lang='grc' dir='ltr'>κέδροις</span> <span class='ocrx_word' id='word_1_95' title='bbox 797 663 1012 698; x_wconf 83' lang='grc' dir='ltr'>στενοχωρουμέ-</span> 
     </span>
    </p>
   </div>
   <div class='ocr_carea' id='block_1_15' title="bbox 225 708 1012 744">
    <p class='ocr_par' dir='ltr' id='par_1_15' title="bbox 225 708 1012 744">
     <span class='ocr_line' id='line_1_15' title="bbox 225 708 1012 744; baseline -0.001 -9"><span class='ocrx_word' id='word_1_96' title='bbox 225 717 284 736; x_wconf 82' lang='grc' dir='ltr'>νου.</span> <span class='ocrx_word' id='word_1_97' title='bbox 298 718 307 734; x_wconf 79' lang='grc' dir='ltr'><strong>ι</strong></span> <span class='ocrx_word' id='word_1_98' title='bbox 318 708 497 744; x_wconf 78' lang='grc' dir='ltr'>Πορεὺσονται</span> <span class='ocrx_word' id='word_1_99' title='bbox 511 709 536 734; x_wconf 82' lang='grc' dir='ltr'>οἱ</span> <span class='ocrx_word' id='word_1_100' title='bbox 552 708 643 735; x_wconf 83' lang='grc' dir='ltr'>κλάδοι</span> <span class='ocrx_word' id='word_1_101' title='bbox 660 708 753 735; x_wconf 80' lang='grc' dir='ltr'>αὑτοῦ.</span> <span class='ocrx_word' id='word_1_102' title='bbox 765 709 822 742; x_wconf 75' lang='grc' dir='ltr'>ιίρ.</span> <span class='ocrx_word' id='word_1_103' title='bbox 840 708 900 743; x_wconf 72' lang='lat' dir='ltr'><strong>Illi)</strong></span> <span class='ocrx_word' id='word_1_104' title='bbox 918 708 1012 734; x_wconf 86' lang='grc' dir='ltr'>Ἐκτα-</span> 
     </span>
    </p>
   </div>
   <div class='ocr_carea' id='block_1_16' title="bbox 226 753 1012 789">
    <p class='ocr_par' dir='ltr' id='par_1_16' title="bbox 226 753 1012 789">
     <span class='ocr_line' id='line_1_16' title="bbox 226 753 1012 789; baseline -0.001 -9"><span class='ocrx_word' id='word_1_105' title='bbox 226 753 353 789; x_wconf 81' lang='grc' dir='ltr'>θήσονται</span> <span class='ocrx_word' id='word_1_106' title='bbox 365 754 412 780; x_wconf 76' lang='grc' dir='ltr'>ἐπὶ</span> <span class='ocrx_word' id='word_1_107' title='bbox 426 753 550 780; x_wconf 80' lang='grc' dir='ltr'>πλεῖστον</span> <span class='ocrx_word' id='word_1_108' title='bbox 564 753 717 789; x_wconf 77' lang='grc' dir='ltr'><strong>εὐπραγίας</strong></span> <span class='ocrx_word' id='word_1_109' title='bbox 730 754 755 779; x_wconf 83' lang='grc' dir='ltr'>οἱ</span> <span class='ocrx_word' id='word_1_110' title='bbox 772 753 802 786; x_wconf 84' lang='grc' dir='ltr'>ἐξ</span> <span class='ocrx_word' id='word_1_111' title='bbox 816 753 908 780; x_wconf 76' lang='grc' dir='ltr'>αὑτοῦ.</span> <span class='ocrx_word' id='word_1_112' title='bbox 936 763 945 779; x_wconf 77' lang='grc' dir='ltr'><strong>ι</strong></span> <span class='ocrx_word' id='word_1_113' title='bbox 958 754 1012 780; x_wconf 72' lang='grc' dir='ltr'><strong>Καὶ</strong></span> 
     </span>
    </p>
   </div>
   <div class='ocr_carea' id='block_1_17' title="bbox 225 798 1011 834">
    <p class='ocr_par' dir='ltr' id='par_1_17' title="bbox 225 798 1011 834">
     <span class='ocr_line' id='line_1_17' title="bbox 225 798 1011 834; baseline 0.003 -10"><span class='ocrx_word' id='word_1_114' title='bbox 225 798 302 824; x_wconf 74' lang='grc' dir='ltr'>ἔσται</span> <span class='ocrx_word' id='word_1_115' title='bbox 316 799 354 830; x_wconf 84' lang='grc' dir='ltr'>ὡς</span> <span class='ocrx_word' id='word_1_116' title='bbox 376 799 453 825; x_wconf 77' lang='grc' dir='ltr'>ἐλαία</span> <span class='ocrx_word' id='word_1_117' title='bbox 466 799 652 833; x_wconf 81' lang='grc' dir='ltr'>κατάκαρπος,</span> <span class='ocrx_word' id='word_1_118' title='bbox 673 799 720 825; x_wconf 79' lang='grc' dir='ltr'>καὶ</span> <span class='ocrx_word' id='word_1_119' title='bbox 742 799 909 834; x_wconf 77' lang='grc' dir='ltr'>ὴδσφρασία</span> <span class='ocrx_word' id='word_1_120' title='bbox 929 799 1011 826; x_wconf 82' lang='grc' dir='ltr'>αὑτοῦ</span> 
     </span>
    </p>
   </div>
   <div class='ocr_carea' id='block_1_18' title="bbox 224 844 1013 881">
    <p class='ocr_par' dir='ltr' id='par_1_18' title="bbox 224 844 1013 881">
     <span class='ocr_line' id='line_1_18' title="bbox 224 844 1013 881; baseline 0.003 -11"><span class='ocrx_word' id='word_1_121' title='bbox 224 844 263 875; x_wconf 79' lang='grc' dir='ltr'>ὡς</span> <span class='ocrx_word' id='word_1_122' title='bbox 283 845 404 871; x_wconf 77' lang='grc' dir='ltr'>λιὸάνου.</span> <span class='ocrx_word' id='word_1_123' title='bbox 419 854 428 870; x_wconf 72' lang='grc' dir='ltr'><strong><em>ι</em></strong></span> <span class='ocrx_word' id='word_1_124' title='bbox 454 845 540 877; x_wconf 84' lang='grc' dir='ltr'>Αὐτός</span> <span class='ocrx_word' id='word_1_125' title='bbox 553 853 582 871; x_wconf 86' lang='grc' dir='ltr'><strong>τε</strong></span> <span class='ocrx_word' id='word_1_126' title='bbox 595 845 639 872; x_wconf 85' lang='grc' dir='ltr'><strong>διὰ</strong></span> <span class='ocrx_word' id='word_1_127' title='bbox 654 846 703 880; x_wconf 86' lang='grc' dir='ltr'>τῆς</span> <span class='ocrx_word' id='word_1_128' title='bbox 717 845 786 881; x_wconf 84' lang='grc' dir='ltr'>ἐμῆς</span> <span class='ocrx_word' id='word_1_129' title='bbox 798 845 959 880; x_wconf 80' lang='grc' dir='ltr'>κηδεμονίας</span> <span class='ocrx_word' id='word_1_130' title='bbox 969 846 1013 873; x_wconf 81' lang='grc' dir='ltr'>ἀεὶ</span> 
     </span>
    </p>
   </div>
   <div class='ocr_carea' id='block_1_19' title="bbox 225 889 1013 926">
    <p class='ocr_par' dir='ltr' id='par_1_19' title="bbox 225 889 1013 926">
     <span class='ocr_line' id='line_1_19' title="bbox 225 889 1013 926; baseline 0.003 -11"><span class='ocrx_word' id='word_1_131' title='bbox 225 889 329 916; x_wconf 80' lang='grc' dir='ltr'>Θάλλων</span> <span class='ocrx_word' id='word_1_132' title='bbox 341 889 418 916; x_wconf 78' lang='grc' dir='ltr'>ἔσται</span> <span class='ocrx_word' id='word_1_133' title='bbox 429 891 484 921; x_wconf 86' lang='grc' dir='ltr'>τοῖς</span> <span class='ocrx_word' id='word_1_134' title='bbox 497 891 623 925; x_wconf 81' lang='grc' dir='ltr'>καρποῖς,</span> <span class='ocrx_word' id='word_1_135' title='bbox 638 891 685 917; x_wconf 77' lang='grc' dir='ltr'>καὶ</span> <span class='ocrx_word' id='word_1_136' title='bbox 697 891 844 917; x_wconf 72' lang='grc' dir='ltr'>λιόανωτοῦ</span> <span class='ocrx_word' id='word_1_137' title='bbox 857 891 934 926; x_wconf 84' lang='grc' dir='ltr'>δίκην</span> <span class='ocrx_word' id='word_1_138' title='bbox 948 891 1013 925; x_wconf 79' lang='grc' dir='ltr'>ἡδὺς</span> 
     </span>
    </p>
   </div>
   <div class='ocr_carea' id='block_1_20' title="bbox 225 934 1013 971">
    <p class='ocr_par' dir='ltr' id='par_1_20' title="bbox 225 934 1013 971">
     <span class='ocr_line' id='line_1_20' title="bbox 225 934 1013 971; baseline 0.004 -11"><span class='ocrx_word' id='word_1_139' title='bbox 225 935 282 965; x_wconf 84' lang='grc' dir='ltr'>τοῖς</span> <span class='ocrx_word' id='word_1_140' title='bbox 296 934 426 960; x_wconf 72' lang='grc' dir='ltr'><strong>ἀκούουσι</strong></span> <span class='ocrx_word' id='word_1_141' title='bbox 438 934 472 961; x_wconf 83' lang='grc' dir='ltr'>τὰ</span> <span class='ocrx_word' id='word_1_142' title='bbox 485 935 549 970; x_wconf 76' lang='grc' dir='ltr'>περὶ</span> <span class='ocrx_word' id='word_1_143' title='bbox 562 934 645 961; x_wconf 81' lang='grc' dir='ltr'>αὑτοῦ</span> <span class='ocrx_word' id='word_1_144' title='bbox 659 935 760 969; x_wconf 80' lang='grc' dir='ltr'>ἀγαθά.</span> <span class='ocrx_word' id='word_1_145' title='bbox 783 945 792 960; x_wconf 84' lang='grc' dir='ltr'><strong>ι</strong></span> <span class='ocrx_word' id='word_1_146' title='bbox 804 935 1013 971; x_wconf 78' lang='grc' dir='ltr'>Ἐπιστρέψουσι</span> 
     </span>
    </p>
   </div>
   <div class='ocr_carea' id='block_1_21' title="bbox 225 979 1014 1017">
    <p class='ocr_par' dir='ltr' id='par_1_21' title="bbox 225 979 1014 1017">
     <span class='ocr_line' id='line_1_21' title="bbox 225 979 1014 1017; baseline 0.004 -11"><span class='ocrx_word' id='word_1_147' title='bbox 225 979 274 1006; x_wconf 79' lang='grc' dir='ltr'>καὶ</span> <span class='ocrx_word' id='word_1_148' title='bbox 283 980 439 1007; x_wconf 81' lang='grc' dir='ltr'>καθιοῦνται</span> <span class='ocrx_word' id='word_1_149' title='bbox 456 979 507 1006; x_wconf 80' lang='grc' dir='ltr'><strong>ὑπὸ</strong></span> <span class='ocrx_word' id='word_1_150' title='bbox 524 980 573 1016; x_wconf 83' lang='grc' dir='ltr'><strong>τὴν</strong></span> <span class='ocrx_word' id='word_1_151' title='bbox 586 981 691 1015; x_wconf 83' lang='grc' dir='ltr'><strong>σκέπην</strong></span> <span class='ocrx_word' id='word_1_152' title='bbox 706 980 800 1014; x_wconf 80' lang='grc' dir='ltr'>αὐτοῦ,</span> <span class='ocrx_word' id='word_1_153' title='bbox 818 981 866 1008; x_wconf 82' lang='grc' dir='ltr'>καὶ</span> <span class='ocrx_word' id='word_1_154' title='bbox 877 982 1014 1017; x_wconf 82' lang='grc' dir='ltr'>ζήσονται,</span> 
     </span>
    </p>
   </div>
   <div class='ocr_carea' id='block_1_22' title="bbox 224 1025 1014 1062">
    <p class='ocr_par' dir='ltr' id='par_1_22' title="bbox 224 1025 1014 1062">
     <span class='ocr_line' id='line_1_22' title="bbox 224 1025 1014 1062; baseline 0.005 -11"><span class='ocrx_word' id='word_1_155' title='bbox 224 1025 272 1051; x_wconf 78' lang='grc' dir='ltr'>καὶ</span> <span class='ocrx_word' id='word_1_156' title='bbox 290 1026 516 1061; x_wconf 86' lang='grc' dir='ltr'>στηριχθήσονται</span> <span class='ocrx_word' id='word_1_157' title='bbox 542 1027 617 1062; x_wconf 81' lang='grc' dir='ltr'>σίτῳ.</span> <span class='ocrx_word' id='word_1_158' title='bbox 635 1036 645 1052; x_wconf 75' lang='grc' dir='ltr'><strong>ι</strong></span> <span class='ocrx_word' id='word_1_159' title='bbox 673 1027 881 1060; x_wconf 85' lang='grc' dir='ltr'>Ἐπανελθόντες</span> <span class='ocrx_word' id='word_1_160' title='bbox 896 1028 1014 1056; x_wconf 84' lang='grc' dir='ltr'>ἀπολαύ-</span> 
     </span>
    </p>
   </div>
   <div class='ocr_carea' id='block_1_23' title="bbox 225 1068 1014 1108">
    <p class='ocr_par' dir='ltr' id='par_1_23' title="bbox 225 1068 1014 1108">
     <span class='ocr_line' id='line_1_23' title="bbox 225 1068 1014 1108; baseline 0.01 -15"><span class='ocrx_word' id='word_1_161' title='bbox 225 1076 303 1094; x_wconf 84' lang='grc' dir='ltr'>σουσι</span> <span class='ocrx_word' id='word_1_162' title='bbox 317 1068 370 1096; x_wconf 90' lang='grc' dir='ltr'><strong>τῶν</strong></span> <span class='ocrx_word' id='word_1_163' title='bbox 382 1069 500 1101; x_wconf 84' lang='grc' dir='ltr'>οίκείων,</span> <span class='ocrx_word' id='word_1_164' title='bbox 517 1071 564 1096; x_wconf 64' lang='grc' dir='ltr'><strong>καὶ⁸</strong></span> <span class='ocrx_word' id='word_1_165' title='bbox 577 1070 734 1105; x_wconf 83' lang='grc' dir='ltr'>διαμενοῦσι</span> <span class='ocrx_word' id='word_1_166' title='bbox 749 1072 863 1106; x_wconf 79' lang='grc' dir='ltr'>ἄφθονον</span> <span class='ocrx_word' id='word_1_167' title='bbox 878 1073 933 1100; x_wconf 89' lang='grc' dir='ltr'><strong>τῶν</strong></span> <span class='ocrx_word' id='word_1_168' title='bbox 947 1082 1014 1108; x_wconf 85' lang='grc' dir='ltr'>καρ-</span> 
     </span>
    </p>
   </div>
   <div class='ocr_carea' id='block_1_24' title="bbox 1029 921 1050 948">
    <p class='ocr_par' dir='ltr' id='par_1_24' title="bbox 1029 921 1050 948">
     <span class='ocr_line' id='line_1_24' title="bbox 1029 921 1050 948; baseline 0 0"><span class='ocrx_word' id='word_1_169' title='bbox 1029 921 1050 948; x_wconf 85' lang='grc' dir='ltr'><strong>Β</strong></span> 
     </span>
    </p>
   </div>
   <div class='ocr_carea' id='block_1_25' title="bbox 1062 306 1847 342">
    <p class='ocr_par' dir='ltr' id='par_1_25' title="bbox 1062 306 1847 342">
     <span class='ocr_line' id='line_1_25' title="bbox 1062 306 1847 342; baseline 0 -7"><span class='ocrx_word' id='word_1_170' title='bbox 1062 307 1175 340; x_wconf 83' lang='lat' dir='ltr'><strong>eadem;</strong></span> <span class='ocrx_word' id='word_1_171' title='bbox 1195 307 1326 341; x_wconf 71' lang='lat' dir='ltr'><strong>aequalem</strong></span> <span class='ocrx_word' id='word_1_172' title='bbox 1352 306 1470 341; x_wconf 88' lang='lat' dir='ltr'><strong>denique</strong></span> <span class='ocrx_word' id='word_1_173' title='bbox 1486 307 1657 341; x_wconf 82' lang='lat' dir='ltr'><strong>similemque</strong></span> <span class='ocrx_word' id='word_1_174' title='bbox 1683 307 1766 342; x_wconf 85' lang='lat' dir='ltr'><strong>priori</strong></span> <span class='ocrx_word' id='word_1_175' title='bbox 1783 315 1847 342; x_wconf 77' lang='lat' dir='ltr'><strong>erga</strong></span> 
     </span>
    </p>
   </div>
   <div class='ocr_carea' id='block_1_26' title="bbox 1062 349 1842 384">
    <p class='ocr_par' dir='ltr' id='par_1_26' title="bbox 1062 349 1842 384">
     <span class='ocr_line' id='line_1_26' title="bbox 1062 349 1842 384; baseline 0.001 -7"><span class='ocrx_word' id='word_1_176' title='bbox 1062 356 1157 377; x_wconf 89' lang='lat' dir='ltr'><strong>omnes</strong></span> <span class='ocrx_word' id='word_1_177' title='bbox 1177 349 1302 376; x_wconf 84' lang='lat' dir='ltr'><strong>ostendet</strong></span> <span class='ocrx_word' id='word_1_178' title='bbox 1331 356 1461 380; x_wconf 79' lang='lat' dir='ltr'><strong>antorem,</strong></span> <span class='ocrx_word' id='word_1_179' title='bbox 1490 350 1618 384; x_wconf 88' lang='lat' dir='ltr'><strong>quoniam</strong></span> <span class='ocrx_word' id='word_1_180' title='bbox 1641 357 1749 377; x_wconf 88' lang='lat' dir='ltr'><strong>omnem</strong></span> <span class='ocrx_word' id='word_1_181' title='bbox 1774 351 1842 378; x_wconf 85' lang='lat' dir='ltr'><strong>iram</strong></span> 
     </span>
    </p>
   </div>
   <div class='ocr_carea' id='block_1_27' title="bbox 1061 393 1847 429">
    <p class='ocr_par' dir='ltr' id='par_1_27' title="bbox 1061 393 1847 429">
     <span class='ocr_line' id='line_1_27' title="bbox 1061 393 1847 429; baseline 0.001 -8"><span class='ocrx_word' id='word_1_182' title='bbox 1061 401 1138 422; x_wconf 87' lang='lat' dir='ltr'><strong>suam</strong></span> <span class='ocrx_word' id='word_1_183' title='bbox 1151 394 1252 420; x_wconf 86' lang='lat' dir='ltr'><strong>avobis</strong></span> <span class='ocrx_word' id='word_1_184' title='bbox 1269 393 1376 420; x_wconf 82' lang='lat' dir='ltr'><strong>avertit.</strong></span> <span class='ocrx_word' id='word_1_185' title='bbox 1398 402 1406 418; x_wconf 77' lang='grc' dir='ltr'><strong>ι</strong></span> <span class='ocrx_word' id='word_1_186' title='bbox 1424 393 1475 420; x_wconf 83' lang='lat' dir='ltr'><strong>Ero</strong></span> <span class='ocrx_word' id='word_1_187' title='bbox 1491 394 1569 429; x_wconf 71' lang='lat' dir='ltr'><strong>quasi</strong></span> <span class='ocrx_word' id='word_1_188' title='bbox 1591 402 1637 422; x_wconf 87' lang='lat' dir='ltr'><strong>ros</strong></span> <span class='ocrx_word' id='word_1_189' title='bbox 1649 394 1750 422; x_wconf 87' lang='lat' dir='ltr'><strong>lsraeli.</strong></span> <span class='ocrx_word' id='word_1_190' title='bbox 1774 405 1784 421; x_wconf 75' lang='grc' dir='ltr'><strong>ι</strong></span> <span class='ocrx_word' id='word_1_191' title='bbox 1801 395 1847 423; x_wconf 88' lang='lat' dir='ltr'><strong>Sic</strong></span> 
     </span>
    </p>
   </div>
   <div class='ocr_carea' id='block_1_28' title="bbox 1063 439 1840 475">
    <p class='ocr_par' dir='ltr' id='par_1_28' title="bbox 1063 439 1840 475">
     <span class='ocr_line' id='line_1_28' title="bbox 1063 439 1840 475; baseline 0.003 -9"><span class='ocrx_word' id='word_1_192' title='bbox 1063 440 1138 467; x_wconf 92' lang='lat' dir='ltr'><strong>illum</strong></span> <span class='ocrx_word' id='word_1_193' title='bbox 1152 447 1210 466; x_wconf 87' lang='lat' dir='ltr'><strong>mea</strong></span> <span class='ocrx_word' id='word_1_194' title='bbox 1221 447 1286 466; x_wconf 89' lang='lat' dir='ltr'><strong>cura</strong></span> <span class='ocrx_word' id='word_1_195' title='bbox 1304 439 1433 471; x_wconf 89' lang='lat' dir='ltr'><strong>nutriam,</strong></span> <span class='ocrx_word' id='word_1_196' title='bbox 1447 446 1496 466; x_wconf 85' lang='lat' dir='ltr'><strong>ceu</strong></span> <span class='ocrx_word' id='word_1_197' title='bbox 1511 447 1555 467; x_wconf 91' lang='lat' dir='ltr'><strong>ros</strong></span> <span class='ocrx_word' id='word_1_198' title='bbox 1571 439 1661 475; x_wconf 80' lang='lat' dir='ltr'><strong>fruges</strong></span> <span class='ocrx_word' id='word_1_199' title='bbox 1675 441 1746 468; x_wconf 89' lang='lat' dir='ltr'><strong>alere</strong></span> <span class='ocrx_word' id='word_1_200' title='bbox 1760 441 1840 468; x_wconf 83' lang='lat' dir='ltr'><strong>solet.</strong></span> 
     </span>
    </p>
   </div>
   <div class='ocr_carea' id='block_1_29' title="bbox 1064 482 1847 519">
    <p class='ocr_par' dir='ltr' id='par_1_29' title="bbox 1064 482 1847 519">
     <span class='ocr_line' id='line_1_29' title="bbox 1064 482 1847 519; baseline 0.004 -9"><span class='ocrx_word' id='word_1_201' title='bbox 1064 493 1074 509; x_wconf 81' lang='grc' dir='ltr'><strong>ι</strong></span> <span class='ocrx_word' id='word_1_202' title='bbox 1089 483 1227 510; x_wconf 82' lang='lat' dir='ltr'><strong>Florescet</strong></span> <span class='ocrx_word' id='word_1_203' title='bbox 1240 484 1310 510; x_wconf 83' lang='lat' dir='ltr'><strong>sicut</strong></span> <span class='ocrx_word' id='word_1_204' title='bbox 1330 483 1427 510; x_wconf 90' lang='lat' dir='ltr'><strong>lilium.</strong></span> <span class='ocrx_word' id='word_1_205' title='bbox 1449 493 1458 509; x_wconf 75' lang='grc' dir='ltr'><strong>ι</strong></span> <span class='ocrx_word' id='word_1_206' title='bbox 1484 482 1513 510; x_wconf 84' lang='lat' dir='ltr'><strong>in</strong></span> <span class='ocrx_word' id='word_1_207' title='bbox 1531 483 1634 511; x_wconf 89' lang='lat' dir='ltr'><strong>honore</strong></span> <span class='ocrx_word' id='word_1_208' title='bbox 1658 485 1729 519; x_wconf 89' lang='lat' dir='ltr'><strong>apud</strong></span> <span class='ocrx_word' id='word_1_209' title='bbox 1752 493 1847 514; x_wconf 88' lang='lat' dir='ltr'><strong>omnes</strong></span> 
     </span>
    </p>
   </div>
   <div class='ocr_carea' id='block_1_30' title="bbox 1062 528 1847 563">
    <p class='ocr_par' dir='ltr' id='par_1_30' title="bbox 1062 528 1847 563">
     <span class='ocr_line' id='line_1_30' title="bbox 1062 528 1847 563; baseline -0.001 -5"><span class='ocrx_word' id='word_1_210' title='bbox 1062 530 1123 558; x_wconf 89' lang='lat' dir='ltr'><strong>erit.</strong></span> <span class='ocrx_word' id='word_1_211' title='bbox 1141 539 1150 555; x_wconf 75' lang='grc' dir='ltr'><strong>ι</strong></span> <span class='ocrx_word' id='word_1_212' title='bbox 1166 529 1252 557; x_wconf 81' lang='lat' dir='ltr'><strong>Mittet</strong></span> <span class='ocrx_word' id='word_1_213' title='bbox 1273 529 1378 556; x_wconf 79' lang='lat' dir='ltr'><strong>radices</strong></span> <span class='ocrx_word' id='word_1_214' title='bbox 1399 536 1463 556; x_wconf 88' lang='lat' dir='ltr'><strong>suas</strong></span> <span class='ocrx_word' id='word_1_215' title='bbox 1480 529 1558 563; x_wconf 87' lang='lat' dir='ltr'><strong>quasi</strong></span> <span class='ocrx_word' id='word_1_216' title='bbox 1573 528 1701 558; x_wconf 86' lang='lat' dir='ltr'><strong>Libanus.</strong></span> <span class='ocrx_word' id='word_1_217' title='bbox 1721 539 1732 556; x_wconf 70' lang='grc' dir='ltr'><strong>ι</strong></span> <span class='ocrx_word' id='word_1_218' title='bbox 1749 530 1847 558; x_wconf 82' lang='lat' dir='ltr'><strong>Excre-</strong></span> 
     </span>
    </p>
   </div>
   <div class='ocr_carea' id='block_1_31' title="bbox 1063 574 1846 608">
    <p class='ocr_par' dir='ltr' id='par_1_31' title="bbox 1063 574 1846 608">
     <span class='ocr_line' id='line_1_31' title="bbox 1063 574 1846 608; baseline 0 -6"><span class='ocrx_word' id='word_1_219' title='bbox 1063 580 1120 602; x_wconf 89' lang='lat' dir='ltr'><strong>scet</strong></span> <span class='ocrx_word' id='word_1_220' title='bbox 1134 575 1161 601; x_wconf 95' lang='lat' dir='ltr'><strong>in</strong></span> <span class='ocrx_word' id='word_1_221' title='bbox 1181 574 1392 606; x_wconf 83' lang='lat' dir='ltr'><strong>multitudinem,</strong></span> <span class='ocrx_word' id='word_1_222' title='bbox 1412 574 1483 600; x_wconf 92' lang='lat' dir='ltr'><strong>haud</strong></span> <span class='ocrx_word' id='word_1_223' title='bbox 1498 581 1577 601; x_wconf 91' lang='lat' dir='ltr'><strong>secus</strong></span> <span class='ocrx_word' id='word_1_224' title='bbox 1594 581 1675 608; x_wconf 90' lang='lat' dir='ltr'><strong>quam</strong></span> <span class='ocrx_word' id='word_1_225' title='bbox 1691 575 1735 602; x_wconf 92' lang='lat' dir='ltr'><strong>ille</strong></span> <span class='ocrx_word' id='word_1_226' title='bbox 1756 576 1846 603; x_wconf 90' lang='lat' dir='ltr'><strong>cedris</strong></span> 
     </span>
    </p>
   </div>
   <div class='ocr_carea' id='block_1_32' title="bbox 1063 618 1846 655">
    <p class='ocr_par' dir='ltr' id='par_1_32' title="bbox 1063 618 1846 655">
     <span class='ocr_line' id='line_1_32' title="bbox 1063 618 1846 655; baseline -0.001 -7"><span class='ocrx_word' id='word_1_227' title='bbox 1063 621 1202 648; x_wconf 78' lang='lat' dir='ltr'><strong>densatur.</strong></span> <span class='ocrx_word' id='word_1_228' title='bbox 1235 629 1243 645; x_wconf 83' lang='grc' dir='ltr'><strong>ι</strong></span> <span class='ocrx_word' id='word_1_229' title='bbox 1265 620 1344 646; x_wconf 90' lang='lat' dir='ltr'><strong>Ibunt</strong></span> <span class='ocrx_word' id='word_1_230' title='bbox 1368 619 1436 646; x_wconf 83' lang='lat' dir='ltr'><strong>rami</strong></span> <span class='ocrx_word' id='word_1_231' title='bbox 1463 618 1533 653; x_wconf 88' lang='lat' dir='ltr'><strong>ejus.</strong></span> <span class='ocrx_word' id='word_1_232' title='bbox 1563 628 1573 645; x_wconf 79' lang='grc' dir='ltr'><strong>ι</strong></span> <span class='ocrx_word' id='word_1_233' title='bbox 1598 618 1761 646; x_wconf 79' lang='lat' dir='ltr'><strong>llilatabitur</strong></span> <span class='ocrx_word' id='word_1_234' title='bbox 1785 627 1846 655; x_wconf 91' lang='lat' dir='ltr'><strong>pro-</strong></span> 
     </span>
    </p>
   </div>
   <div class='ocr_carea' id='block_1_33' title="bbox 1062 662 1848 699">
    <p class='ocr_par' dir='ltr' id='par_1_33' title="bbox 1062 662 1848 699">
     <span class='ocr_line' id='line_1_33' title="bbox 1062 662 1848 699; baseline -0.001 -7"><span class='ocrx_word' id='word_1_235' title='bbox 1062 665 1180 699; x_wconf 86' lang='lat' dir='ltr'><strong>speritas</strong></span> <span class='ocrx_word' id='word_1_236' title='bbox 1198 668 1325 699; x_wconf 79' lang='lat' dir='ltr'><strong>nepotum</strong></span> <span class='ocrx_word' id='word_1_237' title='bbox 1340 663 1410 698; x_wconf 89' lang='lat' dir='ltr'><strong>ejus.</strong></span> <span class='ocrx_word' id='word_1_238' title='bbox 1431 672 1440 688; x_wconf 85' lang='grc' dir='ltr'><strong>ι</strong></span> <span class='ocrx_word' id='word_1_239' title='bbox 1457 662 1490 689; x_wconf 86' lang='lat' dir='ltr'><strong>Et</strong></span> <span class='ocrx_word' id='word_1_240' title='bbox 1503 663 1555 690; x_wconf 90' lang='lat' dir='ltr'><strong>erit</strong></span> <span class='ocrx_word' id='word_1_241' title='bbox 1576 662 1653 697; x_wconf 86' lang='lat' dir='ltr'><strong>quasi</strong></span> <span class='ocrx_word' id='word_1_242' title='bbox 1675 662 1734 690; x_wconf 91' lang='lat' dir='ltr'><strong>olea</strong></span> <span class='ocrx_word' id='word_1_243' title='bbox 1752 663 1848 691; x_wconf 80' lang='lat' dir='ltr'><strong>fructi—</strong></span> 
     </span>
    </p>
   </div>
   <div class='ocr_carea' id='block_1_34' title="bbox 1063 709 1847 744">
    <p class='ocr_par' dir='ltr' id='par_1_34' title="bbox 1063 709 1847 744">
     <span class='ocr_line' id='line_1_34' title="bbox 1063 709 1847 744; baseline 0 -7"><span class='ocrx_word' id='word_1_244' title='bbox 1063 710 1131 742; x_wconf 90' lang='lat' dir='ltr'><strong>fera,</strong></span> <span class='ocrx_word' id='word_1_245' title='bbox 1139 715 1166 737; x_wconf 91' lang='lat' dir='ltr'><strong>et</strong></span> <span class='ocrx_word' id='word_1_246' title='bbox 1175 710 1242 737; x_wconf 91' lang='lat' dir='ltr'><strong>odor</strong></span> <span class='ocrx_word' id='word_1_247' title='bbox 1252 709 1311 743; x_wconf 87' lang='lat' dir='ltr'><strong>ejus</strong></span> <span class='ocrx_word' id='word_1_248' title='bbox 1321 709 1398 744; x_wconf 87' lang='lat' dir='ltr'><strong>quasi</strong></span> <span class='ocrx_word' id='word_1_249' title='bbox 1411 709 1510 736; x_wconf 89' lang='lat' dir='ltr'><strong>thuris.</strong></span> <span class='ocrx_word' id='word_1_250' title='bbox 1518 709 1592 744; x_wconf 75' lang='lat' dir='ltr'><strong>rlpse</strong></span> <span class='ocrx_word' id='word_1_251' title='bbox 1604 709 1639 736; x_wconf 89' lang='lat' dir='ltr'><strong>ob</strong></span> <span class='ocrx_word' id='word_1_252' title='bbox 1649 716 1745 736; x_wconf 89' lang='lat' dir='ltr'><strong>curam</strong></span> <span class='ocrx_word' id='word_1_253' title='bbox 1758 717 1847 737; x_wconf 81' lang='lat' dir='ltr'><strong>meam</strong></span> 
     </span>
    </p>
   </div>
   <div class='ocr_carea' id='block_1_35' title="bbox 1063 752 1848 788">
    <p class='ocr_par' dir='ltr' id='par_1_35' title="bbox 1063 752 1848 788">
     <span class='ocr_line' id='line_1_35' title="bbox 1063 752 1848 788; baseline 0 -7"><span class='ocrx_word' id='word_1_254' title='bbox 1063 762 1169 788; x_wconf 85' lang='lat' dir='ltr'><strong>semper</strong></span> <span class='ocrx_word' id='word_1_255' title='bbox 1185 753 1318 781; x_wconf 88' lang='lat' dir='ltr'><strong>fructibus</strong></span> <span class='ocrx_word' id='word_1_256' title='bbox 1335 752 1487 788; x_wconf 85' lang='lat' dir='ltr'><strong>pullulabit,</strong></span> <span class='ocrx_word' id='word_1_257' title='bbox 1502 757 1529 780; x_wconf 89' lang='lat' dir='ltr'><strong>et</strong></span> <span class='ocrx_word' id='word_1_258' title='bbox 1546 753 1638 780; x_wconf 87' lang='lat' dir='ltr'><strong>thuris</strong></span> <span class='ocrx_word' id='word_1_259' title='bbox 1657 754 1745 780; x_wconf 89' lang='lat' dir='ltr'><strong>instar</strong></span> <span class='ocrx_word' id='word_1_260' title='bbox 1755 754 1848 781; x_wconf 80' lang='lat' dir='ltr'><strong>suavis</strong></span> 
     </span>
    </p>
   </div>
   <div class='ocr_carea' id='block_1_36' title="bbox 1062 798 1844 833">
    <p class='ocr_par' dir='ltr' id='par_1_36' title="bbox 1062 798 1844 833">
     <span class='ocr_line' id='line_1_36' title="bbox 1062 798 1844 833; baseline -0.003 -6"><span class='ocrx_word' id='word_1_261' title='bbox 1062 800 1114 827; x_wconf 86' lang='lat' dir='ltr'><strong>erit</strong></span> <span class='ocrx_word' id='word_1_262' title='bbox 1129 799 1302 827; x_wconf 83' lang='lat' dir='ltr'><strong>audientibus</strong></span> <span class='ocrx_word' id='word_1_263' title='bbox 1331 798 1526 833; x_wconf 85' lang='lat' dir='ltr'><strong>prosperitates</strong></span> <span class='ocrx_word' id='word_1_264' title='bbox 1548 798 1617 832; x_wconf 83' lang='lat' dir='ltr'><strong>ejus.</strong></span> <span class='ocrx_word' id='word_1_265' title='bbox 1637 807 1646 823; x_wconf 82' lang='grc' dir='ltr'><strong>ι</strong></span> <span class='ocrx_word' id='word_1_266' title='bbox 1664 798 1844 825; x_wconf 82' lang='lat' dir='ltr'><strong>Revertentnr</strong></span> 
     </span>
    </p>
   </div>
   <div class='ocr_carea' id='block_1_37' title="bbox 1063 843 1849 880">
    <p class='ocr_par' dir='ltr' id='par_1_37' title="bbox 1063 843 1849 880">
     <span class='ocr_line' id='line_1_37' title="bbox 1063 843 1849 880; baseline -0.005 -7"><span class='ocrx_word' id='word_1_267' title='bbox 1063 849 1144 880; x_wconf 85' lang='lat' dir='ltr'><strong>atque</strong></span> <span class='ocrx_word' id='word_1_268' title='bbox 1158 845 1293 872; x_wconf 87' lang='lat' dir='ltr'><strong>sedebunt</strong></span> <span class='ocrx_word' id='word_1_269' title='bbox 1318 844 1369 871; x_wconf 89' lang='lat' dir='ltr'><strong>sub</strong></span> <span class='ocrx_word' id='word_1_270' title='bbox 1382 844 1479 871; x_wconf 86' lang='lat' dir='ltr'><strong>umbra</strong></span> <span class='ocrx_word' id='word_1_271' title='bbox 1491 843 1550 878; x_wconf 83' lang='lat' dir='ltr'><strong>ejus</strong></span> <span class='ocrx_word' id='word_1_272' title='bbox 1564 851 1571 876; x_wconf 85' lang='lat'><strong>;</strong></span> <span class='ocrx_word' id='word_1_273' title='bbox 1589 843 1681 870; x_wconf 78' lang='lat' dir='ltr'><strong>vivent</strong></span> <span class='ocrx_word' id='word_1_274' title='bbox 1693 847 1721 870; x_wconf 88' lang='lat' dir='ltr'><strong>et</strong></span> <span class='ocrx_word' id='word_1_275' title='bbox 1735 843 1849 870; x_wconf 84' lang='lat' dir='ltr'><strong>robora-</strong></span> 
     </span>
    </p>
   </div>
   <div class='ocr_carea' id='block_1_38' title="bbox 1063 888 1848 920">
    <p class='ocr_par' dir='ltr' id='par_1_38' title="bbox 1063 888 1848 920">
     <span class='ocr_line' id='line_1_38' title="bbox 1063 888 1848 920; baseline -0.004 -2"><span class='ocrx_word' id='word_1_276' title='bbox 1063 891 1165 918; x_wconf 89' lang='lat' dir='ltr'><strong>buntur</strong></span> <span class='ocrx_word' id='word_1_277' title='bbox 1175 891 1274 917; x_wconf 88' lang='lat' dir='ltr'><strong>tritico.</strong></span> <span class='ocrx_word' id='word_1_278' title='bbox 1296 899 1305 915; x_wconf 80' lang='grc' dir='ltr'><strong>ι</strong></span> <span class='ocrx_word' id='word_1_279' title='bbox 1323 889 1387 916; x_wconf 83' lang='lat' dir='ltr'><strong>Post</strong></span> <span class='ocrx_word' id='word_1_280' title='bbox 1404 888 1520 916; x_wconf 87' lang='lat' dir='ltr'><strong>reditum</strong></span> <span class='ocrx_word' id='word_1_281' title='bbox 1537 888 1663 916; x_wconf 77' lang='lat' dir='ltr'><strong>fruentur</strong></span> <span class='ocrx_word' id='word_1_282' title='bbox 1686 888 1768 916; x_wconf 84' lang='lat' dir='ltr'><strong>rebus</strong></span> <span class='ocrx_word' id='word_1_283' title='bbox 1779 888 1848 920; x_wconf 82' lang='lat' dir='ltr'><strong>suis.</strong></span> 
     </span>
    </p>
   </div>
   <div class='ocr_carea' id='block_1_39' title="bbox 1065 933 1851 971">
    <p class='ocr_par' dir='ltr' id='par_1_39' title="bbox 1065 933 1851 971">
     <span class='ocr_line' id='line_1_39' title="bbox 1065 933 1851 971; baseline -0.005 -7"><span class='ocrx_word' id='word_1_284' title='bbox 1065 944 1098 964; x_wconf 85' lang='lat' dir='ltr'><strong>ac</strong></span> <span class='ocrx_word' id='word_1_285' title='bbox 1108 936 1321 971; x_wconf 89' lang='lat' dir='ltr'><strong>perseverabunt</strong></span> <span class='ocrx_word' id='word_1_286' title='bbox 1330 935 1440 962; x_wconf 88' lang='lat' dir='ltr'><strong>uberem</strong></span> <span class='ocrx_word' id='word_1_287' title='bbox 1461 934 1592 962; x_wconf 86' lang='lat' dir='ltr'><strong>habentes</strong></span> <span class='ocrx_word' id='word_1_288' title='bbox 1610 941 1625 961; x_wconf 91' lang='lat' dir='ltr'><strong>a</strong></span> <span class='ocrx_word' id='word_1_289' title='bbox 1635 941 1694 961; x_wconf 87' lang='lat' dir='ltr'><strong>mea</strong></span> <span class='ocrx_word' id='word_1_290' title='bbox 1707 933 1851 970; x_wconf 87' lang='lat' dir='ltr'><strong>providen-</strong></span> 
     </span>
    </p>
   </div>
   <div class='ocr_carea' id='block_1_40' title="bbox 1066 978 1848 1015">
    <p class='ocr_par' dir='ltr' id='par_1_40' title="bbox 1066 978 1848 1015">
     <span class='ocr_line' id='line_1_40' title="bbox 1066 978 1848 1015; baseline -0.004 -6"><span class='ocrx_word' id='word_1_291' title='bbox 1066 982 1103 1009; x_wconf 84' lang='lat' dir='ltr'><strong>tia</strong></span> <span class='ocrx_word' id='word_1_292' title='bbox 1119 981 1227 1015; x_wconf 81' lang='lat' dir='ltr'><strong>frugum</strong></span> <span class='ocrx_word' id='word_1_293' title='bbox 1243 979 1423 1015; x_wconf 76' lang='lat' dir='ltr'><strong>largitionem.</strong></span> <span class='ocrx_word' id='word_1_294' title='bbox 1436 988 1446 1004; x_wconf 76' lang='grc' dir='ltr'><strong>ι</strong></span> <span class='ocrx_word' id='word_1_295' title='bbox 1470 978 1503 1005; x_wconf 83' lang='grc' dir='ltr'><strong>ΕΙ.</strong></span> <span class='ocrx_word' id='word_1_296' title='bbox 1517 979 1668 1006; x_wconf 76' lang='lat' dir='ltr'><strong>elliorescet</strong></span> <span class='ocrx_word' id='word_1_297' title='bbox 1687 979 1766 1013; x_wconf 87' lang='lat' dir='ltr'><strong>quasi</strong></span> <span class='ocrx_word' id='word_1_298' title='bbox 1785 979 1848 1006; x_wconf 84' lang='lat' dir='ltr'><strong>vitis</strong></span> 
     </span>
    </p>
   </div>
   <div class='ocr_carea' id='block_1_41' title="bbox 1065 1024 1852 1060">
    <p class='ocr_par' dir='ltr' id='par_1_41' title="bbox 1065 1024 1852 1060">
     <span class='ocr_line' id='line_1_41' title="bbox 1065 1024 1852 1060; baseline -0.003 -6"><span class='ocrx_word' id='word_1_299' title='bbox 1065 1026 1223 1054; x_wconf 84' lang='lat' dir='ltr'><strong>memoriale</strong></span> <span class='ocrx_word' id='word_1_300' title='bbox 1233 1025 1304 1060; x_wconf 82' lang='lat' dir='ltr'><strong>ejus,</strong></span> <span class='ocrx_word' id='word_1_301' title='bbox 1318 1028 1346 1052; x_wconf 88' lang='lat' dir='ltr'><strong>et</strong></span> <span class='ocrx_word' id='word_1_302' title='bbox 1356 1024 1435 1060; x_wconf 87' lang='lat' dir='ltr'><strong>quasi</strong></span> <span class='ocrx_word' id='word_1_303' title='bbox 1448 1025 1541 1052; x_wconf 92' lang='lat' dir='ltr'><strong>vinum</strong></span> <span class='ocrx_word' id='word_1_304' title='bbox 1554 1024 1660 1052; x_wconf 87' lang='lat' dir='ltr'><strong>Libani.</strong></span> <span class='ocrx_word' id='word_1_305' title='bbox 1681 1034 1691 1050; x_wconf 83' lang='grc'><strong>›</strong></span> <span class='ocrx_word' id='word_1_306' title='bbox 1708 1024 1747 1051; x_wconf 91' lang='lat' dir='ltr'><strong>lla</strong></span> <span class='ocrx_word' id='word_1_307' title='bbox 1759 1024 1852 1052; x_wconf 85' lang='lat' dir='ltr'><strong>suavis</strong></span> 
     </span>
    </p>
   </div>
   <div class='ocr_carea' id='block_1_42' title="bbox 1064 1069 1852 1106">
    <p class='ocr_par' dir='ltr' id='par_1_42' title="bbox 1064 1069 1852 1106">
     <span class='ocr_line' id='line_1_42' title="bbox 1064 1069 1852 1106; baseline -0.004 -7"><span class='ocrx_word' id='word_1_308' title='bbox 1064 1072 1117 1100; x_wconf 90' lang='lat' dir='ltr'><strong>erit</strong></span> <span class='ocrx_word' id='word_1_309' title='bbox 1131 1075 1158 1099; x_wconf 88' lang='lat' dir='ltr'><strong>et</strong></span> <span class='ocrx_word' id='word_1_310' title='bbox 1167 1070 1304 1106; x_wconf 74' lang='lat' dir='ltr'><strong>iucundus</strong></span> <span class='ocrx_word' id='word_1_311' title='bbox 1315 1070 1502 1105; x_wconf 85' lang='lat' dir='ltr'><strong>spectantibus</strong></span> <span class='ocrx_word' id='word_1_312' title='bbox 1513 1077 1563 1097; x_wconf 89' lang='lat' dir='ltr'><strong>ceu</strong></span> <span class='ocrx_word' id='word_1_313' title='bbox 1577 1070 1641 1097; x_wconf 85' lang='lat' dir='ltr'><strong>vitis</strong></span> <span class='ocrx_word' id='word_1_314' title='bbox 1657 1069 1767 1103; x_wconf 86' lang='lat' dir='ltr'><strong>florens,</strong></span> <span class='ocrx_word' id='word_1_315' title='bbox 1779 1073 1807 1097; x_wconf 86' lang='lat' dir='ltr'><strong>et</strong></span> <span class='ocrx_word' id='word_1_316' title='bbox 1822 1073 1852 1096; x_wconf 92' lang='lat' dir='ltr'><strong>ut</strong></span> 
     </span>
    </p>
   </div>
   <div class='ocr_carea' id='block_1_43' title="bbox 224 1112 1013 1153">
    <p class='ocr_par' dir='ltr' id='par_1_43' title="bbox 224 1112 1013 1153">
     <span class='ocr_line' id='line_1_43' title="bbox 224 1112 1013 1153; baseline 0.01 -15"><span class='ocrx_word' id='word_1_317' title='bbox 224 1112 286 1138; x_wconf 89' lang='grc' dir='ltr'><strong>πῶν</strong></span> <span class='ocrx_word' id='word_1_318' title='bbox 302 1113 410 1148; x_wconf 74' lang='grc' dir='ltr'>ἔχοντες</span> <span class='ocrx_word' id='word_1_319' title='bbox 423 1116 456 1150; x_wconf 79' lang='grc' dir='ltr'>τῇ</span> <span class='ocrx_word' id='word_1_320' title='bbox 476 1116 528 1150; x_wconf 82' lang='grc' dir='ltr'><strong>ἐμῇ</strong></span> <span class='ocrx_word' id='word_1_321' title='bbox 544 1116 690 1151; x_wconf 72' lang='grc' dir='ltr'>κηδεμονίᾳ</span> <span class='ocrx_word' id='word_1_322' title='bbox 707 1117 757 1152; x_wconf 88' lang='grc' dir='ltr'>τὴν</span> <span class='ocrx_word' id='word_1_323' title='bbox 773 1119 914 1153; x_wconf 87' lang='grc' dir='ltr'>χορηγίαν.</span> <span class='ocrx_word' id='word_1_324' title='bbox 932 1128 942 1144; x_wconf 77' lang='grc' dir='ltr'><strong>ι</strong></span> <span class='ocrx_word' id='word_1_325' title='bbox 959 1120 1013 1146; x_wconf 81' lang='grc' dir='ltr'><strong>Καὶ</strong></span> 
     </span>
    </p>
   </div>
   <div class='ocr_carea' id='block_1_44' title="bbox 1065 1112 1694 1153">
    <p class='ocr_par' dir='ltr' id='par_1_44' title="bbox 1065 1115 1694 1152">
     <span class='ocr_line' id='line_1_44' title="bbox 1065 1115 1694 1152; baseline -0.005 -7"><span class='ocrx_word' id='word_1_326' title='bbox 1065 1118 1157 1146; x_wconf 88' lang='lat' dir='ltr'><strong>vinum</strong></span> <span class='ocrx_word' id='word_1_327' title='bbox 1167 1116 1240 1152; x_wconf 86' lang='lat' dir='ltr'><strong>quod</strong></span> <span class='ocrx_word' id='word_1_328' title='bbox 1254 1116 1282 1143; x_wconf 90' lang='lat' dir='ltr'><strong>in</strong></span> <span class='ocrx_word' id='word_1_329' title='bbox 1298 1116 1400 1143; x_wconf 89' lang='lat' dir='ltr'><strong>Libano</strong></span> <span class='ocrx_word' id='word_1_330' title='bbox 1411 1119 1504 1143; x_wconf 90' lang='lat' dir='ltr'><strong>monte</strong></span> <span class='ocrx_word' id='word_1_331' title='bbox 1524 1115 1597 1151; x_wconf 86' lang='lat' dir='ltr'><strong>gigni</strong></span> <span class='ocrx_word' id='word_1_332' title='bbox 1613 1116 1694 1143; x_wconf 90' lang='lat' dir='ltr'><strong>solet.</strong></span> 
     </span>
    </p>
   </div>
   <div class='ocr_carea' id='block_1_45' title="bbox 224 1159 1851 1198">
    <p class='ocr_par' dir='ltr' id='par_1_45' title="bbox 224 1159 1851 1198">
     <span class='ocr_line' id='line_1_45' title="bbox 224 1159 1851 1198; baseline 0.001 -12"><span class='ocrx_word' id='word_1_333' title='bbox 224 1159 367 1195; x_wconf 74' lang='grc' dir='ltr'>ἐξανθήσει</span> <span class='ocrx_word' id='word_1_334' title='bbox 379 1160 416 1192; x_wconf 88' lang='grc' dir='ltr'>ὡς</span> <span class='ocrx_word' id='word_1_335' title='bbox 426 1161 546 1196; x_wconf 78' lang='grc' dir='ltr'>ἄμπελος</span> <span class='ocrx_word' id='word_1_336' title='bbox 562 1162 592 1189; x_wconf 78' lang='grc' dir='ltr'><strong>τὺ</strong></span> <span class='ocrx_word' id='word_1_337' title='bbox 605 1166 773 1198; x_wconf 82' lang='grc' dir='ltr'>μνημόσυνον</span> <span class='ocrx_word' id='word_1_338' title='bbox 783 1164 874 1192; x_wconf 82' lang='grc' dir='ltr'>αὐτοῦ·</span> <span class='ocrx_word' id='word_1_339' title='bbox 890 1165 928 1196; x_wconf 83' lang='grc' dir='ltr'>ὡς</span> <span class='ocrx_word' id='word_1_340' title='bbox 939 1164 1010 1197; x_wconf 73' lang='grc' dir='ltr'>οἶνος</span> <span class='ocrx_word' id='word_1_341' title='bbox 1025 1164 1153 1192; x_wconf 77' lang='grc' dir='ltr'>Λιϐάνου.</span> <span class='ocrx_word' id='word_1_342' title='bbox 1170 1172 1179 1189; x_wconf 87' lang='grc'><strong>›</strong></span> <span class='ocrx_word' id='word_1_343' title='bbox 1192 1162 1284 1194; x_wconf 82' lang='grc' dir='ltr'>οὕτως</span> <span class='ocrx_word' id='word_1_344' title='bbox 1297 1162 1364 1197; x_wconf 82' lang='grc' dir='ltr'>ἡδὺς</span> <span class='ocrx_word' id='word_1_345' title='bbox 1377 1161 1414 1188; x_wconf 84' lang='grc' dir='ltr'>ὢν</span> <span class='ocrx_word' id='word_1_346' title='bbox 1425 1161 1472 1188; x_wconf 79' lang='grc' dir='ltr'>καὶ</span> <span class='ocrx_word' id='word_1_347' title='bbox 1483 1160 1620 1197; x_wconf 85' lang='grc' dir='ltr'>προσηνὴς</span> <span class='ocrx_word' id='word_1_348' title='bbox 1633 1162 1688 1192; x_wconf 82' lang='grc' dir='ltr'>τοϊς</span> <span class='ocrx_word' id='word_1_349' title='bbox 1698 1159 1806 1195; x_wconf 85' lang='grc' dir='ltr'>ὁρῶσιν,</span> <span class='ocrx_word' id='word_1_350' title='bbox 1815 1160 1851 1188; x_wconf 84' lang='grc' dir='ltr'>ὡς</span> 
     </span>
    </p>
   </div>
   <div class='ocr_carea' id='block_1_46' title="bbox 224 1206 1380 1246">
    <p class='ocr_par' dir='ltr' id='par_1_46' title="bbox 224 1206 1380 1246">
     <span class='ocr_line' id='line_1_46' title="bbox 224 1206 1380 1246; baseline 0.007 -14"><span class='ocrx_word' id='word_1_351' title='bbox 224 1206 347 1241; x_wconf 78' lang='grc' dir='ltr'>ἇμπελός</span> <span class='ocrx_word' id='word_1_352' title='bbox 357 1216 387 1233; x_wconf 88' lang='grc' dir='ltr'><strong>τε</strong></span> <span class='ocrx_word' id='word_1_353' title='bbox 401 1207 529 1239; x_wconf 82' lang='grc' dir='ltr'>ἀνθοῦσα.</span> <span class='ocrx_word' id='word_1_354' title='bbox 543 1209 590 1236; x_wconf 78' lang='grc' dir='ltr'>καὶ</span> <span class='ocrx_word' id='word_1_355' title='bbox 601 1207 671 1241; x_wconf 76' lang='grc' dir='ltr'>οἶνος</span> <span class='ocrx_word' id='word_1_356' title='bbox 683 1211 697 1236; x_wconf 82' lang='grc' dir='ltr'>ὁ</span> <span class='ocrx_word' id='word_1_357' title='bbox 708 1210 778 1237; x_wconf 85' lang='grc' dir='ltr'><strong>κατά</strong></span> <span class='ocrx_word' id='word_1_358' title='bbox 791 1211 822 1237; x_wconf 82' lang='grc' dir='ltr'><strong>τὺ</strong></span> <span class='ocrx_word' id='word_1_359' title='bbox 838 1211 901 1246; x_wconf 72' lang='grc' dir='ltr'>ὅρος</span> <span class='ocrx_word' id='word_1_360' title='bbox 914 1212 961 1238; x_wconf 86' lang='grc' dir='ltr'>τοῦ</span> <span class='ocrx_word' id='word_1_361' title='bbox 976 1212 1094 1239; x_wconf 79' lang='grc' dir='ltr'>Λιὸάνου</span> <span class='ocrx_word' id='word_1_362' title='bbox 1110 1210 1251 1245; x_wconf 83' lang='grc' dir='ltr'>γίγνεσθαι</span> <span class='ocrx_word' id='word_1_363' title='bbox 1267 1208 1380 1240; x_wconf 73' lang='grc' dir='ltr'>εἰωθώς-</span> 
     </span>
    </p>
   </div>
   <div class='ocr_carea' id='block_1_47' title="bbox 252 1251 1011 1291">
    <p class='ocr_par' dir='ltr' id='par_1_47' title="bbox 252 1251 1011 1291">
     <span class='ocr_line' id='line_1_47' title="bbox 252 1251 1011 1291; baseline 0.008 -13"><span class='ocrx_word' id='word_1_364' title='bbox 252 1252 327 1288; x_wconf 83' lang='grc' dir='ltr'>Στίχ,</span> <span class='ocrx_word' id='word_1_365' title='bbox 341 1251 404 1279; x_wconf 86' lang='grc' dir='ltr'><strong>θ’-ι’.</strong></span> <span class='ocrx_word' id='word_1_366' title='bbox 418 1267 453 1273; x_wconf 88' lang='lat'><strong>—-</strong></span> <span class='ocrx_word' id='word_1_367' title='bbox 473 1262 482 1278; x_wconf 81' lang='grc' dir='ltr'><strong>ι</strong></span> <span class='ocrx_word' id='word_1_368' title='bbox 504 1253 549 1289; x_wconf 88' lang='grc' dir='ltr'><strong>Τῷ</strong></span> <span class='ocrx_word' id='word_1_369' title='bbox 572 1254 691 1289; x_wconf 80' lang='grc' dir='ltr'>Ἐφραὶμ</span> <span class='ocrx_word' id='word_1_370' title='bbox 701 1275 708 1287; x_wconf 85' lang='grc'><strong>,</strong></span> <span class='ocrx_word' id='word_1_371' title='bbox 721 1255 748 1281; x_wconf 89' lang='grc' dir='ltr'><strong>τί</strong></span> <span class='ocrx_word' id='word_1_372' title='bbox 767 1256 842 1291; x_wconf 80' lang='grc' dir='ltr'>αὐτῷ</span> <span class='ocrx_word' id='word_1_373' title='bbox 856 1257 896 1284; x_wconf 78' lang='grc' dir='ltr'><strong>ἐτι</strong></span> <span class='ocrx_word' id='word_1_374' title='bbox 912 1258 959 1284; x_wconf 80' lang='grc' dir='ltr'>καὶ</span> <span class='ocrx_word' id='word_1_375' title='bbox 973 1258 1011 1284; x_wconf 81' lang='grc' dir='ltr'><strong>ει-</strong></span> 
     </span>
    </p>
   </div>
   <div class='ocr_carea' id='block_1_48' title="bbox 224 1298 1012 1339">
    <p class='ocr_par' dir='ltr' id='par_1_48' title="bbox 224 1298 1012 1339">
     <span class='ocr_line' id='line_1_48' title="bbox 224 1298 1012 1339; baseline 0.009 -15"><span class='ocrx_word' id='word_1_376' title='bbox 224 1298 337 1332; x_wconf 74' lang='grc' dir='ltr'>δώλοιςς</span> <span class='ocrx_word' id='word_1_377' title='bbox 357 1299 426 1333; x_wconf 81' lang='grc' dir='ltr'>Ἐγὼ</span> <span class='ocrx_word' id='word_1_378' title='bbox 442 1301 612 1328; x_wconf 82' lang='grc' dir='ltr'>ἐταπείνωσα</span> <span class='ocrx_word' id='word_1_379' title='bbox 625 1302 715 1334; x_wconf 78' lang='grc' dir='ltr'>αὑτὸν,</span> <span class='ocrx_word' id='word_1_380' title='bbox 729 1303 777 1329; x_wconf 75' lang='grc' dir='ltr'><strong>καὶ</strong></span> <span class='ocrx_word' id='word_1_381' title='bbox 791 1302 846 1337; x_wconf 83' lang='grc' dir='ltr'><strong>ἐγὼ</strong></span> <span class='ocrx_word' id='word_1_382' title='bbox 857 1304 1012 1339; x_wconf 85' lang='grc' dir='ltr'>κατισχὺσω</span> 
     </span>
    </p>
   </div>
   <div class='ocr_carea' id='block_1_49' title="bbox 225 1342 1014 1385">
    <p class='ocr_par' dir='ltr' id='par_1_49' title="bbox 225 1342 1014 1385">
     <span class='ocr_line' id='line_1_49' title="bbox 225 1342 1014 1385; baseline 0.008 -15"><span class='ocrx_word' id='word_1_383' title='bbox 225 1342 318 1370; x_wconf 77' lang='grc' dir='ltr'>αὐτόν.</span> <span class='ocrx_word' id='word_1_384' title='bbox 337 1352 346 1368; x_wconf 75' lang='grc' dir='ltr'><strong>ι</strong></span> <span class='ocrx_word' id='word_1_385' title='bbox 363 1344 461 1370; x_wconf 78' lang='grc' dir='ltr'>Οὐκέτι</span> <span class='ocrx_word' id='word_1_386' title='bbox 475 1344 506 1379; x_wconf 89' lang='grc' dir='ltr'>δή</span> <span class='ocrx_word' id='word_1_387' title='bbox 525 1353 566 1371; x_wconf 89' lang='grc' dir='ltr'><strong>σοι</strong></span> <span class='ocrx_word' id='word_1_388' title='bbox 582 1346 722 1373; x_wconf 78' lang='grc' dir='ltr'>κοινωνίαν</span> <span class='ocrx_word' id='word_1_389' title='bbox 738 1347 863 1382; x_wconf 75' lang='grc' dir='ltr'>οὐδεμίαν</span> <span class='ocrx_word' id='word_1_390' title='bbox 878 1349 1014 1385; x_wconf 77' lang='grc' dir='ltr'>προσῆκεν</span> 
     </span>
    </p>
   </div>
   <div class='ocr_carea' id='block_1_50' title="bbox 226 1385 1012 1429">
    <p class='ocr_par' dir='ltr' id='par_1_50' title="bbox 226 1385 1012 1429">
     <span class='ocr_line' id='line_1_50' title="bbox 226 1385 1012 1429; baseline 0.011 -16"><span class='ocrx_word' id='word_1_391' title='bbox 226 1385 298 1415; x_wconf 78' lang='grc' dir='ltr'>εἶναι</span> <span class='ocrx_word' id='word_1_392' title='bbox 314 1388 383 1424; x_wconf 78' lang='grc' dir='ltr'>πρὸς</span> <span class='ocrx_word' id='word_1_393' title='bbox 398 1389 432 1416; x_wconf 83' lang='grc' dir='ltr'><strong>τὰ</strong></span> <span class='ocrx_word' id='word_1_394' title='bbox 446 1390 542 1417; x_wconf 82' lang='grc' dir='ltr'>εἴδωλα</span> <span class='ocrx_word' id='word_1_395' title='bbox 554 1410 561 1422; x_wconf 85' lang='grc'><strong>,</strong></span> <span class='ocrx_word' id='word_1_396' title='bbox 578 1392 672 1427; x_wconf 81' lang='grc' dir='ltr'>ἐπειδὴ</span> <span class='ocrx_word' id='word_1_397' title='bbox 688 1393 756 1428; x_wconf 78' lang='grc' dir='ltr'>μηδὲ</span> <span class='ocrx_word' id='word_1_398' title='bbox 768 1393 887 1429; x_wconf 83' lang='grc' dir='ltr'>δεηθήσῃ</span> <span class='ocrx_word' id='word_1_399' title='bbox 902 1403 927 1422; x_wconf 88' lang='grc' dir='ltr'><strong>τι</strong></span> <span class='ocrx_word' id='word_1_400' title='bbox 944 1395 1012 1422; x_wconf 80' lang='grc' dir='ltr'>ἐκεί-</span> 
     </span>
    </p>
   </div>
   <div class='ocr_carea' id='block_1_51' title="bbox 226 1433 1011 1475">
    <p class='ocr_par' dir='ltr' id='par_1_51' title="bbox 226 1433 1011 1475">
     <span class='ocr_line' id='line_1_51' title="bbox 226 1433 1011 1475; baseline 0.01 -16"><span class='ocrx_word' id='word_1_401' title='bbox 226 1441 298 1460; x_wconf 82' lang='grc' dir='ltr'>νων¹</span> <span class='ocrx_word' id='word_1_402' title='bbox 319 1433 375 1468; x_wconf 80' lang='grc' dir='ltr'>ἐγὼ</span> <span class='ocrx_word' id='word_1_403' title='bbox 396 1435 451 1470; x_wconf 80' lang='grc' dir='ltr'><strong>γὰρ</strong></span> <span class='ocrx_word' id='word_1_404' title='bbox 476 1435 547 1471; x_wconf 78' lang='grc' dir='ltr'>ὑπὲρ</span> <span class='ocrx_word' id='word_1_405' title='bbox 570 1436 619 1472; x_wconf 80' lang='grc' dir='ltr'>τῆς</span> <span class='ocrx_word' id='word_1_406' title='bbox 644 1438 708 1472; x_wconf 83' lang='grc' dir='ltr'>περὶ</span> <span class='ocrx_word' id='word_1_407' title='bbox 728 1438 820 1464; x_wconf 79' lang='grc' dir='ltr'>ἐκεῖνα</span> <span class='ocrx_word' id='word_1_408' title='bbox 845 1439 963 1475; x_wconf 82' lang='grc' dir='ltr'>σπουδῆς</span> <span class='ocrx_word' id='word_1_409' title='bbox 981 1448 1011 1467; x_wconf 82' lang='grc' dir='ltr'><strong>σε</strong></span> 
     </span>
    </p>
   </div>
   <div class='ocr_carea' id='block_1_52' title="bbox 226 1478 1012 1519">
    <p class='ocr_par' dir='ltr' id='par_1_52' title="bbox 226 1478 1012 1519">
     <span class='ocr_line' id='line_1_52' title="bbox 226 1478 1012 1519; baseline 0.009 -15"><span class='ocrx_word' id='word_1_410' title='bbox 226 1478 391 1506; x_wconf 77' lang='grc' dir='ltr'>ταπεινώσει</span> <span class='ocrx_word' id='word_1_411' title='bbox 412 1480 575 1515; x_wconf 78' lang='grc' dir='ltr'>περιϐαλὼν,</span> <span class='ocrx_word' id='word_1_412' title='bbox 597 1482 822 1518; x_wconf 82' lang='grc' dir='ltr'>μεταμεληθέντα</span> <span class='ocrx_word' id='word_1_413' title='bbox 835 1483 882 1511; x_wconf 78' lang='grc' dir='ltr'>ἐπὶ</span> <span class='ocrx_word' id='word_1_414' title='bbox 895 1485 944 1519; x_wconf 83' lang='grc' dir='ltr'>τῆς</span> <span class='ocrx_word' id='word_1_415' title='bbox 963 1493 1012 1511; x_wconf 84' lang='grc' dir='ltr'>πα-</span> 
     </span>
    </p>
   </div>
   <div class='ocr_carea' id='block_1_53' title="bbox 227 1523 1013 1563">
    <p class='ocr_par' dir='ltr' id='par_1_53' title="bbox 227 1523 1013 1563">
     <span class='ocr_line' id='line_1_53' title="bbox 227 1523 1013 1563; baseline 0.008 -13"><span class='ocrx_word' id='word_1_416' title='bbox 227 1523 308 1556; x_wconf 76' lang='grc' dir='ltr'>λαιᾶς</span> <span class='ocrx_word' id='word_1_417' title='bbox 319 1524 441 1557; x_wconf 81' lang='grc' dir='ltr'>ἀνέδειξα</span> <span class='ocrx_word' id='word_1_418' title='bbox 451 1525 613 1561; x_wconf 73' lang='grc' dir='ltr'>εὐπραγίας.</span> <span class='ocrx_word' id='word_1_419' title='bbox 632 1536 641 1552; x_wconf 77' lang='grc' dir='ltr'><strong>ι</strong></span> <span class='ocrx_word' id='word_1_420' title='bbox 653 1527 696 1558; x_wconf 84' lang='grc' dir='ltr'>Ὧς</span> <span class='ocrx_word' id='word_1_421' title='bbox 709 1527 842 1563; x_wconf 79' lang='grc' dir='ltr'>ἄρκευθος</span> <span class='ocrx_word' id='word_1_422' title='bbox 856 1529 1013 1561; x_wconf 78' lang='grc' dir='ltr'>πυκάζουσα</span> 
     </span>
    </p>
   </div>
   <div class='ocr_carea' id='block_1_54' title="bbox 227 1567 1014 1609">
    <p class='ocr_par' dir='ltr' id='par_1_54' title="bbox 227 1567 1014 1609">
     <span class='ocr_line' id='line_1_54' title="bbox 227 1567 1014 1609; baseline 0.01 -15"><span class='ocrx_word' id='word_1_423' title='bbox 227 1567 258 1600; x_wconf 77' lang='grc' dir='ltr'>ἐξ</span> <span class='ocrx_word' id='word_1_424' title='bbox 271 1569 337 1603; x_wconf 77' lang='grc' dir='ltr'>ἐμοῦ</span> <span class='ocrx_word' id='word_1_425' title='bbox 353 1569 367 1594; x_wconf 80' lang='grc' dir='ltr'>ὀ</span> <span class='ocrx_word' id='word_1_426' title='bbox 381 1570 486 1604; x_wconf 73' lang='grc' dir='ltr'>καρπός</span> <span class='ocrx_word' id='word_1_427' title='bbox 498 1579 545 1597; x_wconf 86' lang='grc' dir='ltr'><strong>σου</strong></span> <span class='ocrx_word' id='word_1_428' title='bbox 556 1571 711 1607; x_wconf 81' lang='grc' dir='ltr'>εὑρήσεται.</span> <span class='ocrx_word' id='word_1_429' title='bbox 729 1582 739 1598; x_wconf 71' lang='grc' dir='ltr'><strong>ι</strong></span> <span class='ocrx_word' id='word_1_430' title='bbox 763 1573 872 1609; x_wconf 80' lang='grc' dir='ltr'>Ἐπειδὴ</span> <span class='ocrx_word' id='word_1_431' title='bbox 888 1574 1014 1607; x_wconf 83' lang='grc' dir='ltr'>ἀειθαλές</span> 
     </span>
    </p>
   </div>
   <div class='ocr_carea' id='block_1_55' title="bbox 227 1614 1014 1652">
    <p class='ocr_par' dir='ltr' id='par_1_55' title="bbox 227 1614 1014 1652">
     <span class='ocr_line' id='line_1_55' title="bbox 227 1614 1014 1652; baseline 0.01 -13"><span class='ocrx_word' id='word_1_432' title='bbox 227 1614 287 1639; x_wconf 72' lang='grc' dir='ltr'>ἐστι</span> <span class='ocrx_word' id='word_1_433' title='bbox 300 1615 330 1641; x_wconf 79' lang='grc' dir='ltr'>τὸ</span> <span class='ocrx_word' id='word_1_434' title='bbox 338 1614 445 1651; x_wconf 82' lang='grc' dir='ltr'>δένδρον</span> <span class='ocrx_word' id='word_1_435' title='bbox 457 1615 551 1643; x_wconf 79' lang='grc' dir='ltr'>τοῦτο’</span> <span class='ocrx_word' id='word_1_436' title='bbox 565 1617 639 1651; x_wconf 78' lang='grc' dir='ltr'>λέγει</span> <span class='ocrx_word' id='word_1_437' title='bbox 650 1618 691 1644; x_wconf 78' lang='grc' dir='ltr'><strong>ὅτι</strong></span> <span class='ocrx_word' id='word_1_438' title='bbox 704 1617 742 1650; x_wconf 85' lang='grc' dir='ltr'><strong>ὡς</strong></span> <span class='ocrx_word' id='word_1_439' title='bbox 752 1618 840 1645; x_wconf 82' lang='grc' dir='ltr'>ἐκεῖνο</span> <span class='ocrx_word' id='word_1_440' title='bbox 853 1619 899 1646; x_wconf 81' lang='grc' dir='ltr'><strong>διὰ</strong></span> <span class='ocrx_word' id='word_1_441' title='bbox 914 1620 1014 1652; x_wconf 61' lang='grc' dir='ltr'>παντὸς</span> 
     </span>
    </p>
   </div>
   <div class='ocr_carea' id='block_1_56' title="bbox 227 1657 1016 1698">
    <p class='ocr_par' dir='ltr' id='par_1_56' title="bbox 227 1657 1016 1698">
     <span class='ocr_line' id='line_1_56' title="bbox 227 1657 1016 1698; baseline 0.01 -14"><span class='ocrx_word' id='word_1_442' title='bbox 227 1657 278 1693; x_wconf 69' lang='grc' dir='ltr'>τὴν</span> <span class='ocrx_word' id='word_1_443' title='bbox 302 1659 333 1685; x_wconf 85' lang='grc' dir='ltr'><strong>ἐκ</strong></span> <span class='ocrx_word' id='word_1_444' title='bbox 350 1660 403 1686; x_wconf 88' lang='grc' dir='ltr'><strong>τῶν</strong></span> <span class='ocrx_word' id='word_1_445' title='bbox 419 1660 526 1695; x_wconf 85' lang='grc' dir='ltr'>φύλλων</span> <span class='ocrx_word' id='word_1_446' title='bbox 546 1661 602 1696; x_wconf 83' lang='grc' dir='ltr'>ἔχει</span> <span class='ocrx_word' id='word_1_447' title='bbox 620 1663 720 1698; x_wconf 85' lang='grc' dir='ltr'>κόμην,</span> <span class='ocrx_word' id='word_1_448' title='bbox 744 1663 830 1695; x_wconf 78' lang='grc' dir='ltr'>οὕτως</span> <span class='ocrx_word' id='word_1_449' title='bbox 845 1664 952 1692; x_wconf 80' lang='grc' dir='ltr'>ἔσονται</span> <span class='ocrx_word' id='word_1_450' title='bbox 967 1666 1016 1692; x_wconf 72' lang='grc' dir='ltr'>καὶ</span> 
     </span>
    </p>
   </div>
   <div class='ocr_carea' id='block_1_57' title="bbox 228 1699 1013 1744">
    <p class='ocr_par' dir='ltr' id='par_1_57' title="bbox 228 1699 1013 1744">
     <span class='ocr_line' id='line_1_57' title="bbox 228 1699 1013 1744; baseline 0.011 -16"><span class='ocrx_word' id='word_1_451' title='bbox 228 1699 303 1729; x_wconf 70' lang='grc' dir='ltr'>οὗτοι</span> <span class='ocrx_word' id='word_1_452' title='bbox 331 1704 441 1740; x_wconf 82' lang='grc' dir='ltr'>διηνεκῆ</span> <span class='ocrx_word' id='word_1_453' title='bbox 465 1706 518 1732; x_wconf 86' lang='grc' dir='ltr'><strong>τῶν</strong></span> <span class='ocrx_word' id='word_1_454' title='bbox 545 1706 655 1740; x_wconf 80' lang='grc' dir='ltr'>ἀγαθῶν</span> <span class='ocrx_word' id='word_1_455' title='bbox 680 1707 785 1743; x_wconf 78' lang='grc' dir='ltr'>ἔχοντες</span> <span class='ocrx_word' id='word_1_456' title='bbox 804 1708 854 1744; x_wconf 80' lang='grc' dir='ltr'>τὴν</span> <span class='ocrx_word' id='word_1_457' title='bbox 875 1709 1013 1743; x_wconf 77' lang='grc' dir='ltr'>ἀφθονίαν,</span> 
     </span>
    </p>
   </div>
   <div class='ocr_carea' id='block_1_58' title="bbox 228 1744 1014 1790">
    <p class='ocr_par' dir='ltr' id='par_1_58' title="bbox 228 1744 1014 1790">
     <span class='ocr_line' id='line_1_58' title="bbox 228 1744 1014 1790; baseline 0.011 -17"><span class='ocrx_word' id='word_1_458' title='bbox 228 1744 269 1774; x_wconf 75' lang='grc' dir='ltr'><strong>ὧν</strong></span> <span class='ocrx_word' id='word_1_459' title='bbox 283 1748 376 1781; x_wconf 81' lang='grc' dir='ltr'>αὐτοῖς</span> <span class='ocrx_word' id='word_1_460' title='bbox 389 1749 431 1776; x_wconf 70' lang='grc' dir='ltr'>διὰ</span> <span class='ocrx_word' id='word_1_461' title='bbox 445 1750 496 1785; x_wconf 83' lang='grc' dir='ltr'>τῆς</span> <span class='ocrx_word' id='word_1_462' title='bbox 508 1751 576 1787; x_wconf 82' lang='grc' dir='ltr'>ἐμῆς</span> <span class='ocrx_word' id='word_1_463' title='bbox 591 1753 752 1788; x_wconf 81' lang='grc' dir='ltr'>κηδεμονίας</span> <span class='ocrx_word' id='word_1_464' title='bbox 769 1753 917 1786; x_wconf 82' lang='grc' dir='ltr'>ἀπόλαυσις</span> <span class='ocrx_word' id='word_1_465' title='bbox 931 1764 1014 1790; x_wconf 84' lang='grc' dir='ltr'>προσ-</span> 
     </span>
    </p>
   </div>
   <div class='ocr_carea' id='block_1_59' title="bbox 228 1792 1014 1832">
    <p class='ocr_par' dir='ltr' id='par_1_59' title="bbox 228 1792 1014 1832">
     <span class='ocr_line' id='line_1_59' title="bbox 228 1792 1014 1832; baseline 0.01 -13"><span class='ocrx_word' id='word_1_466' title='bbox 228 1792 319 1821; x_wconf 73' lang='grc' dir='ltr'>έσται.</span> <span class='ocrx_word' id='word_1_467' title='bbox 342 1794 456 1829; x_wconf 68' lang='lat' dir='ltr'><strong>(p.102</strong></span> <span class='ocrx_word' id='word_1_468' title='bbox 476 1796 486 1831; x_wconf 91' lang='grc'>)</span> <span class='ocrx_word' id='word_1_469' title='bbox 513 1796 679 1829; x_wconf 79' lang='grc' dir='ltr'>’Δκολούθως</span> <span class='ocrx_word' id='word_1_470' title='bbox 702 1798 730 1824; x_wconf 84' lang='grc' dir='ltr'>δὲ</span> <span class='ocrx_word' id='word_1_471' title='bbox 750 1799 816 1825; x_wconf 81' lang='grc' dir='ltr'>πᾶσι</span> <span class='ocrx_word' id='word_1_472' title='bbox 838 1799 942 1832; x_wconf 87' lang='grc' dir='ltr'>τούτοις</span> <span class='ocrx_word' id='word_1_473' title='bbox 964 1801 1014 1827; x_wconf 86' lang='grc' dir='ltr'>ἐπ-</span> 
     </span>
    </p>
   </div>
   <div class='ocr_carea' id='block_1_60' title="bbox 229 1837 1014 1880">
    <p class='ocr_par' dir='ltr' id='par_1_60' title="bbox 229 1837 1014 1880">
     <span class='ocr_line' id='line_1_60' title="bbox 229 1837 1014 1880; baseline 0.013 -18"><span class='ocrx_word' id='word_1_474' title='bbox 229 1837 335 1872; x_wconf 84' lang='grc' dir='ltr'>ήγαγεν</span> <span class='ocrx_word' id='word_1_475' title='bbox 344 1839 358 1864; x_wconf 82' lang='grc' dir='ltr'>ὁ</span> <span class='ocrx_word' id='word_1_476' title='bbox 373 1841 525 1876; x_wconf 80' lang='grc' dir='ltr'>προφήτης·</span> <span class='ocrx_word' id='word_1_477' title='bbox 544 1850 554 1866; x_wconf 75' lang='grc' dir='ltr'><strong>ι</strong></span> <span class='ocrx_word' id='word_1_478' title='bbox 568 1841 615 1873; x_wconf 89' lang='grc' dir='ltr'>Τίς</span> <span class='ocrx_word' id='word_1_479' title='bbox 631 1843 722 1877; x_wconf 78' lang='grc' dir='ltr'>σοφὸς,</span> <span class='ocrx_word' id='word_1_480' title='bbox 733 1845 781 1870; x_wconf 71' lang='grc' dir='ltr'>καὶ</span> <span class='ocrx_word' id='word_1_481' title='bbox 791 1844 900 1880; x_wconf 85' lang='grc' dir='ltr'>συνήσει</span> <span class='ocrx_word' id='word_1_482' title='bbox 910 1844 1014 1879; x_wconf 63' lang='lat' dir='ltr'><strong>cuii-ra;</strong></span> 
     </span>
    </p>
   </div>
   <div class='ocr_carea' id='block_1_61' title="bbox 229 1882 1015 1922">
    <p class='ocr_par' dir='ltr' id='par_1_61' title="bbox 229 1882 1015 1922">
     <span class='ocr_line' id='line_1_61' title="bbox 229 1882 1015 1922; baseline 0.014 -15"><span class='ocrx_word' id='word_1_483' title='bbox 229 1882 248 1916; x_wconf 80' lang='grc' dir='ltr'><strong>ἢ</strong></span> <span class='ocrx_word' id='word_1_484' title='bbox 266 1883 374 1915; x_wconf 75' lang='grc' dir='ltr'>συνετὸς</span> <span class='ocrx_word' id='word_1_485' title='bbox 387 1903 396 1916; x_wconf 83' lang='grc'><strong>,</strong></span> <span class='ocrx_word' id='word_1_486' title='bbox 416 1886 463 1911; x_wconf 77' lang='grc' dir='ltr'>καὶ</span> <span class='ocrx_word' id='word_1_487' title='bbox 484 1886 617 1919; x_wconf 77' lang='grc' dir='ltr'>γνώσεται</span> <span class='ocrx_word' id='word_1_488' title='bbox 639 1889 724 1922; x_wconf 86' lang='grc' dir='ltr'>αὐτά;</span> <span class='ocrx_word' id='word_1_489' title='bbox 742 1889 782 1916; x_wconf 83' lang='grc' dir='ltr'>ὅτι</span> <span class='ocrx_word' id='word_1_490' title='bbox 800 1890 902 1916; x_wconf 80' lang='grc' dir='ltr'>εὐθεῖαι</span> <span class='ocrx_word' id='word_1_491' title='bbox 919 1891 947 1916; x_wconf 73' lang='grc' dir='ltr'>αἱ</span> <span class='ocrx_word' id='word_1_492' title='bbox 960 1891 1015 1918; x_wconf 81' lang='grc' dir='ltr'>ὁδοὶ</span> 
     </span>
    </p>
   </div>
   <div class='ocr_carea' id='block_1_62' title="bbox 229 1927 1011 1969">
    <p class='ocr_par' dir='ltr' id='par_1_62' title="bbox 229 1927 1011 1969">
     <span class='ocr_line' id='line_1_62' title="bbox 229 1927 1011 1969; baseline 0.012 -16"><span class='ocrx_word' id='word_1_493' title='bbox 229 1927 279 1954; x_wconf 72' lang='grc' dir='ltr'>τοῦ</span> <span class='ocrx_word' id='word_1_494' title='bbox 303 1929 420 1964; x_wconf 82' lang='grc' dir='ltr'>Κυρίου,</span> <span class='ocrx_word' id='word_1_495' title='bbox 444 1932 490 1957; x_wconf 73' lang='grc' dir='ltr'>καὶ</span> <span class='ocrx_word' id='word_1_496' title='bbox 510 1931 608 1959; x_wconf 82' lang='grc' dir='ltr'>δίκαιοι</span> <span class='ocrx_word' id='word_1_497' title='bbox 633 1934 810 1969; x_wconf 82' lang='grc' dir='ltr'>πορεύσονται</span> <span class='ocrx_word' id='word_1_498' title='bbox 826 1936 856 1961; x_wconf 90' lang='grc' dir='ltr'><strong>ἐν</strong></span> <span class='ocrx_word' id='word_1_499' title='bbox 876 1935 981 1967; x_wconf 81' lang='grc' dir='ltr'>αὐταῖς.</span> <span class='ocrx_word' id='word_1_500' title='bbox 1002 1945 1011 1962; x_wconf 73' lang='grc' dir='ltr'><strong>ι</strong></span> 
     </span>
    </p>
   </div>
   <div class='ocr_carea' id='block_1_63' title="bbox 237 1973 1015 2014">
    <p class='ocr_par' dir='ltr' id='par_1_63' title="bbox 237 1973 1015 2014">
     <span class='ocr_line' id='line_1_63' title="bbox 237 1973 1015 2014; baseline 0.013 -16"><span class='ocrx_word' id='word_1_501' title='bbox 237 1973 318 2000; x_wconf 81' lang='grc' dir='ltr'>Ἀλλὰ</span> <span class='ocrx_word' id='word_1_502' title='bbox 334 1975 387 2010; x_wconf 79' lang='grc' dir='ltr'>γὰρ</span> <span class='ocrx_word' id='word_1_503' title='bbox 400 1975 484 2008; x_wconf 74' lang='grc' dir='ltr'>ὅντως</span> <span class='ocrx_word' id='word_1_504' title='bbox 498 1977 530 2004; x_wconf 79' lang='grc' dir='ltr'>ἄν</span> <span class='ocrx_word' id='word_1_505' title='bbox 544 1986 585 2010; x_wconf 90' lang='grc' dir='ltr'><strong>τις</strong></span> <span class='ocrx_word' id='word_1_506' title='bbox 598 1979 773 2013; x_wconf 68' lang='grc' dir='ltr'>ἀποφαίνοιτο</span> <span class='ocrx_word' id='word_1_507' title='bbox 785 1980 865 2014; x_wconf 78' lang='grc' dir='ltr'>σοφὸν</span> <span class='ocrx_word' id='word_1_508' title='bbox 885 1981 932 2008; x_wconf 81' lang='grc' dir='ltr'>καὶ</span> <span class='ocrx_word' id='word_1_509' title='bbox 953 1990 1015 2008; x_wconf 86' lang='grc' dir='ltr'>συν-</span> 
     </span>
    </p>
   </div>
   <div class='ocr_carea' id='block_1_64' title="bbox 230 2017 1013 2060">
    <p class='ocr_par' dir='ltr' id='par_1_64' title="bbox 230 2017 1013 2060">
     <span class='ocr_line' id='line_1_64' title="bbox 230 2017 1013 2060; baseline 0.01 -15"><span class='ocrx_word' id='word_1_510' title='bbox 230 2018 294 2045; x_wconf 71' lang='grc' dir='ltr'>ετὸν</span> <span class='ocrx_word' id='word_1_511' title='bbox 315 2017 383 2047; x_wconf 69' lang='grc' dir='ltr'>εἶναι</span> <span class='ocrx_word' id='word_1_512' title='bbox 399 2021 445 2047; x_wconf 77' lang='grc' dir='ltr'>τὸν</span> <span class='ocrx_word' id='word_1_513' title='bbox 466 2022 520 2048; x_wconf 85' lang='grc' dir='ltr'><strong>τῶν</strong></span> <span class='ocrx_word' id='word_1_514' title='bbox 537 2023 688 2058; x_wconf 72' lang='grc' dir='ltr'>εἰρημένων</span> <span class='ocrx_word' id='word_1_515' title='bbox 711 2024 807 2059; x_wconf 78' lang='grc' dir='ltr'>ἔχοντα</span> <span class='ocrx_word' id='word_1_516' title='bbox 831 2025 882 2060; x_wconf 80' lang='grc' dir='ltr'>τὴν</span> <span class='ocrx_word' id='word_1_517' title='bbox 902 2025 1013 2060; x_wconf 83' lang='grc' dir='ltr'>γνῶσιν,</span> 
     </span>
    </p>
   </div>
   <div class='ocr_carea' id='block_1_65' title="bbox 230 2064 1015 2106">
    <p class='ocr_par' dir='ltr' id='par_1_65' title="bbox 230 2064 1015 2106">
     <span class='ocr_line' id='line_1_65' title="bbox 230 2064 1015 2106; baseline 0.011 -17"><span class='ocrx_word' id='word_1_518' title='bbox 230 2064 280 2090; x_wconf 78' lang='grc' dir='ltr'>καὶ</span> <span class='ocrx_word' id='word_1_519' title='bbox 299 2065 363 2101; x_wconf 76' lang='grc' dir='ltr'>περὶ</span> <span class='ocrx_word' id='word_1_520' title='bbox 374 2066 460 2093; x_wconf 81' lang='grc' dir='ltr'>ταῦτα</span> <span class='ocrx_word' id='word_1_521' title='bbox 480 2068 676 2101; x_wconf 73' lang='grc' dir='ltr'>ἐσπουδακότα,</span> <span class='ocrx_word' id='word_1_522' title='bbox 694 2070 741 2104; x_wconf 83' lang='grc' dir='ltr'>ἀφ’</span> <span class='ocrx_word' id='word_1_523' title='bbox 753 2067 791 2097; x_wconf 82' lang='grc' dir='ltr'><strong>ὧν</strong></span> <span class='ocrx_word' id='word_1_524' title='bbox 807 2070 914 2102; x_wconf 78' lang='grc' dir='ltr'>ἐξέσται</span> <span class='ocrx_word' id='word_1_525' title='bbox 929 2080 1015 2106; x_wconf 88' lang='grc' dir='ltr'>κεχω-</span> 
     </span>
    </p>
   </div>
   <div class='ocr_carea' id='block_1_66' title="bbox 232 2109 1016 2150">
    <p class='ocr_par' dir='ltr' id='par_1_66' title="bbox 232 2109 1016 2150">
     <span class='ocr_line' id='line_1_66' title="bbox 232 2109 1016 2150; baseline 0.01 -16"><span class='ocrx_word' id='word_1_526' title='bbox 232 2109 378 2144; x_wconf 82' lang='grc' dir='ltr'>ρισμένους</span> <span class='ocrx_word' id='word_1_527' title='bbox 385 2119 414 2137; x_wconf 92' lang='grc' dir='ltr'><strong>τε</strong></span> <span class='ocrx_word' id='word_1_528' title='bbox 425 2112 522 2143; x_wconf 77' lang='grc' dir='ltr'>αὐτοὺς</span> <span class='ocrx_word' id='word_1_529' title='bbox 537 2112 583 2138; x_wconf 80' lang='grc' dir='ltr'>τοῦ</span> <span class='ocrx_word' id='word_1_530' title='bbox 598 2113 684 2139; x_wconf 84' lang='grc' dir='ltr'>κακοῦ</span> <span class='ocrx_word' id='word_1_531' title='bbox 694 2114 741 2140; x_wconf 74' lang='grc' dir='ltr'>καὶ</span> <span class='ocrx_word' id='word_1_532' title='bbox 755 2114 856 2150; x_wconf 83' lang='grc' dir='ltr'>σπουδῇ</span> <span class='ocrx_word' id='word_1_533' title='bbox 875 2116 1016 2149; x_wconf 83' lang='grc' dir='ltr'>μετιόντας</span> 
     </span>
    </p>
   </div>
   <div class='ocr_carea' id='block_1_67' title="bbox 230 2154 1016 2194">
    <p class='ocr_par' dir='ltr' id='par_1_67' title="bbox 230 2154 1016 2194">
     <span class='ocr_line' id='line_1_67' title="bbox 230 2154 1016 2194; baseline 0.01 -14"><span class='ocrx_word' id='word_1_534' title='bbox 230 2154 263 2180; x_wconf 79' lang='grc' dir='ltr'>τὸ</span> <span class='ocrx_word' id='word_1_535' title='bbox 282 2155 373 2186; x_wconf 69' lang='grc' dir='ltr'>καλὸν.</span> <span class='ocrx_word' id='word_1_536' title='bbox 397 2157 426 2182; x_wconf 87' lang='grc' dir='ltr'><strong>ἐν</strong></span> <span class='ocrx_word' id='word_1_537' title='bbox 440 2157 583 2193; x_wconf 84' lang='grc' dir='ltr'>ἀπαλλαγῇ</span> <span class='ocrx_word' id='word_1_538' title='bbox 602 2159 652 2193; x_wconf 84' lang='grc' dir='ltr'>μὲν</span> <span class='ocrx_word' id='word_1_539' title='bbox 665 2159 719 2185; x_wconf 89' lang='grc' dir='ltr'><strong>τῶν</strong></span> <span class='ocrx_word' id='word_1_540' title='bbox 735 2160 874 2194; x_wconf 87' lang='grc' dir='ltr'>χειρόνων,</span> <span class='ocrx_word' id='word_1_541' title='bbox 895 2161 925 2187; x_wconf 79' lang='grc' dir='ltr'><strong>ἐν</strong></span> <span class='ocrx_word' id='word_1_542' title='bbox 948 2162 1016 2187; x_wconf 85' lang='grc' dir='ltr'>ἀπο-</span> 
     </span>
    </p>
   </div>
   <div class='ocr_carea' id='block_1_68' title="bbox 231 2199 1016 2242">
    <p class='ocr_par' dir='ltr' id='par_1_68' title="bbox 231 2199 1016 2242">
     <span class='ocr_line' id='line_1_68' title="bbox 231 2199 1016 2242; baseline 0.009 -16"><span class='ocrx_word' id='word_1_543' title='bbox 231 2199 327 2227; x_wconf 79' lang='grc' dir='ltr'>λαύσει</span> <span class='ocrx_word' id='word_1_544' title='bbox 352 2202 382 2228; x_wconf 78' lang='grc' dir='ltr'>δὲ</span> <span class='ocrx_word' id='word_1_545' title='bbox 405 2202 566 2230; x_wconf 75' lang='grc' dir='ltr'>καθιστάναι</span> <span class='ocrx_word' id='word_1_546' title='bbox 589 2204 644 2230; x_wconf 89' lang='grc' dir='ltr'><strong>τῶν</strong></span> <span class='ocrx_word' id='word_1_547' title='bbox 667 2205 847 2240; x_wconf 84' lang='grc' dir='ltr'>κρειττόνων·</span> <span class='ocrx_word' id='word_1_548' title='bbox 868 2206 1016 2242; x_wconf 79' lang='grc' dir='ltr'>ἐπειδήπερ</span> 
     </span>
    </p>
   </div>
   <div class='ocr_carea' id='block_1_69' title="bbox 231 2245 1016 2286">
    <p class='ocr_par' dir='ltr' id='par_1_69' title="bbox 231 2245 1016 2286">
     <span class='ocr_line' id='line_1_69' title="bbox 231 2245 1016 2286; baseline 0.009 -15"><span class='ocrx_word' id='word_1_549' title='bbox 231 2245 342 2272; x_wconf 71' lang='grc' dir='ltr'>ἅπαντα.</span> <span class='ocrx_word' id='word_1_550' title='bbox 360 2247 395 2274; x_wconf 76' lang='grc' dir='ltr'><strong>τὰ</strong></span> <span class='ocrx_word' id='word_1_551' title='bbox 413 2248 489 2284; x_wconf 75' lang='grc' dir='ltr'>παρὰ</span> <span class='ocrx_word' id='word_1_552' title='bbox 507 2249 554 2275; x_wconf 85' lang='grc' dir='ltr'>τοῦ</span> <span class='ocrx_word' id='word_1_553' title='bbox 571 2249 640 2276; x_wconf 81' lang='grc' dir='ltr'>Θεοῦ</span> <span class='ocrx_word' id='word_1_554' title='bbox 658 2250 843 2285; x_wconf 81' lang='grc' dir='ltr'>πραττόμενα,</span> <span class='ocrx_word' id='word_1_555' title='bbox 869 2251 1016 2286; x_wconf 76' lang='grc' dir='ltr'>ὀρθότητος</span> 
     </span>
    </p>
   </div>
   <div class='ocr_carea' id='block_1_70' title="bbox 1095 1253 1854 1289">
    <p class='ocr_par' dir='ltr' id='par_1_70' title="bbox 1095 1253 1854 1289">
     <span class='ocr_line' id='line_1_70' title="bbox 1095 1253 1854 1289; baseline -0.004 -6"><span class='ocrx_word' id='word_1_556' title='bbox 1095 1255 1179 1283; x_wconf 77' lang='lat' dir='ltr'><strong>Vens.</strong></span> <span class='ocrx_word' id='word_1_557' title='bbox 1206 1255 1330 1282; x_wconf 78' lang='lat'><strong>9-10.—</strong></span> <span class='ocrx_word' id='word_1_558' title='bbox 1351 1254 1531 1289; x_wconf 72' lang='lat' dir='ltr'><strong>«Ephraimo,</strong></span> <span class='ocrx_word' id='word_1_559' title='bbox 1549 1253 1614 1288; x_wconf 84' lang='lat' dir='ltr'><strong>quid</strong></span> <span class='ocrx_word' id='word_1_560' title='bbox 1635 1253 1660 1281; x_wconf 86' lang='lat' dir='ltr'><strong>ei</strong></span> <span class='ocrx_word' id='word_1_561' title='bbox 1687 1254 1800 1282; x_wconf 88' lang='lat' dir='ltr'><strong>ulterius</strong></span> <span class='ocrx_word' id='word_1_562' title='bbox 1825 1258 1854 1281; x_wconf 87' lang='lat' dir='ltr'><strong>et</strong></span> 
     </span>
    </p>
   </div>
   <div class='ocr_carea' id='block_1_71' title="bbox 1061 1298 1850 1335">
    <p class='ocr_par' dir='ltr' id='par_1_71' title="bbox 1061 1298 1850 1335">
     <span class='ocr_line' id='line_1_71' title="bbox 1061 1298 1850 1335; baseline -0.006 -6"><span class='ocrx_word' id='word_1_563' title='bbox 1061 1301 1169 1329; x_wconf 86' lang='lat' dir='ltr'><strong>idolis?</strong></span> <span class='ocrx_word' id='word_1_564' title='bbox 1182 1300 1238 1335; x_wconf 87' lang='lat' dir='ltr'><strong>Ego</strong></span> <span class='ocrx_word' id='word_1_565' title='bbox 1256 1299 1396 1326; x_wconf 90' lang='lat' dir='ltr'><strong>humiliavi</strong></span> <span class='ocrx_word' id='word_1_566' title='bbox 1413 1306 1488 1331; x_wconf 89' lang='lat' dir='ltr'><strong>eum,</strong></span> <span class='ocrx_word' id='word_1_567' title='bbox 1503 1302 1530 1326; x_wconf 90' lang='lat' dir='ltr'><strong>et</strong></span> <span class='ocrx_word' id='word_1_568' title='bbox 1542 1306 1592 1333; x_wconf 87' lang='lat' dir='ltr'><strong>ego</strong></span> <span class='ocrx_word' id='word_1_569' title='bbox 1606 1298 1742 1325; x_wconf 82' lang='lat' dir='ltr'><strong>roborabo</strong></span> <span class='ocrx_word' id='word_1_570' title='bbox 1755 1305 1827 1325; x_wconf 90' lang='lat' dir='ltr'><strong>eum.</strong></span> <span class='ocrx_word' id='word_1_571' title='bbox 1840 1307 1850 1323; x_wconf 77' lang='grc'><strong>1</strong></span> 
     </span>
    </p>
   </div>
   <div class='ocr_carea' id='block_1_72' title="bbox 1063 1343 1853 1380">
    <p class='ocr_par' dir='ltr' id='par_1_72' title="bbox 1063 1343 1853 1380">
     <span class='ocr_line' id='line_1_72' title="bbox 1063 1343 1853 1380; baseline -0.005 -6"><span class='ocrx_word' id='word_1_572' title='bbox 1063 1346 1172 1374; x_wconf 80' lang='lat' dir='ltr'><strong>Nullam</strong></span> <span class='ocrx_word' id='word_1_573' title='bbox 1185 1346 1242 1380; x_wconf 86' lang='lat' dir='ltr'><strong>jam</strong></span> <span class='ocrx_word' id='word_1_574' title='bbox 1256 1345 1304 1372; x_wconf 89' lang='lat' dir='ltr'><strong>tibi</strong></span> <span class='ocrx_word' id='word_1_575' title='bbox 1321 1351 1382 1372; x_wconf 88' lang='lat' dir='ltr'><strong>esse</strong></span> <span class='ocrx_word' id='word_1_576' title='bbox 1394 1343 1615 1371; x_wconf 84' lang='lat' dir='ltr'><strong>communionem</strong></span> <span class='ocrx_word' id='word_1_577' title='bbox 1631 1351 1693 1371; x_wconf 89' lang='lat' dir='ltr'><strong>cum</strong></span> <span class='ocrx_word' id='word_1_578' title='bbox 1709 1344 1790 1370; x_wconf 86' lang='lat' dir='ltr'><strong>idolis</strong></span> <span class='ocrx_word' id='word_1_579' title='bbox 1806 1343 1853 1370; x_wconf 91' lang='lat' dir='ltr'><strong>de-</strong></span> 
     </span>
    </p>
   </div>
   <div class='ocr_carea' id='block_1_73' title="bbox 1063 1387 1852 1425">
    <p class='ocr_par' dir='ltr' id='par_1_73' title="bbox 1063 1387 1852 1425">
     <span class='ocr_line' id='line_1_73' title="bbox 1063 1387 1852 1425; baseline -0.008 -6"><span class='ocrx_word' id='word_1_580' title='bbox 1063 1395 1118 1423; x_wconf 86' lang='lat' dir='ltr'><strong>cet,</strong></span> <span class='ocrx_word' id='word_1_581' title='bbox 1136 1390 1201 1425; x_wconf 88' lang='lat' dir='ltr'><strong>quia</strong></span> <span class='ocrx_word' id='word_1_582' title='bbox 1216 1397 1267 1417; x_wconf 87' lang='lat' dir='ltr'><strong>nec</strong></span> <span class='ocrx_word' id='word_1_583' title='bbox 1284 1389 1339 1416; x_wconf 88' lang='lat' dir='ltr'><strong>illis</strong></span> <span class='ocrx_word' id='word_1_584' title='bbox 1352 1395 1468 1423; x_wconf 87' lang='lat' dir='ltr'><strong>prorsus</strong></span> <span class='ocrx_word' id='word_1_585' title='bbox 1484 1387 1627 1422; x_wconf 76' lang='lat' dir='ltr'><strong>indigebis.</strong></span> <span class='ocrx_word' id='word_1_586' title='bbox 1646 1387 1701 1422; x_wconf 81' lang='lat' dir='ltr'><strong>Ego</strong></span> <span class='ocrx_word' id='word_1_587' title='bbox 1717 1394 1792 1418; x_wconf 87' lang='lat' dir='ltr'><strong>vero,</strong></span> <span class='ocrx_word' id='word_1_588' title='bbox 1807 1387 1852 1422; x_wconf 88' lang='lat' dir='ltr'><strong>qui</strong></span> 
     </span>
    </p>
   </div>
   <div class='ocr_carea' id='block_1_74' title="bbox 1062 1432 1853 1467">
    <p class='ocr_par' dir='ltr' id='par_1_74' title="bbox 1062 1432 1853 1467">
     <span class='ocr_line' id='line_1_74' title="bbox 1062 1432 1853 1467; baseline -0.006 -4"><span class='ocrx_word' id='word_1_589' title='bbox 1062 1437 1098 1463; x_wconf 91' lang='lat' dir='ltr'><strong>ob</strong></span> <span class='ocrx_word' id='word_1_590' title='bbox 1112 1435 1220 1463; x_wconf 91' lang='lat' dir='ltr'><strong>illorum</strong></span> <span class='ocrx_word' id='word_1_591' title='bbox 1237 1434 1359 1462; x_wconf 88' lang='lat' dir='ltr'><strong>studium</strong></span> <span class='ocrx_word' id='word_1_592' title='bbox 1378 1438 1405 1461; x_wconf 90' lang='lat' dir='ltr'><strong>te</strong></span> <span class='ocrx_word' id='word_1_593' title='bbox 1420 1434 1638 1463; x_wconf 83' lang='lat' dir='ltr'><strong>hnmiliaveram.</strong></span> <span class='ocrx_word' id='word_1_594' title='bbox 1656 1436 1747 1467; x_wconf 80' lang='lat' dir='ltr'><strong>pestea</strong></span> <span class='ocrx_word' id='word_1_595' title='bbox 1764 1432 1853 1467; x_wconf 68' lang='lat' dir='ltr'><strong>pumi-</strong></span> 
     </span>
    </p>
   </div>
   <div class='ocr_carea' id='block_1_75' title="bbox 1063 1478 1852 1515">
    <p class='ocr_par' dir='ltr' id='par_1_75' title="bbox 1063 1478 1852 1515">
     <span class='ocr_line' id='line_1_75' title="bbox 1063 1478 1852 1515; baseline -0.003 -7"><span class='ocrx_word' id='word_1_596' title='bbox 1063 1485 1165 1509; x_wconf 85' lang='lat' dir='ltr'><strong>tentem</strong></span> <span class='ocrx_word' id='word_1_597' title='bbox 1177 1481 1262 1508; x_wconf 84' lang='lat' dir='ltr'><strong>veteri</strong></span> <span class='ocrx_word' id='word_1_598' title='bbox 1273 1479 1447 1515; x_wconf 86' lang='lat' dir='ltr'><strong>prosperitati</strong></span> <span class='ocrx_word' id='word_1_599' title='bbox 1465 1479 1585 1507; x_wconf 86' lang='lat' dir='ltr'><strong>restitui.</strong></span> <span class='ocrx_word' id='word_1_600' title='bbox 1598 1488 1608 1504; x_wconf 87' lang='grc'><strong><em>‹</em></strong></span> <span class='ocrx_word' id='word_1_601' title='bbox 1621 1478 1852 1513; x_wconf 86' lang='lat' dir='ltr'><strong>Sicutjuniperns</strong></span> 
     </span>
    </p>
   </div>
   <div class='ocr_carea' id='block_1_76' title="bbox 1061 1523 1846 1557">
    <p class='ocr_par' dir='ltr' id='par_1_76' title="bbox 1061 1523 1846 1557">
     <span class='ocr_line' id='line_1_76' title="bbox 1061 1523 1846 1557; baseline -0.005 -4"><span class='ocrx_word' id='word_1_602' title='bbox 1061 1526 1209 1557; x_wconf 82' lang='lat' dir='ltr'><strong>condensa,</strong></span> <span class='ocrx_word' id='word_1_603' title='bbox 1224 1526 1260 1552; x_wconf 89' lang='lat' dir='ltr'><strong>ita</strong></span> <span class='ocrx_word' id='word_1_604' title='bbox 1274 1525 1378 1552; x_wconf 91' lang='lat' dir='ltr'><strong>fructus</strong></span> <span class='ocrx_word' id='word_1_605' title='bbox 1391 1529 1454 1552; x_wconf 92' lang='lat' dir='ltr'><strong>tuus</strong></span> <span class='ocrx_word' id='word_1_606' title='bbox 1470 1532 1503 1552; x_wconf 85' lang='lat' dir='ltr'><strong>ex</strong></span> <span class='ocrx_word' id='word_1_607' title='bbox 1519 1532 1561 1551; x_wconf 89' lang='lat' dir='ltr'><strong>me</strong></span> <span class='ocrx_word' id='word_1_608' title='bbox 1574 1524 1738 1552; x_wconf 82' lang='lat' dir='ltr'><strong>invenietur.</strong></span> <span class='ocrx_word' id='word_1_609' title='bbox 1751 1533 1760 1549; x_wconf 70' lang='grc' dir='ltr'><strong>ι</strong></span> <span class='ocrx_word' id='word_1_610' title='bbox 1775 1523 1846 1556; x_wconf 79' lang='lat' dir='ltr'><strong>Quia</strong></span> 
     </span>
    </p>
   </div>
   <div class='ocr_carea' id='block_1_77' title="bbox 1065 1569 1851 1605">
    <p class='ocr_par' dir='ltr' id='par_1_77' title="bbox 1065 1569 1851 1605">
     <span class='ocr_line' id='line_1_77' title="bbox 1065 1569 1851 1605; baseline -0.005 -6"><span class='ocrx_word' id='word_1_611' title='bbox 1065 1571 1122 1599; x_wconf 63' lang='lat' dir='ltr'><strong>hare</strong></span> <span class='ocrx_word' id='word_1_612' title='bbox 1140 1572 1223 1598; x_wconf 83' lang='lat' dir='ltr'><strong>arbor</strong></span> <span class='ocrx_word' id='word_1_613' title='bbox 1242 1577 1350 1605; x_wconf 82' lang='lat' dir='ltr'><strong>semper</strong></span> <span class='ocrx_word' id='word_1_614' title='bbox 1364 1570 1485 1602; x_wconf 84' lang='lat' dir='ltr'><strong>virescit,</strong></span> <span class='ocrx_word' id='word_1_615' title='bbox 1507 1570 1559 1597; x_wconf 86' lang='lat' dir='ltr'><strong>ait:</strong></span> <span class='ocrx_word' id='word_1_616' title='bbox 1581 1569 1659 1596; x_wconf 84' lang='lat' dir='ltr'><strong>Sicut</strong></span> <span class='ocrx_word' id='word_1_617' title='bbox 1682 1569 1727 1596; x_wconf 87' lang='lat' dir='ltr'><strong>illa</strong></span> <span class='ocrx_word' id='word_1_618' title='bbox 1744 1576 1851 1603; x_wconf 85' lang='lat' dir='ltr'><strong>semper</strong></span> 
     </span>
    </p>
   </div>
   <div class='ocr_carea' id='block_1_78' title="bbox 1067 1614 1852 1649">
    <p class='ocr_par' dir='ltr' id='par_1_78' title="bbox 1067 1614 1852 1649">
     <span class='ocr_line' id='line_1_78' title="bbox 1067 1614 1852 1649; baseline -0.005 -5"><span class='ocrx_word' id='word_1_619' title='bbox 1067 1616 1195 1644; x_wconf 73' lang='lat' dir='ltr'><strong>foliorum</strong></span> <span class='ocrx_word' id='word_1_620' title='bbox 1214 1624 1291 1644; x_wconf 88' lang='lat' dir='ltr'><strong>coma</strong></span> <span class='ocrx_word' id='word_1_621' title='bbox 1309 1615 1468 1649; x_wconf 89' lang='lat' dir='ltr'><strong>frondescit,</strong></span> <span class='ocrx_word' id='word_1_622' title='bbox 1486 1615 1526 1643; x_wconf 86' lang='lat' dir='ltr'><strong>sic</strong></span> <span class='ocrx_word' id='word_1_623' title='bbox 1539 1619 1567 1643; x_wconf 86' lang='lat' dir='ltr'><strong>et</strong></span> <span class='ocrx_word' id='word_1_624' title='bbox 1584 1615 1652 1643; x_wconf 89' lang='lat' dir='ltr'><strong>istos</strong></span> <span class='ocrx_word' id='word_1_625' title='bbox 1668 1615 1726 1642; x_wconf 87' lang='lat' dir='ltr'><strong>fore</strong></span> <span class='ocrx_word' id='word_1_626' title='bbox 1747 1614 1773 1641; x_wconf 94' lang='lat' dir='ltr'><strong>in</strong></span> <span class='ocrx_word' id='word_1_627' title='bbox 1791 1621 1852 1649; x_wconf 88' lang='lat' dir='ltr'><strong>per-</strong></span> 
     </span>
    </p>
   </div>
   <div class='ocr_carea' id='block_1_79' title="bbox 1065 1661 1853 1699">
    <p class='ocr_par' dir='ltr' id='par_1_79' title="bbox 1065 1661 1853 1699">
     <span class='ocr_line' id='line_1_79' title="bbox 1065 1661 1853 1699; baseline -0.004 -10"><span class='ocrx_word' id='word_1_628' title='bbox 1065 1667 1147 1699; x_wconf 87' lang='lat' dir='ltr'><strong>petua</strong></span> <span class='ocrx_word' id='word_1_629' title='bbox 1169 1663 1304 1689; x_wconf 89' lang='lat' dir='ltr'><strong>bonorum</strong></span> <span class='ocrx_word' id='word_1_630' title='bbox 1325 1662 1463 1693; x_wconf 88' lang='lat' dir='ltr'><strong>ubertate,</strong></span> <span class='ocrx_word' id='word_1_631' title='bbox 1481 1669 1599 1696; x_wconf 90' lang='lat' dir='ltr'><strong>quorum</strong></span> <span class='ocrx_word' id='word_1_632' title='bbox 1617 1669 1684 1688; x_wconf 88' lang='lat' dir='ltr'><strong>usus</strong></span> <span class='ocrx_word' id='word_1_633' title='bbox 1707 1661 1748 1688; x_wconf 88' lang='lat' dir='ltr'><strong>eis</strong></span> <span class='ocrx_word' id='word_1_634' title='bbox 1763 1668 1779 1687; x_wconf 74' lang='grc' dir='ltr'><strong>Ι</strong></span> <span class='ocrx_word' id='word_1_635' title='bbox 1792 1667 1853 1687; x_wconf 87' lang='lat' dir='ltr'><strong>mea</strong></span> 
     </span>
    </p>
   </div>
   <div class='ocr_carea' id='block_1_80' title="bbox 1066 1705 1852 1743">
    <p class='ocr_par' dir='ltr' id='par_1_80' title="bbox 1066 1705 1852 1743">
     <span class='ocr_line' id='line_1_80' title="bbox 1066 1705 1852 1743; baseline -0.004 -8"><span class='ocrx_word' id='word_1_636' title='bbox 1066 1707 1238 1743; x_wconf 87' lang='lat' dir='ltr'><strong>providentia</strong></span> <span class='ocrx_word' id='word_1_637' title='bbox 1253 1707 1402 1742; x_wconf 85' lang='lat' dir='ltr'><strong>continget.</strong></span> <span class='ocrx_word' id='word_1_638' title='bbox 1418 1706 1608 1734; x_wconf 85' lang='lat' dir='ltr'><strong>Consentanec</strong></span> <span class='ocrx_word' id='word_1_639' title='bbox 1622 1713 1687 1733; x_wconf 89' lang='lat' dir='ltr'><strong>vero</strong></span> <span class='ocrx_word' id='word_1_640' title='bbox 1703 1705 1747 1733; x_wconf 86' lang='lat' dir='ltr'><strong>his</strong></span> <span class='ocrx_word' id='word_1_641' title='bbox 1764 1705 1852 1733; x_wconf 88' lang='lat' dir='ltr'><strong>omni-</strong></span> 
     </span>
    </p>
   </div>
   <div class='ocr_carea' id='block_1_81' title="bbox 1064 1751 1853 1787">
    <p class='ocr_par' dir='ltr' id='par_1_81' title="bbox 1064 1751 1853 1787">
     <span class='ocr_line' id='line_1_81' title="bbox 1064 1751 1853 1787; baseline -0.004 -7"><span class='ocrx_word' id='word_1_642' title='bbox 1064 1753 1132 1786; x_wconf 84' lang='lat' dir='ltr'><strong>bus,</strong></span> <span class='ocrx_word' id='word_1_643' title='bbox 1151 1753 1226 1780; x_wconf 85' lang='lat' dir='ltr'><strong>addit</strong></span> <span class='ocrx_word' id='word_1_644' title='bbox 1241 1752 1374 1787; x_wconf 88' lang='lat' dir='ltr'><strong>propheta</strong></span> <span class='ocrx_word' id='word_1_645' title='bbox 1388 1760 1396 1778; x_wconf 87' lang='lat'><strong>:</strong></span> <span class='ocrx_word' id='word_1_646' title='bbox 1420 1761 1430 1778; x_wconf 75' lang='grc' dir='ltr'><strong>ι</strong></span> <span class='ocrx_word' id='word_1_647' title='bbox 1443 1751 1511 1784; x_wconf 86' lang='lat' dir='ltr'><strong>Quis</strong></span> <span class='ocrx_word' id='word_1_648' title='bbox 1533 1751 1657 1787; x_wconf 86' lang='lat' dir='ltr'><strong>sapiens,</strong></span> <span class='ocrx_word' id='word_1_649' title='bbox 1671 1755 1701 1778; x_wconf 90' lang='lat' dir='ltr'><strong>et</strong></span> <span class='ocrx_word' id='word_1_650' title='bbox 1720 1751 1853 1786; x_wconf 84' lang='lat' dir='ltr'><strong>intelliget</strong></span> 
     </span>
    </p>
   </div>
   <div class='ocr_carea' id='block_1_82' title="bbox 1065 1796 1853 1833">
    <p class='ocr_par' dir='ltr' id='par_1_82' title="bbox 1065 1796 1853 1833">
     <span class='ocr_line' id='line_1_82' title="bbox 1065 1796 1853 1833; baseline -0.004 -7"><span class='ocrx_word' id='word_1_651' title='bbox 1065 1798 1135 1826; x_wconf 79' lang='lat' dir='ltr'><strong>ista?</strong></span> <span class='ocrx_word' id='word_1_652' title='bbox 1148 1798 1210 1833; x_wconf 85' lang='lat' dir='ltr'><strong>quis</strong></span> <span class='ocrx_word' id='word_1_653' title='bbox 1223 1798 1386 1833; x_wconf 85' lang='lat' dir='ltr'><strong>intelligens,</strong></span> <span class='ocrx_word' id='word_1_654' title='bbox 1400 1803 1427 1825; x_wconf 91' lang='lat' dir='ltr'><strong>et</strong></span> <span class='ocrx_word' id='word_1_655' title='bbox 1438 1802 1584 1832; x_wconf 84' lang='lat' dir='ltr'><strong>cognoscet</strong></span> <span class='ocrx_word' id='word_1_656' title='bbox 1596 1796 1669 1824; x_wconf 59' lang='lat' dir='ltr'><strong>hac?</strong></span> <span class='ocrx_word' id='word_1_657' title='bbox 1693 1796 1757 1832; x_wconf 91' lang='lat' dir='ltr'><strong>quia</strong></span> <span class='ocrx_word' id='word_1_658' title='bbox 1773 1799 1853 1823; x_wconf 61' lang='lat' dir='ltr'><strong>recte</strong></span> 
     </span>
    </p>
   </div>
   <div class='ocr_carea' id='block_1_83' title="bbox 1064 1842 1853 1879">
    <p class='ocr_par' dir='ltr' id='par_1_83' title="bbox 1064 1842 1853 1879">
     <span class='ocr_line' id='line_1_83' title="bbox 1064 1842 1853 1879; baseline -0.003 -8"><span class='ocrx_word' id='word_1_659' title='bbox 1064 1845 1115 1872; x_wconf 77' lang='lat' dir='ltr'><strong>via:</strong></span> <span class='ocrx_word' id='word_1_660' title='bbox 1126 1844 1338 1879; x_wconf 73' lang='lat' dir='ltr'><strong>Domini,88et</strong></span> <span class='ocrx_word' id='word_1_661' title='bbox 1351 1843 1414 1878; x_wconf 87' lang='lat' dir='ltr'><strong>iusti</strong></span> <span class='ocrx_word' id='word_1_662' title='bbox 1426 1843 1606 1870; x_wconf 87' lang='lat' dir='ltr'><strong>ambulabunt</strong></span> <span class='ocrx_word' id='word_1_663' title='bbox 1620 1843 1646 1870; x_wconf 92' lang='lat' dir='ltr'><strong>in</strong></span> <span class='ocrx_word' id='word_1_664' title='bbox 1660 1843 1729 1870; x_wconf 53' lang='lat' dir='ltr'><strong>eis»</strong></span> <span class='ocrx_word' id='word_1_665' title='bbox 1747 1842 1853 1877; x_wconf 81' lang='lat' dir='ltr'><strong>Reapse</strong></span> 
     </span>
    </p>
   </div>
   <div class='ocr_carea' id='block_1_84' title="bbox 1064 1888 1853 1926">
    <p class='ocr_par' dir='ltr' id='par_1_84' title="bbox 1064 1888 1853 1926">
     <span class='ocr_line' id='line_1_84' title="bbox 1064 1888 1853 1926; baseline -0.004 -8"><span class='ocrx_word' id='word_1_666' title='bbox 1064 1892 1234 1926; x_wconf 75' lang='lat' dir='ltr'><strong>exploratum</strong></span> <span class='ocrx_word' id='word_1_667' title='bbox 1244 1893 1296 1922; x_wconf 89' lang='lat' dir='ltr'><strong>est,</strong></span> <span class='ocrx_word' id='word_1_668' title='bbox 1313 1889 1373 1917; x_wconf 87' lang='lat' dir='ltr'><strong>illos</strong></span> <span class='ocrx_word' id='word_1_669' title='bbox 1387 1897 1449 1917; x_wconf 85' lang='lat' dir='ltr'><strong>esse</strong></span> <span class='ocrx_word' id='word_1_670' title='bbox 1459 1889 1595 1924; x_wconf 89' lang='lat' dir='ltr'><strong>sapientes</strong></span> <span class='ocrx_word' id='word_1_671' title='bbox 1610 1893 1690 1923; x_wconf 90' lang='lat' dir='ltr'><strong>atque</strong></span> <span class='ocrx_word' id='word_1_672' title='bbox 1699 1888 1853 1923; x_wconf 87' lang='lat' dir='ltr'><strong>intelligen-</strong></span> 
     </span>
    </p>
   </div>
   <div class='ocr_carea' id='block_1_85' title="bbox 1064 1933 1854 1970">
    <p class='ocr_par' dir='ltr' id='par_1_85' title="bbox 1064 1933 1854 1970">
     <span class='ocr_line' id='line_1_85' title="bbox 1064 1933 1854 1970; baseline -0.004 -7"><span class='ocrx_word' id='word_1_673' title='bbox 1064 1941 1116 1969; x_wconf 88' lang='lat' dir='ltr'><strong>tes,</strong></span> <span class='ocrx_word' id='word_1_674' title='bbox 1133 1935 1179 1970; x_wconf 89' lang='lat' dir='ltr'><strong>qui</strong></span> <span class='ocrx_word' id='word_1_675' title='bbox 1200 1935 1390 1970; x_wconf 62' lang='lat' dir='ltr'><strong>predictarum</strong></span> <span class='ocrx_word' id='word_1_676' title='bbox 1413 1941 1506 1961; x_wconf 85' lang='lat' dir='ltr'><strong>rerum</strong></span> <span class='ocrx_word' id='word_1_677' title='bbox 1531 1934 1674 1961; x_wconf 86' lang='lat' dir='ltr'><strong>scientiam</strong></span> <span class='ocrx_word' id='word_1_678' title='bbox 1695 1933 1807 1964; x_wconf 88' lang='lat' dir='ltr'><strong>habent,</strong></span> <span class='ocrx_word' id='word_1_679' title='bbox 1826 1937 1854 1960; x_wconf 84' lang='lat' dir='ltr'><strong>et</strong></span> 
     </span>
    </p>
   </div>
   <div class='ocr_carea' id='block_1_86' title="bbox 1064 1976 1853 2012">
    <p class='ocr_par' dir='ltr' id='par_1_86' title="bbox 1064 1976 1853 2012">
     <span class='ocr_line' id='line_1_86' title="bbox 1064 1976 1853 2012; baseline -0.006 -5"><span class='ocrx_word' id='word_1_680' title='bbox 1064 1979 1220 2008; x_wconf 86' lang='lat' dir='ltr'><strong>earumdem</strong></span> <span class='ocrx_word' id='word_1_681' title='bbox 1232 1978 1323 2006; x_wconf 85' lang='lat' dir='ltr'><strong>studio</strong></span> <span class='ocrx_word' id='word_1_682' title='bbox 1336 1981 1477 2010; x_wconf 88' lang='lat' dir='ltr'><strong>tenentur;</strong></span> <span class='ocrx_word' id='word_1_683' title='bbox 1492 1985 1606 2012; x_wconf 89' lang='lat' dir='ltr'><strong>quarum</strong></span> <span class='ocrx_word' id='word_1_684' title='bbox 1620 1976 1748 2012; x_wconf 73' lang='lat' dir='ltr'><strong>pmsidio</strong></span> <span class='ocrx_word' id='word_1_685' title='bbox 1759 1976 1853 2010; x_wconf 85' lang='lat' dir='ltr'><strong>sejun-</strong></span> 
     </span>
    </p>
   </div>
   <div class='ocr_carea' id='block_1_87' title="bbox 1065 2022 1855 2058">
    <p class='ocr_par' dir='ltr' id='par_1_87' title="bbox 1065 2022 1855 2058">
     <span class='ocr_line' id='line_1_87' title="bbox 1065 2022 1855 2058; baseline -0.006 -6"><span class='ocrx_word' id='word_1_686' title='bbox 1065 2026 1100 2052; x_wconf 91' lang='lat' dir='ltr'><strong>cti</strong></span> <span class='ocrx_word' id='word_1_687' title='bbox 1110 2033 1124 2052; x_wconf 87' lang='lat' dir='ltr'><strong>a</strong></span> <span class='ocrx_word' id='word_1_688' title='bbox 1134 2025 1210 2056; x_wconf 89' lang='lat' dir='ltr'><strong>vitio,</strong></span> <span class='ocrx_word' id='word_1_689' title='bbox 1220 2027 1247 2051; x_wconf 89' lang='lat' dir='ltr'><strong>et</strong></span> <span class='ocrx_word' id='word_1_690' title='bbox 1255 2023 1363 2050; x_wconf 88' lang='lat' dir='ltr'><strong>virtutis</strong></span> <span class='ocrx_word' id='word_1_691' title='bbox 1375 2023 1532 2058; x_wconf 85' lang='lat' dir='ltr'><strong>participes,</strong></span> <span class='ocrx_word' id='word_1_692' title='bbox 1541 2023 1676 2050; x_wconf 88' lang='lat' dir='ltr'><strong>deteriora</strong></span> <span class='ocrx_word' id='word_1_693' title='bbox 1684 2022 1818 2053; x_wconf 83' lang='lat' dir='ltr'><strong>vitabunt,</strong></span> <span class='ocrx_word' id='word_1_694' title='bbox 1827 2024 1855 2048; x_wconf 89' lang='lat' dir='ltr'><strong>et</strong></span> 
     </span>
    </p>
   </div>
   <div class='ocr_carea' id='block_1_88' title="bbox 1065 2066 1854 2097">
    <p class='ocr_par' dir='ltr' id='par_1_88' title="bbox 1065 2066 1854 2097">
     <span class='ocr_line' id='line_1_88' title="bbox 1065 2066 1854 2097; baseline -0.003 -1"><span class='ocrx_word' id='word_1_695' title='bbox 1065 2069 1191 2097; x_wconf 85' lang='lat' dir='ltr'><strong>fruentur</strong></span> <span class='ocrx_word' id='word_1_696' title='bbox 1201 2068 1368 2096; x_wconf 90' lang='lat' dir='ltr'><strong>melioribus.</strong></span> <span class='ocrx_word' id='word_1_697' title='bbox 1380 2067 1447 2095; x_wconf 89' lang='lat' dir='ltr'><strong>Nam</strong></span> <span class='ocrx_word' id='word_1_698' title='bbox 1457 2068 1547 2095; x_wconf 86' lang='lat' dir='ltr'><strong>cuncti</strong></span> <span class='ocrx_word' id='word_1_699' title='bbox 1559 2067 1605 2094; x_wconf 83' lang='lat' dir='ltr'><strong>Dei</strong></span> <span class='ocrx_word' id='word_1_700' title='bbox 1619 2071 1697 2094; x_wconf 87' lang='lat' dir='ltr'><strong>actus</strong></span> <span class='ocrx_word' id='word_1_701' title='bbox 1714 2066 1854 2095; x_wconf 85' lang='lat' dir='ltr'><strong>rectitudi-</strong></span> 
     </span>
    </p>
   </div>
   <div class='ocr_carea' id='block_1_89' title="bbox 1067 2112 1850 2148">
    <p class='ocr_par' dir='ltr' id='par_1_89' title="bbox 1067 2112 1850 2148">
     <span class='ocr_line' id='line_1_89' title="bbox 1067 2112 1850 2148; baseline -0.005 -5"><span class='ocrx_word' id='word_1_702' title='bbox 1067 2123 1101 2143; x_wconf 94' lang='lat' dir='ltr'><strong>ne</strong></span> <span class='ocrx_word' id='word_1_703' title='bbox 1116 2114 1199 2142; x_wconf 87' lang='lat' dir='ltr'><strong>multa</strong></span> <span class='ocrx_word' id='word_1_704' title='bbox 1214 2113 1377 2145; x_wconf 80' lang='lat' dir='ltr'><strong>redundant,</strong></span> <span class='ocrx_word' id='word_1_705' title='bbox 1388 2120 1442 2147; x_wconf 85' lang='lat' dir='ltr'><strong>qua</strong></span> <span class='ocrx_word' id='word_1_706' title='bbox 1453 2112 1586 2148; x_wconf 88' lang='lat' dir='ltr'><strong>dirigente</strong></span> <span class='ocrx_word' id='word_1_707' title='bbox 1599 2112 1771 2147; x_wconf 88' lang='lat' dir='ltr'><strong>pecatoribus</strong></span> <span class='ocrx_word' id='word_1_708' title='bbox 1783 2119 1850 2146; x_wconf 61' lang='lat' dir='ltr'><strong>quov</strong></span> 
     </span>
    </p>
   </div>
   <div class='ocr_carea' id='block_1_90' title="bbox 1067 2157 1852 2196">
    <p class='ocr_par' dir='ltr' id='par_1_90' title="bbox 1067 2157 1852 2196">
     <span class='ocr_line' id='line_1_90' title="bbox 1067 2157 1852 2196; baseline -0.005 -8"><span class='ocrx_word' id='word_1_709' title='bbox 1067 2169 1119 2196; x_wconf 90' lang='lat' dir='ltr'><strong>que</strong></span> <span class='ocrx_word' id='word_1_710' title='bbox 1128 2167 1234 2195; x_wconf 71' lang='lat' dir='ltr'><strong>paanam</strong></span> <span class='ocrx_word' id='word_1_711' title='bbox 1246 2158 1344 2192; x_wconf 85' lang='lat' dir='ltr'><strong>infert;</strong></span> <span class='ocrx_word' id='word_1_712' title='bbox 1355 2163 1381 2186; x_wconf 85' lang='lat' dir='ltr'><strong>et</strong></span> <span class='ocrx_word' id='word_1_713' title='bbox 1392 2162 1483 2193; x_wconf 90' lang='lat' dir='ltr'><strong>postea</strong></span> <span class='ocrx_word' id='word_1_714' title='bbox 1493 2159 1664 2193; x_wconf 68' lang='lat' dir='ltr'><strong>pwnitentes,</strong></span> <span class='ocrx_word' id='word_1_715' title='bbox 1676 2158 1782 2185; x_wconf 83' lang='lat' dir='ltr'><strong>salvare</strong></span> <span class='ocrx_word' id='word_1_716' title='bbox 1790 2157 1852 2184; x_wconf 81' lang='lat' dir='ltr'><strong>scit.</strong></span> 
     </span>
    </p>
   </div>
   <div class='ocr_carea' id='block_1_91' title="bbox 1067 2202 1852 2239">
    <p class='ocr_par' dir='ltr' id='par_1_91' title="bbox 1067 2202 1852 2239">
     <span class='ocr_line' id='line_1_91' title="bbox 1067 2202 1852 2239; baseline -0.005 -6"><span class='ocrx_word' id='word_1_717' title='bbox 1067 2206 1126 2233; x_wconf 79' lang='lat' dir='ltr'><strong>Jam</strong></span> <span class='ocrx_word' id='word_1_718' title='bbox 1146 2212 1211 2232; x_wconf 88' lang='lat' dir='ltr'><strong>vero</strong></span> <span class='ocrx_word' id='word_1_719' title='bbox 1225 2205 1315 2239; x_wconf 89' lang='lat' dir='ltr'><strong>justos</strong></span> <span class='ocrx_word' id='word_1_720' title='bbox 1334 2204 1395 2231; x_wconf 90' lang='lat' dir='ltr'><strong>illos</strong></span> <span class='ocrx_word' id='word_1_721' title='bbox 1409 2212 1469 2232; x_wconf 87' lang='lat' dir='ltr'><strong>esse</strong></span> <span class='ocrx_word' id='word_1_722' title='bbox 1484 2209 1650 2239; x_wconf 87' lang='lat' dir='ltr'><strong>compertum</strong></span> <span class='ocrx_word' id='word_1_723' title='bbox 1664 2207 1717 2235; x_wconf 86' lang='lat' dir='ltr'><strong>est,</strong></span> <span class='ocrx_word' id='word_1_724' title='bbox 1733 2202 1778 2237; x_wconf 83' lang='lat' dir='ltr'><strong>qui</strong></span> <span class='ocrx_word' id='word_1_725' title='bbox 1800 2202 1852 2230; x_wconf 84' lang='lat' dir='ltr'><strong>hoc</strong></span> 
     </span>
    </p>
   </div>
   <div class='ocr_carea' id='block_1_92' title="bbox 1068 2247 1853 2285">
    <p class='ocr_par' dir='ltr' id='par_1_92' title="bbox 1068 2247 1853 2285">
     <span class='ocr_line' id='line_1_92' title="bbox 1068 2247 1853 2285; baseline -0.004 -8"><span class='ocrx_word' id='word_1_726' title='bbox 1068 2251 1130 2279; x_wconf 60' lang='lat' dir='ltr'><strong>vita</strong></span> <span class='ocrx_word' id='word_1_727' title='bbox 1150 2257 1248 2285; x_wconf 85' lang='lat' dir='ltr'><strong>genere</strong></span> <span class='ocrx_word' id='word_1_728' title='bbox 1271 2253 1351 2281; x_wconf 88' lang='lat' dir='ltr'><strong>sunt,</strong></span> <span class='ocrx_word' id='word_1_729' title='bbox 1370 2254 1398 2277; x_wconf 87' lang='lat' dir='ltr'><strong>et</strong></span> <span class='ocrx_word' id='word_1_730' title='bbox 1418 2250 1545 2284; x_wconf 88' lang='lat' dir='ltr'><strong>utrinque</strong></span> <span class='ocrx_word' id='word_1_731' title='bbox 1564 2248 1654 2282; x_wconf 87' lang='lat' dir='ltr'><strong>juvari</strong></span> <span class='ocrx_word' id='word_1_732' title='bbox 1668 2248 1781 2275; x_wconf 87' lang='lat' dir='ltr'><strong>sciunt:</strong></span> <span class='ocrx_word' id='word_1_733' title='bbox 1805 2247 1853 2282; x_wconf 88' lang='lat' dir='ltr'><strong>qui</strong></span> 
     </span>
    </p>
   </div>
   <div class='ocr_carea' id='block_1_93' title="bbox 232 2290 1013 2333">
    <p class='ocr_par' dir='ltr' id='par_1_93' title="bbox 232 2290 1013 2330">
     <span class='ocr_line' id='line_1_93' title="bbox 232 2290 1013 2330; baseline 0.008 -14"><span class='ocrx_word' id='word_1_734' title='bbox 232 2290 313 2326; x_wconf 80' lang='grc' dir='ltr'>γέμει</span> <span class='ocrx_word' id='word_1_735' title='bbox 332 2292 431 2327; x_wconf 82' lang='grc' dir='ltr'>πολλῆς</span> <span class='ocrx_word' id='word_1_736' title='bbox 443 2313 450 2325; x_wconf 91' lang='grc'><strong>,</strong></span> <span class='ocrx_word' id='word_1_737' title='bbox 467 2293 526 2328; x_wconf 82' lang='grc' dir='ltr'>μεθ’</span> <span class='ocrx_word' id='word_1_738' title='bbox 549 2291 583 2330; x_wconf 86' lang='grc' dir='ltr'>ἦς</span> <span class='ocrx_word' id='word_1_739' title='bbox 597 2294 644 2321; x_wconf 77' lang='grc' dir='ltr'><strong>καὶ</strong></span> <span class='ocrx_word' id='word_1_740' title='bbox 664 2295 804 2321; x_wconf 75' lang='grc' dir='ltr'>πταίουσιν</span> <span class='ocrx_word' id='word_1_741' title='bbox 821 2295 920 2329; x_wconf 82' lang='grc' dir='ltr'>ἐπάγει</span> <span class='ocrx_word' id='word_1_742' title='bbox 933 2303 1013 2330; x_wconf 84' lang='grc' dir='ltr'>τιμω-</span> 
     </span>
    </p>
   </div>
   <div class='ocr_carea' id='block_1_94' title="bbox 1065 2290 1853 2333">
    <p class='ocr_par' dir='ltr' id='par_1_94' title="bbox 1069 2293 1853 2330">
     <span class='ocr_line' id='line_1_94' title="bbox 1069 2293 1853 2330; baseline -0.006 -7"><span class='ocrx_word' id='word_1_743' title='bbox 1069 2295 1249 2323; x_wconf 87' lang='lat' dir='ltr'><strong>modestiores</strong></span> <span class='ocrx_word' id='word_1_744' title='bbox 1264 2302 1279 2321; x_wconf 85' lang='lat' dir='ltr'><strong>a</strong></span> <span class='ocrx_word' id='word_1_745' title='bbox 1301 2295 1526 2330; x_wconf 76' lang='lat' dir='ltr'><strong>castigationibus</strong></span> <span class='ocrx_word' id='word_1_746' title='bbox 1550 2293 1628 2326; x_wconf 73' lang='lat' dir='ltr'><strong>farti,</strong></span> <span class='ocrx_word' id='word_1_747' title='bbox 1653 2294 1853 2320; x_wconf 86' lang='lat' dir='ltr'><strong>hortamentum</strong></span> 
     </span>
    </p>
   </div>
   <div class='ocr_carea' id='block_1_95' title="bbox 235 2337 1014 2375">
    <p class='ocr_par' dir='ltr' id='par_1_95' title="bbox 235 2337 1014 2375">
     <span class='ocr_line' id='line_1_95' title="bbox 235 2337 1014 2375; baseline 0.005 -12"><span class='ocrx_word' id='word_1_748' title='bbox 235 2337 313 2372; x_wconf 87' lang='grc' dir='ltr'>ρίαν·</span> <span class='ocrx_word' id='word_1_749' title='bbox 337 2338 383 2365; x_wconf 59' lang='grc' dir='ltr'><strong>καί¹</strong></span> <span class='ocrx_word' id='word_1_750' title='bbox 398 2340 634 2375; x_wconf 81' lang='grc' dir='ltr'>μεταμελομένους</span> <span class='ocrx_word' id='word_1_751' title='bbox 648 2361 655 2372; x_wconf 93' lang='grc'><strong>,</strong></span> <span class='ocrx_word' id='word_1_752' title='bbox 670 2340 832 2375; x_wconf 82' lang='grc' dir='ltr'>περισώζειν</span> <span class='ocrx_word' id='word_1_753' title='bbox 852 2341 996 2368; x_wconf 79' lang='grc' dir='ltr'>ἐπίσταται</span> <span class='ocrx_word' id='word_1_754' title='bbox 1008 2349 1014 2356; x_wconf 94' lang='grc'><strong>·</strong></span> 
     </span>
    </p>
   </div>
   <div class='ocr_carea' id='block_1_96' title="bbox 232 2383 1017 2420">
    <p class='ocr_par' dir='ltr' id='par_1_96' title="bbox 232 2383 1017 2420">
     <span class='ocr_line' id='line_1_96' title="bbox 232 2383 1017 2420; baseline 0.004 -10"><span class='ocrx_word' id='word_1_755' title='bbox 232 2383 354 2416; x_wconf 81' lang='grc' dir='ltr'>δικαίους</span> <span class='ocrx_word' id='word_1_756' title='bbox 369 2394 398 2411; x_wconf 84' lang='grc' dir='ltr'><strong>τε</strong></span> <span class='ocrx_word' id='word_1_757' title='bbox 421 2386 598 2420; x_wconf 76' lang='grc' dir='ltr'>ἀποφαίνοιτο</span> <span class='ocrx_word' id='word_1_758' title='bbox 614 2386 648 2413; x_wconf 81' lang='grc' dir='ltr'>ἄν</span> <span class='ocrx_word' id='word_1_759' title='bbox 666 2395 709 2417; x_wconf 87' lang='grc' dir='ltr'><strong>τις</strong></span> <span class='ocrx_word' id='word_1_760' title='bbox 722 2387 786 2418; x_wconf 75' lang='grc' dir='ltr'>τοὺς</span> <span class='ocrx_word' id='word_1_761' title='bbox 803 2387 831 2413; x_wconf 83' lang='grc' dir='ltr'><strong>ἐν</strong></span> <span class='ocrx_word' id='word_1_762' title='bbox 845 2386 951 2418; x_wconf 86' lang='grc' dir='ltr'>τούτοις</span> <span class='ocrx_word' id='word_1_763' title='bbox 973 2387 1017 2413; x_wconf 76' lang='grc' dir='ltr'><strong>ὕν-</strong></span> 
     </span>
    </p>
   </div>
   <div class='ocr_carea' id='block_1_97' title="bbox 232 2430 1017 2467">
    <p class='ocr_par' dir='ltr' id='par_1_97' title="bbox 232 2430 1017 2467">
     <span class='ocr_line' id='line_1_97' title="bbox 232 2430 1017 2467; baseline 0.004 -12"><span class='ocrx_word' id='word_1_764' title='bbox 232 2438 294 2462; x_wconf 80' lang='grc' dir='ltr'>τας,</span> <span class='ocrx_word' id='word_1_765' title='bbox 311 2430 357 2456; x_wconf 80' lang='grc' dir='ltr'>καὶ</span> <span class='ocrx_word' id='word_1_766' title='bbox 371 2431 401 2463; x_wconf 80' lang='grc' dir='ltr'>ἐξ</span> <span class='ocrx_word' id='word_1_767' title='bbox 423 2431 554 2467; x_wconf 77' lang='grc' dir='ltr'>ἑκατέρου</span> <span class='ocrx_word' id='word_1_768' title='bbox 568 2433 671 2459; x_wconf 85' lang='grc' dir='ltr'>τούτων</span> <span class='ocrx_word' id='word_1_769' title='bbox 691 2432 854 2466; x_wconf 81' lang='grc' dir='ltr'>ὠφελεῖσθαι</span> <span class='ocrx_word' id='word_1_770' title='bbox 869 2432 1017 2467; x_wconf 80' lang='grc' dir='ltr'>ἐπισταμέ-</span> 
     </span>
    </p>
   </div>
   <div class='ocr_carea' id='block_1_98' title="bbox 233 2476 1017 2513">
    <p class='ocr_par' dir='ltr' id='par_1_98' title="bbox 233 2476 1017 2513">
     <span class='ocr_line' id='line_1_98' title="bbox 233 2476 1017 2513; baseline 0.003 -12"><span class='ocrx_word' id='word_1_771' title='bbox 233 2484 315 2506; x_wconf 85' lang='grc' dir='ltr'>νους·</span> <span class='ocrx_word' id='word_1_772' title='bbox 343 2476 390 2502; x_wconf 82' lang='grc' dir='ltr'>καὶ</span> <span class='ocrx_word' id='word_1_773' title='bbox 410 2478 644 2513; x_wconf 84' lang='grc' dir='ltr'>σωφρονεστέρους</span> <span class='ocrx_word' id='word_1_774' title='bbox 664 2478 713 2512; x_wconf 79' lang='grc' dir='ltr'>μὲν</span> <span class='ocrx_word' id='word_1_775' title='bbox 734 2478 763 2504; x_wconf 82' lang='grc' dir='ltr'><strong>ἐν</strong></span> <span class='ocrx_word' id='word_1_776' title='bbox 786 2479 846 2509; x_wconf 83' lang='grc' dir='ltr'>ταῖς</span> <span class='ocrx_word' id='word_1_777' title='bbox 872 2477 1017 2512; x_wconf 85' lang='grc' dir='ltr'>τιμωρίαις</span> 
     </span>
    </p>
   </div>
   <div class='ocr_carea' id='block_1_99' title="bbox 233 2521 1016 2558">
    <p class='ocr_par' dir='ltr' id='par_1_99' title="bbox 233 2521 1016 2558">
     <span class='ocr_line' id='line_1_99' title="bbox 233 2521 1016 2558; baseline 0.003 -12"><span class='ocrx_word' id='word_1_778' title='bbox 233 2521 391 2555; x_wconf 80' lang='grc' dir='ltr'>γινομένους</span> <span class='ocrx_word' id='word_1_779' title='bbox 403 2541 410 2552; x_wconf 88' lang='grc'><strong>.</strong></span> <span class='ocrx_word' id='word_1_780' title='bbox 426 2523 466 2553; x_wconf 83' lang='grc' dir='ltr'><strong>είς</strong></span> <span class='ocrx_word' id='word_1_781' title='bbox 485 2522 640 2558; x_wconf 82' lang='grc' dir='ltr'>προτροπὴν</span> <span class='ocrx_word' id='word_1_782' title='bbox 656 2523 685 2550; x_wconf 83' lang='grc' dir='ltr'>δὲ</span> <span class='ocrx_word' id='word_1_783' title='bbox 708 2524 809 2558; x_wconf 84' lang='grc' dir='ltr'>ἀρετῆς</span> <span class='ocrx_word' id='word_1_784' title='bbox 831 2523 1016 2557; x_wconf 81' lang='grc' dir='ltr'>λαμϐάνοντας</span> 
     </span>
    </p>
   </div>
   <div class='ocr_carea' id='block_1_100' title="bbox 233 2566 1018 2604">
    <p class='ocr_par' dir='ltr' id='par_1_100' title="bbox 233 2566 1018 2604">
     <span class='ocr_line' id='line_1_100' title="bbox 233 2566 1018 2604; baseline 0.003 -12"><span class='ocrx_word' id='word_1_785' title='bbox 233 2566 288 2592; x_wconf 82' lang='grc' dir='ltr'><strong>τῶν</strong></span> <span class='ocrx_word' id='word_1_786' title='bbox 303 2568 335 2592; x_wconf 78' lang='grc' dir='ltr'><strong>ἐκ</strong></span> <span class='ocrx_word' id='word_1_787' title='bbox 347 2567 396 2601; x_wconf 79' lang='grc' dir='ltr'>τῆς</span> <span class='ocrx_word' id='word_1_788' title='bbox 412 2569 593 2602; x_wconf 85' lang='grc' dir='ltr'>μεταμελείας</span> <span class='ocrx_word' id='word_1_789' title='bbox 608 2568 830 2604; x_wconf 83' lang='grc' dir='ltr'>προσγινομένων</span> <span class='ocrx_word' id='word_1_790' title='bbox 841 2567 951 2602; x_wconf 83' lang='grc' dir='ltr'>ἀγαθῶν</span> <span class='ocrx_word' id='word_1_791' title='bbox 967 2567 1018 2602; x_wconf 84' lang='grc' dir='ltr'>τὴν</span> 
     </span>
    </p>
   </div>
   <div class='ocr_carea' id='block_1_101' title="bbox 233 2611 1017 2649">
    <p class='ocr_par' dir='ltr' id='par_1_101' title="bbox 233 2611 1017 2649">
     <span class='ocr_line' id='line_1_101' title="bbox 233 2611 1017 2649; baseline 0.003 -12"><span class='ocrx_word' id='word_1_792' title='bbox 233 2611 399 2638; x_wconf 72' lang='grc' dir='ltr'>ἀπόλαυσιν·</span> <span class='ocrx_word' id='word_1_793' title='bbox 423 2613 530 2645; x_wconf 78' lang='grc' dir='ltr'>ἀσεεείς</span> <span class='ocrx_word' id='word_1_794' title='bbox 551 2614 573 2640; x_wconf 80' lang='grc' dir='ltr'>δ’</span> <span class='ocrx_word' id='word_1_795' title='bbox 588 2613 620 2640; x_wconf 76' lang='grc' dir='ltr'>ἂν</span> <span class='ocrx_word' id='word_1_796' title='bbox 643 2614 808 2649; x_wconf 80' lang='grc' dir='ltr'>ἁποφήνοιτο</span> <span class='ocrx_word' id='word_1_797' title='bbox 831 2613 901 2640; x_wconf 87' lang='grc' dir='ltr'>κατὰ</span> <span class='ocrx_word' id='word_1_798' title='bbox 927 2614 1017 2640; x_wconf 81' lang='grc' dir='ltr'>πάντα</span> 
     </span>
    </p>
   </div>
   <div class='ocr_carea' id='block_1_102' title="bbox 234 2658 1017 2694">
    <p class='ocr_par' dir='ltr' id='par_1_102' title="bbox 234 2658 1017 2694">
     <span class='ocr_line' id='line_1_102' title="bbox 234 2658 1017 2694; baseline 0.001 -11"><span class='ocrx_word' id='word_1_799' title='bbox 234 2658 282 2683; x_wconf 74' lang='grc' dir='ltr'>καὶ</span> <span class='ocrx_word' id='word_1_800' title='bbox 295 2658 426 2685; x_wconf 82' lang='grc' dir='ltr'>παντοίων</span> <span class='ocrx_word' id='word_1_801' title='bbox 437 2659 539 2694; x_wconf 79' lang='grc' dir='ltr'>(ἀξίους</span> <span class='ocrx_word' id='word_1_802' title='bbox 549 2659 650 2692; x_wconf 87' lang='grc' dir='ltr'>κακῶν)</span> <span class='ocrx_word' id='word_1_803' title='bbox 659 2659 815 2690; x_wconf 79' lang='grc' dir='ltr'>ἐκείνους,οἳ</span> <span class='ocrx_word' id='word_1_804' title='bbox 825 2658 905 2693; x_wconf 80' lang='grc' dir='ltr'>μηδὲν</span> <span class='ocrx_word' id='word_1_805' title='bbox 915 2658 1017 2694; x_wconf 72' lang='grc' dir='ltr'>ἰσχύου-</span> 
     </span>
    </p>
   </div>
   <div class='ocr_carea' id='block_1_103' title="bbox 1067 2337 1852 2374">
    <p class='ocr_par' dir='ltr' id='par_1_103' title="bbox 1067 2337 1852 2374">
     <span class='ocr_line' id='line_1_103' title="bbox 1067 2337 1852 2374; baseline -0.004 -7"><span class='ocrx_word' id='word_1_806' title='bbox 1067 2340 1118 2368; x_wconf 87' lang='lat' dir='ltr'><strong>sibi</strong></span> <span class='ocrx_word' id='word_1_807' title='bbox 1136 2340 1169 2367; x_wconf 90' lang='lat' dir='ltr'><strong>ad</strong></span> <span class='ocrx_word' id='word_1_808' title='bbox 1184 2340 1309 2366; x_wconf 92' lang='lat' dir='ltr'><strong>virtutem</strong></span> <span class='ocrx_word' id='word_1_809' title='bbox 1324 2340 1457 2374; x_wconf 88' lang='lat' dir='ltr'><strong>judicant,</strong></span> <span class='ocrx_word' id='word_1_810' title='bbox 1475 2340 1608 2367; x_wconf 92' lang='lat' dir='ltr'><strong>bonorum</strong></span> <span class='ocrx_word' id='word_1_811' title='bbox 1631 2343 1692 2372; x_wconf 90' lang='lat' dir='ltr'><strong>post</strong></span> <span class='ocrx_word' id='word_1_812' title='bbox 1716 2337 1852 2373; x_wconf 76' lang='lat' dir='ltr'><strong>pumilea-</strong></span> 
     </span>
    </p>
   </div>
   <div class='ocr_carea' id='block_1_104' title="bbox 1065 2384 1854 2420">
    <p class='ocr_par' dir='ltr' id='par_1_104' title="bbox 1065 2384 1854 2420">
     <span class='ocr_line' id='line_1_104' title="bbox 1065 2384 1854 2420; baseline -0.003 -7"><span class='ocrx_word' id='word_1_813' title='bbox 1065 2388 1131 2414; x_wconf 88' lang='lat' dir='ltr'><strong>tiam</strong></span> <span class='ocrx_word' id='word_1_814' title='bbox 1148 2386 1355 2420; x_wconf 83' lang='lat' dir='ltr'><strong>impetratorum</strong></span> <span class='ocrx_word' id='word_1_815' title='bbox 1369 2385 1552 2413; x_wconf 88' lang='lat' dir='ltr'><strong>usufruetum.</strong></span> <span class='ocrx_word' id='word_1_816' title='bbox 1569 2384 1669 2420; x_wconf 86' lang='lat' dir='ltr'><strong>lmpios</strong></span> <span class='ocrx_word' id='word_1_817' title='bbox 1684 2389 1773 2411; x_wconf 82' lang='lat' dir='ltr'><strong>autem</strong></span> <span class='ocrx_word' id='word_1_818' title='bbox 1791 2391 1854 2412; x_wconf 88' lang='lat' dir='ltr'><strong>esse</strong></span> 
     </span>
    </p>
   </div>
   <div class='ocr_carea' id='block_1_105' title="bbox 1065 2429 1848 2465">
    <p class='ocr_par' dir='ltr' id='par_1_105' title="bbox 1065 2429 1848 2465">
     <span class='ocr_line' id='line_1_105' title="bbox 1065 2429 1848 2465; baseline -0.001 -7"><span class='ocrx_word' id='word_1_819' title='bbox 1065 2435 1172 2459; x_wconf 89' lang='lat' dir='ltr'><strong>constat</strong></span> <span class='ocrx_word' id='word_1_820' title='bbox 1188 2431 1310 2462; x_wconf 90' lang='lat' dir='ltr'><strong>omnino,</strong></span> <span class='ocrx_word' id='word_1_821' title='bbox 1324 2435 1351 2458; x_wconf 89' lang='lat' dir='ltr'><strong>et</strong></span> <span class='ocrx_word' id='word_1_822' title='bbox 1370 2431 1537 2465; x_wconf 81' lang='lat' dir='ltr'><strong>quibuslibet</strong></span> <span class='ocrx_word' id='word_1_823' title='bbox 1554 2430 1633 2457; x_wconf 85' lang='lat' dir='ltr'><strong>malis</strong></span> <span class='ocrx_word' id='word_1_824' title='bbox 1656 2429 1753 2464; x_wconf 83' lang='lat' dir='ltr'><strong>dignos</strong></span> <span class='ocrx_word' id='word_1_825' title='bbox 1775 2429 1848 2462; x_wconf 85' lang='lat' dir='ltr'><strong>illos,</strong></span> 
     </span>
    </p>
   </div>
   <div class='ocr_carea' id='block_1_106' title="bbox 1065 2474 1848 2514">
    <p class='ocr_par' dir='ltr' id='par_1_106' title="bbox 1065 2474 1848 2514">
     <span class='ocr_line' id='line_1_106' title="bbox 1065 2474 1848 2514; baseline -0.009 -8"><span class='ocrx_word' id='word_1_826' title='bbox 1065 2479 1112 2514; x_wconf 91' lang='lat' dir='ltr'><strong>qui</strong></span> <span class='ocrx_word' id='word_1_827' title='bbox 1141 2478 1208 2505; x_wconf 91' lang='lat' dir='ltr'><strong>nihil</strong></span> <span class='ocrx_word' id='word_1_828' title='bbox 1232 2477 1329 2505; x_wconf 82' lang='lat' dir='ltr'><strong>horum</strong></span> <span class='ocrx_word' id='word_1_829' title='bbox 1351 2482 1517 2511; x_wconf 80' lang='lat' dir='ltr'><strong>cognoscere</strong></span> <span class='ocrx_word' id='word_1_830' title='bbox 1537 2474 1638 2506; x_wconf 89' lang='lat' dir='ltr'><strong>valent,</strong></span> <span class='ocrx_word' id='word_1_831' title='bbox 1663 2474 1698 2500; x_wconf 85' lang='lat' dir='ltr'><strong>ob</strong></span> <span class='ocrx_word' id='word_1_832' title='bbox 1719 2477 1848 2500; x_wconf 74' lang='lat' dir='ltr'><strong>cerretan-</strong></span> 
     </span>
    </p>
   </div>
   <div class='ocr_carea' id='block_1_107' title="bbox 1071 2519 1853 2552">
    <p class='ocr_par' dir='ltr' id='par_1_107' title="bbox 1071 2519 1853 2552">
     <span class='ocr_line' id='line_1_107' title="bbox 1071 2519 1853 2552; baseline -0.009 -1"><span class='ocrx_word' id='word_1_833' title='bbox 1071 2529 1126 2551; x_wconf 88' lang='lat' dir='ltr'><strong>tem</strong></span> <span class='ocrx_word' id='word_1_834' title='bbox 1157 2530 1233 2550; x_wconf 89' lang='lat' dir='ltr'><strong>suam</strong></span> <span class='ocrx_word' id='word_1_835' title='bbox 1259 2522 1293 2549; x_wconf 88' lang='lat' dir='ltr'><strong>ad</strong></span> <span class='ocrx_word' id='word_1_836' title='bbox 1315 2521 1412 2548; x_wconf 87' lang='lat' dir='ltr'><strong>vitium</strong></span> <span class='ocrx_word' id='word_1_837' title='bbox 1436 2519 1654 2550; x_wconf 85' lang='lat' dir='ltr'><strong>inclinatiOnem;</strong></span> <span class='ocrx_word' id='word_1_838' title='bbox 1671 2522 1697 2545; x_wconf 89' lang='lat' dir='ltr'><strong>et</strong></span> <span class='ocrx_word' id='word_1_839' title='bbox 1712 2523 1853 2552; x_wconf 84' lang='lat' dir='ltr'><strong>propterea</strong></span> 
     </span>
    </p>
   </div>
   <div class='ocr_carea' id='block_1_108' title="bbox 1070 2563 1854 2604">
    <p class='ocr_par' dir='ltr' id='par_1_108' title="bbox 1070 2563 1854 2604">
     <span class='ocr_line' id='line_1_108' title="bbox 1070 2563 1854 2604; baseline -0.009 -8"><span class='ocrx_word' id='word_1_840' title='bbox 1070 2569 1218 2604; x_wconf 85' lang='lat' dir='ltr'><strong>quidquam</strong></span> <span class='ocrx_word' id='word_1_841' title='bbox 1240 2568 1382 2595; x_wconf 84' lang='lat' dir='ltr'><strong>honestum</strong></span> <span class='ocrx_word' id='word_1_842' title='bbox 1397 2573 1429 2593; x_wconf 85' lang='lat' dir='ltr'><strong>ac</strong></span> <span class='ocrx_word' id='word_1_843' title='bbox 1443 2565 1564 2593; x_wconf 77' lang='lat' dir='ltr'><strong>debitum</strong></span> <span class='ocrx_word' id='word_1_844' title='bbox 1587 2563 1754 2598; x_wconf 84' lang='lat' dir='ltr'><strong>intelligendi</strong></span> <span class='ocrx_word' id='word_1_845' title='bbox 1780 2563 1854 2590; x_wconf 92' lang='lat' dir='ltr'><strong>haud</strong></span> 
     </span>
    </p>
   </div>
   <div class='ocr_carea' id='block_1_109' title="bbox 1070 2609 1853 2648">
    <p class='ocr_par' dir='ltr' id='par_1_109' title="bbox 1070 2609 1853 2648">
     <span class='ocr_line' id='line_1_109' title="bbox 1070 2609 1853 2648; baseline -0.009 -7"><span class='ocrx_word' id='word_1_846' title='bbox 1070 2617 1220 2648; x_wconf 81' lang='lat' dir='ltr'><strong>compotes.</strong></span> <span class='ocrx_word' id='word_1_847' title='bbox 1234 2611 1450 2640; x_wconf 85' lang='lat' dir='ltr'><strong>Commentarius</strong></span> <span class='ocrx_word' id='word_1_848' title='bbox 1461 2610 1490 2638; x_wconf 91' lang='lat' dir='ltr'><strong>in</strong></span> <span class='ocrx_word' id='word_1_849' title='bbox 1503 2609 1601 2638; x_wconf 80' lang='lat' dir='ltr'><strong>Oscam</strong></span> <span class='ocrx_word' id='word_1_850' title='bbox 1616 2609 1775 2644; x_wconf 88' lang='lat' dir='ltr'><strong>prophetam</strong></span> <span class='ocrx_word' id='word_1_851' title='bbox 1793 2609 1853 2642; x_wconf 79' lang='lat' dir='ltr'><strong>(ex-</strong></span> 
     </span>
    </p>
   </div>
   <div class='ocr_carea' id='block_1_110' title="bbox 1069 2657 1167 2693">
    <p class='ocr_par' dir='ltr' id='par_1_110' title="bbox 1069 2657 1167 2693">
     <span class='ocr_line' id='line_1_110' title="bbox 1069 2657 1167 2693; baseline -0.01 -8"><span class='ocrx_word' id='word_1_852' title='bbox 1069 2657 1167 2693; x_wconf 79' lang='lat' dir='ltr'><strong>plicit.)</strong></span> 
     </span>
    </p>
   </div>
   <div class='ocr_carea' id='block_1_111' title="bbox 231 2695 1851 2742">
    <p class='ocr_par' dir='ltr' id='par_1_111' title="bbox 231 2695 1851 2742">
     <span class='ocr_line' id='line_1_111' title="bbox 231 2695 1851 2742; baseline -0.007 -9"><span class='ocrx_word' id='word_1_853' title='bbox 231 2714 275 2733; x_wconf 89' lang='grc' dir='ltr'><strong>σιν</strong></span> <span class='ocrx_word' id='word_1_854' title='bbox 290 2705 403 2738; x_wconf 85' lang='grc' dir='ltr'>τούτων,</span> <span class='ocrx_word' id='word_1_855' title='bbox 419 2707 452 2741; x_wconf 82' lang='grc' dir='ltr'><strong>τῇ</strong></span> <span class='ocrx_word' id='word_1_856' title='bbox 465 2707 531 2742; x_wconf 84' lang='grc' dir='ltr'>πρὸς</span> <span class='ocrx_word' id='word_1_857' title='bbox 552 2707 583 2733; x_wconf 80' lang='grc' dir='ltr'>τὸ</span> <span class='ocrx_word' id='word_1_858' title='bbox 596 2707 685 2742; x_wconf 84' lang='grc' dir='ltr'>χεῖρον</span> <span class='ocrx_word' id='word_1_859' title='bbox 700 2706 914 2741; x_wconf 77' lang='grc' dir='ltr'>προστετηκότες</span> <span class='ocrx_word' id='word_1_860' title='bbox 934 2705 1014 2740; x_wconf 71' lang='grc' dir='ltr'>ῥοπῇ,</span> <span class='ocrx_word' id='word_1_861' title='bbox 1026 2706 1072 2731; x_wconf 80' lang='grc' dir='ltr'>καὶ</span> <span class='ocrx_word' id='word_1_862' title='bbox 1088 2704 1206 2733; x_wconf 76' lang='grc' dir='ltr'>συνιέναι</span> <span class='ocrx_word' id='word_1_863' title='bbox 1223 2703 1266 2731; x_wconf 84' lang='grc' dir='ltr'><strong>διὰ</strong></span> <span class='ocrx_word' id='word_1_864' title='bbox 1282 2701 1360 2729; x_wconf 76' lang='grc' dir='ltr'>τοῦτο</span> <span class='ocrx_word' id='word_1_865' title='bbox 1371 2701 1424 2729; x_wconf 86' lang='grc' dir='ltr'><strong>τῶν</strong></span> <span class='ocrx_word' id='word_1_866' title='bbox 1434 2701 1548 2729; x_wconf 83' lang='grc' dir='ltr'>δεόντων</span> <span class='ocrx_word' id='word_1_867' title='bbox 1563 2699 1638 2728; x_wconf 75' lang='grc' dir='ltr'>οὐδὲν</span> <span class='ocrx_word' id='word_1_868' title='bbox 1656 2695 1709 2727; x_wconf 80' lang='grc' dir='ltr'>οἷοί</span> <span class='ocrx_word' id='word_1_869' title='bbox 1723 2705 1753 2726; x_wconf 84' lang='grc' dir='ltr'><strong>τε</strong></span> <span class='ocrx_word' id='word_1_870' title='bbox 1766 2696 1851 2730; x_wconf 73' lang='grc' dir='ltr'>ὄντες.</span> 
     </span>
    </p>
   </div>
   <div class='ocr_carea' id='block_1_112' title="bbox 233 2751 759 2788">
    <p class='ocr_par' dir='ltr' id='par_1_112' title="bbox 233 2751 759 2788">
     <span class='ocr_line' id='line_1_112' title="bbox 233 2751 759 2788; baseline -0.008 -8"><span class='ocrx_word' id='word_1_871' title='bbox 233 2766 269 2774; x_wconf 89' lang='lat'><strong>-</strong></span> <span class='ocrx_word' id='word_1_872' title='bbox 285 2751 435 2788; x_wconf 81' lang='grc' dir='ltr'>Ἐρμηνεία</span> <span class='ocrx_word' id='word_1_873' title='bbox 452 2751 529 2787; x_wconf 77' lang='grc' dir='ltr'>Ὠσηὲ</span> <span class='ocrx_word' id='word_1_874' title='bbox 547 2751 594 2778; x_wconf 79' lang='grc' dir='ltr'>τοῦ</span> <span class='ocrx_word' id='word_1_875' title='bbox 610 2751 759 2786; x_wconf 82' lang='grc' dir='ltr'>προφήτου.</span> 
     </span>
    </p>
   </div>
  </div>
