1972 3066
144 171 192 199 2H
741 173 915 202 THEODORI
935 174 1188 204 MOPSUESTENI'
1715 178 1768 207 2|‘2

162 246 1760 270 *ἓξὲξ-ἓξ

469 327 749 370 ΕΡΜΗΝΕΙΑ
781 327 918 371 ΙΩΗΛ
953 329 1066 371 ΤΟΥ
1103 330 1247 372 ΠΡΟΦ

644 327 749 369 ῙΕΙΑ
781 327 918 371 ΙΩΗΛ
953 329 1066 371 ΤΟΥ
1103 330 1422 374 ΠΡΟΦΗΤΟΥ.

930 445 966 452 -ο

204 518 772 578 COMMENTARIUS
813 522 886 578 IN
933 521 1203 578 JOELEM
1246 520 1699 578 PROPHETAM.

177 743 348 779 Propositum
367 746 445 773 nobis
461 751 504 775 est
519 747 590 774 beati
606 747 691 775 Joelis
704 749 922 783 explanationem
939 745 955 774 Α

1010 753 1047 786 (p.
1061 752 1111 779 105
1133 753 1142 785 )
1157 752 1302 787 Πρόκειται
1318 755 1367 786 μεν
1379 751 1446 786 ἡμῖν
1458 749 1506 776 τοῦ
1523 749 1659 785 μακαρίου
1680 748 1757 785 Ἰωὴλ

140 797 213 816 nunc
220 789 348 818 exordiri.
356 790 404 818 Est
411 798 476 819 vero
483 799 640 820 sermonum
649 793 710 827 ejus
722 801 918 829 argumentum,

981 797 1021 825 τοῦ
1039 798 1177 832 προφήτου
1200 798 1249 832 τῆς
1262 796 1411 832 σαφηνείας
1426 795 1599 831 ἀπάρξασθαι
1622 795 1668 821 νῦν
1679 803 1685 810 ·
1703 795 1759 821 ἐστι

140 840 170 861 ut
180 835 342 869 generaliter
354 836 454 869 dicam,
471 837 540 865 idem
555 839 628 873 quod
646 840 767 866 omnium
783 841 918 876 propheta-

981 842 1003 869 δὲ
1017 842 1144 874 ὑπόθεσις
1164 842 1246 869 αὑτοῦ
1269 841 1323 868 τῶν
1336 841 1434 875 λόγων,
1448 841 1546 872 κοινῶς
1562 841 1660 873 εἰπεῖν,
1676 841 1693 875 ἡ
1713 841 1759 867 καὶ

139 887 213 911 rum.
233 884 363 908 eventura
381 882 479 916 populo
497 883 643 917 praedicere
662 886 851 919 satagentium,
874 894 917 921 ρι’(

980 888 1083 914 πάντων
1106 887 1160 914 τῶν
1177 887 1336 922 προφητῶν,
1352 886 1387 913 τὰ
1408 887 1472 921 περὶ
1492 886 1538 912 τὸν
1554 885 1618 912 λαὸν
1641 885 1758 920 ἐσόμενα

139 925 239 952 collata
256 925 323 960 ipsis
340 926 392 954 hac
407 928 435 954 in
453 935 482 955 re
497 928 585 955 sancti
602 928 720 963 Spiritus
737 931 841 966 gratia:
859 939 917 967 quo-

1005 932 1087 968 γνύειν
1098 932 1314 963 ἐσπουδακότων,
1326 931 1397 958 κατὰ
1407 930 1456 966 τὴν
1471 930 1653 965 ἐγγενομένην
1668 928 1760 961 αὐτοῖς
1775 932 1783 937 '

139 977 200 997 rum
217 971 407 1005 prophetarum
424 972 540 1006 primus,
549 973 775 1007 quemadmodum
785 981 859 1003 retro
867 977 917 1004 aie-

980 977 1038 1012 περὶ
1051 977 1130 1004 τοῦτο
1139 976 1186 1003 τοῦ
1196 976 1274 1010 ἁγίου
1287 975 1443 1011 Πνεύματος
1457 975 1536 1011 χάριν
1550 984 1556 990 ⁸
1575 972 1612 1001 ὧν
1623 975 1693 1010 ἀρχὴ
1708 974 1758 1010 μιν

138 1014 213 1046 bam.
235 1016 330 1044 beatus
353 1016 435 1044 David
455 1018 530 1050 olim,
547 1018 602 1045 imo
617 1018 695 1046 valde
709 1020 870 1055 antiquitus,
896 1027 916 1048 et

980 1022 1078 1057 γέγονε,
1094 1022 1165 1048 καθὰ
1185 1021 1232 1048 καὶ
1245 1022 1377 1057 πρότερον
1399 1021 1476 1056 ἐφην,
1491 1022 1505 1047 ό
1524 1021 1659 1056 μακάριος
1676 1020 1758 1047 Δαυῖδ

138 1061 225 1088 multo
247 1066 310 1089 ante
323 1070 414 1090 rerum
436 1063 550 1094 exitum.
571 1068 668 1091 cuncto
692 1066 791 1100 populo
806 1066 916 1095 diversit

977 1068 1056 1095 πάλαι
1078 1068 1125 1094 καὶ
1139 1067 1276 1102 πρόπαλαι
1290 1068 1337 1093 καὶ
1353 1067 1420 1093 πολὺ
1445 1067 1512 1102 πρὸς
1537 1068 1586 1101 τῆς
1610 1065 1664 1093 τῶν
1683 1075 1755 1102 πρα-

139 1107 309 1141 temporibus
331 1111 460 1135 eventura
475 1109 577 1136 edixit:
596 1111 668 1145 quod
691 1111 761 1138 idem
778 1119 793 1139 a
811 1112 917 1147 reliquis

979 1113 1084 1148 γμάτων
1100 1112 1239 1143 ἐκϐάσεως
1260 1112 1367 1139 ἅπαντα
1382 1111 1416 1138 τὰ
1431 1112 1495 1147 περὶ
1506 1112 1551 1138 τὸν
1565 1111 1626 1138 λαὸν
1641 1111 1757 1146 ἐσόμενα

136 1151 219 1179 etiam
230 1153 370 1187 prophetis
378 1153 478 1181 factum
488 1159 541 1186 est,
553 1156 598 1190 qui
612 1155 767 1190 antiquiore
777 1156 914 1184 admodum

979 1159 1042 1185 ιατὰ
1055 1158 1201 1193 διαφόρους
1215 1158 1328 1192 καιροὺς
1339 1157 1470 1193 εἰρηκώς·
1487 1157 1517 1183 τὸ
1537 1157 1603 1183 αὐτὸ
1622 1157 1668 1184 καὶ
1682 1157 1757 1192 παρὰ

137 1200 260 1232 tempore
274 1198 308 1225 ab
324 1198 371 1225 illo
390 1199 472 1232 dicta,
492 1202 628 1235 posterius
647 1201 826 1234 ailirmarunt,
841 1203 915 1237 paulc

978 1202 1025 1229 τῶν
1037 1202 1138 1229 λοιπῶν
1161 1202 1268 1236 ἐγίνετο
1288 1202 1436 1237 προφητῶν
1454 1202 1490 1228 τὰ
1504 1202 1569 1237 παρ’
1586 1202 1690 1228 ἐκείνου
1704 1202 1756 1236 πρὸ

137 1241 266 1269 nimirum
281 1246 344 1270 ante
360 1243 479 1277 ipsarum
493 1252 585 1272 rerum
600 1250 737 1277 eventum,
758 1250 788 1272 ut
801 1246 881 1273 simul
894 1251 915 1274 et

979 1248 1077 1275 πολλῶν
1095 1247 1211 1283 ῥηθέντα
1226 1247 1280 1274 τῶν
1294 1247 1398 1282 χρόνων
1416 1247 1528 1282 ὕστερον
1551 1247 1695 1280 λεγόντων,
1710 1247 1757 1274 καὶ

137 1287 172 1314 de
185 1287 323 1322 pradictis
335 1288 574 1317 admoneiacerent
586 1297 692 1321 omnes,
705 1295 732 1317 et
749 1290 805 1326 69
823 1298 854 1318 ea
864 1291 915 1325 jam

976 1294 1039 1329 πρὸς
1053 1294 1122 1328 αὐτῇ
1146 1301 1178 1327 γε
1194 1294 1227 1328 τῇ
1243 1292 1297 1318 τῶν
1313 1292 1483 1328 πραγμάτων
1502 1291 1613 1319 ἐκϐάσει
1639 1292 1736 1326 μικροῦ
1747 1299 1754 1306 ⁸

136 1333 165 1359 in
179 1333 301 1366 proximo
324 1340 386 1360 esse
410 1339 577 1366 asserentes,
602 1336 789 1363 vaticiniorum
810 1337 914 1364 demon‘

977 1338 1009 1370 ὥς
1026 1340 1059 1366 ἂν
1077 1338 1145 1373 ὁμοῦ
1168 1347 1197 1365 τε
1216 1338 1271 1364 τῶν
1294 1338 1501 1374 προειρημένων
1524 1338 1755 1373 ὑπομιμνήσκοιεν

136 1380 255 1405 strarent.
276 1378 426 1405 veritatem.
444 1379 565 1414 Cumque
580 1380 653 1406 varia
667 1385 770 1413 essent,
785 1381 914 1416 variisqut

977 1384 1106 1415 ἱπαντας,
1132 1384 1179 1410 καὶ
1202 1383 1234 1419 δὴ
1259 1383 1372 1418 πλησίον
1401 1384 1516 1418 ἐσόμενα
1531 1383 1674 1417 λέγοντες,
1701 1383 1755 1409 τῶν

136 1423 319 1457 contingontia
334 1411 588 1459 temporibusiquae
603 1432 617 1451 a
632 1426 710 1453 beato
723 1411 842 1454 diximus
855 1411 914 1461 prae

977 1411 1181 1465 προειρημένων
1202 1411 1327 1464 μηνύοιεν
1343 1428 1393 1464 τὴν
1416 1411 1544 1464 ἀληθειαν
1556 1411 1712 1463 ’.διαφόρων
1727 1428 1755 1454 δὲ

136 1466 208 1493 dicta
223 1465 332 1499 Davide,
352 1468 508 1496 necessario
524 1476 742 1505 unumquemque
763 1471 914 1506 prophetam

976 1474 1068 1506 όντων,
1081 1475 1129 1500 καὶ
1141 1474 1212 1500 κατὰ
1224 1473 1370 1508 διαφόρους
1384 1472 1545 1508 συμϐάντων
1556 1472 1669 1507 καιροὺς
1686 1471 1754 1498 ἐκείσ

135 1511 294 1547 plerumque
305 1520 336 1540 ea
355 1513 444 1540 dicere
464 1519 585 1548 apparet,
606 1522 721 1549 quorum
746 1516 797 1543 sibi
816 1516 912 1551 propin

975 1529 1036 1552 νων,
1047 1520 1064 1546 ἃ
1076 1519 1114 1555 τῷ
1130 1519 1258 1554 μακαρίῳ
1273 1518 1390 1554 πρόσθεν
1406 1518 1510 1553 ἔφαμεν
1524 1517 1648 1553 εἰρῆσθαι
1663 1517 1753 1547 Δαυῖδ.

134 1558 216 1593 quior
228 1558 464 1586 demonstrabatur
478 1560 575 1587 exitus.
592 1559 796 1588 Connectebant
818 1566 908 1588 autem

976 1564 1129 1599 ἅναγκαίως
1158 1563 1212 1590 τῶν
1242 1563 1389 1600 προφητῶν
1415 1563 1528 1595 ἕκαστος
1557 1563 1627 1589 κατὰ
1650 1563 1699 1597 μὲν
1725 1563 1754 1589 τὸ

135 1609 318 1631 consentanea
339 1604 456 1639 quadam
480 1605 518 1632 rei
540 1605 611 1633 serie
623 1606 657 1633 ad
675 1605 700 1633 id
715 1606 834 1638 deducti,
854 1615 908 1634 non

975 1611 1095 1638 πλεῖστον
1118 1610 1208 1638 ἐκεῖνα
1234 1609 1357 1644 φαίνεται
1383 1609 1480 1642 λέγων,
1505 1605 1543 1634 ὧν
1570 1608 1684 1642 ἐγγύθεν
1710 1607 1753 1633 ἐπ’

135 1649 210 1677 nulla
223 1649 304 1676 etiam
319 1650 446 1684 posthinc
461 1649 562 1683 futura,
576 1650 623 1678 sed
638 1650 695 1678 inec
716 1651 775 1686 ipsa
804 1659 818 1678 a
841 1652 913 1679 healt

975 1655 1058 1687 αὐτῶν
1082 1656 1099 1690 ἡ
1121 1655 1233 1686 ἔκϐασις
1257 1654 1383 1689 ἐδηλοῦτο
1417 1653 1585 1689 πραγμάτων
1612 1654 1657 1688 (p.
1682 1652 1753 1686 104)·

135 1694 237 1722 Davide
258 1694 340 1721 dicta.
356 1694 454 1723 Beatus
469 1695 561 1730 itaque
575 1695 660 1724 Oseas
675 1704 735 1731 quae
750 1697 784 1723 ab
802 1697 913 1732 Assyrii:

977 1700 1106 1734 συνῆπτον
1126 1699 1154 1726 δέ
1169 1698 1201 1726 ἐκ
1217 1707 1289 1729 τινος
1302 1697 1462 1729 ἀκολουθίας
1481 1697 1527 1724 ἐπὶ
1543 1696 1621 1723 τοῦτο
1637 1696 1755 1732 προαγόο

135 1747 168 1767 uc
182 1740 336 1775 Babyloniis
344 1744 472 1768 eventura
486 1742 622 1775 posterius
632 1742 732 1776 populo
740 1747 827 1774 erant,
839 1743 905 1770 dicit

975 1753 1057 1779 μενοι,
1076 1743 1122 1770 καί
1136 1752 1197 1770 τινα
1215 1743 1268 1770 τῶν
1285 1744 1354 1778 μετὰ
1368 1742 1447 1769 τοῦτο
1460 1741 1610 1777 ἐσομένων,
1622 1741 1753 1776 εἰρημένα

135 1786 282 1813 emendare
305 1786 378 1813 hunc
387 1786 529 1814 connitens
548 1793 639 1814 rerum
652 1787 758 1813 illarum
771 1788 913 1814 mentiones

970 1789 1090 1824 δηλονότι
1106 1788 1153 1815 καὶ
1171 1787 1206 1814 τὰ
1223 1787 1292 1814 αὐτὰ
1315 1787 1354 1822 τῷ
1370 1786 1496 1822 μακαρίῳ
1509 1786 1590 1812 Δαυΐδ
1602 1793 1610 1802 ’
1624 1786 1638 1812 ό
1655 1787 1680 1820 γ’
1699 1783 1745 1812 οὖν

134 1832 192 1861 Joel
215 1839 280 1860 vero
303 1832 412 1859 easdem
427 1832 485 1867 ipse
506 1839 615 1867 quoque
639 1840 683 1860 res
710 1838 912 1860 commemorat.

976 1824 1106 1868 μακάριος
1126 1832 1203 1867 Ὠσηὲ
1217 1832 1252 1858 τὰ
1265 1832 1340 1867 παρὰ
1357 1840 1387 1857 τε
1403 1831 1456 1858 τῶν
1474 1830 1623 1864 ’Λσσυρίων
1639 1830 1687 1857 καὶ
1702 1830 1754 1856 Βα-

134 1879 235 1914 quippe
246 1885 294 1913 per
308 1877 378 1906 idem
392 1883 498 1913 tempus
512 1878 606 1906 vivens
617 1885 671 1913 quo
686 1877 781 1909 Oscos,
796 1881 876 1912 atque
892 1879 912 1906 ir

975 1878 1107 1905 ΰυλωνίων
1120 1877 1232 1912 ὕστερον
1250 1878 1313 1912 περὶ
1327 1877 1372 1903 τὸν
1385 1876 1448 1903 λαὸν
1460 1876 1577 1912 ἐσόμενα
1595 1876 1680 1910 λέγει,
1701 1884 1753 1902 σω-

134 1924 229 1951 eodem
246 1929 405 1959 argumento
421 1925 523 1952 versari
544 1924 660 1959 spiritali
677 1924 840 1951 revelatione
859 1932 912 1959 per:

975 1922 1107 1959 φρονίζειν
1122 1923 1220 1954 αὐτοὺς
1243 1924 1276 1958 τῇ
1295 1923 1391 1958 μνήμῃ
1415 1921 1584 1957 πειρώμενος
1598 1922 1724 1948 ἐκείνων’
1739 1921 1753 1946 ὁ

135 1973 236 1996 motus.
250 1969 331 1996 Addit
343 1969 424 1996 etiam
438 1977 498 2004 quae
512 1973 572 2004 post
585 1969 701 1996 reditum
715 1968 851 2004 Babylone
865 1975 913 1996 sta.

1014 1967 1090 2004 Ὶωὴλ
1107 1968 1243 2002 μέμνηται
1262 1967 1310 2002 μὲν
1334 1967 1382 1994 καὶ
1403 1966 1484 1998 αὐτὸς
1505 1966 1559 1993 τῶν
1580 1966 1668 1993 αὐτῶν
1681 1985 1689 1998 ,
1705 1965 1751 1993 ἅτε
1764 1976 1775 1996 ι

134 2014 184 2040 tim
193 2013 292 2041 Iudaeis
299 2014 484 2049 contigerunt,
494 2021 555 2040 cum
564 2021 631 2049 gens
639 2013 765 2049 Scythica
777 2014 817 2041 eis
829 2022 911 2049 super

999 2013 1016 2040 t't
1030 2013 1100 2040 κατὰ
1117 2013 1164 2039 τὸν
1181 2012 1262 2040 αὑτὸν
1280 2012 1374 2047 καιρὸν
1396 2012 1435 2047 τῷ
1455 2011 1534 2046 Ὠσηὲ
1555 2010 1689 2045 γεγονὼς,
1707 2005 1777 2041 καὶέ

135 2058 218 2089 venit,
233 2057 311 2092 cujus
326 2057 379 2085 dux
401 2057 458 2092 Gog
481 2061 550 2090 erat.
572 2065 721 2092 omnesque
739 2057 861 2086 funditus
873 2066 913 2086 ex-

998 2059 1035 2094 ιρὶ
1056 2058 1110 2085 τῶν
1133 2057 1222 2084 αὐτῶν
1245 2058 1332 2084 εἰπεῖν
1357 2057 1427 2084 κατὰ
1448 2057 1496 2092 τὴν
1518 2056 1688 2091 ἀποκάλυψιν
1703 2056 1752 2090 τὴν
1765 2053 1776 2093 _’

135 2104 273 2138 stinguere
289 2102 584 2138 volebat.Czuteroquin
599 2102 696 2136 Judaei,
708 2103 763 2130 Deo
777 2105 913 2138 suppetias

995 2103 1159 2139 νευματικὴν
1176 2103 1409 2138 ἐπιτετραμμένος
1420 2111 1428 2118 -
1443 2102 1605 2139 προστίθησι
1618 2101 1646 2128 δὲ
1660 2101 1708 2128 καὶ
1719 2101 1753 2127 τὰ
1766 2107 1773 2131 Ι

134 2147 250 2182 ferente,
276 2149 391 2177 victores
403 2149 580 2177 exstiterunt:
595 2156 648 2184 qua
662 2149 695 2177 de
707 2157 736 2177 re
747 2149 844 2177 beatus
854 2157 912 2185 quo-

992 2148 1042 2175 ετὰ
1053 2148 1102 2183 τὴν
1117 2147 1170 2174 ἀπὸ
1185 2147 1343 2178 Βαϐυλῶνος
1360 2146 1489 2174 ἐπάνοδον
1502 2146 1582 2178 εὐθὺς
1602 2146 1693 2177 αὐτοῖς
1706 2146 1770 2180 γε·1

135 2202 189 2230 que
203 2195 287 2222 David
302 2194 329 2222 in
347 2195 462 2222 Psalmis
478 2195 559 2221 verba
573 2194 644 2221 fecit.

972 2194 1086 2228 γονότα·
1108 2193 1226 2228 ὁπηνίκα
1241 2192 1372 2219 Σκυθικὸν
1388 2192 1436 2227 μὲν
1457 2191 1532 2223 ἔθνος
1547 2191 1639 2222 αὐτοῖς
1652 2190 1749 2226 ἐπελὴ¹

134 2240 222 2274 λυϐεν,
235 2238 319 2275 οὗπερ
332 2239 378 2267 οὖν
394 2240 418 2266 οἱ
436 2241 499 2275 περὶ
513 2240 558 2266 τὸν
573 2240 633 2274 Γὼγ
645 2239 767 2276 ἐξῆρχον.
783 2240 867 2276 ἄρδην
881 2241 1002 2272 ἅπαντας
1018 2240 1149 2267 ἀπολέσαι
1165 2239 1337 2273 βουλόμενον·
1355 2237 1484 2273 ὤφθησαν
1497 2231 1568 2265 δέὀὶ
1584 2237 1704 2264 Ἰουδαῖοι
1719 2239 1752 2273 τῇ

135 2288 195 2324 θείᾳ
209 2287 350 2323 συμμαχίᾳ
364 2287 504 2322 κρείττους
514 2286 625 2314 ἐκείνων
636 2295 643 2302 ·
658 2287 762 2322 εἴρηται
774 2287 801 2314 δέ
818 2287 865 2314 καὶ
882 2287 945 2323 περὶ
960 2287 1062 2315 τούτων
1078 2286 1117 2321 τῷ
1135 2286 1261 2322 μακαρίῳ
1271 2285 1351 2312 Δαυῒδ
1368 2286 1397 2312 ἐν
1411 2285 1544 2319 Ψαλμοῖς.

469 2345 544 2372 CAP.
564 2345 585 2372 1.

1291 2343 1367 2369 ΚΕΦ.
1388 2343 1425 2368 A‘.

86 2414 90 2433 ς
170 2401 254 2429 Vens.
273 2401 333 2430 1-5.
350 2416 381 2420 -
396 2409 404 2426 ‹
420 2399 537 2427 Verbum
551 2399 667 2431 Domini.
681 2399 753 2435 quod
767 2399 864 2427 factum

1006 2399 1079 2435 Στίχ.
1102 2399 1173 2432 α’-γ’.
1188 2412 1223 2419 --
1238 2408 1247 2424 ‹
1269 2398 1354 2431 Λόγος
1370 2398 1488 2432 Κυρίου,
1503 2397 1532 2429 ὃς
1554 2396 1670 2433 ἐγενήθη
1686 2396 1750 2431 πρὸς

134 2445 168 2473 ad
180 2444 280 2472 Joelem
297 2444 539 2474 Bathuelislllium.
554 2453 563 2469 ι
582 2443 631 2470 ilic
647 2444 852 2478 paritertitulus
860 2444 912 2481 qui-

976 2446 1053 2481 Ίωὴλ
1072 2446 1117 2471 τὸν
1130 2444 1175 2471 τοῦ
1194 2443 1326 2478 Βαθουήλ.
1356 2453 1365 2469 ι
1394 2443 1543 2477 Προγραφή
1560 2442 1601 2473 τίς
1620 2444 1678 2468 ἐστι
1705 2442 1751 2468 καὶ

134 2490 198 2517 dam
214 2495 267 2522 est,
292 2498 369 2527 atque
386 2497 417 2517 ac
434 2490 504 2528 apud
521 2489 630 2520 Oseam,
648 2489 840 2517 demonstrans
859 2497 906 2524 pro

973 2491 1040 2526 αὕτη
1057 2490 1253 2525 παραπλησίως
1267 2488 1305 2523 τῷ
1321 2488 1410 2523 Ὠσηὲ,
1426 2488 1543 2522 δηλοῦσα
1559 2487 1600 2513 ὅτι
1610 2486 1640 2518 ἐξ
1651 2487 1751 2512 ἀποκα-

135 2536 244 2573 phetam
267 2543 299 2564 ex
322 2536 487 2563 revelatione
507 2535 558 2572 ipsi
578 2535 669 2562 oblata
687 2534 818 2562 divinitus
843 2542 913 2561 com-

972 2534 1076 2570 λύψεώς
1094 2542 1165 2565 τινος
1181 2532 1355 2567 ἐγγεγονυίας
1368 2532 1442 2567 αὐτῷ
1454 2552 1462 2564 ,
1478 2531 1580 2558 θειόθεν
1595 2530 1750 2566 κινούμενος

134 2585 250 2614 motum,
268 2588 328 2615 qua:
342 2585 492 2614 sequuntur
506 2580 597 2607 dicere
613 2579 645 2606 ad
664 2579 754 2614 populi
775 2580 912 2606 utilitaten

973 2581 1047 2615 λέγει
1060 2580 1094 2606 τὰ
1116 2579 1179 2614 ἑξῆς
1190 2597 1197 2610 ,
1221 2579 1260 2609 εἰς
1276 2577 1408 2611 ὠφέλειαν
1424 2577 1593 2603 συντείνοντα
1613 2576 1659 2603 τοῦ
1674 2576 1748 2604 λαοῦ.

136 2626 249 2653 directa.
268 2635 278 2651 ε
290 2625 389 2652 Audite
403 2625 465 2657 hoc,
482 2633 572 2656 senes.
591 2629 618 2652 et
640 2625 752 2652 auribus
777 2624 914 2659 percipite.

974 2635 982 2652 ι
1010 2625 1156 2652 Ἀκούσατε
1173 2623 1256 2649 ταῦτα
1276 2623 1300 2649 oi
1323 2620 1750 2657 πρεσὸύτεροι,καὶένωτίσασθε,

136 2677 230 2698 omnes
243 2670 410 2697 habitatOres
423 2674 512 2701 terra,
530 2669 552 2696 si
575 2669 646 2696 facta
665 2674 728 2696 sunt
741 2669 805 2696 talia
818 2669 845 2696 in
862 2669 914 2696 d:e-

973 2671 1070 2702 πάντες
1089 2671 1113 2696 οἱ
1131 2668 1319 2700 κατοικοῦντες
1341 2668 1390 2703 τὴν
1409 2667 1471 2701 γῆν,
1490 2668 1514 2693 εί
1529 2666 1625 2700 γέγονε
1641 2666 1751 2693 τοιαῦτα

135 2715 188 2743 bus
203 2716 312 2742 vestris.
332 2714 436 2746 iQuasi
458 2714 492 2740 ad
511 2714 584 2741 dicta
611 2714 745 2741 audienda
768 2714 913 2748 segniores,

974 2717 999 2743 ἐν
1012 2717 1070 2747 ταῖς
1084 2715 1201 2750 ἡμέραις
1212 2713 1298 2749 ὑμῶν.
1319 2723 1328 2739 ι
1351 2714 1394 2744 Ὠς
1405 2713 1437 2739 ἂν
1453 2713 1636 2748 ῥᾳθυμότερον
1653 2712 1752 2738 διακει-

135 2761 256 2788 excitare
280 2760 464 2795 praedictionis
480 2764 584 2787 terrore
596 2764 725 2791 conatur;
735 2767 819 2794 quare
830 2763 857 2786 et
871 2759 913 2785 ini-

974 2760 1067 2795 μένους
1077 2759 1140 2794 περὶ
1152 2759 1185 2785 τὰ
1198 2758 1339 2792 λεγόμενα,
1349 2758 1386 2792 (p.
1406 2757 1465 2792 l05)
1474 2757 1615 2791 διεγείρειν
1630 2756 1667 2791 τῷ
1678 2755 1752 2790 φόϐῳ

137 2808 206 2836 tium
223 2809 364 2836 verborum
385 2815 496 2834 suorum
516 2807 589 2841 capit
612 2814 626 2832 a
650 2807 741 2834 minis.
764 2806 804 2832 Ad
825 2812 915 2831 omnes

973 2806 1024 2831 τῶν
1041 2804 1214 2840 μηνυομένων
1225 2804 1362 2838 πειρᾶται,
1378 2802 1447 2828 ὥστε
1462 2803 1509 2829 καὶ
1522 2802 1664 2837 προοίμιον
1677 2801 1751 2835 αὐτῷ

138 2857 223 2887 certe,
240 2854 336 2890 inquit,
353 2857 432 2882 terra:
457 2853 560 2881 incolas
590 2852 793 2890 praedicationis
816 2857 916 2879 sermo-

971 2851 1025 2878 τῶν
1049 2851 1134 2884 λόγων
1156 2848 1224 2876 εἶναι
1245 2849 1292 2884 τὴν
1313 2848 1443 2883 ἀπειλήν·
1469 2848 1534 2883 πρδς
1553 2848 1674 2878 iam”;
1697 2847 1748 2880 δὴ,
