1973 3066
214 122 270 149 215

731 123 1006 155 COMMENTARIUS
1022 126 1056 154 IN
1074 127 1187 156 JOELIS
1206 127 1281 155 CAP.
1301 129 1319 156 Ι.

1792 127 1845 155 2Ιῶ

215 179 306 215 imit,
333 180 395 212 τοὺς
424 181 473 215 τὴν
501 180 554 216 γῆν
586 180 729 213 οἰκοῦντας
757 183 807 217 τῆς
834 183 1002 218 ἐπαγγελίας

1054 193 1114 212 nem
1138 186 1263 217 instituo,
1282 186 1308 212 in
1323 185 1418 220 primis
1432 192 1497 213 vero
1518 185 1572 220 7o
1590 183 1621 211 ad
1646 184 1779 220 seniores,
1796 186 1843 220 qui

216 226 346 261 ποιοῦμαι
363 226 407 253 τὸν
432 226 527 260 λόγον·
553 227 601 254 καὶ
623 227 677 263 πρό
699 236 731 262 γε
748 228 802 254 τῶν
823 228 910 256 ἄλλων
935 230 1003 265 πρὸς

215 273 282 304 τοὺς
296 273 324 298 ὲν
337 272 401 307 ὑμῖν
417 273 631 309 πρεσσυτέρους,
647 274 693 300 καί
709 282 735 299 τι
751 274 799 300 καὶ
813 274 892 301 πλέον
905 275 1003 302 εἰδέναι

214 317 258 345 διὰ
278 318 322 344 τὸν
341 318 446 353 μακρὸν
462 318 619 352 ὀφείλοντας
641 319 746 354 χρόνον,
764 320 788 345 εἰ
806 319 834 345 δέ
852 328 878 346 τι
901 319 1005 347 τοιοῦτο

215 363 338 397 γεγονὸς,
356 364 372 398 ἢ
387 363 458 390 κατὰ
468 364 514 390 τὸν
528 364 659 399 ὑμέτερον
672 365 802 400 καιρὸν,ἢ
815 365 884 392 κατά
895 365 940 391 τδν
949 366 1004 392 τῶν

217 409 357 444 ὑμετέρων
377 409 501 444 πατέρων
521 409 668 435 ἐπίστασθε
681 430 688 442 ,
710 411 789 436 ὁποῖα
809 410 841 446 δὴ
861 410 909 437 νῦν
933 411 998 446 ὑμῖν

217 454 322 480 ἐποίσει
336 453 412 487 Θεὸς,
428 455 474 480 ἐπὶ
495 454 594 489 μακρῷ
611 454 661 489 μὲν
676 455 752 490 ὑμῶν
771 455 953 490 ἀνασχόμενος
965 456 1005 491 τῷ

216 499 307 534 χρόνῳ
319 519 327 531 ,
348 500 510 534 ἀνεχόμενος
526 500 555 527 δὲ
576 500 685 536 μηκέτι,
705 501 767 527 ἐπεὶ
785 502 868 536 μηδὲν
884 502 956 536 ὑμᾶς
973 503 1005 528 ἐκ

215 544 267 578 τῆς
282 545 457 578 ἀνεξικακίας
471 545 675 581 ὠφελουμένους
696 547 763 582 ὁρᾷ,
780 546 934 573 τούναντίον
955 547 1005 581 μὲν

216 590 265 618 οὖν
277 593 323 618 καὶ
336 591 536 627 προκόπτοντας
547 593 592 618 ἐπὶ
599 592 629 619 τὸ
640 593 739 628 χεῖρον.
751 602 760 617 ι
773 592 839 627 Περὶ
852 593 940 620 αὐτῶν
949 593 1005 623 τοῖς

217 637 325 668 τέκνοις
343 637 419 671 ὑμῶν
433 637 612 672 διηγήσασθε,
634 637 679 664 καὶ
702 637 737 664 τὰ
757 637 841 664 τέκνα
855 637 932 672 ὑμῶν
947 638 1005 669 τοῖς

216 682 323 714 τέκνοις
334 682 432 713 αὐτῶν,
441 683 487 709 καὶ
493 682 526 709 τὰ
536 682 618 708 τέκνα
624 682 713 709 αὐτῶν
724 684 764 714 εἰς
773 683 870 716 γενεὰν
880 682 985 716 ἑτέραν.
993 692 1002 708 ι

217 727 328 755 Τοιοῦτο
345 728 398 763 γὰρ
414 727 446 763 δὴ
461 727 516 753 τῶν
535 727 582 753 νῦν
596 727 817 763 ὲπελευσομένων
832 728 896 762 ὑμῖν
910 727 940 754 τὺ
956 727 1003 762 μέ-

217 773 297 806 γεθος
311 774 415 804 κακῶν.
433 773 502 799 ὥστε
516 773 571 799 δεῖν
584 773 657 808 ὑμᾶς
674 773 719 800 διὰ
734 773 789 799 τῶν
803 773 933 809 διαδόχων
949 772 1003 800 τῶν

1053 231 1129 266 plura
1149 232 1220 258 scire
1244 232 1279 258 ob
1300 239 1378 258 suam
1399 231 1598 266 longmvitatem
1621 230 1736 261 debent,
1758 238 1842 266 rogo,

1053 277 1176 311 inquam,
1192 284 1226 303 an
1241 284 1289 310 par
1304 276 1408 311 aliquid
1427 276 1469 303 vel
1482 279 1562 303 aetate
1575 279 1663 303 vestra
1679 275 1719 302 vel
1735 280 1844 310 patrum

1053 326 1206 348 vestrorum
1221 321 1368 356 contigisse
1381 320 1487 354 sciatis,
1502 321 1581 355 quale
1594 329 1667 348 nunc
1679 321 1757 348 vobis
1769 320 1841 348 Deus

1054 366 1177 394 facturus
1184 372 1235 397 est,
1248 367 1294 402 qui
1305 367 1384 401 longo
1396 367 1504 403 quidem
1515 370 1636 402 tempore
1645 374 1693 394 vos
1700 366 1842 398 sustinuit.

1054 412 1101 439 sed
1114 411 1171 446 jam
1186 412 1290 439 diutius
1306 420 1359 439 non
1376 411 1514 444 tolerabit,
1535 412 1598 448 quia
1612 412 1697 439 nihilo
1718 419 1767 439 vos
1784 419 1839 438 me

1052 456 1135 484 liores
1146 457 1181 484 ob
1196 458 1354 493 patientiam
1368 465 1446 486 suam
1458 457 1568 485 eﬁectos
1580 456 1662 487 videt,
1675 457 1728 483 imo
1743 460 1840 484 contra

1051 501 1080 529 in
1090 501 1212 530 deterius
1227 503 1308 530 etiam
1325 507 1437 530 ruentes
1451 522 1458 529 .
1479 512 1488 528 ι
1502 501 1591 536 Super
1604 501 1655 528 hoc
1667 501 1731 528 ﬁliis
1742 501 1842 529 vestris

1052 551 1174 579 narrate,
1183 551 1210 573 et
1221 547 1268 574 ﬁlii
1279 548 1364 575 vestri
1376 548 1439 575 ﬁliis
1452 548 1519 579 suis,
1528 551 1556 574 et
1564 546 1610 573 ﬁlii
1622 554 1716 574 eorum
1730 553 1843 581 genera-

1052 592 1117 619 tioni
1138 593 1227 619 alteri.
1243 603 1252 619 ι
1276 593 1363 620 Tanta
1385 594 1459 622 enim
1486 597 1529 620 est
1550 595 1743 619 eventurorum
1768 599 1843 618 nunc

1053 638 1132 665 vobis
1149 639 1281 666 malorum
1297 639 1469 674 magnitudo,
1485 642 1516 664 ut
1525 645 1574 665 vos
1585 640 1710 671 oporteat
1720 644 1768 672 per
1780 644 1843 664 suc-

1053 689 1179 710 cessores
1192 689 1298 711 vestros
1315 685 1348 712 ad
1364 689 1489 720 posteros
1503 683 1627 711 notitiam
1643 682 1838 714 transmittere.

1056 735 1110 762 quo
1123 735 1213 755 rerum
1225 731 1362 761 gestarum
1376 730 1485 758 novitas
1501 728 1562 756 illos
1571 735 1680 763 quoque
1694 726 1844 754 modestio-

1055 780 1099 800 res
1115 774 1202 808 possit
1215 775 1330 802 eiiicere.

216 820 325 847 οίκείων
341 821 380 852 είς
394 820 456 852 τοὺς
484 820 629 855 μετέπειτα
655 819 838 856 παραπέμψαι
857 820 905 855 τὴν
919 819 1028 854 γνῶσιν,
1049 820 1082 846 ἶν’
1093 822 1110 856 ή
1124 821 1178 848 τῶν
1201 823 1372 858 πραγμάτων
1388 821 1514 857 καινότης
1532 823 1565 857 τῇ
1579 822 1658 858 ἀκοῇ,
1668 819 1844 856 σωφρονίζειν

215 865 323 892 δύναιτο
339 865 489 897 κάκείνους.

252 910 325 946 Στίχ.
343 910 411 937 δ’·ε’.
432 925 462 932 —
481 919 490 935 ο
510 910 550 937 Τὰ
567 910 717 936 κατάλοιπα
738 910 788 944 τῆς
806 910 920 944 κάμπης
940 917 1003 935 κατ-

1092 908 1175 936 Vzns.
1197 910 1256 936 4-5.
1272 925 1306 930 ——
1328 919 1337 935 ι
1348 908 1465 936 Residua
1482 918 1572 938 eruca:
1585 911 1703 939 comedit
1722 911 1846 943 locusta,

216 955 321 990 έφαγεν
333 957 348 992 ἡ
369 957 450 991 ἀκρίς
459 964 467 972 ο
483 956 530 982 καὶ
543 955 577 982 τὰ
590 956 741 982 κατάλοιπα
751 956 801 990 τῆς
814 955 924 990 ἀκρίδος
939 963 1005 980 κατ-

216 1001 320 1035 ἐφαγεν
340 1003 353 1027 ὁ
370 1002 482 1037 βροῦχος
493 1009 500 1017 ·
531 1002 578 1028 καὶ
592 1001 627 1028 τὰ
649 1002 801 1028 κατάλοιπα
824 1000 872 1028 τοῦ
890 1001 1003 1036 βρούχου

217 1048 373 1081 κατέφαγεν
389 1048 405 1081 ὴ
423 1047 548 1082 ὲρυσίὸη.
565 1056 574 1073 ι
592 1046 736 1082 Τροπικῶς
752 1046 876 1081 βούλεται
893 1045 927 1072 τὰ
952 1046 1002 1072 ὲπ-

216 1092 364 1126 εληλυθότα
381 1092 472 1122 αὐτοῖς
489 1092 575 1118 εἰπεῖν
587 1092 660 1118 κακά
670 1099 677 1106 ·
689 1092 737 1118 καὶ
749 1091 788 1123 ὡς
805 1091 848 1118 ἀεὶ
864 1092 921 1122 τοῖς
936 1090 1005 1125 μετὰ

216 1137 303 1164 ταῦτα
325 1137 358 1164 τὰ
383 1137 502 1172 πρότερα
528 1137 695 1163 ἐπετείνετο·
724 1136 836 1172 ἐλήλυθε
859 1136 907 1171 μὲν
932 1135 1002 1171 γὰρ,

217 1182 285 1217 φησὶ
298 1202 305 1214 ,
324 1181 504 1217 Θεγλαφασὰρ
523 1182 537 1207 ὁ
553 1181 607 1208 τῶν
635 1181 785 1216 ’Δσσυρίων
810 1180 951 1215 βασιλεὺς,
973 1180 1003 1211 ὂς

216 1229 297 1263 δίκην
328 1228 442 1263 κάμτιης
469 1228 519 1254 οὑκ
541 1227 619 1262 ὀλίγα
644 1227 714 1263 μέρη
733 1227 787 1253 τῶν
811 1226 1002 1262 προσηκόντων

216 1273 283 1309 ὑμῖν
308 1273 444 1309 ἐδῄωσεν·
462 1273 500 1307 (p.
525 1273 592 1308 l06)
616 1272 675 1308 μετ’
699 1273 802 1299 ἐκεῖνον
823 1271 1002 1306 Σαλμανασάρ

216 1319 313 1354 ὥσπερ
326 1319 406 1355 ἀκρίς
421 1327 462 1350 τις
475 1318 555 1345 πλέον
572 1318 748 1353 ἐπινεμηθεὶς
764 1317 798 1343 τὰ
811 1317 944 1352 ὑμέτερα-
958 1317 1001 1342 ἐπ’

216 1362 331 1393 ἐκείνοις
343 1362 530 1398 Σενναχηρεὶμ
542 1361 656 1397 βρούχου
669 1362 746 1396 δίκην
758 1362 845 1388 κοινὸν
851 1361 1001 1396 ἀφανισμὸν

219 1408 328 1441 ἐπάγων
338 1409 399 1438 ταῖς
409 1408 474 1434 δέκα
485 1407 581 1441 φυλαῖς
595 1407 704 1442 Ἰσραήλ
713 1415 720 1423 ·
732 1406 896 1442 ἐπελήλυθεν
907 1406 1001 1440 ὥσπερ

217 1460 261 1484 τις
273 1451 385 1487 ὲρυσῑΰη
404 1452 471 1487 πρὸς
485 1454 541 1484 τοϊς
563 1453 666 1484 λοιποῖς
686 1453 700 1479 ὁ
718 1451 897 1484 Βαϐυλώνιος,
912 1452 941 1483 ὃς
953 1452 1000 1478 καὶ

217 1497 280 1527 τοὺς
290 1497 339 1531 τῆς
355 1497 483 1529 Ἰουδαίας
497 1497 597 1529 λαϐὼν,
609 1497 697 1524 κοινὸν
706 1497 832 1523 ἁπάντων
839 1497 888 1532 τῆς
899 1498 1000 1532 αἰχμα-

215 1544 316 1576 λωσίας
352 1543 485 1579 πεποίηκε
509 1544 539 1570 τὸ
560 1544 659 1570 κακόν·
684 1541 742 1570 εἶτα
754 1543 780 1570 τί
797 1543 919 1579 βούλεται
936 1543 998 1569 τού-

217 1598 271 1617 των
287 1589 304 1624 ἠ
324 1588 457 1624 μήνυσιςι
473 1596 483 1613 ι
506 1587 667 1623 Ἑκνήψατε,
679 1587 703 1613 οἱ
720 1586 876 1622 μεθύοντες,
888 1587 918 1619 se
929 1587 1000 1613 οἴνου

218 1634 318 1667 αὐτῶν,
334 1634 381 1661 καὶ
402 1632 554 1665 κλαύσατε,
577 1633 677 1664 πάντες
695 1633 719 1659 οἱ
738 1633 863 1665 πίνοντες
880 1632 950 1659 οἶνον
963 1634 1003 1664 εἰς

220 1679 323 1714 μέθην·
347 1679 388 1705 ὅτι
405 1678 516 1713 ἐξῆρται
537 1678 569 1704 ἐκ
592 1678 727 1711 στόματος
747 1677 824 1712 ὑμῶν
848 1677 1002 1713 εὐφροσύνη

217 1725 265 1751 καὶ
280 1723 361 1758 χαρά.
383 1732 392 1748 ι
414 1722 561 1749 ’Λπόθεσθε
578 1723 610 1758 δὴ
633 1722 681 1758 τὴν
697 1722 793 1758 μέθην,
809 1723 854 1757 ὑφ’
879 1720 913 1758 ἦς
935 1732 1002 1750 κατ-

218 1769 340 1804 εχόμενοι
354 1768 402 1794 νῦν
412 1767 456 1794 διὰ
466 1767 515 1803 τὴν
531 1768 600 1803 πρδς
613 1768 643 1794 τὸ
659 1769 748 1802 χεῖρον
762 1768 858 1803 ῥοπὴν,
871 1768 931 1794 οὐδὲ
943 1777 1004 1795 συν-

218 1816 283 1850 ορᾷν
298 1814 403 1841 ἐθέλετε
421 1813 451 1840 τὸ
469 1814 527 1840 δέον
537 1822 543 1829 ·
559 1813 606 1840 καὶ
621 1814 771 1848 μετάστητε
784 1814 824 1845 εἰς
835 1813 940 1849 δάκρυα
955 1814 1002 1841 καὶ

220 1860 342 1895 θρήνους,
353 1860 380 1886 εἴ
388 1868 445 1890 πως
457 1860 490 1894 τῇ
506 1858 672 1893 μεταμελείᾳ
684 1858 734 1893 ’τὴν
747 1858 864 1885 παλαιὰν
875 1859 1002 1894 ἀποσμή-

219 1903 278 1936 ξετε
307 1903 407 1938 μέθην·
429 1902 524 1937 ἐπειδὴ
546 1901 601 1936 γὰρ
618 1901 709 1927 οὐκέτι
731 1901 836 1937 χαίρειν
859 1902 931 1936 ὑμᾶς
957 1902 1003 1928 καὶ

219 1947 411 1984 εὐφραίνεσθαι
426 1946 460 1972 τὰ
475 1946 669 1981 συμϐησόμενα
684 1946 729 1981 es,
746 1946 856 1981 ἄμεινον
869 1947 908 1978 είς
925 1955 1004 1982 μετα-

222 1993 328 2028 μέλειαν
344 1992 383 2027 τῷ
396 2001 425 2018 τε
443 1992 534 2027 θρήνῳ
549 1992 702 2027 χρήσασθαι
718 1991 765 2018 καὶ
785 1993 840 2023 ’τοῖς
859 1992 1000 2028 δάκρυσιν,

219 2038 258 2070 ὠς
282 2038 315 2064 ἂν
341 2037 465 2064 ἐντεῦθεν
490 2037 640 2071 κουφισμύς
663 2045 705 2068 τις
731 2037 795 2071 ὑμῖν
823 2037 927 2071 γένοιτο
950 2037 1004 2064 τῶν

221 2083 328 2110 κακῶν·
345 2081 405 2110 εἶτα
418 2083 529 2118 μηνύων
547 2083 617 2117 ὑπὲρ
632 2083 694 2109 ὅτου
714 2082 810 2112 ταῦτα,
825 2082 922 2117 φησιν’

211 2148 215 2152 ‘
254 2140 328 2176 Στίχ.
352 2138 426 2171 (ς’-θ’.
443 2155 478 2159 --
503 2149 512 2164 ‹
532 2138 592 2165 Ὀτι
609 2138 685 2169 ἔθνος
707 2137 792 2172 ἀνέϐη
810 2138 857 2164 ἐπὶ
880 2138 929 2172 τὴν
951 2137 1004 2172 γῆν

222 2194 272 2221 μου
285 2185 391 2219 ἰσχυρὸν
402 2184 449 2210 καὶ
463 2183 656 2219 ἀναρίθμητον·
669 2183 693 2209 οἱ
705 2182 811 2214 ὀδόντες
822 2182 915 2216 αὑτοῦ,
931 2183 1005 2209 λέον-

1055 959 1082 981 et
1106 954 1213 981 residua
1240 955 1351 982 locusta:
1375 955 1493 982 comedit
1517 955 1655 990 bruchus,
1684 960 1710 984 et
1735 956 1851 984 residuav

1054 999 1151 1026 bruchi
1178 999 1296 1027 comedit
1327 1000 1434 1035 rubigo.
1446 1010 1455 1027 ι
1472 1000 1601 1036 Figurate
1616 1001 1674 1028 vult
1692 1008 1844 1036 superven-

1054 1049 1114 1072 tura
1129 1045 1196 1079 ipsis
1210 1045 1301 1072 dicere
1315 1046 1396 1077 mala,
1411 1051 1438 1073 et
1453 1046 1526 1081 quod
1541 1054 1650 1081 semper
1671 1046 1762 1081 priora
1779 1053 1844 1081 pos-

1054 1090 1202 1118 terioribus
1217 1091 1398 1126 augebuutur.
1414 1091 1495 1119 Venit
1509 1091 1592 1122 enim.
1612 1091 1711 1126 inquit,
1727 1091 1845 1127 Thegla-

1053 1135 1155 1170 phasar
1169 1135 1346 1171 Assyriorum
1359 1143 1418 1167 rex,
1434 1136 1481 1170 qui
1497 1143 1586 1163 erucae
1602 1135 1688 1163 instar
1704 1143 1759 1162 non
1774 1143 1843 1170 pau-

1053 1188 1099 1207 cas
1108 1188 1199 1208 rerum
1212 1185 1363 1208 vestrarum
1375 1184 1466 1215 partes
1483 1180 1679 1215 pessumdedit.
1690 1180 1754 1208 Post
1763 1180 1842 1208 illum

1054 1226 1238 1257 Salmanasar,
1253 1233 1302 1252 ceu
1315 1225 1439 1260 quadarn
1454 1225 1558 1253 locusta
1576 1226 1663 1261 magis
1685 1226 1775 1253 adhuc
1797 1234 1844 1254 ve-

1053 1275 1126 1298 stras
1147 1278 1212 1305 opes
1226 1270 1408 1305 depopulatus
1424 1274 1476 1298 est.
1490 1270 1593 1299 Deinde
1614 1271 1843 1299 Sennacherimus

1051 1317 1127 1351 quasi
1141 1316 1262 1344 bruchus
1274 1316 1518 1351 generaleexitium
1529 1316 1623 1344 decem
1636 1317 1762 1345 tribubus
1773 1317 1844 1344 intu-

1051 1363 1091 1390 lit.
1114 1362 1273 1390 Postremus
1288 1362 1409 1388 omninm
1425 1365 1556 1395 tanquam
1573 1361 1671 1397 rubigo
1685 1362 1845 1396 supervenit

1051 1407 1217 1443 Babylonius
1240 1406 1515 1442 (Nabuchodonosor)
1539 1407 1585 1441 qui
1606 1406 1707 1433 ludam
1731 1414 1843 1441 quoque

1049 1453 1148 1481 incolis
1167 1454 1265 1488 captis,
1285 1460 1458 1480 communem
1482 1452 1544 1479 fecit
1563 1452 1730 1487 captivitatis
1743 1460 1844 1479 aerum-

1049 1507 1123 1526 nam.
1140 1499 1225 1526 Porro
1237 1499 1303 1534 quid
1317 1499 1368 1526 sibi
1380 1499 1437 1526 vult
1450 1499 1543 1526 harum
1556 1506 1648 1526 rerum
1657 1499 1848 1526 denuntiatio?

1055 1554 1064 1570 ι
1074 1544 1312 1579 Expergiscimini,
1327 1543 1407 1577 ebrii,
1421 1551 1455 1571 ex
1467 1542 1530 1570 vino
1550 1547 1654 1576 vestro,
1677 1549 1704 1571 et
1719 1544 1842 1579 plorate,

1053 1597 1148 1617 omnes
1163 1590 1210 1624 qui
1226 1589 1319 1617 bibitis
1339 1589 1433 1616 vinum
1448 1589 1482 1615 ad
1494 1589 1667 1621 ebrietatem,
1683 1589 1747 1624 quia
1762 1589 1838 1616 abla-

1053 1639 1110 1661 tum
1126 1638 1167 1662 est
1182 1642 1214 1661 ex
1229 1641 1276 1661 ore
1288 1637 1381 1661 vestro
1402 1633 1533 1669 gaudium
1555 1637 1582 1661 et
1606 1634 1710 1661 laatitia.
1724 1643 1734 1660 ι
1747 1633 1844 1661 Pellite

1052 1680 1224 1711 ebrietatem,
1238 1687 1292 1714 qua
1307 1687 1380 1706 nunc
1395 1680 1533 1714 occupati,
1555 1683 1664 1714 propter
1676 1683 1794 1707 vestram
1808 1678 1843 1705 ad

1052 1725 1117 1752 vitia
1130 1725 1340 1759 proclivitatem,
1354 1724 1428 1760 quod
1442 1724 1516 1752 factu
1532 1733 1600 1760 opus
1614 1729 1657 1752 est
1670 1725 1743 1752 haud
1757 1725 1842 1752 vultis

1052 1770 1225 1804 conspicere:
1247 1773 1274 1797 et
1287 1769 1320 1797 ad
1337 1770 1471 1805 lacrymas
1492 1770 1684 1804 ploratumque
1706 1769 1842 1797 converti-

1052 1815 1130 1848 mini,
1147 1815 1169 1842 si
1186 1815 1256 1842 forte
1269 1815 1430 1850 pmnitentia
1444 1816 1583 1850 antiquam
1595 1815 1750 1850 abstergere
1765 1819 1843 1849 pota-

1052 1860 1113 1887 ritis
1125 1860 1296 1887 ebrietatem.
1311 1859 1379 1886 Nam
1393 1859 1458 1894 quia
1473 1859 1592 1894 gaudere
1604 1866 1652 1886 vos
1666 1859 1783 1886 ulterius
1801 1862 1843 1885 at-

1052 1913 1105 1940 que
1117 1905 1201 1932 laetari
1214 1912 1269 1932 non
1282 1905 1376 1932 sinunt
1390 1912 1483 1936 casus,
1504 1904 1602 1932 melius
1615 1909 1657 1931 est
1676 1904 1850 1938 pmnitentes.

1045 1953 1106 1987 ‘71
1129 1952 1234 1986 ploratu
1254 1951 1440 1986 lacrymisque
1454 1950 1504 1982 uti,
1522 1953 1551 1976 ut
1568 1950 1631 1976 hinc
1647 1949 1724 1977 vobis
1743 1949 1846 1977 levatio

1053 1998 1144 2032 aliqua
1157 1990 1290 2023 malorum
1306 1995 1456 2030 contingat.
1469 1995 1570 2022 Deinde
1579 1995 1737 2030 signiﬁcans
1746 2002 1843 2030 quam-

1053 2042 1147 2070 obrem
1164 2041 1232 2073 haec,
1249 2041 1335 2076 pergit
1348 2039 1441 2067 dicere
1454 2046 1470 2065 :—

1090 2137 1173 2164 Vens.
1191 2137 1248 2164 6—9.
1262 2152 1296 2156 ——
1310 2146 1319 2162 ι
1335 2136 1407 2164 Gens
1421 2137 1492 2164 enim
1507 2137 1630 2164 ascendit
1644 2145 1724 2171 super
1740 2141 1842 2164 terram

1055 2191 1142 2211 meam
1161 2182 1240 2210 fortis
1254 2185 1281 2208 et
1296 2181 1520 2213 innumerabilis;
1533 2181 1628 2208 dentes
1644 2181 1716 2215 ejus,
1734 2182 1838 2214 leonis,

218 2239 272 2262 τος·
290 2230 337 2256 καὶ
350 2230 378 2256 αἱ
390 2229 471 2264 μύλαι
484 2228 567 2256 αὑτοῦ
577 2249 584 2260 ,
599 2228 636 2259 ὼς
656 2227 776 2263 σκύμνου
800 2227 892 2255 αὑτοῦ.
908 2237 917 2253 ι
938 2228 1003 2254 Ἐπ-

1056 2232 1083 2256 et
1095 2229 1213 2255 molares
1228 2227 1299 2261 ejus.
1322 2231 1352 2253 ut
1368 2226 1451 2254 catuli
1475 2226 1572 2253 leonis.
1594 2235 1603 2251 ›
1620 2226 1842 2261 Supervenerunt

219 2274 363 2309 εληλύθασι
377 2274 432 2309 γὰρ
447 2275 480 2309 τῇ
502 2273 579 2308 χώρᾳ
601 2274 634 2308 τῇ
651 2273 704 2308 ἐμῇ
723 2272 846 2308 πολέμιοι
866 2273 957 2299 πολλοι
974 2281 1004 2299 τε

220 2319 267 2345 καὶ
297 2319 424 2347 δυνατοὶ.
446 2318 471 2344 οἳ
495 2317 610 2343 λεόντων
631 2317 707 2343 οὐδὲν
729 2317 919 2352 ἀφεστήκασι,
949 2319 1007 2350 τοῖς

220 2364 306 2391 ὀδοῦσι
336 2364 382 2390 καὶ
404 2364 463 2395 ταῖς
481 2362 575 2398 μύλαις
591 2363 650 2394 ταῖς
671 2362 780 2392 οίκείαις
802 2363 1006 2397 κατασφαττόν-

220 2417 272 2435 των
286 2417 315 2435 τε
329 2409 376 2434 καὶ
398 2407 644 2435 καταναλισκόντων
671 2407 726 2433 τῶν
743 2407 848 2442 κτηνῶν
873 2408 905 2434 τὰ
926 2407 1008 2442 ἐμπί-

222 2465 334 2488 πτοντα,
364 2457 391 2491 (p
433 2455 493 2491 lO'l)
520 2455 605 2486 οὕτως
624 2453 798 2489 ἀφανίζοντες
823 2462 853 2479 τε
879 2453 926 2479 καὶ
951 2461 1005 2489 χει-

224 2503 345 2539 ρούμενοι
371 2503 428 2534 τοῖς
449 2501 552 2532 ὅπλοις,
577 2510 586 2526 1
605 2501 701 2526 Ἔθετο
722 2499 771 2534 τὴν
800 2498 921 2534 ᾶμπελόν
953 2507 1003 2534 μου

220 2548 260 2579 εἰς
273 2547 434 2582 ἀφανισμὸν,
452 2546 499 2573 καὶ
511 2546 561 2576 τὰς
572 2546 656 2576 συκᾶς
672 2553 721 2580 μου
736 2545 776 2576 είς
789 2544 973 2580 συγκλασμόν.
992 2555 1000 2569 ι

221 2592 311 2619 Πάντα
326 2592 371 2619 τὸν
394 2592 511 2628 Ἰσραὴλ,
526 2591 555 2617 ὃν
566 2591 688 2626 ἀμπέλου
698 2590 775 2626 δίκην
791 2592 938 2626 περιεῖπον,
957 2591 1004 2617 καὶ

220 2636 264 2663 διὰ
278 2637 327 2672 τῆς
343 2637 503 2671 ἐπιμελείας
522 2635 734 2670 ὲγκαλλωπίζων
755 2636 805 2671 τῆς
828 2635 910 2671 ἐμῆς,
935 2636 1006 2673 ἠφά-

221 2682 278 2708 νισέ
301 2691 330 2708 τε
353 2683 401 2709 καὶ
423 2682 547 2708 ἀπώλεσε
573 2681 714 2712 παντελῶς
736 2681 784 2707 σὺν
800 2681 861 2712 ταῖς
881 2682 911 2707 ὲν
932 2682 1006 2716 μέσῳ

221 2727 326 2758 συκαῖς,
346 2726 379 2758 ἃς
395 2726 552 2761 συνέτριψεν
575 2726 698 2756 ἁπάσας·
715 2725 881 2752 αἰνίττεσθαι
899 2726 927 2752 δὲ
945 2725 1007 2760 βού-

227 2775 300 2801 λεται
313 2772 376 2803 τοὺς
387 2772 415 2798 ὲν
430 2772 521 2803 αὺτοῖς
533 2771 715 2806 ὑπερέχοντας
730 2770 838 2805 πλούτῳ
849 2780 878 2797 ’τε
892 2771 940 2797 καὶ
957 2772 1004 2797 δυ-

221 2815 311 2852 νάμει,
325 2816 356 2843 ὲκ
366 2816 412 2844 τοῦ
429 2817 464 2844 τᾶ
477 2815 586 2843 τοιαῦτα
601 2816 702 2852 δένδρα
712 2815 875 2852 ὑπερφέρειν
886 2816 938 2843 τῶν
956 2825 1006 2851 φο-

1053 2274 1160 2309 ι·εεὶοηὶ
1180 2280 1247 2300 mea:
1273 2272 1367 2299 hostes
1394 2272 1472 2302 multi
1498 2279 1531 2298 ac
1559 2271 1652 2305 validi,
1677 2279 1693 2298 a
1715 2271 1842 2299 leonibus

1055 2319 1127 2347 nihil
1146 2317 1314 2349 diﬂ‘ercntes,
1335 2317 1382 2351 qui
1405 2316 1534 2344 dentibus
1557 2316 1615 2344 suis
1638 2316 1843 2351 molaribusque

1055 2368 1200 2392 conterunt
1225 2367 1308 2398 atque
1340 2366 1508 2390 consumunt
1535 2369 1705 2397 quaecunque
1732 2362 1842 2390 obviam

1057 2409 1125 2436 ﬁunt
1141 2409 1277 2436 animalia.
1295 2408 1342 2434 Sic
1359 2407 1489 2434 nimirum
1512 2407 1606 2435 hostes
1621 2407 1705 2435 armis
1722 2407 1780 2435 suis
1798 2408 1842 2434 in-

1056 2450 1162 2482 vadunt
1174 2458 1256 2489 atque
1275 2453 1426 2481 devastant.
1446 2462 1456 2478 ι
1478 2452 1571 2480 Posuit
1589 2453 1695 2480 vineam
1712 2461 1799 2480 meam
1814 2453 1843 2480 in

1057 2500 1284 2534 dissipationem,
1312 2503 1339 2525 et
1362 2498 1495 2525 ﬁculneas
1520 2498 1548 2524 in
1577 2499 1802 2526 confractionem.
1829 2507 1839 2524 ι

1058 2546 1221 2573 Universum
1243 2544 1382 2576 lsraelem,
1405 2551 1485 2579 quem
1507 2544 1587 2578 quasi
1606 2545 1687 2571 vilem
1708 2544 1841 2576 colebam,

1057 2598 1171 2625 meaque
1191 2597 1257 2616 cura
1271 2590 1415 2621 ornabant,
1437 2588 1766 2624 destruxiH'unditusque
1781 2597 1844 2623 per-

1055 2636 1133 2667 didit,
1151 2643 1213 2662 cum
1238 2635 1407 2669 interpositis
1431 2635 1564 2667 ﬁculneis,
1581 2642 1651 2669 quas
1667 2642 1763 2662 omnes
1777 2642 1843 2662 con-

1055 2681 1145 2715 fregit.
1159 2679 1223 2706 Vult
1238 2684 1328 2706 autem
1340 2680 1456 2708 innuere
1466 2679 1661 2707 eminentiores
1672 2679 1744 2706 inter
1755 2678 1843 2706 Israe-

1055 2727 1117 2753 litas
1131 2726 1233 2753 divitiis
1247 2729 1329 2760 atque
1345 2725 1479 2760 potentia,
1496 2724 1625 2759 quoniam
1651 2724 1692 2751 hae
1729 2723 1842 2750 arbores

1055 2772 1148 2800 extolli
1168 2779 1251 2806 supra
1266 2771 1331 2800 vitis
1354 2772 1463 2807 plantas
1489 2771 1625 2799 videntur.
1652 2779 1661 2796 ι
1686 2768 1842 2797 Scrutando

1060 2821 1198 2846 scrutatus
1209 2821 1254 2846 cst-
1265 2817 1347 2852 illam,
1363 2818 1440 2846 albos
1455 2817 1518 2845 fecit
1531 2816 1656 2852 palmites
1672 2815 1741 2851 ejus.
1761 2823 1771 2840 ι
1787 2812 1841 2841 το-
