1972 3066
138 100 192 128 215

741 99 915 128 TllEODORl
936 101 1177 130 MOPSUESTENI

1707 102 1761 131 2M

137 164 193 187 tam
206 159 279 186 illam
296 158 428 187 invadens
446 157 485 185 sic
500 157 600 185 evulsit
616 161 643 185 et
657 158 684 184 ir.
700 158 859 185 servitutem
877 159 924 186 ab-

991 158 1028 185 ὦν
1047 158 1097 193 τῆς
1120 158 1243 193 ἀμπέλου
1265 157 1361 184 δοκεῖν.
1389 167 1398 183 ι
1432 157 1563 193 Ἑρευνῶν
1579 158 1762 194 ὲξηρεύνησεν

83 225 87 230 ι
138 206 227 237 duxit,
253 209 283 232 ut
301 205 400 240 captivi
417 203 541 231 homines
565 211 738 238 nequaquam
754 203 893 231 dill'errent
909 211 924 230 a

139 251 297 287 palmitibus
312 248 514 276 albescentibus
538 248 674 283 planeque
691 248 836 276 exsiccatis
847 252 923 284 post-

139 303 222 331 quam
244 295 308 322 vilis
335 294 467 322 subvcrsa
491 293 552 321 l'uit.
580 302 589 318 ι
610 293 721 329 Planget
739 293 772 321 ad
798 301 840 321 me
864 294 925 329 plus

141 349 221 376 quam
238 348 338 376 sponsa
356 347 437 367 sacco
452 339 576 366 accincta
602 346 685 374 super
698 339 785 366 virum
806 339 925 374 virgina-

141 386 194 414 lem
213 393 303 414 suum.
333 395 342 412 ›
361 385 440 413 Tunc
460 385 614 420 iniquitatis
632 392 688 412 sua:
710 392 820 412 sensum
838 385 926 419 perci-

140 433 227 468 pient,
241 435 268 458 et
283 439 344 458 cum
363 431 470 466 magnis
489 431 522 458 ad
544 438 588 458 me
604 430 752 465 respicicnt
768 431 924 465 gemitibus,

140 485 203 512 qua:
218 477 286 512 ipsis
301 481 450 504 evenerunt
466 477 537 503 mala
553 476 743 512 deplorantes;
761 476 833 503 haud
847 484 927 504 secus

141 530 223 557 quam
239 521 337 550 mulier
351 530 439 557 nuper
453 521 556 556 nuptiis
577 522 714 557 copulata,
739 529 800 548 mox
817 527 928 556 repente

140 568 246 603 privata
262 568 331 600 viro,
349 568 393 595 cui
411 567 564 602 graviorem
581 566 646 594 facit
661 567 782 594 dolorem
803 567 928 601 privatio-

142 613 186 641 uis
201 613 337 641 celeritas.
355 622 366 639 ‹
379 612 506 640 Ablatum
521 616 563 641 est
574 612 741 639 sacriﬁcium
753 616 779 639 et
790 612 884 639 libatio
894 611 928 639 de

143 660 226 687 domo
237 659 354 686 Domini.
376 668 385 684 ι
405 658 454 686 llic
468 657 614 686 manifeste
634 662 763 685 eventura
782 665 797 684 a
813 657 929 693 Babylo-

143 705 199 733 niis
220 705 291 732 mala
310 705 447 740 signiﬁcat
463 713 470 730 :
498 708 563 731 tunc
578 703 650 731 enim
672 702 753 730 desiit
769 703 848 730 solita
871 702 928 730 ﬁeri

144 751 171 778 iu
184 750 231 778 Dei
248 751 350 785 templo
368 750 488 785 liturgia,
503 757 566 777 cum
579 753 606 777 et
620 749 763 776 aediﬁcium
778 749 929 776 combussit

144 795 322 832 Babylonius,
335 799 362 823 et
379 796 452 823 cives
465 803 561 822 omnes
578 795 735 830 captivavit.

975 203 1069 239 αὐτὴν,
1085 205 1131 231 καὶ
1146 203 1258 240 ἔρριψεν
1270 211 1278 218 ·
1296 203 1426 230 ὲλεύκασε
1451 204 1485 230 τὰ
1500 203 1627 239 κλήματα
1639 204 1733 240 αὐτῆς.
1751 214 1761 231 ι

975 250 1067 276 Ιῐᾶσαν
1088 249 1173 284 αὐτὴν
1196 249 1382 284 ἐκπεριελθὼν
1394 248 1479 280 οὕτως
1496 249 1649 276 ὰνέσπασέν
1662 258 1692 276 τε
1717 251 1764 277 καὶ

975 298 1015 329 εἰς
1024 297 1209 333 αἰχμαλωσίαν
1219 297 1371 332 ἀπήγαγεν,
1385 297 1422 328 ὡς
1434 297 1516 332 μηδὲν
1530 297 1683 325 ἀπεοικέναι
1696 297 1764 324 πάν-

975 350 1024 374 τας
1049 343 1194 378 κλημάτων
1222 342 1422 369 λευκανθέντων
1447 351 1477 368 τε
1503 343 1550 369 καὶ
1577 342 1764 377 ξηρανθέντων

976 387 1115 419 παντελῶς
1123 388 1228 422 μετὰ’τὺ
1238 387 1286 423 τὴν
1297 388 1417 423 ἄμπελον
1427 388 1623 423 ὲκσπασθῆναι.
1637 397 1645 413 ι
1660 387 1765 423 Θρηνή‹

977 442 1018 459 σει
1042 433 1110 469 πρός
1137 442 1171 468 με
1198 434 1268 469 ὑπὲρ
1290 434 1399 470 νύμφην
1422 433 1644 470 περιεζωσμένην
1666 433 1765 459 σάκκον

977 479 1024 505 ἐπὶ
1039 479 1083 505 τὸν
1099 478 1183 514 ἄνδρα
1196 479 1280 514 αὐτῆς
1294 479 1339 506 τὸν
1355 479 1528 514 παρθενικόν.
1545 489 1554 504 ι
1574 479 1640 506 Τότε
1650 480 1699 514 τῆς
1715 487 1767 505 πα-

979 524 1110 560 ρανομίας
1127 524 1302 560 αἰσθήσονται
1327 525 1376 560 τῆς
1392 525 1504 557 οἰκείας,
1524 525 1571 551 καὶ
1595 524 1662 560 μετὰ
1684 524 1768 560 μεγά-

977 569 1030 596 λων
1049 569 1174 596 νεύσουσι
1196 571 1264 606 πρός
1281 579 1314 606 με
1330 571 1384 597 τῶν
1401 570 1506 606 θρήνων
1520 570 1769 605 ἀνακεκλαυσμένοι

978 614 1013 641 τὰ
1040 615 1235 651 συμϐεϐηκότα
1262 617 1354 648 αὐτοῖς
1378 617 1461 644 κακά·
1487 617 1538 652 οὐχ
1560 613 1642 652 ἦττον
1665 617 1682 651 ἡ
1700 616 1768 651 γυνὴ

978 660 1077 686 νεωστὶ
1095 660 1262 695 συναφθεῖσα
1280 661 1348 697 πρὸς
1362 661 1450 696 γάμον
1461 681 1468 694 ,
1483 659 1543 688 εἶτα
1556 660 1652 697 ἀθρόον
1666 660 1770 687 ἀποϐα-

978 703 1061 730 λοῦσα
1076 705 1122 731 τὸν
1136 704 1232 741 ἄνδρα,
1286 706 1435 742 βαρύτερον
1458 706 1489 733 τὸ
1514 706 1599 737 πάθος
1615 705 1665 741 τῆς
1689 706 1770 740 ἀφαι-

981 749 1081 784 ρέσεως
1105 750 1250 785 ἐργάζεται
1277 753 1293 786 ἡ
1320 751 1427 787 ὀξύτης.
1454 752 1493 787 (p.
1519 751 1581 786 108)
1601 761 1611 777 ι
1645 751 1771 787 Ἐξῆρται

981 794 1060 822 θυσία
1072 796 1118 822 καὶ
1136 796 1236 832 σπονδὴ
1251 796 1280 830 ἐξ
1294 797 1368 824 οἴκου
1384 797 1497 833 Κυρίου.
1520 807 1528 823 ι
1553 797 1684 825 Ἐνταῦοα
1703 806 1771 832 προ-

143 843 230 879 δήλως
247 843 282 870 τὰ
295 843 347 870 ὺπὺ
367 843 420 869 τῶν
436 842 614 870 Βαϐυλωνίων
639 841 809 877 προεσόμενα
824 840 913 872 αὐτοῖς
929 841 1025 876 μηνύει
1044 842 1117 868 κακά
1128 851 1135 859 ·
1153 843 1212 870 τότε
1226 843 1280 879 γὰρ
1295 844 1433 871 ἐπαύσατο
1446 845 1463 880 ὴ
1478 845 1508 872 ὲν
1524 844 1563 880 τῷ
1576 844 1633 880 ναῷ
1645 845 1691 872 τοῦ
1705 844 1771 871 Θεοῦ

145 889 328 925 ἐκτελουμένη
342 887 507 924 λειτουργία,
520 887 637 923 ὁπηνίκα
655 886 701 913 τόν
717 894 746 912 τε
760 883 832 912 οἷκον
843 885 993 921 ἐνέπρησεν
1008 887 1022 912 ό
1037 886 1221 921 Βαῦυλώνιος,
1234 889 1281 916 καὶ
1298 890 1361 921 τοὺς
1379 891 1425 917 ὲπὶ
1446 891 1495 926 τῆς
1513 890 1616 922 πόλεως
1635 890 1773 926 αἰχμαλώ-

145 946 208 969 τους
227 937 322 964 έλαϐεν
338 937 470 969 ἅπαντας.

181 984 235 1019 72
249 983 331 1011 Vens.
361 984 458 1011 10-15.
476 998 511 1003 -—
533 992 543 1008 ι
572 981 684 1017 Lugete,
710 980 865 1008 sacerdotes
884 979 929 1015 qui

1016 981 1090 1017 Στίχ.
1110 985 1188 1017 ι’-ιγ¹.
1202 997 1238 1003 -
1254 992 1263 1009 ‹
1275 983 1444 1018 Πενθείτε,οἱ
1457 983 1538 1018 ἱερεῖς
1550 984 1573 1010 οἱ
1586 982 1773 1017 λειτουργοῦν-

145 1028 226 1056 altari
242 1028 417 1059 miuistratis,
441 1027 570 1062 quoniam
586 1027 717 1054 miserum
742 1029 783 1053 cst
798 1025 931 1057 triticum,

145 1074 315 1103 exsiccatum
341 1073 453 1104 vinum.
486 1073 660 1099 imminutum
692 1071 797 1103 oleum,
825 1069 931 1098 confusi

145 1120 282 1155 agricolae.
300 1119 413 1154 Lugete,
430 1118 544 1153 praedia,
561 1121 672 1152 propter
693 1116 814 1143 triticum
830 1119 857 1143 ct
873 1116 934 1142 hor-

146 1164 239 1197 deum,
253 1164 318 1199 quia
337 1163 420 1199 periit
434 1163 533 1191 messis
552 1162 623 1198 agri,
641 1162 704 1190 vitis
727 1162 846 1193 exaruit,
862 1161 934 1188 ﬁcul-

147 1217 207 1237 nea:
227 1213 292 1238 sunt
309 1210 470 1241 imminutae.
495 1208 578 1236 arbor
594 1207 781 1242 malogranata
803 1212 830 1235 et
845 1207 933 1242 palma

147 1258 174 1281 ct
191 1256 279 1283 malus
300 1258 327 1282 ct
344 1255 435 1282 omnia
459 1254 533 1288 ligna
555 1254 614 1288 agri
640 1256 818 1280 exaruerunt.
839 1261 848 1278 ι
867 1252 935 1279 Con-

148 1309 234 1337 gruus
249 1301 438 1329 sacerdotibus
452 1305 480 1329 et
496 1301 591 1328 altaris
604 1300 740 1328 ministris
753 1299 853 1331 luctus,
870 1297 934 1333 quia

148 1347 283 1382 generalis
295 1346 426 1373 sterilitas
442 1353 555 1380 campos
569 1349 653 1377 tenet.
670 1344 742 1372 unde
754 1343 888 1379 primitias
904 1351 935 1370 ac

149 1392 273 1421 decimas
292 1392 484 1427 percipientes,
503 1391 541 1418 rei
559 1390 721 1418 necessariae
734 1389 840 1424 copiam
858 1389 936 1416 liabe-

149 1439 227 1466 bant.
249 1437 394 1472 Congruus
412 1436 483 1464 haud
507 1435 597 1463 minus
614 1436 703 1462 luctus
724 1439 803 1462 terrae
826 1442 936 1469 quoque

152 1484 276 1519 frugibus
293 1482 409 1514 carenti,
429 1482 501 1509 unde
519 1481 649 1517 agricolis
671 1485 781 1509 creatur
798 1480 935 1512 confusio,

151 1530 214 1565 quia
233 1529 335 1557 frustra
355 1528 548 1556 laboraverunt
564 1537 570 1555 :
593 1526 747 1562 pariterque
765 1526 871 1553 cunctis
887 1531 938 1553 ter-

152 1583 189 1602 rae
202 1574 322 1610 praediis,
343 1575 407 1609 quia
424 1573 529 1601 nullum
547 1577 628 1600 terra
641 1576 814 1608 proventum,
832 1572 936 1599 nullum

152 1621 280 1649 arborum
296 1624 404 1656 partum
422 1627 498 1647 more
517 1619 598 1647 solito
615 1619 760 1647 collectqu
776 1619 869 1646 videre
883 1622 936 1646 est.

157 1675 167 1691 ε
186 1665 320 1699 Quoniam
337 1665 467 1700 gaudium
487 1664 671 1692 confuderunt
690 1665 735 1692 lilii
754 1665 906 1692 hominum.
927 1674 936 1690 ι

153 1711 208 1739 Pro
223 1719 256 1739 eo
268 1715 297 1738 ut
313 1711 407 1739 dicat:
425 1710 532 1738 Nemini
546 1711 623 1738 adest
637 1710 745 1738 laetandi
757 1711 877 1741 occasio,
894 1718 941 1746 pu-

154 1757 230 1784 denti
245 1757 350 1785 scilicct
363 1757 417 1784 nisi
429 1757 456 1784 in
472 1757 573 1784 talibus
588 1757 728 1791 tantisque
742 1757 821 1783 malis
837 1756 940 1783 luctum

155 1806 229 1838 agat.
261 1802 313 1830 Per
339 1803 398 1830 haec
430 1803 522 1830 omnia
554 1803 725 1830 demonstrat
752 1803 940 1836 gravissimam

157 1848 332 1876 sterilitatem
352 1848 537 1875 lsraelitarum
551 1847 657 1882 regioni
677 1848 836 1881 contigisse,
856 1848 942 1882 dupli-

159 1900 273 1928 cemque
293 1901 442 1921 aerumnam
474 1892 570 1924 fuisse,
595 1892 720 1920 hostibus
750 1892 859 1919 scilicet
881 1900 941 1919 eam

157 1939 275 1973 pessime
289 1938 506 1970 devastantibus,
522 1942 549 1965 et
562 1938 621 1973 ipsa
637 1941 708 1965 terra
729 1937 835 1973 frugum
850 1936 944 1964 fertili-

157 1989 241 2013 tatem
258 1987 382 2020 negante.
397 1983 468 2017 Quid
488 1991 554 2018 ergo
571 1987 633 2018 post
646 1983 725 2010 haec?

982 1035 1027 1058 τες
1042 1026 1235 1064 θυσιαστηρίῳ,
1249 1029 1290 1056 ὅτι
1303 1028 1529 1064 τεταλαιπώρηκε
1543 1030 1625 1060 σῖτος,
1638 1027 1773 1063 ἐξηράνθη

983 1071 1071 1105 οἶνος,
1101 1073 1226 1110 ὠλιγώθη
1259 1074 1358 1107 ἔλαιον,
1393 1074 1620 1110 κατῃσχύνθησαν
1643 1073 1772 1109 γεωργοί·

984 1118 1118 1154 θρηνεῖτε,
1133 1120 1260 1155 κτήματα
1277 1121 1347 1156 ὑπὲρ
1363 1120 1449 1155 πυροῦ
1463 1120 1509 1147 καὶ
1521 1120 1628 1156 κριθῆς.
1655 1119 1695 1146 ὅτι
1719 1119 1774 1146 άπ-

984 1164 1066 1192 όλωλε
1077 1166 1212 1201 τρυγητὺς
1226 1166 1256 1198 ἐξ
1269 1166 1364 1201 άγροῦ’
1380 1167 1397 1201 ἡ
1414 1166 1533 1201 ἄμπελος
1555 1165 1701 1202 ἐξηράνθη,
1727 1165 1775 1192 καὶ

985 1212 1066 1237 συκαῖ
1095 1211 1273 1247 όλιγώθησαν·
1291 1211 1352 1247 ῥοιὰ
1376 1212 1421 1239 καὶ
1443 1211 1530 1245 φοίνιξ
1554 1211 1599 1237 καὶ
1628 1210 1710 1246 μῆλον
1727 1211 1774 1237 καὶ

985 1257 1074 1282 πάντα
1087 1256 1122 1283 τὰ
1132 1256 1198 1289 ξύλα
1210 1257 1256 1284 τοῦ
1271 1257 1356 1292 ἀγροῦ
1371 1256 1567 1292 ὲξηράνθησαν.
1589 1266 1598 1282 ι
1619 1256 1775 1292 Ἀρμὸττων

987 1301 1036 1337 μὲν
1052 1299 1098 1329 οὖν
1114 1303 1170 1333 τοῖς
1195 1302 1357 1337 ἱερατεύουσι
1379 1302 1418 1337 τῷ
1437 1301 1620 1337 θυσιαστηρίῳ
1634 1302 1648 1328 ό
1663 1301 1773 1336 θρῆνος,

986 1349 1026 1375 ὅτι
1056 1348 1191 1383 παντελὴς
1209 1348 1310 1384 ἀφορία
1324 1348 1433 1383 κατέχει
1449 1347 1498 1379 τὰς
1521 1347 1656 1379 πεδιάδας,
1675 1348 1720 1382 ἀφ’
1737 1344 1776 1374 ὧν

986 1395 1034 1426 τάς
1048 1403 1077 1420 τε
1097 1393 1223 1429 ἀπαρχάς
1239 1393 1287 1420 καὶ
1306 1393 1355 1424 τὰς
1371 1392 1498 1425 δεκατιὰς
1514 1392 1698 1428 κομιζόμενοι,
1720 1392 1776 1419 τῶν

987 1438 1142 1473 ἀναγκαίων
1159 1437 1231 1473 εἶχον
1245 1438 1294 1474 τὴν
1310 1438 1448 1472 ἀφθονίαψ
1465 1439 1608 1474 ἁρμόττων
1621 1438 1648 1464 δὲ
1665 1438 1713 1473 οὐχ
1728 1435 1777 1474 ἧτ-

987 1493 1032 1512 τον
1046 1484 1144 1519 θρῆνος
1164 1484 1211 1511 καὶ
1233 1485 1265 1519 τῇ
1279 1485 1315 1520 γῇ
1329 1484 1437 1511 πάντων
1457 1484 1621 1520 ἀφῃρημένη
1640 1483 1693 1510 τῶν
1711 1492 1778 1518 καρ-

989 1531 1057 1557 πῶψ
1072 1530 1109 1562 ὡς
1125 1530 1174 1557 καὶ
1188 1531 1243 1561 τοῖς
1256 1530 1410 1565 γεωργοῦσι
1429 1530 1478 1566 τὴν
1505 1530 1566 1565 γῆν,
1583 1529 1715 1565 αἰσχύνην
1738 1529 1779 1556 ὲν-

987 1576 1084 1602 τεῦθεν
1100 1575 1317 1611 περιγίγνεσθαι,
1333 1576 1373 1602 ὅτι
1387 1575 1419 1611 δὴ
1430 1576 1601 1610 πεπονήκασι
1615 1575 1714 1610 μάτηνο
1731 1575 1779 1601 καὶ

989 1622 1056 1648 πᾶσι
1067 1621 1095 1648 δὲ
1109 1622 1164 1653 τοῖς
1178 1621 1223 1647 ἐπὶ
1235 1621 1284 1656 τῆς
1298 1620 1388 1656 χώρας
1399 1622 1534 1656 κτήμασιν
1547 1621 1655 1656 ὁμοίως,
1672 1621 1712 1647 ὅτι
1728 1621 1780 1656 μή·

990 1675 1019 1693 τε
1035 1667 1089 1693 τῶν
1103 1667 1157 1693 ἀπὺ
1177 1666 1229 1701 γῆς
1249 1665 1428 1701 γιγνομένων,
1448 1667 1516 1701 μήτε
1540 1666 1579 1701 (p.
1603 1665 1663 1700 109)
1679 1665 1734 1692 τῶν
1750 1665 1779 1691 ἐν

991 1712 1110 1747 δένδρεσι
1124 1711 1289 1746 τικτομένων
1304 1710 1528 1746 εἰσκομιζόμενόν
1545 1719 1571 1737 τι
1588 1711 1658 1737 κατὰ
1672 1710 1703 1737 τὸ
1717 1711 1780 1738 είω-

993 1758 1039 1789 θος
1054 1758 1164 1785 δυνατὸν
1187 1757 1259 1784 ἰδεῖν.
1282 1766 1292 1782 ‹
1311 1758 1372 1784 Ὅτι
1390 1757 1560 1792 κατῄσχυναν
1578 1756 1664 1793 χαρὰν
1687 1758 1711 1783 οἱ
1728 1757 1781 1784 υἱοὶ

992 1801 1046 1828 τῶν
1072 1801 1232 1837 ἀνθρώπων.
1252 1811 1261 1827 ι
1291 1801 1348 1828 Ίνα
1374 1801 1438 1838 εἴπῃ
1461 1802 1501 1828 ὅτι
1526 1802 1619 1837 μηδενὶ
1637 1802 1782 1837 πρόσεστιν

995 1847 1106 1883 ἀφορμὴ
1122 1847 1168 1873 τοῦ
1179 1847 1296 1883 χαίρειν,
1309 1848 1512 1882 αἰσχυνομένοις
1523 1849 1546 1874 εἰ
1560 1848 1597 1883 μὴ
1607 1848 1728 1874 πενθοῖεν
1736 1848 1782 1874 ἐπὶ

994 1893 1130 1924 τοσούτοις
1143 1893 1189 1920 καὶ
1204 1893 1372 1928 τηλικούτοις
1386 1894 1491 1924 κακοῖς’
1504 1893 1547 1920 διὰ
1561 1893 1668 1920 πάντων
1682 1893 1714 1928 δὴ
1722 1894 1797 1923 τού-ι

995 1948 1049 1966 των
1065 1939 1190 1974 ἀκαρπίᾳ
1215 1938 1354 1974 βαρυτάτῃ
1380 1938 1560 1973 κατειλῆφθαι
1584 1938 1704 1965 δείκνυσι
1727 1931 1795 1974 τῶνῖ

1007 1984 1180 2020 Ἰσραηλιτῶν
1196 1985 1245 2019 τὴν
1261 1984 1362 2019 χώραν,
1380 1984 1417 2014 ὠς
1430 1981 1499 2011 εἶναι
1513 1984 1622 2011 διπλοῦν
1638 1984 1670 2011 τδ
1687 1972 1795 2011 κακόν-ἶ

158 2032 293 2067 πολεμίων
304 2040 333 2058 τε
347 2029 443 2063 αὐτους
457 2031 628 2058 διατιθέντων
639 2030 672 2058 τὰ
681 2031 814 2067 χείριστα,
831 2033 877 2059 καὶ
891 2033 940 2068 τῆς
950 2033 1000 2068 γῆς
1017 2033 1106 2059 πᾶσαν
1121 2031 1312 2067 ἀρνησαμένης
1327 2031 1381 2057 τῶν
1394 2030 1508 2066 καρπῶν
1523 2030 1572 2066 τὴν
1587 2031 1681 2066 φοράν.
1690 2031 1723 2057 Τί
1737 2029 1784 2058 οὖν

159 2078 206 2106 ἔτι).
219 2077 323 2109 τούτοις
335 2085 342 2109 ;

196 2124 279 2153 Vsus.
295 2124 384 2152 t5-l6.
396 2139 432 2145 —
447 2133 457 2150 ε
482 2124 623 2160 Accingitc
639 2132 687 2152 vos
709 2129 737 2152 et
753 2125 883 2160 plangite,
900 2133 947 2153 sa-

160 2173 298 2202 cerdotes,
320 2170 520 2203 lamentamiui,
544 2171 591 2205 qui
616 2171 779 2198 ministrantis
796 2171 887 2204 altari,
909 2172 949 2198 in-

160 2215 318 2252 gredimini,
338 2215 456 2242 dormite
474 2215 500 2242 in
521 2216 610 2243 saccis
640 2216 704 2243 dum
721 2216 748 2243 in
767 2215 814 2243 Dei
830 2216 949 2244 ministe-

160 2262 204 2290 rio
217 2260 378 2292 versamini,
395 2260 458 2295 quia
475 2260 592 2288 recessit
609 2268 624 2287 a
640 2260 721 2288 domo
737 2261 784 2288 Dei
804 2262 888 2289 vestri
908 2270 949 2290 sa-

161 2308 296 2336 criﬁcium
312 2311 338 2334 et
349 2306 455 2333 libatio.
476 2316 485 2332 ι
502 2305 561 2333 Ρτω
573 2306 701 2334 omnibus
716 2307 793 2334 decet
805 2314 854 2334 vos
864 2308 947 2342 potis-
961 2322 985 2350 ι)

161 2354 272 2384 simum.
286 2351 439 2380 sacerdotio
452 2351 527 2387 fungi
543 2352 668 2385 sortitos,
686 2359 767 2379 sacco
780 2351 888 2385 vestiri,
902 2359 948 2380 ne-

162 2407 216 2434 que
231 2399 257 2426 id
272 2405 393 2433 unquam
411 2398 561 2432 deponere.
575 2398 632 2425 sive
654 2397 769 2428 cubetis.
788 2397 847 2425 sive
864 2398 946 2424 etiam

161 2451 220 2472 rem
234 2451 339 2471 sacram
356 2442 508 2478 peragatis;
529 2441 577 2469 sed
592 2442 739 2477 gemitibus
755 2442 894 2477 luctuiquc
909 2442 950 2469 in-

162 2489 294 2524 dulgere;
315 2493 461 2524 propterea
473 2488 547 2523 quod
562 2488 609 2522 qui
624 2488 676 2515 rite
695 2487 749 2515 Deo
770 2488 950 2515 exhibebatur

163 2536 255 2562 cultus
270 2534 383 2561 omnino
399 2533 538 2562 desiverit.
557 2543 566 2559 ι
587 2532 762 2560 Sanetilicate
772 2532 918 2567 jejunium.
937 2542 947 2559 ι

164 2580 301 2612 Quoniam
324 2583 449 2606 sanctum
471 2578 582 2610 dicitur,
598 2577 731 2612 quidquid
754 2581 796 2605 est
818 2578 948 2605 selectum

163 2630 193 2654 et
205 2633 219 2652 a
233 2624 407 2652 multitudine
423 2628 589 2658 separatum,
602 2624 663 2651 ideo
685 2632 694 2648 ι
707 2622 882 2650 Sanctiﬁcate
898 2623 951 2658 73

163 2670 298 2706 jejunium
313 2678 323 2695 ι
336 2668 414 2701 dicit,
430 2668 457 2695 id
470 2673 513 2697 est
524 2670 557 2696 ad
568 2669 620 2696 hoc
633 2675 682 2696 vos
696 2673 862 2702 comparate,
872 2668 953 2694 omis-

166 2717 259 2750 sisque
271 2714 400 2742 omnibus
417 2717 443 2741 et
457 2721 570 2748 prorsus
589 2713 719 2748 sejuncti.
738 2713 829 2740 dedite
849 2720 896 2740 vos
921 2719 952 2739 ac

167 2761 304 2796 disponite
333 2759 367 2787 ad
394 2759 492 2795 jejunii
524 2759 736 2787 observantiam.
764 2769 774 2784 ι
801 2758 951 2785 Praedicate

168 2807 260 2836 cultus
285 2807 412 2837 cilicium.
441 2816 450 2833 ι
478 2805 592 2836 lndicite
610 2805 747 2840 omnibus,
771 2810 801 2833 ut
825 2804 952 2833 humanis

1031 2123 1104 2158 Στίχ.
1123 2125 1222 2156 ιγ’-ις’.
1237 2136 1272 2142 ——
1294 2130 1302 2146 ι
1321 2121 1511 2156 Περιζώσασθε
1528 2121 1575 2148 καὶ
1593 2121 1736 2151 κόπτεσθε,
1758 2123 1784 2148 οἰ

998 2171 1090 2205 ἱερεῖς,
1103 2168 1226 2204 θρηνεῖτε
1233 2168 1258 2194 οἰ
1268 2167 1486 2202 λειτουργοῦντες
1495 2166 1690 2203 θυσιαστηρίῳ,
1699 2167 1785 2194 εἰσέλ-

997 2215 1056 2242 θετε
1066 2234 1072 2246 ,
1085 2212 1227 2241 ὑπνώσατε
1246 2213 1275 2239 ἐν
1297 2212 1407 2244 σάκκοις
1423 2212 1641 2248 λειτουργοῦντες
1654 2212 1713 2248 Θεῷ
1723 2221 1729 2227 '
1744 2213 1785 2240 ὅτι

997 2260 1151 2295 ἀπέσχηκεν
1159 2259 1189 2290 ἐξ
1197 2258 1270 2285 οἴκου
1279 2257 1346 2284 Θεοῦ
1355 2258 1430 2293 ὑμῶν
1438 2258 1518 2285 θυσία
1527 2259 1574 2285 καὶ
1580 2259 1689 2295 σπονδή.
1702 2269 1710 2286 ι
1728 2259 1786 2293 Ἐφ’

998 2306 1084 2332 ἅπασι
1094 2305 1122 2331 δὲ
1132 2305 1249 2340 μάλιστα
1265 2304 1369 2340 πρέπον
1382 2304 1446 2339 ὑμῖν
1459 2305 1514 2336 τοῖς
1526 2305 1565 2336 εἰς
1579 2305 1628 2340 τὴν
1638 2305 1786 2341 ἱερωσύνην

998 2350 1228 2386 προϐεϐλημένοις
1239 2349 1394 2386 περιθέσθαι
1405 2349 1454 2385 μὲν
1463 2347 1786 2386 σάκκον.οὑκ’άφαιροῠν-

998 2405 1047 2427 τας
1061 2395 1152 2427 αὑτὸν,
1170 2394 1229 2422 οὗτε
1248 2396 1272 2422 εἰ
1287 2395 1458 2427 καθεύδοιτε,
1473 2395 1535 2422 οὕτε
1552 2396 1606 2431 μὴν
1620 2397 1645 2422 εἰ
1661 2397 1710 2431 τὴν
1731 2396 1786 2423 λει-

999 2441 1129 2476 τουργίαν
1141 2440 1295 2476 ὲκτελοίητε
1306 2440 1355 2475 τὴν
1367 2440 1452 2466 θείαν·
1466 2440 1557 2476 θρήνῳ
1568 2441 1598 2467 δὲ
1609 2441 1786 2476 προσανέχειν

1001 2486 1048 2512 καὶ
1062 2485 1180 2520 κοπετῷ,
1193 2485 1263 2520 ὑπὲρ
1276 2481 1314 2512 ὧν
1327 2485 1419 2512 ἅπασα
1431 2485 1566 2513 πέπαυται
1582 2487 1598 2520 ἡ
1613 2486 1787 2522 καθηκόντως

1001 2531 1190 2566 ἁπονεμομένη
1211 2530 1250 2564 τῷ
1271 2529 1331 2565 Θεῷ
1355 2529 1496 2566 θεραπεία.
1528 2541 1538 2556 «
1573 2531 1718 2565 Ἀγιάσατε
1738 2540 1786 2566 νη-

1001 2578 1100 2605 στείαν.
1125 2587 1134 2603 ι
1160 2576 1278 2613 Ἐπειδὴ
1304 2577 1380 2611 ἅγιον
1398 2577 1507 2612 λέγεται
1526 2577 1557 2604 τὸ
1578 2578 1715 2614 ἐξαίρετον
1739 2578 1787 2605 καὶ

1001 2622 1055 2649 τῶν
1071 2622 1176 2649 πολλῶν
1197 2624 1410 2659 κεχωρισμένον.
1429 2634 1439 2650 ‹
1462 2624 1607 2658 Ἀγιάσατε
1631 2623 1755 2658 νηστείαν
1775 2632 1784 2648 ι

1002 2668 1087 2702 λέγει,
1102 2668 1162 2694 ἀντὶ
1172 2668 1229 2701 τοῦ,
1248 2668 1318 2704 Πρὸς
1333 2669 1433 2704 ταύτην
1447 2668 1485 2704 (p.
1504 2668 1565 2703 ΗΟ)
1583 2668 1693 2698 ἑαυτοὺς
1707 2667 1787 2693 ἐκτά-

1003 2714 1078 2747 ξατε.
1092 2713 1138 2740 καὶ
1154 2714 1262 2740 πάντων
1275 2714 1403 2748 άῳέμενοί
1419 2722 1448 2740 τε
1463 2713 1509 2740 καὶ
1526 2712 1706 2748 χωρισθέντες
1719 2720 1787 2738 παν-

1004 2759 1098 2790 τελῶς,
1119 2759 1267 2794 ὰφορίσατε
1283 2759 1329 2785 καὶ
1344 2759 1442 2792 τάξατε
1468 2758 1536 2793 πρὸς
1553 2758 1602 2793 τὴν
1619 2756 1720 2792 ταύτης
1742 2757 1789 2783 ὲκ-

1006 2804 1146 2840 πλήρωσιν
1170 2803 1291 2835 ἑαυτούς.
1309 2813 1318 2829 ι
1343 2802 1486 2839 Κηρύξατε
1510 2801 1667 2837 θεραπείαν.
1699 2811 1708 2827 ι
1735 2801 1790 2828 Καὶ
