1973 3066
133 129 185 156 217

659 133 933 162 COMMENTARIUS
949 133 984 161 IN
998 133 1113 162 JOELIS
1130 133 1205 163 CAP.
1220 135 1241 163 1.

1704 133 1758 162 218

133 186 272 222 μηνύσατε
289 189 384 221 πᾶσιν,
400 190 473 222 ὅπως
485 190 518 217 ἂν
531 191 583 217 τῶν
597 191 775 228 ἀνθρωπείων
790 192 919 227 ἀφέμενοι

976 193 1088 228 negotiis
1109 193 1232 226 omissis,
1248 193 1295 221 Dei
1320 194 1405 221 cultui
1427 194 1593 222 celebrando
1618 193 1755 223 intersint.

129 233 311 269 πραγμάτων,
342 237 376 270 τῇ
403 236 450 263 τοῦ
468 235 546 263 Θείου
561 238 754 273 προσανέχοιεν
777 238 920 274 θεραπεία.

135 288 144 304 ι
157 280 328 314 Συναγάγετε
337 282 544 318 πρεσὼτέρους,
554 283 657 315 πάντας
662 284 724 316 τοὺς
734 284 923 315 κατοικοῦντας

129 324 181 360 τὴν
197 326 248 360 γῆν
273 326 313 358 είς
329 324 404 353 οἷκον
426 328 493 354 Θεοῦ
513 328 599 363 ὑμῶν,
620 329 667 355 καὶ
687 329 838 364 κεκράξατε
854 329 921 364 πρὸς

130 369 233 405 Κύριον
247 371 382 404 ἐκτενῶς,
399 372 486 407 Οἴμοι,
501 373 588 408 οἴμοι,
603 375 674 409 οἴμοι
689 375 727 406 είς
742 375 858 410 ἡμέραν,
880 375 921 401 ὅτι

131 416 217 450 ἐγγὺς
229 416 320 452 ἡμέρα
337 418 451 453 Κυρίου.
468 428 478 444 1
493 420 547 445 Καὶ
560 420 663 450 πάντας
679 419 711 455 δὴ
725 420 770 446 ἐπὶ
787 420 835 454 τῆς
854 420 922 454 ὑμε-

130 460 214 494 τέρας
238 460 329 496 χώρας
348 462 472 495 ἡγεῖσθαι
490 462 543 489 τῶν
562 463 662 489 λοιπῶν
686 463 724 495 ὡς
740 463 823 496 εἰκὸς,
843 464 919 498 κοινῇ

133 505 183 540 μὲν
205 506 334 533 εἰσελθεῖν
354 509 395 539 εἰς
416 508 461 535 τὸν
475 506 548 535 οἷκον
565 509 708 544 ὲπείχθητε
727 508 774 535 τοῦ
797 508 874 540 Θεοῦ,
892 510 921 535 ὲν

131 551 187 585 ὅσῳ
203 559 256 586 περ
273 551 336 586 ὑμῖν
349 554 424 580 ἐστιν
438 553 515 580 ἄδεια
529 553 575 580 τοῦ
591 554 715 580 είσιέναιο
735 554 804 588 μετὰ
815 553 920 580 πολλῶν

129 595 161 623 δὲ
185 596 356 631 ἁναϐοήσατε
382 598 437 624 τῶν
462 599 630 634 στεναγμῶν·
658 598 736 625 τοῦτο
763 598 813 634 γὰρ
835 598 919 632 λέγει,

133 650 143 667 Ι
162 642 253 677 Οἴμοι,
270 643 354 677 οἴμοι,
382 644 470 679 οἴμοι·
494 653 504 670 1
531 644 673 680 εὐχόμενοι
698 647 735 680 μὴ
760 645 800 676 εἰς
822 645 920 679 πεῖραν

130 687 219 714 ὲλθείν
235 688 284 723 τῆς
298 689 406 724 ἡμέρας
417 689 534 724 ἐκείνης,
548 690 581 725 ἢν
594 690 624 716 οὐ
639 689 732 725 πόρρω
748 689 920 725 συμϐέϐηκεν

131 731 202 759 εἶναι
218 734 289 760 κατὰ
302 734 353 769 τὴν
369 735 482 770 ἀπειλὴν
499 735 547 770 τὴν
565 735 650 762 θείαν.
672 745 681 760 ι
703 735 758 762 Καὶ
772 735 809 767 ὡς
825 735 920 762 ταλαι-

131 778 224 815 πωρία
238 780 271 806 ὲκ
283 780 470 815 ταλαιπωρίας
482 781 552 816 ἦξει.
570 790 577 807 ι
599 781 643 812 Ὦς
655 781 688 808 ἂν
701 781 739 817 μὴ
759 780 920 815 ἐπαλλήλοις

133 824 199 859 ὑμῖν
214 827 371 860 περιπεσεῖν
388 826 530 862 ἐγγένηται
542 828 598 858 τοῖς
614 828 718 858 κακοῖς.
741 835 750 851 ι
774 827 833 852 Ὅτι
853 834 918 852 κατ-

133 870 226 897 έναντι
249 871 303 898 τῶν
327 871 473 907 ὀφθαλμῶν
495 872 572 907 ὑμῶν
606 872 738 908 βρώματα
765 871 917 907 ἐξηράνθη,
935 861 955 888 Β

131 916 181 943 καὶ
191 915 223 949 ἐξ
235 916 310 943 οἴκου
325 916 393 943 Θεοῦ
408 917 484 952 ὑμῶν
500 917 652 953 εὐφροσύνη
669 918 716 944 καὶ
730 919 811 954 χαρά.
831 927 840 944 1
861 918 918 944 Ἵνα

132 961 173 997 μὴ
184 962 316 988 αὐτόπται
331 962 446 997 γένησθε
461 962 514 990 τῶν
531 963 623 990 κακῶν
640 963 762 995 ἐκείνων,
780 963 821 989 ὅτι
833 962 918 998 πολλὴ

133 1007 185 1042 μέν
199 1016 242 1039 τις
261 1008 335 1034 ἔσται
358 1009 405 1035 καὶ
427 1010 541 1044 μεγίστη
563 1009 617 1035 τῶν
636 1009 781 1045 καρπῶνὴ
803 1008 916 1044 ἀφορία·

132 1053 348 1088 προστεθήσεται
360 1054 389 1080 δὲ
401 1055 432 1080 τὸ
443 1055 580 1090 χείριστον
602 1054 729 1081 ἁπάντων
760 1055 808 1089 τὴν
829 1054 919 1080 πᾶσαν

132 1098 290 1135 ἀφῃρῆσθαι
313 1100 360 1127 τοῦ
377 1100 452 1127 οἴκου
474 1101 521 1127 τοῦ
543 1100 611 1127 Θεοῦ
634 1100 682 1136 τὴν
700 1100 873 1136 καθήκουσαν
889 1108 919 1126 τε

132 1143 182 1170 καὶ
198 1143 373 1180 ὀφειλομένην
385 1145 422 1180 τῷ
437 1145 496 1180 Θεῷ
509 1146 550 1182 (ρ.
568 1146 629 1179 ΙΗ)
641 1145 799 1181 θεραπείαν,
814 1145 830 1180 ἣ
846 1145 921 1172 πλεί-

133 1196 202 1223 στης
214 1189 279 1224 ὂσης
289 1190 457 1225 εὐφροσύνης
472 1200 501 1218 τε
516 1191 562 1217 καὶ
575 1192 662 1226 χαρᾶς
674 1190 794 1226 πληροῦν
806 1190 922 1225 ἠδύνατο

132 1234 198 1265 τοὺς
211 1234 278 1269 πρὸς
291 1234 320 1260 τὸ
331 1235 391 1262 δέον
405 1236 535 1271 ὁρῶντας.

169 1279 243 1314 Στίχ.
259 1278 343 1311 ιζ’-κ’.
356 1295 392 1301 --
412 1291 422 1307 ι
445 1282 625 1318 Ἐσκίρτησαν
638 1282 772 1317 δαμάλεις
792 1283 838 1309 ἐπὶ
858 1284 922 1314 ταῖς

132 1324 246 1359 φάτναις
258 1325 359 1353 αὐτῶν.
376 1336 386 1352 1
399 1323 484 1354 Αὖται
502 1327 550 1362 μὲν
564 1328 617 1363 γὰρ
628 1328 681 1354 ὑπὸ
691 1329 741 1363 τῆς
756 1328 922 1363 κατεχούσης

131 1370 237 1402 ἐνδείας
251 1371 481 1408 συνελαυνόμεναι
496 1373 563 1408 πρὸς
580 1374 610 1400 τδ
625 1375 738 1409 σκιρτᾷν
752 1383 783 1400 τε
797 1374 922 1401 νεύσουσι

132 1415 182 1442 καὶ
197 1416 396 1451 ταράττεσθαι,
412 1417 464 1444 ὑπὸ
489 1418 538 1453 μὲν
560 1418 610 1453 τῆς
627 1418 735 1452 φύσεως
751 1421 801 1454 τὴν
819 1419 923 1454 τροφὴν

132 1460 320 1495 ἑπιζητοῦσαι,
336 1462 390 1490 ὑπὸ
403 1462 431 1489 δὲ
441 1463 488 1490 τοῦ
502 1463 538 1499 μὴ
549 1465 675 1499 παρεῖναι
689 1464 720 1490 τὸ
730 1463 839 1499 τρέφον,
856 1464 924 1499 πρὸς

133 1507 250 1534 ἄτακτον
258 1507 416 1543 κινούμεναι
424 1508 574 1544 σκίρτησιν.
587 1518 596 1534 ι
608 1509 764 1544 Εὑρωτίασε
776 1509 923 1545 σιτοὼχεία

133 1553 189 1580 ἀπὸ
196 1553 249 1580 τῶν
258 1554 417 1589 χρισμάτων
425 1554 523 1581 αὐτῶν.
530 1564 538 1580 1
548 1554 656 1590 Ἐπειδὴ
668 1554 727 1586 έθος
737 1555 924 1590 περιχρίεσθαι

134 1599 181 1625 τοῦ
191 1599 264 1625 σίτου
272 1599 321 1630 τὰς
329 1599 469 1634 ἀποθήκας
477 1599 625 1634 ἀσφαλείας
631 1600 733 1631 ἕνεκεν,
741 1600 790 1626 οὐκ
798 1600 922 1633 ὲνόντων,

135 1645 214 1679 φησὶ,
225 1644 278 1671 τῶν
292 1644 513 1680 ἐμϐαλλομένων,
525 1645 632 1680 εὐρῶτα
641 1646 656 1671 ό
666 1645 855 1681 ὲπιχριόμενος
869 1645 924 1678 ἕξει

136 1689 232 1725 πηλὸς,
245 1689 277 1716 ὲκ
286 1689 333 1716 τοῦ
344 1690 426 1725 μηδὲν
441 1689 615 1716 ἀποτίθεσθαι
628 1689 765 1722 καθάπαξ.
782 1700 790 1716 ι
813 1689 925 1724 Ἦφανί-

140 1736 242 1771 σθησαν
260 1735 401 1771 θησαυροί.
423 1745 433 1762 1
451 1736 507 1767 Πᾶς
522 1736 605 1767 τόπος
623 1736 714 1762 ὅντινα
726 1736 825 1772 δήποτε
841 1736 925 1762 εἰσδέ-

138 1781 233 1817 χεσθαι
254 1782 362 1816 καρπὸν
380 1781 497 1815 εἰωθὼς,
512 1782 639 1817 περιττὸς
653 1781 744 1814 ἔσται,
768 1783 819 1808 οὐκ
839 1782 925 1808 οντων

138 1826 192 1854 τῶν
205 1826 388 1861 ὲμὸἀλλεσθαι
406 1827 578 1862 ὀφειλόντων.
607 1837 616 1852 ι
640 1828 859 1863 Κατεσκάφησαν
879 1828 925 1863 λη-

139 1872 189 1899 νοί.
209 1881 218 1897 1
236 1872 365 1907 Περιτταὶ
382 1872 429 1898 καὶ
442 1867 523 1898 αὗται
537 1872 693 1905 φανοῦνται,
711 1872 817 1904 οὐδενΜ
835 1873 925 1898 εἰσκο-

141 1916 296 1951 μιζομένου.
325 1925 335 1942 ‹
358 1917 420 1942 Ὀτι
441 1916 576 1952 ἐξηράνθη
600 1918 683 1948 σῖτος,
706 1917 732 1943 τί
753 1917 925 1952 ἀποθήσομεν

140 1963 246 1993 tamet;
263 1971 271 1994 ;
286 1971 296 1988 1
314 1962 381 1988 ’Δπὸ
396 1962 495 1998 μέρους
507 1963 554 1988 τοῦ
567 1962 640 1988 σίτου
654 1962 717 1994 τοὺς
725 1962 827 1994 πάντας
839 1964 926 1989 εἰπεῖν

140 2007 276 2042 ὴὸουλήθη
289 2007 426 2042 καρπούς·
446 2009 486 2039 εἰς
500 2008 553 2043 γὰρ
571 2007 714 2042 βεϐαίωσιν
728 2007 782 2034 τῶν
796 2016 926 2043 προειρη-

143 2053 232 2087 μένων
247 2053 327 2079 τοῦτο
346 2052 470 2088 βούλεται
484 2053 584 2087 λέγειν,
601 2053 642 2079 ὃτι
657 2053 711 2079 τῶν
725 2053 840 2088 καρπῶν
856 2062 925 2080 παν-

141 2098 225 2130 τελῶς
239 2099 435 2134 ἀφῃρημένων,
451 2099 578 2134 περιττὸς
590 2099 643 2130 πᾶς
659 2098 736 2126 ἔσται
754 2099 835 2130 τόπος
849 2099 926 2134 δέχε-

143 2143 205 2170 σθαι
219 2144 282 2175 τοὺς
299 2145 423 2178 καρποὺς
442 2144 556 2176 εἰωθὼς,
578 2144 615 2179 (p.
635 2144 695 2179 ΗΞ)
711 2144 761 2170 οὐκ
777 2144 861 2170 ὄντων
872 2144 927 2170 τῶν

141 2189 317 2216 ἀποτίθεσθαι
340 2189 500 2223 μελλόντων.
521 2199 530 2215 ι
551 2189 687 2216 Ἔκλαυσε
705 2189 830 2224 βουκόλια
845 2189 926 2224 βοῶν,

142 2235 184 2261 ὅτι
199 2235 248 2270 οὐχ
267 2235 372 2271 ὑπῆρχε
395 2235 463 2270 νομὴ
488 2234 586 2261 αὐτῶν·
617 2235 666 2261 καὶ
688 2235 722 2262 τὰ
740 2235 853 2270 ποίμνια
876 2234 929 2261 τῶν

144 2280 286 2316 προϐάτων
304 2280 502 2315 ἠφανίσθησαν.
531 2289 540 2305 1
573 2280 724 2315 Ἄφῄρηται
747 2281 801 2307 τῶν
822 2280 929 2315 κτηνῶν

143 2325 160 2360 ὴ
175 2324 294 2360 συνήθης
318 2324 389 2351 κατά
411 2324 502 2359 χώραν
522 2325 622 2360 τροφή.
645 2334 654 2350 ι
672 2324 743 2360 Πρὸς
760 2325 800 2357 σὲ,
824 2324 930 2360 Κύριε,

146 2367 342 2405 βοήσομαι,ὃτι
356 2367 413 2405 πῦρ
424 2369 546 2405 ἀνήλωσε
568 2370 604 2396 τὰ
627 2369 715 2404 ὡραία
729 2369 779 2404 τῆς
803 2370 851 2405 ὲρή
857 2377 907 2404 μου
921 2389 929 2400 ,

144 2415 193 2442 καὶ
206 2415 271 2449 φλὸξ
290 2414 377 2449 ἀνῆψε
401 2416 491 2441 πάντα
508 2415 542 2442 τὰ
559 2414 625 2446 ξύλα
640 2413 687 2440 τοῦ
703 2413 800 2449 ἀγροῦ.
819 2424 828 2440 1
847 2415 930 2449 Κοινῇ

145 2460 175 2488 δὲ
188 2460 289 2491 πάντες
303 2461 350 2486 ἐπὶ
371 2460 428 2491 τοῖς
444 2460 588 2494 κατέχουσι
614 2460 706 2491 κακοῖς
723 2459 798 2494 παρά
816 2459 861 2485 σοῦ
878 2459 932 2485 τῶν

145 2506 309 2540 τηλικούτων
332 2505 426 2532 κακῶν
450 2506 598 2540 αἰτήσομεν
623 2505 672 2540 τὴν
688 2504 774 2536 λύσιν,
798 2505 838 2530 ὅτι
855 2504 932 2539 δίκην

147 2551 232 2586 πυρὸς
249 2551 344 2577 ἁπασα
360 2551 378 2585 ἡ
393 2550 470 2584 χώρα
483 2551 531 2576 σὺν
550 2551 605 2581 τοῖς
624 2549 713 2575 ἐνοῦσι
729 2548 847 2583 δένδροις
862 2548 933 2583 ἠφά-

146 2604 244 2623 νισται·
261 2605 270 2621 t
286 2595 376 2630 ὡραῖα
395 2604 405 2620 1
420 2595 474 2630 γὰρ
495 2603 505 2620 ι
523 2595 573 2629 τῆς
588 2595 690 2629 ἐρήμου
707 2603 718 2620 1
735 2593 809 2628 λέγει
826 2594 888 2625 τοὺς
904 2594 933 2620 ὲν

146 2642 202 2673 τοῖς
215 2641 290 2676 ὄρεσι
301 2641 402 2671 τόπους
414 2640 481 2674 πρὸς
493 2640 656 2674 σπερμάτων
671 2638 824 2673 καταϐολὴν
839 2640 934 2674 ἐπιτη-

147 2686 233 2718 δείους
257 2686 350 2718 δντας,
369 2685 416 2717 οὒς
433 2685 543 2712 εἰώθασι
560 2684 642 2719 κοινῷ
655 2684 726 2719 λόγῳ
750 2693 758 2709 ι
780 2683 904 2718 ὀροπέδια
921 2692 930 2709 ι

147 2732 239 2758 καλεῖν
250 2739 258 2747 ·
277 2731 323 2757 ἵνα
339 2729 388 2756 οὖν
403 2730 477 2765 εἴπῃ·
502 2730 542 2756 ὃτι
557 2731 611 2760 πᾶς
626 2729 706 2759 τόπος
725 2728 773 2754 καὶ
790 2728 843 2754 πᾶν
857 2727 934 2760 ξύλον

147 2780 304 2816 ἠφάνισται,
331 2780 371 2811 ὡς
392 2779 445 2806 ὑπὸ
469 2779 552 2815 πυρός
576 2787 648 2810 τινος
677 2778 933 2812 καταπεφλεγμένα.

152 2835 161 2852 ι
180 2827 233 2854 Καὶ
252 2826 286 2855 τὰ
307 2826 399 2859 κτήνη
421 2824 468 2852 τοῦ
492 2825 581 2853 πεδίου
601 2824 730 2859 ἀνέϐλεψε
749 2824 816 2858 πρὸς
839 2824 877 2858 σὲ,
894 2823 934 2851 ὅτι

975 247 985 264 ι
1010 239 1178 274 Congrcgate
1197 246 1297 270 senes,
1319 246 1469 274 omnesque
1488 243 1569 267 terra
1592 240 1697 267 incolas
1722 241 1756 268 ad

972 285 1082 312 domum
1111 284 1157 311 Dei
1178 284 1272 316 vestri,
1290 288 1318 311 et
1337 285 1453 312 clamate
1469 285 1503 312 ad
1519 285 1660 313 Dominum
1680 285 1758 313 vehe-

973 335 1096 357 menter:
1123 329 1179 357 Heu
1206 329 1285 356 mihi!
1304 330 1356 356 hcu
1382 329 1466 356 mihi!
1486 331 1536 357 heu
1551 330 1616 357 mihi
1641 331 1667 357 in
1693 330 1754 357 die!

972 377 1035 410 quia
1051 383 1134 410 prope
1147 375 1205 402 dies
1221 374 1338 402 Domini.
1356 385 1365 400 1
1383 374 1415 400 Et
1427 382 1532 407 omnes,
1548 376 1594 410 qui
1607 376 1633 402 in
1647 376 1757 411 regione

971 424 1062 448 vestra
1083 421 1235 455 praecedere
1251 420 1314 448 aliis
1338 420 1373 447 ob
1396 423 1503 447 aetatem
1528 421 1637 453 debent.
1659 422 1757 448 coadu-

973 470 1080 497 nantes.
1105 474 1174 500 quos
1191 470 1218 493 et
1241 465 1360 500 reliquos
1383 466 1460 501 sequi
1480 473 1529 500 par
1549 471 1602 500 est,
1623 468 1754 502 gregatim

972 510 1020 538 Dei
1034 510 1144 537 domum
1163 511 1266 546 ingredi
1281 511 1423 546 impellite,
1443 511 1564 546 quandiu
1577 513 1654 539 vobis
1666 513 1755 540 adhuc

972 557 1141 592 ingrediendi
1163 557 1240 591 copia
1260 561 1311 584 est.
1330 557 1397 584 Cum
1416 557 1509 584 multis
1527 561 1616 584 autem
1640 558 1755 586 clamato

970 603 1135 637 gemitibus;
1154 602 1180 629 id
1195 603 1266 630 enim
1282 602 1410 637 praedicta
1426 602 1526 629 locutio
1542 603 1593 629 heu
1613 603 1689 635 mihi,
1703 603 1754 631 heu

971 648 1048 679 mihi,
1064 648 1116 675 beu
1131 648 1210 679 mihi,
1227 648 1382 683 significat;
1402 651 1513 675 orantes
1536 655 1571 675 ne
1591 647 1663 674 diem
1681 648 1754 674 illam

970 693 1087 728 experiri
1113 692 1258 728 cogamini,
1281 700 1343 728 quae
1363 692 1435 720 haud
1453 693 1548 726 procul
1570 693 1657 725 abest,
1678 693 1756 727 juxta

970 739 1089 767 divinam
1111 739 1361 766 cornminationem.
1393 748 1403 764 ι
1431 738 1464 765 Ει
1487 739 1564 774 quasi
1590 738 1700 767 miseria
1722 737 1756 766 de

971 784 1083 811 miseria
1111 784 1212 811 veniet.
1237 792 1246 808 1
1280 783 1318 811 Ne
1347 784 1406 811 sine
1437 782 1642 818 intercapedine
1677 782 1756 810 malis

971 829 1168 865 corripiamini.
1191 839 1200 855 ι
1217 829 1287 861 Quia
1301 833 1364 856 ante
1387 829 1482 856 oculos
1504 833 1612 856 vestros
1626 827 1756 865 alimenta

969 879 1143 905 exaruerunt.
1157 875 1219 902 item
1230 875 1263 902 de
1274 875 1356 902 domo
1373 874 1420 901 Dei
1441 874 1522 901 vestri
1534 874 1663 909 gaudium
1675 877 1756 907 atque

968 920 1071 947 laetitia.
1093 929 1102 945 1
1129 919 1169 947 Ne
1197 923 1369 954 spectatores
1391 919 1524 945 malorum
1550 918 1657 946 illorum
1683 917 1755 949 sitis.

969 966 1032 1000 quia
1065 965 1150 992 multa
1175 965 1229 992 erit
1254 965 1309 991 imo
1337 964 1455 991 maxima
1481 963 1587 998 frugum
1613 963 1755 991 sterilitas.

968 1011 1109 1039 Pessimus
1128 1011 1251 1037 omnium
1267 1010 1378 1038 accedet
1391 1009 1528 1042 cumulus,
1541 1009 1658 1036 cessatio
1670 1008 1760 1036 omni-

969 1057 1049 1084 moda
1070 1057 1097 1084 in
1113 1057 1158 1084 Dei
1176 1057 1277 1091 templo
1290 1056 1404 1091 congrui
1426 1055 1565 1090 debilique
1584 1054 1639 1082 Deo
1653 1055 1754 1085 cultus.

969 1103 1016 1137 qui
1040 1102 1140 1137 gaudio
1164 1103 1283 1137 plurimo
1301 1105 1382 1137 atque
1408 1101 1501 1128 laetitia
1527 1100 1633 1135 replere
1651 1103 1757 1135 poterat

971 1148 1078 1175 honesti
1091 1148 1243 1176 studiosos.

1007 1283 1091 1310 Vens.
1116 1282 1224 1309 t7-20.
1240 1297 1275 1304 —
1296 1291 1305 1307 ‹
1325 1281 1555 1308 Snbsultaverunt
1579 1280 1703 1315 juvenem
1728 1280 1756 1307 in

972 1329 1138 1364 praesepibus
1179 1328 1249 1355 suis.
1269 1337 1279 1353 1
1310 1327 1356 1354 liae
1391 1327 1492 1361 quippe
1517 1330 1659 1360 premente
1687 1325 1759 1352 fame

973 1380 1084 1406 coactae,
1103 1374 1259 1402 subsultare
1276 1381 1308 1400 ac
1331 1373 1487 1408 perturbari
1510 1371 1654 1406 incipient,
1677 1374 1758 1397 natu-

973 1420 1067 1447 raliter
1088 1419 1245 1447 alimoniam
1263 1422 1434 1454 qnaerentes;
1456 1425 1509 1453 qua
1527 1421 1636 1452 negata,
1658 1417 1691 1443 ad
1716 1417 1758 1443 in-

974 1464 1098 1492 conditas
1123 1464 1339 1491 subsultationcs
1361 1466 1514 1490 moventur.
1544 1471 1553 1488 l
1576 1461 1758 1496 Computrue-

975 1514 1040 1537 runt
1054 1510 1151 1536 horrea
1167 1509 1201 1536 ab
1219 1509 1395 1536 unctionibus
1417 1508 1486 1536 suis.
1507 1517 1516 1533 1
1534 1506 1604 1539 Quia
1626 1513 1686 1534 mos
1699 1510 1758 1534 erat

977 1555 1096 1590 ungendi
1112 1555 1258 1590 apothecas
1277 1554 1370 1585 tritici,
1394 1561 1478 1580 causa
1493 1551 1721 1584 conservationis,
1734 1551 1758 1579 si

977 1601 1085 1629 deﬁciet
1105 1599 1236 1635 quidquid
1259 1600 1323 1626 illuc
1345 1598 1522 1634 ingerendum
1537 1601 1606 1628 erat.
1624 1601 1761 1632 putrescet

978 1647 1076 1674 illitum
1091 1646 1188 1678 lutum,
1203 1653 1265 1672 cum
1286 1645 1354 1672 nihil
1375 1643 1488 1671 omnino
1509 1643 1545 1671 sit
1569 1643 1643 1670 intus
1657 1643 1761 1677 reposi-

978 1695 1047 1718 tum.
1064 1700 1074 1717 t
1096 1690 1233 1718 Destructi
1258 1695 1322 1718 sunt
1350 1689 1482 1716 thesauri.
1509 1697 1518 1714 1
1542 1687 1661 1720 Quilibet
1685 1687 1762 1714 locus

978 1737 1100 1771 recipere
1125 1736 1217 1770 fruges
1242 1735 1350 1768 solitus,
1376 1741 1597 1768 supervacaneus
1621 1733 1684 1764 erit,
1699 1739 1761 1758 cum

977 1790 1031 1809 non
1053 1783 1108 1808 sint
1123 1788 1183 1815 quae
1196 1780 1290 1815 reponi
1308 1780 1434 1807 debeant.
1453 1788 1462 1804 ι
1483 1778 1604 1806 Suﬂossa
1627 1781 1691 1805 sunt
1705 1781 1763 1803 tor-

979 1827 1093 1855 eularia.
1112 1836 1122 1852 1
1138 1826 1192 1862 ’14
1215 1825 1277 1853 llazc
1301 1832 1410 1860 quoque
1430 1824 1595 1851 videbuntur
1614 1821 1761 1858 superﬂua,

978 1876 1041 1899 eum
1057 1879 1136 1899 nemo
1150 1871 1296 1906 quidquam
1313 1869 1417 1897 aﬂ'erat.
1436 1878 1445 1894 ι
1464 1869 1533 1896 Cum
1557 1867 1708 1895 arefactum
1727 1867 1763 1894 sit
1785 1871 1787 1874 ’

979 1916 1113 1947 triticum,
1129 1914 1194 1949 quid
1211 1914 1290 1941 nobis
1307 1914 1490 1948 reponemus?
1508 1922 1517 1939 1
1538 1913 1559 1939 Α
1575 1916 1661 1947 parte.
1679 1911 1706 1938 id
1720 1915 1764 1938 est

979 1970 995 1989 α
1013 1963 1114 1993 tritico,
1128 1964 1242 1987 cnndos
1267 1959 1325 1986 vult
1348 1959 1480 1986 denotare
1505 1957 1623 1985 fructus.
1641 1956 1764 1990 Namque

980 2009 1013 2036 ad
1027 2013 1107 2035 antea
1119 2006 1255 2033 dictorum
1271 2005 1508 2033 confirmationem
1527 2004 1578 2031 hoc
1589 2003 1680 2030 dicere
1694 2002 1762 2035 vult,

979 2061 1076 2088 nempe
1092 2051 1165 2087 quod
1183 2051 1306 2086 frugibus
1322 2050 1429 2077 cunctis
1448 2049 1558 2081 ablatis,
1576 2055 1763 2083 supervacuus

980 2101 1032 2128 erit
1048 2100 1136 2127 omnis
1151 2100 1228 2126 locus
1241 2098 1275 2125 iis
1295 2096 1463 2131 excipiendis
1480 2100 1614 2122 consueto
1627 2101 1702 2120 more
1715 2100 1765 2128 pa-

980 2149 1067 2176 ratus,
1078 2151 1139 2170 cum
1161 2142 1234 2178 quod
1258 2145 1407 2177 reponatur
1427 2140 1509 2168 desit.
1530 2149 1539 2164 ι
1558 2139 1702 2166 Fleverunt
1717 2145 1763 2164 ar-

1777 1807 1784 1826 ί

945 2199 966 2226 υ
983 2195 1070 2217 menta
1087 2189 1178 2221 boum,
1191 2188 1254 2223 quia
1271 2195 1325 2214 non
1339 2189 1416 2213 erant
1432 2186 1472 2214 eis
1487 2192 1587 2220 pascua
1604 2193 1610 2210 :
1625 2187 1652 2211 et
1666 2190 1763 2218 greges

981 2236 1072 2262 ovium
1094 2235 1286 2269 disperierunt.
1311 2242 1319 2257 1
1343 2231 1533 2259 Jumcntorum
1560 2233 1692 2257 consueta
1716 2236 1764 2264 per

981 2289 1061 2316 agros
1075 2281 1203 2308 alimenta
1218 2278 1389 2306 defecerunt.
1411 2286 1420 2303 ι
1439 2277 1479 2304 Ad
1506 2280 1541 2308 te,
1563 2275 1687 2306 Domine.
1705 2275 1763 2301 cla-

982 2328 1072 2359 mabo,
1087 2327 1150 2362 quia
1175 2326 1246 2360 ignis
1268 2324 1439 2358 consumpsit
1462 2322 1584 2357 speciosa
1608 2320 1720 2352 deserti,
1738 2323 1766 2347 et

981 2372 1088 2398 ﬂamma
1104 2375 1201 2398 cuncta
1217 2370 1289 2404 ligna
1303 2369 1360 2404 agri
1375 2366 1526 2396 succendit.
1543 2376 1552 2391 1
1569 2365 1666 2393 Cuncti
1684 2364 1766 2392 simul

982 2416 1009 2443 in
1029 2416 1113 2444 tantis
1129 2415 1270 2443 constituti
1291 2414 1382 2445 malis,
1404 2420 1420 2439 a
1442 2416 1470 2440 te
1493 2411 1633 2447 poscimus
1655 2409 1764 2437 illorum

982 2462 1156 2494 solutionem,
1182 2460 1245 2495 quia
1273 2460 1347 2487 velut
1373 2459 1435 2493 igne
1454 2458 1581 2484 universa
1605 2455 1681 2490 regio
1703 2462 1766 2482 cum

983 2508 1041 2536 suis
1054 2506 1198 2534 arboribus
1213 2508 1318 2533 vastata
1329 2503 1455 2531 est.Nam
1472 2511 1481 2527 ι
1495 2500 1597 2528 deserti
1612 2500 1736 2535 speciosa
1753 2508 1763 2524 1

982 2552 1050 2580 dicit
1068 2552 1144 2578 locos
1170 2551 1198 2577 in
1217 2549 1357 2576 montibus
1381 2546 1556 2575 seminationi
1580 2545 1703 2576 idoneos,
1719 2544 1767 2578 qui

982 2597 1088 2630 vulgari
1104 2595 1212 2630 loquela
1227 2595 1281 2622 dici
1301 2594 1391 2621 solent
1415 2601 1424 2618 ι
1445 2591 1566 2627 planitia
1585 2594 1732 2617 montanae.
1753 2598 1764 2615 1

983 2642 1048 2669 Vult
1070 2648 1135 2676 ergo
1162 2640 1264 2672 dicere,
1292 2645 1400 2666 omnem
1425 2637 1516 2664 locum
1544 2641 1679 2670 omneque
1699 2633 1765 2668 ligni

984 2695 1070 2722 genus
1082 2691 1213 2720 tanquam
1233 2685 1295 2720 igne
1311 2683 1396 2711 fuisse
1417 2681 1623 2709 inﬂammatum.
1643 2688 1652 2704 ι
1673 2677 1726 2706 Sed
1740 2682 1767 2705 et

984 2733 1078 2760 bestia:
1095 2731 1152 2767 agri
1178 2730 1211 2757 ad
1237 2734 1264 2757 te
1288 2731 1480 2763 suspexerunt,
1496 2727 1624 2762 quoniam
1641 2724 1768 2752 arefacta!

986 2781 1050 2805 sunt
1067 2783 1199 2811 aquarum
1217 2774 1409 2808 scaturigines.
1430 2782 1440 2799 1
1459 2771 1587 2803 Pereunt,
1603 2769 1703 2803 inquit,
1721 2768 1767 2794 siti

986 2824 1118 2856 iumenta,
1134 2820 1254 2849 fontibus
1268 2819 1336 2854 jam,
1348 2819 1383 2847 ob
1399 2817 1498 2854 pluviae
1512 2816 1657 2848 defectum,
1669 2819 1766 2849 aquam
