1973 3066
221 152 275 181 919

820 152 994 182 TIIEODORI
1013 151 1255 181 MOPSUESTENI

1791 155 1849 183 290

223 208 348 238 cmiiterc
365 216 418 236 non
441 209 604 237 valentibus.
619 208 766 245 Postquam
783 210 865 245 igitur
880 211 934 237 lato
948 217 1002 237 ser-

1057 209 1244 245 ἐξηράνθησαν
1255 209 1366 243 ἀφέσεις
1377 209 1489 237 ὑδάτων.
1508 220 1516 237 ι
1539 211 1704 243 Ἀπολετται,
1718 212 1795 247 φησὶ.
1807 211 1851 246 τῷ

223 262 305 283 mone
335 255 462 290 exposuit
491 256 626 284 malorum
658 255 873 289 multitudinem,
907 256 1008 284 similia

224 301 362 336 praedictis
382 301 512 329 subtexit.

551 436 627 464 CAP.
648 436 679 464 ll.

257 482 341 510 Vens.
362 483 417 510 1-5.
436 498 471 502 -
490 492 499 508 ι
517 483 640 518 (:lnngite
662 482 726 509 tuba
750 481 777 508 in
802 481 895 515 Sione,
911 481 1008 517 prsidi-

221 534 282 557 cate
311 530 338 557 in
369 533 460 556 monte
483 534 578 556 sancto
594 536 663 560 meo,
682 532 885 563 congregemur
911 535 1007 556 omnes

222 576 394 603 habitatores
419 580 510 606 terrze.
535 574 600 609 quia
626 574 703 601 adest
725 573 784 601 dies
807 573 926 605 Domini,
943 573 1007 608 quia

222 628 307 656 prope
321 625 364 648 est
378 620 436 648 dies
450 620 625 647 tenebrarum
639 623 666 646 et
679 619 816 654 caliginis.
831 619 890 646 dies
902 619 1007 646 nebula;

221 671 248 694 et
261 666 390 694 turbinis.
410 675 420 691 ι
436 665 519 692 Tuba:
536 665 627 699 itaque
641 665 719 699 signo
738 664 812 697 dato,
831 664 909 699 juxta
924 665 1006 691 ritum

221 711 383 746 legitimum,
401 710 453 746 75
469 715 582 737 cunctos
601 710 635 737 ad
662 709 773 737 Sionem
797 713 917 737 montem
940 716 1008 736 con-

222 761 340 792 gregate,
370 756 415 783 ubi
430 756 496 783 tnihi
513 757 616 784 cultum
633 755 754 783 exhiberi
783 763 842 782 mos
865 758 925 787 est;
950 754 1007 782 illic

222 809 310 829 tneam
324 802 501 836 implorantes
511 801 738 832 misericordiam,
750 800 813 835 quia
824 799 895 826 haud
911 798 1005 834 procul

221 851 263 874 est
278 854 360 881 quant
385 845 456 873 Deus
473 846 656 872 comanatus
671 850 713 872 est
728 845 797 877 dies,
815 852 875 880 quae
892 849 1006 871 cunctos

222 891 344 919 tenebris
362 895 442 925 atque
465 890 581 925 caligine
600 890 710 925 opplere
727 889 798 924 potis
812 894 871 922 est;
892 889 959 916 adeo
976 893 1006 916 ut

222 937 313 964 videre
327 937 394 963 nihil
422 936 539 971 possint,
556 940 650 970 utpote
666 935 747 963 rebus
765 935 892 962 omnibus
907 935 1005 962 nebula

222 990 253 1010 ac
265 982 375 1009 turbine
390 981 539 1009 obvolutis.
562 980 644 1008 Recte
655 986 743 1007 autem
757 981 791 1007 ad
805 981 913 1007 Sionem
929 989 1007 1008 mon-

222 1033 275 1055 tem
290 1035 386 1054 omnes
403 1027 527 1058 advocat,
550 1027 576 1053 in
592 1034 646 1061 quo
661 1027 700 1053 lex
721 1026 838 1053 Mosaica
852 1027 904 1054 coli
921 1026 1005 1054 Deum

222 1072 323 1100 debere
337 1072 490 1099 constituit.
516 1072 605 1104 Quare
619 1076 645 1098 et
660 1071 753 1098 decem
772 1071 859 1098 tribus
875 1072 1006 1098 derelicto

221 1117 273 1144 loci
292 1116 353 1151 ejus
372 1117 466 1143 divino
489 1117 574 1148 cultu,
602 1116 729 1150 juvcncis
753 1116 902 1143 secundum
929 1115 1006 1143 Jero-

221 1161 313 1188 boami
327 1162 484 1192 consilium,
499 1161 624 1188 eumdem
637 1161 803 1188 dtrllllel'ltnl.
820 1161 898 1188 Nunc
914 1161 1006 1195 itaque

221 1207 356 1239 hortatur,
374 1210 403 1233 ut
426 1206 459 1234 ab
473 1206 579 1234 insania
594 1206 638 1233 illa
654 1206 821 1238 recedentes,
837 1206 870 1233 ad
895 1207 1004 1233 Sionem

221 1255 339 1279 montem
359 1252 518 1287 respiciant,
548 1256 575 1279 et
597 1251 630 1278 ad
656 1252 835 1279 universalem
861 1251 1005 1279 Dominum

219 1296 257 1323 ibi
271 1297 322 1324 coli
340 1297 458 1331 jttssum,
477 1303 505 1324 ut
522 1297 561 1324 sic
577 1297 610 1324 ab
630 1297 836 1325 imminentibus
859 1297 911 1325 sibi
927 1298 1006 1324 malis

219 1341 329 1368 liberari
347 1342 503 1376 impetrent.
519 1341 622 1370 Revera
639 1342 690 1369 hoc
712 1343 861 1378 contigisse
873 1343 924 1370 sub
938 1342 1006 1370 Sen-

219 1387 386 1418 nacberitno.
415 1386 529 1414 Ezechia
547 1393 677 1422 regnante
692 1388 718 1414 in
733 1387 835 1420 Jutlaza,
853 1389 924 1416 illius
953 1389 1005 1416 loci

219 1432 320 1459 incolis
343 1432 497 1466 comperire
523 1437 574 1459 est.
606 1431 711 1465 «Quasi
736 1440 816 1461 mane
836 1434 1006 1468 expandetur

220 1483 302 1511 super
319 1480 425 1504 montes
439 1477 555 1511 populus
570 1478 672 1505 multus
694 1482 721 1505 et
746 1477 840 1505 fortis:
867 1479 965 1506 similis
979 1480 1004 1506 ei

219 1529 273 1548 non
286 1521 336 1548 fuit
351 1530 366 1549 ιι
380 1523 489 1553 saeculo,
503 1527 531 1550 et
541 1527 602 1558 post
618 1531 680 1551 eum
693 1531 746 1551 non
764 1523 909 1558 adiicietur
920 1533 1005 1559 usque

219 1567 252 1593 ad
262 1574 347 1594 annos
360 1566 385 1594 in
395 1568 582 1602 generationes
593 1568 808 1603 generationum.
817 1578 826 1593 ι
843 1568 898 1596 Cen
911 1578 999 1602 mane,

217 1612 290 1647 quod
307 1620 358 1639 suo
382 1616 504 1647 tempore
529 1613 683 1641 universam
699 1618 813 1648 occupat
829 1619 940 1648 terram,
961 1616 1002 1642 in-

218 1657 397 1685 numerabilis
412 1657 522 1692 quidam
546 1658 664 1685 hostium
685 1659 801 1694 populus
817 1661 1000 1692 superveniet,

217 1709 313 1730 omnes
335 1710 473 1737 occupans
499 1708 616 1734 montes.
642 1704 684 1730 cui
715 1712 802 1739 neque
829 1705 926 1733 similis
952 1706 1002 1733 fuit

217 1750 309 1777 antea,
332 1754 419 1780 neque
432 1746 509 1774 facile
523 1747 576 1774 erit
592 1751 696 1782 postea.
716 1757 724 1772 ι
738 1748 806 1776 Ante
826 1748 922 1776 faciem
942 1749 1001 1782 eius

217 1791 290 1827 ignis
302 1799 413 1824 vorans,
429 1798 456 1819 et
470 1796 532 1827 post
541 1800 603 1820 eum
615 1801 732 1821 exurens
745 1793 863 1822 ﬂamma.
874 1804 883 1820 ›
897 1795 1002 1821 Cuncta

217 1836 245 1863 in
264 1837 380 1864 circuitu
391 1844 506 1866 ascensu
516 1846 566 1866 suo
574 1838 705 1872 destruet,
722 1839 794 1866 velut
809 1840 888 1875 ignis.
903 1840 1001 1873 «Quasi

218 1881 315 1909 hortus
333 1882 481 1916 voluptatis
497 1887 570 1910 terra
581 1890 673 1910 coram
687 1891 731 1915 eo,
746 1889 774 1911 et
784 1889 845 1919 post
855 1892 918 1912 eum
929 1892 1003 1912 cam-

218 1934 274 1961 pus
294 1927 465 1955 desolatus.»
499 1927 573 1961 Quos
601 1929 676 1956 locos
702 1929 821 1956 nondum
845 1930 955 1960 invasit.
983 1930 1001 1956 ii

216 1972 342 1999 videntur
367 1973 438 1999 haud
467 1973 548 2000 horto
574 1973 740 2004 dissimiles,
769 1979 826 2001 tum
850 1974 1001 2002 incolartnu

217 2017 403 2051 multitudine,
423 2022 480 2044 tum
501 2019 635 2053 elegantia
653 2020 844 2047 aadiiiciorum:
868 2025 1001 2047 verumta-

215 2070 277 2090 men
294 2069 355 2098 post
369 2064 441 2091 illius
454 2064 611 2097 adventum,
630 2070 714 2092 totam
727 2065 799 2092 illam
815 2067 906 2094 statim
921 2073 1003 2093 amm-

215 2108 328 2135 nilatem
342 2108 459 2136 deletam
477 2109 570 2137 videre
583 2115 635 2138 est.
657 2120 666 2136 ι
677 2109 769 2145 Neque
788 2115 831 2139 est
845 2112 890 2146 qui
905 2112 940 2138 sit
959 2113 1002 2138 in-

215 2153 330 2180 colurnis
350 2154 384 2180 ab
401 2161 444 2181 eo.
457 2163 465 2179 ι
490 2154 600 2183 Diﬂicile
610 2163 675 2190 ergo
692 2161 734 2184 est
749 2164 912 2191 quemquam
929 2157 1001 2183 illius

214 2196 344 2231 impetum
356 2198 484 2232 effugere.

1022 877 1043 905 Β

1018 1540 1039 1568 C

1017 2200 1038 2227 D

1057 254 1128 289 δίψει
1141 254 1175 281 τὰ
1192 255 1276 289 κτήνη
1288 275 1296 285 ,
1313 254 1367 281 τῶν
1385 256 1481 290 πηγῶν
1497 257 1529 283 ἐκ
1548 257 1596 290 τῆς
1611 257 1680 292 ἄγαν
1696 257 1851 292 ἀνομϐρίας

1058 300 1128 335 ὕδωρ
1154 300 1185 326 οὐ
1203 300 1360 334 δυναμένων
1381 301 1545 336 ὲκπέμπειψ
1564 300 1623 329 εἶτα
1643 304 1677 338 τῇ
1697 302 1848 338 πλατύτητι

1057 345 1180 380 δηλώσας
1193 346 1247 371 τῶν
1262 345 1354 372 κακῶν
1367 345 1398 372 τὸ
1411 346 1523 381 πλῆθος,
1535 348 1632 381 ἐπάγει
1647 348 1680 374 τὰ
1691 347 1774 383 ὅμοια
1789 348 1848 379 τοῖς

1058 391 1258 427 προκειμένοις.

1382 438 1460 465 ΚΕΦ.
1482 438 1519 464 B’.

1092 482 1165 517 Στίχ.
1183 481 1255 516 α’-γ’.
1269 497 1304 502 —
1319 491 1329 508 ι
1343 483 1494 510 Σαλπίσατε
1510 483 1637 518 σάλπιγγι
1653 485 1682 511 ὲν
1699 483 1778 516 Σιὼν,
1793 493 1846 519 κη-

1059 527 1155 563 ρύξατε
1179 529 1207 554 ὲν
1225 528 1283 563 δρει
1315 528 1385 563 ἁγίῳ
1405 537 1467 563 μου,
1490 529 1536 555 καὶ
1557 529 1766 565 συναχθήτωσαν
1788 530 1846 565 (Η)

1056 572 1156 603 πάντες
1171 573 1194 599 οἱ
1208 572 1396 604 κατοικοῦντες
1409 572 1458 608 τὴν
1476 574 1543 609 γῆν·
1559 575 1597 608 (p.
1615 574 1677 604 ΗΞ)
1692 575 1758 601 διότι
1774 575 1847 610 πάρ-

1056 626 1130 644 εστιν
1143 619 1159 653 ἠ
1173 619 1265 654 ἡμέρα
1275 619 1388 654 Κυρίου·
1403 619 1444 645 ὄτι
1456 619 1539 653 ἐγγὺς
1550 619 1566 654 ή
1579 619 1669 655 ἡμέρα
1680 620 1790 652 σκότους
1799 621 1848 647 καὶ⁸

1056 663 1166 697 γνόφου,
1188 663 1279 698 ἡμέρα
1294 662 1408 697 νεφέλης
1433 663 1480 689 καὶ
1502 663 1626 699 ὁμίχλης.
1656 673 1666 690 ι
1690 664 1729 700 Τῇ
1754 665 1847 691 τοίνυν

1058 706 1178 743 σημασία
1191 707 1240 741 τῆς
1256 707 1404 740 σάλπιγγος
1427 707 1496 734 κατὰ
1519 707 1548 734 τὸ
1564 707 1679 743 νόμιμον
1694 709 1754 740 ἔθος
1768 718 1847 744 χρη-

1057 752 1177 786 σάμενοι,
1195 752 1299 783 πάντας
1311 752 1357 778 ἐπὶ
1372 751 1402 778 τὸ
1418 751 1486 779 Σιὼν
1511 753 1679 786 συναγάγετε
1695 753 1767 789 ὅρος.
1782 753 1847 780 ἔνθα

1058 804 1102 831 μοι
1113 796 1162 830 τὴν
1173 795 1321 831 θρησκείαν
1333 797 1505 823 ἀποδίδοσθαι
1523 797 1593 829 ἔθος·
1605 798 1697 824 αὐτόθι
1713 798 1759 825 τὸν
1772 798 1847 825 ἔλεον

1056 841 1194 873 αἰτοῦντες
1201 842 1245 868 τὸν
1254 843 1333 872 θεῖον,
1342 842 1391 868 ἐπε
1396 842 1436 877 ιδὴ
1446 843 1477 869 οὐ
1488 843 1581 878 πόρρω
1590 851 1622 869 συ
1626 843 1763 879 μϐἐὸηκεν
1774 841 1846 871 εἶναι

1056 887 1103 922 τὴν
1114 887 1300 923 ἠπειλημὲνην
1314 888 1378 922 ὑμῖν
1390 887 1495 924 ἡμέραν
1504 888 1579 922 παρὰ
1592 889 1639 915 τοῦ
1656 889 1733 918 Θεοῦ.
1749 890 1765 924 ἢ
1780 889 1846 916 σκό-

1057 942 1117 964 τους
1126 933 1265 968 αὐτάρκης
1278 934 1324 960 καὶ
1334 934 1433 967 γνόφου
1447 933 1550 965 πάντας
1562 933 1691 968 πληροῦν,
1707 935 1744 966 ὡς
1760 936 1788 961 ἐν
1802 943 1846 962 νε-

1057 979 1124 1015 φέλῃ
1136 979 1188 1005 τινὶ
1204 979 1251 1004 καὶ
1258 978 1356 1014 ὁμίχλῃ
1365 979 1453 1006 πάντα
1468 979 1626 1006 καθεστῶτα
1633 981 1698 1015 ὁΡᾷ¹ί
1708 981 1756 1015 οὐχ
1767 981 1842 1012 οἴους

1056 1033 1086 1051 τε
1100 1025 1188 1055 ὂντας*
1206 1024 1295 1056 καλῶς
1312 1024 1340 1050 δὲ
1355 1025 1402 1050 ἐπί
1417 1024 1485 1051 Σιὼν
1501 1024 1563 1060 ὅρος
1575 1025 1698 1056 ἅπαντας
1712 1027 1798 1058 καλεῖ,
1814 1027 1844 1054 ὲν

1056 1067 1132 1106 ᾧπερ
1148 1071 1218 1097 κατὰ
1233 1070 1262 1096 τδ
1280 1071 1424 1097 Μωσαῐκὺν
1446 1070 1506 1102 ἔθος
1519 1071 1717 1105 θεραπεύεσθαι
1730 1072 1846 1099 τέτακτο

1056 1116 1087 1142 τὸ
1098 1117 1184 1143 Θεῖον·
1199 1117 1237 1148 ὡς
1258 1117 1290 1143 ἂν
1307 1117 1354 1143 καὶ
1367 1117 1430 1148 τοὺς
1444 1117 1498 1142 τῶν
1519 1116 1586 1143 δέκα
1600 1116 1692 1150 φυλῶν
1706 1118 1845 1145 ἀπολελοι-

1056 1162 1141 1194 πότας
1156 1162 1204 1196 μὲν
1217 1162 1266 1197 τὴν
1279 1162 1372 1188 αὐτόοι
1392 1162 1438 1188 τοὺ
1457 1161 1536 1188 Θείου
1552 1162 1708 1196 θεραπείαν,
1723 1165 1782 1194 ταῖς
1796 1163 1844 1190 δα-

1058 1207 1153 1242 μάλεσι
1178 1207 1206 1233 δὲ
1231 1208 1300 1234 κατὰ
1321 1207 1369 1242 τὴν
1387 1207 1435 1233 τοῦ
1461 1207 1603 1242 Ἰεροὸοὰμ
1625 1209 1844 1244 προσανέχοντας

1057 1253 1221 1288 συμβουλὴν,
1231 1253 1358 1288 ὲντρέψῃο
1371 1253 1417 1279 νῦν
1429 1252 1493 1286 γοῦν
1503 1253 1553 1288 τῆς
1565 1253 1665 1288 μανίας
1673 1254 1845 1287 ἀποστάντας

1056 1298 1172 1332 ἐκείνης,
1189 1298 1256 1333 πρὸς
1267 1298 1297 1324 τὺ
1309 1298 1379 1324 Σιὼν
1395 1299 1456 1334 δρος
1470 1299 1544 1330 ίδείν,
1559 1298 1605 1324 καὶ
1618 1299 1664 1324 τὸν
1683 1299 1729 1325 τοῦ
1743 1300 1843 1332 παντὸς

1060 1343 1162 1379 Κύριον
1185 1343 1278 1370 αὐτόθι
1306 1343 1506 1379 θεραπεύεσθαι
1534 1343 1707 1378 τεταγμένον,
1725 1345 1757 1370 ἕν’
1773 1344 1844 1371 οὕτω

1055 1386 1109 1413 τῶν
1123 1387 1353 1422 προσδοκωμένων
1364 1388 1456 1418 αὐτοῖς
1464 1387 1558 1413 κακῶν
1569 1387 1677 1414 λάϐοιεν
1692 1388 1742 1423 τὴν
1756 1388 1842 1416 λύσιν·

1055 1431 1132 1458 τοῦτο
1146 1432 1200 1467 γὰρ
1215 1432 1247 1467 δὴ
1261 1433 1307 1458 καὶ
1323 1432 1505 1467 προσγεγονὸς
1528 1433 1575 1459 ἐπὶ
1593 1433 1639 1459 τοῦ
1659 1433 1843 1468 Σενναχηρεὶμ

1061 1476 1181 1508 Ἐξεκεου
1204 1477 1390 1511 βασιλεύοντος
1412 1478 1462 1511 τῆς
1491 1477 1621 1509 Ἰουδαίας
1636 1479 1692 1510 τοῖς
1712 1478 1776 1512 περὶ
1798 1478 1842 1505 τὸν

1055 1522 1136 1548 τόπον
1151 1523 1252 1548 ἐκεῖνον
1266 1522 1395 1552 οἰκοῦσιν.
1409 1523 1484 1558 εὖροι
1499 1532 1540 1555 τις
1554 1523 1587 1550 ἂν
1602 1523 1750 1558 προδήλως.
1769 1533 1778 1549 ι
1799 1525 1843 1556 Ὠς

1055 1566 1152 1601 ὄρθρος
1168 1566 1312 1602 χυθήσεται
1325 1568 1370 1593 ἐπὶ
1383 1567 1417 1593 τὰ
1429 1567 1479 1602 δρη
1492 1567 1557 1598 λαὸς
1569 1568 1651 1598 πολὺς
1666 1567 1711 1594 καὶ
1723 1568 1840 1603 ίσχυρός·

1052 1612 1142 1646 ὅμοιος
1159 1612 1233 1646 αὑτῷ
1256 1613 1286 1638 οὐ
1311 1613 1423 1646 γέγονεν
1442 1613 1496 1639 ἀπὸ
1509 1612 1556 1639 τοῦ
1580 1613 1687 1644 αίὼνος·
1706 1614 1752 1640 καὶ
1779 1614 1838 1648 μετ’

1052 1658 1130 1684 αὑτὸν
1143 1657 1173 1683 οὐ
1186 1657 1467 1692 προστεθήσεται,ἕως
1477 1657 1544 1684 ἑτῶν
1553 1659 1592 1689 εἰς
1603 1658 1698 1692 γενεὰς
1708 1659 1821 1692 γενεῶν.
1829 1667 1838 1684 ι

1053 1705 1097 1737 (p.
1114 1703 1173 1737 lH)
1188 1703 1269 1737 Δίκην
1286 1703 1339 1737 γὰρ
1355 1703 1453 1738 ὄρθρου
1467 1703 1537 1729 κατὰ
1559 1703 1603 1729 τὸν
1624 1705 1722 1730 οἰκεῖον
1744 1704 1838 1739 καιρὸν

1053 1749 1159 1775 ἃπασαν
1176 1747 1367 1782 ’κληρώσαντος
1382 1749 1431 1783 τὴν
1446 1749 1514 1783 γῆν,
1535 1748 1717 1784 ἀναρίθμητος
1734 1757 1775 1780 τις
1796 1749 1841 1775 ὲπ-

1053 1794 1189 1820 ελεύσεται
1201 1793 1263 1824 λαὸς
1274 1793 1328 1819 τῶν
1342 1794 1477 1828 πολεμίων
1492 1794 1598 1820 ἅπαντα
1609 1794 1719 1829 πληρῶν
1731 1794 1764 1820 τὰ
1779 1794 1839 1830 ὅρη,

1051 1835 1073 1872 ᾧ
1097 1840 1164 1874 μήτε
1187 1838 1280 1872 γέγονε
1303 1838 1490 1874 παραπλήσιος
1516 1839 1665 1874 πρότερον,
1701 1839 1757 1865 ἀλλ’
1781 1840 1840 1866 οὐδὲ

1053 1885 1128 1910 ἔσται
1142 1883 1248 1919 ῥᾳδίως.
1268 1893 1277 1908 ι
1298 1884 1337 1910 Τὰ
1351 1884 1504 1919 ἔμπροσθεν
1516 1884 1598 1911 αὑτοῦ
1614 1885 1670 1920 πῦρ
1685 1885 1839 1918 ἀναλίσκον,

1053 1929 1148 1956 καὶτὰ
1170 1929 1259 1955 ὀπίσω
1275 1929 1360 1955 αὐτοῦ
1381 1930 1554 1965 ἀναπταμένη
1578 1929 1653 1965 φλόξ.
1685 1939 1694 1955 ι
1715 1931 1839 1957 Ἅπαντα

1053 1974 1182 2000 κυκλόθεν
1197 1973 1240 2000 διὰ
1258 1973 1308 2007 τῆς
1330 1974 1434 2005 οἰκείας
1450 1974 1602 2005 ὲπιὸἀσεως
1618 1975 1743 2008 ἁφανιεϊ,
1759 1974 1838 2008 δίκην

1054 2019 1147 2054 παρός.
1166 2028 1175 2044 ‹
1202 2018 1246 2049 Ὠς
1269 2018 1431 2053 παράδεισος
1455 2018 1560 2053 τρυφῆς
1583 2019 1600 2052 ή
1626 2018 1662 2053 γῆ
1686 2017 1839 2053 ἔμπροσθεν

1053 2064 1145 2096 αὑτοῦ,
1161 2065 1207 2090 καὶ
1219 2064 1254 2090 τὰ.
1265 2064 1352 2090 ὀπίσω
1368 2063 1450 2090 αὐτοῦ
1467 2063 1557 2090 πεδίον
1570 2063 1736 2098 ἀφανισμοῦ.
1752 2072 1762 2088 ι
1783 2063 1836 2094 Οὓς

1055 2110 1103 2145 μὲν
1116 2110 1170 2144 γάρ
1183 2109 1259 2135 οὔπω
1275 2110 1374 2140 τόπους
1388 2108 1563 2144 ἐπελήλυθεν,
1581 2109 1630 2135 ἴδοι
1642 2117 1684 2140 τις
1699 2108 1732 2135 ἂν
1747 2117 1840 2144 παρα-

1051 2157 1139 2182 δείσου
1161 2156 1243 2190 μηδὲν
1263 2155 1434 2186 ἁπεοικότας,
1453 2155 1491 2188 τῷ
1504 2163 1533 2180 τε
1551 2154 1649 2189 πλήθει
1663 2154 1717 2180 τῶν
1731 2154 1836 2181 οἰκούν-

1051 2211 1114 2232 των,
1128 2203 1176 2228 καὶ
1187 2201 1226 2236 τῷ
1241 2201 1295 2227 τῶν
1314 2200 1537 2235 οἰκοδομημάτων
1557 2200 1658 2227 κάλλει’
1675 2209 1832 2236 παραγεγο-

214 2240 287 2273 νότος
301 2241 339 2270 δὲ,
354 2243 449 2278 ἀθρόον
463 2243 571 2271 ἃπασαν
591 2245 698 2280 ἐκείνην
712 2247 910 2282 ἀφανιζομένην
923 2247 995 2274 ἐστιν
1009 2249 1072 2274 ἰδεῖν
1083 2249 1132 2282 τὴν
1147 2248 1323 2283 εὐπρέπειαν.
1353 2256 1363 2272 ι
1383 2247 1437 2273 Καὶ¹
1460 2246 1664 2282 άνασωζόμενος
1687 2247 1738 2273 οὐκ
1764 2247 1836 2273 ἔστιν

213 2287 257 2313 ἐπ’
267 2287 359 2314 αὑτοῦ.
371 2297 380 2312 ι
397 2288 519 2315 Χαλεπόν
531 2290 556 2324 γ’
570 2288 616 2316 οὖν
636 2300 687 2317 τινι
700 2291 839 2326 διαφυγεῖν
851 2294 900 2328 τὴν
911 2293 999 2329 ὁρμὴν
1009 2294 1057 2328 τὴν
1077 2293 1192 2319 ἐκείνου.

249 2332 304 2367 76
323 2332 406 2360 Vens.
425 2333 484 2361 4-8.
505 2349 538 2354 —
560 2345 568 2360 ι
581 2334 664 2368 Quasi
697 2343 825 2373 aspectus
854 2347 998 2374 equorum,

213 2381 342 2411 aspectus
355 2385 451 2404 eorum
465 2386 470 2404 :
486 2382 512 2406 et
525 2380 604 2414 quasi
619 2381 767 2415 equitatus,
782 2383 821 2410 sic
834 2391 1000 2418 persequen-

215 2425 269 2447 tur.
285 2421 361 2449 Sicut
377 2424 483 2452 sonitus
496 2432 628 2452 curruum
645 2434 727 2461 super
740 2427 855 2454 vertices
866 2429 998 2454 montium

214 2467 349 2499 exsilient,
365 2473 392 2495 et
409 2469 481 2497 sicut
498 2472 605 2499 sonitus
616 2471 732 2499 flammae
746 2472 817 2507 ignis
840 2472 998 2500 devorantis

215 2510 353 2544 stipulam,
368 2517 394 2539 et
410 2513 483 2540 velut
496 2515 613 2549 populus
634 2516 737 2543 multus
753 2523 784 2543 ac
801 2516 880 2544 fortis
896 2517 921 2543 in
939 2517 998 2544 acie

214 2555 379 2591 instructus.
391 2566 400 2583 ι
433 2557 581 2591 Particula.
599 2569 608 2585 ι
621 2559 704 2592 sicut,
719 2568 728 2585 ι
741 2567 797 2588 non
811 2561 998 2589 similitudinis

214 2607 297 2627 causa
309 2601 427 2635 ponitur.
440 2603 486 2630 sed
501 2606 647 2632 narrative.
660 2603 793 2636 Qualeest
803 2607 868 2635 illud
881 2614 908 2634 ιι
921 2608 999 2635 Sicut

215 2646 333 2682 (quam)
379 2647 467 2675 bonus
491 2648 741 2684 lsraeli_Deus",p
772 2659 832 2688 pro,
853 2653 972 2680 «bonus.
986 2662 995 2678 ι

267 2713 290 2729 ³⁸
305 2713 376 2741 Psal.
388 2721 473 2747 uxn,
487 2715 513 2742 Ι.

253 2770 311 2808 (14)
331 2768 462 2798 Videmus
473 2770 615 2808 pulchram
628 2771 770 2806 lectionem
786 2774 995 2808 συναχθήτωσαν

215 2805 404 2840 conﬁrmatam
421 2813 436 2831 a
457 2807 638 2840 subsequente
653 2805 925 2840 commentarioynec
940 2816 992 2835 non

218 2840 246 2868 in
266 2839 328 2868 lect.
351 2847 408 2868 var.
428 2839 513 2869 Grut".
530 2839 600 2876 apud
624 2841 774 2877 polyglott.,
789 2850 838 2878 pro
854 2839 994 2871 communi

1083 2338 1156 2372 Στίχ.
1172 2337 1238 2372 δ’-η’.
1257 2353 1291 2358 -
1312 2346 1321 2362 ι
1348 2338 1390 2369 Ὠς
1405 2338 1498 2372 ὅρασις
1523 2338 1624 2369 ἵππων,
1641 2340 1656 2374 ή
1677 2339 1772 2374 ὅρασις
1787 2340 1836 2365 αὺ-

1047 2383 1111 2409 τῶψ
1129 2383 1174 2409 καὶ
1197 2383 1234 2413 ὡς
1259 2383 1351 2413 ἵππος,
1366 2382 1438 2408 οὕτω
1455 2381 1676 2414 καταδιώξονται·
1700 2383 1738 2414 ὼς
1761 2383 1836 2419 φωνὴ

1047 2428 1178 2464 ἁρμάτων
1192 2427 1238 2453 ἐπὶ
1251 2427 1299 2458 τὰς
1310 2426 1431 2461 κορυφὰς
1440 2427 1493 2453 τῶν
1502 2427 1587 2462 ὀρέων
1599 2427 1754 2460 ὲξαλοῦνται
1769 2435 1775 2442 ’
1789 2428 1836 2454 καὶ

1047 2475 1086 2505 ῶς
1105 2473 1180 2508 φωνὴ
1206 2472 1303 2506 φλογὸς
1320 2472 1406 2507 πυρὸς
1427 2472 1622 2506 κατεσθιούσης
1635 2471 1771 2506 καλάμην·
1790 2473 1836 2499 καὶ

1048 2520 1085 2551 ὡς
1099 2519 1161 2550 λαὸς
1180 2518 1262 2548 πολὺς
1280 2517 1326 2544 καὶ
1349 2517 1457 2552 ἰσχυρὸς
1480 2516 1722 2551 παρατασσόμενος
1737 2517 1777 2547 είς
1792 2517 1836 2542 πό-

1048 2565 1139 2599 λεμον.
1157 2573 1166 2588 ι
1191 2562 1237 2594 Τὸ,
1258 2571 1267 2587 ι
1282 2562 1330 2593 ὼς,
1346 2571 1355 2586 ι
1379 2571 1409 2588 ου
1426 2562 1495 2588 κατὰ
1512 2562 1642 2596 ὁμοίωσιν
1659 2561 1743 2595 λέγει,
1768 2561 1834 2588 ἀλλὰ

1049 2608 1119 2635 κατὰ
1142 2608 1289 2642 ἀφήγησιν·
1310 2604 1364 2633 οἷόν
1381 2607 1438 2633 ὲστι
1460 2606 1499 2638 τὸ,
1520 2607 1584 2638 (Ὡς
1598 2607 1654 2641 (15)
1675 2606 1775 2640 ἀγαθὸς
1794 2606 1832 2641 τῷ

1055 2652 1163 2688 Ἰσραὴλ
1178 2652 1279 2684 ὸΘεὺς,
1300 2661 1309 2677 ι
1329 2651 1389 2678 ἀντὶ
1404 2651 1461 2684 τοῦ,
1482 2661 1491 2677 ι
1503 2651 1640 2693 ,Ἀγαθός
1661 2661 1670 2677 ι
1690 2651 1767 2678 τοῦτο
1783 2651 1835 2687 γὰρ

1048 2775 1270 2810 συγχυθήτωσαν.

1083 2809 1139 2843 (15)
1155 2810 1223 2838 Pace
1237 2817 1293 2842 tua,
1307 2809 1460 2844 Theodoro,
1474 2811 1517 2840 aio
1531 2811 1617 2840 videri
1629 2812 1695 2840 mihi
1709 2812 1759 2841 hoc
1775 2812 1834 2840 loco

1048 2845 1085 2877 ὡς
1101 2845 1264 2879 particulam
1278 2845 1442 2875 admirandi.
