1973 3066
69 130 153 158 ’τοι

637 138 913 169 COMMENTARIUS
928 140 963 168 IN
980 141 1096 169 JOELIS
1113 140 1190 168 CAP.
1207 139 1237 169 11.

1691 140 1744 168 222

104 187 140 224 δὴ
154 190 300 217 κάνταῦθα
315 191 408 225 λέγει·
423 192 465 219 ὅτι
482 193 580 228 πολλὴν
599 194 649 229 μὲν
665 195 737 222 ἔστιν
755 196 819 223 ίδεῖν
831 197 904 232 αὐτῷ

957 197 986 225 Id
1001 199 1074 225 enim
1088 198 1171 226 etiam
1197 199 1248 226 hoc
1263 198 1324 225 loco
1337 197 1414 230 dicit,
1430 198 1544 226 multum
1562 205 1658 233 nempe
1676 188 1744 226 con-

103 235 270 270 προσοῦσαν
287 237 339 272 τὴν
357 237 454 264 ἵππον·
473 239 511 272 (p.
530 239 592 273 “5)
613 240 724 276 φοϐεροὶ
744 241 773 268 δέ
791 251 863 274 τινες
879 243 903 269 οἱ

105 281 155 307 ἐπὶ
171 281 230 308 τῶν
250 282 343 309 ἵππων
362 283 519 315 ἐλαύνοντες
532 285 603 311 κατά
621 286 675 312 τῶν
695 287 836 314 ὲναντίωψ
856 288 906 323 ἆρ-

108 326 187 360 ματά
208 334 239 352 τε
258 327 336 362 αὐτῷ
355 327 470 354 πλεῖστα
487 328 551 363 ἄχρι
565 329 620 356 τῶν
644 330 819 366 ὑψηλοτάτων
833 332 904 368 χρώ-

109 378 182 405 μενα
192 371 256 402 ταῖς
270 371 394 405 ἐφόδοις·
413 373 557 400 ἀπεοίκασί
576 382 604 401 τε
621 375 697 401 οὐδὲν
713 377 797 412 πυρὸς
816 378 904 405 ἐπινε-

109 416 234 450 μομένου
247 417 384 453 καλάμην,
397 417 484 450 οὕτως
500 418 621 452 ἅπαντας
640 421 763 453 ἐπιόντες
777 422 823 454 οὓς
841 422 904 457 βού-

107 459 204 487 λονται
213 461 323 493 τόπους*
332 462 387 488 εἰσὶ
396 463 449 498 γὰρ
458 463 548 489 πολλοί
556 472 628 496 τινες
636 464 683 491 καὶ
693 465 762 499 ἄγαν
775 466 903 501 ἀνδρεῖοι,

108 506 214 538 παντὸς
230 508 331 542 μᾶλλον
344 509 383 540 είς
396 509 513 544 πόλεμον
526 512 787 546 παρεσκευασμένοι.
805 522 814 537 ι
839 512 904 539 Ἀπὸ

109 555 264 590 προσώπου
276 556 359 583 αὐτοῦ
376 557 598 592 συντριϐήσονται
609 558 679 584 λαοί·
695 559 748 584 πᾶν
760 559 904 594 πρόσωπον

107 601 148 632 ὼς
166 601 336 636 πρόσκαυμα
350 602 462 638 χύτρας.
481 612 490 628 ›
507 603 654 635 Πλείστους
670 605 695 638 γ’
712 602 757 631 οὖν
775 605 813 637 ὡς
830 606 905 638 είκὺς

107 646 156 673 διὰ
172 646 224 681 τῆς
236 647 340 679 οἰκείας
352 648 440 682 ὁρμῆς
455 648 623 682 ἀφανιοῦσιν·
635 649 706 676 ὥστε
719 650 806 677 δοκεῖν
818 651 904 678 ἄπαν-

108 700 162 723 τας
175 692 242 723 τοὺς
259 693 491 725 ὑποπεπτωκότας
514 694 588 729 αὐτῷ
602 695 720 722 ἐοικέναι
744 696 830 731 χύτρᾳ
852 697 904 723 ὑπὸ

109 737 201 773 πυρὸς
217 738 461 775 κατακεκαυμένῃ·
479 739 527 765 καὶ
542 740 680 774 ἐπιμένων
692 740 731 772 τῷ
751 741 903 775 διηγεῖσθαι

109 783 147 810 τὰ
164 783 228 809 κατ’
241 784 333 815 αὑτὸν,
353 784 391 816 ὡς
407 784 440 810 ἂν
461 784 571 819 μείζονα
585 786 641 817 τοῖς
655 786 798 813 ἀκούουσιν
813 787 902 824 ἐνθείη

110 828 160 855 τδν
172 829 267 863 φόϐον·
283 838 293 854 ι
314 829 358 861 Ὠς
376 830 494 865 μαχηταὶ
504 831 680 866 δραμοῦνται,
699 833 746 859 κα)⁹
757 833 795 864 ὼς
808 834 903 869 ἄνδρες

112 874 278 909 πολεμισταὶ
293 874 474 910 ἀναϐήσονται
486 876 532 902 ὲπὶ
543 876 577 902 τὰ
584 878 672 913 τείχη.
690 887 698 903 ι
716 879 791 904 Μετὰ
803 879 903 914 πολλῆς

115 919 167 954 μὲν
183 919 314 955 ὀξύτητος
328 920 374 946 ἐπὶ
387 920 436 952 τὰς
449 921 537 956 μάχας
548 922 665 958 ὁρμῶσι·
684 923 753 958 μετὰ
764 925 862 951 πολλοῦ
875 926 903 952 δὲ

113 965 163 992 τοῦ
179 966 297 1001 θράσους
311 965 427 997 καὶτοῖς
443 967 560 1001 τείχεσιν
580 968 770 996 ὲπελεύσονται
783 970 837 998 τῶν
854 971 903 997 πό-

114 1010 195 1042 λεων,
213 1010 274 1037 οὐδὲ
293 1011 342 1046 τὴν
354 1011 459 1038 ἐκεῖθεν
473 1012 642 1048 ὑφορώμενοι
658 1014 770 1050 βλάϐην.
788 1024 796 1041 ι
817 1016 903 1043 "Exa—

116 1065 182 1087 στος
196 1056 225 1082 ἔν
235 1058 269 1092 τῇ
281 1055 362 1083 αὑτοῦ
375 1057 427 1092 ὁδῷ
439 1058 592 1093 πορεύεται,
605 1059 652 1086 καὶ
664 1060 694 1086 οὐ
712 1061 748 1096 μὴ
761 1061 904 1089 ὲκκλίνωσι

116 1101 168 1133 τὰς
179 1101 287 1136 τρίϐους
299 1102 392 1135 αὑτοῦ,
401 1103 446 1130 καὶ
456 1103 569 1137 ἕκαστος
578 1105 631 1132 ἀπὸ
640 1106 687 1132 τοῦ
701 1107 814 1141 ἀδελφοῦ
823 1108 903 1135 αὐτοῦ

116 1148 169 1174 οὐκ
180 1147 318 1181 ἀφέξεται.
335 1157 344 1173 υ
356 1148 569 1185 Συντεταγμένοι
579 1151 724 1186 κέχρηνται
734 1153 773 1188 τῷ
784 1154 903 1189 πολέμῳ,

116 1192 224 1223 οὐδενὸς
246 1192 319 1224 δεξιὰ
347 1193 408 1219 οὐδὲ
435 1194 567 1230 ἀριστερά
591 1196 757 1229 ἐκκλίνοντος
783 1198 903 1225 πώποτε·

116 1237 176 1263 ἀλλ’
188 1238 302 1264 ἑκάστου
326 1239 375 1273 μὲν
389 1239 438 1275 τὴν
452 1239 606 1276 ὡρισμένην
619 1250 649 1268 τε
674 1244 721 1269 καὶ
737 1245 905 1280 τεταγμένην

117 1284 244 1315 ἀνύοντος
262 1284 330 1311 ὀδόν·
346 1284 456 1312 πάντων
469 1285 500 1320 δὴ
518 1286 586 1321 μετά
605 1287 705 1322 πολλῆς
722 1288 772 1323 τῆς
791 1298 899 1325 συμφυμ

117 1330 178 1360 νίας
192 1329 238 1355 ἐπὶ
251 1329 295 1356 τὸν
309 1329 427 1365 πόλεμον
439 1330 487 1366 τὴν
501 1331 589 1366 ὁρμὴν
601 1334 777 1367 ποιουμένων.
790 1334 827 1369 (p.
843 1336 904 1367 116)

120 1383 130 1398 ι
154 1373 409 1409 Καταϐαρυνόμενοι
428 1375 458 1401 ὲν
472 1376 527 1406 τοῖς
539 1375 631 1407 ὅπλοις
651 1377 741 1403 αὐτῶν
757 1379 905 1414 πορεύσον-

118 1428 173 1451 ται,
187 1420 235 1446 καὶ
249 1421 276 1446 ὲν
290 1421 345 1452 τοῖς
362 1420 466 1454 βέλεσιν
482 1421 571 1448 αὐτῶν
586 1422 741 1456 πεσοῦνται,
758 1425 805 1451 καὶ
819 1426 849 1451 οὐ
867 1426 904 1462 μὴ

119 1464 338 1492 συντελεσθῶσιν.
357 1474 366 1490 ι
382 1465 516 1499 Μέγιστον
530 1467 577 1492 καὶ
587 1467 681 1494 τοῦτον
693 1469 759 1504 πρὸς
770 1470 905 1503 ἀπόδειξιν

118 1509 164 1535 τοῦ
180 1509 247 1545 πρὸς
263 1510 379 1545 πόλεμον
394 1511 633 1546 παρεσκευάσθαι,
653 1512 684 1538 τὸ
708 1514 776 1548 μηδὲ
796 1515 904 1542 πώποτε

118 1555 172 1581 τῶν
188 1555 279 1582 ὃπλων
291 1555 344 1588 ἔξω
363 1555 486 1590 γίνεσθαι
504 1556 557 1583 τῶν
576 1557 694 1584 οἰκείων·
711 1558 789 1585 τοῦτο
799 1560 852 1595 γὰρ
868 1561 906 1587 M-

119 1609 162 1635 γει
184 1601 230 1633 τὺ,
246 1601 314 1628 Οὔτε
335 1602 538 1637 ὁδοιποροῦντες
561 1603 735 1631 ἀποτίθενται
761 1609 796 1631 τὰ
818 1606 905 1638 ὅπλα,

121 1646 194 1681 ηδιον
207 1646 295 1673 αὐτῶν
309 1647 467 1682 ἀνεχόμενοι
479 1647 525 1674 τοῦ
541 1648 651 1683 βάρους,
666 1650 682 1684 ἢ
698 1650 792 1677 ἄοπλοι
805 1651 910 1679 δεικνύ-

123 1700 196 1726 μενοι
208 1693 265 1723 τοῖς
285 1692 395 1726 ὁρῶσιν·
418 1691 479 1718 οὔτε
498 1693 524 1718 εί
538 1693 606 1727 πρὸς
629 1694 781 1721 ἀνάπαυσιν
804 1696 906 1723 νεύοιέν

123 1745 196 1768 ποτε,
213 1737 266 1768 ἔξω
276 1736 330 1763 τῶν
344 1736 435 1764 ὃπλων
453 1737 591 1770 γίγνονται
607 1738 661 1765 τῶν
676 1739 792 1766 οἰκείων·
807 1740 837 1766 τὺ
851 1742 905 1776 γὰρ

959 244 1026 278 spici
1040 243 1214 271 comitantem
1234 243 1257 271 ei
1269 243 1430 278 equitatum.
1455 244 1524 271 Sunt
1542 248 1632 272 autem
1648 245 1665 271 ii
1688 248 1743 272 ter-

957 289 1051 317 ribiles
1082 289 1129 324 qui
1159 290 1237 324 equis
1270 289 1420 318 insidentes
1446 291 1554 318 irruunt
1585 292 1612 318 in
1637 292 1740 320 hostes.

958 333 1060 361 Currus
1080 335 1143 362 item
1161 335 1187 363 ei
1209 335 1329 369 plurimi.
1347 343 1433 370 usque
1446 335 1480 362 ad
1501 337 1627 364 sublimia
1645 338 1743 365 decur-

957 384 1057 407 rentes.
1072 379 1144 406 Nihil
1168 387 1249 415 porro
1270 379 1398 407 differunt
1419 381 1453 407 ab
1468 381 1528 415 igne
1549 383 1674 417 stipulam
1694 383 1743 410 dc-

957 430 1103 458 pasrente:
1133 425 1202 452 adeo
1228 429 1343 452 cunctos
1370 433 1440 460 quos
1469 426 1564 453 volunt
1593 428 1742 461 pervadunt

957 469 1044 497 locos.
1069 469 1182 497 Plurimi
1203 475 1268 498 sunt
1288 475 1315 498 et
1330 471 1446 502 strenui,
1462 476 1542 506 atque
1566 474 1687 506 apprime
1708 473 1742 500 ad

957 515 1056 543 bellum
1071 516 1208 544 instructi.
1224 526 1233 542 ι
1243 516 1265 543 Α
1276 516 1344 544 faeie
1355 517 1441 551 ipsius
1452 522 1627 544 conterentur
1637 519 1739 553 populi:

957 562 1046 588 clunis
1061 562 1153 590 vultus
1164 562 1243 596 quasi
1255 562 1364 597 adustio
1375 562 1444 589 ollae.
1459 572 1468 587 ι
1490 561 1626 590 Plurimos
1638 564 1739 598 itaque,

957 610 987 632 ut
1007 613 1055 639 par
1071 609 1122 637 est,
1148 605 1250 640 impetu
1267 613 1317 632 suo
1340 606 1502 639 destruent;
1529 606 1597 633 adeo
1610 611 1637 633 ut
1650 607 1741 634 cuncti

957 650 1009 678 sub
1026 659 1058 678 eo
1083 651 1213 678 cadentes
1227 651 1312 678 visuri
1330 651 1385 678 sint
1401 651 1461 678 olla:
1476 651 1510 679 ab
1534 651 1595 687 igne
1611 655 1689 678 tosta:
1704 653 1742 679 si-

957 695 1043 723 miles.
1065 695 1133 722 Tum
1147 703 1262 731 pergens
1273 695 1362 723 adhuc
1376 696 1409 723 de
1420 703 1452 723 eo
1469 696 1554 730 loqui,
1571 701 1600 723 ut
1611 696 1741 731 majorem

956 741 1129 768 audientibus
1147 741 1372 770 incutiatmctum
1385 751 1393 770 :
1404 752 1413 767 ι
1430 740 1464 769 Ut
1474 741 1631 775 bellatores,
1641 741 1740 776 inquit,

957 790 1067 814 current
1081 795 1088 819 ;
1107 786 1186 821 quasi
1199 786 1250 812 viri
1263 793 1399 821 pugnaces
1410 786 1508 813 mmnia
1520 786 1715 813 conscendent.
1729 795 1738 811 ι

957 832 1040 860 Multa
1057 840 1120 859 cum
1134 831 1273 859 celeritate
1287 832 1314 858 in
1330 832 1423 866 prmlia
1439 835 1538 865 ruent;
1565 831 1648 858 multa
1677 833 1739 858 item

954 886 1015 906 cum
1032 877 1146 904 audacia
1162 877 1269 904 urbium
1285 877 1371 904 muris
1394 877 1525 909 insilieut,
1551 880 1644 911 spreto
1667 876 1742 903 illinc

954 923 1045 951 damni
1058 922 1188 957 periculo.
1205 931 1214 947 ι
1228 921 1257 948 ln
1268 929 1317 949 sua
1326 921 1441 956 quisque
1450 921 1491 948 via
1504 921 1638 956 graditur,
1650 928 1741 955 neque

955 977 970 996 a
988 969 1097 1004 propria
1112 968 1229 996 deflectit
1244 967 1351 998 semita,
1373 975 1423 994 nec
1445 975 1459 993 a
1472 966 1556 994 fratre
1574 974 1624 994 suo
1651 966 1740 993 disce-

954 1014 1003 1042 dit.
1019 1024 1028 1040 »
1046 1014 1177 1042 Ordinata
1195 1017 1309 1040 utuntur
1320 1013 1387 1045 acie,
1410 1020 1489 1039 nemo
1503 1013 1674 1039 dextrorsum
1694 1015 1741 1038 aut

955 1060 1146 1088 sinistrorsum
1160 1066 1275 1093 usquam
1289 1058 1407 1085 declinat
1419 1067 1425 1084 :
1437 1057 1483 1084 sed
1495 1058 1593 1092 singuli
1603 1057 1741 1084 dciinitam

954 1105 1166 1140 imperatumque
1190 1107 1280 1130 terunt
1303 1104 1393 1130 viam:
1425 1110 1520 1130 omnes
1545 1110 1610 1130 vero
1633 1109 1741 1129 sununa

955 1150 1099 1178 concordia
1110 1150 1142 1176 ad
1159 1150 1285 1184 proelium
1305 1152 1397 1174 ruunt.
1423 1148 1533 1174 tArmis
1555 1147 1613 1174 suis
1637 1147 1741 1182 gravati

954 1196 1089 1227 incedent,
1112 1199 1137 1222 ct
1156 1195 1183 1222 in
1202 1194 1303 1228 jaculis
1319 1193 1376 1220 suis
1399 1193 1506 1224 cadent,
1531 1198 1558 1220 et
1578 1200 1630 1219 non
1645 1193 1743 1220 finien-

955 1246 1008 1268 tur.
1024 1251 1033 1267 ι
1050 1241 1108 1268 Hoc
1131 1247 1241 1275 quoque
1270 1240 1416 1274 plurimum
1442 1239 1555 1266 interest
1573 1239 1610 1266 ob
1627 1239 1741 1266 demon-

956 1285 1094 1313 strandam
1112 1285 1145 1312 ad
1160 1285 1260 1312 bellum
1281 1283 1534 1320 promptitudinem,
1557 1283 1651 1318 siquis
1670 1291 1742 1310 nuu-

955 1339 1036 1367 quam
1058 1336 1134 1358 extra
1152 1332 1261 1366 propria
1282 1337 1357 1356 arma
1380 1330 1423 1357 sit.
1444 1329 1514 1356 Dicit
1533 1329 1623 1356 enim:
1654 1328 1693 1355 Ne
1713 1329 1742 1356 in

957 1378 1053 1404 itinere
1093 1377 1202 1412 quidem
1240 1383 1316 1402 arma
1348 1374 1498 1409 deponunt,
1532 1374 1660 1402 libentius
1688 1374 1741 1408 ⁵17

956 1431 1049 1450 eorum
1062 1422 1167 1457 pondus
1183 1425 1319 1457 gerentes,
1333 1428 1413 1456 quam
1429 1428 1458 1448 se
1473 1421 1591 1448 inermes
1613 1425 1741 1455 spectan-

957 1469 1031 1496 tibus
1047 1468 1226 1496 exhibentes:
1248 1476 1310 1495 nam
1333 1474 1420 1502 neque
1434 1467 1456 1494 si
1472 1466 1540 1493 forte
1565 1473 1677 1500 pausam
1693 1466 1743 1492 ali-

957 1521 1039 1548 quam
1061 1513 1181 1548 capiant,
1203 1513 1262 1540 siue
1274 1513 1358 1539 armis
1383 1511 1441 1539 suis
1468 1515 1541 1539 sunt.
1564 1511 1680 1542 Etenim,
1696 1518 1742 1537 ca-

957 1559 1032 1591 dent,
1050 1560 1140 1594 posuit
1160 1566 1219 1593 pro,
1247 1557 1387 1593 procideut
1401 1557 1635 1584 autrecuntbent:
1651 1556 1742 1583 dicere

957 1606 1061 1637 volens,
1081 1605 1153 1640 quod
1180 1605 1277 1632 armati
1302 1609 1328 1631 et
1356 1605 1486 1632 incedunt
1509 1609 1535 1631 et
1560 1603 1738 1630 recumbunt:

957 1652 1072 1686 ideoque
1094 1651 1207 1686 pulchre
1229 1651 1342 1683 addidit,
1373 1656 1399 1678 et
1420 1658 1475 1678 non
1494 1650 1633 1682 ﬁnientur,
1654 1649 1680 1676 id
1698 1652 1742 1676 est

957 1698 1061 1725 nullum
1077 1697 1155 1724 finem
1171 1697 1288 1724 bellandi
1309 1701 1470 1732 agnoscunt,
1493 1696 1520 1723 in
1533 1695 1617 1723 armis
1635 1702 1742 1729 semper

957 1742 1116 1778 praeliisque
1136 1747 1290 1769 versantur.

123 1781 280 1814 πεσοῦνται,
290 1781 352 1808 ἀντὶ
364 1782 412 1808 τοῦ
424 1782 622 1810 ἀναπεσοῦνται
634 1783 680 1810 καὶ
693 1784 916 1821 ἀνακλιθήσονται
929 1787 1002 1822 λέγει
1012 1796 1018 1802 ·
1038 1787 1196 1822 βουλόμενος
1217 1788 1303 1813 εἰπεῖν
1314 1788 1354 1813 ὅτι
1371 1786 1440 1822 μετὰ
1461 1786 1515 1813 τῶν
1538 1785 1626 1812 ὃπλων
1638 1785 1684 1812 καὶ
1695 1793 1743 1811 πο-

124 1827 246 1863 ρεύονται
266 1828 313 1854 καὶ
336 1828 533 1856 ἀνακλίνονται·
558 1829 599 1855 διὸ
612 1829 702 1861 καλῶς
723 1831 856 1866 ἐπήγαγε,
870 1834 917 1860 καὶ
929 1835 958 1861 οὐ
975 1834 1012 1869 μὴ
1031 1833 1250 1860 συντελεσοῶσιν·
1267 1834 1326 1860 ἀντὶ
1341 1833 1403 1864 τοῦ,
1422 1832 1508 1867 πέρας
1524 1832 1573 1858 οὐκ
1591 1831 1678 1858 ίσασιν
1694 1830 1742 1857 τοῦ

127 1872 255 1908 πολέμου.
271 1873 386 1900 πάντοτε
399 1873 431 1908 δὴ
443 1874 471 1900 ἐν
485 1874 578 1906 ὅπλοις
591 1874 620 1900 τέ
632 1875 684 1901 είσι
700 1876 746 1902 καὶ
761 1877 899 1913 πολέμοις.

156 1929 229 1964 Στίχ.
241 1929 322 1955 θ’-ιακ
336 1945 371 1949 -
385 1938 394 1955 ι
414 1929 469 1964 Τῆς
481 1929 585 1962 πόλεως
599 1930 785 1966 ἐπιλήψονται,
802 1934 847 1960 καὶ
861 1935 907 1961 ἐπὶ

122 1975 174 2002 τῶν
185 1974 296 2009 τειχέων
311 1975 401 2001 αὐτῶν
412 1975 588 2011 δραμοῦνται,
603 1977 649 2003 ἐπὶ
665 1977 714 2009 τὰς
724 1979 825 2011 οίκείας
841 1981 906 2006 ἀνα-

123 2020 258 2055 ϐήσονται,
280 2020 327 2047 και)¹
348 2020 392 2047 διὰ
413 2020 528 2056 θυρίδων
555 2022 751 2051 εἰσελεύσονται
777 2025 815 2056 ὡς
843 2025 905 2052 κλέ-

124 2073 196 2092 πται.
216 2074 226 2091 ι
245 2065 322 2092 Μετὰ
340 2065 440 2100 πολλῆς
460 2066 510 2102 μὲν
525 2067 574 2102 τῆς
594 2068 734 2104 δυνάμεως
752 2071 906 2105 χειροῦνται

124 2110 171 2142 τὰς
197 2111 306 2144 πόλεις,
333 2110 391 2137 οὐδὲ
413 2111 573 2147 ἀνατρέχειν
597 2113 739 2146 ὀκνοῦντες
765 2115 832 2149 μετὰ
852 2115 906 2142 τῶν

126 2156 211 2182 ὅπλων
227 2156 273 2182 ἐπὶ
291 2155 326 2182 τὰ
338 2155 415 2192 τείχη
428 2164 434 2170 ·
449 2156 652 2191 εἰσεληλυθότες
670 2158 698 2184 δὲ
715 2159 823 2186 ἅπασαν
843 2161 905 2186 ἐπι-

125 2201 246 2234 νέμονται
261 2201 310 2236 τὴν
324 2201 410 2233 πόλιν,
423 2201 493 2228 ὥστε
504 2202 565 2228 καθ’
575 2203 693 2238 ἑκάστην
706 2204 794 2231 οἰκίαν
805 2206 850 2231 καὶ
862 2205 906 2232 διὰ

127 2245 210 2281 θυρῶν
226 2246 273 2272 καὶ
287 2246 332 2272 διὰ
344 2246 459 2280 θυρίδων
471 2247 601 2277 εἰσιέναι,
618 2249 664 2274 ἐπὶ
684 2248 723 2283 τῷ
738 2249 825 2276 πάντα
840 2250 907 2283 ἀφε-

126 2290 177 2316 λεῖν
189 2290 223 2317 τὰ
233 2290 342 2317 ἐνόντα·
358 2290 388 2316 τὸ
401 2290 465 2325 γὰρ,
483 2301 492 2316 ι
513 2292 551 2323 ὼς
567 2292 690 2324 κλέπται,
708 2303 717 2319 ι
734 2293 812 2320 τοῦτο
823 2294 905 2328 λέγει,

126 2336 181 2364 ἀντὶ
192 2336 249 2369 τοῦ,
267 2336 314 2362 ἐπὶ
331 2334 371 2370 τῷ
393 2336 482 2363 πάντα
504 2337 612 2371 ἀφελεῖν
629 2339 673 2365 καὶ
690 2338 795 2373 κλέψαι.
822 2349 830 2365 ι
851 2340 907 2375 Πρὸ

126 2381 266 2417 προσώπου
281 2380 364 2408 αὐτοῦ
379 2382 580 2417 συγχυθήσεται
599 2384 615 2418 ή
632 2385 666 2420 γῆ
681 2404 688 2416 ,
702 2386 749 2411 καὶ
764 2385 905 2421 σεισθήσε-

126 2436 166 2454 ται
178 2429 192 2453 ὁ
207 2427 338 2462 οὐρανὸς,
356 2427 370 2453 ὁ
385 2427 460 2462 ἣλιος
478 2428 524 2454 καὶ
543 2429 559 2463 ἡ
577 2429 674 2464 σελήνη
697 2431 904 2464 συσκοτάσουσι,

126 2472 162 2506 (p.
178 2472 238 2505 117)
254 2472 302 2498 καὶ
318 2472 353 2498 τὰ
369 2471 458 2508 ἄστρα
477 2472 586 2499 δύσουσι
603 2474 633 2499 τὸ
653 2475 753 2508 φέγγος
768 2475 868 2501 αὐτῶν.
894 2485 904 2500 ι

128 2519 212 2544 Ἔοικε
229 2518 278 2553 μὲν
299 2519 313 2544 ὁ
327 2518 470 2553 προφήτης
493 2518 680 2554 ὑπερϐολικῶς
696 2520 730 2546 τὰ
756 2520 841 2547 πολλὰ
862 2521 905 2547 λέ-

125 2569 188 2594 γειν,
205 2562 246 2593 είς
266 2561 377 2596 μείζονα
401 2561 531 2596 ἔκπληξιν
552 2562 607 2589 τῶν
629 2564 795 2590 ἀκουόντων·
812 2565 905 2600 ἐπειδὴ

125 2607 197 2634 ὁποῖά
211 2607 272 2633 ποτ’
298 2606 332 2633 ἃν
385 2606 420 2633 τὰ
433 2605 576 2642 λεγόμενα.
593 2608 715 2635 λείπεται
734 2609 787 2635 τῶν
800 2609 902 2645 ἔργων·

125 2651 196 2686 δῆλος
209 2651 237 2678 δέ
252 2652 311 2678 ἐστι
325 2651 475 2684 κάνταῦθα,
495 2652 524 2678 οὺ
540 2652 573 2679 τὰ
597 2654 716 2688 στοιχεῖα
735 2653 821 2688 λέγων
838 2662 904 2688 συγ-

125 2697 222 2732 χεῖσθαι
235 2697 283 2724 καὶ
297 2696 500 2731 μετατίθεσθαι,
515 2697 571 2724 ἀλλ’
587 2698 680 2732 ἐπειδὴ
693 2699 749 2729 τοῖς
768 2700 797 2725 ἐν
811 2700 903 2730 κακοῖς

125 2741 321 2776 ίξεταζομένοις
349 2740 416 2767 ἴδιόν
441 2741 498 2767 ἐστι
522 2741 571 2773 τὰς
593 2741 741 2777 ὑπολήψεις
766 2742 834 2777 πρὸς
855 2743 904 2776 τὴν

127 2788 285 2822 κατέχουσαν
310 2786 487 2821 μεθίστασθαι
513 2787 642 2819 πολλάκις
664 2787 802 2822 ἀνάγκην·
826 2787 905 2813 τοῦτο

125 2831 165 2860 οὖν
179 2833 266 2868 λέγει,
288 2832 331 2859 ὅτι
351 2832 505 2867 συγχύσεως
520 2833 568 2868 μὲν
586 2832 766 2869 πληροῦνται,
782 2833 903 2865 ἐπιόντος

996 1935 1079 1962 Vens.
1093 1935 1170 1962 9-H.
1185 1949 1220 1953 —
1235 1943 1244 1958 ι
1261 1933 1358 1961 Urbem
1382 1933 1511 1967 capient,
1531 1936 1559 1959 et
1576 1939 1660 1966 super
1677 1926 1758 1958 mw'

959 1979 1006 2006 nia
1029 1979 1090 2014 ejus
1112 1979 1284 2010 discurrent;
1311 1977 1406 2004 domos
1429 1976 1624 2008 conscendant,
1647 1979 1674 2003 et
1695 1983 1743 2010 per

959 2023 1094 2051 fenestras
1118 2023 1261 2050 intrabunt
1274 2021 1352 2056 quasi
1374 2020 1460 2048 fures.
1485 2030 1493 2046 ι
1519 2019 1622 2055 Magnis
1637 2019 1743 2047 viribus

960 2068 1042 2095 urbes
1069 2067 1196 2097 domant.
1229 2073 1318 2100 neque
1346 2073 1400 2092 non
1434 2064 1536 2092 audent
1565 2071 1676 2091 currere
1708 2063 1743 2090 ad

959 2113 1059 2140 mmnia
1087 2119 1148 2139 cum
1178 2111 1272 2143 armis.
1299 2115 1326 2138 et
1356 2118 1403 2145 per
1427 2110 1525 2145 jauuas
1555 2109 1743 2144 fenestrasque
1768 2137 1771 2139 _

959 2155 1077 2190 ingredi,
1091 2160 1119 2182 ut
1134 2155 1266 2190 quidquid
1287 2159 1329 2182 est
1350 2155 1424 2181 intus
1441 2153 1569 2181 auferant
1583 2163 1590 2181 :
1606 2154 1658 2181 hoc
1670 2154 1742 2180 cuitu

958 2201 1090 2236 significat
1114 2201 1225 2232 locutio.
1240 2209 1249 2225 ι
1267 2199 1344 2234 quasi
1371 2199 1462 2231 fures,
1479 2208 1488 2224 ι
1509 2206 1574 2233 pro,
1593 2199 1632 2226 Ad
1650 2198 1742 2225 omnia

958 2246 1136 2273 auferendqu
1154 2250 1180 2273 et
1196 2245 1353 2272 furandum.
1374 2254 1383 2270 ι
1407 2245 1430 2271 Α
1447 2244 1518 2272 facie
1540 2244 1601 2279 ejus
1622 2243 1742 2272 confun~

957 2292 1036 2318 detur
1062 2295 1154 2324 terra,
1177 2291 1395 2318 commovebitur
1420 2291 1537 2323 rmlum,
1564 2290 1604 2317 sol
1629 2295 1656 2317 et
1679 2290 1742 2316 luna

957 2336 1218 2368 obtenebrabuntur,
1239 2341 1265 2363 et
1287 2336 1372 2363 stellae
1395 2335 1544 2363 recondcnt
1567 2335 1741 2371 splendorem

957 2389 1048 2409 suum.
1078 2391 1086 2407 I
1125 2381 1239 2408 Videtur
1281 2381 1413 2416 propheta
1446 2381 1621 2416 hyperbolice
1655 2381 1742 2407 multa

957 2427 1059 2457 dicere,
1083 2433 1113 2453 ut
1135 2426 1237 2460 majore
1257 2426 1400 2454 audientes
1422 2427 1512 2461 pulset
1535 2430 1649 2453 terrore.
1673 2423 1742 2452 11am

958 2471 1123 2498 cuicuimodi
1147 2471 1203 2498 sint
1231 2471 1289 2498 lucc
1314 2471 1407 2503 verba,
1431 2471 1537 2498 minora
1563 2471 1645 2498 rebus
1666 2475 1741 2498 sunt.

956 2516 1077 2552 Apparet
1094 2520 1185 2543 autem
1205 2516 1255 2543 hoc
1272 2517 1354 2543 etiam
1369 2517 1428 2544 loco
1444 2517 1605 2552 prophetam
1621 2516 1691 2543 haud
1704 2517 1742 2543 ita

958 2563 1030 2597 loqui
1040 2562 1117 2596 quasi
1129 2562 1262 2590 elementa
1274 2562 1478 2590 confundantur
1490 2568 1517 2590 et
1529 2563 1741 2596 transferantur,

956 2608 1002 2636 sed
1031 2608 1095 2642 quia
1121 2615 1180 2634 mos
1205 2611 1247 2634 est
1270 2615 1365 2634 eorum
1393 2608 1440 2642 qui
1465 2608 1545 2635 malis
1566 2611 1742 2641 exercentur,

955 2652 1054 2680 mentis
1081 2651 1156 2679 ideas
1179 2651 1212 2678 ad
1236 2658 1300 2678 suas
1326 2655 1476 2686 praesentes
1499 2658 1571 2684 saepe
1597 2650 1741 2685 angustias

956 2697 1115 2725 transferre.
1132 2697 1203 2724 Dicit
1219 2697 1303 2732 igitur
1320 2696 1381 2724 fore
1398 2701 1428 2724 ut
1441 2696 1566 2724 homines
1580 2695 1739 2724 confusione

955 2743 1123 2778 repleantur,
1141 2742 1258 2769 Domino
1273 2743 1300 2769 in
1313 2748 1413 2770 terram
1432 2742 1608 2770 adventante.
1625 2740 1741 2768 Videtur

955 2794 1019 2821 ergo
1039 2786 1104 2819 illis,
1126 2787 1174 2822 qui
1193 2787 1258 2814 talia
1283 2794 1297 2813 a
1320 2787 1374 2814 Deo
1398 2787 1426 2814 in
1448 2791 1519 2814 terra
1543 2787 1694 2821 patiuntur,
1711 2788 1740 2812 et

956 2832 1055 2861 caelum
1082 2833 1201 2867 concuti,
1219 2835 1246 2861 et
1266 2833 1308 2861 sol
1329 2839 1360 2860 ac
1372 2832 1436 2860 luna
1457 2837 1484 2861 et
1504 2832 1593 2860 sidera
1612 2832 1667 2867 jam
1681 2838 1737 2858 non
