1973 3066
230 128 284 157 225

821 131 994 160 TllEODOlil
1012 131 1256 160 MOPSUESTENI

1796 126 1861 156 εει

230 188 361 219 relucere.
388 187 522 214 malorum
547 187 654 215 scilicet
682 187 817 222 gravitate
845 188 1010 223 patientibus

1076 188 1144 216 ;ὺτοῦ
1157 189 1191 216 τὰ
1212 188 1282 215 κατὰ
1294 188 1360 224 γῆνο
1377 188 1451 215 δοκεί
1465 189 1493 215 δὲ
1511 190 1566 220 τοῖς
1586 188 1616 214 ὲν
1628 189 1660 224 τῇ
1673 188 1710 223 γῇ
1732 187 1859 216 τοιαῦτα

229 233 363 268 eripiente
380 232 451 260 lucis
464 240 583 260 sensum.
607 243 617 259 ι
638 232 670 259 Et
684 233 814 261 Dominus
827 233 903 261 dabit
920 241 1013 260 vocem

233 285 310 305 suam
331 281 394 304 ante
408 277 504 304 facient
521 277 659 305 exercitus
677 278 719 305 sui
742 288 748 306 :
766 279 831 313 quia
851 279 934 306 multa
950 283 1015 306 sunt

232 323 313 350 nimis
323 327 412 350 castra
423 323 494 357 ejus,
508 323 571 358 quia
586 323 666 350 fortia
678 331 760 358 opera
776 324 920 352 verborum
931 324 991 359 ejus
1005 332 1012 351 :

233 376 349 403 magnus
375 369 448 396 enim
478 370 537 397 dies
563 369 691 401 Domini,
724 379 820 406 magna
846 375 873 398 et
900 371 1015 400 illustris

233 414 322 448 valde,
346 419 372 442 et
387 415 450 449 quis
470 415 617 443 sustinebit
634 416 717 442 eam?
737 425 746 441 ι
762 415 902 451 Loquetur
918 421 1016 452 praeter

233 458 306 486 facta
331 460 387 487 haec
412 460 470 495 ipse
500 461 640 492 Dominus,
669 461 749 495 cujus
781 462 932 494 voluntate,
959 463 1017 490 haec

233 511 344 540 propter
362 507 487 533 vestram‘
501 507 649 541 nequitiam
671 508 809 542 patiemini
828 516 835 534 :
853 508 908 543 78
920 516 1018 543 quam-

233 552 328 580 obrem
347 557 412 580 tunc
429 561 478 581 vos
502 554 634 582 noveritis
659 559 743 581 totam
771 556 840 582 hanc
866 556 926 590 ejus
957 564 1018 585 esse

235 598 332 630 aciem,
361 598 440 632 cujus
470 599 611 625 voluntate
638 604 773 627 movetur.
809 601 908 628 Scietis
936 602 1017 628 etiam

235 646 335 675 quanta
353 642 389 669 sit
409 643 552 670 verborum
564 643 624 678 ejus
639 644 691 675 vis,
709 645 773 671 olim
797 645 943 680 loquentis,
956 654 1018 673 cum

234 693 284 713 vos
301 687 389 715 verbis
407 695 460 714 non
475 689 638 721 credebatis,
651 698 711 724 quae
724 695 816 724 postea
835 691 861 717 in
876 699 931 718 rem
952 699 1018 718 con-

236 731 298 758 tulit
309 740 315 764 ;
328 732 511 766 ostenditque,
528 733 676 767 quemlibet
688 741 840 762 sermonem
855 735 915 769 ejus
928 736 1020 769 perin—

237 776 271 804 de
285 784 348 804 esse
363 785 394 804 ac
410 777 479 805 forte
496 786 565 813 opus
579 788 586 805 :
606 779 826 814 quandoquidem
839 780 907 808 adeo
923 787 1019 815 magna

236 826 264 849 ct
294 822 410 849 illustris
438 827 481 851 est
508 825 758 858 supervenientium
784 825 862 853 vobis
885 827 1019 853 malorum

237 867 306 894 dies.
323 867 400 894 Tunc
416 876 460 895 res
474 876 522 903 pro
538 869 630 896 divina
645 870 783 898 voluntate
800 870 862 902 ﬁet,
879 878 930 899 nec
944 871 1020 906 quis-
1035 862 1056 889 Β

238 920 319 946 quam
338 913 471 940 malorum
489 913 597 940 illorum
617 915 687 942 ferre
711 917 812 950 poterit
829 917 937 943 molem.
952 916 1020 949 Qui-

239 957 290 985 bus
301 958 392 985 verbis
403 963 546 994 postquam
559 959 677 987 hostium
689 968 785 995 graves
797 962 869 989 vires
881 963 1021 996 exposuit,

239 1003 379 1037 Iubjtlngit
396 1013 402 1031 :

1065 234 1199 269 πάσχουσι
1213 234 1277 268 παρ’
1291 233 1384 266 αὑτοῦ,
1399 235 1445 260 καὶ
1458 235 1472 260 ὁ
1486 234 1599 268 οὐρανὸς
1616 234 1788 268 σαλεύεσθαι,
1799 235 1858 261 καὶ

1064 279 1079 306 ό
1091 279 1176 314 ἣλιος,
1191 280 1238 306 καὶ
1250 280 1266 314 ἡ
1281 279 1391 314 σελήνη,
1405 280 1452 306 καὶ
1464 279 1499 306 τὰ
1512 279 1599 314 ἄστρα
1615 280 1713 314 μηκέτι
1730 281 1855 314 φαίνειν,

1064 326 1116 361 τῆς
1125 326 1178 353 τῶν
1189 326 1282 353 κακῶν
1292 326 1441 362 βαρύτητος
1451 326 1653 362 ἀφαιρουμένης
1664 326 1718 352 τῶν
1733 326 1858 362 πασχόν-

1065 381 1118 399 των
1133 372 1180 398 τοῦ
1201 372 1289 406 φωτὸς
1310 371 1358 407 τὴν
1379 371 1513 407 αἴσθησιν.
1539 380 1549 396 ι
1576 372 1632 398 Καὶ
1648 372 1750 407 Κύριος
1767 371 1856 399 δώσει

1067 418 1159 453 φωνὴν
1182 417 1263 444 αὐτοῦ
1288 418 1341 452 πρὸ
1363 417 1509 452 προσώπου
1531 416 1671 452 δυνάμεως
1693 417 1788 444 αὐτοῦ’
1808 418 1856 444 ὅτι

1068 463 1151 498 πολλή
1166 464 1224 489 ἐστι
1242 462 1344 498 σφόδρα
1359 462 1375 496 ἡ
1396 462 1555 497 παρεμϐολὴ
1573 461 1654 488 αὐτοῦ
1666 470 1673 476 ·
1691 462 1739 488 ὄτι⁹
1750 462 1856 498 ισχυρὰ

1068 509 1135 544 ἔργα
1153 509 1239 542 λόγων
1258 507 1354 539 αὐτοῦς
1372 507 1439 533 διότι
1460 507 1562 542 μεγάλη
1581 508 1597 542 ἠ
1616 506 1706 542 ἡμέρα
1724 506 1771 533 τοῦ
1792 508 1852 533 Ku-

1068 553 1136 590 ρίου,
1156 553 1262 587 μεγάλη
1281 552 1328 579 καὶ
1346 552 1479 586 ἐπιφανὴς
1497 551 1619 586 σφόδρα·
1645 551 1692 578 καὶ
1711 551 1752 583 τίς
1776 552 1856 578 ἐστιν

1069 599 1161 630 ίκανὺς
1177 598 1262 633 αὐτῇς
1282 606 1291 622 ι
1313 597 1520 632 Ἐπιφθὲγξεται
1535 597 1563 624 δὲ
1573 599 1629 629 τοῖς
1639 597 1790 632 γινομένοις
1802 598 1856 624 καὶ

1067 644 1081 670 ὁ
1103 643 1178 674 Θεὸς,
1203 640 1287 677 οὗπερ
1311 639 1358 668 οὖν
1384 641 1482 677 γνώμῃ
1502 641 1588 668 ταῦτα
1607 641 1651 667 διὰ
1673 642 1723 676 τὴν
1747 642 1856 668 οἰκείαν

1070 688 1195 714 πείσεσθε
1210 688 1308 714 κακίαν
1318 695 1325 702 °
1340 687 1410 714 ὥστε
1423 688 1483 714 τότε
1502 687 1550 722 μὲν
1564 687 1636 722 ὑμᾶς
1647 687 1749 721 γνῶναι
1761 688 1857 713 πᾶσαν

1070 734 1152 762 αὐτοῦ
1168 734 1216 769 τὴν
1231 733 1382 769 παράταξιν
1396 733 1497 768 ταύτην
1510 731 1591 759 οὖσαν
1602 753 1609 764 ,
1622 730 1706 768 οὗπερ
1716 731 1762 759 οὖν
1776 731 1856 758 xand-

1070 788 1148 814 νηται
1159 778 1255 814 γνώμῃ
1264 787 1271 793 ·
1288 778 1389 812 γνῶναι
1403 778 1430 804 δὲ
1445 777 1492 804 καὶ
1504 778 1553 812 ὅση
1568 777 1626 804 ἐστὶ
1641 777 1695 803 τῶν
1707 777 1793 810 λόγων
1804 776 1858 802 αὺ-

1070 825 1116 851 τοῦ
1135 825 1152 860 ἡ
1173 825 1257 859 ἰσχὺς,
1271 824 1354 850 πάλαι
1370 823 1418 858 μὲν
1433 823 1573 858 εἰρηκότος
1589 823 1633 849 ὅτε
1646 831 1698 857 περ
1713 822 1857 856 ὴπιστεῖτε

1070 871 1125 901 τοῖς
1143 869 1313 904 λεγομένοις·
1332 868 1443 902 ὕστερον
1460 869 1488 895 δὲ
1507 868 1577 895 αὐτὰ
1598 867 1737 900 ὲξάξοντος
1752 868 1792 898 είς
1808 866 1859 901 ἕρ-

1069 925 1128 951 γον,
1140 917 1178 950 (p.
1194 916 1254 950 118)
1267 916 1313 942 καὶ
1323 914 1458 947 δείξαντος
1471 915 1511 941 ὅτι
1522 915 1575 946 πᾶς
1589 914 1667 948 λόγος
1678 914 1760 941 αὐτοῦ
1773 913 1858 949 ἔργον

1070 962 1143 988 ἐστὶν
1161 961 1269 996 ίσχυρόν
1280 968 1286 975 ·
1308 961 1348 986 ὅτι
1364 969 1394 986 τε
1412 960 1483 986 οὕτω
1501 960 1604 995 μεγάλη
1623 960 1670 986 καὶ
1685 959 1820 994 ἐπιφανὴς
1838 959 1857 992 ἡ

1069 1006 1124 1033 τῶν
1143 1006 1274 1032 ἐπιόντων
1290 1006 1354 1040 ὑμῖν
1374 1005 1465 1031 κακῶν
1484 1005 1593 1040 ἡμέρα·
1609 1005 1670 1031 τότε
1694 1005 1769 1031 ἔσται
1785 1003 1858 1031 κατὰ

239 1049 288 1084 τὴν
304 1049 414 1084 γνώμην
429 1049 478 1084 τὴν
495 1049 577 1082 θείαν,
592 1051 630 1082 ὡς
647 1051 713 1086 μηδὲ
729 1049 798 1079 εἷναί
811 1061 871 1079 τινα
884 1052 996 1080 δυνατὸν
1015 1053 1069 1080 τῶν
1090 1052 1151 1079 τότε
1169 1051 1318 1086 γινομένων
1336 1051 1428 1078 κακῶν
1445 1049 1590 1085 ὑποφέρειν
1609 1050 1639 1077 τὸ
1658 1049 1774 1085 μέγεθος
1786 1057 1793 1064 °
1814 1049 1858 1076 δι-

239 1094 411 1130 ηγησάμενος
423 1095 449 1121 δὲ
464 1095 516 1122 τῶν
528 1096 662 1130 πολεμίων
677 1097 725 1132 τὴν
740 1097 877 1133 βαρύτητα
893 1099 921 1124 ἐν
932 1098 1044 1131 τούτοις,
1063 1097 1159 1131 ὲπάγει
1169 1103 1178 1110 '

278 1139 360 1167 Vens.
381 1140 475 1167 1244.
501 1156 535 1160 -
552 1150 561 1167 ι
582 1141 614 1168 Ει
632 1150 706 1168 nunc
726 1142 792 1170 dicit
810 1142 942 1171 Dominus
955 1143 1026 1172 Deus

243 1190 333 1212 vester
349 1185 567 1213 :Convertimini
587 1188 619 1214 ad
635 1195 678 1214 me
699 1192 757 1215 toto
772 1188 855 1216 corde
872 1193 976 1220 vestro,
998 1189 1025 1216 in

242 1230 347 1265 jejunio
360 1235 387 1258 et
403 1232 429 1259 in
444 1232 506 1259 ﬁetu
522 1237 549 1259 et
569 1233 596 1259 in
621 1233 745 1267 planctu,
765 1237 793 1261 et
809 1235 926 1262 scindite
943 1235 1026 1262 corda

243 1281 346 1308 vestra,
359 1281 386 1304 et
406 1285 458 1305 non
473 1279 634 1306 vestimenta
654 1285 766 1307 vestra:
788 1286 814 1307 et
834 1280 1026 1308 convertimini

248 1322 281 1348 ad
295 1321 438 1349 Dominum
454 1323 536 1350 Deum
556 1327 687 1356 vestrum,
703 1325 764 1359 quia
782 1325 916 1360 benignus
933 1331 960 1353 et
975 1326 1023 1352 mi—

243 1367 360 1394 sericors
375 1372 433 1399 est,
449 1372 477 1395 et
492 1368 654 1402 longauitnis
667 1377 698 1396 ae
713 1370 803 1396 multm
817 1370 1022 1401 misericordiae,

243 1415 271 1439 et
280 1412 404 1440 ﬂexibilis
421 1420 504 1448 super
526 1413 726 1449 iniquitatibus.
747 1424 756 1441 ι
775 1414 827 1443 Sed
848 1415 919 1443 enim
936 1422 1021 1450 quau-

243 1465 324 1492 quam
349 1466 393 1486 res
420 1459 456 1485 ita
485 1467 515 1486 se
542 1460 670 1492 habeant,
701 1462 789 1496 agesis
817 1462 910 1489 cuncti
935 1462 1024 1489 studia

243 1507 338 1529 nostra
361 1510 377 1529 a
401 1503 466 1530 vitio
489 1504 522 1530 ad
546 1505 673 1532 virtutem
690 1511 892 1538 convcrtamus,
921 1506 1026 1536 cuncti,

1108 1143 1182 1178 Στίχ.
1202 1142 1294 1177 ιβ¹νιδ’.
1310 1157 1346 1163 —-
1369 1151 1378 1167 ι
1403 1140 1458 1167 Καὶ
1476 1139 1523 1167 νῦν
1545 1141 1619 1175 λέγει
1638 1141 1740 1176 Κύριος
1758 1141 1772 1167 ὀ
1790 1139 1858 1172 Θεὸς

1074 1188 1168 1223 ὑμῶν,
1196 1187 1396 1223 Ἐπιστράφητε
1411 1187 1478 1222 πρός
1497 1195 1529 1220 με
1544 1186 1576 1218 ἐξ
1596 1187 1659 1221 ὅλης
1671 1186 1721 1221 τῆς
1743 1185 1858 1220 καρδίας

1074 1233 1161 1268 ὑμῶν,
1175 1234 1205 1260 ἐν
1223 1233 1335 1268 νηστείᾳ
1352 1233 1399 1259 καὶ
1419 1233 1448 1259 ὲν
1467 1232 1599 1268 κλαυθμῷ
1615 1232 1663 1259 καὶ
1680 1233 1708 1258 ἐν
1730 1231 1838 1267 κοπετῷ
1849 1240 1857 1248 ”

1074 1279 1120 1305 καὶ
1133 1278 1296 1313 διαρῥὴξατε
1311 1278 1360 1309 τὰς
1374 1278 1486 1313 καρδίας
1499 1277 1586 1313 ὑμῶν,
1601 1279 1648 1305 καὶ
1664 1278 1701 1313 μὴ
1715 1278 1750 1304 τὰ
1763 1278 1859 1313 ἱμάτια

1076 1323 1091 1349 ὑ
1096 1323 1153 1358 μῶν
1163 1331 1169 1337 “
1185 1323 1231 1350 καὶ
1242 1322 1426 1357 ἐπιστράφητε
1441 1323 1509 1358 πρὸς
1523 1322 1624 1358 Κύριον
1634 1322 1679 1348 τδν
1690 1322 1756 1349 θεὸν
1769 1322 1856 1357 ὑμῶν·

1076 1369 1117 1395 ὅτι
1141 1368 1264 1402 ἐλεήμων
1284 1368 1328 1393 καὶ
1349 1367 1497 1402 οἰκτίρμων
1518 1367 1592 1399 ἐστὶ,
1619 1367 1792 1403 μακρόθυμος
1811 1367 1859 1394 καὶ

1077 1413 1218 1445 πολυέλεος
1238 1413 1286 1440 καὶ
1303 1413 1441 1447 μετανοῶν
1457 1412 1502 1439 ἐπὶ
1517 1412 1577 1444 ταῖς
1599 1413 1718 1443 κακίαις.
1745 1422 1755 1438 ι
1779 1412 1859 1438 Ἀλλὰ

1076 1460 1129 1495 γὰρ
1143 1460 1190 1486 καὶ
1201 1459 1301 1485 τούτων
1314 1458 1400 1489 οὕτως
1411 1458 1537 1492 ἐχόντων,
1548 1457 1614 1492 φέρε
1626 1457 1657 1493 δὴ
1669 1458 1768 1489 πάντες
1780 1466 1859 1493 μετα-

1062 1506 1064 1508 ’
1077 1505 1222 1540 ὃαλώμεθα
1235 1504 1280 1530 τὸν
1293 1504 1423 1538 λογισμὸν
1435 1505 1467 1530 ἐκ
1478 1503 1525 1530 τοῦ
1537 1503 1656 1539 χείρονος
1671 1503 1718 1529 ἐπὶ
1728 1503 1758 1529 τὸ
1772 1503 1860 1537 κρεῖτ-

244 1547 363 1582 inquam,
380 1553 436 1576 tota
454 1554 544 1577 mente
561 1551 593 1577 ad
614 1550 695 1578 Deum
712 1551 883 1584 inclinemur,
903 1552 1024 1586 jejuuiis,

1076 1558 1132 1582 τον,
1144 1550 1191 1576 καὶ
1202 1549 1340 1584 νεύσωμεν
1352 1548 1471 1580 ἅπαντες
1485 1548 1622 1583 ὁλοκλήρῳ
1633 1549 1666 1584 τῇ
1678 1547 1781 1583 διανοίᾳ
1791 1547 1858 1583 πρὸς

243 1593 308 1620 ﬁetu
333 1598 360 1621 et
387 1595 497 1629 planctu
517 1596 661 1631 occupati;
687 1604 774 1631 neque
799 1601 889 1624 vestes
919 1602 1026 1625 nostras

244 1639 412 1672 sciudamus.
437 1641 483 1676 qui
510 1649 570 1669 mos
596 1647 687 1669 vester
708 1649 779 1675 διξερε
796 1645 837 1668 est
861 1642 922 1670 sine
944 1642 1028 1670 animi

245 1684 365 1718 affectu;
393 1685 439 1713 sed
466 1687 548 1714 corda
572 1692 662 1714 vestra
684 1687 804 1722 pandite,
823 1688 933 1722 Deoque
955 1688 1028 1716 nuda

243 1731 371 1758 exhibete
383 1751 390 1764 ,
404 1737 432 1759 ut
443 1736 535 1760 vetere
551 1734 654 1760 malitia
665 1734 788 1768 deposita
799 1753 807 1766 ,
822 1739 940 1762 vestram
955 1735 1028 1762 circa

245 1776 329 1804 Deum
342 1782 459 1806 mentem
472 1779 676 1807 demonstretis.
696 1779 789 1814 Neque
801 1781 874 1806 enim
885 1784 926 1808 est
941 1781 1030 1807 incre-

245 1821 329 1848 dibile
340 1841 347 1853 ,
363 1830 425 1849 cum
440 1823 475 1850 sit
488 1823 566 1851 valde
581 1824 727 1859 benignus,
744 1828 771 1851 et
787 1825 871 1851 multa
888 1833 952 1859 erga
967 1832 1031 1860 pee-

246 1871 339 1893 cantes
355 1867 483 1902 patientia
505 1870 542 1895 uti
559 1869 667 1900 solitus,
686 1869 745 1896 fore
762 1873 791 1896 ut
816 1870 887 1896 mala
905 1870 1030 1897 retrahat

245 1919 307 1947 qua;
328 1913 404 1940 vobis
416 1914 555 1948 imponere
569 1915 717 1950 cogitabat.
742 1923 750 1940 ι
772 1914 840 1948 Quis
860 1916 947 1947 novit,
964 1923 1029 1942 num

246 1963 432 1990 convertatur,
464 1963 490 1987 et
518 1961 669 1994 paeniteat,
693 1965 721 1988 et
745 1962 880 1996 relinquat
907 1966 969 1996 pust
1002 1969 1031 1989 se

247 2003 472 2036 benedictionem,
488 2005 669 2037 sacriﬁcium,
687 2010 715 2033 et
731 2006 895 2033 oblationem
913 2006 1028 2033 Domino

247 2048 303 2076 Deo
320 2049 434 2075 vestro?
455 2059 464 2075 ι
489 2049 650 2085 Quanquam
671 2050 743 2078 haud
762 2051 839 2078 vobis
863 2051 990 2079 omnibus
1005 2052 1030 2078 id

246 2094 416 2125 exploratum
439 2101 500 2121 esse
521 2094 666 2129 contingit,
687 2094 733 2129 qui
755 2095 924 2121 conscientia
940 2099 1031 2121 vestra

247 2137 440 2170 vnlueramini,
451 2142 569 2166 attamen
584 2140 706 2175 apprime
717 2139 795 2167 nobis
806 2143 935 2167 constare
949 2147 1031 2174 opor-

247 2185 325 2213 teret,
343 2183 415 2217 quod
431 2184 454 2210 si
468 2189 658 2212 convertamur
670 2190 751 2219 atque
765 2185 798 2212 ad
816 2192 877 2211 cum
893 2185 1030 2212 declinare

247 2228 427 2260 voluerimus,
458 2229 546 2263 ipsum
579 2238 689 2264 quoque
720 2229 863 2264 poznitebit
895 2229 1030 2256 malorum

248 2273 303 2308 79
318 2281 378 2308 quae
399 2273 478 2302 nobis
492 2281 522 2302 se
543 2274 681 2301 illaturum
699 2274 876 2307 ostenderat;
898 2274 1031 2309 nobisque

249 2319 340 2354 potius
360 2319 452 2347 futuro
470 2324 592 2354 tempore
607 2321 736 2348 beneﬁcia
754 2320 915 2354 largiturum
931 2329 938 2347 :
961 2320 1031 2347 hanc

249 2363 321 2390 enim
343 2364 409 2391 dicit
431 2365 646 2392 benedictionem
666 2374 673 2392 :
698 2372 814 2399 quorum
836 2365 1030 2392 beneﬁciorum

250 2407 367 2442 primum
381 2410 433 2436 erit
445 2410 553 2442 notitia,
571 2410 643 2445 quod
657 2410 735 2445 copia
753 2410 832 2437 nobis
845 2410 880 2437 sit
896 2410 1030 2437 sacriﬁcia

251 2460 283 2479 ac
307 2453 452 2482 libationes
466 2455 492 2482 ei
511 2455 564 2482 ritu
585 2455 668 2482 solito
690 2455 832 2482 efferendi.
855 2454 1031 2489 Perspicuum

250 2502 292 2525 est
315 2500 386 2526 enim
412 2499 496 2527 Deum
508 2500 562 2528 dici
585 2500 758 2533 benedicere,
780 2508 843 2527 cum
866 2500 923 2527 suis
951 2499 1031 2527 donis

251 2544 319 2572 liene
334 2545 415 2573 alicui
429 2545 503 2574 facit.
520 2547 621 2575 Deinde
633 2546 707 2574 addit
720 2551 732 2570 ':

1077 1596 1154 1627 Θεὸν,
1171 1595 1308 1630 νηστείαις
1321 1602 1351 1620 τε
1366 1594 1414 1620 καὶ
1429 1593 1560 1628 κλαυθμῷ
1576 1593 1623 1620 καὶ
1637 1592 1743 1628 κοπετῷ
1758 1601 1858 1628 κεχρη-

1081 1641 1170 1676 μένοι·
1185 1640 1232 1667 καὶ
1253 1639 1289 1675 μὴ
1308 1639 1342 1666 τὰ
1364 1639 1458 1674 ἱμάτια
1473 1639 1506 1665 τὰ
1517 1639 1621 1665 ἑαυτῶν
1634 1638 1857 1674 διαρῤηγνύντες,

1078 1686 1171 1721 διόπερ
1184 1686 1242 1717 ἔθος
1262 1686 1324 1720 ὑμῖν
1344 1685 1394 1711 οὐκ
1409 1685 1441 1710 ὲκ
1455 1684 1603 1716 διαθέσεως
1617 1685 1747 1716 πολλάκις
1762 1685 1856 1710 ποιεῖν·

1079 1732 1126 1763 τὰς
1146 1731 1259 1766 καρδίας
1280 1730 1308 1756 δὲ
1331 1730 1435 1756 ἑαυτῶν
1449 1730 1626 1763 διανοίγοντές
1643 1739 1672 1756 τε
1691 1731 1738 1757 καὶ
1753 1730 1859 1766 γυμνάς

1080 1777 1262 1811 προσάγοντες
1279 1775 1318 1810 τῷ
1332 1774 1408 1810 Θεῷ·
1426 1776 1463 1806 ὡς
1479 1774 1512 1802 ἂν
1526 1775 1573 1810 τὴν
1592 1775 1709 1802 παλαιὰν
1724 1775 1858 1811 ἀποθέμε-

1079 1830 1118 1848 νοι
1138 1820 1245 1851 κακίαν,
1256 1819 1328 1855 δῆλοι
1345 1819 1460 1854 γένησθε
1474 1821 1522 1855 τῆς
1539 1821 1602 1855 περὶ
1617 1820 1698 1847 αὐτὸν
1715 1820 1859 1856 ἀντεχόμε-

1080 1874 1120 1892 νοι
1138 1864 1265 1899 γνώμης·
1282 1865 1311 1891 οὐ
1327 1864 1382 1899 γὰρ
1401 1865 1513 1895 ἀπεικὸς
1523 1885 1530 1896 ,
1547 1865 1615 1899 άγαν
1629 1865 1693 1892 ὄντα
1708 1866 1858 1901 φιλάνθρω-

1081 1918 1131 1936 πον
1152 1910 1198 1936 καὶ
1224 1909 1307 1944 πολλῇ
1332 1911 1365 1944 τῇ
1395 1909 1554 1944 ἀνεξικακίᾳ.
1576 1910 1613 1945 (p.
1634 1911 1693 1944 119)
1714 1912 1777 1947 περὶ
1798 1912 1859 1943 τοὺς

1081 1957 1284 1992 ἁμαρτάνοντας
1296 1956 1476 1991 κεχρημένον,
1495 1955 1664 1990 μεταγνῶναι
1678 1957 1725 1983 ἐπὶ
1738 1958 1793 1988 τοῖς
1812 1966 1860 1983 κα-

1081 2004 1148 2033 κοῖς,
1163 1999 1202 2032 ei;
1215 2003 1363 2036 ἐπαγαγεῖν
1376 2002 1439 2036 ὑμῖν
1454 2001 1641 2027 ἐϐουλεύσατο.
1663 2011 1672 2026 ι
1690 2001 1737 2033 Τίς
1752 1999 1819 2028 οἶδεν
1834 2003 1859 2028 εί

1082 2046 1238 2081 ἐπιστρέψει
1262 2047 1308 2072 καὶ
1335 2046 1495 2081 μετανοήσει
1525 2045 1572 2072 καὶ
1603 2045 1777 2080 ὑπολείψεται
1805 2046 1858 2081 (ίθ)

1081 2092 1167 2119 ὀπίσω
1182 2091 1263 2118 αὐτοῦ
1278 2091 1402 2125 εὐλογίαν
1422 2091 1515 2118 θυσίαν
1530 2091 1576 2117 καὶ
1591 2090 1704 2125 σπονδὴν
1716 2090 1810 2126 Κυρίῳ
1822 2090 1859 2126 τῷ

1081 2137 1140 2172 Θεῷ
1155 2137 1230 2170 ὑμῶν
1244 2145 1250 2169 ς
1268 2146 1276 2162 ι
1293 2138 1324 2163 Et
1339 2137 1394 2172 γὰρ
1410 2137 1457 2163 καὶ
1472 2136 1509 2172 μὴ
1523 2137 1605 2162 πᾶσιν
1621 2136 1684 2170 ὑμῖν
1700 2135 1777 2171 δῆλον
1792 2133 1858 2163 εἶναι

1082 2182 1160 2209 τοῦτο
1174 2181 1345 2216 συμϐἐῧηκεν
1357 2182 1409 2208 ὑπὸ
1420 2182 1468 2216 τῆς
1483 2181 1661 2215 συνειδήσεως
1671 2181 1859 2216 πληττομένοις

1084 2228 1133 2261 τῆς
1145 2227 1257 2259 οίκείας,
1269 2226 1336 2253 ἀλλὰ
1351 2226 1451 2261 σφόδρα
1469 2234 1501 2257 γε
1518 2225 1616 2252 εἰδέναι
1631 2225 1766 2261 προσῆκεν
1779 2225 1857 2260 ἡμᾶς,

1085 2273 1122 2304 ὡς
1145 2272 1170 2298 εί
1194 2272 1412 2306 μεταϐαλοίμεθὰ
1435 2280 1464 2297 τε
1488 2272 1535 2298 καὶ
1555 2271 1648 2298 νεῦσαι
1670 2270 1859 2306 βουληθείημεν

1085 2318 1152 2352 πρὸς
1167 2317 1256 2348 αὐτὸν,
1274 2316 1525 2352 μεταμεληθήσεται
1542 2316 1590 2351 μὲν
1605 2317 1652 2342 καὶ
1667 2317 1747 2347 αὐτὸς
1763 2317 1803 2350 ἐφ’
1821 2314 1859 2348 οἷς

1084 2363 1144 2389 καθ’
1156 2362 1234 2397 ἡμῶν
1246 2362 1401 2396 ἀπεφήνατο
1413 2369 1419 2376 ·
1434 2363 1567 2397 χαριεῖται
1579 2360 1606 2387 δὲ
1621 2361 1685 2396 ἡμῖν
1700 2362 1729 2387 ὲν
1742 2361 1780 2396 τῷ
1795 2362 1859 2396 μετὰ

1084 2407 1170 2434 ταῦτα
1197 2407 1285 2442 χρόνῳ
1304 2406 1357 2433 τῶν
1380 2406 1487 2433 οίκείων
1513 2405 1623 2439 ἀγαθῶν
1645 2405 1694 2441 τὴν
1716 2406 1857 2441 χορηγίαν·

1084 2452 1163 2480 τοῦτο
1187 2452 1240 2488 γὰρ
1258 2452 1380 2486 εὐλογίαν
1405 2451 1503 2486 φησιν’
1523 2448 1560 2477 ὧν
1579 2450 1686 2485 πρῶτον
1708 2452 1773 2485 ἡμῖν
1788 2451 1858 2478 ἔσται

1085 2498 1229 2533 γνώρισμα
1246 2497 1276 2523 τὸ
1292 2497 1450 2532 μεταλαϐεῖν
1467 2497 1516 2531 τῆς
1535 2495 1658 2528 ἐξουσίας
1673 2495 1720 2535 τοῦ
1732 2496 1821 2528 θυσίας
1831 2505 1858 2524 τε

1087 2544 1133 2570 καὶ
1149 2543 1261 2574 σπονδὰς
1277 2542 1351 2577 αὺτῷ
1365 2543 1434 2569 κατὰ
1452 2542 1482 2568 τὸ
1498 2541 1592 2572 εἰωθὸς
1606 2541 1753 2576 προσάγειν
1764 2551 1772 2558 ο
1789 2543 1858 2578 εὔδη-

251 2591 296 2617 λον
310 2591 363 2626 γὰρ
377 2592 417 2618 ὅτι
430 2591 548 2625 εὐλογεῖν
561 2592 668 2626 λέγεται
677 2594 691 2619 ὁ
703 2592 778 2624 Θεὸς,
793 2591 832 2627 τῷ
846 2593 905 2624 ταῖς
916 2592 1029 2623 οἰκείαις
1038 2590 1194 2626 εὐεργετεῖν
1205 2589 1320 2624 δωρεαῖς
1330 2597 1336 2604 ·
1350 2589 1411 2616 ὅθεν
1427 2588 1473 2616 καὶ
1484 2587 1608 2621 εὐλογίαν
1619 2588 1669 2623 τὴν
1683 2588 1807 2625 τοιαύτην
1818 2588 1858 2616 κέσ

252 2639 336 2674 κληκε
352 2639 466 2673 δωρεάν.
483 2637 550 2667 Εἶτα
563 2641 662 2674 ὲπάγει
674 2645 680 2652 ·

288 2683 372 2711 Vens.
388 2684 482 2712 15-18.
496 2700 530 2706 -
552 2685 696 2720 «Claugite
716 2686 781 2713 tuba
807 2686 835 2713 in
852 2686 945 2719 Sione,
968 2693 1033 2713 san-

253 2729 371 2757 ctiﬁcata
393 2729 539 2764 jejunium,
562 2729 707 2764 prmdicate
731 2730 846 2763 cultum,
871 2734 1033 2764 congregate

1121 2683 1196 2717 Στίχ.
1215 2686 1309 2716 ιε’-ιη’.
1324 2697 1358 2704 --
1382 2690 1392 2708 ι
1416 2681 1567 2708 Σαλπίσατε
1586 2681 1718 2716 σάλπιγγι
1734 2681 1763 2708 εν
1781 2681 1856 2714 Σιὼν,

1085 2728 1217 2762 ἁγιάσατε
1227 2727 1362 2763 νηστείαν,
1375 2726 1512 2762 κηρύξατε
1525 2726 1686 2762 θεραπείαν,
1699 2727 1856 2762 συναγάγετε

291 2817 347 2855 (ιο)
363 2819 428 2848 Cod.
447 2819 473 2853 1,
491 2827 573 2848 manu
587 2818 767 2853 ὑπολήψεται,
784 2823 810 2847 at
827 2819 854 2853 2,
872 2818 1024 2853 ὑπολείψετι

1076 2825 1122 2853 [uae
1138 2822 1179 2846 est
1196 2815 1346 2845 communis
1358 2814 1447 2843 lectio.
