1973 3066
72 133 132 161 29.5

590 140 863 169 COMMENTARIUS
883 139 917 167 IN
935 139 1051 168 JOELIS
1070 139 1146 168 CAP.
1164 139 1194 166 Il.

1664 139 1717 169 29.6

72 200 157 232 λαὸν,
166 198 302 234 ἁγιάσατε
315 200 491 235 Ἐκκλησίαν,
503 202 648 235 ἐκλέξασθε
666 202 877 238 πρεσϐυτέρους,

931 206 1072 237 populum,
1085 201 1256 229 sanctificate
1263 201 1427 235 Ecclesiam,
1438 201 1530 237 eligite
1545 209 1636 233 senes,
1650 209 1718 228 con-

74 246 254 280 συναγάγετε
279 248 367 282 νήπια
401 248 551 282 θηλάζοντα
577 248 713 283 μαστούςυ
745 248 877 282 ἐξελθέτω

74 292 198 326 νυμφίος
216 292 250 318 ἐκ
270 293 318 319 τοῦ
333 293 462 325 κοιτῶνος
476 294 574 326 αὑτοῦ,
594 294 641 321 καὶ
662 294 756 329 νύμφη
773 295 805 320 ὲκ
830 294 876 320 τοῦ

74 337 190 364 παστοῦ
206 337 302 373 αὐτῆς.
322 348 331 363 ι
350 339 470 374 Τοιαύτη
484 339 549 375 γὰρ,
565 339 642 374 φησὶ,
658 340 704 366 καὶ
726 339 797 365 οὕτω
816 339 877 373 φιλ-

75 382 222 417 ανθρώπῳ
233 383 332 419 γνώμῃ
350 384 398 410 τοῦ
418 385 486 411 θεοῦ
511 385 691 420 κεχρημένου,
705 384 783 410 τοῦτο
799 392 876 418 ποιη-

76 428 141 454 τέον
155 428 224 461 ἡμῖν
234 436 241 443 ·
257 428 289 454 τὸ
305 429 411 460 πάντας
425 430 473 464 μὲν
489 430 536 456 ἐπὶ
550 430 579 456 τὸ
596 429 664 456 Σιὼν
676 429 739 464 ὗρος
751 430 811 460 ταῖς
823 429 877 455 τῶν

78 472 246 507 σαλπίγγων
257 476 423 508 συναγαγεῖν
435 475 594 510 σημασίαις·
607 477 650 509 (p.
668 475 718 502 120
728 475 736 508 )
748 474 877 509 ἀφορίσαι

76 518 106 544 δὲ
132 519 184 545 καὶ
204 519 326 554 κηρύξαι
344 521 470 555 νηστείαν
492 521 539 546 ἐπὶ
559 519 693 556 θεραπείᾳ
712 520 759 546 τοῦ
780 520 876 546 Θείου·

76 566 250 598 συναγαγεῖν
266 565 295 592 δὲ
312 566 421 592 ἅπαντα
437 566 482 592 τὸν
495 565 569 597 λαδν,
584 565 621 597 ὡς
636 565 669 592 ἃν
684 565 878 600 ἀθροισθέντας

75 610 120 642 εἰς
135 610 307 647 Ἐκκλησίαν
317 610 458 642 έκτάξειαν
469 611 584 642 ἑαυτοὺς
604 611 650 636 ὲπὶ
663 611 696 646 τῇ
713 610 878 646 μεταμελείᾳ

74 656 129 691 τῆς
150 655 285 691 γνώμης·
306 656 450 691 παρόντων
474 656 522 691 μὲν
544 656 598 681 τῶν
616 656 801 691 παλαιοτέρων
816 656 877 682 καθ’

76 702 206 737 ἡλικίαν,
223 701 366 737 παρόντων
381 701 409 728 δὲ
421 702 467 727 καὶ
479 700 534 727 τῶν
549 701 652 735 νηπίων
675 701 739 736 ἄχρι
760 701 814 727 τᾶν
828 701 877 736 θη-

77 747 242 779 λαζόντων·
268 747 312 774 καὶ
336 747 389 782 μὴν
409 747 463 773 τῶν
484 747 582 774 νεωστὶ
605 747 803 782 γεγαμηκότων
825 748 878 781 ἁφ-

82 794 240 828 ισταμένων
251 793 300 827 τῆς
315 793 436 827 γαμικῆς
452 792 620 828 εὐφροσύνης
632 793 676 819 διὰ
697 793 746 828 τὴν
759 792 808 827 τῆς
830 800 878 827 με-

79 838 199 869 cavata;
220 837 381 872 ἐπιμέλειαν
391 845 398 852 ·
421 837 490 863 ὥστε
508 838 649 873 συντόμως
664 838 752 864 εἰπεῖν
768 838 877 864 ἃπασαν

80 883 195 918 ἡλικίαν
217 883 262 909 καὶ
287 883 376 909 πάντα
400 882 536 909 ὁντιναοῦν
556 883 585 908 ὲν
607 883 661 918 ὅτῳ
688 882 786 917 δήποτε
811 883 877 910 καθ-

81 929 194 955 εστῶτα
211 929 338 963 παρεῖναι
350 929 384 963 τῇ
402 928 578 963 μεταμελείᾳ,
593 928 646 954 τῶν
659 928 759 954 λοιπῶν
771 928 875 963 ἀφεμέ-

81 982 150 1004 νους
164 973 305 1000 ἁπάντων.
330 982 340 998 ι
369 972 433 999 Ἀνὰ
449 973 532 1008 μέσον
548 973 598 1008 τῆς
621 974 753 1008 κρηπῖδος
768 973 875 1000 καὶτοῦ

84 1018 283 1054 θυσιαστηρίου
301 1018 464 1045 κλαύσονται
479 1020 503 1045 οἱ
520 1019 600 1054 ἱερεῖς
614 1020 638 1045 οἱ
656 1019 876 1054 λειτουργοῦντες

84 1065 200 1099 Κυρίῳθ
218 1064 264 1090 καὶ
277 1063 381 1100 ἐροῦσι,
395 1064 497 1096 Φεῖσαι,
510 1064 605 1099 Κύριε,
616 1064 663 1090 τοῦ
675 1064 741 1090 λαοῦ
756 1073 814 1097 σου,
829 1064 877 1091 καὶ

85 1110 128 1146 μὴ
144 1109 196 1145 δῷς
217 1110 266 1145 τὴν
286 1109 469 1145 κληρονομίαν
489 1118 534 1135 σου
563 1111 603 1141 είς
626 1109 743 1141 ὄνειδος,
766 1110 812 1136 τοῦ
839 1109 876 1145 μὴ

85 1155 224 1191 κατάρξαι
243 1155 332 1181 αὐτῶν
357 1155 438 1190 ἔθνη·
464 1155 539 1186 ὅπως
563 1155 601 1191 μὴ
628 1155 742 1181 εἴπωσιν
769 1156 799 1181 ὲν
821 1157 876 1187 τοῖς

83 1201 188 1232 ἔθνεσι,
211 1201 265 1226 Ποῦ
279 1202 353 1227 ἐστιν
373 1201 388 1226 ὁ
406 1200 473 1232 Θεὸς
493 1199 601 1233 abstini;
622 1210 631 1225 ι
656 1200 760 1231 Πάντες
776 1200 805 1226 δὲ
823 1201 876 1236 πρὸ

83 1246 134 1272 τοῦ
149 1246 340 1281 θυσιαστηρίου
359 1245 471 1277 στάντες
487 1246 511 1271 ei
527 1245 595 1280 πρὸς
608 1245 638 1271 τὸ
656 1246 707 1280 τῆς
727 1245 876 1281 ἱερωσύνης

85 1291 169 1327 ἔργον
188 1291 414 1327 προϐεϐλημένοι,
429 1291 475 1317 καὶ
488 1292 528 1322 εἰς
546 1291 594 1326 τὴν
611 1290 782 1326 λειτουργίαν
799 1291 877 1317 ἐκτε-

87 1337 221 1373 ταγμένοι
232 1337 280 1372 τὴν
292 1337 377 1370 θείαν,
391 1337 459 1371 μετὰ
471 1336 616 1372 κλαυθμῶν
631 1337 789 1364 αἰτείτωσαν
800 1337 877 1372 παρὰ

86 1382 135 1408 τοῦ
158 1382 227 1408 Θεοῦ
245 1382 293 1417 τὴν
310 1381 498 1416 καταλλαγήν·
519 1381 557 1412 ὡς
576 1381 609 1408 ἂν
631 1382 723 1416 φεῖσαι
743 1382 802 1408 τότε
828 1380 875 1407 τοῦ

88 1426 153 1453 λαοῦ
168 1427 215 1453 τοῦ
229 1427 340 1455 οἰκείου.
355 1427 403 1452 καὶ
416 1426 452 1462 μὴ
468 1426 606 1458 παντελῶς
623 1427 722 1458 αὐτοὺς
736 1427 827 1462 ὲκδοίη
842 1428 875 1463 τῇ

88 1471 143 1497 τῶν
158 1470 244 1497 ὲθνῶν
259 1471 378 1506 ἐξουσία,
395 1471 461 1506 μηδὲ
476 1471 619 1498 καταλίποι
639 1472 714 1507 παρὰ
725 1474 781 1504 τοῖς
801 1471 876 1498 ἔθνε-

90 1525 133 1543 σιν
147 1517 373 1551 ὀνειδιζομένους,
397 1518 439 1543 ὅτι
452 1517 484 1552 δὴ
509 1517 596 1552 μάτην
612 1518 659 1543 ἐπὶ
675 1519 708 1553 τῇ
727 1518 795 1554 πρὸς
810 1517 876 1545 Θεὸν
890 1539 911 1565 C

91 1562 278 1597 σεμνυνόμεθα
293 1562 440 1588 οἰκειώσει.
456 1562 566 1594 Τούτοις
581 1563 678 1597 ἐπάγει
690 1572 696 1578 ·
717 1573 726 1589 ι
746 1564 799 1589 Καὶ
811 1563 874 1598 ἐζή-

91 1607 158 1634 λωσε
177 1607 279 1643 Κύριος
298 1608 347 1642 τὴν
367 1608 419 1642 γῆν
436 1608 530 1639 αὑτοῦ,
546 1610 592 1634 καὶ
605 1609 733 1642 ἐφείσατο
749 1609 795 1636 τοῦ
810 1609 875 1636 λαοῦ

92 1653 184 1680 αὐτοῦ.
201 1662 211 1678 ι
231 1655 270 1689 (p.
286 1654 349 1689 l2!)
360 1653 416 1688 Οὐχ
430 1653 467 1685 ὡς
480 1653 529 1688 ήδη
545 1654 656 1688 γεγονὸς
671 1655 790 1690 μηνύων,
809 1656 877 1682 ἀλλὰ

91 1699 122 1725 το
134 1699 263 1734 ἐσόμενον
275 1698 374 1732 λέγων.
387 1698 506 1734 Ζηλώσει
524 1699 579 1735 γὰρ
592 1700 639 1726 καὶ
653 1701 774 1734 φείσεται
788 1701 875 1736 ὑμῶν,

928 250 1038 280 gregale
1047 246 1176 281 parvulos
1186 246 1269 273 ubera
1279 250 1407 281 sugentcs
1416 254 1423 272 ι
1433 246 1589 282 egrediatur
1598 254 1718 281 sponsus

928 292 961 319 de
973 293 1056 320 cubili
1072 300 1132 323 suo.
1142 296 1169 319 et
1183 300 1283 327 sponsa
1301 292 1335 319 de
1350 293 1470 319 thalamo
1485 300 1562 320 suo.»
1582 292 1717 325 Quoniam

927 337 1000 365 Deus
1016 342 1070 364 tam
1087 338 1223 365 clemente
1239 337 1377 365 sententia
1392 341 1444 369 est,
1464 337 1516 365 hoc
1527 338 1606 366 nohis
1617 338 1719 365 facien-

927 383 992 410 dum
1014 387 1140 418 superest
1164 392 1171 410 :
1189 383 1316 409 tubarum
1343 382 1472 409 nimirum
1493 383 1579 417 signis
1600 387 1717 411 cunctos

927 429 960 455 ad
977 428 1087 455 Sionetn
1104 433 1221 455 montem
1238 435 1410 455 convocare:
1431 427 1577 455 decernere
1595 436 1626 455 ac
1647 437 1717 463 pra:-

929 474 1022 501 dieare
1032 474 1167 508 jejunium
1185 474 1212 501 in
1230 474 1360 501 honorem
1373 473 1434 500 Dei:
1453 473 1612 501 universum
1628 482 1716 510 popu-

929 520 984 546 lum
997 527 1173 554 congregare,
1191 519 1257 546 utin
1274 518 1395 546 Ecclesia
1410 518 1522 544 adunati
1537 519 1570 545 ad
1585 520 1718 553 paeniten-

929 566 993 592 tiam
1011 566 1110 592 mentis
1126 573 1155 592 se
1170 569 1347 600 comparent:
1363 564 1536 591 adstantibus
1548 568 1627 591 :etate
1638 573 1717 599 gran-

927 609 1066 642 dioribus,
1080 610 1253 637 adstantibus
1265 610 1327 636 item
1342 610 1473 644 parvulis,
1487 617 1575 643 usque
1587 609 1618 635 ad
1633 609 1716 636 ubera

928 660 1058 691 sugentes
1071 665 1078 683 :
1100 664 1150 683 nec
1165 664 1219 682 non
1235 656 1314 682 novis
1331 656 1422 689 nuptis
1436 663 1450 682 a
1463 655 1601 689 eonjugali
1616 655 1716 689 gaudio

928 701 961 728 ad
980 702 1147 736 paenitentia:
1161 701 1281 728 studium
1294 701 1453 728 conversis:
1469 707 1523 727 uno
1536 700 1629 731 \‘erbo,
1643 700 1717 727 omni

928 747 1016 774 artatis
1036 747 1123 781 gradu
1139 750 1166 774 et
1188 745 1310 780 cujusvis
1328 746 1380 772 loci
1397 746 1486 772 incola
1523 746 1668 773 accedente
1684 745 1717 772 ad

929 792 1131 826 paenitentiam,
1160 791 1263 824 reliquo
1290 791 1363 818 onnti
1387 791 1572 825 praetermisso
1598 791 1715 824 negotio.

933 839 1027 865 (Inter
1045 838 1209 865 vestibulum
1232 840 1259 864 et
1283 838 1368 863 altare
1394 837 1539 871 plorabunt
1560 836 1717 864 sacerdotes

929 883 1052 910 ministri
1067 883 1185 915 Domini,
1201 887 1228 909 ct
1238 882 1346 910 dicunt:
1369 881 1463 914 Parce,
1479 882 1601 914 Domine,
1616 883 1717 917 populo

928 931 1024 957 tuo.et
1049 936 1084 955 ne
1107 927 1155 955 des
1172 928 1358 955 haereditatem
1382 930 1456 953 tuam
1474 927 1502 953 in
1526 927 1716 961 opprobrium,

927 980 961 1001 ne
973 973 1148 1000 dominentur
1164 973 1205 1001 eis
1221 973 1364 1005 nationes;
1391 980 1425 999 ne
1440 972 1512 999 inter
1527 977 1623 1007 gentes
1640 972 1716 998 dica-

927 1022 989 1046 tur:
1009 1018 1125 1046 Ubinam
1142 1023 1184 1046 est
1197 1019 1269 1046 Deus
1285 1018 1419 1046 eorum?»
1437 1017 1534 1045 Cuncti
1551 1023 1612 1044 ante
1631 1019 1717 1045 altare

927 1065 1121 1095 consistentes,
1147 1066 1193 1099 qui
1212 1064 1356 1092 sacerdotii
1371 1064 1522 1098 funguntur
1546 1071 1669 1096 munere,
1688 1068 1716 1090 et

927 1109 1025 1138 divina:
1040 1110 1161 1144 litui-giae
1186 1114 1250 1137 sunt
1265 1110 1377 1143 addicti,
1392 1117 1452 1137 cutn
1473 1109 1534 1136 'lettt
1551 1110 1686 1144 postulent
1701 1118 1717 1136 ει

927 1155 983 1183 Deo
1009 1155 1241 1190 propitiationem,
1270 1160 1300 1183 ut
1318 1160 1383 1182 tunc
1401 1159 1497 1190 pareat
1521 1155 1622 1189 populo
1648 1162 1710 1185 suo,

927 1207 1016 1234 neque
1039 1207 1100 1226 eum
1123 1200 1252 1234 potestati
1278 1201 1419 1227 nationum
1442 1200 1543 1230 tradat.
1570 1207 1657 1234 neque
1674 1201 1716 1227 Itis

927 1245 1097 1272 irridendum
1113 1245 1262 1280 permittat,
1286 1245 1365 1280 quasi
1381 1245 1499 1272 inaniter
1516 1245 1563 1272 Dei
1578 1245 1717 1272 familiari-

927 1295 983 1318 late
996 1291 1154 1326 gloriemur.
1169 1291 1225 1325 80
1240 1290 1287 1318 llis
1311 1291 1385 1317 addit
1398 1299 1406 1318 :
1418 1300 1427 1316 ι
1437 1291 1470 1316 Et
1482 1290 1586 1318 zelatus
1604 1294 1646 1317 est
1660 1289 1715 1316 Do.

927 1337 1018 1364 minus
1029 1342 1128 1364 terram
1141 1344 1228 1368 suam,
1242 1340 1269 1363 et
1286 1337 1405 1371 pepercit
1417 1336 1518 1371 populo
1535 1343 1595 1363 suo.
1610 1346 1619 1362 ι
1636 1335 1716 1363 llaud

926 1385 978 1412 hoc
998 1389 1127 1419 tanquam
1148 1383 1249 1411 factum
1270 1383 1395 1415 afllrmat,
1422 1383 1468 1410 sed
1491 1385 1613 1410 futurum
1637 1383 1715 1410 dicit.

927 1430 1068 1457 Zelabitur
1079 1430 1162 1460 enim,
1182 1429 1280 1464 inquit,
1292 1433 1318 1456 et
1332 1433 1426 1464 parcet
1440 1429 1528 1460 vobis,
1544 1429 1566 1456 si
1583 1430 1718 1463 paeniten-

927 1480 970 1504 tes
985 1476 1096 1507 viderit,
1111 1481 1137 1503 et
1156 1483 1239 1510 supra
1262 1476 1334 1503 dicta
1355 1475 1492 1508 feceritis;
1512 1479 1554 1502 est
1567 1482 1632 1502 vero
1648 1478 1718 1501 tem-

928 1522 1003 1558 poris
1029 1522 1160 1557 enallage,
1189 1529 1251 1548 cum
1279 1521 1417 1548 idiotismo
1449 1521 1583 1548 llebrairo
1607 1519 1715 1548 dicente

929 1568 1071 1603 propheta:
1084 1567 1220 1602 Pepercit.
1237 1574 1296 1602 pro,
1307 1567 1399 1593 Parcet
1413 1575 1420 1599 ;
1438 1567 1463 1594 id
1475 1565 1548 1601 quod
1565 1566 1718 1593 imitatione

929 1613 1101 1641 Psalmorum
1126 1612 1194 1644 fieri,
1222 1613 1287 1639 alibi
1303 1612 1484 1639 ostendimus.
1513 1611 1627 1639 Constat
1642 1611 1716 1638 enim

930 1666 984 1684 non
1000 1658 1033 1684 de
1047 1665 1076 1684 re
1103 1662 1163 1684 acta
1185 1656 1252 1687 dici.
1281 1655 1501 1691 quandoquidem
1525 1662 1622 1689 reapse
1646 1654 1718 1680 mala

929 1703 1006 1736 juxta
1021 1702 1226 1737 prtedictionem
1246 1702 1313 1737 ipsis
1326 1705 1554 1736 supervenerunt.

94 1746 185 1781 φησὶν,
201 1748 224 1772 εἰ
239 1746 473 1782 μεταμελομένους
487 1755 518 1772 τε
533 1747 592 1779 ἴδοι,
605 1747 652 1774 καὶ
664 1748 697 1775 τὰ
711 1749 878 1784 προκείμενα
896 1750 1039 1781 ποιοῦντας
1049 1759 1056 1766 ο
1075 1749 1237 1785 ὲνήλλακται
1255 1746 1284 1775 δὲ
1303 1749 1317 1775 ὁ
1341 1749 1434 1784 χρόνος
1451 1747 1520 1774 κατὰ
1530 1747 1560 1773 τὸ
1577 1747 1720 1783 Ἐϐραῖκὺν

95 1793 202 1828 ιδίωμα,
214 1794 274 1820 ἀντὶ
287 1793 334 1819 τοῦ
351 1793 476 1820 Φείσεται
496 1794 527 1820 τὸ
548 1795 688 1829 Ἑφείσατο
704 1796 842 1827 εἰπόντος·
857 1797 926 1832 ὅπερ
941 1795 986 1824 οὖν
1002 1797 1048 1824 καὶ
1061 1797 1114 1824 ἀπὸ
1129 1797 1183 1823 τῶν
1195 1796 1317 1831 Ψαλμῶν
1330 1797 1358 1822 ὲν
1372 1795 1476 1830 ἑτέροις
1489 1795 1641 1830 ἐδείξαμεν·
1654 1795 1720 1830 πρό.

93 1837 171 1873 δηλον
184 1839 238 1874 γὰρ
252 1839 292 1865 ὅτι
307 1839 337 1865 οὐ
351 1839 480 1873 γεγονὰτα
497 1839 580 1874 λέγει,
594 1841 623 1873 ἐξ
636 1837 673 1866 ὧν
691 1841 760 1876 μετὰ
775 1841 825 1876 τὴν
840 1842 955 1877 μήνυσιν
968 1843 1068 1878 ταύτην
1081 1843 1171 1874 αὺτοῖς
1187 1841 1334 1876 ἐπελήλυθε
1345 1840 1378 1867 τὰ
1391 1840 1473 1867 κακά.

128 1883 200 1918 Στίχ.
214 1883 335 1910 ιθ¹-κ¹.-
351 1894 359 1909 r
371 1884 425 1910 Καὶ
436 1884 570 1920 ἀπεκρίθη
581 1885 682 1921 Κύριος
696 1886 742 1912 καὶ
754 1884 830 1913 εἶπεν
842 1886 880 1921 τῷ

95 1929 150 1964 λαῷ
163 1928 246 1955 αὑτοῦ
258 1937 265 1944 ·
288 1929 353 1955 Ἰδοὺ
374 1929 430 1963 ἐγὼ
449 1929 635 1962 ἐξαποστέλλω
657 1931 720 1966 ὑμῖν
742 1931 788 1958 τὸν
807 1933 880 1958 σῖτον

96 1974 141 2001 καὶ
154 1974 199 2000 τὸν
213 1971 284 2000 οἶνον
298 1974 344 2000 καὶ
360 1975 390 2001 τὺ
405 1975 493 2001 ἔλαιον
503 1983 510 1989 ·
528 1976 575 2002 καὶ
588 1976 599 2002 ὲ
604 1976 812 2011 μπλησθήσεσθε
831 1977 880 2004 αὑ-

96 2019 158 2051 τῶν,
176 2019 225 2046 καὶ
237 2020 268 2046 οὐ
283 2019 362 2045 δώσω
376 2020 448 2055 ὑμᾶς
460 2021 551 2047 οὐκέτι
566 2022 605 2052 εἰς
617 2021 767 2056 ὀνειδισμὸν
781 2023 810 2049 ὲν
823 2024 880 2055 τοῖς

98 2065 197 2092 ἔθνεσι·
219 2066 266 2092 καὶ
285 2064 330 2091 τὸν
339 2065 393 2092 ἀπὸ
410 2065 495 2102 βορρᾶ
516 2066 634 2098 ὲκδιώξω
650 2067 696 2101 ἀφ’
713 2067 789 2102 ὑμῶν
800 2075 806 2082 ·
833 2068 879 2094 καὶ

97 2111 215 2144 ἐκδιώξω
228 2111 310 2138 αὐτὸν
324 2112 365 2143 εἰς
377 2112 429 2146 γῆν
443 2111 566 2147 ἄνυδρονο
578 2112 624 2138 καὶ
638 2111 745 2146 ἀφανιῶ
756 2112 786 2138 τὸ
797 2112 879 2148 πρόσ-

98 2165 169 2183 ωπον
192 2156 276 2183 αὑτοῦ
295 2157 335 2187 είς
353 2157 403 2192 τὴν
418 2156 555 2183 θάλασσαν
567 2157 616 2191 τὴν
635 2156 761 2191 πρώτην·
776 2157 823 2183 καὶ
845 2157 881 2184 τὰ

97 2202 183 2228 ὀπίσω
202 2201 285 2228 αὐτοῦ
309 2202 349 2232 εις
371 2201 420 2237 τὴν
442 2201 578 2228 θάλασσαν
601 2202 651 2236 τὴν
678 2202 813 2238 ἐσχάτην·
833 2203 880 2229 καὶ

967 1887 1052 1915 Vens.
1065 1887 1158 1914 iit-20.
1170 1902 1205 1906 —
1223 1895 1232 1912 ι
1245 1886 1277 1913 Et
1295 1885 1434 1921 respondit
1444 1885 1583 1917 Dominus,
1596 1884 1720 1919 dixitque

932 1933 1033 1968 popqu
1055 1940 1120 1960 suo:
1149 1931 1219 1958 Ecce
1240 1938 1290 1966 ego
1311 1931 1389 1958 mitto
1402 1930 1480 1958 vobis
1504 1929 1670 1956 frumentum
1692 1934 1719 1956 et

931 1979 1023 2006 vinum
1038 1982 1066 2005 et
1079 1979 1181 2009 oleum,
1203 1981 1231 2004 et
1251 1976 1422 2011 rrplehimini
1439 1976 1497 2003 eis:
1524 1979 1552 2002 et
1571 1983 1625 2002 non
1648 1974 1719 2002 dabo

930 2033 980 2053 vos
999 2025 1072 2051 ultra
1089 2023 1121 2050 ad
1145 2022 1322 2057 opprobrium
1337 2022 1364 2048 in
1384 2020 1519 2055 gentibus.
1536 2019 1569 2047 Et
1590 2027 1652 2047 eum
1669 2021 1720 2054 qui

933 2071 967 2098 ab
981 2070 1107 2104 aquilone
1119 2073 1172 2100 est,
1193 2067 1287 2103 procul
1303 2066 1399 2093 faciam
1411 2073 1426 2092 a
1438 2065 1526 2097 vobis,
1544 2069 1571 2093 et
1584 2065 1718 2100 expellam

933 2125 994 2143 eum
1011 2117 1037 2143 in
1049 2120 1149 2142 terram
1159 2114 1238 2148 aquis
1249 2116 1398 2139 carentem.
1410 2111 1442 2138 Et
1454 2110 1609 2145 disperdam
1620 2110 1718 2138 faciem

933 2162 993 2197 ejus
1007 2161 1035 2188 in
1057 2168 1132 2187 mare
1150 2159 1278 2194 primum,
1305 2161 1332 2184 et
1346 2156 1498 2192 posteriora
1509 2156 1575 2191 ‘ejus
1601 2155 1629 2182 in
1643 2162 1719 2183 mare

933 2207 1124 2234 novissimum.
1140 2205 1174 2232 Et
1190 2203 1320 2232 ascendet
1333 2201 1449 2237 putredo
1462 2202 1533 2236 ejus,
1549 2205 1576 2229 et
1589 2201 1719 2228 ascendet

99 2247 260 2283 ἀναὸήσεται
270 2248 287 2282 ἡ
298 2247 402 2282 σαπρία
411 2247 504 2277 αὑτοῦ,
517 2247 564 2273 καὶ
575 2247 741 2282 ἀναϐήσεται
753 2248 767 2273 ὁ
781 2247 878 2282 βρόμος

933 2253 1002 2280 fetor
1016 2252 1086 2286 ejus.
1097 2261 1107 2277 ι
1128 2250 1217 2277 Verba
1242 2258 1251 2274 ι
1261 2248 1402 2284 respondit
1426 2247 1557 2274 Dominus
1571 2250 1598 2273 et
1613 2245 1691 2278 dixit,
1704 2254 1714 2271 ι

102 2293 192 2320 αὑτοῦ.
214 2302 223 2318 ι
242 2292 279 2318 Τὸ
295 2301 304 2317 ι
326 2292 462 2327 ἀπεκρίθη
487 2291 588 2327 Κύριος
606 2291 654 2318 καὶ
675 2289 762 2324 εἶπεν,
787 2302 797 2318 ›
821 2293 882 2319 ἀντὶ

100 2337 155 2370 τοῦ,
168 2337 395 2373 Ἀποκριθήσεται
406 2337 526 2372 καὶέρεῖ,
535 2336 732 2371 ὲνηλλαγμένου
744 2337 882 2364 κάνταῦθα

101 2384 144 2411 τοῦ
160 2384 269 2419 χρόνου·
285 2382 407 2417 βούλεται
422 2382 476 2418 γὰρ
489 2382 575 2408 εἰπεῖν
588 2382 629 2408 ὅτι
642 2383 697 2417 Τήν
709 2390 738 2408 τε
750 2382 804 2408 τῶν
817 2390 882 2416 καρ-

103 2429 157 2456 πῶν
179 2428 309 2463 ἀφθονίαν
334 2427 397 2461 ὑμῖν
423 2426 648 2462 μεταμεληθεῖσιν
663 2426 797 2453 ἀποδώσει
814 2425 883 2452 πάν-

102 2484 161 2507 τως,
175 2475 239 2505 τοὺς
251 2473 398 2508 πολεμίους
415 2480 445 2498 τε
460 2471 630 2507 τροπώσεται
646 2472 707 2503 τοὺς
722 2471 881 2506 ὑμετέρους,

103 2521 166 2556 ὅπερ
180 2519 227 2546 οὖν
243 2520 290 2546 καὶ
306 2518 440 2552 πεποίηκε
461 2518 529 2552 μετὰ
546 2517 595 2553 τὴν
617 2518 744 2544 ἐπάνοδον
764 2518 778 2544 ό
798 2517 882 2548 Θεός⁹

104 2567 214 2602 (p.122)
233 2565 305 2592 καθὰ
320 2564 370 2590 καὶ
385 2565 400 2590 ὁ
418 2563 551 2598 μακάριος
579 2563 660 2589 ama
683 2563 732 2598 τὴν
755 2563 884 2590 ἐπάνοδον

104 2612 144 2639 τοῦ
157 2611 221 2639 λαοῦ
234 2609 388 2646 προλέγων,
402 2608 509 2643 πρῶτον
525 2608 575 2643 μὲν
590 2606 664 2634 εἶπεν
673 2617 681 2624 ·
699 2618 708 2634 ‹
723 2608 768 2634 Σοὶ
783 2608 884 2643 πρέπει

104 2659 188 2694 ὕμνος,
197 2658 212 2684 ὁ
224 2657 302 2687 Θεὺς,
313 2656 343 2681 ὲν
361 2654 441 2685 Σιὼν,
455 2653 503 2680 καὶ
514 2653 555 2679 σοὶ
566 2652 761 2688 ἀποδοθήσεται
775 2652 841 2688 εὐχὴ
857 2652 887 2678 ὲν

107 2703 287 2740 Ἰερουσαλήμ·
304 2711 313 2726 ι
328 2715 364 2720 —
376 2710 385 2725 ι
402 2699 456 2726 Καὶ
467 2699 544 2733 ἅγιος
553 2699 568 2725 ὁ
580 2698 643 2729 ναός
655 2706 713 2730 σου,
731 2698 886 2733 θαυμαστὸς

102 2752 126 2777 ἐν
135 2749 289 2784 δικαιοσύνῃ
302 2755 352 2773 σου
363 2753 370 2760 ·
386 2755 396 2772 ι
408 2745 513 2777 δεικνὺς
525 2745 566 2772 ὅτι
574 2753 603 2772 τε
614 2744 836 2773 ὲπανελεύσονται
845 2745 886 2778 εἰς

131 2828 152 2843 ⁸⁸
170 2826 244 2855 Psal.
263 2831 342 2857 utv,
364 2822 381 2849 ἓ
397 2830 455 2858 sqq.

935 2301 1075 2332 ponuntur
1087 2303 1148 2331 pro,
1159 2293 1344 2329 Respondebit
1359 2295 1386 2319 et
1407 2291 1488 2322 dicet,
1506 2293 1660 2325 permutato
1674 2289 1719 2316 hic

935 2349 1043 2378 quoque
1059 2345 1189 2376 tempore.
1204 2339 1297 2366 Dicere
1310 2338 1410 2373 quippe
1427 2336 1494 2368 vult,
1513 2335 1572 2363 fore
1589 2339 1615 2362 ut
1632 2335 1720 2370 poeni-

935 2387 1055 2414 tenlibus
1065 2385 1144 2413 vobis
1156 2382 1350 2411 abundantiam
1365 2381 1472 2415 frugum
1486 2380 1546 2407 sine
1558 2379 1641 2407 dubio
1656 2386 1720 2406 con-

935 2431 1025 2462 cedat,
1049 2433 1210 2461 vestrosque
1230 2427 1324 2454 hostes
1343 2426 1371 2453 in
1383 2425 1473 2460 fugam
1484 2424 1631 2458 conjiciat;
1647 2422 1719 2457 quod

936 2482 1030 2502 revera
1049 2478 1111 2509 post
1133 2473 1249 2500 reditum
1277 2471 1347 2498 Deus
1374 2470 1510 2505 praestitit.
1540 2468 1617 2495 Sicut
1637 2468 1720 2495 etiam

936 2521 1032 2548 beatus
1064 2519 1158 2550 David,
1186 2517 1277 2553 populi
1301 2515 1417 2543 reditum
1443 2513 1605 2549 praedicens,
1631 2513 1720 2548 primo

937 2565 1046 2601 quidem
1066 2565 1120 2591 ait:
1139 2562 1196 2590 «Te
1214 2563 1293 2590 decet
1312 2561 1439 2596 hymnus,
1455 2559 1538 2590 Deus,
1557 2558 1585 2585 in
1602 2558 1679 2590 Sion,
1693 2561 1720 2585 et

937 2611 987 2639 tibi
1004 2610 1134 2638 reddetur
1149 2612 1240 2636 votum
1251 2607 1278 2634 in
1294 2604 1507 2638 Hierusalem“;
1521 2614 1529 2630 I
1547 2611 1603 2628 -‹
1618 2603 1721 2632 Etsan-

936 2660 1010 2682 ctum
1032 2654 1162 2689 templum
1181 2656 1269 2684 tuum,
1291 2650 1413 2678 mirabile
1432 2649 1460 2676 in
1481 2649 1611 2684 aequitate
1629 2652 1717 2680 tuan
1743 2666 1746 2669 λ

935 2701 1127 2730 demonstrans
1142 2698 1278 2726 redituros
1299 2696 1326 2723 in
1347 2694 1469 2730 propria,
1485 2694 1651 2728 solitumque
1665 2691 1722 2720 Deo

937 2746 1040 2775 cultum
1059 2745 1086 2773 in
1096 2743 1195 2779 templo
1212 2749 1310 2770 rursus
1326 2739 1492 2768 reddituros.
1516 2738 1549 2766 Et
1573 2742 1634 2774 post
1649 2737 1718 2771 haec,
