1973 3066
251 143 306 170 9‘27

828 139 1006 167 THEODORI
1024 136 1265 166 MOPSUESTENI

1832 126 1894 154 2‘28

252 199 341 226 addit:
361 197 504 225 iVisitasli
525 201 638 228 terram.
659 199 687 223 et
706 194 848 224 iuebriasti
871 203 942 228 eam,
968 196 1039 223 mul-

1094 195 1123 221 ιὰ
1139 195 1236 224 οἰκεῖα.
1255 193 1301 220 καὶ
1316 193 1356 220 ὅτι
1372 193 1421 228 τὴν
1437 192 1540 228 συνήθη
1556 192 1703 228 θεραπείαν
1718 192 1747 218 ὲν
1766 191 1806 227 τῷ
1826 191 1893 225 ναῷ

253 243 382 278 tiplicasti
399 242 567 277 locupletare
581 250 657 272 eam.
671 251 679 267 ι
702 247 727 269 el
743 242 866 276 reliqua;
891 241 1040 269 ubertatem

252 289 346 315 dicens
365 295 426 322 qua:
442 291 507 314 tunc
530 288 584 315 illis
611 287 747 315 Obveniet.
766 286 867 314 Eodem
891 287 972 313 modo
996 286 1041 313 hic

252 334 344 364 etiam,
360 337 504 368 postquam
524 340 641 360 annona:
656 333 763 367 copiam
775 332 904 360 daturum
919 339 949 359 se
960 331 1039 363 dixit.

254 379 310 405 ait:
352 377 411 405 Non
435 378 523 406 sinam
547 386 597 406 vos
616 379 744 414 gentibus
779 378 882 406 diutius
917 378 1040 407 subesse.

251 423 320 450 Nam
341 423 436 456 verba,
459 425 536 454 (Non
556 424 627 451 dabo
642 432 690 452 vos
704 424 859 451 nationibus
880 423 994 450 ulterius
1007 422 1041 449 ad

252 469 446 504 opprobrium,
461 478 470 494 ι
491 469 543 496 hoc
559 469 724 504 significant.
741 469 794 504 ει
814 469 870 496 lmo
882 469 963 495 etiam
984 475 1041 503 pa:-

252 521 302 540 nas
311 513 345 540 de
353 514 561 548 aggressoribus
570 514 668 541 vestris
681 506 797 544 Sumam,
810 520 912 547 eosque
921 512 1041 540 vastitati

253 566 434 594 supremoque
447 559 531 586 exitio
546 559 664 586 tradam.
688 558 754 585 Nam
772 558 861 593 primo
887 566 935 593 per
959 557 1043 593 Baby-

252 604 340 632 lonios
349 605 460 640 puniam
469 605 615 640 Assyrios:
626 609 718 640 postea
727 604 889 640 Babylonios
897 603 1041 632 Persarum

253 656 335 675 manu
355 657 468 684 prorsus
483 649 655 684 exstinguam
669 659 674 676 :
694 653 855 684 tantumque
872 649 980 676 illorum
995 656 1042 676 ex-

252 693 354 720 cidium
381 694 490 728 faciam,
519 698 549 721 ut
578 694 630 721 ritu
649 693 822 721 morientium
850 698 878 721 et
903 693 1042 721 occisione

252 740 417 772 occisorum,
440 740 533 767 sanies
552 747 647 767 eorum
662 747 694 767 ac
708 739 778 767 fetor
794 739 930 767 neminem
948 740 1040 766 lateat:

253 791 314 811 nam
337 784 452 818 putredo
473 788 500 812 et
515 784 585 811 fetor
601 784 654 811 hoc
679 784 785 816 dicunt,
807 789 936 820 tanquam
957 791 1043 818 nuper

254 833 427 856 mortuorum
454 833 482 857 et
504 829 668 857 cadaverum
697 830 892 865 proiectorum.
921 829 989 856 Tum
1015 832 1043 856 et

1094 240 1174 267 πάλιν
1190 240 1358 266 ἀποδώσουσι
1379 239 1418 274 τῷ
1434 238 1509 273 Θεῷ·
1528 239 1595 274 μετὰ
1616 238 1645 265 δὲ
1660 238 1740 264 τοῦτο
1761 237 1867 271 ἐπάγει
1883 244 1890 250 ·

1096 294 1106 312 ι
1131 285 1289 319 Ἐπεσκέψω
1303 285 1352 319 τὴν
1365 285 1426 318 γῆν,
1439 284 1486 310 καὶ
1501 283 1637 319 ὲμέθυσας
1650 283 1745 318 αὐτὴν,
1762 282 1893 317 ἐπλήθυ-

1094 339 1141 362 νας
1154 330 1200 357 τοῦ
1214 330 1362 364 πλουτῆσαι
1376 329 1461 364 αὐτὴν
1471 349 1479 360 ,
1499 338 1508 354 ι
1529 329 1577 356 καὶ
1588 328 1623 354 τὰ
1640 327 1702 362 ἑξῆς
1713 337 1721 344 ο
1735 328 1784 363 τὴν
1797 328 1891 362 ἀφθο-

1094 376 1154 402 νίαν
1170 375 1256 409 λέγων
1266 375 1315 410 τὴν
1328 376 1389 402 τότε
1402 374 1605 410 προσεσομένην
1618 375 1708 406 αὐτοῖς
1718 382 1724 388 ·
1739 374 1785 401 τὸν
1799 373 1889 401 αὑτὸν

1094 422 1126 457 δὴ
1144 421 1244 456 τρόπον
1263 421 1400 448 κάνταῦθα
1416 419 1501 447 εἰπὼν
1519 420 1566 455 τῆς
1581 419 1708 453 εὐθηνίας
1720 419 1769 454 τὴν
1781 419 1888 446 ἀπόδο-

1096 475 1148 498 σιν,
1165 466 1238 500 λέγει
1251 467 1291 493 ὃτι
1312 466 1369 493 Οὐκ
1383 466 1455 493 ὲάσω
1471 465 1545 500 ὑμᾶς
1560 464 1612 491 ὑπὸ
1625 465 1680 495 τοῖς
1694 464 1798 490 ἔθνεσιν
1813 462 1888 490 εἶναι

1094 513 1185 539 οὐκέτι
1198 520 1204 525 ”
1218 512 1248 538 τὸ
1264 512 1318 547 γὰρ
1339 521 1348 538 ι
1370 511 1408 538 Οὺ
1418 511 1496 538 δώσω
1510 511 1582 546 ὑμᾶς
1598 510 1626 536 ὲν
1641 511 1697 541 τοῖς
1711 509 1816 536 ἔθνεσιν
1835 509 1888 536 οὐ-

1095 559 1154 584 κέτι
1167 559 1206 589 είς
1218 557 1380 592 ὀνειδισμὸν,
1397 565 1405 582 ι
1420 556 1499 583 τοῦτο
1520 555 1603 590 λέγει.
1624 555 1703 581 Ἀλλὰ
1715 554 1768 590 γὰρ
1782 554 1831 581 καὶ
1845 553 1888 581 δί-

1095 612 1146 635 κας
1166 603 1298 639 λήψομαι,
1318 602 1395 638 φησὶ,
1419 602 1496 637 παρὰ
1516 602 1570 628 τῶν
1585 600 1787 636 ἐπεληλυθότων
1806 600 1885 636 ὑμῖν,

1095 648 1199 683 ἐρημίᾳ
1215 656 1245 674 τε
1267 648 1365 679 αὐτοὺς
1389 647 1436 674 καὶ
1459 647 1606 682 ἀφανισμῷ
1626 646 1752 673 παντελεῖ
1767 646 1887 681 παραδι-

1095 693 1156 725 δούς
1167 702 1174 708 ·
1190 693 1298 729 πρῶτον
1315 693 1363 728 μὲν
1376 693 1430 729 γὰρ
1443 693 1486 719 διὰ
1500 693 1677 720 Βαθυλωνίων
1690 692 1886 728 τιμωρήσομαι

1102 739 1270 775 Ἀσσυρίους·
1288 740 1347 774 μετ’
1361 739 1449 765 έκεῖνο
1462 739 1490 765 δὲ
1509 738 1695 769 Βαϐυλωνίους
1710 738 1753 764 διὰ
1770 737 1886 773 Περσῶν

1096 785 1235 816 παντελῶς
1259 785 1401 812 ἀπολέσω·
1419 785 1553 820 τοσαύτην
1574 784 1602 810 δὲ
1626 783 1715 810 αὐτῶν
1731 784 1886 819 ἐργάσομαι

1095 833 1145 867 τὴν
1162 831 1308 862 ἀπώλειαν,
1327 831 1398 857 ὥστε
1420 831 1498 865 δίκην
1523 830 1577 857 τῶν
1604 829 1829 864 ἀποθνησκόντων
1853 837 1885 855 τε

253 875 375 905 verbum.
397 875 577 907 «ascendet,»
597 883 655 911 pro,
678 875 824 908 Audietur,
849 875 925 903 dicit.
941 875 1042 902 llorum

1096 877 1142 904 καὶ
1155 877 1293 908 παντελῶς
1306 876 1509 911 νεκρουμένων,
1526 877 1576 911 τήν
1591 884 1619 902 τε
1635 875 1714 910 σῆψιν
1731 874 1820 901 αὐτῶν
1838 874 1885 901 καὶ

253 927 316 947 vero
327 920 448 947 omnium
460 928 588 956 quamam
599 928 681 949 causa
690 922 751 949 est?
769 930 778 947 ι
790 921 859 954 Quia
871 922 1044 956 magnificata

253 969 314 992 sunt
341 973 422 1000 opera
448 969 528 993 tua.»
554 965 759 994 Demonstrabit
783 968 885 1002 quippe
910 966 1044 995 Dominus

253 1017 365 1044 operum
382 1018 495 1038 suorum
515 1011 730 1046 magnitudinem
752 1011 873 1039 hostium
889 1012 1042 1047 punitione.

253 1054 354 1082 Dehinc
366 1060 550 1084 consentanee
561 1056 600 1083 ait
611 1066 617 1083 :

1092 921 1141 957 τὴν
1155 922 1286 948 δυσωδίαν
1299 921 1402 957 μηδένα
1413 921 1547 947 διαλαθεῖν
1557 929 1563 935 ·
1577 921 1625 955 τὴν
1638 921 1692 956 γὰρ
1706 920 1825 956 σαπρίαν
1836 920 1884 947 καὶ

1091 966 1137 992 τὸν
1154 965 1268 1001 βρόμον,
1282 965 1361 993 τοῦτο
1381 966 1466 1000 λέγει,
1481 966 1518 998 ὡς
1537 965 1754 1001 ὲπιτεθνηκότων
1770 966 1820 1001 ήδη
1835 966 1885 992 καὶ

1092 1011 1197 1047 νεκρῶν
1214 1011 1365 1046 κειμένων·
1386 1011 1415 1038 τὸ
1431 1011 1458 1037 δὲ
1486 1020 1493 1036 ι
1512 1011 1689 1046 ἀναϐήσεται,
1710 1020 1719 1036 ι
1736 1011 1776 1037 ὅτι
1796 1011 1884 1037 Πᾶσιν

1094 1057 1256 1089 ἐξάκουστος
1275 1057 1361 1089 ἔσται,
1386 1057 1468 1091 φησί·
1494 1057 1596 1083 τούτων
1616 1057 1644 1084 δὲ
1664 1057 1772 1084 πάντων
1797 1057 1884 1084 αῐτιον

256 1103 293 1135 ri;
312 1113 320 1128 ι
334 1104 394 1130 Ὅτι
408 1104 576 1140 ὲμεγαλύνθη
600 1104 635 1131 τὰ
656 1104 725 1140 ἔργα
747 1104 839 1132 αὐτοῦ.
856 1114 865 1131 ι
895 1106 940 1140 (p.
964 1105 1036 1138 ηδ)
1058 1104 1144 1138 Δείεει
1162 1105 1216 1141 γὰρ
1233 1105 1287 1132 τῶν
1303 1104 1410 1131 οἰκείων
1427 1105 1513 1140 ἔργων
1526 1105 1556 1131 τὸ
1577 1104 1688 1140 μέγεθος
1701 1105 1714 1131 6
1728 1105 1794 1137 Θεὸς
1805 1105 1834 1132 ἂν
1847 1105 1882 1141 τῇ

256 1149 315 1184 περὶ
331 1149 430 1180 αὐτοὺς
442 1150 573 1185 τιμωρίᾳ.
594 1147 660 1176 Εἶτα
674 1149 828 1182 ἀκολούθως
839 1150 953 1184 ἐπάγει·

289 1193 368 1220 Vsus.
381 1194 474 1221 21-27.
484 1209 519 1214 --
534 1204 543 1220 ι
556 1194 678 1228 Confide,
690 1200 764 1223 terra
776 1205 784 1230 ;
802 1196 890 1232 gaude
899 1200 926 1223 et
939 1196 1040 1228 laetare.

253 1239 383 1274 quoniam
408 1240 689 1275 magnilicavitDeus,
713 1244 743 1267 ut
767 1240 878 1268 faceret.
894 1240 1040 1273 Conlidite,

254 1286 376 1321 iumenta
399 1286 499 1320 campi,
526 1286 589 1320 quia
614 1287 801 1321 germinarunt
825 1291 901 1321 prata
921 1286 1040 1313 deserti:

253 1331 316 1365 quia
337 1331 438 1365 lignum
455 1329 540 1357 edidit
555 1329 675 1357 fructum
693 1338 783 1361 suum,
802 1330 866 1357 vitis
885 1334 912 1357 et
927 1329 1042 1357 ﬁculnea

254 1376 430 1409 protulerunt
456 1374 577 1409 vigorem
595 1382 688 1401 suum.
701 1384 709 1400 ι
730 1374 835 1401 Gaudio
852 1374 948 1410 gestiet
971 1379 1042 1401 terra

254 1420 289 1447 ob
302 1419 347 1446 Dei
367 1426 482 1454 operum
499 1419 726 1454 magnitudinem,
751 1424 863 1455 accepta
887 1420 922 1446 ab
935 1428 967 1446 eo
987 1419 1044 1446 fru-

254 1471 317 1500 gum
335 1464 518 1491 fecunditate:
536 1472 625 1499 neque
642 1465 733 1493 secius
748 1465 873 1500 junienta
896 1466 985 1500 campi
999 1473 1045 1493 co—

255 1509 360 1543 piosam
373 1510 469 1543 pascui
486 1509 613 1536 habentia
629 1509 803 1543 fruitionem;
822 1515 975 1546 praeterque
989 1511 1045 1538 haec

254 1555 357 1588 omnia,
379 1555 443 1590 ligni
468 1563 578 1590 quoque
601 1555 708 1583 fructus
729 1555 859 1590 copiosus
882 1556 1046 1591 praebebitur

1127 1193 1201 1228 Στίχ,
1225 1193 1336 1224 xci-xit
1359 1207 1394 1212 ——
1413 1201 1422 1217 ι
1448 1191 1568 1227 θάρσει,
1586 1191 1633 1226 γῆ,
1655 1192 1751 1227 χαίρου
1770 1191 1818 1218 καὶ
1838 1191 1883 1218 εὐ-

1091 1239 1209 1275 φραίνου
1223 1247 1230 1254 ·
1252 1239 1293 1264 ὅτι
1308 1238 1459 1274 ἐμεγάλυνε
1482 1237 1584 1273 Κύριος
1606 1237 1652 1264 τοῦ
1671 1237 1799 1272 ποιῆσαι·
1816 1237 1882 1272 θαρ-
1919 1230 1923 1233 ’

1092 1287 1174 1316 σεῑτε,
1201 1285 1287 1319 κτήνη
1312 1283 1359 1310 τοῦ
1377 1283 1467 1310 πεδίου
1478 1304 1485 1315 ,
1502 1284 1543 1309 ὃτι
1561 1282 1729 1317 βεϐλάστηκε
1744 1283 1779 1310 τὰ
1802 1282 1883 1310 πεδία

1091 1329 1140 1365 τῆς
1165 1330 1286 1364 ἐρήμου·
1310 1330 1351 1355 ὅτι
1368 1328 1445 1362 ξύλον
1473 1328 1571 1363 ἡνεγκε
1593 1328 1639 1354 τὸν
1656 1328 1761 1363 καρπὸν
1780 1327 1880 1354 αὑτοῦ·

1092 1374 1213 1409 ἄμπελος
1237 1375 1285 1399 καὶ
1301 1373 1370 1407 συκῆ
1392 1373 1495 1399 ἔδωκαν
1516 1373 1566 1407 τὴν
1588 1372 1664 1408 ἰσχὺν
1686 1372 1784 1399 αὐτῶν.
1804 1381 1814 1398 ι
1837 1372 1881 1399 Ἐν

1093 1420 1272 1454 εὐφροσύναις
1287 1420 1335 1454 μὲν
1351 1417 1397 1446 οὖν
1412 1419 1488 1445 ἔσται
1502 1419 1518 1454 ἠ
1537 1418 1573 1453 γῆ
1589 1418 1634 1444 ἐπὶ
1647 1418 1685 1452 τῷ
1703 1418 1813 1453 μεγέθει
1826 1418 1881 1445 τῶν

1093 1465 1169 1500 παρὰ
1182 1465 1229 1491 τοῦ
1243 1465 1310 1491 Θεοῦ
1326 1465 1504 1500 γιγνομένων,
1518 1464 1685 1499 ἁπειληφυῖα
1698 1463 1751 1490 τῶν
1769 1464 1881 1500 καρπῶν

1093 1511 1147 1538 τῶν
1158 1510 1266 1537 οἰκείων
1280 1509 1328 1545 τὴν
1346 1510 1447 1545 φοράν·
1463 1509 1539 1536 οὐδὲν
1557 1507 1637 1544 ἦττον
1656 1509 1703 1535 καὶ
1721 1509 1756 1535 τὰ
1772 1509 1818 1536 τοῦ
1836 1518 1881 1536 πε-

1094 1556 1150 1582 δίου
1164 1557 1250 1592 κτήνη
1263 1556 1360 1591 δαψιλῆ
1375 1556 1424 1590 τῆς
1440 1555 1525 1590 νομῆς
1539 1555 1635 1590 ἔχοντα
1652 1555 1699 1591 τὴν
1713 1555 1860 1582 ἀπόλαυσιν
1873 1564 1879 1570 ·

255 1600 441 1635 indigentibus
456 1607 499 1627 eo.
518 1609 527 1625 ‹
540 1599 571 1626 Ει
587 1600 634 1627 lilii
652 1600 756 1632 Sionis,
770 1601 887 1636 gaudete
904 1607 984 1637 atque
1000 1601 1042 1628 lae-

1096 1602 1143 1628 καλ⁸
1161 1602 1228 1638 πρὸς
1249 1601 1334 1628 ἅπασὶ
1351 1610 1382 1635 γε
1400 1602 1441 1628 ὅτι
1457 1601 1503 1627 καὶ
1522 1601 1536 1627 6
1557 1601 1589 1627 ὲκ
1609 1601 1662 1627 τῶν
1677 1600 1761 1633 ξύλων
1778 1601 1881 1636 καρπὸς

255 1647 349 1673 tamini
363 1647 389 1672 in
401 1646 517 1674 Domino
529 1646 583 1674 Deo
597 1652 700 1681 vestro,
713 1648 777 1683 quia
792 1648 867 1676 dedit
879 1649 956 1676 vobis
967 1655 1045 1676 escas

255 1691 288 1718 ad
304 1691 449 1726 justitiam.
462 1691 590 1726 pluetque
602 1692 679 1720 vobis
699 1692 814 1720 imbrem
831 1694 996 1720 matutinum
1013 1700 1045 1720 ac

255 1737 418 1768 serotinum,
440 1737 511 1764 sicut
535 1742 627 1765 antea.
647 1738 680 1764 Et
697 1738 883 1774 implebuntur
905 1746 975 1766 area:
989 1737 1046 1766 fru-

257 1788 360 1815 mento,
380 1787 406 1809 et
431 1784 626 1811 redundabant
652 1785 802 1811 toreularia
825 1785 888 1812 viuo
905 1788 932 1812 et
951 1786 1042 1812 oleo.)

255 1827 322 1861 Quae
333 1834 410 1856 antea
420 1828 490 1855 dixit
501 1834 624 1864 ereptum
635 1829 681 1861 iri,
693 1837 723 1856 ea
736 1837 809 1856 nunc
820 1830 909 1857 danda
918 1831 1043 1857 aflirmat.

255 1873 354 1900 Cttncti
379 1875 451 1900 enim
466 1874 511 1908 qui
537 1876 610 1901 circa
632 1874 743 1902 Sionem
756 1879 876 1902 montem
896 1880 960 1903 sunt
977 1883 1045 1903 con-

255 1919 370 1955 gregati.
383 1924 410 1947 et
424 1921 632 1948 convenientem
654 1921 709 1948 lleo
724 1921 828 1948 cultum
843 1922 983 1954 exhibent,
1000 1922 1046 1949 la:-

257 1965 309 1992 tari
321 1969 471 1996 merentur.
482 1966 589 2001 frugum
603 1966 771 1994 abundantia
781 1967 870 2002 potiti,
881 1975 960 2003 quam
971 1968 1046 2002 juste

256 2011 325 2045 ipsis
344 2015 522 2045 peccatorum
536 2019 648 2039 suorum
665 2012 860 2046 paenitentibus
877 2012 949 2040 Deus
965 2013 1042 2040 attri-

255 2055 333 2088 buit;
349 2056 451 2090 quibus
465 2056 547 2083 etiam
565 2057 693 2084 imbrium
705 2058 893 2093 tempestivam
909 2058 1045 2085 sufficien-

255 2105 365 2135 temque
399 2109 510 2128 usuram
533 2101 690 2134 exhibebit;
720 2103 789 2129 adeo
815 2106 844 2129 ut
863 2102 1044 2137 germinanlia

256 2145 355 2172 tellure
369 2146 486 2177 semina,
502 2149 529 2173 et
546 2146 680 2181 lignorum
696 2147 751 2181 82
767 2147 871 2175 fructus
884 2148 968 2174 multa
982 2155 1043 2175 cum

257 2191 436 2218 exuberantia
453 2192 507 2219 illis
522 2192 677 2219 obveniant.
701 2202 710 2217 ι
723 2193 755 2219 Et
776 2192 885 2219 reddam
903 2193 980 2220 vobis
996 2201 1044 2220 an-

258 2243 309 2264 nos
329 2244 398 2271 quos
421 2237 539 2264 comedit
555 2238 671 2269 locusta,
696 2237 827 2269 bruchus,
841 2241 868 2264 et
892 2237 998 2272 rubigo,
1017 2240 1043 2264 et

255 2289 355 2309 eruca:
385 2282 519 2309 fortitudo
547 2290 607 2309 mea
631 2290 728 2317 magna
744 2290 825 2317 quam
850 2282 911 2310 misi
932 2283 966 2309 ad
983 2290 1042 2310 vos.

256 2327 290 2354 Et
305 2326 457 2355 comedetis
475 2332 627 2360 vescentes,
640 2331 667 2355 et
682 2328 885 2360 saturahimini,
903 2332 930 2355 et
949 2328 1044 2355 lauda—

255 2372 322 2399 bitis
333 2380 432 2400 nomen
446 2372 492 2400 Dei
504 2373 598 2405 vestri,
613 2373 659 2408 qui
673 2373 736 2400 fecit
747 2373 880 2400 mirabilia
890 2373 1043 2406 vobiscum;

255 2422 284 2444 et
302 2425 356 2444 non
372 2417 556 2445 confundetur
570 2419 686 2453 populus
700 2426 776 2446 meus
792 2419 819 2446 in
835 2421 1042 2456 sempiternum.

257 2462 291 2489 Et
305 2464 477 2497 cognoscetis
500 2463 566 2498 quia
583 2464 609 2490 in
625 2464 713 2491 medio
727 2463 835 2491 lsraelis
851 2471 901 2499 ego
912 2471 988 2491 sum:
1015 2468 1043 2491 ct

257 2515 307 2542 ego
320 2507 454 2536 Dominus
473 2508 544 2536 Deus
560 2513 661 2541 vester,
679 2513 706 2536 et
731 2517 784 2536 non
798 2515 839 2537 est
859 2510 929 2537 alius
947 2513 1044 2544 praeter

258 2559 312 2578 me.
342 2552 375 2579 Et
404 2561 459 2580 non
484 2553 669 2581 confundetur
693 2555 761 2581 ultra
776 2555 891 2590 populus
912 2563 988 2584 meus
1016 2556 1044 2582 in

257 2597 466 2631 sempiternum.
479 2607 488 2623 ι
509 2598 614 2630 Quanta
627 2599 710 2634 igitur
720 2598 754 2626 de
766 2600 930 2628 necessariis
950 2607 1045 2635 super—

256 2641 398 2670 venientes
406 2642 498 2671 hostes
509 2645 585 2670 varie
596 2644 812 2672 acmultifariani
822 2646 1044 2681 consumpserint

256 2687 342 2722 (patet
356 2687 428 2715 enim
449 2689 560 2715 locusta:
573 2689 741 2721 nominibus,
759 2697 790 2717 ac
803 2690 910 2723 bruchi,
926 2696 954 2718 et
965 2690 1040 2718 rubi-

257 2731 339 2767 ginis,
360 2737 387 2759 et
404 2740 503 2766 erucae,
523 2734 616 2762 hostes
638 2734 775 2770 denotari)
792 2735 905 2763 totidem
921 2743 971 2771 ego
995 2744 1040 2764 re-

257 2779 379 2809 stituam,
396 2782 426 2805 ut
441 2779 481 2805 sic
492 2786 541 2806 vos
553 2779 655 2806 lautmn
668 2780 798 2808 habentes
811 2780 935 2807 datarum
949 2789 1040 2809 rerum

257 2829 348 2857 usum,
374 2823 480 2852 debitos
506 2825 663 2853 retribuatis
691 2825 745 2854 Ilco
773 2825 899 2861 hymnos,
930 2831 1039 2862 propter

1095 1645 1209 1681 δαψιλὴς
1235 1647 1383 1681 παρέχεται
1401 1647 1457 1676 τοῖς
1476 1645 1622 1680 δεομένοις.
1640 1654 1650 1670 ί
1673 1645 1727 1672 Καὶ
1746 1645 1781 1672 τὰ
1801 1646 1881 1673 τέκνα

1095 1691 1174 1722 Σιὼν,
1191 1692 1299 1727 χαίρετε
1309 1711 1316 1723 ,
1336 1691 1384 1718 καὶ
1396 1690 1573 1726 εὐφραίνεσθε
1595 1691 1640 1718 ἐπὶ
1654 1690 1692 1725 τῷ
1707 1691 1802 1726 Κυρίῳ
1821 1691 1880 1726 θεῷ

1096 1736 1189 1772 ὑμῶν·
1212 1737 1253 1763 ὅτι
1267 1736 1365 1762 ἔδωκεν
1390 1736 1454 1771 ὑμῖν
1478 1735 1608 1771 βρώματα
1631 1737 1671 1766 εἰς
1694 1735 1879 1771 δικαιοσύνην·

1095 1782 1141 1807 καὶ
1161 1781 1251 1817 βρέξει
1272 1782 1336 1816 ὑμῖν
1360 1781 1437 1807 ὑετὸν
1455 1781 1578 1816 πρώϊμον
1603 1777 1650 1807 κᾶὶ
1671 1780 1769 1815 ὖψιμον
1791 1780 1879 1812 καθὼς

1095 1826 1248 1861 ἔμπροσθεν
1259 1834 1266 1840 ·
1292 1827 1337 1853 καὶ
1356 1826 1555 1861 πλησθήσονται
1571 1826 1599 1852 αἱ
1614 1826 1716 1857 ἇλωνες
1736 1826 1819 1858 σίτου,
1835 1825 1881 1853 καὶ

1096 1871 1362 1908 ὑπερεκχυθήσονται
1385 1872 1412 1897 αἱ
1437 1871 1512 1907 ληνοὶ
1533 1871 1605 1898 οἴνου
1632 1871 1678 1897 καὶ
1698 1871 1799 1898 ἐλαίου.
1817 1881 1826 1897 ι
1846 1872 1880 1898 Ἀ

1095 1918 1150 1953 γὰρ
1166 1919 1195 1944 ὲν
1210 1918 1266 1948 τοῖς
1283 1916 1428 1952 ἁνωτέροις
1445 1915 1521 1942 εἶπεν
1542 1916 1715 1952 ἀφῃρῆσθαι,
1732 1915 1818 1943 ταῦτα
1833 1915 1880 1943 νῖν

1095 1963 1269 1990 ἀποδίδοσθαι
1293 1963 1383 1996 λέγει·
1403 1962 1502 1994 πάντες
1518 1962 1583 1998 γὰρ,
1601 1963 1698 1997 φησὶν,
1719 1963 1744 1989 oi
1766 1962 1829 1996 περὶ
1849 1962 1879 1989 τὸ

1095 2008 1164 2035 Σιὼν
1185 2008 1248 2042 ὅρος
1264 2007 1453 2043 συλλεγόμενοί
1470 2016 1512 2039 τε,
1528 2008 1576 2034 καὶ
1589 2007 1638 2043 τὴν
1653 2007 1825 2043 καθήκουσαν
1840 2006 1879 2042 τῷ

1094 2053 1153 2088 Θεῷ
1167 2052 1333 2088 πληροῦντες
1353 2053 1502 2088 θεραπείαν
1512 2072 1519 2084 ,
1537 2053 1635 2079 δίκαιοι
1650 2051 1704 2079 εἷεν
1719 2052 1751 2079 ἂν
1767 2052 1878 2088 εὐφραί-

1095 2098 1186 2125 νεσθαι
1199 2118 1206 2129 ,
1223 2098 1272 2133 τὴν
1294 2098 1424 2133 ἀφθονίαν
1438 2107 1467 2124 τε
1485 2098 1538 2125 τῶν
1555 2099 1668 2134 καρπῶν
1689 2098 1878 2132 ἁπολαὸόντις,

1095 2144 1133 2177 (p.
1157 2143 1217 2177 124)
1233 2143 1265 2178 ἣν
1280 2143 1391 2175 δικαῖως
1406 2144 1496 2176 αὐτοῖς
1515 2145 1742 2180 μεταμεληθεϊσιν
1759 2145 1829 2181 ὑπὲρ
1841 2141 1878 2172 ὧν

1094 2189 1216 2224 ἥμαρτον
1233 2189 1407 2224 παρέσχηκεν
1423 2190 1438 2216 6
1454 2190 1530 2222 Θεὸς,
1549 2191 1595 2217 καὶ
1612 2191 1651 2217 ὅτι
1667 2191 1720 2218 τῶν
1734 2191 1820 2218 ὑετῶν
1831 2191 1878 2218 αὐ-

1095 2236 1150 2265 τοῖς
1169 2234 1295 2270 εὔκαιρον
1318 2235 1365 2261 καὶ
1386 2236 1508 2271 αὐτάρκη
1531 2236 1678 2270 παρέξεται
1699 2237 1748 2271 τὴν
1767 2237 1876 2272 χρείαν·

1096 2279 1165 2306 ὥστε
1182 2281 1228 2306 καὶ
1245 2280 1279 2306 τὰ
1301 2281 1333 2306 ὲκ
1347 2281 1398 2316 γῆς
1419 2282 1541 2316 φυόμενα
1557 2282 1612 2308 τῶν
1635 2283 1815 2318 σπερμάτων,
1832 2283 1878 2309 καὶ

1094 2327 1156 2357 τοὺς
1167 2327 1199 2352 ὲκ
1215 2326 1300 2358 ξύλων
1316 2328 1450 2362 καρποὺς,
1467 2327 1536 2362 μετὰ
1550 2328 1651 2363 πολλῆς
1666 2329 1758 2361 αὐτοῖς
1771 2330 1878 2364 προσγί-

1093 2371 1185 2397 νεσθαι
1203 2371 1254 2406 τῆς
1276 2373 1443 2407 περιουσίας.
1469 2382 1477 2397 ι
1508 2373 1562 2400 Καὶ
1583 2374 1723 2401 ἀνταποδῶ
1740 2375 1804 2409 ὑμῖν
1820 2375 1878 2402 ἀντὶ

1093 2416 1146 2442 τῶν
1164 2416 1232 2442 ἐτῶν
1246 2413 1283 2442 ὧν
1297 2417 1451 2451 κατέφαγεν
1467 2418 1482 2452 ἡ
1500 2418 1581 2453 ἀκρίς
1597 2418 1645 2444 καὶ
1666 2418 1680 2444 6
1697 2417 1812 2454 βροῦχος
1832 2420 1877 2446 καὶ

1093 2463 1108 2496 ή
1133 2462 1245 2496 ἐρυσίὸη
1265 2462 1313 2488 καὶ
1331 2464 1347 2497 ἡ
1370 2463 1485 2498 κάμπη,
1502 2464 1518 2498 ὴ
1540 2462 1651 2497 δύναμίς
1669 2472 1719 2498 μου
1739 2465 1754 2498 ἡ
1775 2464 1876 2498 μεγάλη

1092 2507 1125 2542 ἢν
1147 2507 1325 2539 ἐξαπέστειλα
1340 2509 1380 2539 είς
1404 2509 1491 2544 ὑμᾶς·
1518 2509 1565 2536 καὶ
1585 2509 1704 2543 φάγεσθε
1732 2509 1875 2542 ἐσθίοντες,

1092 2553 1140 2580 καὶ
1168 2553 1403 2589 ἑμπλησθήσεσθε,
1430 2555 1477 2581 καὶ
1504 2555 1624 2581 αἰνέσετε
1654 2555 1685 2581 τὸ
1709 2555 1796 2590 ὄνομα
1821 2556 1876 2582 Κυ-

1093 2599 1150 2635 ρίου
1175 2599 1221 2626 τοῦ
1238 2599 1306 2626 Θεοῦ
1323 2600 1417 2635 ὑμῶν,
1439 2601 1468 2632 ὃς
1490 2602 1601 2636 ἐποίησε
1623 2602 1682 2637 μεθ’
1707 2602 1783 2637 ὑμῶν
1810 2602 1871 2629 θαυ-

1095 2645 1192 2679 μάσια·
1214 2645 1262 2671 καὶ
1277 2646 1309 2672 οὺ
1331 2647 1367 2681 μὴ
1383 2647 1566 2682 καταισχυνθῇ
1585 2649 1599 2674 6
1620 2648 1682 2679 λαός
1707 2656 1758 2683 μου
1778 2649 1817 2680 είς
1832 2649 1874 2675 τὸν

1093 2690 1195 2717 αἰῶνα·
1227 2692 1274 2718 καὶ
1296 2692 1479 2726 ἐπιγνώσεσθε
1500 2694 1540 2720 ὅτι
1559 2695 1588 2720 ὲν
1610 2694 1684 2729 μέσῳ
1700 2694 1746 2721 τοῦ
1770 2694 1874 2730 Ἰσραὴλ

1093 2735 1149 2769 ἐγώ
1170 2737 1228 2771 εἰμι
1241 2745 1247 2751 ·
1266 2738 1312 2763 καὶ
1326 2737 1381 2771 ἐγὼ
1404 2738 1504 2774 Κύριος
1528 2740 1542 2766 6
1562 2739 1628 2772 Θεὸς
1647 2739 1734 2774 ὑμῶν,
1756 2740 1803 2766 καὶ
1827 2739 1873 2766 οὐκ

1094 2781 1168 2808 ἐστιν
1179 2782 1219 2808 ἔτι
1233 2782 1302 2818 πλὴν
1316 2783 1382 2818 ἐμοῦ
1394 2792 1401 2799 ”
1419 2784 1465 2811 καὶ
1481 2785 1511 2810 οὐ
1531 2785 1567 2820 μὴ
1581 2785 1764 2821 καταισχυνθῇ
1779 2786 1793 2811 6
1814 2785 1873 2816 λαός

1096 2835 1147 2862 μου
1162 2827 1201 2854 ἔτι
1214 2828 1253 2859 είς
1266 2828 1310 2855 τὸν
1325 2828 1417 2856 αίῶνα.
1436 2839 1445 2856 ι
1464 2830 1565 2858 Ὁπόσα
1579 2831 1667 2858 τοίνυν
1686 2830 1874 2866 ἐπεληλυθότες
