1973 3066
129 125 179 152 2‘29

617 130 893 161 COMMENTARIUS
911 133 944 161 IN
963 135 1078 164 JOELIS
1095 138 1171 165 CAP.
1186 137 1214 165 ΙΙ.

1708 138 1761 166 230

130 186 154 213 οι
169 184 288 218 πολέμιοι
302 183 357 210 τῶν
370 184 564 220 προσηκόντων
577 187 773 213 κατανάλωσαν
784 188 907 223 διαφόρων

969 192 1084 223 grandia
1113 200 1145 218 ac
1169 193 1305 221 mirabilia
1329 202 1391 230 quae
1411 196 1495 224 vestri
1520 204 1604 226 causa
1628 202 1757 235 patravit.

130 240 157 258 τε
172 231 217 257 καὶ
231 230 363 261 ποικίλως
375 239 381 245 ·
401 231 513 266 εὔδηλον
531 231 586 267 γὰρ
600 233 641 258 ὅτι
664 233 763 268 ἀκρίδα
776 234 823 260 καὶ
838 234 918 269 βροῦ-

130 286 174 312 χον
194 277 239 303 καὶ
263 275 394 311 ἐρυσίϐην
415 277 461 303 καὶ
485 277 599 313 κάμπην
619 278 706 305 ταῦτα
725 279 817 305 καλεῖ·
832 279 917 306 ταῦτα

129 321 192 356 ὑμῖν
212 322 442 357 ἀποκαταστήσω,
466 322 537 349 ὥστε
555 323 628 358 ὑμᾶς
654 324 785 350 πλουσίαν
806 324 918 359 ἔχοντας

129 366 179 392 Ιτῶν
193 366 341 401 δεδομένων
358 367 409 403 τὴν
428 368 577 395 ἀπόλαυσιν
587 389 594 400 ,
609 370 801 406 ὀφειλομένους
822 372 917 398 ἀποδι-

128 411 198 438 δόναι
214 412 252 447 τῷ
265 412 325 447 Θεῷ
340 413 405 445 τοὺς
419 413 531 448 ὕμνους,
551 414 620 450 ὑπὲρ
634 412 672 441 ὦν
686 415 718 451 δὴ
733 416 858 450 μεγάλων
871 418 918 443 καὶ

966 236 1082 271 Jamque
1099 245 1148 264 vos
1163 239 1267 267 diutius
1283 248 1337 268 non
1358 242 1539 274 erubescetis,
1557 246 1636 279 quasi
1655 246 1759 281 absque

968 283 1069 308 auxilio
1083 292 1096 308 a
1110 291 1153 310 me
1168 283 1304 317 destituti,
1318 286 1345 312 in
1363 286 1498 320 ejusmodi
1513 296 1649 318 :crumnas
1665 292 1759 319 incur-

968 327 1059 354 reritis
1071 337 1076 354 :
1095 328 1256 364 plenamque
1269 332 1394 364 poteritis
1411 341 1442 360 ex
1456 335 1537 362 rebus
1551 335 1618 370 ipsis
1631 338 1755 364 notitiam

967 380 1075 406 capere,
1100 382 1142 401 me
1161 374 1233 402 inter
1247 383 1296 404 vos
1308 379 1423 411 versari,
1445 381 1492 414 qui
1509 389 1604 416 reapse
1621 382 1756 411 Dominus

968 423 1057 445 \‘BSICI’
1071 424 1097 446 et
1110 424 1184 447 tutor
1199 421 1275 448 SOIIIS
1288 430 1360 451 Sili“.

130 458 291 494 Θαυμαστῶν
303 461 454 496 πεποίηκεν
466 461 506 492 εἰς
521 461 606 496 ὑμᾶς’
621 461 659 493 ὡς
676 463 773 497 μηκέτι
786 464 835 498 μὲν
845 464 917 498 ὑμᾶς
936 464 1110 499 αἰσχύνεσθαι
1130 466 1171 500 ἐφ’
1184 464 1223 497 οἷς
1238 467 1384 503 ἀϐοήθητοι
1407 471 1470 505 παρ’
1484 471 1549 506 ὲμοῦ
1570 474 1756 509 μεμενήκατε.

128 505 262 537 τοσούτοις
278 506 520 540 περιπεπτωκότες
533 508 643 538 κακοῖς·
658 508 701 542 (p.
717 507 785 543 1‘25)
801 509 903 544 ἀκριϐῆ
917 508 945 534 δὲ
960 509 1090 536 δύνασθαι
1113 511 1184 546 ὑμᾶς
1198 512 1227 544 ὲξ
1241 513 1330 539 αὐτῶν
1343 514 1397 540 τῶν
1412 505 1581 550 πραγμάτων
1599 505 1688 546 λαϐείν
1703 519 1756 555 τὴν

129 553 286 586 ἐπίγνωσιν,
303 552 345 578 ὅτι
362 552 392 578 ἐν
413 552 476 588 ὑμῖν
493 553 551 588 είμι
562 561 568 568 δ
583 553 630 580 ἅτε
645 554 691 580 καὶ
705 554 837 590 δεσπότης
853 555 929 588 ὑμῶν
941 556 987 582 καὶ
1004 556 1130 591 κηδεμὼν
1149 558 1228 592 μόνος
1244 559 1383 594 ὑπάρχων.

160 599 232 633 Στίχ.
256 598 365 633 κη’-λβ¹.
379 613 415 618 —
439 608 447 624 ι
466 599 521 625 Καὶ
537 599 613 626 ἔσται
637 600 706 635 μετὰ
720 601 807 628 ταῦτα
828 601 907 637 ἐκχεό

1001 602 1083 631 Vens.
1097 604 1192 632 28-32.
1205 621 1239 626 -—
1256 615 1264 631 ι
1277 607 1308 633 Et
1321 608 1373 634 erit
1389 612 1449 641 post
1466 608 1541 636 lucc:
1560 609 1703 638 Eﬂ‘undam
1719 612 1754 640 de

126 644 177 671 ἀπὸ
191 643 237 670 τοῦ
252 644 411 679 Πνεῦματός
427 653 479 680 μου
496 645 542 671 ἐπὶ
556 646 646 672 πᾶσαν
662 646 766 681 σάρκα·
784 648 832 673 καὶ
851 656 907 682 προ

965 649 1067 683 Spiritu
1080 658 1140 678 meo
1151 658 1234 686 super
1244 659 1351 679 omnem
1364 660 1474 680 carnem
1486 663 1493 686 ;
1509 658 1536 682 et
1549 657 1752 690 prophetabunt

127 689 307 724 φητεύσουσιν
324 690 349 716 οἱ
365 690 418 716 υἱοὶ
433 690 480 716 καὶ
501 691 529 716 αί
543 689 691 726 θυγατέρες
718 691 811 726 ὑμῶν,
827 693 874 718 καὶ
889 700 907 718 οι

963 695 1010 724 lilii
1038 696 1122 722 vestri
1147 700 1174 724 et
1199 696 1260 724 ﬁliae
1285 703 1398 726 vestrae:
1430 707 1510 727 senes
1537 689 1619 728 vestri
1644 704 1750 730 somnia

127 734 304 771 πρεσϐύτεροι
320 734 399 770 ὑμῶν
421 735 557 766 ἐνυπνίοις
575 736 848 772 ἐνυπνιασθήσονται·
868 738 907 764 κατ

966 736 1155 770 somniabunt,
1166 739 1314 773 etjuvenes
1323 741 1406 767 vestri
1418 741 1538 770 visiones
1548 743 1687 772 videbunt.
1697 744 1750 774 Sed

125 782 149 808 οἱ
165 781 300 807 νεανίσκοι
319 780 396 815 ὑμῶν
411 780 520 815 ὁράσεις
539 780 664 815 ὄψονται·
679 783 725 809 καί
744 791 775 817 γε
794 783 840 810 ἐπὶ
851 783 907 815 τοὺς

965 785 991 807 et
1002 788 1086 816 super
1101 790 1197 810 servos
1208 791 1283 812 meos
1293 790 1320 812 et
1333 786 1449 814 ancillas
1462 795 1536 817 meas
1549 790 1575 816 iu
1585 790 1682 818 diebus
1696 792 1749 820 illis

125 827 232 858 δούλους
249 835 300 862 μου
313 827 362 852 καὶ
374 826 420 852 ἐπὶ
434 826 483 858 τὰς
498 826 594 859 δούλας
610 836 660 862 μου
674 829 702 854 ὲν
722 830 781 860 ταῖς
795 829 913 864 ἡμέραις

126 873 243 904 ἐκείναις
258 872 346 907 ἐκχεῶ
360 873 413 898 ἀπὸ
424 872 471 899 τοῦ
488 873 645 908 Πνεύματός
660 883 721 909 μου,
745 875 792 901 καὶ
806 883 911 910 προφη-

124 919 264 946 τεύσουσι·
280 918 327 944 καὶ
342 917 420 944 δώσω
442 917 543 953 τέρατα
565 919 593 944 ἐν
618 919 656 954 τῷ
671 920 777 955 οὐρανῷ
801 921 847 946 καὶ
865 920 911 947 ἐπὶ

123 965 170 1000 τῆς
189 964 255 999 γῆς,
272 961 342 999 αἷμα
355 963 403 990 καὶ
418 963 474 999 πῦρ
490 965 537 991 καὶ
554 964 654 999 ἀτμίδα
670 965 774 992 καπνοῦ
784 973 792 982 ο
806 966 820 991 ὁ
836 965 908 1000 ἥλιος

125 1010 379 1046 μεταστραφήσεται
393 1010 433 1041 είς
447 1010 550 1042 σκότος,
568 1011 613 1037 καὶ
629 1011 645 1046 ἡ
661 1011 760 1046 σελήνη
775 1012 814 1043 εἰς
829 1009 908 1046 αἷμα,

124 1055 186 1091 πρὶν
208 1055 298 1082 ὲλθεϊν
315 1054 364 1090 τὴν
387 1055 493 1090 ἡμέραν
519 1056 622 1091 Κυρίου
646 1056 694 1091 τὴν
717 1056 837 1091 μεγάλην
863 1058 910 1084 καὶ

123 1101 240 1136 ἐπιφανῆ
254 1109 260 1116 ·
275 1101 322 1128 καὶ
333 1100 408 1127 ἔσται
420 1101 474 1132 πᾶς
484 1101 514 1132 ὃς
526 1101 558 1127 ἂν
574 1101 769 1137 ἐπικαλέσηται
784 1103 814 1129 τὸ
825 1103 910 1137 ὗνομα

124 1147 234 1183 Κυρίου,
253 1146 407 1182 σωθήσεται
421 1154 427 1161 ·
444 1147 484 1173 ὃτι
503 1147 532 1172 ὲν
547 1147 586 1182 τῷ
605 1147 662 1182 δρει
678 1147 746 1174 Σιὼν
759 1149 805 1175 καὶ
815 1149 844 1175 ἐν
862 1149 909 1175 Ἰε-

126 1192 264 1228 ρουσαλὴμ
278 1192 355 1218 ἔσται
371 1191 588 1227 ἁνασωξόμενος,
604 1193 698 1219 καθότι
712 1190 773 1220 εἷπε
790 1193 890 1229 Κύριος
900 1203 906 1209 ·

124 1239 168 1265 καὶ
186 1236 426 1272 εὐαγγελιζόμενοι
453 1237 500 1269 οὓς
526 1238 628 1273 Κύριος
657 1239 871 1274 προσκέκληται.
898 1249 906 1266 ι

123 1283 233 1319 Παρέξω
251 1283 285 1319 δὴ
305 1284 391 1315 πᾶσι,
418 1284 493 1318 φησι,
517 1283 647 1310 πλουσίαν
674 1284 721 1320 τὴν
745 1285 908 1320 κηδεμονίαν

122 1330 168 1365 τὴν
183 1330 270 1365 ἐμήν
285 1328 364 1356 τοῦτο
379 1329 433 1364 γὰρ
447 1329 519 1363 λέγει
530 1329 559 1356 τὸ
574 1339 583 1355 ι
597 1330 684 1365 ἐκχεῶ
695 1330 750 1357 ἀπὸ
763 1330 809 1357 τοῦ
824 1331 909 1357 Πνεύ-

123 1375 204 1409 ματός
223 1383 275 1408 μου
286 1383 293 1390 υ
314 1384 323 1400 ι
345 1374 400 1400 τῶν
408 1374 453 1401 ἐπὶ
463 1375 512 1410 τῆς
521 1374 641 1406 Παλαιᾶς
650 1375 785 1410 Διαθήκης
796 1375 909 1411 Πνεῦμα

123 1421 169 1455 μὲν
184 1420 260 1453 ἆγιον
275 1419 418 1454 μοναδικδν
432 1419 460 1445 ὲν
474 1419 621 1446 ὑποστάσει
633 1421 842 1456 κεχωρισμένως
853 1421 908 1448 τῶν

121 1465 228 1495 λοιπῶν,
239 1464 310 1491 Θεοῦ
322 1473 351 1490 τε
363 1464 392 1490 ὂν
404 1465 450 1491 καὶ
461 1465 493 1491 ἐκ
503 1464 569 1491 Θεοῦ
584 1465 633 1491 οὐκ
643 1466 830 1500 ἐπισταμένων
839 1466 905 1501 (17)-

963 825 1100 854 elfundam
1117 828 1150 855 de
1168 828 1270 864 Spiritu
1294 839 1364 864 meo,
1377 837 1403 859 et
1414 835 1624 869 propbelabunt.
1634 837 1666 865 Et
1679 838 1750 866 dabo

964 872 1088 907 prodigia
1113 873 1141 901 in
1157 876 1228 902 caelo
1252 879 1279 904 et
1299 885 1382 912 super
1406 883 1515 912 terram,
1538 883 1699 917 sanguinem
1721 889 1749 911 et

963 917 1052 952 ignem
1065 923 1092 946 et
1107 927 1233 954 vaporem
1250 921 1329 950 fumi.
1339 922 1385 950 Sol
1397 930 1572 953 convertetur
1582 927 1609 953 iu
1621 929 1747 956 tenebras

961 968 989 991 et
1000 964 1100 992 lunaiu
1119 968 1445 1004 sanguinem,antequam
1467 971 1556 998 veniat
1571 973 1628 999 dies
1640 973 1746 1002 Domini

961 1017 1077 1044 magnus
1091 1014 1119 1037 ct
1134 1011 1260 1038 illustris.
1276 1012 1309 1040 Et
1320 1014 1372 1041 erit
1388 1024 1394 1041 :
1408 1016 1498 1044 onmis
1515 1018 1560 1052 qui
1578 1017 1746 1046 iuvocaverit

961 1062 1058 1082 nomen
1076 1055 1192 1090 Domini,
1209 1058 1375 1092 salvabitur;
1390 1061 1453 1094 quia
1471 1061 1498 1088 in
1519 1067 1611 1090 monte
1622 1063 1641 1090 S
1652 1072 1704 1092 one
1717 1070 1745 1091 et

960 1100 987 1127 in
1006 1100 1174 1129 Hierusalem
1192 1104 1283 1130 salvus
1301 1104 1363 1137 crit,
1381 1106 1452 1132 sicut
1468 1106 1536 1134 dixit
1548 1107 1698 1137 Dominus:
1716 1115 1744 1137 et

959 1146 1136 1181 evangelizati
1157 1155 1227 1182 quos
1249 1147 1380 1177 Dominus
1399 1152 1548 1179 voraverit.
1575 1162 1584 1178 ι
1604 1153 1743 1182 ΡιωειιιΙνο

959 1191 1076 1224 Cunctis,
1094 1191 1191 1226 inquit,
1205 1193 1321 1228 amplam
1338 1197 1448 1223 tutelam
1461 1204 1564 1225 meam:
1579 1198 1685 1226 idenim
1699 1201 1744 1228 de-

958 1240 1054 1263 notant
1064 1238 1156 1269 verba,
1174 1247 1182 1263 ι
1198 1239 1336 1267 etfundam
1353 1241 1386 1268 de
1397 1241 1501 1276 Spiritu
1511 1251 1581 1272 meo.
1595 1253 1606 1271 ι
1623 1246 1742 1273 (λειω-ο-

957 1282 1004 1316 qui
1019 1282 1074 1318 83
1089 1283 1140 1310 sub
1152 1283 1250 1312 Vetere
1263 1284 1438 1314 Testamento
1449 1289 1607 1316 nesciebant
1618 1290 1741 1318 homines

960 1326 1095 1362 Spiritum
1121 1333 1247 1356 sanctum
1266 1329 1293 1356 in
1318 1337 1433 1365 persona
1458 1333 1565 1366 propria
1584 1333 1743 1360 distinctum

960 1380 975 1400 a
989 1374 1106 1405 caeteris,
1129 1373 1175 1401 Dei
1193 1374 1337 1410 Spiritum,
1358 1379 1385 1403 et
1403 1384 1436 1403 ex
1454 1376 1525 1404 Deo:
1549 1379 1596 1405 sed
1612 1378 1743 1413 Spiritum

959 1419 1016 1451 Dei,
1049 1425 1076 1447 et
1105 1419 1238 1454 Spiritum
1270 1425 1408 1453 sanctum,
1435 1425 1463 1449 et
1488 1423 1568 1449 aliam
1596 1425 1744 1458 quamlibet

958 1464 1116 1498 hujusmodi
1131 1465 1352 1499 appellationem.
1372 1473 1421 1500 pro
1437 1465 1483 1493 Dei
1501 1467 1589 1501 gratia
1611 1473 1635 1495 el
1653 1470 1744 1503 provi—

121 1510 229 1545 Πνεῦμα
244 1511 323 1544 Ξιγιον
341 1510 387 1536 καὶ
400 1510 454 1536 πᾶν
470 1510 483 1536 ὃ
497 1519 522 1536 τι
540 1510 570 1546 δή
587 1519 651 1537 ποτε
667 1511 780 1542 τοιοῦτο.
796 1511 844 1548 τὴν
861 1513 907 1547 χά-

959 1510 1048 1537 dentia
1058 1514 1140 1545 atque
1150 1510 1248 1538 affectu
1264 1511 1452 1546 accipiebant:
1468 1512 1541 1540 sicut
1552 1513 1670 1540 animam
1681 1522 1743 1541 cum

121 1565 161 1590 ριν
179 1555 262 1582 αὐτοῦ
279 1556 326 1581 καὶ
347 1555 396 1590 τὴν
411 1555 571 1590 κηδεμονίαν
592 1556 639 1582 καὶ
660 1556 709 1591 τὴν
724 1556 841 1583 διάθεσιν
857 1566 906 1584 κα-

120 1601 244 1628 λούντων-
258 1601 298 1632 ὼς
311 1601 358 1627 καὶ
371 1600 457 1635 ψυχὴν
467 1601 504 1626 ὅτ’
516 1601 548 1627 ἂν
562 1601 607 1627 ἐπὶ
620 1601 687 1627 Θεοῦ
701 1601 778 1638 λέγῃ,
792 1602 828 1637 (p.
843 1602 904 1637 126)

123 1656 132 1672 ι
152 1646 205 1677 Τὰς
224 1646 372 1682 νεομηνίας
388 1645 463 1680 ὑμῶν
482 1646 529 1672 καὶ
543 1645 578 1672 τὰ
598 1646 719 1673 σάϐϐατα
732 1647 808 1682 ὑμῶν
834 1648 907 1682 μισεϊ

120 1691 135 1725 ἠ
148 1691 219 1726 ψυχή
236 1700 290 1726 μου
301 1699 308 1706 ο
327 1700 334 1716 ι
349 1690 397 1725 τὴν
412 1689 530 1716 διάθεσιν
547 1691 600 1726 γὰρ
614 1690 688 1725 λέγει
699 1691 760 1718 καθ’
773 1691 806 1726 ἦν
817 1692 905 1726 ὲμίσει

119 1738 166 1769 τὰς
179 1738 293 1772 ἑορτάς·
307 1737 426 1763 τοιοῦτόν
444 1737 517 1769 ἐστι,
535 1746 544 1761 ι
564 1737 600 1762 Τὸ
614 1736 725 1772 Πνεῦμά
738 1746 784 1764 σου
795 1738 825 1764 τὸ
835 1739 906 1772 ἀγα-

121 1782 163 1809 θὸν
178 1782 308 1818 ὁδηγήσει
323 1791 355 1817 με
370 1782 398 1807 ἐν
411 1783 445 1817 γῇ
460 1781 568 1816 εὐθεία-
591 1791 600 1807 ›
617 1782 764 1817 κηδόμενος
776 1783 829 1817 γάρ
843 1790 905 1817 μου,

121 1827 193 1862 φησὶ,
209 1826 252 1852 διὰ
267 1826 368 1860 πολλὴν
381 1825 535 1859 ἀγαθότητα
553 1825 680 1860 παρέξεις
698 1825 800 1852 ταῦτα·
818 1825 906 1852 τοιοῦ-

120 1872 162 1898 τόν
179 1872 237 1898 ἐστι
259 1872 303 1903 ea,
325 1880 334 1896 ι
359 1870 472 1905 Πνεῦμα
493 1879 540 1896 σου
557 1870 588 1896 τὸ
602 1871 679 1904 ἆγιον
703 1871 740 1905 μὴ
759 1871 906 1906 ἀντανέλῃς

120 1918 165 1943 ἀπ’
183 1916 267 1952 ἐμοῦ·
287 1925 296 1942 ι
315 1916 358 1942 ἴνα
378 1916 451 1952 εἴπῃ,
469 1916 524 1951 Τὴν
540 1915 604 1951 περὶ
625 1915 675 1950 ἐμὲ
691 1915 853 1951 κηδεμονίαν
868 1917 905 1952 μὴ

120 1962 236 1996 ἀερέλῃς·
251 1961 300 1987 καὶ
314 1960 365 1987 ὅσα
381 1959 503 1993 τοιαῦτα,
517 1960 560 1986 ἵνα
576 1960 613 1995 μὴ
628 1960 794 1996 μηκύνωμεν
809 1961 849 1992 είς
862 1961 907 1987 οὐ-

122 2006 163 2033 δὲν
178 2007 236 2034 δέον
249 2007 300 2041 τὴν
315 2006 426 2041 Γραφήν
439 2015 445 2021 ·
462 2005 566 2032 τοιοῦτο
578 2005 609 2041 δή
623 2014 648 2032 τι
661 2005 800 2032 κάνταῦθά
813 2014 904 2041 φησιν,

122 2051 160 2078 δτι
170 2053 249 2080 Οὕτω
260 2052 393 2078 πλουσίαν
405 2052 465 2078 τότε
480 2052 529 2086 τὴν
541 2051 701 2086 κηδεμονίαν
718 2052 782 2086 ὑμῖν
796 2052 907 2087 παρέξω

121 2098 167 2132 τὴν
183 2098 253 2133 ἐμὴν
263 2118 271 2129 ,
286 2097 358 2124 ὥστε
378 2097 500 2129 ἅπαντας
516 2096 694 2131 ἀξιουμένους
712 2097 848 2124 ὁπτασιῶν
863 2097 906 2124 δῦ-

121 2142 214 2168 νασθαί
229 2151 254 2169 τι
266 2142 316 2168 καὶ
330 2142 394 2176 περὶ
407 2141 460 2168 τῶν
474 2141 610 2176 ἐσομένων
625 2142 749 2176 μηνύειν·
764 2142 806 2177 ἐφ’
821 2142 906 2169 ἅπασι

959 1562 991 1583 ea
1010 1555 1044 1582 de
1059 1555 1113 1582 Deo
1130 1555 1250 1587 dicitur;
1276 1555 1370 1588 veluti,
1392 1565 1400 1581 ι
1412 1556 1574 1584 Neomenias
1596 1562 1701 1586 vestras
1717 1563 1744 1585 et

959 1600 1072 1628 sabbata
1088 1604 1177 1627 vestra
1197 1600 1254 1627 odit
1272 1601 1362 1627 anima
1384 1601 1487 1632 mea”;
1506 1602 1515 1626 ἰ
1534 1602 1657 1629 videlicet
1674 1603 1744 1638 (aui-

959 1645 1042 1681 mam)
1067 1652 1116 1679 pro
1139 1644 1237 1672 aﬂ'eclu
1263 1645 1340 1676 dicit,
1360 1653 1414 1680 quo
1436 1645 1623 1674 solemnitates
1638 1647 1742 1676 oderat.

958 1689 1023 1718 Tale
1037 1693 1115 1718 estet
1131 1690 1213 1717 illud:
1234 1699 1243 1716 ι
1255 1689 1375 1724 Spiritus
1390 1693 1454 1718 tuus
1469 1692 1555 1718 bonus
1572 1691 1686 1719 deducet
1700 1700 1744 1720 me

959 1735 986 1762 in
1007 1739 1106 1762 terram
1128 1740 1230 1763 rectam
1240 1737 1280 1769 δίς
1293 1745 1301 1761 1
1321 1743 1414 1763 curam
1435 1737 1534 1771 quippe
1558 1737 1610 1764 mei
1635 1745 1743 1772 gerens,

959 1780 1057 1815 inquit,
1083 1787 1145 1807 cum
1171 1781 1292 1808 bonitate
1315 1781 1398 1808 multa
1427 1781 1492 1808 mihi
1518 1782 1575 1809 hac
1598 1783 1741 1817 prwbebis.

959 1826 1023 1853 Item
1047 1825 1129 1853 illud:
1160 1825 1311 1861 «Spiritum
1335 1830 1460 1854 sanctum
1481 1831 1557 1854 tuum
1579 1835 1613 1854 ne
1634 1828 1744 1856 auferas

959 1878 974 1897 a
993 1870 1077 1898 me":
1090 1881 1100 1897 ι
1122 1871 1148 1898 id
1162 1875 1213 1902 est,
1231 1879 1265 1898 ne
1285 1874 1359 1898 tuam
1376 1879 1391 1898 a
1408 1878 1451 1898 me
1463 1871 1660 1906 providentiam
1677 1873 1745 1900 sub-

959 1924 1088 1945 moveas:
1117 1921 1143 1944 et
1160 1920 1294 1952 quotquot
1314 1922 1379 1943 sunt
1400 1917 1551 1944 locutiones
1566 1917 1721 1951 hujusmodi
1734 1938 1742 1951 ,

959 1969 993 1988 ne
1005 1961 1136 1996 scriptum
1154 1965 1278 1987 nostrqu
1291 1960 1394 1995 absque
1407 1961 1460 1987 ulla
1472 1961 1589 1988 utilitate
1604 1960 1742 1995 produca-

958 2014 1030 2034 mus.
1048 2006 1093 2034 Sic
1107 2007 1188 2034 ctiam
1211 2006 1262 2034 hoc
1284 2007 1344 2034 loco
1367 2006 1421 2033 ait:
1447 2005 1514 2032 Tam
1529 2005 1645 2041 amplam
1664 2006 1743 2035 vobis

959 2052 1093 2080 exhibebo
1114 2053 1225 2079 tutelam
1242 2060 1340 2084 meam,
1364 2055 1395 2079 ut
1408 2059 1503 2079 omnes
1521 2051 1656 2079 visionum
1677 2052 1742 2080 facti

959 2101 1109 2132 compotes,
1119 2098 1272 2132 signiﬁcare
1281 2097 1384 2132 aliquid
1392 2097 1425 2124 de
1432 2097 1513 2125 rebus
1521 2096 1623 2126 futuris
1629 2102 1741 2133 queant.

959 2142 1061 2170 Prreter
1076 2143 1133 2170 haec
1148 2144 1239 2171 omnia
1260 2151 1335 2176 vero,
1362 2143 1389 2170 in
1412 2143 1482 2170 caelo
1504 2148 1530 2170 et
1546 2150 1629 2178 super
1642 2149 1741 2171 terram

120 2187 146 2214 δὲ
163 2189 191 2214 ὲν
209 2187 320 2224 οὐρανῷ
342 2195 372 2213 τε
387 2187 434 2214 καὶ
453 2187 499 2213 ἐπὶ
516 2187 567 2222 γῆς
580 2187 731 2222 ἐργάσομαι
750 2187 905 2222 θαυμαστὰ,

959 2188 1093 2215 mirabilia
1120 2188 1230 2220 faciam,
1248 2188 1360 2215 multam
1376 2189 1493 2216 hostium
1519 2189 1684 2217 occisionem
1709 2197 1742 2216 ac

121 2233 198 2268 φόνον
218 2234 304 2260 πολὺν
318 2233 372 2259 τῶν
387 2232 525 2265 ἐναντίων,
541 2233 589 2268 τήν
601 2241 631 2259 τε
645 2233 704 2258 κατ’
721 2233 808 2259 αὐτῶν
824 2242 909 2268 ¹τιμω-

121 2279 190 2313 ρίαν,
204 2279 252 2306 καὶ
318 2279 364 2305 καὶ
382 2279 483 2314 ἀτμίδα
498 2278 603 2305 καπνοῦ
618 2277 667 2313 τὴν
681 2277 755 2305 θείαν
769 2278 908 2314 ὑπεμφαί-

121 2332 216 2351 νουσαν
242 2325 347 2360 ὀργήν·
376 2323 626 2359 μεταϐληθήσονται
654 2324 682 2350 δὲ
702 2324 748 2350 καὶ
768 2324 843 2358 ἥλιος
868 2324 908 2355 εἰς

121 2370 213 2401 σκότος
231 2370 280 2396 καὶ
300 2370 316 2405 ἠ
336 2369 434 2404 σελήνη
449 2370 488 2400 είς
507 2366 576 2404 αἷμα
595 2369 665 2396 κατὰ
685 2369 733 2404 τὴν
748 2369 801 2395 τῶν
821 2369 907 2405 ὁρών-

120 2424 170 2442 των
183 2415 327 2442 ὑπόνοιαν·
343 2415 377 2450 ἢν
398 2414 442 2441 διὰ
459 2414 489 2440 τὸ
506 2414 622 2449 μέγεθος
639 2414 693 2440 τῶν
709 2413 905 2449 ἐπιγινομένων

121 2462 208 2492 αὐτοῖς
229 2460 397 2495 ὑπομένουσι
417 2459 525 2486 κακῶν
543 2459 690 2486 καὶταῦτα
709 2459 740 2495 δὴ
760 2460 904 2495 γενήσεται

122 2507 172 2542 πρὸ
184 2506 234 2540 τῆς
248 2505 357 2541 ἡμέρας
377 2505 502 2540 ἐκείνης,
522 2504 555 2540 ἢν
576 2506 694 2541 ἐπιφανῆ
713 2505 757 2532 διὰ
778 2505 828 2540 τῆς
849 2505 904 2532 τῶν

154 2575 175 2588 ⁵·
193 2573 244 2601 lsa.
261 2581 281 2605 ι,
300 2573 344 2600 Η.
382 2572 404 2588 ⁸⁸
419 2571 492 2600 Psal.
505 2580 589 2604 cxnu,
608 2573 652 2600 10.
688 2573 711 2589 ⁸³
728 2571 801 2600 Psal.
820 2579 848 2605 ι,
865 2573 908 2600 15.

154 2651 210 2686 (17)
230 2651 373 2679 Audacius
394 2651 484 2678 dicere
509 2650 560 2678 hoc
577 2650 684 2678 videtur
698 2650 906 2686 Mopsuestenus

120 2687 152 2714 de
165 2686 267 2722 Spiritu
285 2691 393 2722 sancto,
407 2686 485 2722 quasi
499 2687 592 2720 ignoto
607 2694 718 2720 prorsus
730 2687 838 2722 cunctis
853 2687 906 2713 sub

122 2722 176 2756 lege
198 2721 300 2756 Moysis
321 2721 492 2756 hominibus;
508 2728 664 2756 quanquam
685 2729 714 2748 se
731 2721 905 2755 aliquatenus

122 2755 180 2783 max
195 2755 322 2790 corrigit.
343 2756 426 2783 citata
444 2755 516 2782 Petri
537 2755 653 2790 apostoli
675 2756 817 2783 concione.
835 2755 905 2783 Con-

123 2791 279 2818 troversiam
297 2791 367 2817 hanc
380 2790 558 2825 theologicam
579 2790 648 2816 mira
656 2791 816 2825 eruditione
828 2797 904 2818 more

123 2832 169 2852 suo
188 2829 337 2860 pertractat
353 2832 476 2853 summus
499 2824 626 2854 Petavius
647 2824 686 2853 De
707 2824 836 2854 Trinitate
854 2825 901 2854 lib.

957 2234 1145 2270 punitiouem:
1173 2235 1229 2262 imo
1251 2239 1279 2262 et
1304 2235 1369 2262 fumi
1385 2242 1525 2270 vaporem,
1549 2236 1596 2271 qui
1621 2236 1741 2264 divinam

957 2280 1111 2314 pneﬁgurat
1133 2280 1212 2307 iram.
1231 2279 1378 2308 Vertentur
1394 2286 1484 2309 autem
1501 2282 1542 2309 sol
1559 2282 1586 2309 in
1600 2283 1741 2314 tenebras.

956 2328 983 2352 et
997 2325 1059 2352 luna
1077 2325 1104 2352 in
1127 2326 1299 2360 sanguinem,
1315 2326 1393 2360 juxta
1418 2327 1599 2361 spectantium
1625 2327 1741 2363 phanta-

956 2370 1036 2402 siam,
1061 2378 1143 2406 quam
1162 2371 1198 2398 ob
1221 2371 1353 2398 malorum
1378 2373 1536 2408 gravitatem
1553 2373 1740 2407 experientur.

955 2416 1043 2451 Atque
1057 2416 1116 2444 haec
1131 2417 1258 2444 evenient
1268 2422 1331 2445 ante
1344 2418 1415 2445 diem
1427 2418 1514 2451 illum,
1528 2426 1608 2453 quem
1620 2419 1740 2447 hostium

955 2463 1097 2497 punitione
1114 2463 1207 2491 reddet
1224 2464 1369 2492 illustrem.
1388 2465 1460 2492 Inter
1472 2472 1534 2499 quae
1548 2465 1650 2497 omnia,
1674 2473 1742 2493 con-

958 2512 1106 2544 sequentur
1131 2513 1222 2536 tamen
1245 2509 1361 2537 salutem
1385 2509 1412 2536 hi
1434 2509 1481 2544 qui
1495 2509 1617 2537 divinum
1640 2517 1741 2538 nomen

956 2659 989 2685 II,
1005 2652 1031 2679 'l.
1045 2652 1162 2679 Prolatis
1177 2651 1205 2678 in
1219 2650 1336 2678 medium
1349 2649 1461 2677 Patrum
1477 2651 1604 2685 plurimis
1624 2651 1744 2678 testimo-

954 2688 1018 2716 niis.
1039 2687 1139 2721 quibus
1162 2686 1303 2713 addendus
1327 2685 1434 2721 videtur
1457 2685 1698 2721 etiamiglosephus
1715 2686 1742 2713 in

957 2719 1159 2757 Hyponirrestico
1185 2721 1232 2757 lib.
1257 2728 1287 2757 tl,
1304 2727 1366 2754 cap.
1384 2720 1418 2746 66
1439 2719 1526 2757 et_67.
1549 2719 1605 2748 Nos
1627 2719 1691 2747 vero
1709 2721 1743 2757 de

953 2754 1004 2784 hac
1019 2765 1047 2784 re
1071 2756 1168 2783 iterum
1190 2755 1289 2782 dicturi
1305 2762 1400 2782 sumus
1415 2754 1449 2780 ad
1466 2754 1594 2789 Agga‘um
1608 2759 1688 2789 atque
1708 2754 1742 2781 ad

953 2790 1110 2818 Zachariam
1123 2811 1130 2821 .
1148 2790 1192 2817 ubi
1214 2789 1370 2817 liberiorem
1387 2789 1458 2817 hanc
1476 2789 1640 2818 sententiam
1660 2795 1740 2817 suam

953 2825 1160 2862 Mopsucstenus
1175 2829 1288 2860 repetet.
