1973 3066
193 115 243 142 251

767 111 941 140 TIIEODORI
961 110 1202 140 MOPSUESTENI

1760 110 1815 138 952

192 170 395 202 invocaverint,
412 168 458 204 qui
472 173 498 196 ct
527 168 553 195 in
572 172 690 196 montem
707 167 817 195 Sionem
841 175 873 194 ac
900 166 979 194 Jeru-

1037 166 1159 193 ἐναντίων
1178 165 1321 200 ἐργάσεται
1334 164 1479 201 τιμωρίας·
1492 166 1520 192 ὲν
1531 163 1571 197 οἷς
1581 166 1666 193 ἅπασι
1676 164 1816 198 τεύξονται

193 217 276 245 salem
303 216 450 243 ascenderit
476 215 643 242 incolumes:
674 213 892 249 quandoquidem
916 213 974 240 hzcc

193 262 265 290 Deus
280 261 417 296 promisit,
433 264 459 286 et
470 260 591 287 nuntiari
606 260 743 287 concessit
758 259 823 290 illis,
842 262 975 294 quotquot

194 308 227 334 ad
252 307 325 333 hunc
348 305 464 332 reditum
490 305 608 332 vocavit.
636 305 724 340 Atque
749 304 794 332 hic
813 308 855 332 est
879 304 975 331 obvius

194 351 340 378 locutionis
355 350 435 385 hujus
448 357 556 378 sensus.

230 485 327 521 “At
343 484 416 511 enim
428 484 524 511 beatus
535 483 633 511 Petrus
647 491 706 510 eam
725 482 849 510 adhibuit
862 482 970 510 Judmos

196 531 336 566 alloquens
343 530 376 562 “.
392 530 426 557 de
441 531 529 557 sancti
549 530 668 564 Spiritus
695 529 840 561 descensu,
855 528 917 562 jure
929 528 977 555 ad-

196 577 323 610 modum;
346 583 463 610 namque
473 575 568 602 umbra
580 574 735 601 futurarum
751 573 873 600 omnium
887 581 976 599 rerum

196 623 239 650 lex
257 622 306 649 l'uit
322 625 397 648 :tum
418 624 445 647 et
472 620 587 655 populus
612 619 657 646 Dei
684 619 853 654 providentia
878 618 978 653 dignus

197 667 356 697 habebatur,
383 669 494 700 prnpler
515 667 662 691 eventuum
687 664 920 698 exspectationem
950 663 977 690 in

196 711 296 739 Christi
312 711 418 738 Domini
431 710 560 737 adventu.
576 709 717 744 Erantque
731 716 776 736 res
792 709 900 744 quidem
917 709 979 735 illn-

197 766 258 785 rum
271 764 367 784 omnes
385 757 499 792 exiguw,
524 760 551 783 et
565 760 694 790 tanquam
711 754 737 781 in
765 754 860 782 umbra
873 754 981 780 contin-

197 807 302 838 geutcs,
321 802 389 829 adeo
404 805 433 828 ut
446 801 519 836 quod
539 802 572 828 ad
591 801 652 828 illos
669 801 778 831 attinet.
805 799 980 835 hyperbolice

197 832 290 885 potius
315 849 387 876 dicta
415 832 526 880 fuerintI
554 855 636 882 quam
661 854 690 874 re
707 847 766 881 ipsa
783 832 978 873 se-haherent.
997 832 1017 859 Β

199 895 253 922 Sed
276 893 412 921 dictorum
445 893 586 919 veritatem
616 892 718 919 exitum
741 899 821 919 suum
851 892 981 919 habuisse

199 945 368 976 cotupertmn
386 944 429 966 est
448 939 474 966 in
495 939 619 971 Christo,
647 945 702 973 quo
725 942 846 972 tempore
867 938 981 972 grandia

198 987 302 1017 omnia.
318 990 345 1013 et
358 989 462 1012 terrore
476 985 565 1019 plena,
589 991 707 1018 vereque
727 991 796 1010 nova
810 986 837 1010 et
854 983 982 1018 inexspe-

199 1036 271 1059 ctata
287 1032 372 1062 fuere,
387 1035 414 1057 et
432 1030 530 1056 mirum
542 1033 675 1063 quantum
697 1029 838 1063 superiora
855 1029 887 1056 iis
921 1036 981 1064 qua:

200 1077 227 1104 in
241 1077 297 1110 lege
310 1075 381 1102 facta
403 1078 466 1101 sunt
483 1083 488 1100 :
507 1074 574 1100 adeo
586 1078 614 1099 ut
629 1080 673 1100 res
695 1071 800 1100 Veteris
814 1072 981 1100 Testamenti

199 1121 351 1156 vertigmatis
367 1120 454 1147 locum
479 1123 606 1151 teneant;
621 1119 745 1146 veritatis
761 1123 863 1152 autem,
889 1127 980 1147 rerum

201 1167 252 1195 sub
263 1166 373 1193 Christo
388 1169 510 1191 actarum
527 1163 696 1198 magnitudo.
717 1163 763 1191 Sic
777 1164 872 1192 beatus
896 1164 981 1192 David

200 1214 233 1240 de
249 1212 348 1247 populo
363 1211 442 1243 dicit,
459 1209 531 1245 quod
554 1210 683 1236 derelicta
711 1217 765 1236 non
790 1210 871 1237 fuerit
890 1211 981 1237 anima

200 1258 259 1291 ejus
271 1257 297 1284 in
315 1256 433 1287 inferno.
449 1262 537 1289 neque
553 1262 617 1281 earo
634 1253 756 1288 ejusdem
773 1254 869 1281 viderit
886 1262 983 1282 corru-

201 1303 321 1338 ptionem
332 1302 355 1318 “
374 1311 380 1328 ε
396 1301 469 1336 quod
501 1300 528 1326 in
559 1307 650 1327 rerum
673 1303 770 1326 natura
790 1301 903 1335 cogitari
927 1309 982 1328 non

203 1352 313 1382 potest;
344 1347 392 1375 sed
423 1345 610 1380 metaphorice
633 1345 691 1372 sive
716 1345 891 1380 hyperbolice
917 1346 983 1374 dicit

202 1397 327 1428 ereptum
362 1392 448 1419 fuisse
475 1390 597 1425 periculo
625 1391 820 1424 corruptionis.
857 1391 982 1418 Attamen

203 1438 338 1465 dictarum
364 1444 455 1464 rerum
476 1435 575 1462 veritas
598 1435 625 1461 in
647 1435 757 1461 Christo
775 1435 888 1462 Domino
902 1443 984 1471 appa-

203 1483 269 1515 ruit,
279 1482 358 1516 cujus
373 1488 461 1516 neque
475 1480 572 1507 animae
585 1480 739 1514 derelinqui
762 1480 874 1514 contigit
890 1481 917 1507 in
939 1481 982 1508 in-

204 1528 292 1560 ferno,
310 1533 442 1555 revocata;
459 1526 587 1552 nimirum
606 1526 633 1552 in
655 1533 754 1559 corpus
767 1529 877 1560 propter
894 1534 985 1553 resur-

205 1573 353 1600 rectionem
373 1580 379 1598 :
398 1578 485 1606 neque
499 1578 599 1605 corpus
613 1570 817 1604 corruptionem
840 1570 920 1597 ullam
937 1579 986 1598 ex-

204 1622 312 1651 pertttm
324 1621 367 1644 est
383 1626 390 1644 :
408 1617 447 1643 ita
464 1621 493 1643 ut
505 1623 559 1643 non
575 1616 664 1642 solum
687 1616 825 1650 propriam
843 1616 988 1644 retinuerit

207 1663 333 1697 ﬁguram,
346 1662 374 1688 in
387 1669 440 1696 qua
457 1665 593 1687 mortuum
605 1660 706 1692 fuerat,
721 1659 770 1687 sed
785 1660 867 1687 etiam
887 1661 913 1687 in
935 1662 987 1688 im-

208 1705 350 1733 mortalem
380 1704 668 1738 incorruptihilemque
688 1709 812 1731 naturam
826 1706 987 1733 translatum

207 1752 242 1778 sit
261 1761 267 1778 :
283 1751 319 1778 ita
347 1754 377 1777 ut
402 1754 493 1777 vetera
513 1749 558 1776 illa
576 1749 631 1776 sint
647 1749 775 1784 aenigma,
798 1751 924 1778 Christus
943 1759 990 1778 au-

206 1802 260 1824 tem
283 1796 396 1824 veritas.
421 1795 603 1828 Quamobrem
630 1802 662 1822 ea
693 1795 829 1823 locutione
851 1804 918 1824 usus
946 1801 989 1824 est

206 1843 287 1869 etiam
305 1842 399 1868 beatus
413 1840 520 1872 Petrus,
536 1840 615 1875 quasi
637 1841 702 1867 olim
718 1841 827 1875 quidem
838 1842 987 1875 quamdam

207 1888 243 1914 ob
257 1894 367 1926 causam
390 1885 576 1920 metaphoriee
593 1885 666 1912 dicta
693 1886 785 1918 fuerit,
811 1894 883 1913 nunc
899 1892 988 1914 autem

207 1941 301 1960 verum
317 1932 419 1959 exitum
436 1933 463 1958 in
488 1931 555 1965 ipsis
577 1932 660 1958 rehus
682 1936 761 1958 nacta
784 1932 829 1965 sit,
847 1937 876 1959 ut
905 1934 990 1960 multo

208 1979 294 2013 magis
307 1981 429 2012 oporteat
449 1977 630 2012 praesentibus
643 1977 766 2011 credere,
783 1985 864 2013 quam
879 1979 944 2007 olim
958 1988 990 2008 ea

208 2032 252 2051 res
267 2023 441 2050 admirationi
459 2026 528 2050 erat.

242 2075 311 2102 Cum
324 2081 387 2102 vero
404 2075 489 2101 multa
514 2074 670 2109 hujusmodi
692 2075 718 2102 in
736 2075 827 2103 divina
847 2077 988 2114 Scriptura

208 2121 347 2154 ferantur,
374 2121 519 2149 consimile
547 2122 598 2149 hoc
628 2130 738 2158 quoque
762 2125 908 2153 manifeste
936 2131 988 2154 est.

208 2167 275 2194 Nam
293 2167 426 2195 Dominus
442 2167 512 2195 Deus
526 2168 676 2196 secundum
706 2174 825 2197 veterem
844 2176 992 2200 consuetu-

209 2213 301 2240 dinem
318 2211 427 2240 αἰυάεὲοε
443 2214 583 2248 prophetae
599 2214 654 2249 85
674 2223 722 2242 ore
738 2216 890 2250 alloquens,
914 2226 991 2245 suam

209 2257 317 2285 abunde
343 2258 527 2292 prazstiturum
554 2265 647 2285 curam
672 2259 832 2291 allirmahat,
842 2265 869 2287 et
888 2261 992 2296 reliqua

209 2302 345 2338 quomodo
375 2307 454 2330 antea
472 2303 681 2338 explanavimus
705 2313 712 2330 :
735 2311 884 2332 evenerunt
902 2311 991 2334 autem

210 2356 272 2376 vere
286 2348 378 2376 omnia
395 2348 423 2375 in
437 2348 548 2376 Christo
564 2348 688 2382 Domino,
703 2350 766 2384 quia
784 2355 811 2377 et
826 2351 866 2378 sol
882 2352 994 2379 oblenc-

211 2392 304 2419 hralus
318 2392 378 2424 l'uit,
397 2396 424 2419 et
441 2392 504 2418 luna
526 2399 588 2419 cum
602 2393 648 2420 illo
664 2402 671 2419 :
687 2398 714 2420 et
731 2395 841 2428 grandia
867 2396 894 2422 in
913 2398 993 2430 cmlo,

211 2437 351 2471 multaque
367 2438 449 2464 etiam
468 2438 495 2464 in
510 2443 580 2465 terra
606 2439 775 2466 exstiterunt
797 2441 920 2476 prodigia
943 2451 950 2468 τ
969 2447 995 2470 et

212 2482 341 2510 salutaris
353 2483 466 2517 sanguis
481 2482 584 2509 Christi
601 2482 708 2510 Domini
718 2485 795 2512 visus
810 2490 852 2512 est
867 2495 874 2512 ι
889 2490 915 2513 et
925 2487 995 2522 ignis

212 2527 308 2562 ﬁgura,
319 2527 491 2554 advenientis
500 2527 617 2561 Spiritus
628 2529 814 2562 operationem
825 2530 991 2565 signiﬁcans,

212 2573 255 2599 cui
272 2572 353 2599 etiam
369 2572 509 2607 praecessit
530 2572 596 2600 fumi
612 2581 706 2608 vapor,
732 2575 767 2601 ob
791 2575 863 2602 illam
884 2581 994 2611 porten-

212 2616 328 2644 dendam
351 2624 458 2651 pmnam
482 2625 542 2651 qua:
561 2618 678 2645 audaces
701 2619 880 2647 crucilixores
901 2629 995 2648 corre-

212 2667 292 2697 ptura
303 2667 372 2689 erat.
390 2661 467 2688 Tunc
479 2670 545 2688 sane
554 2663 788 2698 participaverunt
798 2672 893 2693 omnes
904 2667 995 2694 sancti

212 2707 332 2743 Spiritus
354 2707 479 2743 gratiam,
505 2707 589 2735 variis
610 2715 642 2736 ac
669 2709 762 2737 multis
782 2710 994 2741 chat'ismatibus

247 2795 270 2813 ⁸⁵
284 2795 343 2824 Act.
359 2804 389 2832 ll,
404 2796 446 2824 l6.
483 2797 505 2814 "
516 2797 586 2826 Psal.
604 2806 648 2831 xv,
670 2797 712 2826 l0.

1024 213 1073 247 τῆς
1095 212 1231 247 σωτηρίας
1249 212 1274 238 οἰ
1293 212 1342 246 τὴν
1363 212 1512 246 ὀνομασίαν
1533 211 1743 246 ἐπικαλούμενοι
1766 210 1817 246 τὴν

1025 258 1100 284 Θείαν
1111 266 1117 272 ”
1134 257 1158 284 οἳ
1174 257 1220 284 καὶ
1238 258 1284 283 ἐπὶ
1302 257 1332 284 τὸ
1347 257 1409 292 ὅρος
1431 256 1500 283 Σιὼν
1521 257 1568 283 καὶ
1586 257 1632 283 ἐπὶ
1647 257 1695 291 τὴν
1716 257 1816 291 Ἰερου-

1026 304 1115 339 σαλὴμ
1130 303 1309 338 ἀναϐήσονται
1325 303 1492 338 σεσωσμένοι
1503 311 1509 317 ·
1521 303 1616 337 ἐπειδὴ
1630 302 1717 328 ταῦτα
1731 303 1818 337 ἐπηγ-

1025 349 1132 383 γείλατο
1149 357 1176 374 τε
1197 349 1273 380 Θεὸς,
1296 349 1343 374 καὶ
1366 348 1594 382 εὐαγγελίσασθαι
1610 348 1724 374 δέδωκεν
1743 347 1817 373 ὲκεί-

1025 401 1089 423 νοις,
1106 394 1142 426 (p.
1160 392 1220 426 1‘27)
1232 392 1346 423 ὁπόσους
1359 393 1398 423 εἰς
1416 392 1465 426 τὴν
1477 391 1605 418 ἐπάνοδον
1625 391 1816 427 προσκέκληκε

1025 438 1137 473 ταύτην.
1151 438 1183 464 Ἣ
1197 438 1244 472 μὲν
1257 437 1289 472 δὴ
1303 437 1447 473 πρόχειρος
1460 437 1509 472 τῆς
1520 437 1620 470 λέξεως
1638 437 1725 463 ἔννοια
1735 437 1818 472 αὕτη.

1075 484 1104 509 '0
1120 483 1146 509 δέ
1163 491 1194 517 γε
1217 483 1350 517 μακάριος
1374 482 1442 517 αὐτῇ
1466 483 1569 517 Πέτρος
1594 483 1727 517 ἐχρήσατο
1749 482 1818 517 πρὸς

1033 528 1175 560 Ἰουδαίους
1190 528 1379 563 διαλεγόμενος
1393 528 1438 554 ἐπὶ
1451 529 1484 562 τῇ
1505 527 1551 554 τοῦ
1566 529 1645 562 ἁγίου
1661 527 1818 562 Πνεύματος

1035 574 1154 609 καθόδῳ,
1173 575 1244 610 μάλα
1261 574 1387 605 εἰκότως·
1406 574 1498 610 ἐπειδὴ
1521 574 1598 601 σκιὰν
1621 574 1670 608 μὲν
1692 574 1818 600 ἁπάντων

1035 621 1088 647 τῶν
1104 620 1253 655 μελλόντων
1273 619 1344 655 εἶχεν
1361 620 1375 646 ὁ
1389 619 1470 654 νόμος
1480 627 1486 633 ·
1509 619 1670 654 κηδεμονίας
1684 619 1712 645 δὲ
1727 620 1740 644 ὁ
1755 618 1820 649 λαές

1029 666 1135 700 ἠξιοῦτο
1142 665 1185 692 διὰ
1192 666 1240 701 τὴν
1252 665 1304 692 τῶν
1318 665 1511 700 φανησομένων
1519 665 1681 700 προσδοκίαν
1690 665 1719 690 ἐν
1728 665 1760 699 τῇ
1770 663 1818 690 τοῦ

1029 711 1162 738 Δεσπότου
1171 711 1287 747 Χριστοῦ
1298 711 1440 746 παρουσίᾳ”
1454 711 1499 736 καὶ
1507 708 1541 745 ἦν
1550 710 1583 736 τὰ
1593 709 1641 745 μὲν
1652 710 1694 736 ἐπ’
1705 709 1819 736 ἐκείνων

1032 757 1118 792 μικρὰ
1140 757 1227 784 πάντα
1241 758 1288 783 καὶ
1305 756 1342 788 ὡς
1359 758 1388 783 ὲν
1412 757 1475 790 σκιᾷ
1497 755 1646 791 γινόμενα·
1677 755 1746 781 ὥστε
1771 755 1820 780 καὶ

1034 805 1222 841 ὑπερϐολικῶς
1239 804 1363 840 είρῆσθαι
1381 803 1479 839 μᾶλλον
1492 803 1508 837 ἢ
1524 803 1558 829 τὰ
1572 802 1721 837 πράγματα
1736 798 1818 836 εἶχεν·

1033 852 1049 886 ἡ
1072 851 1100 877 δὲ
1120 851 1174 877 τῶν
1197 850 1348 885 εἰρημένων
1369 849 1482 884 ἀλήθεια
1499 848 1548 883 τὴν
1568 848 1679 874 ἔκϐασιν
1695 847 1820 882 ἐφαίνετο

1033 897 1079 922 sit).
1105 896 1151 922 τοῦ
1176 896 1310 922 Δεσπότου
1332 894 1507 930 λαμδόινουσα
1533 893 1651 929 Χριστοῦ
1667 913 1674 923 ,
1702 892 1820 927 ὕπηνίκα

1033 942 1121 968 πάντα
1136 939 1170 976 ἦν
1187 941 1292 976 μεγάλα
1306 941 1354 966 καὶ
1372 940 1454 974 φόϐου
1482 939 1578 975 μεστὰ,
1602 938 1682 965 καινά
1693 947 1723 965 τε
1736 938 1821 969 ὅντως

1034 987 1182 1022 παράδοξα,
1207 986 1254 1013 καὶ
1278 987 1403 1013 πλεῖστον
1428 985 1490 1012 ὅσον
1517 984 1712 1020 ὑπερϐαίνοντα
1735 984 1770 1010 τὰ
1791 984 1820 1010 ἐν

1034 1033 1108 1068 νόμῳ
1119 1033 1276 1068 γιγνόμεναε
1293 1032 1330 1063 ὡς
1346 1031 1506 1066 αἰνίγματος
1523 1030 1572 1064 μὲν
1589 1030 1623 1056 τὰ
1643 1030 1687 1056 ἐπὶ
1698 1027 1749 1063 τῆς
1760 1029 1819 1055 Πα-

1034 1078 1113 1110 λαιᾶς
1124 1077 1261 1113 Διαθήκης
1269 1077 1345 1109 τάξιν
1359 1076 1477 1111 ἐπέχειν,
1494 1075 1622 1110 ἀληθείας
1641 1074 1668 1100 δὲ
1683 1072 1751 1100 εἶναι
1766 1073 1821 1100 τῶν

1035 1125 1080 1151 ἐπὶ
1105 1125 1151 1151 τοῦ
1175 1124 1308 1150 Δεσπότου
1327 1123 1444 1159 Χριστοῦ
1469 1122 1619 1157 γινομένων
1636 1122 1665 1148 τὸ
1687 1120 1819 1156 μέγεθοςο

1034 1171 1119 1202 οὕτως
1140 1172 1154 1197 ὁ
1177 1171 1310 1206 μακάριος
1333 1170 1406 1204 λέγει
1430 1169 1510 1197 Δαυῗδ
1525 1169 1588 1204 περὶ
1602 1168 1648 1194 τοῦ
1673 1166 1756 1197 λαοῦ.
1779 1167 1822 1192 ὃτι

1033 1217 1093 1243 Οὐκ
1104 1216 1317 1250 ἐγκατελείφθη
1336 1216 1353 1248 ὴ
1368 1215 1451 1249 ψυχὴ
1463 1214 1556 1241 αὑτοῦ
1566 1215 1608 1246 εἰς
1623 1213 1708 1246 ᾅδην,
1721 1211 1790 1238 οὐδὲ
1800 1212 1819 1245 ἡ

1035 1262 1112 1296 σὰρξ
1130 1262 1223 1288 αὐτοῦ
1245 1260 1305 1288 εἶδε
1329 1260 1510 1295 διαφθοράν⁶
1535 1261 1602 1294 ὅπερ
1626 1260 1675 1285 οὐκ
1701 1258 1746 1284 ἐπὶ
1766 1257 1821 1283 τῶν

1035 1306 1204 1341 πραγμάτων
1218 1306 1335 1333 νοεῖσθαι
1352 1305 1476 1335 δυνατὸν,
1500 1303 1690 1339 μεταφορικῶς
1713 1303 1741 1329 δὲ
1760 1302 1821 1337 ἦτοι

1036 1351 1220 1385 ὑπερδολικῶς
1234 1350 1318 1384 λέγει,
1332 1351 1372 1377 ὃτι
1389 1350 1488 1385 ἐξῄρθη
1495 1349 1614 1376 κινδύνου
1628 1347 1798 1383 ῆδιαφθορᾶς
1812 1355 1820 1362 ⁵

1036 1398 1052 1432 ή
1068 1397 1095 1423 δὲ
1111 1396 1158 1422 τοῦ
1173 1397 1334 1432 πράγματος
1349 1397 1462 1432 ἀλήθεια
1475 1397 1528 1422 τῶν
1545 1396 1694 1431 εἰρημένων
1713 1395 1764 1422 ὑπὸ
1774 1394 1820 1421 τοῦ

1036 1442 1169 1469 Δεσπὸτου
1189 1443 1227 1476 (p.
1245 1442 1305 1476 128)
1321 1442 1457 1469 δείκνυται
1475 1441 1592 1477 Χριστοῦ
1603 1462 1609 1473 ,
1634 1441 1677 1467 ὅτε
1694 1440 1754 1466 οὕτε
1771 1441 1822 1475 τὴν

1035 1487 1123 1522 ψυχὴν
1138 1486 1219 1513 αὐτοῦ
1235 1487 1448 1522 καταλειφθῆναι
1466 1487 1560 1521 γέγονε
1579 1488 1618 1517 εἰς
1634 1486 1700 1521 ᾅδην
1717 1487 1822 1512 ἀποκα-

1035 1533 1172 1560 ταστᾶσαν
1187 1532 1226 1567 τῷ
1241 1532 1346 1568 σώματι
1367 1533 1410 1559 διὰ
1424 1533 1472 1567 τῆς
1493 1532 1663 1563 ἀναστάσεως
1678 1540 1685 1546 ο
1711 1531 1772 1557 οὔτε
1791 1530 1823 1557 τὸ

1036 1579 1116 1614 σῶμα
1134 1578 1281 1614 διαφθοράν
1304 1587 1363 1605 τινα
1380 1578 1589 1613 ὑπομεμένηκεν
1604 1586 1611 1593 υ
1636 1577 1673 1608 ὡς
1692 1576 1728 1612 μὴ
1745 1577 1823 1611 μόνον

1037 1625 1083 1651 ἐπὶ
1099 1624 1145 1651 τοῦ
1161 1624 1260 1651 οἰκείου
1278 1625 1366 1659 μεῖναι
1382 1625 1528 1659 σχήματος,
1542 1624 1570 1650 ἐν
1584 1619 1606 1657 ᾧ
1620 1623 1651 1658 δὴ
1665 1622 1823 1657 τετελεύτη-

1036 1679 1094 1697 κεν.
1111 1670 1179 1696 ἀλλὰ
1192 1670 1247 1704 γὰρ
1264 1670 1311 1696 καὶ
1325 1670 1364 1700 εἰς
1377 1669 1509 1695 ἀθάνατον
1527 1668 1573 1694 καὶ
1585 1667 1723 1703 ἄφθαρτον
1738 1674 1822 1702 μετα-

1038 1715 1132 1750 στῆναι
1148 1715 1229 1750 φύσιν
1240 1722 1248 1729 ·
1272 1714 1309 1745 ὡς
1322 1713 1391 1740 εἶναι
1408 1715 1496 1740 ἐκεῖνο
1510 1714 1557 1749 μὲν
1573 1713 1695 1747 αἴνιγμα,
1710 1712 1783 1738 τουτὶ
1796 1712 1824 1738 δὶ

1039 1762 1168 1797 ἀλήθειαν
1178 1770 1184 1777 ·
1208 1761 1301 1795 διόπερ
1314 1761 1449 1796 ἐχρήσατο
1463 1761 1495 1795 τῇ
1513 1761 1587 1794 φωνῇ
1604 1759 1650 1785 καὶ
1664 1759 1677 1784 ὁ
1692 1758 1825 1793 μακάριος

1038 1807 1139 1842 Πέτρος
1149 1828 1156 1838 ,
1171 1807 1209 1838 ὡς
1221 1807 1254 1834 ἂν
1267 1806 1329 1832 τότε
1345 1807 1392 1840 μὲν
1408 1806 1478 1832 κατά
1494 1814 1553 1831 τινα
1570 1805 1660 1831 αἰτίαν
1678 1811 1826 1839 μεταφορι-

1038 1852 1093 1882 κῶς
1108 1852 1250 1887 εἰρημένῃ,
1266 1851 1313 1878 νῦν
1331 1851 1359 1877 δὲ
1379 1851 1464 1886 ἀληθῆ
1487 1851 1537 1884 τὴν
1552 1849 1662 1876 ἑκϐασιν
1676 1850 1719 1875 ἐπ’
1735 1848 1826 1875 αὐτῶν

1042 1896 1162 1922 λαϐοῦσα
1186 1896 1239 1922 τῶν
1256 1896 1445 1931 πραγμάτων
1471 1894 1540 1921 ὥστε
1566 1894 1611 1920 χαί
1635 1893 1723 1928 πολλῷ
1746 1893 1825 1920 πλέον

1043 1941 1097 1968 δεῖν
1113 1942 1167 1974 τοῖς
1181 1941 1228 1968 νῦν
1243 1941 1390 1973 πιστεύειν,
1404 1940 1421 1976 ἢ
1435 1941 1495 1967 τότε
1510 1939 1661 1975 ἐθαύμαζον
1677 1940 1774 1965 ἐκεῖνο.

1077 2082 1184 2109 Πολλῶν
1203 2082 1231 2108 δὲ
1246 2081 1373 2108 τοιούτων
1387 2081 1471 2108 ὄντων
1490 2082 1536 2108 ἐπὶ
1550 2081 1599 2116 τῆς
1619 2081 1693 2112 θείας
1705 2080 1825 2115 Γραφῆς.

1042 2128 1191 2163 παρόμοιον
1209 2128 1349 2163 προδήλως
1368 2128 1426 2154 ἐστὶ
1440 2128 1488 2154 καὶ
1501 2127 1531 2154 τὸ
1545 2127 1631 2162 παρόν
1645 2135 1651 2142 ·
1676 2127 1689 2153 ὁ
1707 2125 1756 2161 μὲν
1773 2126 1826 2162 γὰρ

1042 2173 1180 2208 Δεσπότης
1203 2172 1268 2204 Θεδς
1285 2173 1355 2199 κατὰ
1379 2172 1426 2207 τὴν
1448 2172 1507 2198 τότε
1528 2172 1671 2206 συνήθειαν
1693 2171 1827 2202 Ἰουδαίοις

1042 2218 1230 2253 διαλεγόμενος
1252 2218 1296 2244 διὰ
1318 2217 1365 2244 τοῦ
1385 2218 1535 2252 προφήτου,
1560 2218 1608 2252 τήν
1621 2217 1722 2243 οἰκείαν
1738 2217 1828 2247 αὐτοῖς

1044 2263 1210 2299 παρέχεσθαι
1228 2262 1348 2297 δαψιλῶς
1374 2262 1449 2296 ἔλεγε
1466 2262 1635 2298 κηδεμονίαν.
1654 2262 1699 2288 καὶ
1713 2261 1746 2288 τὰ
1765 2261 1828 2295 ἑξῆς

1042 2308 1069 2334 δὲ
1097 2308 1156 2335 καθ’
1189 2308 1217 2334 ὃν
1243 2307 1457 2343 ήρμηνεὺκαμεν
1489 2308 1609 2342 τρόπον·
1634 2306 1775 2341 ,ἐκϐέϐηκε
1799 2305 1828 2332 δὲ

1044 2354 1150 2380 ἅπαντα
1170 2353 1238 2388 μετὰ
1262 2354 1310 2388 τῆς
1324 2353 1451 2387 ἀληθείας
1471 2353 1517 2379 ἐπὶ
1541 2352 1587 2379 τοῦ
1611 2352 1747 2379 Δεσπότου
1764 2352 1830 2387 Χρι-

1044 2399 1106 2425 σῖοῦ
1116 2408 1122 2413 ·
1139 2399 1179 2425 ὅτι
1194 2399 1240 2425 καὶ
1258 2399 1332 2433 ἥλιος
1347 2399 1430 2430 ὅντως
1445 2398 1587 2433 ἐσκοτίσθη
1598 2417 1604 2429 ,
1623 2399 1669 2424 καὶ
1690 2398 1786 2432 σελήνη
1800 2397 1828 2422 δὲ

1045 2445 1092 2469 σὺν
1105 2443 1202 2478 ἐκείνῳ
1212 2451 1218 2458 ·
1237 2445 1283 2470 κειί
1299 2444 1405 2479 μεγάλα
1420 2444 1468 2478 μὲν
1485 2445 1513 2470 ὲν
1528 2443 1644 2479 οὐρανῷ,
1662 2443 1746 2468 πολλὰ
1759 2443 1785 2468 δὲ
1800 2443 1829 2468 ὲν

1044 2490 1077 2523 τῇ
1093 2490 1127 2524 γῇ
1143 2489 1236 2522 γέγονε
1252 2489 1353 2524 τέρατα
1365 2498 1372 2503 ·
1390 2487 1460 2524 αἷμὰ
1474 2498 1503 2515 τε
1525 2489 1643 2523 ἀνεφάνη
1661 2487 1706 2514 τοῦ
1725 2487 1827 2514 Δεσπό-

1046 2540 1093 2558 του
1115 2532 1231 2567 Χριστοῦ
1251 2533 1282 2559 τὸ
1306 2534 1455 2568 σωτήριον·
1482 2533 1528 2559 καὶ
1544 2532 1597 2567 πῦρ
1612 2533 1682 2559 κατα
1695 2532 1744 2568 τὴν
1760 2531 1829 2558 ἰδέαν

1047 2577 1093 2603 τοῦ
1108 2577 1282 2611 φοιτήσαντος
1305 2578 1460 2614 Πνεύματος
1483 2578 1530 2612 τὴν
1556 2578 1694 2612 ἐνέργειαν
1719 2577 1829 2612 μηνύον,

1048 2621 1133 2658 οὗπερ
1147 2623 1192 2651 οὖν
1206 2625 1253 2651 καὶ
1267 2625 1349 2659 ἀτμὶς
1372 2625 1518 2659 προηγεῖτο
1532 2622 1647 2653 καπνοῦ,
1664 2623 1703 2653 ιίς
1723 2622 1830 2656 ἔλεγχον

1049 2669 1097 2704 τῆς
1112 2669 1336 2705 καταληῴομένης
1351 2670 1412 2701 τοὺς
1436 2672 1481 2696 τον
1506 2670 1619 2704 σταυρὸν
1633 2667 1830 2702 τετολμηκότας

1047 2714 1191 2750 τιμωρίας
1206 2715 1243 2750 (p.
1259 2715 1319 2751 1‘29)
1333 2715 1392 2741 τότε
1406 2714 1438 2750 δὴ
1453 2715 1499 2742 καὶ
1513 2715 1642 2750 μετέσχον
1654 2713 1771 2744 ἅπαντες
1780 2712 1831 2748 τῆς
