1973 3066
143 172 198 203 1‘53

650 173 925 204 COMMENTANUS
945 176 977 203 IN
999 175 1114 204 JOELIS
1131 178 1207 205 CAP.
1226 178 1271 205 Ill.

1715 175 1768 206 233

140 231 193 259 τοῦ
205 232 284 266 ἁγίου
301 229 460 267 Πνεῦμα-τος
475 233 595 268 χάριτος,
614 234 743 260 ποικίλων
757 242 785 260 τε
806 234 853 261 καὶ
867 234 932 260 πολ-

987 232 1062 267 digni
1080 238 1144 260 sunt
1160 234 1243 261 habiti
1259 243 1265 260 :
1281 241 1396 269 quorum
1408 234 1453 261 alii
1465 234 1650 270 praedicelnant
1666 235 1767 267 fultura.

143 276 200 303 λῶν
212 277 391 313 χαρισμάτων
403 277 574 310 ἀξιωθέντες·
588 275 625 305 ὧν
642 279 668 305 οί
686 279 735 314 μὲν
748 279 931 315 προηγόρευον

144 322 176 348 τδ
191 322 304 357 μέλλον,
320 323 345 349 οί
363 323 392 349 δὲ
408 323 522 350 πλεῖστα
535 324 585 350 ὅσα
604 324 814 360 κατειργάζοντο
830 327 870 357 είς
888 325 932 352 πί-

145 368 245 394 στωσίν
257 377 288 395 τε
297 368 345 395 τοῦ
360 369 491 404 μεγεθους
505 369 559 396 τῶν
573 371 732 406 γινομένων,
749 372 797 398 καὶ
809 372 848 402 είς
857 371 933 405 ελεγ-

144 422 191 448 χον
207 414 257 449 τῆς
270 413 350 449 δόξης
360 415 412 450 τῆς
429 416 493 451 περὶ
508 417 554 443 τδν
571 418 710 453 Δεσπὰιην
733 418 850 454 Χριστόν
861 427 868 434 ⁸
895 419 932 450 ὡς

144 459 225 486 τοῦτο
235 459 268 495 δὴ
281 460 313 487 τὺ
327 460 411 487 πάλαι
426 461 469 488 διὰ
490 461 538 489 τοῦ
552 464 691 498 προφήτου
715 464 903 499 μεταφορικῶς
915 464 931 500 ἧ

145 503 335 540 ὑπερϐολικῶς
349 506 503 542 εἰρημένον,
518 507 688 543 πραγμάτων
699 509 749 544 τὴν
758 509 849 541 δεῖξιν,
865 509 933 545 μετὰ

146 549 195 576 τοῦ
209 549 256 577 καὶ
270 551 445 578 ἐλαττοῦσθαι
461 552 516 579 τῶν
538 553 708 588 πραγμάτων
728 554 775 580 τὸν
796 554 873 587 λόγον
889 562 895 568 ·
914 555 930 588 ἡ

147 594 198 630 μὲν
210 593 258 622 οὖν
270 595 354 628 αἰτία,
371 595 425 623 εἴτε
448 596 549 632 ταύτης
564 597 612 632 τῆς
627 598 729 633 φωνῆς,
745 599 799 625 εἴτε
818 599 865 625 καὶ
879 598 932 625 τῶν

146 640 261 672 λοιπῶν,
273 642 374 673 ὁπόσας
384 643 426 677 ἐφ’
436 642 536 678 ἑτέρων
549 643 697 678 εἰρημένας
714 644 786 680 παρὰ
801 646 855 676 τοῖς
867 653 932 679 προ-

148 686 258 722 φήταις,
272 688 313 719 είς
325 687 374 722 τὴν
388 688 458 714 κατὰ
474 688 520 715 τὸν
528 690 664 725 Δεσπότην
677 691 791 725 Χριστὸν
809 690 932 723 ἐξέλαϐον

147 730 305 765 οἰκονομίαν
326 732 351 758 οί
377 732 506 768 μακάριοι
527 733 681 765 ἀπόστολοι,
700 735 811 770 τοιαύτη
834 745 876 767 τις
900 736 933 763 ἂν

149 775 318 812 ὑποληφθείη
334 777 389 814 (18)
403 778 524 811 δικαίως·
539 779 575 811 ὼς
587 780 620 808 ἂν
631 782 678 808 καὶ
690 782 707 817 ἡ
722 781 776 808 τῶν
791 782 853 809 τότε
867 791 934 818 πρα-

148 822 263 858 γμάτων
278 822 381 859 ἱστορία
397 824 518 858 φαίνοιτο
538 825 575 862 μὴ
596 827 772 863 πεπλασμένη
784 847 792 858 ,
814 829 861 855 καὶ
879 828 933 855 τῶν

146 868 197 896 νῦν
219 869 250 896 τὸ
273 869 388 905 μέγεθος
408 871 440 897 ἐκ
467 872 643 908 παραθέσεως
665 873 776 901 ὲκεῐνων
798 874 933 910 ἐλέγχοιτο

150 914 259 949 μᾶλλον·
276 913 422 941 δεικνύοιτό
436 924 464 942 τε
479 916 601 951 ἀκριϐῶς
614 917 659 943 διὰ
672 917 789 950 πάντων,
804 919 845 945 ὅτι
859 919 934 946 ἔσται

150 960 201 994 μὲν
216 968 259 992 τις
274 960 386 987 ἐκείνων
401 961 535 996 οἰκειότης
557 962 624 998 πρὸς
638 962 725 990 ταῦτα
735 971 741 977 ·
764 964 884 992 λείπεται
905 964 934 991 δὲ

149 1006 224 1041 ὅμως
243 1005 369 1033 τοσοῦτον
382 1007 437 1034 τῶν
452 1008 592 1041 παρόντων
610 1008 643 1035 τά
665 1010 855 1045 προειληφότα,
872 1012 934 1038 ὅσον

149 1051 230 1078 σκιὰν
243 1050 384 1079 λείπεσθαι
399 1051 523 1087 σώματος
545 1053 663 1089 ἀνάγκη,
680 1054 731 1081 κᾶν
747 1056 771 1081 εί
786 1057 934 1092 προσήκειν

149 1097 225 1133 αὐτῷ
247 1106 273 1124 τι
296 1097 387 1133 δοκοίη
402 1098 466 1131 (19).
504 1099 541 1134 (p.
559 1098 621 1130 150)
642 1099 671 1126 '0
692 1099 720 1127 δέ
742 1109 774 1135 γε
793 1102 934 1138 προφήτης

149 1144 244 1179 ἐπειδὴ
268 1143 318 1179 τὴν
341 1143 395 1170 άπδ
410 1143 568 1176 Βαῦυλῶνος
582 1144 710 1172 ἐπάνοδον
724 1145 767 1173 διὰ
780 1147 833 1173 τῶν
850 1150 934 1184 προρ-

149 1189 288 1225 ρηθέντων
304 1189 449 1225 ἐμήνυσεν,
466 1190 500 1216 τά
517 1198 547 1216 τε
567 1190 753 1226 προσεσόμενα
768 1193 858 1225 αὐτοῖς
875 1195 934 1220 κατ’

149 1235 254 1261 ἐκεῖνον
276 1234 321 1261 τὸν
343 1235 437 1271 καιρὸν
460 1235 551 1270 ἀγαθὰ
577 1237 716 1270 ποικίλως,
738 1239 935 1266 ἀκολουθότατα

150 1282 215 1317 ἑξῆς
229 1281 339 1315 ἐπάγει.

479 1350 557 1376 ΚΕΦ.
576 1350 612 1377 Γ¹.

188 1406 261 1441 Στίχ.
271 1406 382 1440 α’-γ’.-
389 1415 398 1432 l
405 1406 465 1433 Ὀτι
473 1406 525 1433 ιδοὺ
535 1406 589 1440 ἐγὼ
597 1408 625 1433 ἐν
632 1409 690 1439 ταῖς
697 1408 813 1443 ἡμέραις
819 1410 934 1443 ἐκείναις

150 1451 199 1478 καὶ
207 1452 236 1477 ἐν
243 1450 281 1486 τῷ
288 1451 378 1487 καιρῷ
385 1450 490 1486 ἐκείνῳ,
497 1451 535 1483 ὡς
544 1451 577 1477 ἂν
585 1452 739 1487 ἐπιστρέψω
745 1453 793 1489 τὴν
801 1454 936 1489 αἰχμαλω-

149 1497 212 1523 σίαν
232 1496 317 1523 Ἰούδα
330 1497 379 1524 καὶ
397 1496 583 1532 Ἰερουσαλὴμ,
597 1498 702 1530 συνάξω
715 1499 801 1526 πάντα
812 1500 846 1526 τὰ
860 1500 934 1535 ἔθνη,

150 1543 200 1573 καὶ
207 1542 316 1575 κατάξω
323 1542 394 1569 αὐτὰ
398 1543 438 1575 είς
444 1543 493 1579 τὴν
502 1543 611 1581 κοιλάδα
625 1545 766 1580 Ἰωσαφάτ*
778 1547 824 1572 καὶ
830 1546 934 1581 διακρι-

985 279 1032 306 alii
1050 280 1167 315 plurima
1184 280 1328 314 putrabant
1343 280 1465 315 prodigia
1477 281 1512 309 ob
1523 288 1614 310 rerum
1628 285 1767 317 gestarum

985 325 1199 352 conﬁrmandam
1222 325 1450 360 magnitudinem.
1481 330 1508 354 et
1530 327 1645 362 gloriam
1664 326 1766 354 Christi

986 371 1094 398 Domini
1117 371 1319 399 ostentandam.
1343 371 1402 404 Quo
1422 372 1451 398 iit
1471 376 1500 399 ut
1521 373 1572 399 hoc
1589 373 1653 400 olim
1670 380 1686 399 a
1706 380 1769 408 pro-

985 417 1067 452 pheta
1080 417 1266 452 metaphorice
1292 423 1339 445 aut
1360 418 1534 454 hyperbolice
1554 419 1670 451 dictum,
1694 427 1768 447 nunc

986 460 1156 489 manifestam
1177 462 1275 488 habent
1294 469 1384 488 rerum
1400 462 1597 494 ostensiouem,
1615 463 1652 489 ita
1677 468 1766 490 tamen

986 511 1016 533 ut
1039 507 1120 534 verba
1151 514 1166 533 a
1191 507 1274 534 rebus
1294 510 1469 541 superentur.
1492 507 1580 535 Causa
1598 508 1692 542 igitur,
1717 516 1768 535 cur

985 552 1044 579 sive
1058 552 1128 579 hanc
1154 553 1329 583 locutionem.
1348 553 1406 580 sive
1425 553 1557 588 reliquas.
1583 558 1717 589 quotquot
1733 555 1767 582 de

986 598 1046 625 aliis
1058 597 1188 633 subjectis
1202 599 1271 632 apud
1286 599 1432 634 prephetus
1445 598 1525 625 dictae.
1536 603 1609 630 sunt,
1623 600 1656 626 de
1664 600 1767 627 Christi

986 643 1091 670 Domini
1108 643 1240 670 incarnali
1257 644 1385 679 mysterio
1402 645 1472 671 beati
1488 645 1603 678 apostoli
1622 646 1761 672 intellexe-

987 690 1051 719 rint.
1069 698 1163 722 causa,
1183 690 1303 725 inquam,
1323 691 1380 718 haec
1395 691 1494 718 merito
1503 691 1653 718 existimari
1668 695 1765 726 potest.

986 736 1073 770 Atque
1090 736 1126 762 ita
1152 743 1201 763 nec
1220 742 1341 764 veterum
1370 744 1463 764 rerum
1491 737 1634 763 historiam
1659 742 1767 764 constat

985 788 1048 808 esse
1058 782 1217 815 conﬁctam;
1241 786 1267 809 et
1281 781 1453 817 praesentium
1477 782 1634 817 magnitudo
1657 789 1767 818 compa~

986 827 1090 854 ratione
1103 827 1209 854 illarum
1227 828 1313 863 magis
1329 828 1472 864 arguitur:
1491 831 1573 863 atque
1583 835 1615 855 ex
1628 827 1767 856 hisomni-

986 873 1037 900 bus
1049 877 1175 900 accurate
1192 873 1407 907 demonstratur,
1426 874 1572 909 quamdam
1598 874 1767 902 intercedere

985 917 1091 945 illarum
1116 927 1178 946 cum
1207 919 1249 947 his
1273 919 1521 954 necessitudinem;
1557 920 1598 948 sic
1620 925 1710 948 tamen
1737 925 1767 948 ut

986 964 1121 998 prieterita
1137 968 1243 991 tantum
1262 972 1277 992 a
1294 964 1478 1001 prementibus
1497 971 1767 1002 superentur,quan-

985 1013 1042 1036 tum
1060 1010 1154 1037 umbra
1171 1018 1187 1038 a
1202 1018 1317 1047 corpore
1337 1011 1427 1043 debet,
1449 1019 1605 1047 quanquam
1631 1013 1676 1039 illa
1703 1013 1767 1041 huic

986 1055 1155 1087 aliquantum
1167 1062 1309 1091 congruat.
1321 1056 1377 1091 Age
1389 1064 1465 1090 vero,
1476 1057 1607 1092 propheta
1621 1062 1766 1094 postquam

986 1105 1000 1124 τι
1022 1099 1162 1135 Babylone
1189 1101 1308 1127 reditum
1337 1101 1478 1136 praedictis
1503 1101 1592 1130 verbis
1619 1104 1765 1138 portendit.

985 1151 1092 1172 necnon
1118 1145 1194 1173 varia
1207 1149 1338 1173 eventura
1360 1154 1408 1181 per
1425 1147 1492 1174 illud
1506 1151 1613 1183 tempus
1635 1148 1765 1177 lsraelitis

986 1190 1067 1223 bona,
1083 1195 1266 1220 consentanea
1284 1192 1432 1220 admodum
1453 1194 1489 1222 ita
1505 1194 1594 1230 pergit
1611 1194 1712 1222 dicere.

1304 1351 1381 1379 CAP.
1404 1352 1447 1379 ΙΙΙ.

1019 1405 1075 1440 86
1088 1405 1170 1433 Vens.
1193 1406 1251 1434 1-5.
1270 1418 1317 1433 -ι
1332 1408 1400 1441 Quia
1409 1416 1474 1437 ecce
1493 1417 1543 1446 ego
1561 1411 1589 1438 in
1605 1411 1699 1440 diebus
1713 1412 1768 1439 illis

986 1453 1013 1477 et
1024 1455 1145 1486 tempore
1162 1452 1219 1485 illo,
1231 1461 1292 1480 cum
1306 1460 1467 1483 convertero
1482 1457 1670 1491 captivitatem
1689 1457 1767 1486 Iudae

986 1501 1013 1524 et
1028 1496 1209 1532 Hierusalem,
1224 1500 1397 1535 congregabo
1409 1508 1504 1529 omnes
1520 1506 1662 1537 gentes.et
1677 1503 1767 1532 dedu-

987 1550 1047 1569 cam
1067 1550 1114 1570 eas
1128 1544 1154 1570 in
1173 1543 1269 1572 vallem
1288 1545 1418 1582 Josaphat
1442 1556 1450 1574 :
1468 1551 1495 1575 et
1519 1548 1676 1584 disceptaho
1705 1557 1768 1578 cum

151 1589 269 1624 θήσομαι
276 1588 344 1624 πρὸς
349 1588 448 1620 αὐτοὺς
453 1580 510 1615 ἐκεί
514 1588 583 1625 ὑπὲρ
588 1589 634 1616 τοῦ
640 1589 704 1617 λαοῦ
712 1598 763 1625 μου
771 1591 818 1617 κα)⁸
822 1592 871 1627 τῆς
878 1580 935 1628 κλη-

987 1588 1027 1616 eis
1043 1589 1079 1617 ibi
1091 1597 1173 1625 super
1185 1591 1283 1625 populo
1293 1580 1365 1624 meo,
1380 1596 1407 1620 et
1422 1592 1577 1622 haereditate
1587 1580 1644 1622 mea
1656 1594 1767 1628 lsraele.

152 1633 280 1669 ρονομιας
293 1641 343 1669 μου
365 1632 480 1670 Ἰσραὴλ,
497 1634 522 1660 οἳ
535 1634 718 1671 διεσπάρησαν
730 1636 758 1662 ὲν
771 1638 827 1668 τοῖς
839 1637 936 1669 ἔθνεσι,

150 1679 202 1707 καὶ
213 1680 263 1716 τὴν
278 1680 330 1715 γῆν
355 1688 406 1715 μου
431 1680 646 1707 καταδιείλοντο·
674 1683 722 1708 καὶ
742 1683 789 1709 ἐπὶ
804 1683 851 1710 τὸν
872 1684 937 1711 λαόν

154 1734 205 1761 μου
217 1726 311 1752 ἔϐαλον
320 1725 448 1762 κλήρους
460 1726 508 1753 καὶ
515 1726 618 1753 ἔδωκαν
628 1727 662 1754 τὰ
674 1727 803 1763 παιδάρια
815 1729 936 1765 πόρναις,

153 1771 201 1799 καὶ
224 1771 259 1798 τὰ
279 1771 396 1807 κοράσια
421 1771 541 1798 ἐπώλουν
564 1772 624 1799 ἀντὶ
646 1772 717 1799 οἴνου
740 1774 787 1799 καὶ
807 1773 907 1800 ἔπινον.
925 1784 934 1799 ι

154 1817 235 1851 Λέγει
249 1817 279 1843 δὲ
292 1817 327 1844 τὰ
343 1817 411 1852 μετὰ
427 1817 476 1853 τὴν
491 1817 619 1845 ἐπάνοδον
642 1818 672 1844 ὲν
696 1818 799 1850 τούτοις
817 1820 936 1854 μηνύων,

152 1862 208 1889 τῶν
222 1870 250 1889 τε
262 1863 326 1899 περὶ
339 1863 385 1889 τὸν
401 1861 463 1896 Γὼγ
472 1863 522 1898 τὴν
536 1862 637 1895 ἄνοδον,
654 1863 686 1899 ἦν
700 1865 856 1899 ποιήσονται
869 1866 937 1900 μετὰ

154 1907 252 1934 πολλοῦ
275 1906 392 1942 πλήθους
412 1906 584 1942 ὁρμήσαντες
597 1907 667 1934 κατὰ
681 1907 731 1943 τὴς
750 1908 936 1944 Ἰερουσαλὴμ,

154 1953 201 1979 καὶ
226 1953 275 1988 τὴν
294 1951 433 1980 ἀπώλειαν
457 1953 491 1989 ἢν
514 1953 584 1988 ὑπὲρ
605 1953 652 1979 τοῦ
676 1954 849 1989 τολμήματος
872 1955 937 1981 ὑπο-

156 1998 266 2034 μενοῦσι
287 1997 392 2025 τούτου.
421 1997 520 2025 Ἐπειό
538 1998 572 2025 ἂν
589 1998 654 2035 γὰρ,
668 1999 758 2034 φησίν,
773 2001 937 2035 ἐπαναγάγω

155 2044 226 2080 ὑμᾶς
247 2045 294 2071 ἐπὶ
307 2045 357 2081 τὴν
379 2044 565 2080 Ἰερουσαλὴμ,
584 2044 771 2072 συνελεύσεται
788 2046 836 2081 μὲν
852 2045 937 2072 πολλὰ

153 2091 319 2126 πολλαχόθεν
342 2091 405 2127 ἔθνη
428 2091 470 2126 ἐφ’
483 2091 555 2127 ὑμᾶς
566 2099 574 2107 ’
598 2090 671 2126 λέγει
691 2091 731 2124 δὲ,
748 2093 789 2121 ὅτι
802 2101 811 2118 ι
826 2091 936 2125 Συνάξω

156 2136 247 2163 πάντα
262 2136 296 2163 τὰ
313 2136 406 2172 temp
421 2137 473 2172 οὐχ
485 2137 526 2163 ότι
539 2136 639 2169 αὐτοὺς
659 2137 746 2171 ἄγειν,
764 2137 820 2164 ἀλλ’
844 2138 936 2172 ἐπειδὴ

156 2183 231 2210 ιίασι
252 2182 350 2215 αὐτοὺς
366 2183 416 2218 τὴν
437 2182 567 2218 πρόθεσιν
584 2184 624 2214 είς
645 2183 724 2219 ἔργον
740 2183 865 2210 ὲκὸαλεῖν
887 2184 936 2218 τὴν

153 2227 256 2255 οἰκείαν
268 2233 276 2242 ’
303 2227 492 2263 ὶτιμωρήσατο
511 2226 540 2253 δὲ
556 2226 797 2262 ὲπικεχειρηκότας
814 2228 847 2261 τῇ
866 2226 936 2253 κατὰ

154 2272 210 2300 τῶν
226 2261 398 2308 Ἰσραηλιτῶν
415 2261 515 2307 άνόδῳα
538 2272 585 2299 καὶ
600 2273 764 2308 πεποιήκασι
787 2271 835 2306 μὲν
861 2271 936 2298 οὐδὲν
952 2261 974 2288 D

154 2315 193 2346 ὢν
215 2318 356 2346 Modiam
378 2318 419 2349 είς
439 2319 502 2349 τοὺς
524 2317 682 2349 Ἰουδαίους,
703 2317 821 2352 φοὸερὰν
835 2317 864 2343 δέ
877 2325 939 2343 τινα

155 2365 202 2391 καὶ
215 2363 368 2399 παράδοξον
376 2364 600 2399 ὑπομεμενήκασι
624 2368 661 2398 (p.
676 2363 738 2398 l5t)
757 2363 790 2398 τῇ
805 2362 851 2389 τοῦ
872 2362 939 2389 Θεοῦ

156 2410 227 2445 ῥοπῇ
252 2409 303 2446 τὴν
326 2410 479 2445 τιμωρίαν·
503 2408 547 2436 διὰ
568 2408 648 2435 τοῦτο
670 2408 751 2440 αὐτὸς
778 2410 940 2443 συναγαγεῖν

149 2455 244 2482 »πάντα
259 2455 293 2482 τὰ
312 2454 375 2490 Εθνη
397 2454 472 2489 λέγει
485 2462 492 2469 “
515 2453 593 2480 τοῦτο
609 2453 768 2489 βουλόμενος
787 2454 885 2487 εἰπεῖν,
899 2454 939 2480 ὃτι

157 2501 253 2528 1ἶίῖα.σα⁴
266 2501 365 2533 αὐτοὺς
383 2502 417 2537 τῇ
437 2499 561 2536 μοχθηρᾷ
579 2499 683 2526 ἑαυτῶν
699 2499 853 2535 χρήσασθαι
866 2499 936 2533 γνώ-

159 2555 211 2584 μῃ,
227 2547 275 2575 καὶ
289 2547 409 2584 ὁρμῆσαι
429 2547 501 2574 κατὰ
519 2547 568 2581 τῆς
586 2545 771 2581 Ἰερουσαλὴμ,
792 2545 830 2577 ὡς
844 2545 877 2572 ἂν
891 2545 939 2572 αὑ-

156 2593 214 2621 τόθι
237 2593 314 2625 δίκας
334 2593 433 2631 αὐτοὺς
447 2591 674 2628 εἰσπραξάμενος.
697 2591 746 2626 τῆς
761 2599 792 2617 τε
815 2592 879 2628 περὶ
894 2591 939 2617 τὸν

159 2639 221 2669 λαὸν
245 2639 410 2676 κηδεμονίας
431 2640 480 2666 καὶ
500 2639 552 2674 τῆς
574 2637 692 2674 ἐμαυτοῦ
720 2637 776 2673 (20)
797 2638 939 2673 δυνάμεως

160 2683 291 2719 ὑπόδειξιν
305 2685 488 2721 παράσχωμαι
501 2683 594 2711 πᾶσιν.
604 2682 695 2710 Ειπών
710 2683 735 2717 γ’
748 2680 820 2715 οὖν,ι
830 2682 939 2715 Συνὰξω

158 2733 244 2760 πάντα
257 2730 293 2759 τᾶ
396 2738 408 2758 ι
419 2728 567 2764 διήγαγεν,
586 2741 596 2758 ι
607 2728 663 2756 Καὶ
679 2729 788 2763 κατάξω
803 2727 872 2755 αὐτὰ
899 2729 939 2759 είς

189 2818 246 2853 (ιε)
263 2818 333 2847 Cod.
347 2817 438 2853 λειφθ.
735 2853 741 2858 _

188 2854 245 2889 (I9)
265 2854 337 2882 Dicit
351 2854 410 2882 hoc
416 2852 658 2889 cumdidascalica
669 2853 799 2889 dignitate
807 2852 933 2880 Theodo-

155 2894 219 2923 rus;
236 2897 297 2926 qua
309 2893 402 2916 tamen
421 2888 521 2916 merito
540 2888 667 2915 omnibus
691 2896 744 2915 non
762 2888 931 2923 placuerunt,

314 2936 450 2966 ΡΑτῑ-οι..
473 2934 531 2964 Gl.
557 2933 663 2964 LXVI.

988 1634 1034 1669 qui
1063 1634 1180 1670 dispersi
1208 1640 1272 1663 sunt
1298 1637 1325 1665 in
1357 1638 1528 1668 nationibus.
1545 1647 1605 1674 quae
1630 1641 1767 1675 regionem

988 1687 1076 1707 meam
1104 1681 1258 1709 diviserunt
1275 1692 1281 1709 :
1299 1686 1327 1710 et
1352 1691 1435 1718 super
1450 1685 1581 1718 populum
1609 1693 1697 1713 meum
1716 1686 1767 1713 mi-

988 1729 1084 1752 serunt
1098 1729 1199 1759 sortes,
1218 1729 1245 1753 et
1260 1726 1433 1755 tradiderunt
1450 1735 1551 1763 pueros
1566 1730 1767 1761 meretricibus.

987 1772 1015 1797 et
1029 1770 1132 1805 puellas
1141 1771 1292 1799 vendebant
1306 1779 1355 1807 pro
1376 1771 1441 1800 vino
1455 1776 1486 1800 ut
1500 1773 1635 1801 biberent.
1652 1784 1661 1800 ι
1676 1774 1769 1810 Signi-

989 1814 1052 1842 ﬁcat
1068 1823 1129 1850 quae
1149 1816 1277 1844 lsraelitis
1301 1823 1363 1853 post
1386 1818 1504 1846 reditum
1527 1824 1605 1846 erant
1626 1825 1767 1851 eventura.

988 1859 1109 1895 Gogique
1124 1861 1319 1894 incursionem,
1338 1870 1419 1897 quam
1435 1870 1497 1890 cum
1519 1864 1622 1898 ingenti
1647 1865 1769 1892 multitu-

988 1905 1050 1932 dine
1061 1906 1190 1934 adversus
1203 1906 1370 1934 Hierusalem
1379 1908 1470 1941 faciet,
1482 1914 1508 1936 et
1522 1909 1626 1937 cladem
1637 1918 1718 1944 quam
1732 1912 1768 1939 ob

989 1951 1058 1977 hanc
1082 1952 1224 1979 audaciam
1250 1957 1309 1980 erat
1333 1958 1506 1989 experturus.
1525 1954 1591 1983 Nam
1608 1960 1764 1991 postquam,

989 1995 1087 2031 inquit,
1131 1997 1265 2025 reduxero
1303 2005 1350 2025 vos
1389 1998 1569 2031 Hierusalem,
1600 2001 1691 2028 multa
1718 2009 1770 2029 un-

987 2040 1069 2076 dique
1109 2043 1304 2077 conspirabunt
1349 2049 1445 2072 contra
1485 2053 1533 2073 vos
1570 2053 1673 2081 gentes.
1698 2046 1768 2074 Dicit

987 2091 1077 2114 autem
1100 2096 1106 2114 z
1127 2088 1323 2123 «Congregabo
1346 2097 1440 2118 omnes
1464 2095 1570 2127 gentes,
1585 2101 1596 2118 ι
1622 2101 1675 2120 non
1695 2095 1767 2129 quod

987 2133 1045 2167 ipse
1059 2134 1151 2161 siteas
1164 2133 1343 2168 adducturus,
1367 2136 1416 2163 sed
1429 2137 1503 2171 quod
1523 2138 1557 2166 iis
1579 2140 1768 2173 permissurus

987 2179 1155 2214 propositum
1184 2180 1322 2215 proprium
1353 2182 1476 2217 exsequi.
1510 2182 1543 2210 Et
1569 2185 1679 2219 quidem
1706 2186 1768 2215 illos

987 2225 1076 2258 puniit
1094 2225 1141 2260 qui
1165 2225 1354 2254 lsraelitarum
1385 2228 1483 2255 reditui
1510 2229 1602 2257 infesti
1629 2231 1765 2259 fuerunt:

988 2278 1075 2306 neque
1086 2275 1175 2299 tamen
1199 2272 1238 2299 illi
1255 2273 1387 2300 voluntati
1410 2281 1466 2301 suae
1489 2274 1602 2310 obsequi
1623 2276 1768 2304 valuerunt

987 2320 1083 2344 contra
1107 2316 1226 2349 Judzeos,
1253 2318 1299 2345 sed
1327 2319 1475 2346 terribilem
1503 2321 1592 2354 potius
1617 2325 1645 2348 et
1677 2322 1768 2357 inspe-

988 2367 1073 2390 ratam
1089 2371 1103 2390 a
1119 2363 1164 2391 Dei
1183 2363 1286 2391 viribus
1306 2371 1414 2398 penam
1434 2365 1598 2393 retulerunt.
1621 2366 1767 2402 Propterea

987 2409 1055 2436 dicit
1077 2417 1106 2437 se
1122 2417 1305 2445 congregasse
1328 2417 1425 2438 omnes
1440 2415 1546 2446 gentes,
1566 2420 1664 2448 nempe
1675 2414 1768 2442 dicere

989 2456 1093 2486 volens.
1111 2455 1207 2483 sivisse
1223 2461 1252 2482 ut
1268 2463 1317 2482 sua
1331 2464 1459 2490 perversa
1471 2461 1613 2485 uterentur
1621 2460 1767 2491 sententia,

989 2506 1016 2527 et
1029 2505 1125 2528 contra
1139 2500 1310 2528 Hierusalem
1328 2501 1459 2536 impetum
1476 2502 1645 2536 facerent,ut
1659 2510 1768 2540 sumpto

988 2548 1044 2574 illic
1069 2547 1102 2574 de
1123 2547 1157 2574 iis
1168 2547 1312 2582 supplicio,
1336 2552 1363 2575 et
1387 2549 1478 2576 tutelae
1496 2557 1560 2584 erga
1576 2551 1717 2585 populum.
1740 2558 1768 2580 et

987 2600 1044 2620 suae
1060 2592 1186 2626 potentia;
1211 2593 1349 2627 specimen
1373 2593 1523 2621 exhiberet.
1541 2594 1602 2622 Jam
1622 2601 1765 2632 postquam

987 2637 1066 2668 dixit,
1085 2645 1094 2661 ι
1106 2636 1284 2672 Congregaho
1305 2645 1401 2666 omnes
1415 2644 1521 2674 gentes,
1535 2649 1545 2666 ι
1569 2640 1673 2669 addidit
1690 2651 1697 2669 ε
1717 2641 1768 2669 «Et

987 2683 1120 2710 deducam
1133 2689 1180 2709 ean
1194 2683 1221 2709 in
1238 2683 1335 2710 vallem
1350 2682 1495 2719 Josaphat,
1512 2695 1521 2712 ι
1538 2686 1564 2714 id
1575 2692 1626 2720 est,
1644 2688 1682 2715 Eo
1696 2688 1766 2721 loco.

988 2727 1088 2763 inquit,
1106 2735 1183 2762 agam
1204 2735 1251 2754 cos
1265 2727 1397 2757 adversus
1417 2729 1597 2765 Hierusalem,
1615 2733 1769 2768 ibidemque

988 2826 1085 2853 nempe
1099 2818 1168 2852 quod
1187 2819 1333 2853 prophetiae
1347 2821 1454 2848 nonnisi
1467 2824 1616 2850 secundum
1630 2823 1765 2851 cﬂectum.

989 2854 1048 2892 uas:
1055 2853 1190 2892 Λεκᾷασιν,
1200 2854 1232 2880 ad
1249 2861 1292 2892 res
1307 2855 1480 2885 Christianas
1494 2858 1688 2892 spectaverint.

1024 2888 1079 2923 (20)
1099 2889 1165 2916 Cod.
1181 2888 1286 2916 ἑαυτοῦ.

1626 2937 1646 2966 8
