1972 3066
213 167 267 196 335

815 161 988 189 'I'HEODORI
1009 161 1246 190 MOPSUESTEM

1772 159 1828 189 238

215 226 346 254 ultionem
373 222 452 258 quasi
474 221 643 249 concinnatis
665 227 713 255 pro
730 220 831 255 populo
852 227 924 251 meo,
946 227 995 254 pro

1052 220 1093 255 τὴν
1108 218 1218 246 κοιλάδα
1236 217 1398 252 Ἰωσαφάτ»
1414 216 1562 250 τουτέστιν,
1576 215 1650 243 Ἐκεῖ
1663 216 1761 248 αὐτοὺς
1771 217 1828 249 ἄξω

213 271 343 306 dignitate
354 269 474 304 puniant,
485 267 521 295 ob
538 267 658 300 ipsorum
674 266 804 299 facinora,
813 265 885 301 quod
897 274 994 301 nempe

215 317 290 344 illum
310 321 515 350 quaqueversus
532 319 660 346 spargere
677 312 825 341 voluerint.
843 311 995 346 regionem-

214 369 268 396 que
281 359 375 394 partiri
396 359 423 386 in
440 366 495 393 qua
514 357 569 392 87
589 363 649 384 meo
668 356 724 390 juri
744 355 862 383 obnoxia
887 355 994 382 habita-

216 408 272 438 bat.
294 411 322 434 et
338 407 413 441 ipsos
432 404 513 432 simul
540 403 645 430 incolas
662 403 760 430 sortito
781 401 903 429 dividere
922 410 929 428 :
948 408 997 435 per

216 460 352 480 stunmum
370 450 489 485 denique
513 450 603 477 scelus
627 447 736 475 illorum
766 455 874 482 quoque
896 454 996 481 pueros

215 504 298 534 atque
314 497 419 533 puellas
433 497 461 523 in
477 495 635 531 prostibulis
651 501 761 528 ponere,
777 498 807 521 ut
817 501 894 521 suam
906 494 998 528 expie-

217 548 278 572 rent
300 542 450 572 libidinem,
471 541 638 575 multamque
660 539 792 567 haberent
812 538 997 574 pergraecandi

216 591 334 625 copiam.
360 588 407 616 His
422 587 497 614 circa
513 585 618 621 Gogum
632 585 723 613 dictis.
741 585 829 620 pergit
844 592 943 620 porro:

1045 266 1085 297 εἰς
1110 265 1157 300 τὴν
1179 263 1369 300 Ἰερουσαλὴμ,
1396 264 1442 290 καὶ
1464 262 1554 289 αὐτόθι
1570 262 1663 297 ὥσπερ
1676 262 1738 289 τινὰ
1751 261 1828 296 δίκην

1045 309 1113 345 πρὸς
1127 309 1224 341 αὐτοὺς
1249 308 1318 342 ὑπὲρ
1339 307 1386 334 τοῦ
1402 307 1466 334 λαοῦ
1482 306 1529 333 τοῦ
1551 306 1618 341 ἐμοῦ
1641 307 1828 342 συγκροτήσας

1044 356 1235 390 τιμωρήσομαι
1248 353 1370 386 δικαίως,
1387 353 1457 389 ὑπὲρ
1476 350 1514 380 ὧν
1532 354 1590 379 κατ’
1609 352 1698 379 αὐτῶν
1717 352 1830 388 διεπρά-

1046 400 1135 433 ξαντο,
1148 399 1304 434 ἁπανταχοῦ
1318 407 1347 426 τε
1361 399 1458 430 αὐτοὺς
1475 398 1630 434 διασπεῖραι
1644 397 1828 432 βουληθέντες,

1045 446 1092 472 καὶ
1107 445 1239 472 διελέσθαι
1264 445 1313 480 μὲν
1331 445 1380 481 τὴν
1405 445 1458 480 γῆν
1479 446 1508 471 ὲν
1531 442 1602 481 ᾗπερ
1628 443 1699 470 κατὰ
1717 443 1830 478 γνώμην

1044 489 1132 525 ᾤκουν
1151 490 1199 526 τὴν
1217 490 1286 525 ὲμὴν
1322 489 1383 525 ἐμοὶ
1413 489 1603 525 προσήκουσαν
1615 496 1622 504 ’
1649 487 1783 514 διελέσθαι
1801 487 1830 513 δὲ

1045 537 1138 572 κλήρῳ
1161 536 1208 562 καὶ
1230 536 1327 567 αὐτοὺς
1352 535 1471 567 ἐκείνους
1484 543 1490 549 ·
1513 534 1698 569 τετολμήκασι
1717 533 1745 560 δὲ
1762 533 1830 569 πρὸς

1045 583 1132 610 ἇπασι
1149 583 1196 608 καὶ
1214 583 1277 613 τοὺς
1291 581 1321 615 ἐξ
1335 581 1424 608 αὐτῶν
1439 581 1493 607 εἴτε
1508 580 1604 612 παῖδας
1619 579 1674 606 εἱτε
1686 579 1734 606 καὶ
1747 578 1830 614 κόρας

217 623 402 662 ἀποδίδοσθαιο
418 631 499 664 ὼςάν
511 631 544 667 δὴ
558 630 668 658 ἐκείνων
681 631 721 662 είς
744 629 844 664 πόρνας
861 637 891 656 τε
912 629 962 664 τὴν
989 628 1092 655 οἰκείαν
1111 627 1258 654 ἀκολασίαν
1281 626 1462 659 ἐκπληροῖειν,
1482 626 1530 652 καὶ
1550 625 1650 660 πολλὴν
1671 624 1756 660 ἔχοιεν
1780 623 1830 658 τῆς

221 680 303 716 μέθης
314 680 363 715 τὴν
374 678 512 714 ἀφθονίαν⁸
528 676 613 704 ταῦτα
627 676 680 703 τῶν
694 676 757 710 περὶ
771 675 816 702 τὸν
829 675 888 709 Γὼγ
902 675 994 702 ἕνεκεν
1007 673 1134 709 εἰρηκὼς,
1150 673 1247 707 ἐπάγει
1256 680 1262 687 ·
1375 671 1378 674 ⁴

241 755 341 784 Vsus.4
352 757 414 785 8.-«
421 756 519 785 Verum
526 757 592 793 quid
600 757 697 785 mibiet
704 755 914 792 robis,’l‘yruset
920 754 1004 783 Sidon

1084 755 1157 790 Στίχ.
1173 755 1239 791 δ’-η’.
1256 771 1290 775 ——
1307 755 1377 782 «Καὶ
1398 755 1424 781 τί
1450 755 1511 790 ἐμοὶ
1533 755 1579 782 καὶ
1595 755 1761 791 ύμῖν,Τύρος
1784 755 1831 781 καὶ

223 807 250 830 et
258 807 313 830 tota
323 803 536 838 alienigenarum
545 803 673 831 Galilata?
681 802 808 837 Nunquid
816 802 946 830 ultionem
958 808 1001 829 vos

1052 801 1132 828 Σιδὼν
1157 803 1202 829 καὶ
1218 803 1292 829 πᾶσα
1306 802 1434 829 Γαλιλαία
1449 802 1622 838 ἁλλοφύλων;
1648 802 1695 837 Μὴ
1713 801 1831 829 ἀνταπό-

223 849 376 877 retribuetis
387 847 472 874 mihi?
486 851 534 873 aut
548 846 615 873 iram
632 846 659 874 in
671 846 754 873 corde
769 846 890 873 retinetis
903 846 999 872 adver-

1052 847 1117 883 δομα
1130 847 1208 883 ὑμεῖς
1221 848 1407 875 ἀνταποδίδοτέ
1430 857 1491 883 μοι,
1508 848 1525 884 ἢ
1544 849 1735 885 μνησικακεῖ-τε
1752 848 1830 882 ὑμεῖς

221 902 268 921 sus
285 892 346 920 me?
367 891 429 919 Cito
451 891 636 926 velociterque
650 891 760 918 reddam
781 891 998 918 vicissitudinem

221 938 297 967 vobis
323 946 404 973 super
424 938 514 972 capita
532 942 639 969 vestra;
659 944 707 972 pro
719 945 750 964 eo
771 936 844 972 quod
858 940 998 972 argentum

220 992 310 1013 meum
338 991 489 1021 aurumque
513 983 636 1018 cepistis,
659 987 687 1010 et
711 982 811 1009 sclccta
832 989 946 1017 quaeque
968 989 1000 1008 ac

220 1031 333 1066 pulchra
353 1029 380 1057 in
393 1029 506 1057 delubra
522 1032 613 1056 vestra
628 1027 770 1059 intulistis,
790 1031 817 1054 et
836 1026 913 1054 ludar.
930 1026 1000 1054 ﬁlios

220 1076 342 1110 ﬁliosque
369 1073 538 1102 Hierusalem
554 1072 716 1100 vendidistis
741 1072 804 1100 filiis
830 1071 998 1103 Graecorum,

221 1127 249 1149 ut
259 1120 395 1155 ejiceretis
408 1127 456 1148 eos
472 1119 506 1147 de
520 1119 620 1146 ﬁnibus
632 1118 701 1146 suis.
713 1117 785 1145 Ecce
796 1125 847 1154 ego
861 1118 999 1145 suscitabo

219 1174 266 1194 eos
283 1166 316 1194 de
334 1167 405 1197 loco,
426 1165 453 1192 in
469 1172 522 1200 quo
539 1164 700 1192 vendidistis
713 1171 779 1192 eos:
798 1168 825 1191 et
843 1169 999 1190 convertam

220 1211 427 1239 retributionem
442 1214 561 1237 vestram
577 1209 604 1236 in
615 1209 705 1244 capita
716 1215 805 1236 vestra
821 1217 828 1235 :
843 1213 870 1235 et
885 1207 999 1235 vendam

220 1257 290 1284 ﬁlios
310 1261 419 1284 vestros
443 1263 475 1282 ac
498 1255 567 1282 ﬁlias
589 1258 693 1282 vestras
715 1255 743 1281 in
764 1261 861 1282 manus
883 1253 999 1280 ﬁliorum

220 1301 316 1330 Judae:
338 1301 508 1336 vendentque
526 1307 574 1328 eos
595 1300 623 1327 in
642 1300 829 1334 captivitatem
850 1299 922 1335 genti
941 1299 1001 1326 lon-

221 1349 346 1384 ginqua};
359 1347 487 1382 quoniam
507 1346 638 1373 Dominus
654 1346 760 1374 locutus
774 1349 825 1373 est.
846 1355 855 1370 ι
871 1345 1001 1378 Quando-

220 1391 328 1430 quidem
342 1391 409 1428 (ἰοςὶ
428 1391 595 1419 exercituum
613 1391 742 1419 adversus
759 1389 925 1418 Hierusalem
942 1391 1001 1419 visa

221 1438 388 1470 incursione,
414 1436 488 1472 Tyrii
520 1436 682 1471 Sidoniique
709 1439 737 1463 et
766 1443 862 1464 omnes
893 1436 1000 1463 ﬁnitimi

222 1483 388 1519 alienigenae,
412 1483 539 1510 idoneum
560 1486 668 1517 tempus
688 1482 808 1509 oblatum
833 1481 884 1510 sibi
907 1482 1002 1509 existi-

1050 893 1092 919 ἐπ’
1109 893 1188 927 sitat;
1211 892 1308 926 Ὀξέως
1327 893 1374 920 καὶ
1397 893 1500 928 ταχέως
1520 893 1700 920 ἀνταποδώσω
1717 893 1748 919 τὸ
1765 894 1830 919 ἀντ-

1049 937 1171 973 απόδομα
1181 938 1257 974 ὑμῶν
1267 939 1306 969 εἰς
1317 938 1435 973 κεφαλὰς
1443 939 1529 974 ὑμῶν·
1541 938 1598 966 ἀνθ’
1609 935 1646 965 ὧν
1659 939 1688 965 τὸ
1700 938 1831 975 ἀργύριον

1050 981 1158 1008 ἐλάϐετε
1171 1001 1178 1014 ,
1202 983 1248 1009 καὶ
1264 983 1298 1009 τὰ
1312 983 1439 1010 ὲπίλεκτα
1452 984 1499 1010 καὶ
1512 983 1547 1010 τὰ
1563 983 1634 1011 καλὰ
1653 983 1830 1019 είσηνέγκατε

1050 1028 1089 1058 εἰς
1102 1027 1163 1059 τοὺς
1178 1028 1256 1059 ναοὺς
1270 1028 1345 1063 ὑμῶν
1356 1035 1363 1041 ·
1388 1029 1434 1056 καὶ
1446 1030 1508 1060 τοὺς
1520 1030 1593 1061 υἱοὺς
1613 1029 1695 1055 Ἰούδα
1708 1029 1754 1056 καὶ
1768 1029 1831 1060 τοὺς

1051 1074 1124 1105 υἱοὺς
1158 1074 1329 1109 Ἰερουσαλὴμ
1351 1074 1482 1101 ἀπέδοσθε
1511 1076 1567 1106 τοῖς
1585 1075 1652 1106 υἱοῖς
1666 1075 1720 1101 τῶν
1739 1074 1827 1109 Ἐλλή-

1050 1127 1113 1149 νων,
1129 1123 1167 1153 (p.
1180 1118 1241 1153 i5!)
1254 1119 1327 1151 ὅπως
1341 1118 1458 1154 ἐξώσητε
1471 1119 1567 1151 αὐτοὺς
1581 1120 1613 1145 ὲκ
1622 1119 1675 1146 τῶν
1686 1118 1768 1154 ὁρίων
1783 1118 1831 1144 αὑ-

1050 1163 1118 1190 τῶν·
1137 1163 1190 1190 ίδοὺ
1202 1162 1256 1198 ἐγὼ
1269 1163 1385 1199 ἐξεγερῶ
1401 1164 1499 1195 αὐτοὺς
1518 1165 1550 1191 ὲκ
1563 1164 1608 1190 τοῦ
1624 1164 1717 1196 τόπου,
1732 1160 1762 1190 οὗ
1779 1164 1832 1190 ἀπο

1051 1208 1141 1235 έδοσθε
1151 1209 1248 1240 αὐτοὺς
1258 1209 1327 1243 ἐκεῖ,
1335 1209 1381 1235 καὶ
1391 1208 1570 1236 ἀνταποδώσω
1581 1209 1611 1236 τὸ
1621 1209 1742 1243 ἁπόδομα
1755 1209 1769 1234 ύ
1773 1207 1832 1243 μῶν

1051 1255 1090 1286 εἰς
1114 1254 1162 1285 τὰς
1177 1254 1297 1289 κεφαλὰς
1310 1254 1386 1289 ὑμῶν
1398 1263 1405 1270 ⁸
1429 1254 1477 1282 καὶ
1492 1254 1664 1289 ἀποδώσομαι
1679 1255 1741 1285 τοὺς
1758 1254 1832 1284 υἱοὺς

1052 1300 1127 1336 ὑμῶν
1139 1300 1187 1327 καὶ
1198 1300 1248 1332 τὰς
1261 1300 1411 1335 θυγατέρας
1427 1300 1503 1335 ὑμῶν
1516 1301 1555 1331 εἰς
1570 1301 1663 1335 χεῖρας
1675 1300 1740 1325 υἱῶν
1765 1299 1832 1326 Ἰού·-

1051 1347 1083 1373 δα
1097 1355 1105 1362 ο
1133 1347 1180 1373 καὶ
1202 1345 1387 1374 ἁποδώσονται
1402 1347 1499 1378 αὐτοὺς
1510 1347 1548 1378 εἰς
1563 1345 1752 1381 αἰχμαλωσίαν
1762 1366 1769 1377 ,
1792 1346 1832 1376 είς

1052 1393 1127 1424 ἔθνος
1141 1393 1248 1428 μακρὰν
1265 1393 1376 1428 ἀπέχον,
1387 1393 1427 1420 ὅτι
1445 1393 1545 1429 Κύριος
1559 1393 1699 1428 ἐλάλησεν.
1711 1402 1720 1419 ι
1744 1393 1833 1419 Ἐπει-

1052 1438 1084 1474 δὴ
1099 1438 1154 1474 γὰρ
1168 1440 1232 1470 τοὺς
1253 1439 1317 1474 περὶ
1336 1438 1381 1465 τὸν
1401 1438 1462 1473 Γὼγ
1479 1439 1602 1470 ἐπιόντας
1616 1439 1766 1475 ἑωρακότες
1783 1438 1832 1473 τὴν

1059 1484 1234 1520 Ἰερουσαλὴμ
1247 1504 1254 1516 ,
1273 1484 1366 1520 Τύριοί
1385 1493 1414 1511 τε
1435 1486 1483 1512 καὶ
1500 1485 1630 1517 Σιδώνιοι,
1643 1485 1741 1516 πάντες
1757 1493 1785 1510 τε
1806 1485 1831 1510 οἱ

222 1533 362 1557 maverant
375 1528 503 1564 perdendi
518 1527 639 1555 funditus
652 1528 802 1560 lsraelitas,
818 1528 916 1563 quibus
931 1529 1000 1555 clam

1052 1529 1185 1565 περίοικοι
1197 1530 1252 1556 τῶν
1265 1529 1431 1565 ἀλλοφύλων,
1445 1530 1540 1566 καιρὸν
1555 1530 1626 1565 ἔχειν
1643 1529 1771 1565 ᾠήθησαν
1783 1529 1832 1565 δοῦ

222 1575 422 1608 irascebantur,
435 1578 546 1610 propter
558 1574 627 1602 bella
642 1581 734 1602 secum
749 1578 836 1609 gesta.
850 1578 877 1601 et
893 1572 1000 1601 illorum

224 1622 278 1650 Deo
297 1620 443 1656 adiuvante
461 1620 606 1653 victorias;
629 1619 733 1647 idcirco
754 1620 792 1646 ait
811 1629 816 1647 :
837 1617 893 1648 Vos
913 1623 1001 1647 autent

222 1675 272 1695 cur
293 1668 340 1694 ira:
359 1670 484 1697 tenaces,
503 1670 532 1693 et
553 1665 725 1692 occasionem
744 1666 816 1693 nacti
838 1666 1001 1693 voluntatem

222 1717 341 1741 vestram
356 1711 492 1748 explendi,
510 1719 571 1743 cur,
590 1711 713 1746 inquam,
735 1715 830 1739 contra
857 1712 910 1739 mei
932 1712 1003 1746 juris

222 1759 352 1794 populum
362 1758 504 1785 audaciam
520 1757 647 1785 sumitis?
669 1756 747 1785 Certe
762 1758 841 1785 velim
855 1757 949 1786 sciatis
961 1765 1003 1785 tne

223 1805 278 1832 cito
296 1808 414 1832 vestrum
429 1802 480 1830 hoc
499 1802 644 1830 consiliqu
662 1802 839 1837 puniturum;
859 1807 1002 1838 propterea

223 1849 295 1886 quod
312 1849 419 1877 illorum
433 1855 500 1884 opes
515 1852 630 1875 cunctas
639 1849 785 1883 capientes,
799 1848 829 1886 in
844 1848 942 1883 templa
957 1855 1003 1875 ve-

224 1901 280 1924 stra
292 1894 448 1923 contulistis
463 1903 471 1922 :
489 1894 601 1929 insuper
616 1897 644 1921 et
659 1894 780 1928 ipsorum
797 1885 868 1921 liiios
880 1893 1002 1921 vendidi-

224 1942 285 1973 stis,
306 1949 361 1969 non
377 1941 437 1969 sine
453 1947 501 1975 spe
514 1939 644 1975 populum
658 1939 814 1967 universum
830 1938 929 1968 ﬁnibus
945 1939 1003 1967 suis

224 1986 396 2023 expellendi:
423 1985 504 2021 cujus
527 1985 656 2014 facinoris
676 1985 743 2014 mihi
768 1993 863 2021 pinnas
880 1986 978 2013 dabitis
994 1995 1001 2013 :

224 2040 342 2068 namque
358 2032 419 2059 illos
436 2038 471 2058 ex
489 2031 676 2066 angustiarum
689 2039 800 2059 suarum
816 2038 944 2066 pressura
955 2038 1001 2058 ex-

224 2077 341 2113 pediam,
369 2077 424 2104 imo
445 2079 472 2104 et
493 2076 613 2104 hostium
634 2083 707 2104 nunc
726 2076 844 2104 victores
860 2075 976 2104 efﬁciam
994 2086 1000 2103 :

223 2123 281 2159 ss
297 2126 327 2150 ut
343 2123 384 2150 sic
401 2130 450 2150 vos
465 2130 621 2150 remunerer
634 2129 682 2156 pro
697 2122 796 2149 vestris
808 2122 938 2149 adversus
956 2129 1004 2149 eos

226 2168 409 2201 facinoribus;
436 2168 538 2202 liliique
561 2167 644 2195 vestri
668 2175 701 2194 ac
720 2166 780 2194 filia:
803 2168 829 2193 in
846 2167 1002 2194 servitutem

225 2214 377 2249 rapiantur,
399 2220 431 2240 ac
451 2212 548 2247 procul
562 2211 752 2244 divendantur,
769 2211 842 2239 unde
859 2219 907 2239 eos
923 2219 1002 2239 recu-
1018 2197 1042 2226 υ

226 2266 322 2294 perare
341 2259 379 2286 sit
398 2258 477 2286 vobis
504 2257 684 2292 impossibile.
710 2255 758 2284 His
772 2256 855 2284 veluti
877 2256 1006 2284 vaticinio

225 2311 277 2331 suo
294 2302 462 2338 interpositis
475 2302 549 2329 circa
565 2300 661 2336 Tyrios
674 2307 705 2327 ac
721 2300 859 2332 Sidonios,
875 2306 1005 2329 cunctos-

225 2358 278 2384 que
296 2349 437 2380 ﬁnitirnos,
457 2348 504 2383 qui
525 2354 573 2383 per
592 2345 658 2374 illud
680 2350 788 2381 tempus
811 2346 886 2381 Gogo
901 2346 934 2373 ad
956 2346 1006 2374 Ju-

225 2396 344 2423 dzcorum
365 2394 512 2430 perniciem
534 2393 665 2424 faverant,
685 2393 821 2420 sermonis
841 2393 884 2419 sui
907 2393 1005 2421 seriem

225 2441 398 2477 prosequitur
417 2440 457 2468 sic
470 2449 478 2467 :

1051 1575 1189 1607 παντελῶς
1218 1575 1348 1603 ἀπολέσαι
1379 1577 1442 1608 τοὺς
1477 1576 1665 1612 Ἰσραηλίτας,
1700 1584 1833 1611 μνησικα-

1051 1621 1162 1654 κοῦντες
1175 1622 1266 1653 αὐτοῖς
1284 1622 1354 1658 ὑπὲρ
1371 1618 1407 1649 ὧν
1424 1622 1633 1657 πεπολεμήκασί
1646 1630 1676 1648 τε
1691 1622 1831 1654 πολλάκις,

1052 1666 1098 1694 καὶ
1111 1669 1311 1703 κεκρατήκασιν
1323 1667 1412 1694 αὐτῶν
1428 1667 1471 1694 διά
1485 1667 1534 1703 τῆς
1555 1667 1628 1699 θείας
1644 1667 1740 1703 ῥοπῆς,
1756 1666 1834 1694 τοῦτο

1051 1711 1144 1745 λέγει’
1168 1711 1261 1747 Ὑμεῖς
1275 1712 1304 1739 δὲ
1326 1712 1396 1743 τίνος
1413 1712 1505 1738 ἐνεκεν
1519 1711 1750 1747 μνησικακοῦντες
1760 1731 1767 1743 ,
1786 1711 1833 1739 καὶ

1052 1758 1146 1792 καιρὸν
1171 1759 1296 1793 εὑρόντες
1320 1758 1367 1785 τοῦ
1398 1758 1432 1784 τὰ
1463 1758 1591 1785 δοκοῦντα
1616 1757 1832 1794 διαπράξασθαι,

1051 1803 1162 1829 τοιαῦτα
1174 1803 1244 1830 κατά
1260 1803 1314 1830 τῶν
1336 1804 1397 1839 ἐμοὶ
1420 1804 1611 1840 προσηκόντων
1625 1803 1809 1839 τετολμήκατε
1825 1812 1833 1836 ;

1054 1848 1125 1875 Ἰστε
1145 1849 1199 1884 γὰρ
1212 1849 1253 1875 ὅτι
1274 1849 1357 1882 ὀξέως
1369 1851 1432 1886 ὑμῖν
1445 1851 1537 1882 ἐπάξω
1550 1850 1599 1886 τὴν
1614 1851 1685 1886 ὑπὲρ
1701 1850 1750 1885 τῆς
1764 1849 1834 1884 γνώ-

1053 1902 1107 1929 μης
1122 1894 1221 1929 ταύτης
1233 1895 1376 1930 τιμωρίαν,
1400 1896 1458 1923 ἀνθ’
1472 1892 1510 1923 ὧν
1526 1895 1633 1923 ἅπαντα
1645 1896 1681 1923 τὰ
1700 1896 1834 1932 προσόντα

1052 1939 1156 1972 τούτοις
1178 1940 1314 1973 λαϐόντες,
1338 1942 1378 1973 είς
1401 1943 1463 1974 τοὺς
1477 1943 1557 1974 ναοὺς
1578 1943 1752 1979 εἰσηνέγκατο
1770 1943 1834 1974 τοὺς

1053 1985 1200 2021 ὑμετέρους
1216 1994 1223 2000 ·
1250 1986 1290 2013 ἔτι
1313 1987 1341 2014 δὲ
1360 1988 1407 2014 καὶ
1419 1988 1482 2020 τοὺς
1507 1989 1582 2020 υἱοὺς
1595 1989 1684 2016 αὐτῶν
1699 1989 1834 2024 δια-πωλή-

1054 2039 1160 2064 σαντες,
1177 2032 1263 2059 ἑλπίδι
1282 2032 1330 2060 τοῦ
1352 2034 1455 2066 πάντας
1477 2034 1574 2066 αὐτοὺς
1589 2035 1643 2061 τῶν
1658 2035 1738 2071 ὁρίων
1751 2034 1834 2062 ἐκσα-

1052 2076 1108 2103 λεῖν
1121 2077 1175 2104 τῶν
1193 2077 1300 2104 οἰκείων
1310 2085 1317 2092 ·
1342 2075 1434 2115 ὦνπερ
1446 2077 1493 2107 οὖν
1505 2080 1575 2115 ὑμᾶς
1590 2080 1771 2115 εἰσπράξομαι
1793 2080 1834 2107 δί-

1053 2131 1113 2154 κας·
1131 2123 1169 2158 (p.
1181 2123 1241 2159 155)
1261 2124 1406 2157 ἀπαλλάξω
1418 2125 1472 2161 γὰρ
1485 2126 1594 2158 τούτους
1605 2126 1653 2161 τῆς
1669 2125 1835 2161 κατεχούσης

1053 2169 1150 2201 αὐτοὺς
1161 2169 1282 2205 ἀνάγκης
1292 2179 1298 2186 ·
1315 2171 1362 2197 νῦν
1373 2171 1401 2198 δὲ
1413 2171 1459 2198 καὶ
1471 2171 1610 2207 κρείττους
1621 2172 1771 2207 ἐργάσομαι
1779 2172 1835 2199 τῶν

1054 2213 1207 2249 πολεμίων·
1231 2214 1300 2241 ὥστε
1324 2215 1369 2242 καὶ
1394 2216 1456 2250 ὑμῖν
1480 2215 1635 2248 ἀποδοῦναι,
1661 2217 1719 2243 ἀνθ’
1741 2214 1778 2244 ὧν
1794 2217 1834 2249 εἰς

1052 2259 1149 2291 αὐτοὺς
1162 2260 1344 2296 τετολμήκατε
1353 2280 1361 2294 ,
1386 2261 1477 2288 λαϐεῖν
1491 2262 1553 2294 τούς
1567 2271 1596 2289 τε
1609 2264 1684 2295 υἱοὺς
1698 2264 1774 2299 ὑμῶν
1788 2264 1835 2290 καὶ

1053 2305 1103 2337 τὰς
1117 2305 1268 2342 θυγατέρας
1283 2307 1470 2342 αἰχμαλώτους
1483 2316 1491 2324 ’
1515 2309 1561 2335 καὶ
1577 2309 1609 2345 δὴ
1627 2310 1674 2336 καὶ
1689 2309 1835 2337 ἀποδόσθαι

1055 2351 1151 2382 αὐτοὺς
1165 2351 1272 2387 μακράν
1289 2360 1339 2378 που
1349 2372 1356 2384 ,
1381 2352 1442 2379 ὅθεν
1460 2353 1520 2380 οὐδὲ
1533 2353 1645 2382 δυνατὸν
1659 2354 1723 2388 ὑμῖν
1736 2354 1835 2386 αὐτοὺς

1054 2396 1244 2424 ἀνασώσασθαι
1268 2397 1307 2424 ἐτι
1319 2405 1326 2413 ·
1351 2398 1436 2425 ταῦτα
1449 2399 1516 2434 πρὸς
1530 2400 1592 2431 τοὺς
1605 2400 1720 2435 Τυρίους
1738 2407 1767 2426 τε
1787 2400 1835 2426 καὶ

1057 2442 1198 2474 Σιδωνίους
1214 2443 1262 2470 καὶ
1280 2444 1344 2475 τοὺς
1364 2445 1570 2480 περιοικοῦντας
1592 2446 1714 2477 ἅπαντας
1735 2454 1836 2480 παρενο

226 2488 291 2518 θεὶς,
309 2488 345 2518 ὡς
362 2487 394 2514 ἂν
409 2487 467 2513 κατ’
477 2485 580 2511 ἐκεῖνον
591 2483 636 2511 τὸν
651 2483 744 2519 καιρὸν
758 2484 996 2519 ἑπικεχειρηκότας
1008 2487 1166 2523 συμπρᾶξαι
1176 2489 1232 2520 τοὶς
1244 2489 1315 2525 ἀμφὶ
1323 2490 1368 2517 τὸν
1383 2490 1444 2526 Γὼγ
1451 2491 1497 2518 ἐπὶ
1511 2493 1543 2527 τῇ
1555 2491 1625 2518 κατὰ
1635 2491 1688 2519 τῶν
1704 2493 1836 2521 Ἰουδαίων

225 2534 356 2569 ἀπωλείᾳ,
371 2533 461 2568 ἔχεται
474 2533 524 2568 τῆς
538 2533 639 2563 οἰκείας
651 2531 818 2564 ἀκολουθίας,
839 2532 886 2558 καί
898 2540 975 2567 φησι·

263 2622 344 2648 \‘ens.
359 2621 485 2648 9-l2.—¢
495 2621 644 2648 Prattlicate
661 2620 716 2647 haec
730 2619 757 2646 in
775 2618 912 2653 gentibus,
933 2627 996 2647 san-

226 2668 343 2695 ctiﬁcate
366 2667 477 2698 bellum,
491 2667 622 2694 suscitate
640 2671 815 2702 pugnatores,
839 2665 959 2692 accedite
976 2669 1003 2692 et

226 2712 478 2743 ascendite,omues
502 2712 666 2739 bellatores:
689 2710 822 2738 concidite
840 2715 931 2737 aratra
955 2718 1002 2738 ve-

227 2763 283 2785 stra
302 2758 328 2784 in
344 2757 458 2792 gladios,
475 2760 502 2784 et
518 2755 601 2783 falces
612 2761 716 2783 vestras
731 2756 758 2782 in
778 2756 888 2782 lanceas
902 2764 907 2782 ι
928 2755 1005 2782 inﬁr-

228 2811 288 2830 tuus
300 2804 381 2836 dicat,
394 2801 482 2830 Fortis
496 2810 545 2836 ego
559 2808 618 2829 sum
633 2811 639 2828 :
654 2801 852 2836 congregemini
862 2805 890 2828 et
905 2801 1003 2831 venite,

227 2857 321 2877 omnes
336 2855 430 2884 gentes
446 2848 479 2876 tle
496 2847 625 2882 circuitu,
648 2851 676 2875 et
699 2847 762 2874 illuc
781 2847 981 2875 coacervemini
995 2857 1002 2876 :

1085 2621 1157 2656 Στίχ.
1172 2621 1255 2657 θ’-ιβ’.
1273 2639 1307 2644 -
1324 2625 1481 2661 ιΚηρύξατε
1494 2626 1579 2654 ταῦτα
1591 2628 1620 2654 ἐν
1635 2631 1690 2661 τοῖς
1715 2629 1834 2657 ἔθνεσιν·

1051 2666 1180 2700 ἁγιάσατε
1201 2667 1332 2704 πόλεμον·
1347 2670 1500 2706 ὲξεγείρατε
1521 2673 1584 2704 τοὺς
1598 2675 1734 2710 μαχητάς·
1752 2683 1835 2710 προο-

1050 2713 1168 2746 αγάγετε
1187 2714 1233 2741 καὶ
1250 2715 1418 2749 ἀναϐαίνετε,
1435 2718 1534 2750 πάντες
1553 2719 1647 2755 ἄνδρες
1664 2720 1832 2756 πολεμισταί-

1053 2759 1204 2793 συγκόψατε
1227 2760 1262 2787 τὰ
1279 2761 1381 2796 ἄροτρα
1412 2763 1489 2798 ὑμῶν
1511 2765 1550 2796 εἰς
1573 2766 1719 2800 ῥομφαίας,
1740 2767 1786 2793 καὶ
1801 2767 1833 2794 τὰ

1052 2804 1172 2840 δρέπανα
1191 2806 1267 2841 ὑμῶν
1279 2808 1319 2839 είς
1336 2809 1523 2843 συρομὼτας·
1540 2811 1555 2836 ό
1575 2811 1704 2843 ἀδύνατος
1721 2812 1834 2846 λεγέτω,

1043 2850 1093 2884 ,ὅτι
1112 2850 1205 2886 Ἰαχύω
1226 2851 1301 2886 ἑγώ·
1330 2853 1534 2889 συναθροίζεσθε
1560 2856 1606 2882 καὶ
1633 2857 1835 2892 είσπορεύεσθι,
