1972 3066
195 155 247 183 259

797 150 968 177 TIIEODORI
986 150 1225 178 MOPSUESTENI

1764 146 1817 175 ΞΜ)

196 212 233 239 ob
260 214 406 238 eventuum
431 208 644 239 mirabilitatem,
673 212 830 242 tantamque
858 212 976 243 stragem

1034 208 1125 243 ἑαυτῷ,
1144 209 1264 243 μεγάλην
1280 207 1338 234 κατ’
1351 206 1440 233 αὐτῶν
1455 206 1554 240 ἀφησει
1579 205 1628 240 τὴν
1645 205 1752 240 φωνήν·
1769 205 1816 239 ἀφ’

196 260 251 283 tam
269 256 324 291 90
341 255 479 290 inopinate
496 254 607 286 editam.
626 253 672 281 Dei
683 261 776 288 opera,
793 253 900 280 interim
919 252 977 280 suis

197 302 345 336 parcentis.
370 301 510 335 fortesque
534 300 561 326 in
584 304 731 334 conspectu
747 298 866 326 hostium
885 302 978 325 osten-

197 347 285 374 dentis
303 356 309 373 :
330 351 359 373 ut
378 345 507 373 omnibus
544 344 716 372 manifestum
741 344 786 371 ﬁat
808 344 897 379 ipsum
915 352 977 371 vere

196 392 279 420 Deum
306 399 367 420 esse
394 391 586 423 universalem,
610 396 638 419 et
671 390 816 418 Dominum
847 391 922 417 illum
949 391 977 417 in

197 436 279 464 Sione
294 441 386 464 monte
399 435 451 464 coli
466 436 587 464 solitum.

235 601 317 629 Vsus.
344 602 439 629 18-21.
456 617 492 623 —
509 611 518 628 ι
538 602 570 629 Et
585 602 637 630 erit
651 601 818 630 Hierusalem
836 606 940 636 sancta,
953 607 980 630 et

197 649 356 682 alienigenae
383 656 436 675 non
453 648 609 676 transibunt
640 656 688 683 per
712 656 771 675 eam
793 649 920 683 amplius.
947 648 980 676 Et

196 693 248 721 erit
264 694 309 721 die
328 693 384 726 illa,
403 693 547 721 stillabunt
560 697 667 721 montes
681 694 864 726 dulcedinem.
879 698 907 722 et
921 694 980 721 col-

198 739 237 766 les
252 738 338 766 ﬂuent
356 739 438 770 lacte,
459 743 486 767 et
503 747 599 766 omnes
622 739 785 768 emissiones
804 739 880 767 Judae
896 739 980 767 ﬂuent

197 784 275 819 aquis
294 794 300 811 ε
317 788 344 812 et
357 784 417 812 fons
429 784 463 812 de
477 784 558 812 domo
572 784 680 812 Domini
705 785 870 820 egredietur,
881 791 908 813 et
919 785 980 812 irri-

197 831 271 866 gahit
290 834 437 858 torrentem
455 831 651 859 l'uniculorum.
668 842 677 858 ι
698 832 825 859 Sanctam
839 840 901 860 esse
915 832 979 859 Hie-

1030 251 1063 289 ἦς
1077 254 1108 289 δὴ
1127 253 1226 289 μικροῦ
1245 253 1292 279 καὶ
1306 252 1420 288 οὐρανὸς
1432 251 1502 283 δόξει
1517 249 1700 280 συσσείεσθαι.
1719 251 1767 276 καὶ
1779 251 1815 284 γῆ

1030 299 1063 325 ἐκ
1075 299 1121 325 τοῦ
1136 298 1288 332 παραδόξου
1299 297 1354 324 τῶν
1364 296 1542 332 γιγνομένων,
1558 296 1604 322 καὶ
1620 295 1670 330 τῆς
1682 294 1816 330 τοσαύτης

1032 345 1139 378 σφαγῆς
1152 343 1223 370 οὕτω
1235 342 1394 377 παραδόξως
1407 340 1614 375 ἐπιτελουμένης,
1628 339 1661 375 ἢν
1675 339 1816 374 ποιήσεται

1031 388 1106 420 Θεὸς,
1122 388 1177 414 τῶν
1200 388 1307 415 οἰκείων
1333 387 1499 422 φειδόμενος,
1515 386 1561 412 καὶ
1579 385 1703 420 ἰσχυροὺς
1719 384 1817 414 αὐτοὺς

1031 435 1102 462 κατὰ
1113 434 1168 460 τῶν
1183 434 1311 461 ἐναντίων
1326 432 1486 464 ἀποδεικνύς
1496 440 1503 447 ·
1516 432 1554 463 ὼς
1568 431 1601 458 ἂν
1617 431 1702 457 ἅπασι
1712 430 1817 464 γένοιτο

1031 479 1120 514 δῆλον,
1141 480 1181 507 ὅτι
1197 480 1280 511 ὅντως
1296 475 1372 510 οὗτος
1397 478 1430 513 δὴ
1454 477 1519 509 Θεὸς
1537 476 1590 503 τῶν
1605 475 1743 505 ἁπάντων,
1768 475 1816 501 καὶ

1031 526 1132 560 Κύριος
1143 527 1157 553 6
1173 527 1200 552 ὲν
1222 525 1261 560 τῷ
1274 525 1332 560 ὕρει
1345 524 1384 559 τῷ
1399 523 1467 550 Σιὼν
1482 521 1680 558 θεραπεύεσθαι
1700 520 1813 551 εἰωθώς.

1067 604 1139 639 Στίχ.
1158 602 1260 638 ιη’-κα’.
1275 618 1308 623 —
1326 612 1335 629 ι
1362 602 1417 629 Καὶ
1433 601 1507 628 ἔσται
1531 600 1707 636 Ἰερουσαλὴμ
1731 599 1814 634 ἁγία·

1032 650 1080 676 καὶ
1099 650 1251 684 ἁλλογενεῖς
1265 649 1294 676 οὑ
1310 648 1489 675 διελεύσονται
1502 647 1534 673 δι’
1548 646 1630 681 αὐτῆς
1646 645 1751 672 οὐκέτι·
1770 645 1817 671 καὶ

1032 694 1108 721 ἔσται
1123 694 1152 720 ὲν
1166 695 1199 729 τῇ
1215 693 1306 729 ἡμέρᾳ
1318 693 1410 729 ἐκείνῃ
1435 691 1613 723 ἁτιοσταλάξει
1633 691 1666 717 τὰ
1680 691 1728 727 ὅρη
1749 689 1816 724 γλυ-

1034 739 1150 774 κασμὸν,
1174 739 1220 766 καὶ
1243 740 1267 765 οἰ
1282 738 1371 773 βουνοὶ
1387 739 1530 773 ῥυήσονται
1554 737 1624 772 γάλα
1636 745 1643 751 ·
1660 736 1706 763 καὶ
1732 737 1816 763 πᾶσαι

1032 785 1059 811 αἱ
1084 785 1196 819 ἀφέσεις
1228 784 1313 811 Ἰούδα
1339 784 1483 819 ρυήσονται
1501 783 1599 810 ὕδατα·
1620 782 1667 809 καὶ
1689 782 1763 817 πηγὴ
1787 781 1816 814 ἐξ

1032 831 1105 856 οἴκου
1120 829 1223 865 Κυρίου
1239 829 1418 862 ἐξελεύσεται,
1430 829 1478 855 καὶ
1491 829 1579 855 ποτιεί
1592 828 1637 854 τὸν
1651 828 1816 863 χειμάρρουν

198 876 316 903 rusalcm
343 884 376 903 ex
399 876 482 904 rebus
505 876 573 911 ipsis
597 877 682 911 gestis
703 877 851 909 constabit,
871 877 981 905 nemine

1034 875 1086 902 τῶν
1103 875 1225 911 σχοίνων.
1253 884 1260 901 ι
1287 875 1320 901 Ἦ
1345 875 1393 910 μὲν
1419 874 1472 909 γὰρ
1501 873 1677 910 Ἰερουσαλὴμ
1700 873 1765 906 ἁγία
1786 871 1816 904 ἐξ

199 922 298 948 abhinc
319 921 471 956 alienigena
505 921 540 949 ad
574 921 649 949 illam
677 923 824 950 ascendere
851 923 978 950 audente.

199 968 311 994 Cunctis
324 972 413 994 autem
423 966 525 995 Judaais
540 967 703 1002 promissam
719 972 820 995 terram
836 968 982 996 incolenti-

199 1013 250 1039 bus
269 1014 401 1040 bonorum
426 1013 536 1040 ubertas
551 1012 613 1042 erit,
635 1013 699 1047 quia
715 1017 742 1040 et
755 1016 862 1040 montes
880 1017 907 1039 et
923 1012 981 1039 col-

200 1058 239 1085 les
268 1057 369 1085 multos
393 1057 460 1092 ipsis
486 1065 518 1084 ac
552 1057 644 1084 varios
669 1057 774 1085 fructus
803 1058 980 1093 praebebunt;

198 1100 288 1127 fontes
313 1100 377 1126 item
396 1106 556 1128 consuetam
579 1109 712 1136 aquarum
737 1109 850 1129 suarum
875 1103 981 1137 copiam

199 1146 428 1181 suppeditabunt;
451 1146 533 1174 solita
550 1146 644 1174 dicens
660 1154 693 1174 ex
720 1146 766 1174 Dei
788 1147 889 1181 templo
910 1147 982 1174 dona

198 1192 318 1226 erogari,
335 1195 362 1218 et
377 1191 498 1218 indidem
514 1191 655 1219 amuentes
673 1191 771 1219 uberes
787 1192 921 1219 bonorum
940 1191 982 1219 di-

201 1237 282 1265 vitias
296 1237 491 1265 accedentibus
503 1237 580 1270 illuc,
594 1241 622 1265 et
636 1237 728 1265 debita
739 1237 794 1265 Deo
808 1237 895 1265 oﬂicia
907 1245 983 1264 com-

199 1283 274 1318 plere
300 1283 501 1318 satagentibus.
527 1282 578 1311 Hic
600 1287 644 1310 est
664 1283 736 1310 enim
755 1284 802 1318 qui
819 1290 834 1310 a
853 1284 983 1318 propheta

200 1328 302 1355 dicitur
323 1327 356 1355 de
371 1328 452 1355 domo
469 1328 573 1355 Domini
588 1328 649 1356 fons
663 1336 838 1364 egressurus.
856 1327 919 1359 Hic.
944 1328 985 1355 in-

200 1381 294 1409 quam,
311 1378 403 1401 tantus
416 1374 480 1406 erit,
499 1378 531 1402 ut
548 1381 634 1409 usque
646 1374 680 1401 ad
699 1375 864 1411 longinquos
878 1373 984 1409 copiam

201 1428 281 1448 suam
307 1424 472 1448 extensnrus
503 1420 549 1447 sit.
566 1420 624 1448 Mox
645 1426 790 1456 postquam
813 1420 906 1448 dixit:
923 1430 933 1446 ι
953 1420 986 1447 Et

200 1465 335 1501 [Egyptus
356 1465 535 1500 desolabitur,
558 1471 586 1494 et
611 1466 727 1494 Idumam
748 1467 875 1494 similiter
887 1466 923 1494 ob
936 1474 985 1495 sua

202 1515 299 1538 contra
322 1518 371 1538 vos
393 1510 524 1543 l'acinora,
551 1515 578 1538 et
596 1516 706 1546 propter
726 1512 826 1539 multos
848 1519 881 1539 ex
910 1511 986 1539 vobis

1031 921 1120 949 αὐτῶν
1136 921 1285 956 φανήσεται
1305 920 1358 947 τῶν
1380 920 1559 956 πραγμάτων,
1579 919 1685 950 οὐδενὸς
1707 917 1816 944 ἐπιϐαί-

1030 975 1086 994 νειν
1103 967 1170 1002 αὐτῇ
1192 966 1332 1002 ἀλλοτρίου
1354 965 1506 1000 τολμῶντος
1526 965 1581 992 ἔτι·
1599 965 1684 991 ἅπασι
1703 963 1730 990 δὲ
1750 963 1815 989 ’1ου-

1030 1013 1114 1044 δαίοις
1130 1012 1175 1038 ἐπὶ
1199 1012 1248 1046 τῆς
1273 1012 1324 1046 γῆς
1347 1010 1449 1037 οἰκοῦσι
1475 1010 1525 1045 τῆς
1549 1008 1714 1044 ἐπαγγελίας
1731 1007 1815 1042 πολλή

1030 1066 1073 1089 τις
1087 1057 1201 1092 ἀφθονία
1216 1057 1270 1083 τῶν
1283 1056 1392 1091 ἀγαθῶν
1408 1055 1494 1087 ἔσται,
1508 1055 1545 1087 ὡς
1571 1056 1618 1081 καὶ
1637 1053 1672 1080 τὰ
1694 1053 1746 1088 ὅρη
1768 1053 1815 1079 καὶ

1031 1103 1093 1134 τοὺς
1105 1102 1215 1137 βουνοὺς
1228 1102 1350 1138 καρποὺς
1360 1101 1392 1136 δὴ
1406 1099 1518 1132 πολλοὺς
1531 1108 1606 1131 τινας
1619 1100 1666 1126 καὶ
1677 1099 1815 1130 ποικίλους

1032 1148 1160 1184 παρέχειν
1174 1148 1262 1179 αὐτοῖς
1272 1156 1279 1163 ·
1294 1147 1342 1179 τὰς
1359 1147 1449 1182 πηγάς
1463 1155 1492 1172 τε
1506 1145 1628 1181 συνήθως
1640 1144 1694 1171 τῶν
1708 1143 1816 1171 οἰκείων

1033 1194 1139 1221 ὑδάτων
1159 1193 1273 1228 (ρ.157)
1290 1192 1418 1228 παρέχειν
1440 1193 1486 1219 τὸν
1507 1192 1620 1218 πλοῦτον
1634 1191 1673 1227 [αἱ
1697 1190 1817 1217 εἰωθυῖαι

1033 1239 1065 1266 ὲκ
1082 1238 1128 1265 τοῦ
1145 1238 1209 1264 ναοῦ
1224 1238 1270 1264 τοῦ
1284 1237 1356 1264 θείου
1369 1237 1544 1273 χορηγεῖσθαι
1561 1237 1660 1273 δωρεαὶ
1675 1236 1753 1272 (21)],
1770 1235 1817 1262 καὶ

1034 1283 1167 1319 πηγάζειν
1180 1283 1294 1318 ἄφθονον
1307 1283 1362 1309 τῶν
1381 1283 1491 1317 ἀγαθῶν
1507 1283 1553 1310 τὸν
1567 1282 1680 1310 πλοῦτον
1699 1283 1754 1313 τοῖς
1769 1282 1817 1308 αὺ-

1034 1329 1092 1356 τόθι
1105 1338 1134 1356 τε
1151 1329 1274 1362 εἰσιοῦσι,
1289 1329 1335 1355 καὶ
1353 1329 1387 1355 τὰ
1400 1329 1553 1364 καθήκοντα
1573 1329 1611 1364 τῷ
1626 1327 1684 1363 Θεῷ
1699 1327 1818 1364 πληροῦν

1035 1374 1211 1402 ἐσπουδακόσι
1221 1383 1227 1390 ·
1243 1375 1345 1412 ταύτην
1359 1375 1412 1410 γὰρ
1427 1374 1500 1409 λέγει
1516 1374 1606 1410 πηγὴν
1627 1374 1656 1407 ἐξ
1673 1373 1747 1400 οἴκου
1763 1374 1819 1400 Ku-

1036 1419 1094 1455 ρίου
1107 1418 1307 1452 ὲξελεύσεσθαι·
1322 1419 1438 1455 τοσαύτη
1454 1428 1495 1451 τις
1512 1419 1587 1446 ἔσται
1603 1419 1672 1446 ὥστε
1688 1419 1751 1455 ἄχρι
1771 1418 1819 1445 καὶ

1035 1465 1089 1491 τῶν
1103 1464 1243 1501 πόῤῥωθεν
1257 1465 1306 1500 τὴν
1319 1465 1472 1500 φιλοτιμίαν
1488 1466 1627 1492 ἐκτείνειν.
1644 1463 1711 1492 Εἶτα
1735 1465 1819 1492 εἰπὼν

1037 1510 1077 1536 ὅτι
1091 1510 1164 1537 ιΚαὶ
1185 1511 1320 1545 Αίγυπτος
1338 1511 1561 1546 ἀφανισθήσεται.
1576 1512 1621 1537 καὶ
1643 1512 1659 1546 ὴ
1685 1511 1819 1546 Ἰδουμαία

202 1560 296 1583 contra
314 1555 355 1584 fas
370 1556 542 1590 interfectos,
565 1566 575 1582 )
594 1556 672 1584 addit
688 1566 693 1583 :
713 1565 723 1583 ι
739 1556 774 1584 Et
784 1556 876 1584 Jullzea
891 1557 918 1584 in
938 1565 982 1584 sua

1037 1556 1066 1583 δὲ
1087 1555 1135 1582 σὺν
1159 1557 1261 1592 ἐκείνῃ,
1287 1557 1357 1593 ὑπὲρ
1377 1554 1414 1584 ὧν
1429 1557 1586 1593 πεπράχασί
1609 1566 1638 1585 τε
1659 1557 1718 1584 καθ’
1732 1557 1818 1593 ὑμῶν.

203 1602 282 1628 lirma
310 1601 442 1630 felicitate
475 1601 644 1630 habitabitur
668 1610 684 1629 a
708 1602 828 1637 propriis
843 1603 941 1630 incolis
960 1602 987 1630 in

203 1646 384 1674 Hierusalem.
405 1657 415 1673 »
432 1648 538 1681 Quibus
560 1648 745 1684 superaddit:
765 1657 775 1674 ι
796 1648 829 1675 Et
849 1648 987 1683 requiram

205 1693 367 1727 sanguinem
379 1700 486 1725 eorum,
501 1701 584 1728 quem
605 1694 721 1721 inultum
741 1701 803 1722 esse
818 1700 871 1721 non
888 1695 986 1721 sinam.

204 1738 236 1764 Et
261 1738 394 1767 Dominus
421 1739 555 1767 habitabit
581 1740 608 1767 in
635 1739 729 1768 Sione.
751 1750 761 1766 ι
784 1740 868 1773 Quasi
887 1740 961 1767 dicat
980 1749 986 1767 :

204 1784 344 1819 Quotquot
371 1784 502 1813 adversus
519 1784 655 1814 lsraelitas
670 1785 774 1821 aliquid
788 1786 910 1821 aggressi
928 1786 986 1813 fue-

203 1828 268 1859 rint,
290 1829 427 1863 supremis
449 1829 564 1857 alliciam
587 1831 741 1866 suppliciis.
764 1830 797 1858 Et
821 1831 986 1866 permanebo

202 1881 266 1900 cum
293 1874 364 1907 istis,
387 1875 560 1910 pmseutiam
581 1884 668 1903 meam
693 1884 794 1904 arcana
816 1876 986 1911 providentia

204 1918 405 1953 demonstrans,
434 1928 516 1956 quam
558 1922 697 1957 copiosam
728 1922 756 1949 in
784 1930 865 1950 omne
900 1929 986 1949 aevum

205 1964 305 1991 abhinc
324 1965 425 1993 eisdem
439 1966 584 2000 praestabo.

241 2112 294 2150 (2I_
306 2112 392 2140 Verba
407 2115 433 2139 αἰ
444 2113 575 2141 εἰωθυῖαι.
587 2133 594 2141 .
607 2134 614 2141 .
634 2114 744 2150 δωρεαί.
761 2115 870 2143 lectoris
891 2116 983 2150 cujus-

205 2147 267 2175 dam
288 2147 569 2183 interpretamentum,
588 2150 616 2177 in
637 2147 740 2177 tex'tum
757 2151 827 2178 male
847 2147 982 2178 invasisse

1037 1601 1084 1628 καὶ
1101 1602 1212 1634 πολλοὺς
1227 1602 1302 1638 ὑμῶν
1316 1603 1415 1635 ἀδίκως
1430 1604 1551 1630 ἀνεῖλον·
1577 1613 1586 1630 ι
1608 1604 1722 1638 ἐπάγει*
1747 1613 1756 1629 ι
1787 1603 1820 1631 Ἡ

1037 1647 1066 1674 δὲ
1088 1647 1199 1674 Ἰουδαία
1213 1648 1242 1673 ἐν
1263 1648 1362 1683 βεϐαίῳ
1378 1649 1426 1684 τῆς
1451 1649 1553 1680 οἰκείας
1572 1649 1723 1684 εὐπραγίας
1743 1649 1820 1676 ἔσται

1036 1693 1181 1728 οἰκουμένη
1195 1694 1224 1720 ὲν
1237 1695 1271 1729 τῇ
1297 1694 1474 1729 Ἰερουσαλὴμ
1484 1695 1536 1721 ὑπὸ
1547 1695 1601 1721 τῶν
1615 1695 1730 1723 οἰκείων.
1750 1705 1760 1721 ι
1773 1693 1820 1726 Οἷς

1037 1737 1197 1774 προστίθησι
1208 1747 1215 1755 ο
1231 1748 1239 1765 ι
1261 1739 1316 1765 Καὶ
1330 1739 1473 1776 ὲκζητήσω
1486 1740 1516 1767 τὸ
1529 1738 1598 1776 αἷμα
1614 1741 1712 1774 αὐτῶν,
1731 1742 1777 1768 καὶ
1789 1743 1819 1769 οὗ

1038 1783 1076 1819 μὴ
1096 1783 1216 1810 ἀθωώσω
1229 1791 1236 1799 ·
1253 1785 1300 1811 καὶ
1316 1785 1417 1820 Κύριος
1437 1786 1643 1822 κατασκηνώσει
1662 1789 1691 1814 ὲν
1711 1789 1788 1814 Σιών.
1807 1798 1817 1814 ι

1038 1829 1098 1856 Ἵνα
1112 1829 1178 1866 είπῃ
1192 1839 1199 1844 -
1218 1830 1287 1862 Τούς
1297 1839 1327 1856 τε
1343 1831 1545 1866 ἐπιχειροῦντας
1557 1841 1582 1859 τι
1602 1834 1661 1859 κατ’
1676 1833 1764 1860 αὐτῶν
1780 1833 1820 1861 ἐτι

1037 1876 1182 1911 τιμωρίαις
1206 1876 1345 1911 περιδαλῶ
1367 1878 1427 1908 ταῖς
1448 1877 1585 1913 ἐσχάταις,
1607 1878 1724 1914 διαμενῶ
1740 1888 1769 1906 τε
1790 1881 1820 1906 ἐν

1039 1922 1129 1953 αὐτοῖς
1139 1921 1244 1953 δεικνὺς
1254 1922 1371 1957 ἐμαυτὸν
1383 1923 1430 1949 τοῦ
1442 1923 1535 1950 λοιποῦ
1546 1923 1588 1950 διὰ
1601 1924 1649 1959 τῆς
1665 1925 1819 1960 ἀπορρήτου

1039 1967 1210 2003 κηδεμονίας,
1230 1967 1264 2003 ἢν
1287 1968 1385 2004 πολλήν
1405 1977 1466 1996 τινα
1479 1969 1604 2005 παρέχων
1619 1970 1707 2003 αὐτοῖς
1722 1971 1761 2002 εἰς
1774 1971 1820 1997 τὸν

1036 2012 1130 2039 ἔπειτα
1143 2013 1287 2040 διατελέσω
1300 2014 1404 2049 χρόνον.

1037 2117 1275 2159 suspicaturptto
1394 2118 1708 2159 [_"_ritzscltelpe‘Tlieod.
1731 2118 1817 2153 Μορι.

1039 2151 1101 2179 Vita
1115 2157 1140 2180 et
1155 2153 1272 2187 scriptis,
1289 2161 1315 2188 p.
1334 2153 1378 2189 57,
1397 2153 1480 2186 llatae,
1499 2153 1576 2186 1856,
1593 2153 1620 2181 8.
1639 2153 1717 2180 Enn.
