  <div class='ocr_page' id='page_1' title='image "/cluster/home/n/w/nwhite01/storage/ocr_20150623/66/njp.32101077772695/136.png"; bbox 0 0 1973 3066; ppageno 0'>
   <div class='ocr_carea' id='block_1_1' title="bbox 157 166 206 195">
    <p class='ocr_par' dir='ltr' id='par_1_1' title="bbox 157 166 206 195">
     <span class='ocr_line' id='line_1_1' title="bbox 157 166 206 195; baseline 0.02 -1"><span class='ocrx_word' id='word_1_1' title='bbox 157 166 206 195; x_wconf 72' lang='grc'><strong>241</strong></span> 
     </span>
    </p>
   </div>
   <div class='ocr_carea' id='block_1_2' title="bbox 685 171 1257 204">
    <p class='ocr_par' dir='ltr' id='par_1_2' title="bbox 685 171 1257 204">
     <span class='ocr_line' id='line_1_2' title="bbox 685 171 1257 204; baseline 0.012 -7"><span class='ocrx_word' id='word_1_2' title='bbox 685 171 957 202; x_wconf 72' lang='lat' dir='ltr'><strong>COMMENTARIUS</strong></span> <span class='ocrx_word' id='word_1_3' title='bbox 972 175 1006 202; x_wconf 85' lang='grc' dir='ltr'><strong>ΙΝ</strong></span> <span class='ocrx_word' id='word_1_4' title='bbox 1020 175 1124 203; x_wconf 84' lang='lat' dir='ltr'><strong>AMOSI</strong></span> <span class='ocrx_word' id='word_1_5' title='bbox 1145 176 1220 204; x_wconf 72' lang='lat' dir='ltr'><strong>CAP.</strong></span> <span class='ocrx_word' id='word_1_6' title='bbox 1237 176 1257 204; x_wconf 91' lang='lat' dir='ltr'><strong>l.</strong></span> 
     </span>
    </p>
   </div>
   <div class='ocr_carea' id='block_1_3' title="bbox 162 248 1770 271">
    <p class='ocr_par' dir='ltr' id='par_1_3' title="bbox 162 248 1770 271">
     <span class='ocr_line' id='line_1_3' title="bbox 162 248 1770 271; baseline 0.002 -5"><span class='ocrx_word' id='word_1_7' title='bbox 162 248 1770 271; x_wconf 46' lang='lat' dir='ltr'>M</span> 
     </span>
    </p>
   </div>
   <div class='ocr_carea' id='block_1_4' title="bbox 475 342 956 388">
    <p class='ocr_par' dir='ltr' id='par_1_4' title="bbox 475 342 956 388">
     <span class='ocr_line' id='line_1_4' title="bbox 475 342 956 388; baseline 0.01 -5"><span class='ocrx_word' id='word_1_8' title='bbox 475 342 754 385; x_wconf 89' lang='lat' dir='ltr'><strong>EPMHNEIA</strong></span> <span class='ocrx_word' id='word_1_9' title='bbox 805 344 956 388; x_wconf 89' lang='grc' dir='ltr'><strong>ΑΜΩΣ</strong></span> 
     </span>
    </p>
   </div>
   <div class='ocr_carea' id='block_1_5' title="bbox 998 346 1475 392">
    <p class='ocr_par' dir='ltr' id='par_1_5' title="bbox 998 346 1475 392">
     <span class='ocr_line' id='line_1_5' title="bbox 998 346 1475 392; baseline 0.006 -5"><span class='ocrx_word' id='word_1_10' title='bbox 998 346 1111 388; x_wconf 90' lang='grc' dir='ltr'><strong>ΤΟΥ</strong></span> <span class='ocrx_word' id='word_1_11' title='bbox 1155 346 1475 392; x_wconf 87' lang='grc' dir='ltr'><strong>ΠΡΟΦΗΤΟΥ.</strong></span> 
     </span>
    </p>
   </div>
   <div class='ocr_carea' id='block_1_6' title="bbox 204 530 1725 595">
    <p class='ocr_par' dir='ltr' id='par_1_6' title="bbox 204 530 1725 595">
     <span class='ocr_line' id='line_1_6' title="bbox 204 530 1725 595; baseline 0.005 -10"><span class='ocrx_word' id='word_1_12' title='bbox 204 530 285 586; x_wconf 78' lang='grc' dir='ltr'><strong>ῙΝ</strong></span> <span class='ocrx_word' id='word_1_13' title='bbox 316 531 610 589; x_wconf 87' lang='lat' dir='ltr'><strong>AMOSUM</strong></span> <span class='ocrx_word' id='word_1_14' title='bbox 653 536 1088 593; x_wconf 82' lang='lat' dir='ltr'><strong>PROPHETAM</strong></span> <span class='ocrx_word' id='word_1_15' title='bbox 1137 535 1725 595; x_wconf 82' lang='lat' dir='ltr'><strong>COMMENTARIUS.</strong></span> 
     </span>
    </p>
   </div>
   <div class='ocr_carea' id='block_1_7' title="bbox 193 707 944 749">
    <p class='ocr_par' dir='ltr' id='par_1_7' title="bbox 193 707 940 749">
     <span class='ocr_line' id='line_1_7' title="bbox 193 707 940 749; baseline 0.012 -17"><span class='ocrx_word' id='word_1_16' title='bbox 193 707 329 742; x_wconf 75' lang='grc' dir='ltr'><strong>Πρόδηλον</strong></span> <span class='ocrx_word' id='word_1_17' title='bbox 344 708 394 742; x_wconf 80' lang='grc' dir='ltr'>μὲν</span> <span class='ocrx_word' id='word_1_18' title='bbox 407 707 453 736; x_wconf 77' lang='grc' dir='ltr'>οὖν</span> <span class='ocrx_word' id='word_1_19' title='bbox 465 709 505 736; x_wconf 83' lang='grc' dir='ltr'>ὃτι</span> <span class='ocrx_word' id='word_1_20' title='bbox 519 711 565 737; x_wconf 78' lang='grc' dir='ltr'>καὶ</span> <span class='ocrx_word' id='word_1_21' title='bbox 581 711 713 747; x_wconf 86' lang='grc' dir='ltr'>μακάριος</span> <span class='ocrx_word' id='word_1_22' title='bbox 733 713 823 748; x_wconf 81' lang='grc' dir='ltr'>Ἀμὼς</span> <span class='ocrx_word' id='word_1_23' title='bbox 843 715 857 740; x_wconf 85' lang='grc' dir='ltr'><strong>ό</strong></span> <span class='ocrx_word' id='word_1_24' title='bbox 872 722 940 749; x_wconf 86' lang='grc' dir='ltr'>προ-</span> 
     </span>
    </p>
   </div>
   <div class='ocr_carea' id='block_1_8' title="bbox 994 707 1780 749">
    <p class='ocr_par' dir='ltr' id='par_1_8' title="bbox 1026 712 1780 749">
     <span class='ocr_line' id='line_1_8' title="bbox 1026 712 1780 749; baseline 0.004 -10"><span class='ocrx_word' id='word_1_25' title='bbox 1026 714 1078 749; x_wconf 78' lang='lat'><strong>91</strong></span> <span class='ocrx_word' id='word_1_26' title='bbox 1098 712 1275 747; x_wconf 74' lang='lat' dir='ltr'><strong>Perspicwm</strong></span> <span class='ocrx_word' id='word_1_27' title='bbox 1301 717 1344 740; x_wconf 91' lang='lat' dir='ltr'><strong>est</strong></span> <span class='ocrx_word' id='word_1_28' title='bbox 1371 714 1480 741; x_wconf 87' lang='lat' dir='ltr'><strong>beatum</strong></span> <span class='ocrx_word' id='word_1_29' title='bbox 1511 721 1618 749; x_wconf 88' lang='lat' dir='ltr'><strong>quoque</strong></span> <span class='ocrx_word' id='word_1_30' title='bbox 1651 714 1780 742; x_wconf 84' lang='lat' dir='ltr'><strong>Amosum</strong></span> 
     </span>
    </p>
   </div>
   <div class='ocr_carea' id='block_1_9' title="bbox 157 751 943 792">
    <p class='ocr_par' dir='ltr' id='par_1_9' title="bbox 157 751 943 792">
     <span class='ocr_line' id='line_1_9' title="bbox 157 751 943 792; baseline 0.013 -16"><span class='ocrx_word' id='word_1_31' title='bbox 157 752 257 786; x_wconf 78' lang='grc' dir='ltr'>φήτης,</span> <span class='ocrx_word' id='word_1_32' title='bbox 283 751 312 778; x_wconf 83' lang='grc' dir='ltr'><strong>ὃν</strong></span> <span class='ocrx_word' id='word_1_33' title='bbox 335 753 496 789; x_wconf 78' lang='grc' dir='ltr'><strong>ἑρμηνεύειν</strong></span> <span class='ocrx_word' id='word_1_34' title='bbox 519 755 586 782; x_wconf 81' lang='grc' dir='ltr'>Θεοῦ</span> <span class='ocrx_word' id='word_1_35' title='bbox 607 756 698 791; x_wconf 83' lang='grc' dir='ltr'>χάριτι</span> <span class='ocrx_word' id='word_1_36' title='bbox 725 758 868 792; x_wconf 86' lang='grc' dir='ltr'>πρόκειται</span> <span class='ocrx_word' id='word_1_37' title='bbox 893 759 943 786; x_wconf 87' lang='grc' dir='ltr'><strong>νῦν</strong></span> 
     </span>
    </p>
   </div>
   <div class='ocr_carea' id='block_1_10' title="bbox 158 798 944 840">
    <p class='ocr_par' dir='ltr' id='par_1_10' title="bbox 158 798 944 840">
     <span class='ocr_line' id='line_1_10' title="bbox 158 798 944 840; baseline 0.013 -18"><span class='ocrx_word' id='word_1_38' title='bbox 158 798 235 832; x_wconf 68' lang='grc' dir='ltr'>ἡμῖν,</span> <span class='ocrx_word' id='word_1_39' title='bbox 262 798 326 833; x_wconf 80' lang='grc' dir='ltr'>περὶ</span> <span class='ocrx_word' id='word_1_40' title='bbox 341 798 397 825; x_wconf 81' lang='grc' dir='ltr'><strong>τῶν</strong></span> <span class='ocrx_word' id='word_1_41' title='bbox 417 799 457 834; x_wconf 84' lang='grc' dir='ltr'>τῷ</span> <span class='ocrx_word' id='word_1_42' title='bbox 477 800 534 836; x_wconf 86' lang='grc' dir='ltr'>λαῷ</span> <span class='ocrx_word' id='word_1_43' title='bbox 551 801 766 837; x_wconf 74' lang='grc' dir='ltr'>συμϐησομένων</span> <span class='ocrx_word' id='word_1_44' title='bbox 787 804 832 830; x_wconf 84' lang='grc' dir='ltr'>διὰ</span> <span class='ocrx_word' id='word_1_45' title='bbox 854 805 944 840; x_wconf 87' lang='grc' dir='ltr'>πάσης</span> 
     </span>
    </p>
   </div>
   <div class='ocr_carea' id='block_1_11' title="bbox 158 844 945 886">
    <p class='ocr_par' dir='ltr' id='par_1_11' title="bbox 158 844 945 886">
     <span class='ocr_line' id='line_1_11' title="bbox 158 844 945 886; baseline 0.009 -16"><span class='ocrx_word' id='word_1_46' title='bbox 158 844 260 879; x_wconf 79' lang='grc' dir='ltr'><strong>μικροῦ</strong></span> <span class='ocrx_word' id='word_1_47' title='bbox 277 844 328 879; x_wconf 81' lang='grc' dir='ltr'>τῆς</span> <span class='ocrx_word' id='word_1_48' title='bbox 348 846 516 881; x_wconf 76' lang='grc' dir='ltr'><strong>προφητείας</strong></span> <span class='ocrx_word' id='word_1_49' title='bbox 539 848 577 882; x_wconf 93' lang='lat' dir='ltr'><strong>(p.</strong></span> <span class='ocrx_word' id='word_1_50' title='bbox 603 848 665 883; x_wconf 70' lang='lat'><strong>138)</strong></span> <span class='ocrx_word' id='word_1_51' title='bbox 689 848 771 883; x_wconf 82' lang='grc' dir='ltr'>λέγει,</span> <span class='ocrx_word' id='word_1_52' title='bbox 790 850 807 877; x_wconf 79' lang='grc' dir='ltr'><strong>ἆ</strong></span> <span class='ocrx_word' id='word_1_53' title='bbox 820 859 850 876; x_wconf 88' lang='grc' dir='ltr'><strong>τε</strong></span> <span class='ocrx_word' id='word_1_54' title='bbox 870 851 945 886; x_wconf 75' lang='grc' dir='ltr'>παρὰ</span> 
     </span>
    </p>
   </div>
   <div class='ocr_carea' id='block_1_12' title="bbox 156 889 945 930">
    <p class='ocr_par' dir='ltr' id='par_1_12' title="bbox 156 889 945 930">
     <span class='ocr_line' id='line_1_12' title="bbox 156 889 945 930; baseline 0.01 -15"><span class='ocrx_word' id='word_1_55' title='bbox 156 889 212 915; x_wconf 83' lang='grc' dir='ltr'>τῶν</span> <span class='ocrx_word' id='word_1_56' title='bbox 237 891 387 926; x_wconf 76' lang='grc' dir='ltr'><strong>Ἀσσυρίων</strong></span> <span class='ocrx_word' id='word_1_57' title='bbox 414 892 554 919; x_wconf 86' lang='grc' dir='ltr'>πείσονται</span> <span class='ocrx_word' id='word_1_58' title='bbox 579 894 710 930; x_wconf 81' lang='grc' dir='ltr'>πρότερον</span> <span class='ocrx_word' id='word_1_59' title='bbox 737 897 765 922; x_wconf 83' lang='grc' dir='ltr'>αἱ</span> <span class='ocrx_word' id='word_1_60' title='bbox 784 896 845 923; x_wconf 76' lang='grc' dir='ltr'>δέκα</span> <span class='ocrx_word' id='word_1_61' title='bbox 863 897 945 930; x_wconf 74' lang='grc' dir='ltr'>φυλαὶ</span> 
     </span>
    </p>
   </div>
   <div class='ocr_carea' id='block_1_13' title="bbox 159 937 945 977">
    <p class='ocr_par' dir='ltr' id='par_1_13' title="bbox 159 937 945 977">
     <span class='ocr_line' id='line_1_13' title="bbox 159 937 945 977; baseline 0.011 -16"><span class='ocrx_word' id='word_1_62' title='bbox 159 937 280 971; x_wconf 78' lang='grc' dir='ltr'>μηνύων,</span> <span class='ocrx_word' id='word_1_63' title='bbox 295 938 341 963; x_wconf 77' lang='grc' dir='ltr'>καὶ</span> <span class='ocrx_word' id='word_1_64' title='bbox 355 937 373 964; x_wconf 77' lang='grc' dir='ltr'><strong>ἃ.</strong></span> <span class='ocrx_word' id='word_1_65' title='bbox 389 938 453 973; x_wconf 70' lang='grc' dir='ltr'>περὶ</span> <span class='ocrx_word' id='word_1_66' title='bbox 465 939 514 974; x_wconf 80' lang='grc' dir='ltr'>τὴν</span> <span class='ocrx_word' id='word_1_67' title='bbox 538 939 714 976; x_wconf 78' lang='grc' dir='ltr'>Ἰερουσαλὴμ</span> <span class='ocrx_word' id='word_1_68' title='bbox 735 942 782 968; x_wconf 74' lang='grc' dir='ltr'><strong>καὶ</strong></span> <span class='ocrx_word' id='word_1_69' title='bbox 793 942 842 977; x_wconf 79' lang='grc' dir='ltr'>τὴν</span> <span class='ocrx_word' id='word_1_70' title='bbox 861 943 945 969; x_wconf 83' lang='grc' dir='ltr'>Ἰούδα</span> 
     </span>
    </p>
   </div>
   <div class='ocr_carea' id='block_1_14' title="bbox 157 981 945 1022">
    <p class='ocr_par' dir='ltr' id='par_1_14' title="bbox 157 981 945 1022">
     <span class='ocr_line' id='line_1_14' title="bbox 157 981 945 1022; baseline 0.011 -15"><span class='ocrx_word' id='word_1_71' title='bbox 157 982 255 1018; x_wconf 74' lang='grc' dir='ltr'>φυλὴν,</span> <span class='ocrx_word' id='word_1_72' title='bbox 270 982 318 1009; x_wconf 77' lang='grc' dir='ltr'>εἶτ’</span> <span class='ocrx_word' id='word_1_73' title='bbox 333 981 379 1010; x_wconf 82' lang='grc' dir='ltr'><strong>οὖν</strong></span> <span class='ocrx_word' id='word_1_74' title='bbox 395 985 457 1016; x_wconf 79' lang='grc' dir='ltr'>τοὺς</span> <span class='ocrx_word' id='word_1_75' title='bbox 471 984 580 1017; x_wconf 78' lang='grc' dir='ltr'>λοιποὺς</span> <span class='ocrx_word' id='word_1_76' title='bbox 595 986 650 1021; x_wconf 74' lang='grc'><strong>(22)</strong></span> <span class='ocrx_word' id='word_1_77' title='bbox 665 987 727 1018; x_wconf 70' lang='grc' dir='ltr'>τοὺς</span> <span class='ocrx_word' id='word_1_78' title='bbox 741 988 790 1022; x_wconf 81' lang='grc' dir='ltr'>τῆς</span> <span class='ocrx_word' id='word_1_79' title='bbox 807 988 945 1022; x_wconf 83' lang='grc' dir='ltr'><strong>βασιλείας</strong></span> 
     </span>
    </p>
   </div>
   <div class='ocr_carea' id='block_1_15' title="bbox 156 1028 943 1069">
    <p class='ocr_par' dir='ltr' id='par_1_15' title="bbox 156 1028 943 1069">
     <span class='ocr_line' id='line_1_15' title="bbox 156 1028 943 1069; baseline 0.01 -16"><span class='ocrx_word' id='word_1_80' title='bbox 156 1028 274 1063; x_wconf 75' lang='grc' dir='ltr'>ἐκείνης,</span> <span class='ocrx_word' id='word_1_81' title='bbox 298 1029 350 1055; x_wconf 80' lang='grc' dir='ltr'><strong>ὑπὸ</strong></span> <span class='ocrx_word' id='word_1_82' title='bbox 365 1029 420 1056; x_wconf 82' lang='grc' dir='ltr'>τῶν</span> <span class='ocrx_word' id='word_1_83' title='bbox 443 1031 621 1058; x_wconf 81' lang='grc' dir='ltr'>Βαὸυλωνίων</span> <span class='ocrx_word' id='word_1_84' title='bbox 649 1033 787 1066; x_wconf 85' lang='grc' dir='ltr'>γίγνεσθαι</span> <span class='ocrx_word' id='word_1_85' title='bbox 811 1034 943 1069; x_wconf 78' lang='grc' dir='ltr'><strong>ἤμελλεν·</strong></span> 
     </span>
    </p>
   </div>
   <div class='ocr_carea' id='block_1_16' title="bbox 157 1074 943 1114">
    <p class='ocr_par' dir='ltr' id='par_1_16' title="bbox 157 1074 943 1114">
     <span class='ocr_line' id='line_1_16' title="bbox 157 1074 943 1114; baseline 0.01 -15"><span class='ocrx_word' id='word_1_86' title='bbox 157 1074 252 1100; x_wconf 73' lang='grc' dir='ltr'>τούτου</span> <span class='ocrx_word' id='word_1_87' title='bbox 269 1075 296 1100; x_wconf 78' lang='grc' dir='ltr'><strong>δὲ</strong></span> <span class='ocrx_word' id='word_1_88' title='bbox 311 1075 388 1109; x_wconf 86' lang='grc' dir='ltr'>λόγος</span> <span class='ocrx_word' id='word_1_89' title='bbox 407 1074 441 1111; x_wconf 80' lang='grc' dir='ltr'>ἧν</span> <span class='ocrx_word' id='word_1_90' title='bbox 462 1078 518 1108; x_wconf 77' lang='grc' dir='ltr'>τοῖς</span> <span class='ocrx_word' id='word_1_91' title='bbox 531 1079 685 1114; x_wconf 75' lang='grc' dir='ltr'><strong>προφήταις</strong></span> <span class='ocrx_word' id='word_1_92' title='bbox 700 1079 748 1114; x_wconf 78' lang='grc' dir='ltr'><strong>οὐχ</strong></span> <span class='ocrx_word' id='word_1_93' title='bbox 767 1080 869 1112; x_wconf 81' lang='grc' dir='ltr'>ἁπλῶς,</span> <span class='ocrx_word' id='word_1_94' title='bbox 887 1081 943 1107; x_wconf 84' lang='grc' dir='ltr'>ἀλλ’</span> 
     </span>
    </p>
   </div>
   <div class='ocr_carea' id='block_1_17' title="bbox 158 1119 944 1161">
    <p class='ocr_par' dir='ltr' id='par_1_17' title="bbox 158 1119 944 1161">
     <span class='ocr_line' id='line_1_17' title="bbox 158 1119 944 1161; baseline 0.01 -17"><span class='ocrx_word' id='word_1_95' title='bbox 158 1119 251 1154; x_wconf 82' lang='grc' dir='ltr'>ἐπειδὴ</span> <span class='ocrx_word' id='word_1_96' title='bbox 265 1120 354 1145; x_wconf 78' lang='grc' dir='ltr'>πᾶσαν</span> <span class='ocrx_word' id='word_1_97' title='bbox 366 1120 413 1153; x_wconf 70' lang='grc' dir='ltr'>τὴν</span> <span class='ocrx_word' id='word_1_98' title='bbox 427 1121 490 1156; x_wconf 76' lang='grc' dir='ltr'>περὶ</span> <span class='ocrx_word' id='word_1_99' title='bbox 505 1122 550 1148; x_wconf 77' lang='grc' dir='ltr'>τὸν</span> <span class='ocrx_word' id='word_1_100' title='bbox 561 1122 623 1148; x_wconf 79' lang='grc' dir='ltr'>λαὸν</span> <span class='ocrx_word' id='word_1_101' title='bbox 635 1124 794 1158; x_wconf 79' lang='grc' dir='ltr'>ἐπιμέλειαν</span> <span class='ocrx_word' id='word_1_102' title='bbox 810 1124 879 1160; x_wconf 83' lang='grc' dir='ltr'>ὑπὲρ</span> <span class='ocrx_word' id='word_1_103' title='bbox 895 1126 944 1161; x_wconf 85' lang='grc' dir='ltr'>τῆς</span> 
     </span>
    </p>
   </div>
   <div class='ocr_carea' id='block_1_18' title="bbox 156 1164 944 1203">
    <p class='ocr_par' dir='ltr' id='par_1_18' title="bbox 156 1164 944 1203">
     <span class='ocr_line' id='line_1_18' title="bbox 156 1164 944 1203; baseline 0.011 -14"><span class='ocrx_word' id='word_1_104' title='bbox 156 1164 208 1203; x_wconf 74' lang='grc' dir='ltr'>τοῆ</span> <span class='ocrx_word' id='word_1_105' title='bbox 219 1165 353 1191; x_wconf 82' lang='grc' dir='ltr'>Δεσπότου</span> <span class='ocrx_word' id='word_1_106' title='bbox 371 1166 487 1201; x_wconf 77' lang='grc' dir='ltr'>Χριστοῦ</span> <span class='ocrx_word' id='word_1_107' title='bbox 503 1167 612 1200; x_wconf 81' lang='grc' dir='ltr'>δείξεως</span> <span class='ocrx_word' id='word_1_108' title='bbox 634 1170 648 1195; x_wconf 87' lang='grc' dir='ltr'><strong>ὀ</strong></span> <span class='ocrx_word' id='word_1_109' title='bbox 669 1169 735 1201; x_wconf 80' lang='grc' dir='ltr'>Θεὸς</span> <span class='ocrx_word' id='word_1_110' title='bbox 757 1170 883 1202; x_wconf 78' lang='grc' dir='ltr'>ἐποιεῖτο,</span> <span class='ocrx_word' id='word_1_111' title='bbox 897 1173 944 1198; x_wconf 74' lang='grc' dir='ltr'><strong>ἐπὶ</strong></span> 
     </span>
    </p>
   </div>
   <div class='ocr_carea' id='block_1_19' title="bbox 157 1211 944 1250">
    <p class='ocr_par' dir='ltr' id='par_1_19' title="bbox 157 1211 944 1250">
     <span class='ocr_line' id='line_1_19' title="bbox 157 1211 944 1250; baseline 0.013 -16"><span class='ocrx_word' id='word_1_112' title='bbox 157 1211 233 1244; x_wconf 77' lang='grc' dir='ltr'>κοινῇ</span> <span class='ocrx_word' id='word_1_113' title='bbox 244 1211 276 1245; x_wconf 85' lang='grc' dir='ltr'><strong>τῇ</strong></span> <span class='ocrx_word' id='word_1_114' title='bbox 290 1211 397 1237; x_wconf 80' lang='grc' dir='ltr'>πάντων</span> <span class='ocrx_word' id='word_1_115' title='bbox 411 1212 561 1246; x_wconf 82' lang='grc' dir='ltr'>ἀνθρώπων</span> <span class='ocrx_word' id='word_1_116' title='bbox 572 1214 693 1250; x_wconf 72' lang='grc' dir='ltr'>σωτηρίᾳ</span> <span class='ocrx_word' id='word_1_117' title='bbox 704 1215 773 1242; x_wconf 83' lang='grc' dir='ltr'>κατὰ</span> <span class='ocrx_word' id='word_1_118' title='bbox 786 1216 831 1242; x_wconf 84' lang='grc' dir='ltr'><strong>τὸν</strong></span> <span class='ocrx_word' id='word_1_119' title='bbox 845 1218 944 1244; x_wconf 82' lang='grc' dir='ltr'>οἰκεῖον</span> 
     </span>
    </p>
   </div>
   <div class='ocr_carea' id='block_1_20' title="bbox 157 1256 944 1295">
    <p class='ocr_par' dir='ltr' id='par_1_20' title="bbox 157 1256 944 1295">
     <span class='ocr_line' id='line_1_20' title="bbox 157 1256 944 1295; baseline 0.011 -15"><span class='ocrx_word' id='word_1_120' title='bbox 157 1256 342 1291; x_wconf 74' lang='grc' dir='ltr'><strong>γενησομένης</strong></span> <span class='ocrx_word' id='word_1_121' title='bbox 356 1257 450 1290; x_wconf 86' lang='grc' dir='ltr'>καιρόν</span> <span class='ocrx_word' id='word_1_122' title='bbox 463 1266 470 1273; x_wconf 81' lang='grc'><strong>-</strong></span> <span class='ocrx_word' id='word_1_123' title='bbox 495 1258 590 1285; x_wconf 79' lang='grc' dir='ltr'>τούτου</span> <span class='ocrx_word' id='word_1_124' title='bbox 609 1260 662 1295; x_wconf 76' lang='grc' dir='ltr'><strong>γὰρ</strong></span> <span class='ocrx_word' id='word_1_125' title='bbox 677 1260 769 1287; x_wconf 69' lang='grc' dir='ltr'>ἕνεκεν</span> <span class='ocrx_word' id='word_1_126' title='bbox 785 1262 884 1294; x_wconf 79' lang='grc' dir='ltr'>αὐτοὺς</span> <span class='ocrx_word' id='word_1_127' title='bbox 897 1263 944 1289; x_wconf 79' lang='grc' dir='ltr'>καὶ</span> 
     </span>
    </p>
   </div>
   <div class='ocr_carea' id='block_1_21' title="bbox 157 1300 944 1343">
    <p class='ocr_par' dir='ltr' id='par_1_21' title="bbox 157 1300 944 1343">
     <span class='ocr_line' id='line_1_21' title="bbox 157 1300 944 1343; baseline 0.011 -17"><span class='ocrx_word' id='word_1_128' title='bbox 157 1300 280 1336; x_wconf 79' lang='grc' dir='ltr'><strong>ἀφώρισε</strong></span> <span class='ocrx_word' id='word_1_129' title='bbox 299 1302 353 1328; x_wconf 84' lang='grc' dir='ltr'>τῶν</span> <span class='ocrx_word' id='word_1_130' title='bbox 371 1303 466 1334; x_wconf 85' lang='grc' dir='ltr'><strong>ὲθνῶν,</strong></span> <span class='ocrx_word' id='word_1_131' title='bbox 491 1305 538 1331; x_wconf 77' lang='grc' dir='ltr'>καὶ</span> <span class='ocrx_word' id='word_1_132' title='bbox 557 1308 690 1341; x_wconf 82' lang='grc' dir='ltr'>περιτομῇ</span> <span class='ocrx_word' id='word_1_133' title='bbox 700 1307 828 1343; x_wconf 84' lang='grc' dir='ltr'>διέκρινε,</span> <span class='ocrx_word' id='word_1_134' title='bbox 845 1309 890 1334; x_wconf 60' lang='grc' dir='ltr'><strong>καὶ¹</strong></span> <span class='ocrx_word' id='word_1_135' title='bbox 906 1309 944 1335; x_wconf 83' lang='grc' dir='ltr'><strong>οἰ-</strong></span> 
     </span>
    </p>
   </div>
   <div class='ocr_carea' id='block_1_22' title="bbox 157 1347 943 1389">
    <p class='ocr_par' dir='ltr' id='par_1_22' title="bbox 157 1347 943 1389">
     <span class='ocr_line' id='line_1_22' title="bbox 157 1347 943 1389; baseline 0.011 -17"><span class='ocrx_word' id='word_1_136' title='bbox 157 1347 235 1373; x_wconf 84' lang='grc' dir='ltr'>κείαν</span> <span class='ocrx_word' id='word_1_137' title='bbox 258 1347 329 1383; x_wconf 76' lang='grc' dir='ltr'>εχειν</span> <span class='ocrx_word' id='word_1_138' title='bbox 345 1349 534 1384; x_wconf 72' lang='grc' dir='ltr'>παρεσκεύασε</span> <span class='ocrx_word' id='word_1_139' title='bbox 555 1351 656 1387; x_wconf 81' lang='grc' dir='ltr'>χώραν,</span> <span class='ocrx_word' id='word_1_140' title='bbox 675 1354 721 1379; x_wconf 77' lang='grc' dir='ltr'><strong>καὶ</strong></span> <span class='ocrx_word' id='word_1_141' title='bbox 745 1354 943 1389; x_wconf 57' lang='grc' dir='ltr'>ἀφωρισμένως</span> 
     </span>
    </p>
   </div>
   <div class='ocr_carea' id='block_1_23' title="bbox 156 1393 944 1437">
    <p class='ocr_par' dir='ltr' id='par_1_23' title="bbox 156 1393 944 1437">
     <span class='ocr_line' id='line_1_23' title="bbox 156 1393 944 1437; baseline 0.013 -19"><span class='ocrx_word' id='word_1_142' title='bbox 156 1393 186 1418; x_wconf 73' lang='grc' dir='ltr'><strong>ὲν</strong></span> <span class='ocrx_word' id='word_1_143' title='bbox 201 1393 241 1428; x_wconf 85' lang='grc' dir='ltr'>τῷ</span> <span class='ocrx_word' id='word_1_144' title='bbox 255 1394 312 1429; x_wconf 79' lang='grc' dir='ltr'>ὖρει</span> <span class='ocrx_word' id='word_1_145' title='bbox 324 1395 363 1430; x_wconf 86' lang='grc' dir='ltr'><strong>τῷ</strong></span> <span class='ocrx_word' id='word_1_146' title='bbox 381 1395 450 1422; x_wconf 85' lang='grc' dir='ltr'>Σιὼν</span> <span class='ocrx_word' id='word_1_147' title='bbox 466 1396 509 1422; x_wconf 86' lang='grc' dir='ltr'>διὰ</span> <span class='ocrx_word' id='word_1_148' title='bbox 523 1397 575 1431; x_wconf 79' lang='grc' dir='ltr'>τῆς</span> <span class='ocrx_word' id='word_1_149' title='bbox 591 1399 705 1434; x_wconf 81' lang='grc' dir='ltr'>νομικῆς</span> <span class='ocrx_word' id='word_1_150' title='bbox 731 1399 876 1432; x_wconf 80' lang='grc' dir='ltr'><strong>διατάξεως</strong></span> <span class='ocrx_word' id='word_1_151' title='bbox 893 1401 944 1437; x_wconf 81' lang='grc' dir='ltr'>τὴν</span> 
     </span>
    </p>
   </div>
   <div class='ocr_carea' id='block_1_24' title="bbox 158 1439 943 1480">
    <p class='ocr_par' dir='ltr' id='par_1_24' title="bbox 158 1439 943 1480">
     <span class='ocr_line' id='line_1_24' title="bbox 158 1439 943 1480; baseline 0.011 -16"><span class='ocrx_word' id='word_1_152' title='bbox 158 1439 221 1474; x_wconf 72' lang='grc' dir='ltr'>περὶ.</span> <span class='ocrx_word' id='word_1_153' title='bbox 243 1440 323 1466; x_wconf 85' lang='grc' dir='ltr'>αὐτὸν</span> <span class='ocrx_word' id='word_1_154' title='bbox 349 1442 497 1476; x_wconf 78' lang='grc' dir='ltr'>προσέταξε</span> <span class='ocrx_word' id='word_1_155' title='bbox 519 1443 652 1469; x_wconf 83' lang='grc' dir='ltr'>ποιεῖσθαι</span> <span class='ocrx_word' id='word_1_156' title='bbox 675 1444 832 1480; x_wconf 80' lang='grc' dir='ltr'>Θεραπείαν,</span> <span class='ocrx_word' id='word_1_157' title='bbox 856 1447 888 1472; x_wconf 78' lang='grc' dir='ltr'><strong>ἶν’</strong></span> <span class='ocrx_word' id='word_1_158' title='bbox 911 1447 943 1473; x_wconf 84' lang='grc' dir='ltr'>ἐκ</span> 
     </span>
    </p>
   </div>
   <div class='ocr_carea' id='block_1_25' title="bbox 157 1485 943 1527">
    <p class='ocr_par' dir='ltr' id='par_1_25' title="bbox 157 1485 943 1527">
     <span class='ocr_line' id='line_1_25' title="bbox 157 1485 943 1527; baseline 0.01 -16"><span class='ocrx_word' id='word_1_159' title='bbox 157 1485 284 1512; x_wconf 77' lang='grc' dir='ltr'><strong>τοιούτων</strong></span> <span class='ocrx_word' id='word_1_160' title='bbox 308 1487 380 1514; x_wconf 75' lang='grc' dir='ltr'>κατὰ</span> <span class='ocrx_word' id='word_1_161' title='bbox 401 1487 451 1519; x_wconf 81' lang='grc' dir='ltr'><strong>τὰς</strong></span> <span class='ocrx_word' id='word_1_162' title='bbox 471 1489 643 1523; x_wconf 76' lang='grc' dir='ltr'>προφητικὰς</span> <span class='ocrx_word' id='word_1_163' title='bbox 668 1490 807 1525; x_wconf 84' lang='grc' dir='ltr'>μηνύσεις,</span> <span class='ocrx_word' id='word_1_164' title='bbox 831 1493 876 1518; x_wconf 76' lang='grc' dir='ltr'>καὶ</span> <span class='ocrx_word' id='word_1_165' title='bbox 893 1492 943 1527; x_wconf 82' lang='grc' dir='ltr'>τὴν</span> 
     </span>
    </p>
   </div>
   <div class='ocr_carea' id='block_1_26' title="bbox 156 1531 943 1572">
    <p class='ocr_par' dir='ltr' id='par_1_26' title="bbox 156 1531 943 1572">
     <span class='ocr_line' id='line_1_26' title="bbox 156 1531 943 1572; baseline 0.009 -14"><span class='ocrx_word' id='word_1_166' title='bbox 156 1531 259 1558; x_wconf 75' lang='grc' dir='ltr'>ἀνωθεν</span> <span class='ocrx_word' id='word_1_167' title='bbox 278 1532 324 1559; x_wconf 79' lang='grc' dir='ltr'><strong>ἐπὶ</strong></span> <span class='ocrx_word' id='word_1_168' title='bbox 347 1533 452 1565; x_wconf 84' lang='grc' dir='ltr'>τούτοις</span> <span class='ocrx_word' id='word_1_169' title='bbox 467 1534 531 1568; x_wconf 73' lang='grc' dir='ltr'>περὶ</span> <span class='ocrx_word' id='word_1_170' title='bbox 545 1535 590 1560; x_wconf 82' lang='grc' dir='ltr'><strong>τὸν</strong></span> <span class='ocrx_word' id='word_1_171' title='bbox 610 1535 674 1562; x_wconf 79' lang='grc' dir='ltr'>λαὸν</span> <span class='ocrx_word' id='word_1_172' title='bbox 689 1537 874 1572; x_wconf 72' lang='grc' dir='ltr'>γεγενημένην</span> <span class='ocrx_word' id='word_1_173' title='bbox 886 1538 943 1565; x_wconf 80' lang='grc' dir='ltr'><strong>διὰ-</strong></span> 
     </span>
    </p>
   </div>
   <div class='ocr_carea' id='block_1_27' title="bbox 156 1577 944 1618">
    <p class='ocr_par' dir='ltr' id='par_1_27' title="bbox 156 1577 944 1618">
     <span class='ocr_line' id='line_1_27' title="bbox 156 1577 944 1618; baseline 0.01 -16"><span class='ocrx_word' id='word_1_174' title='bbox 156 1577 250 1609; x_wconf 79' lang='grc' dir='ltr'>ταξιν,</span> <span class='ocrx_word' id='word_1_175' title='bbox 275 1579 371 1612; x_wconf 79' lang='grc' dir='ltr'>φανεὶς</span> <span class='ocrx_word' id='word_1_176' title='bbox 395 1580 409 1605; x_wconf 84' lang='grc' dir='ltr'>ὁ</span> <span class='ocrx_word' id='word_1_177' title='bbox 431 1580 569 1615; x_wconf 81' lang='grc' dir='ltr'>Δεσπότης</span> <span class='ocrx_word' id='word_1_178' title='bbox 593 1581 718 1616; x_wconf 86' lang='grc' dir='ltr'>Χριστὸς,</span> <span class='ocrx_word' id='word_1_179' title='bbox 739 1582 819 1618; x_wconf 86' lang='grc' dir='ltr'>δῆλον</span> <span class='ocrx_word' id='word_1_180' title='bbox 843 1583 944 1610; x_wconf 75' lang='grc' dir='ltr'>ἅπασιν</span> 
     </span>
    </p>
   </div>
   <div class='ocr_carea' id='block_1_28' title="bbox 156 1623 942 1663">
    <p class='ocr_par' dir='ltr' id='par_1_28' title="bbox 156 1623 942 1663">
     <span class='ocr_line' id='line_1_28' title="bbox 156 1623 942 1663; baseline 0.011 -15"><span class='ocrx_word' id='word_1_181' title='bbox 156 1623 371 1658; x_wconf 77' lang='grc' dir='ltr'>ιργάσηταιτοῖς</span> <span class='ocrx_word' id='word_1_182' title='bbox 386 1624 548 1660; x_wconf 84' lang='grc' dir='ltr'>ἀνθρώποις,</span> <span class='ocrx_word' id='word_1_183' title='bbox 560 1627 601 1652; x_wconf 82' lang='grc' dir='ltr'>ὅτι</span> <span class='ocrx_word' id='word_1_184' title='bbox 617 1627 666 1661; x_wconf 82' lang='grc' dir='ltr'><strong>οὐχ</strong></span> <span class='ocrx_word' id='word_1_185' title='bbox 679 1626 792 1663; x_wconf 81' lang='grc' dir='ltr'>ὕστερον</span> <span class='ocrx_word' id='word_1_186' title='bbox 807 1630 942 1657; x_wconf 76' lang='grc' dir='ltr'>ἐκαινοτό-</span> 
     </span>
    </p>
   </div>
   <div class='ocr_carea' id='block_1_29' title="bbox 158 1669 941 1711">
    <p class='ocr_par' dir='ltr' id='par_1_29' title="bbox 158 1669 941 1711">
     <span class='ocr_line' id='line_1_29' title="bbox 158 1669 941 1711; baseline 0.01 -17"><span class='ocrx_word' id='word_1_187' title='bbox 158 1677 245 1704; x_wconf 85' lang='grc' dir='ltr'>μησεν</span> <span class='ocrx_word' id='word_1_188' title='bbox 263 1670 277 1696; x_wconf 83' lang='grc' dir='ltr'>ὁ</span> <span class='ocrx_word' id='word_1_189' title='bbox 301 1669 366 1701; x_wconf 74' lang='grc' dir='ltr'>Θεὸς</span> <span class='ocrx_word' id='word_1_190' title='bbox 392 1671 441 1705; x_wconf 79' lang='grc' dir='ltr'><strong>τὴν</strong></span> <span class='ocrx_word' id='word_1_191' title='bbox 468 1672 594 1699; x_wconf 82' lang='grc' dir='ltr'>ἁπάντων</span> <span class='ocrx_word' id='word_1_192' title='bbox 618 1672 771 1708; x_wconf 79' lang='grc' dir='ltr'>ἀνθρώπων</span> <span class='ocrx_word' id='word_1_193' title='bbox 795 1676 941 1711; x_wconf 82' lang='grc' dir='ltr'>σωτηρίαν,</span> 
     </span>
    </p>
   </div>
   <div class='ocr_carea' id='block_1_30' title="bbox 156 1715 943 1754">
    <p class='ocr_par' dir='ltr' id='par_1_30' title="bbox 156 1715 943 1754">
     <span class='ocr_line' id='line_1_30' title="bbox 156 1715 943 1754; baseline 0.008 -13"><span class='ocrx_word' id='word_1_194' title='bbox 156 1715 214 1741; x_wconf 77' lang='grc' dir='ltr'>ἀλλ’</span> <span class='ocrx_word' id='word_1_195' title='bbox 237 1715 339 1743; x_wconf 80' lang='grc' dir='ltr'>ἀνωθεν</span> <span class='ocrx_word' id='word_1_196' title='bbox 361 1717 408 1743; x_wconf 81' lang='grc' dir='ltr'>καὶ</span> <span class='ocrx_word' id='word_1_197' title='bbox 433 1718 486 1753; x_wconf 75' lang='grc' dir='ltr'>πρὸ</span> <span class='ocrx_word' id='word_1_198' title='bbox 512 1719 627 1754; x_wconf 78' lang='grc' dir='ltr'>μακρῶν</span> <span class='ocrx_word' id='word_1_199' title='bbox 652 1719 708 1745; x_wconf 85' lang='grc' dir='ltr'><strong>τῶν</strong></span> <span class='ocrx_word' id='word_1_200' title='bbox 732 1719 835 1754; x_wconf 83' lang='grc' dir='ltr'>χρόνων</span> <span class='ocrx_word' id='word_1_201' title='bbox 864 1721 943 1747; x_wconf 78' lang='grc' dir='ltr'>τοῦτο</span> 
     </span>
    </p>
   </div>
   <div class='ocr_carea' id='block_1_31' title="bbox 157 1762 943 1802">
    <p class='ocr_par' dir='ltr' id='par_1_31' title="bbox 157 1762 943 1802">
     <span class='ocr_line' id='line_1_31' title="bbox 157 1762 943 1802; baseline 0.009 -16"><span class='ocrx_word' id='word_1_202' title='bbox 157 1762 362 1796; x_wconf 71' lang='grc' dir='ltr'>προωρισμένον</span> <span class='ocrx_word' id='word_1_203' title='bbox 376 1762 446 1789; x_wconf 81' lang='grc' dir='ltr'>κατὰ</span> <span class='ocrx_word' id='word_1_204' title='bbox 463 1763 508 1789; x_wconf 83' lang='grc' dir='ltr'><strong>τὸν</strong></span> <span class='ocrx_word' id='word_1_205' title='bbox 524 1764 657 1799; x_wconf 84' lang='grc' dir='ltr'>μακάριον</span> <span class='ocrx_word' id='word_1_206' title='bbox 675 1765 780 1791; x_wconf 82' lang='grc' dir='ltr'>Παῦλον</span> <span class='ocrx_word' id='word_1_207' title='bbox 794 1766 864 1801; x_wconf 80' lang='grc' dir='ltr'>ἔχων</span> <span class='ocrx_word' id='word_1_208' title='bbox 878 1768 943 1802; x_wconf 86' lang='grc' dir='ltr'>παρ’</span> 
     </span>
    </p>
   </div>
   <div class='ocr_carea' id='block_1_32' title="bbox 158 1805 943 1846">
    <p class='ocr_par' dir='ltr' id='par_1_32' title="bbox 158 1805 943 1846">
     <span class='ocr_line' id='line_1_32' title="bbox 158 1805 943 1846; baseline 0.01 -15"><span class='ocrx_word' id='word_1_209' title='bbox 158 1805 256 1840; x_wconf 78' lang='grc' dir='ltr'><strong>ἑαυτῷ,</strong></span> <span class='ocrx_word' id='word_1_210' title='bbox 269 1806 409 1838; x_wconf 70' lang='grc' dir='ltr'>ἐξελέξατο</span> <span class='ocrx_word' id='word_1_211' title='bbox 427 1807 476 1842; x_wconf 86' lang='grc' dir='ltr'><strong>μὲν</strong></span> <span class='ocrx_word' id='word_1_212' title='bbox 487 1809 532 1834; x_wconf 77' lang='grc' dir='ltr'><strong>τὸν</strong></span> <span class='ocrx_word' id='word_1_213' title='bbox 552 1809 685 1845; x_wconf 70' lang='grc' dir='ltr'>Ἀϐραὰμ,</span> <span class='ocrx_word' id='word_1_214' title='bbox 702 1810 849 1846; x_wconf 83' lang='grc' dir='ltr'>συνέστησε</span> <span class='ocrx_word' id='word_1_215' title='bbox 868 1812 897 1839; x_wconf 77' lang='grc' dir='ltr'><strong>δὲ</strong></span> <span class='ocrx_word' id='word_1_216' title='bbox 913 1812 943 1838; x_wconf 82' lang='grc' dir='ltr'>τὸ</span> 
     </span>
    </p>
   </div>
   <div class='ocr_carea' id='block_1_33' title="bbox 158 1851 944 1894">
    <p class='ocr_par' dir='ltr' id='par_1_33' title="bbox 158 1851 944 1894">
     <span class='ocr_line' id='line_1_33' title="bbox 158 1851 944 1894; baseline 0.01 -18"><span class='ocrx_word' id='word_1_217' title='bbox 158 1851 188 1883; x_wconf 75' lang='grc' dir='ltr'>ἐξ</span> <span class='ocrx_word' id='word_1_218' title='bbox 207 1852 312 1878; x_wconf 73' lang='grc' dir='ltr'>ἐκείνου</span> <span class='ocrx_word' id='word_1_219' title='bbox 327 1852 415 1886; x_wconf 77' lang='grc' dir='ltr'>γένος,</span> <span class='ocrx_word' id='word_1_220' title='bbox 432 1854 590 1889; x_wconf 76' lang='grc' dir='ltr'>ἐπιμέλειαν</span> <span class='ocrx_word' id='word_1_221' title='bbox 603 1855 631 1882; x_wconf 80' lang='grc' dir='ltr'><strong>δὲ</strong></span> <span class='ocrx_word' id='word_1_222' title='bbox 646 1855 727 1882; x_wconf 78' lang='grc' dir='ltr'>αὐτοῦ</span> <span class='ocrx_word' id='word_1_223' title='bbox 749 1857 809 1883; x_wconf 72' lang='grc' dir='ltr'>καθ’</span> <span class='ocrx_word' id='word_1_224' title='bbox 823 1857 852 1883; x_wconf 80' lang='grc' dir='ltr'>ὃν</span> <span class='ocrx_word' id='word_1_225' title='bbox 869 1858 944 1894; x_wconf 85' lang='grc' dir='ltr'>εἰρὴ-</span> 
     </span>
    </p>
   </div>
   <div class='ocr_carea' id='block_1_34' title="bbox 159 1899 943 1939">
    <p class='ocr_par' dir='ltr' id='par_1_34' title="bbox 159 1899 943 1939">
     <span class='ocr_line' id='line_1_34' title="bbox 159 1899 943 1939; baseline 0.008 -15"><span class='ocrx_word' id='word_1_226' title='bbox 159 1906 247 1932; x_wconf 89' lang='grc' dir='ltr'>καμεν</span> <span class='ocrx_word' id='word_1_227' title='bbox 272 1899 418 1934; x_wconf 83' lang='grc' dir='ltr'>πεποίηται</span> <span class='ocrx_word' id='word_1_228' title='bbox 441 1899 559 1934; x_wconf 85' lang='grc' dir='ltr'>τρόπον·</span> <span class='ocrx_word' id='word_1_229' title='bbox 587 1901 620 1927; x_wconf 76' lang='grc' dir='ltr'><strong>ἶν’</strong></span> <span class='ocrx_word' id='word_1_230' title='bbox 645 1901 676 1934; x_wconf 78' lang='grc' dir='ltr'><strong>ἐξ</strong></span> <span class='ocrx_word' id='word_1_231' title='bbox 696 1902 785 1929; x_wconf 82' lang='grc' dir='ltr'>αὐτῶν</span> <span class='ocrx_word' id='word_1_232' title='bbox 805 1902 943 1939; x_wconf 78' lang='grc' dir='ltr'>ὕστερονὸ</span> 
     </span>
    </p>
   </div>
   <div class='ocr_carea' id='block_1_35' title="bbox 159 1944 943 1984">
    <p class='ocr_par' dir='ltr' id='par_1_35' title="bbox 159 1944 943 1984">
     <span class='ocr_line' id='line_1_35' title="bbox 159 1944 943 1984; baseline 0.009 -15"><span class='ocrx_word' id='word_1_233' title='bbox 159 1944 295 1979; x_wconf 81' lang='grc' dir='ltr'>Δεσπότης</span> <span class='ocrx_word' id='word_1_234' title='bbox 320 1944 435 1979; x_wconf 77' lang='grc' dir='ltr'>Χριστὸς</span> <span class='ocrx_word' id='word_1_235' title='bbox 457 1945 488 1971; x_wconf 83' lang='grc' dir='ltr'><strong>τὺ</strong></span> <span class='ocrx_word' id='word_1_236' title='bbox 509 1945 579 1972; x_wconf 84' lang='grc' dir='ltr'>κατὰ</span> <span class='ocrx_word' id='word_1_237' title='bbox 603 1947 690 1982; x_wconf 85' lang='grc' dir='ltr'>σάρκα</span> <span class='ocrx_word' id='word_1_238' title='bbox 715 1948 760 1974; x_wconf 80' lang='grc' dir='ltr'><strong>ἐπὶ</strong></span> <span class='ocrx_word' id='word_1_239' title='bbox 780 1950 811 1984; x_wconf 82' lang='grc' dir='ltr'>τῇ</span> <span class='ocrx_word' id='word_1_240' title='bbox 834 1948 943 1976; x_wconf 85' lang='grc' dir='ltr'>πάντων</span> 
     </span>
    </p>
   </div>
   <div class='ocr_carea' id='block_1_36' title="bbox 159 1990 942 2032">
    <p class='ocr_par' dir='ltr' id='par_1_36' title="bbox 159 1990 942 2032">
     <span class='ocr_line' id='line_1_36' title="bbox 159 1990 942 2032; baseline 0.009 -16"><span class='ocrx_word' id='word_1_241' title='bbox 159 1990 311 2026; x_wconf 75' lang='grc' dir='ltr'>ἀνθρώπων</span> <span class='ocrx_word' id='word_1_242' title='bbox 335 1993 427 2025; x_wconf 81' lang='grc' dir='ltr'>φανεὶς</span> <span class='ocrx_word' id='word_1_243' title='bbox 444 1992 576 2028; x_wconf 67' lang='grc' dir='ltr'>σωτηρία,</span> <span class='ocrx_word' id='word_1_244' title='bbox 596 1994 633 2028; x_wconf 91' lang='lat' dir='ltr'><strong>(p.</strong></span> <span class='ocrx_word' id='word_1_245' title='bbox 654 1994 716 2028; x_wconf 77' lang='grc'><strong>159)</strong></span> <span class='ocrx_word' id='word_1_246' title='bbox 732 1995 810 2031; x_wconf 84' lang='grc' dir='ltr'>δῆλος</span> <span class='ocrx_word' id='word_1_247' title='bbox 832 1996 942 2032; x_wconf 81' lang='grc' dir='ltr'>ὑπάρχῃ</span> 
     </span>
    </p>
   </div>
   <div class='ocr_carea' id='block_1_37' title="bbox 159 2036 942 2077">
    <p class='ocr_par' dir='ltr' id='par_1_37' title="bbox 159 2036 942 2077">
     <span class='ocr_line' id='line_1_37' title="bbox 159 2036 942 2077; baseline 0.008 -15"><span class='ocrx_word' id='word_1_248' title='bbox 159 2036 230 2062; x_wconf 81' lang='grc' dir='ltr'>κατὰ</span> <span class='ocrx_word' id='word_1_249' title='bbox 245 2037 290 2063; x_wconf 80' lang='grc' dir='ltr'>τὸν</span> <span class='ocrx_word' id='word_1_250' title='bbox 308 2037 411 2064; x_wconf 80' lang='grc' dir='ltr'>ἄνωθεν</span> <span class='ocrx_word' id='word_1_251' title='bbox 426 2038 538 2073; x_wconf 78' lang='grc' dir='ltr'>ὁρισμὸν</span> <span class='ocrx_word' id='word_1_252' title='bbox 557 2039 603 2065; x_wconf 75' lang='grc' dir='ltr'><strong>ἐπὶ</strong></span> <span class='ocrx_word' id='word_1_253' title='bbox 622 2039 671 2075; x_wconf 78' lang='grc' dir='ltr'>τὴν</span> <span class='ocrx_word' id='word_1_254' title='bbox 696 2041 850 2075; x_wconf 79' lang='grc' dir='ltr'>οἰκονομίαν</span> <span class='ocrx_word' id='word_1_255' title='bbox 872 2050 942 2077; x_wconf 85' lang='grc' dir='ltr'>παρ-</span> 
     </span>
    </p>
   </div>
   <div class='ocr_carea' id='block_1_38' title="bbox 159 2082 304 2118">
    <p class='ocr_par' dir='ltr' id='par_1_38' title="bbox 159 2082 304 2118">
     <span class='ocr_line' id='line_1_38' title="bbox 159 2082 304 2118; baseline 0.007 -10"><span class='ocrx_word' id='word_1_256' title='bbox 159 2082 304 2118; x_wconf 78' lang='grc' dir='ltr'>εληλυθώς.</span> 
     </span>
    </p>
   </div>
   <div class='ocr_carea' id='block_1_39' title="bbox 200 2129 944 2167">
    <p class='ocr_par' dir='ltr' id='par_1_39' title="bbox 200 2129 944 2167">
     <span class='ocr_line' id='line_1_39' title="bbox 200 2129 944 2167; baseline 0.008 -13"><span class='ocrx_word' id='word_1_257' title='bbox 200 2129 285 2164; x_wconf 82' lang='grc' dir='ltr'><strong>’Υπὲρ</strong></span> <span class='ocrx_word' id='word_1_258' title='bbox 299 2129 331 2163; x_wconf 80' lang='grc' dir='ltr'><strong>δὴ</strong></span> <span class='ocrx_word' id='word_1_259' title='bbox 349 2129 452 2156; x_wconf 78' lang='grc' dir='ltr'>τούτων</span> <span class='ocrx_word' id='word_1_260' title='bbox 473 2130 519 2156; x_wconf 71' lang='grc' dir='ltr'><strong>καὶ</strong></span> <span class='ocrx_word' id='word_1_261' title='bbox 543 2131 744 2167; x_wconf 81' lang='grc' dir='ltr'>μετοικισθῆναι</span> <span class='ocrx_word' id='word_1_262' title='bbox 761 2133 806 2159; x_wconf 67' lang='grc' dir='ltr'>τὸν</span> <span class='ocrx_word' id='word_1_263' title='bbox 820 2132 883 2160; x_wconf 74' lang='grc' dir='ltr'>λαὸν</span> <span class='ocrx_word' id='word_1_264' title='bbox 901 2133 944 2160; x_wconf 76' lang='grc' dir='ltr'>διὰ</span> 
     </span>
    </p>
   </div>
   <div class='ocr_carea' id='block_1_40' title="bbox 160 2172 944 2212">
    <p class='ocr_par' dir='ltr' id='par_1_40' title="bbox 160 2172 944 2212">
     <span class='ocr_line' id='line_1_40' title="bbox 160 2172 944 2212; baseline 0.008 -14"><span class='ocrx_word' id='word_1_265' title='bbox 160 2172 210 2206; x_wconf 81' lang='grc' dir='ltr'>τῆς</span> <span class='ocrx_word' id='word_1_266' title='bbox 230 2173 416 2208; x_wconf 78' lang='grc' dir='ltr'>αίχμαλωσίας</span> <span class='ocrx_word' id='word_1_267' title='bbox 432 2175 635 2210; x_wconf 85' lang='grc' dir='ltr'>παρεσκεύασεν</span> <span class='ocrx_word' id='word_1_268' title='bbox 650 2175 719 2207; x_wconf 82' lang='grc' dir='ltr'>ὅλον,</span> <span class='ocrx_word' id='word_1_269' title='bbox 738 2177 785 2202; x_wconf 79' lang='grc' dir='ltr'>καὶ</span> <span class='ocrx_word' id='word_1_270' title='bbox 805 2178 944 2212; x_wconf 80' lang='grc' dir='ltr'>ἐπανήγα-</span> 
     </span>
    </p>
   </div>
   <div class='ocr_carea' id='block_1_41' title="bbox 160 2217 944 2257">
    <p class='ocr_par' dir='ltr' id='par_1_41' title="bbox 160 2217 944 2257">
     <span class='ocr_line' id='line_1_41' title="bbox 160 2217 944 2257; baseline 0.006 -13"><span class='ocrx_word' id='word_1_271' title='bbox 160 2226 208 2251; x_wconf 86' lang='grc' dir='ltr'><strong>γεν</strong></span> <span class='ocrx_word' id='word_1_272' title='bbox 231 2218 259 2251; x_wconf 79' lang='grc' dir='ltr'>ἐξ</span> <span class='ocrx_word' id='word_1_273' title='bbox 282 2218 372 2245; x_wconf 78' lang='grc' dir='ltr'>αὐτῶν</span> <span class='ocrx_word' id='word_1_274' title='bbox 399 2218 445 2251; x_wconf 80' lang='grc' dir='ltr'>οὒς</span> <span class='ocrx_word' id='word_1_275' title='bbox 468 2219 609 2252; x_wconf 81' lang='grc' dir='ltr'>ὲὸούλετο,</span> <span class='ocrx_word' id='word_1_276' title='bbox 628 2217 719 2256; x_wconf 85' lang='grc' dir='ltr'>ὧνπερ</span> <span class='ocrx_word' id='word_1_277' title='bbox 743 2219 788 2248; x_wconf 82' lang='grc' dir='ltr'>οὖν</span> <span class='ocrx_word' id='word_1_278' title='bbox 812 2223 905 2257; x_wconf 81' lang='grc' dir='ltr'>ἡγεῖτο</span> <span class='ocrx_word' id='word_1_279' title='bbox 927 2223 944 2257; x_wconf 81' lang='grc' dir='ltr'>ἡ</span> 
     </span>
    </p>
   </div>
   <div class='ocr_carea' id='block_1_42' title="bbox 167 2265 943 2304">
    <p class='ocr_par' dir='ltr' id='par_1_42' title="bbox 167 2265 943 2304">
     <span class='ocr_line' id='line_1_42' title="bbox 167 2265 943 2304; baseline 0.005 -13"><span class='ocrx_word' id='word_1_280' title='bbox 167 2265 252 2292; x_wconf 77' lang='grc' dir='ltr'>Ἰούδα</span> <span class='ocrx_word' id='word_1_281' title='bbox 270 2266 340 2301; x_wconf 84' lang='grc' dir='ltr'>φυλὴ</span> <span class='ocrx_word' id='word_1_282' title='bbox 357 2266 436 2302; x_wconf 90' lang='grc' dir='ltr'>μόνη,</span> <span class='ocrx_word' id='word_1_283' title='bbox 461 2267 478 2302; x_wconf 83' lang='grc' dir='ltr'><strong>ἡ</strong></span> <span class='ocrx_word' id='word_1_284' title='bbox 502 2268 577 2294; x_wconf 83' lang='grc' dir='ltr'>πᾶσα</span> <span class='ocrx_word' id='word_1_285' title='bbox 592 2268 642 2303; x_wconf 79' lang='grc' dir='ltr'>τὴν</span> <span class='ocrx_word' id='word_1_286' title='bbox 658 2268 784 2295; x_wconf 78' lang='grc' dir='ltr'>ἐπάνοδον</span> <span class='ocrx_word' id='word_1_287' title='bbox 799 2268 943 2304; x_wconf 82' lang='grc' dir='ltr'>δεξαμένη,</span> 
     </span>
    </p>
   </div>
   <div class='ocr_carea' id='block_1_43' title="bbox 162 2311 946 2348">
    <p class='ocr_par' dir='ltr' id='par_1_43' title="bbox 162 2311 946 2348">
     <span class='ocr_line' id='line_1_43' title="bbox 162 2311 946 2348; baseline 0.005 -11"><span class='ocrx_word' id='word_1_288' title='bbox 162 2311 308 2347; x_wconf 80' lang='grc' dir='ltr'>ἐπειδήπερ</span> <span class='ocrx_word' id='word_1_289' title='bbox 326 2312 356 2345; x_wconf 72' lang='grc' dir='ltr'><strong>ἐξ</strong></span> <span class='ocrx_word' id='word_1_290' title='bbox 372 2312 456 2347; x_wconf 78' lang='grc' dir='ltr'>αὐτῆς</span> <span class='ocrx_word' id='word_1_291' title='bbox 472 2313 587 2348; x_wconf 77' lang='grc' dir='ltr'>ἡμελλεν</span> <span class='ocrx_word' id='word_1_292' title='bbox 607 2313 800 2348; x_wconf 77' lang='grc' dir='ltr'>ἀναφαίνεσθαι</span> <span class='ocrx_word' id='word_1_293' title='bbox 824 2314 853 2340; x_wconf 84' lang='grc' dir='ltr'>τὸ</span> <span class='ocrx_word' id='word_1_294' title='bbox 876 2315 946 2341; x_wconf 86' lang='grc' dir='ltr'>κατὰ</span> 
     </span>
    </p>
   </div>
   <div class='ocr_carea' id='block_1_44' title="bbox 162 2356 945 2395">
    <p class='ocr_par' dir='ltr' id='par_1_44' title="bbox 162 2356 945 2395">
     <span class='ocr_line' id='line_1_44' title="bbox 162 2356 945 2395; baseline 0.005 -14"><span class='ocrx_word' id='word_1_295' title='bbox 162 2356 249 2390; x_wconf 82' lang='grc' dir='ltr'>σάρκα</span> <span class='ocrx_word' id='word_1_296' title='bbox 272 2357 287 2382; x_wconf 74' lang='grc' dir='ltr'><strong>ο</strong></span> <span class='ocrx_word' id='word_1_297' title='bbox 308 2357 446 2391; x_wconf 82' lang='grc' dir='ltr'>Δεσπότης</span> <span class='ocrx_word' id='word_1_298' title='bbox 470 2358 602 2393; x_wconf 82' lang='grc' dir='ltr'>Χριστός·</span> <span class='ocrx_word' id='word_1_299' title='bbox 628 2358 682 2385; x_wconf 84' lang='grc' dir='ltr'><strong>τῶν</strong></span> <span class='ocrx_word' id='word_1_300' title='bbox 715 2358 815 2385; x_wconf 85' lang='grc' dir='ltr'>λοιπῶν</span> <span class='ocrx_word' id='word_1_301' title='bbox 850 2359 945 2395; x_wconf 84' lang='grc' dir='ltr'>γάρτοι</span> 
     </span>
    </p>
   </div>
   <div class='ocr_carea' id='block_1_45' title="bbox 162 2401 945 2440">
    <p class='ocr_par' dir='ltr' id='par_1_45' title="bbox 162 2401 945 2440">
     <span class='ocr_line' id='line_1_45' title="bbox 162 2401 945 2440; baseline 0.004 -13"><span class='ocrx_word' id='word_1_302' title='bbox 162 2401 252 2435; x_wconf 73' lang='grc' dir='ltr'>φυλῶν</span> <span class='ocrx_word' id='word_1_303' title='bbox 276 2402 323 2436; x_wconf 77' lang='grc' dir='ltr'><strong>ἀφ’</strong></span> <span class='ocrx_word' id='word_1_304' title='bbox 347 2403 465 2438; x_wconf 81' lang='grc' dir='ltr'>ἑκάστης</span> <span class='ocrx_word' id='word_1_305' title='bbox 489 2403 617 2438; x_wconf 77' lang='grc' dir='ltr'>ἑπόμενοι</span> <span class='ocrx_word' id='word_1_306' title='bbox 648 2403 748 2440; x_wconf 82' lang='grc' dir='ltr'>ταύτῃ,</span> <span class='ocrx_word' id='word_1_307' title='bbox 781 2404 945 2439; x_wconf 83' lang='grc' dir='ltr'>συνανῆλθον</span> 
     </span>
    </p>
   </div>
   <div class='ocr_carea' id='block_1_46' title="bbox 161 2446 944 2484">
    <p class='ocr_par' dir='ltr' id='par_1_46' title="bbox 161 2446 944 2484">
     <span class='ocr_line' id='line_1_46' title="bbox 161 2446 944 2484; baseline 0.004 -11"><span class='ocrx_word' id='word_1_308' title='bbox 161 2446 263 2481; x_wconf 78' lang='grc' dir='ltr'>ὀλίγοι·</span> <span class='ocrx_word' id='word_1_309' title='bbox 280 2447 325 2474; x_wconf 76' lang='grc' dir='ltr'>ἵνα</span> <span class='ocrx_word' id='word_1_310' title='bbox 345 2448 388 2474; x_wconf 81' lang='grc' dir='ltr'><strong>διὰ</strong></span> <span class='ocrx_word' id='word_1_311' title='bbox 414 2449 463 2483; x_wconf 85' lang='grc' dir='ltr'>μὲν</span> <span class='ocrx_word' id='word_1_312' title='bbox 484 2449 533 2484; x_wconf 83' lang='grc' dir='ltr'>τῆς</span> <span class='ocrx_word' id='word_1_313' title='bbox 549 2449 736 2484; x_wconf 86' lang='grc' dir='ltr'>γεγενημένης</span> <span class='ocrx_word' id='word_1_314' title='bbox 757 2449 944 2484; x_wconf 78' lang='grc' dir='ltr'>αἰχμαλωσίας</span> 
     </span>
    </p>
   </div>
   <div class='ocr_carea' id='block_1_47' title="bbox 163 2492 945 2529">
    <p class='ocr_par' dir='ltr' id='par_1_47' title="bbox 163 2492 945 2529">
     <span class='ocr_line' id='line_1_47' title="bbox 163 2492 945 2529; baseline 0.004 -11"><span class='ocrx_word' id='word_1_315' title='bbox 163 2493 209 2518; x_wconf 68' lang='grc' dir='ltr'><strong>καὶ</strong></span> <span class='ocrx_word' id='word_1_316' title='bbox 223 2492 272 2527; x_wconf 80' lang='grc' dir='ltr'>τῆς</span> <span class='ocrx_word' id='word_1_317' title='bbox 286 2493 414 2519; x_wconf 76' lang='grc' dir='ltr'>ἐπανόδου</span> <span class='ocrx_word' id='word_1_318' title='bbox 425 2493 520 2520; x_wconf 85' lang='grc' dir='ltr'>τοῦτον</span> <span class='ocrx_word' id='word_1_319' title='bbox 535 2494 760 2529; x_wconf 80' lang='grc' dir='ltr'>ἁποτελεσθείσης</span> <span class='ocrx_word' id='word_1_320' title='bbox 771 2494 817 2520; x_wconf 84' lang='grc' dir='ltr'>τὸν</span> <span class='ocrx_word' id='word_1_321' title='bbox 833 2494 945 2529; x_wconf 83' lang='grc' dir='ltr'>τρόπον,</span> 
     </span>
    </p>
   </div>
   <div class='ocr_carea' id='block_1_48' title="bbox 163 2537 947 2576">
    <p class='ocr_par' dir='ltr' id='par_1_48' title="bbox 163 2537 947 2576">
     <span class='ocr_line' id='line_1_48' title="bbox 163 2537 947 2576; baseline 0.004 -12"><span class='ocrx_word' id='word_1_322' title='bbox 163 2537 241 2572; x_wconf 81' lang='grc' dir='ltr'>δῆλος</span> <span class='ocrx_word' id='word_1_323' title='bbox 255 2539 366 2573; x_wconf 87' lang='grc' dir='ltr'>γένηται</span> <span class='ocrx_word' id='word_1_324' title='bbox 384 2540 432 2574; x_wconf 78' lang='grc' dir='ltr'>τῆς</span> <span class='ocrx_word' id='word_1_325' title='bbox 453 2539 518 2575; x_wconf 83' lang='grc' dir='ltr'>περὶ</span> <span class='ocrx_word' id='word_1_326' title='bbox 537 2539 583 2566; x_wconf 79' lang='grc' dir='ltr'>τὸν</span> <span class='ocrx_word' id='word_1_327' title='bbox 603 2540 667 2567; x_wconf 74' lang='grc' dir='ltr'>λαὸν</span> <span class='ocrx_word' id='word_1_328' title='bbox 682 2540 839 2576; x_wconf 74' lang='grc' dir='ltr'>ἐπιμελείας</span> <span class='ocrx_word' id='word_1_329' title='bbox 856 2542 870 2566; x_wconf 87' lang='grc' dir='ltr'><strong>ὀ</strong></span> <span class='ocrx_word' id='word_1_330' title='bbox 885 2549 947 2567; x_wconf 81' lang='grc' dir='ltr'>σκο-</span> 
     </span>
    </p>
   </div>
   <div class='ocr_carea' id='block_1_49' title="bbox 164 2583 946 2619">
    <p class='ocr_par' dir='ltr' id='par_1_49' title="bbox 164 2583 946 2619">
     <span class='ocr_line' id='line_1_49' title="bbox 164 2583 946 2619; baseline 0.001 -10"><span class='ocrx_word' id='word_1_331' title='bbox 164 2583 214 2614; x_wconf 74' lang='grc' dir='ltr'><strong>πὸς</strong></span> <span class='ocrx_word' id='word_1_332' title='bbox 234 2583 281 2609; x_wconf 80' lang='grc' dir='ltr'>τοῦ</span> <span class='ocrx_word' id='word_1_333' title='bbox 307 2583 384 2616; x_wconf 82' lang='grc' dir='ltr'>Θεοῦ,</span> <span class='ocrx_word' id='word_1_334' title='bbox 406 2585 474 2618; x_wconf 83' lang='grc' dir='ltr'>ὑπὲρ</span> <span class='ocrx_word' id='word_1_335' title='bbox 488 2583 535 2610; x_wconf 84' lang='grc' dir='ltr'>τοῦ</span> <span class='ocrx_word' id='word_1_336' title='bbox 553 2584 738 2619; x_wconf 84' lang='grc' dir='ltr'>φανησομένου</span> <span class='ocrx_word' id='word_1_337' title='bbox 760 2592 792 2618; x_wconf 86' lang='grc' dir='ltr'><strong>γε</strong></span> <span class='ocrx_word' id='word_1_338' title='bbox 809 2584 838 2615; x_wconf 76' lang='grc' dir='ltr'><strong>ἐξ</strong></span> <span class='ocrx_word' id='word_1_339' title='bbox 856 2584 946 2610; x_wconf 82' lang='grc' dir='ltr'>αὐτῶν</span> 
     </span>
    </p>
   </div>
   <div class='ocr_carea' id='block_1_50' title="bbox 163 2629 945 2666">
    <p class='ocr_par' dir='ltr' id='par_1_50' title="bbox 163 2629 945 2666">
     <span class='ocr_line' id='line_1_50' title="bbox 163 2629 945 2666; baseline 0.001 -11"><span class='ocrx_word' id='word_1_340' title='bbox 163 2630 208 2656; x_wconf 78' lang='grc' dir='ltr'><strong>ἐπὶ</strong></span> <span class='ocrx_word' id='word_1_341' title='bbox 221 2631 253 2664; x_wconf 79' lang='grc' dir='ltr'>τῇ</span> <span class='ocrx_word' id='word_1_342' title='bbox 269 2630 375 2657; x_wconf 81' lang='grc' dir='ltr'>πάντων</span> <span class='ocrx_word' id='word_1_343' title='bbox 387 2629 537 2666; x_wconf 85' lang='grc' dir='ltr'>ἀνθρώπων</span> <span class='ocrx_word' id='word_1_344' title='bbox 551 2630 672 2666; x_wconf 77' lang='grc' dir='ltr'>σωτηρίᾳ</span> <span class='ocrx_word' id='word_1_345' title='bbox 686 2630 775 2657; x_wconf 84' lang='grc' dir='ltr'>πάντα</span> <span class='ocrx_word' id='word_1_346' title='bbox 788 2629 927 2661; x_wconf 81' lang='grc' dir='ltr'>ποιοῦντος</span> <span class='ocrx_word' id='word_1_347' title='bbox 937 2639 945 2645; x_wconf 66' lang='grc' dir='ltr'>υ</span> 
     </span>
    </p>
   </div>
   <div class='ocr_carea' id='block_1_51' title="bbox 162 2673 946 2710">
    <p class='ocr_par' dir='ltr' id='par_1_51' title="bbox 162 2673 946 2710">
     <span class='ocr_line' id='line_1_51' title="bbox 162 2673 946 2710; baseline 0.001 -10"><span class='ocrx_word' id='word_1_348' title='bbox 162 2673 232 2701; x_wconf 84' lang='grc' dir='ltr'>ὥστε</span> <span class='ocrx_word' id='word_1_349' title='bbox 256 2675 284 2701; x_wconf 79' lang='grc' dir='ltr'><strong>δὲ</strong></span> <span class='ocrx_word' id='word_1_350' title='bbox 312 2674 350 2710; x_wconf 81' lang='grc' dir='ltr'>μὴ</span> <span class='ocrx_word' id='word_1_351' title='bbox 366 2676 405 2707; x_wconf 80' lang='grc' dir='ltr'>εἰς</span> <span class='ocrx_word' id='word_1_352' title='bbox 433 2676 586 2710; x_wconf 84' lang='grc' dir='ltr'>ἀπόγνωσιν</span> <span class='ocrx_word' id='word_1_353' title='bbox 612 2675 731 2710; x_wconf 82' lang='grc' dir='ltr'>παντελῆ</span> <span class='ocrx_word' id='word_1_354' title='bbox 760 2675 946 2706; x_wconf 83' lang='grc' dir='ltr'>καταστάντας</span> 
     </span>
    </p>
   </div>
   <div class='ocr_carea' id='block_1_52' title="bbox 163 2721 946 2756">
    <p class='ocr_par' dir='ltr' id='par_1_52' title="bbox 163 2721 946 2756">
     <span class='ocr_line' id='line_1_52' title="bbox 163 2721 946 2756; baseline 0 -9"><span class='ocrx_word' id='word_1_355' title='bbox 163 2721 323 2756; x_wconf 79' lang='grc' dir='ltr'>ὲπιμιγῆναι</span> <span class='ocrx_word' id='word_1_356' title='bbox 352 2722 408 2752; x_wconf 82' lang='grc' dir='ltr'>τοῖς</span> <span class='ocrx_word' id='word_1_357' title='bbox 436 2721 523 2747; x_wconf 74' lang='grc' dir='ltr'>ἔθνεσι</span> <span class='ocrx_word' id='word_1_358' title='bbox 552 2721 602 2756; x_wconf 85' lang='grc' dir='ltr'>τὴν</span> <span class='ocrx_word' id='word_1_359' title='bbox 626 2721 812 2756; x_wconf 82' lang='grc' dir='ltr'>αἰχμαλωσίαν</span> <span class='ocrx_word' id='word_1_360' title='bbox 845 2721 946 2755; x_wconf 80' lang='grc' dir='ltr'>ὑπομε-</span> 
     </span>
    </p>
   </div>
   <div class='ocr_carea' id='block_1_53' title="bbox 165 2766 946 2803">
    <p class='ocr_par' dir='ltr' id='par_1_53' title="bbox 165 2766 946 2803">
     <span class='ocr_line' id='line_1_53' title="bbox 165 2766 946 2803; baseline 0 -11"><span class='ocrx_word' id='word_1_361' title='bbox 165 2766 317 2801; x_wconf 83' lang='grc' dir='ltr'>μενηκότας</span> <span class='ocrx_word' id='word_1_362' title='bbox 339 2766 456 2801; x_wconf 76' lang='grc' dir='ltr'>ἐκείνην,</span> <span class='ocrx_word' id='word_1_363' title='bbox 473 2767 562 2803; x_wconf 85' lang='grc' dir='ltr'>χώραν</span> <span class='ocrx_word' id='word_1_364' title='bbox 575 2767 604 2793; x_wconf 85' lang='grc' dir='ltr'><strong>δὲ</strong></span> <span class='ocrx_word' id='word_1_365' title='bbox 621 2767 718 2802; x_wconf 80' lang='grc' dir='ltr'>μηκέτι</span> <span class='ocrx_word' id='word_1_366' title='bbox 734 2767 802 2801; x_wconf 87' lang='grc' dir='ltr'>μήτε</span> <span class='ocrx_word' id='word_1_367' title='bbox 826 2766 874 2801; x_wconf 82' lang='grc' dir='ltr'>τὴν</span> <span class='ocrx_word' id='word_1_368' title='bbox 897 2767 946 2792; x_wconf 82' lang='grc' dir='ltr'><strong>ὲπ-</strong></span> 
     </span>
    </p>
   </div>
   <div class='ocr_carea' id='block_1_54' title="bbox 164 2811 946 2849">
    <p class='ocr_par' dir='ltr' id='par_1_54' title="bbox 164 2811 946 2849">
     <span class='ocr_line' id='line_1_54' title="bbox 164 2811 946 2849; baseline -0.001 -10"><span class='ocrx_word' id='word_1_369' title='bbox 164 2811 257 2839; x_wconf 64' lang='grc' dir='ltr'>άνώον</span> <span class='ocrx_word' id='word_1_370' title='bbox 280 2812 363 2848; x_wconf 72' lang='grc' dir='ltr'>ἔχειν,</span> <span class='ocrx_word' id='word_1_371' title='bbox 381 2814 450 2849; x_wconf 86' lang='grc' dir='ltr'>μήτε</span> <span class='ocrx_word' id='word_1_372' title='bbox 473 2813 517 2840; x_wconf 81' lang='grc' dir='ltr'>τὸν</span> <span class='ocrx_word' id='word_1_373' title='bbox 539 2813 593 2840; x_wconf 79' lang='grc' dir='ltr'><strong>ἀπὸ</strong></span> <span class='ocrx_word' id='word_1_374' title='bbox 615 2813 668 2839; x_wconf 86' lang='grc' dir='ltr'>τῶν</span> <span class='ocrx_word' id='word_1_375' title='bbox 684 2812 783 2839; x_wconf 80' lang='grc' dir='ltr'>λοιπῶν</span> <span class='ocrx_word' id='word_1_376' title='bbox 795 2811 878 2839; x_wconf 85' lang='grc' dir='ltr'><strong>ὲθνῶν</strong></span> <span class='ocrx_word' id='word_1_377' title='bbox 893 2821 946 2846; x_wconf 80' lang='grc' dir='ltr'>χω-</span> 
     </span>
    </p>
   </div>
   <div class='ocr_carea' id='block_1_55' title="bbox 203 2885 980 2924">
    <p class='ocr_par' dir='ltr' id='par_1_55' title="bbox 203 2885 980 2924">
     <span class='ocr_line' id='line_1_55' title="bbox 203 2885 980 2924; baseline -0.001 -11"><span class='ocrx_word' id='word_1_378' title='bbox 203 2886 258 2921; x_wconf 64' lang='grc' dir='ltr'><strong>(υὶὶ)</strong></span> <span class='ocrx_word' id='word_1_379' title='bbox 293 2888 345 2915; x_wconf 84' lang='lat' dir='ltr'><strong>l&#39;ro</strong></span> <span class='ocrx_word' id='word_1_380' title='bbox 374 2887 483 2918; x_wconf 81' lang='grc' dir='ltr'>λοιπούς</span> <span class='ocrx_word' id='word_1_381' title='bbox 515 2887 657 2924; x_wconf 75' lang='lat' dir='ltr'><strong>legendum</strong></span> <span class='ocrx_word' id='word_1_382' title='bbox 686 2887 790 2915; x_wconf 76' lang='lat' dir='ltr'><strong>videtur</strong></span> <span class='ocrx_word' id='word_1_383' title='bbox 818 2885 980 2922; x_wconf 78' lang='grc' dir='ltr'>περιοίκους.</span> 
     </span>
    </p>
   </div>
   <div class='ocr_carea' id='block_1_56' title="bbox 996 759 1778 795">
    <p class='ocr_par' dir='ltr' id='par_1_56' title="bbox 996 759 1778 795">
     <span class='ocr_line' id='line_1_56' title="bbox 996 759 1778 795; baseline 0.004 -9"><span class='ocrx_word' id='word_1_384' title='bbox 996 760 1166 795; x_wconf 88' lang='lat' dir='ltr'><strong>prophetam,</strong></span> <span class='ocrx_word' id='word_1_385' title='bbox 1183 759 1217 786; x_wconf 81' lang='lat' dir='ltr'><strong>ad</strong></span> <span class='ocrx_word' id='word_1_386' title='bbox 1230 766 1313 794; x_wconf 86' lang='lat' dir='ltr'><strong>quem</strong></span> <span class='ocrx_word' id='word_1_387' title='bbox 1331 759 1582 795; x_wconf 86' lang='lat' dir='ltr'><strong>interpretandum,</strong></span> <span class='ocrx_word' id='word_1_388' title='bbox 1593 760 1647 788; x_wconf 89' lang='lat' dir='ltr'><strong>Deo</strong></span> <span class='ocrx_word' id='word_1_389' title='bbox 1663 761 1778 792; x_wconf 72' lang='lat' dir='ltr'><strong>favente.</strong></span> 
     </span>
    </p>
   </div>
   <div class='ocr_carea' id='block_1_57' title="bbox 995 804 1779 842">
    <p class='ocr_par' dir='ltr' id='par_1_57' title="bbox 995 804 1779 842">
     <span class='ocr_line' id='line_1_57' title="bbox 995 804 1779 842; baseline 0.003 -10"><span class='ocrx_word' id='word_1_390' title='bbox 995 813 1069 833; x_wconf 89' lang='lat' dir='ltr'><strong>nunc</strong></span> <span class='ocrx_word' id='word_1_391' title='bbox 1096 805 1282 840; x_wconf 77' lang='lat' dir='ltr'><strong>aggredimur,</strong></span> <span class='ocrx_word' id='word_1_392' title='bbox 1312 804 1346 833; x_wconf 88' lang='lat' dir='ltr'><strong>de</strong></span> <span class='ocrx_word' id='word_1_393' title='bbox 1379 805 1479 833; x_wconf 82' lang='lat' dir='ltr'><strong>futuris</strong></span> <span class='ocrx_word' id='word_1_394' title='bbox 1509 806 1600 841; x_wconf 87' lang='lat' dir='ltr'><strong>populi</strong></span> <span class='ocrx_word' id='word_1_395' title='bbox 1630 805 1779 842; x_wconf 67' lang='lat' dir='ltr'><strong>(Hebraei)</strong></span> 
     </span>
    </p>
   </div>
   <div class='ocr_carea' id='block_1_58' title="bbox 996 850 1779 887">
    <p class='ocr_par' dir='ltr' id='par_1_58' title="bbox 996 850 1779 887">
     <span class='ocr_line' id='line_1_58' title="bbox 996 850 1779 887; baseline 0.001 -9"><span class='ocrx_word' id='word_1_396' title='bbox 996 851 1107 878; x_wconf 83' lang='lat' dir='ltr'><strong>casibus</strong></span> <span class='ocrx_word' id='word_1_397' title='bbox 1123 858 1170 886; x_wconf 91' lang='lat' dir='ltr'><strong>per</strong></span> <span class='ocrx_word' id='word_1_398' title='bbox 1191 851 1348 878; x_wconf 80' lang='lat' dir='ltr'><strong>universam</strong></span> <span class='ocrx_word' id='word_1_399' title='bbox 1369 850 1425 879; x_wconf 80' lang='lat' dir='ltr'><strong>fere</strong></span> <span class='ocrx_word' id='word_1_400' title='bbox 1447 852 1616 886; x_wconf 76' lang='lat' dir='ltr'><strong>prophetiam</strong></span> <span class='ocrx_word' id='word_1_401' title='bbox 1632 852 1704 887; x_wconf 83' lang='lat' dir='ltr'><strong>loqui</strong></span> <span class='ocrx_word' id='word_1_402' title='bbox 1723 862 1729 879; x_wconf 90' lang='lat'>:</span> <span class='ocrx_word' id='word_1_403' title='bbox 1747 859 1779 880; x_wconf 86' lang='lat' dir='ltr'><strong>ea</strong></span> 
     </span>
    </p>
   </div>
   <div class='ocr_carea' id='block_1_59' title="bbox 994 897 1780 933">
    <p class='ocr_par' dir='ltr' id='par_1_59' title="bbox 994 897 1780 933">
     <span class='ocr_line' id='line_1_59' title="bbox 994 897 1780 933; baseline 0.001 -9"><span class='ocrx_word' id='word_1_404' title='bbox 994 897 1098 924; x_wconf 76' lang='lat' dir='ltr'><strong>scilicet</strong></span> <span class='ocrx_word' id='word_1_405' title='bbox 1120 897 1246 928; x_wconf 85' lang='lat' dir='ltr'><strong>innuere.</strong></span> <span class='ocrx_word' id='word_1_406' title='bbox 1270 904 1332 931; x_wconf 66' lang='lat' dir='ltr'><strong>quae</strong></span> <span class='ocrx_word' id='word_1_407' title='bbox 1353 897 1442 931; x_wconf 90' lang='lat' dir='ltr'><strong>primo</strong></span> <span class='ocrx_word' id='word_1_408' title='bbox 1463 897 1497 924; x_wconf 91' lang='lat' dir='ltr'><strong>ab</strong></span> <span class='ocrx_word' id='word_1_409' title='bbox 1518 898 1638 933; x_wconf 85' lang='lat' dir='ltr'><strong>Assyriis</strong></span> <span class='ocrx_word' id='word_1_410' title='bbox 1659 905 1780 932; x_wconf 75' lang='lat' dir='ltr'><strong>passurae</strong></span> 
     </span>
    </p>
   </div>
   <div class='ocr_carea' id='block_1_60' title="bbox 993 941 1778 978">
    <p class='ocr_par' dir='ltr' id='par_1_60' title="bbox 993 941 1778 978">
     <span class='ocr_line' id='line_1_60' title="bbox 993 941 1778 978; baseline 0.004 -10"><span class='ocrx_word' id='word_1_411' title='bbox 993 947 1070 969; x_wconf 83' lang='lat' dir='ltr'><strong>erant</strong></span> <span class='ocrx_word' id='word_1_412' title='bbox 1088 942 1180 969; x_wconf 87' lang='lat' dir='ltr'><strong>decem</strong></span> <span class='ocrx_word' id='word_1_413' title='bbox 1197 941 1284 970; x_wconf 89' lang='lat' dir='ltr'><strong>tribus</strong></span> <span class='ocrx_word' id='word_1_414' title='bbox 1305 941 1392 975; x_wconf 87' lang='lat' dir='ltr'><strong>mala;</strong></span> <span class='ocrx_word' id='word_1_415' title='bbox 1408 947 1463 970; x_wconf 90' lang='lat' dir='ltr'><strong>tum</strong></span> <span class='ocrx_word' id='word_1_416' title='bbox 1478 943 1559 969; x_wconf 87' lang='lat' dir='ltr'><strong>etiam</strong></span> <span class='ocrx_word' id='word_1_417' title='bbox 1577 943 1622 970; x_wconf 90' lang='lat' dir='ltr'><strong>illa</strong></span> <span class='ocrx_word' id='word_1_418' title='bbox 1638 951 1698 978; x_wconf 74' lang='lat' dir='ltr'><strong>qua:</strong></span> <span class='ocrx_word' id='word_1_419' title='bbox 1716 943 1778 971; x_wconf 86' lang='lat' dir='ltr'><strong>Hie—</strong></span> 
     </span>
    </p>
   </div>
   <div class='ocr_carea' id='block_1_61' title="bbox 994 986 1778 1024">
    <p class='ocr_par' dir='ltr' id='par_1_61' title="bbox 994 986 1778 1024">
     <span class='ocr_line' id='line_1_61' title="bbox 994 986 1778 1024; baseline 0.003 -10"><span class='ocrx_word' id='word_1_420' title='bbox 994 988 1154 1023; x_wconf 86' lang='lat' dir='ltr'><strong>rosolymis,</strong></span> <span class='ocrx_word' id='word_1_421' title='bbox 1170 986 1301 1023; x_wconf 70' lang='lat' dir='ltr'><strong>Judazque</strong></span> <span class='ocrx_word' id='word_1_422' title='bbox 1318 988 1422 1020; x_wconf 87' lang='lat' dir='ltr'><strong>tribui,</strong></span> <span class='ocrx_word' id='word_1_423' title='bbox 1444 988 1603 1023; x_wconf 78' lang='lat' dir='ltr'><strong>czeterisque</strong></span> <span class='ocrx_word' id='word_1_424' title='bbox 1625 989 1698 1024; x_wconf 80' lang='lat' dir='ltr'><strong>regni</strong></span> <span class='ocrx_word' id='word_1_425' title='bbox 1719 989 1778 1023; x_wconf 89' lang='lat' dir='ltr'><strong>ejus</strong></span> 
     </span>
    </p>
   </div>
   <div class='ocr_carea' id='block_1_62' title="bbox 995 1032 1778 1068">
    <p class='ocr_par' dir='ltr' id='par_1_62' title="bbox 995 1032 1778 1068">
     <span class='ocr_line' id='line_1_62' title="bbox 995 1032 1778 1068; baseline 0.003 -9"><span class='ocrx_word' id='word_1_426' title='bbox 995 1033 1119 1067; x_wconf 84' lang='lat' dir='ltr'><strong>partibus</strong></span> <span class='ocrx_word' id='word_1_427' title='bbox 1135 1040 1149 1059; x_wconf 92' lang='lat' dir='ltr'><strong>a</strong></span> <span class='ocrx_word' id='word_1_428' title='bbox 1163 1032 1320 1068; x_wconf 82' lang='lat' dir='ltr'><strong>Babyloniis</strong></span> <span class='ocrx_word' id='word_1_429' title='bbox 1333 1039 1462 1061; x_wconf 77' lang='lat' dir='ltr'><strong>eventura</strong></span> <span class='ocrx_word' id='word_1_430' title='bbox 1475 1037 1562 1061; x_wconf 91' lang='lat' dir='ltr'><strong>erant.</strong></span> <span class='ocrx_word' id='word_1_431' title='bbox 1581 1034 1616 1060; x_wconf 91' lang='lat' dir='ltr'><strong>De</strong></span> <span class='ocrx_word' id='word_1_432' title='bbox 1629 1034 1670 1061; x_wconf 90' lang='lat' dir='ltr'><strong>his</strong></span> <span class='ocrx_word' id='word_1_433' title='bbox 1688 1039 1778 1061; x_wconf 87' lang='lat' dir='ltr'><strong>autem</strong></span> 
     </span>
    </p>
   </div>
   <div class='ocr_carea' id='block_1_63' title="bbox 995 1079 1777 1114">
    <p class='ocr_par' dir='ltr' id='par_1_63' title="bbox 995 1079 1777 1114">
     <span class='ocr_line' id='line_1_63' title="bbox 995 1079 1777 1114; baseline 0.003 -9"><span class='ocrx_word' id='word_1_434' title='bbox 995 1079 1080 1106; x_wconf 88' lang='lat' dir='ltr'><strong>rebus</strong></span> <span class='ocrx_word' id='word_1_435' title='bbox 1106 1087 1159 1106; x_wconf 93' lang='lat' dir='ltr'><strong>non</strong></span> <span class='ocrx_word' id='word_1_436' title='bbox 1185 1079 1244 1106; x_wconf 89' lang='lat' dir='ltr'><strong>sine</strong></span> <span class='ocrx_word' id='word_1_437' title='bbox 1265 1086 1347 1106; x_wconf 87' lang='lat' dir='ltr'><strong>causa</strong></span> <span class='ocrx_word' id='word_1_438' title='bbox 1369 1080 1506 1114; x_wconf 62' lang='lat' dir='ltr'><strong>prophetae</strong></span> <span class='ocrx_word' id='word_1_439' title='bbox 1526 1080 1606 1106; x_wconf 83' lang='lat' dir='ltr'><strong>verba</strong></span> <span class='ocrx_word' id='word_1_440' title='bbox 1631 1080 1777 1112; x_wconf 84' lang='lat' dir='ltr'><strong>faciebant.</strong></span> 
     </span>
    </p>
   </div>
   <div class='ocr_carea' id='block_1_64' title="bbox 993 1115 1776 1159">
    <p class='ocr_par' dir='ltr' id='par_1_64' title="bbox 993 1115 1776 1159">
     <span class='ocr_line' id='line_1_64' title="bbox 993 1115 1776 1159; baseline 0.003 -9"><span class='ocrx_word' id='word_1_441' title='bbox 993 1123 1041 1150; x_wconf 85' lang='lat' dir='ltr'><strong>sed</strong></span> <span class='ocrx_word' id='word_1_442' title='bbox 1069 1124 1132 1158; x_wconf 87' lang='lat' dir='ltr'><strong>quia</strong></span> <span class='ocrx_word' id='word_1_443' title='bbox 1166 1123 1237 1151; x_wconf 91' lang='lat' dir='ltr'><strong>Deus</strong></span> <span class='ocrx_word' id='word_1_444' title='bbox 1259 1115 1353 1151; x_wconf 86' lang='lat' dir='ltr'><strong>curam</strong></span> <span class='ocrx_word' id='word_1_445' title='bbox 1381 1124 1507 1151; x_wconf 78' lang='lat' dir='ltr'><strong>eximiam</strong></span> <span class='ocrx_word' id='word_1_446' title='bbox 1535 1125 1627 1159; x_wconf 86' lang='lat' dir='ltr'><strong>populi</strong></span> <span class='ocrx_word' id='word_1_447' title='bbox 1657 1125 1776 1159; x_wconf 85' lang='lat' dir='ltr'><strong>gerebat.</strong></span> 
     </span>
    </p>
   </div>
   <div class='ocr_carea' id='block_1_65' title="bbox 994 1169 1778 1206">
    <p class='ocr_par' dir='ltr' id='par_1_65' title="bbox 994 1169 1778 1206">
     <span class='ocr_line' id='line_1_65' title="bbox 994 1169 1778 1206; baseline 0.003 -11"><span class='ocrx_word' id='word_1_448' title='bbox 994 1173 1139 1204; x_wconf 73' lang='lat' dir='ltr'><strong>propterea</strong></span> <span class='ocrx_word' id='word_1_449' title='bbox 1154 1169 1227 1204; x_wconf 85' lang='lat' dir='ltr'><strong>quod</strong></span> <span class='ocrx_word' id='word_1_450' title='bbox 1251 1169 1377 1206; x_wconf 76' lang='lat' dir='ltr'><strong>Christus</strong></span> <span class='ocrx_word' id='word_1_451' title='bbox 1403 1169 1534 1197; x_wconf 87' lang='lat' dir='ltr'><strong>Dominus</strong></span> <span class='ocrx_word' id='word_1_452' title='bbox 1553 1169 1586 1196; x_wconf 83' lang='lat' dir='ltr'><strong>ad</strong></span> <span class='ocrx_word' id='word_1_453' title='bbox 1607 1177 1778 1197; x_wconf 85' lang='lat' dir='ltr'><strong>communem</strong></span> 
     </span>
    </p>
   </div>
   <div class='ocr_carea' id='block_1_66' title="bbox 993 1213 1778 1249">
    <p class='ocr_par' dir='ltr' id='par_1_66' title="bbox 993 1213 1778 1249">
     <span class='ocr_line' id='line_1_66' title="bbox 993 1213 1778 1249; baseline 0.001 -9"><span class='ocrx_word' id='word_1_454' title='bbox 993 1214 1115 1240; x_wconf 91' lang='lat' dir='ltr'><strong>omnium</strong></span> <span class='ocrx_word' id='word_1_455' title='bbox 1138 1214 1280 1241; x_wconf 87' lang='lat' dir='ltr'><strong>hominum</strong></span> <span class='ocrx_word' id='word_1_456' title='bbox 1303 1213 1483 1249; x_wconf 78' lang='lat' dir='ltr'><strong>peragendam</strong></span> <span class='ocrx_word' id='word_1_457' title='bbox 1506 1214 1620 1241; x_wconf 82' lang='lat' dir='ltr'><strong>salutem</strong></span> <span class='ocrx_word' id='word_1_458' title='bbox 1641 1222 1691 1241; x_wconf 87' lang='lat' dir='ltr'><strong>suo</strong></span> <span class='ocrx_word' id='word_1_459' title='bbox 1710 1218 1778 1241; x_wconf 87' lang='lat' dir='ltr'><strong>tem-</strong></span> 
     </span>
    </p>
   </div>
   <div class='ocr_carea' id='block_1_67' title="bbox 993 1257 1778 1294">
    <p class='ocr_par' dir='ltr' id='par_1_67' title="bbox 993 1257 1778 1294">
     <span class='ocr_line' id='line_1_67' title="bbox 993 1257 1778 1294; baseline 0 -9"><span class='ocrx_word' id='word_1_460' title='bbox 993 1266 1058 1294; x_wconf 90' lang='lat' dir='ltr'><strong>pore</strong></span> <span class='ocrx_word' id='word_1_461' title='bbox 1082 1259 1251 1287; x_wconf 86' lang='lat' dir='ltr'><strong>adventurus</strong></span> <span class='ocrx_word' id='word_1_462' title='bbox 1275 1262 1343 1286; x_wconf 87' lang='lat' dir='ltr'><strong>erat.</strong></span> <span class='ocrx_word' id='word_1_463' title='bbox 1367 1257 1471 1285; x_wconf 84' lang='lat' dir='ltr'><strong>Idcirco</strong></span> <span class='ocrx_word' id='word_1_464' title='bbox 1498 1258 1621 1286; x_wconf 55' lang='lat' dir='ltr'><strong>Hebraeos</strong></span> <span class='ocrx_word' id='word_1_465' title='bbox 1646 1259 1715 1287; x_wconf 85' lang='lat' dir='ltr'><strong>Deus</strong></span> <span class='ocrx_word' id='word_1_466' title='bbox 1743 1261 1778 1286; x_wconf 86' lang='lat' dir='ltr'><strong>ab</strong></span> 
     </span>
    </p>
   </div>
   <div class='ocr_carea' id='block_1_68' title="bbox 992 1302 1778 1338">
    <p class='ocr_par' dir='ltr' id='par_1_68' title="bbox 992 1302 1778 1338">
     <span class='ocr_line' id='line_1_68' title="bbox 992 1302 1778 1338; baseline 0.001 -9"><span class='ocrx_word' id='word_1_467' title='bbox 992 1302 1111 1330; x_wconf 88' lang='lat' dir='ltr'><strong>ethnicis</strong></span> <span class='ocrx_word' id='word_1_468' title='bbox 1128 1303 1285 1338; x_wconf 84' lang='lat' dir='ltr'><strong>separavit,</strong></span> <span class='ocrx_word' id='word_1_469' title='bbox 1311 1306 1338 1330; x_wconf 84' lang='lat' dir='ltr'><strong>et</strong></span> <span class='ocrx_word' id='word_1_470' title='bbox 1357 1303 1566 1331; x_wconf 88' lang='lat' dir='ltr'><strong>circumcisione</strong></span> <span class='ocrx_word' id='word_1_471' title='bbox 1592 1304 1724 1333; x_wconf 80' lang='lat' dir='ltr'><strong>distinxit.</strong></span> <span class='ocrx_word' id='word_1_472' title='bbox 1751 1308 1778 1331; x_wconf 86' lang='lat' dir='ltr'><strong>et</strong></span> 
     </span>
    </p>
   </div>
   <div class='ocr_carea' id='block_1_69' title="bbox 994 1348 1771 1383">
    <p class='ocr_par' dir='ltr' id='par_1_69' title="bbox 994 1348 1771 1383">
     <span class='ocr_line' id='line_1_69' title="bbox 994 1348 1771 1383; baseline 0.003 -9"><span class='ocrx_word' id='word_1_473' title='bbox 994 1349 1130 1383; x_wconf 85' lang='lat' dir='ltr'><strong>propriam</strong></span> <span class='ocrx_word' id='word_1_474' title='bbox 1154 1348 1255 1376; x_wconf 87' lang='lat' dir='ltr'><strong>habere</strong></span> <span class='ocrx_word' id='word_1_475' title='bbox 1277 1348 1362 1375; x_wconf 87' lang='lat' dir='ltr'><strong>voluit</strong></span> <span class='ocrx_word' id='word_1_476' title='bbox 1376 1349 1529 1382; x_wconf 74' lang='lat' dir='ltr'><strong>regionem,</strong></span> <span class='ocrx_word' id='word_1_477' title='bbox 1545 1357 1726 1382; x_wconf 81' lang='lat' dir='ltr'><strong>seorsumque</strong></span> <span class='ocrx_word' id='word_1_478' title='bbox 1744 1350 1771 1376; x_wconf 91' lang='lat' dir='ltr'><strong>in</strong></span> 
     </span>
    </p>
   </div>
   <div class='ocr_carea' id='block_1_70' title="bbox 962 1385 1778 1431">
    <p class='ocr_par' dir='ltr' id='par_1_70' title="bbox 962 1385 1778 1431">
     <span class='ocr_line' id='line_1_70' title="bbox 962 1385 1778 1431; baseline 0.004 -11"><span class='ocrx_word' id='word_1_479' title='bbox 962 1385 982 1412; x_wconf 78' lang='grc' dir='ltr'><strong><em>Β</em></strong></span> <span class='ocrx_word' id='word_1_480' title='bbox 996 1393 1061 1421; x_wconf 89' lang='lat' dir='ltr'><strong>Sion</strong></span> <span class='ocrx_word' id='word_1_481' title='bbox 1083 1397 1177 1421; x_wconf 90' lang='lat' dir='ltr'><strong>monte</strong></span> <span class='ocrx_word' id='word_1_482' title='bbox 1193 1401 1228 1421; x_wconf 77' lang='lat' dir='ltr'><strong>ex</strong></span> <span class='ocrx_word' id='word_1_483' title='bbox 1247 1394 1368 1429; x_wconf 87' lang='lat' dir='ltr'><strong>legitima</strong></span> <span class='ocrx_word' id='word_1_484' title='bbox 1390 1395 1478 1422; x_wconf 80' lang='lat' dir='ltr'><strong>forma</strong></span> <span class='ocrx_word' id='word_1_485' title='bbox 1504 1395 1660 1431; x_wconf 81' lang='lat' dir='ltr'><strong>religiosum</strong></span> <span class='ocrx_word' id='word_1_486' title='bbox 1676 1396 1727 1423; x_wconf 86' lang='lat' dir='ltr'><strong>sibi</strong></span> <span class='ocrx_word' id='word_1_487' title='bbox 1744 1397 1778 1423; x_wconf 87' lang='lat' dir='ltr'><strong>ab</strong></span> 
     </span>
    </p>
   </div>
   <div class='ocr_carea' id='block_1_71' title="bbox 994 1440 1776 1469">
    <p class='ocr_par' dir='ltr' id='par_1_71' title="bbox 994 1440 1776 1469">
     <span class='ocr_line' id='line_1_71' title="bbox 994 1440 1776 1469; baseline 0.001 -1"><span class='ocrx_word' id='word_1_488' title='bbox 994 1440 1034 1468; x_wconf 87' lang='lat' dir='ltr'><strong>eis</strong></span> <span class='ocrx_word' id='word_1_489' title='bbox 1051 1440 1153 1468; x_wconf 90' lang='lat' dir='ltr'><strong>cultum</strong></span> <span class='ocrx_word' id='word_1_490' title='bbox 1173 1440 1296 1468; x_wconf 82' lang='lat' dir='ltr'><strong>exhiberi</strong></span> <span class='ocrx_word' id='word_1_491' title='bbox 1321 1440 1470 1468; x_wconf 82' lang='lat' dir='ltr'><strong>mandavit.</strong></span> <span class='ocrx_word' id='word_1_492' title='bbox 1493 1440 1540 1468; x_wconf 90' lang='lat' dir='ltr'><strong>Sic</strong></span> <span class='ocrx_word' id='word_1_493' title='bbox 1559 1443 1632 1468; x_wconf 89' lang='lat' dir='ltr'><strong>enim</strong></span> <span class='ocrx_word' id='word_1_494' title='bbox 1653 1441 1776 1469; x_wconf 77' lang='lat' dir='ltr'><strong>futurum</strong></span> 
     </span>
    </p>
   </div>
   <div class='ocr_carea' id='block_1_72' title="bbox 994 1485 1778 1521">
    <p class='ocr_par' dir='ltr' id='par_1_72' title="bbox 994 1485 1778 1521">
     <span class='ocr_line' id='line_1_72' title="bbox 994 1485 1778 1521; baseline 0 -8"><span class='ocrx_word' id='word_1_495' title='bbox 994 1489 1070 1518; x_wconf 83' lang='lat' dir='ltr'><strong>erat,</strong></span> <span class='ocrx_word' id='word_1_496' title='bbox 1084 1489 1116 1512; x_wconf 88' lang='lat' dir='ltr'><strong>ut</strong></span> <span class='ocrx_word' id='word_1_497' title='bbox 1127 1485 1277 1513; x_wconf 89' lang='lat' dir='ltr'><strong>secundum</strong></span> <span class='ocrx_word' id='word_1_498' title='bbox 1292 1485 1468 1520; x_wconf 87' lang='lat' dir='ltr'><strong>propheticas</strong></span> <span class='ocrx_word' id='word_1_499' title='bbox 1483 1486 1680 1520; x_wconf 86' lang='lat' dir='ltr'><strong>promissiones</strong></span> <span class='ocrx_word' id='word_1_500' title='bbox 1695 1491 1778 1521; x_wconf 87' lang='lat' dir='ltr'><strong>atque</strong></span> 
     </span>
    </p>
   </div>
   <div class='ocr_carea' id='block_1_73' title="bbox 994 1530 1777 1566">
    <p class='ocr_par' dir='ltr' id='par_1_73' title="bbox 994 1530 1777 1566">
     <span class='ocr_line' id='line_1_73' title="bbox 994 1530 1777 1566; baseline 0 -8"><span class='ocrx_word' id='word_1_501' title='bbox 994 1530 1059 1558; x_wconf 87' lang='lat' dir='ltr'><strong>olim</strong></span> <span class='ocrx_word' id='word_1_502' title='bbox 1081 1530 1234 1558; x_wconf 83' lang='lat' dir='ltr'><strong>ordinatam</strong></span> <span class='ocrx_word' id='word_1_503' title='bbox 1259 1535 1443 1565; x_wconf 84' lang='lat' dir='ltr'><strong>cougruenter</strong></span> <span class='ocrx_word' id='word_1_504' title='bbox 1464 1531 1508 1558; x_wconf 89' lang='lat' dir='ltr'><strong>his</strong></span> <span class='ocrx_word' id='word_1_505' title='bbox 1524 1531 1663 1558; x_wconf 85' lang='lat' dir='ltr'><strong>vaticiniis</strong></span> <span class='ocrx_word' id='word_1_506' title='bbox 1685 1532 1777 1566; x_wconf 84' lang='lat' dir='ltr'><strong>populi</strong></span> 
     </span>
    </p>
   </div>
   <div class='ocr_carea' id='block_1_74' title="bbox 995 1576 1776 1608">
    <p class='ocr_par' dir='ltr' id='par_1_74' title="bbox 995 1576 1776 1608">
     <span class='ocr_line' id='line_1_74' title="bbox 995 1576 1776 1608; baseline 0 -4"><span class='ocrx_word' id='word_1_507' title='bbox 995 1576 1268 1608; x_wconf 85' lang='lat' dir='ltr'><strong>administrationem,</strong></span> <span class='ocrx_word' id='word_1_508' title='bbox 1285 1576 1413 1604; x_wconf 74' lang='lat' dir='ltr'><strong>Christus</strong></span> <span class='ocrx_word' id='word_1_509' title='bbox 1430 1576 1561 1604; x_wconf 89' lang='lat' dir='ltr'><strong>Dominus</strong></span> <span class='ocrx_word' id='word_1_510' title='bbox 1579 1578 1605 1604; x_wconf 94' lang='lat' dir='ltr'><strong>in</strong></span> <span class='ocrx_word' id='word_1_511' title='bbox 1621 1578 1714 1605; x_wconf 88' lang='lat' dir='ltr'><strong>orbem</strong></span> <span class='ocrx_word' id='word_1_512' title='bbox 1730 1585 1776 1604; x_wconf 86' lang='lat' dir='ltr'><strong>ve-</strong></span> 
     </span>
    </p>
   </div>
   <div class='ocr_carea' id='block_1_75' title="bbox 994 1622 1774 1655">
    <p class='ocr_par' dir='ltr' id='par_1_75' title="bbox 994 1622 1774 1655">
     <span class='ocr_line' id='line_1_75' title="bbox 994 1622 1774 1655; baseline 0.003 -7"><span class='ocrx_word' id='word_1_513' title='bbox 994 1622 1073 1648; x_wconf 83' lang='lat' dir='ltr'><strong>niens</strong></span> <span class='ocrx_word' id='word_1_514' title='bbox 1097 1625 1213 1649; x_wconf 76' lang='lat' dir='ltr'><strong>cunctos</strong></span> <span class='ocrx_word' id='word_1_515' title='bbox 1245 1622 1374 1649; x_wconf 88' lang='lat' dir='ltr'><strong>mortales</strong></span> <span class='ocrx_word' id='word_1_516' title='bbox 1400 1623 1532 1650; x_wconf 87' lang='lat' dir='ltr'><strong>certiores</strong></span> <span class='ocrx_word' id='word_1_517' title='bbox 1559 1623 1679 1655; x_wconf 79' lang='lat' dir='ltr'><strong>faceret.</strong></span> <span class='ocrx_word' id='word_1_518' title='bbox 1703 1623 1774 1651; x_wconf 84' lang='lat' dir='ltr'><strong>haud</strong></span> 
     </span>
    </p>
   </div>
   <div class='ocr_carea' id='block_1_76' title="bbox 994 1667 1776 1704">
    <p class='ocr_par' dir='ltr' id='par_1_76' title="bbox 994 1667 1776 1704">
     <span class='ocr_line' id='line_1_76' title="bbox 994 1667 1776 1704; baseline 0.003 -10"><span class='ocrx_word' id='word_1_519' title='bbox 994 1675 1081 1703; x_wconf 88' lang='lat' dir='ltr'><strong>nuper</strong></span> <span class='ocrx_word' id='word_1_520' title='bbox 1117 1667 1225 1695; x_wconf 87' lang='lat' dir='ltr'><strong>demum</strong></span> <span class='ocrx_word' id='word_1_521' title='bbox 1249 1668 1283 1696; x_wconf 87' lang='lat' dir='ltr'><strong>de</strong></span> <span class='ocrx_word' id='word_1_522' title='bbox 1317 1668 1405 1696; x_wconf 90' lang='lat' dir='ltr'><strong>salute</strong></span> <span class='ocrx_word' id='word_1_523' title='bbox 1437 1669 1577 1696; x_wconf 84' lang='lat' dir='ltr'><strong>hominum</strong></span> <span class='ocrx_word' id='word_1_524' title='bbox 1605 1670 1776 1704; x_wconf 86' lang='lat' dir='ltr'><strong>procuranda</strong></span> 
     </span>
    </p>
   </div>
   <div class='ocr_carea' id='block_1_77' title="bbox 996 1713 1777 1749">
    <p class='ocr_par' dir='ltr' id='par_1_77' title="bbox 996 1713 1777 1749">
     <span class='ocr_line' id='line_1_77' title="bbox 996 1713 1777 1749; baseline 0.001 -9"><span class='ocrx_word' id='word_1_525' title='bbox 996 1713 1080 1740; x_wconf 91' lang='lat' dir='ltr'><strong>Deum</strong></span> <span class='ocrx_word' id='word_1_526' title='bbox 1103 1714 1284 1748; x_wconf 72' lang='lat' dir='ltr'><strong>cogitavisse;</strong></span> <span class='ocrx_word' id='word_1_527' title='bbox 1308 1713 1354 1741; x_wconf 89' lang='lat' dir='ltr'><strong>sed</strong></span> <span class='ocrx_word' id='word_1_528' title='bbox 1371 1721 1432 1740; x_wconf 93' lang='lat' dir='ltr'><strong>cum</strong></span> <span class='ocrx_word' id='word_1_529' title='bbox 1458 1714 1612 1748; x_wconf 86' lang='lat' dir='ltr'><strong>antiquitus</strong></span> <span class='ocrx_word' id='word_1_530' title='bbox 1635 1714 1777 1749; x_wconf 74' lang='lat' dir='ltr'><strong>longisque</strong></span> 
     </span>
    </p>
   </div>
   <div class='ocr_carea' id='block_1_78' title="bbox 994 1758 1775 1793">
    <p class='ocr_par' dir='ltr' id='par_1_78' title="bbox 994 1758 1775 1793">
     <span class='ocr_line' id='line_1_78' title="bbox 994 1758 1775 1793; baseline 0.003 -9"><span class='ocrx_word' id='word_1_531' title='bbox 994 1761 1057 1785; x_wconf 83' lang='lat' dir='ltr'><strong>ante</strong></span> <span class='ocrx_word' id='word_1_532' title='bbox 1082 1758 1249 1793; x_wconf 88' lang='lat' dir='ltr'><strong>temporibus</strong></span> <span class='ocrx_word' id='word_1_533' title='bbox 1273 1758 1300 1786; x_wconf 90' lang='lat' dir='ltr'><strong>id</strong></span> <span class='ocrx_word' id='word_1_534' title='bbox 1324 1759 1394 1793; x_wconf 86' lang='lat' dir='ltr'><strong>apud</strong></span> <span class='ocrx_word' id='word_1_535' title='bbox 1417 1766 1462 1791; x_wconf 80' lang='lat' dir='ltr'><strong>se,</strong></span> <span class='ocrx_word' id='word_1_536' title='bbox 1488 1763 1556 1786; x_wconf 84' lang='lat' dir='ltr'><strong>teste</strong></span> <span class='ocrx_word' id='word_1_537' title='bbox 1578 1759 1656 1786; x_wconf 86' lang='lat' dir='ltr'><strong>beato</strong></span> <span class='ocrx_word' id='word_1_538' title='bbox 1680 1758 1775 1791; x_wconf 83' lang='lat' dir='ltr'><strong>Paulo,</strong></span> 
     </span>
    </p>
   </div>
   <div class='ocr_carea' id='block_1_79' title="bbox 994 1803 1775 1839">
    <p class='ocr_par' dir='ltr' id='par_1_79' title="bbox 994 1803 1775 1839">
     <span class='ocr_line' id='line_1_79' title="bbox 994 1803 1775 1839; baseline 0 -9"><span class='ocrx_word' id='word_1_539' title='bbox 994 1803 1135 1831; x_wconf 86' lang='lat' dir='ltr'><strong>habuisset</strong></span> <span class='ocrx_word' id='word_1_540' title='bbox 1145 1803 1298 1835; x_wconf 88' lang='lat' dir='ltr'><strong>decretum,</strong></span> <span class='ocrx_word' id='word_1_541' title='bbox 1314 1804 1500 1839; x_wconf 79' lang='lat' dir='ltr'><strong>segregavisse</strong></span> <span class='ocrx_word' id='word_1_542' title='bbox 1513 1803 1566 1830; x_wconf 88' lang='lat' dir='ltr'><strong>sibi</strong></span> <span class='ocrx_word' id='word_1_543' title='bbox 1577 1803 1775 1835; x_wconf 82' lang='lat' dir='ltr'><strong>Abrahamum.</strong></span> 
     </span>
    </p>
   </div>
   <div class='ocr_carea' id='block_1_80' title="bbox 993 1849 1774 1884">
    <p class='ocr_par' dir='ltr' id='par_1_80' title="bbox 993 1849 1774 1884">
     <span class='ocr_line' id='line_1_80' title="bbox 993 1849 1774 1884; baseline 0.003 -8"><span class='ocrx_word' id='word_1_544' title='bbox 993 1857 1026 1876; x_wconf 77' lang='lat' dir='ltr'><strong>ex</strong></span> <span class='ocrx_word' id='word_1_545' title='bbox 1054 1856 1141 1884; x_wconf 91' lang='lat' dir='ltr'><strong>eoque</strong></span> <span class='ocrx_word' id='word_1_546' title='bbox 1170 1852 1277 1884; x_wconf 82' lang='lat' dir='ltr'><strong>gentem</strong></span> <span class='ocrx_word' id='word_1_547' title='bbox 1297 1849 1460 1881; x_wconf 76' lang='lat' dir='ltr'><strong>.conﬂasse.</strong></span> <span class='ocrx_word' id='word_1_548' title='bbox 1500 1857 1648 1884; x_wconf 78' lang='lat' dir='ltr'><strong>curamque</strong></span> <span class='ocrx_word' id='word_1_549' title='bbox 1681 1849 1774 1884; x_wconf 87' lang='lat' dir='ltr'><strong>hujus.</strong></span> 
     </span>
    </p>
   </div>
   <div class='ocr_carea' id='block_1_81' title="bbox 994 1894 1774 1930">
    <p class='ocr_par' dir='ltr' id='par_1_81' title="bbox 994 1894 1774 1930">
     <span class='ocr_line' id='line_1_81' title="bbox 994 1894 1774 1930; baseline 0.001 -8"><span class='ocrx_word' id='word_1_550' title='bbox 994 1895 1074 1922; x_wconf 88' lang='lat' dir='ltr'><strong>sicuti</strong></span> <span class='ocrx_word' id='word_1_551' title='bbox 1095 1895 1152 1929; x_wconf 88' lang='lat' dir='ltr'><strong>jam</strong></span> <span class='ocrx_word' id='word_1_552' title='bbox 1174 1894 1278 1922; x_wconf 89' lang='lat' dir='ltr'><strong>dictum</strong></span> <span class='ocrx_word' id='word_1_553' title='bbox 1291 1899 1344 1925; x_wconf 89' lang='lat' dir='ltr'><strong>est.</strong></span> <span class='ocrx_word' id='word_1_554' title='bbox 1357 1895 1492 1929; x_wconf 80' lang='lat' dir='ltr'><strong>gessisse;</strong></span> <span class='ocrx_word' id='word_1_555' title='bbox 1511 1899 1541 1922; x_wconf 89' lang='lat' dir='ltr'><strong>ut</strong></span> <span class='ocrx_word' id='word_1_556' title='bbox 1557 1903 1591 1922; x_wconf 77' lang='lat' dir='ltr'><strong>ex</strong></span> <span class='ocrx_word' id='word_1_557' title='bbox 1610 1896 1662 1922; x_wconf 90' lang='lat' dir='ltr'><strong>hoc</strong></span> <span class='ocrx_word' id='word_1_558' title='bbox 1681 1900 1774 1930; x_wconf 85' lang='lat' dir='ltr'><strong>postea</strong></span> 
     </span>
    </p>
   </div>
   <div class='ocr_carea' id='block_1_82' title="bbox 993 1940 1775 1977">
    <p class='ocr_par' dir='ltr' id='par_1_82' title="bbox 993 1940 1775 1977">
     <span class='ocr_line' id='line_1_82' title="bbox 993 1940 1775 1977; baseline 0.001 -9"><span class='ocrx_word' id='word_1_559' title='bbox 993 1949 1091 1976; x_wconf 83' lang='lat' dir='ltr'><strong>genere</strong></span> <span class='ocrx_word' id='word_1_560' title='bbox 1103 1941 1228 1968; x_wconf 86' lang='lat' dir='ltr'><strong>Christus</strong></span> <span class='ocrx_word' id='word_1_561' title='bbox 1247 1940 1375 1968; x_wconf 88' lang='lat' dir='ltr'><strong>Dominus</strong></span> <span class='ocrx_word' id='word_1_562' title='bbox 1398 1941 1546 1968; x_wconf 84' lang='lat' dir='ltr'><strong>secundum</strong></span> <span class='ocrx_word' id='word_1_563' title='bbox 1565 1949 1675 1968; x_wconf 86' lang='lat' dir='ltr'><strong>carnem</strong></span> <span class='ocrx_word' id='word_1_564' title='bbox 1690 1942 1712 1957; x_wconf 70' lang='grc' dir='ltr'>δε</span> <span class='ocrx_word' id='word_1_565' title='bbox 1725 1950 1775 1977; x_wconf 94' lang='lat' dir='ltr'><strong>pro</strong></span> 
     </span>
    </p>
   </div>
   <div class='ocr_carea' id='block_1_83' title="bbox 993 1986 1775 2021">
    <p class='ocr_par' dir='ltr' id='par_1_83' title="bbox 993 1986 1775 2021">
     <span class='ocr_line' id='line_1_83' title="bbox 993 1986 1775 2021; baseline 0.001 -8"><span class='ocrx_word' id='word_1_566' title='bbox 993 1987 1133 2014; x_wconf 89' lang='lat' dir='ltr'><strong>communi</strong></span> <span class='ocrx_word' id='word_1_567' title='bbox 1162 1993 1297 2021; x_wconf 85' lang='lat' dir='ltr'><strong>apparens</strong></span> <span class='ocrx_word' id='word_1_568' title='bbox 1323 1987 1430 2018; x_wconf 81' lang='lat' dir='ltr'><strong>salute.</strong></span> <span class='ocrx_word' id='word_1_569' title='bbox 1465 1986 1609 2014; x_wconf 84' lang='lat' dir='ltr'><strong>manifeste</strong></span> <span class='ocrx_word' id='word_1_570' title='bbox 1637 1987 1775 2014; x_wconf 86' lang='lat' dir='ltr'><strong>videretur</strong></span> 
     </span>
    </p>
   </div>
   <div class='ocr_carea' id='block_1_84' title="bbox 994 2031 1776 2068">
    <p class='ocr_par' dir='ltr' id='par_1_84' title="bbox 994 2031 1776 2068">
     <span class='ocr_line' id='line_1_84' title="bbox 994 2031 1776 2068; baseline 0.001 -9"><span class='ocrx_word' id='word_1_571' title='bbox 994 2033 1143 2065; x_wconf 87' lang='lat' dir='ltr'><strong>secundum</strong></span> <span class='ocrx_word' id='word_1_572' title='bbox 1172 2036 1262 2059; x_wconf 80' lang='lat' dir='ltr'><strong>vetera</strong></span> <span class='ocrx_word' id='word_1_573' title='bbox 1290 2031 1400 2059; x_wconf 75' lang='lat' dir='ltr'><strong>decreta</strong></span> <span class='ocrx_word' id='word_1_574' title='bbox 1429 2032 1462 2059; x_wconf 91' lang='lat' dir='ltr'><strong>ad</strong></span> <span class='ocrx_word' id='word_1_575' title='bbox 1489 2032 1685 2067; x_wconf 83' lang='lat' dir='ltr'><strong>redemptionis</strong></span> <span class='ocrx_word' id='word_1_576' title='bbox 1705 2041 1776 2068; x_wconf 83' lang='lat' dir='ltr'><strong>opus</strong></span> 
     </span>
    </p>
   </div>
   <div class='ocr_carea' id='block_1_85' title="bbox 994 2080 1109 2107">
    <p class='ocr_par' dir='ltr' id='par_1_85' title="bbox 994 2080 1109 2107">
     <span class='ocr_line' id='line_1_85' title="bbox 994 2080 1109 2107; baseline -0.009 0"><span class='ocrx_word' id='word_1_577' title='bbox 994 2080 1109 2107; x_wconf 87' lang='lat' dir='ltr'><strong>venisse.</strong></span> 
     </span>
    </p>
   </div>
   <div class='ocr_carea' id='block_1_86' title="bbox 1029 2125 1775 2160">
    <p class='ocr_par' dir='ltr' id='par_1_86' title="bbox 1029 2125 1775 2160">
     <span class='ocr_line' id='line_1_86' title="bbox 1029 2125 1775 2160; baseline -0.001 -8"><span class='ocrx_word' id='word_1_578' title='bbox 1029 2125 1175 2160; x_wconf 81' lang='lat' dir='ltr'><strong>Propterea</strong></span> <span class='ocrx_word' id='word_1_579' title='bbox 1186 2132 1296 2160; x_wconf 84' lang='lat' dir='ltr'><strong>quoque</strong></span> <span class='ocrx_word' id='word_1_580' title='bbox 1310 2125 1439 2160; x_wconf 85' lang='lat' dir='ltr'><strong>populum</strong></span> <span class='ocrx_word' id='word_1_581' title='bbox 1449 2125 1607 2153; x_wconf 88' lang='lat' dir='ltr'><strong>universum</strong></span> <span class='ocrx_word' id='word_1_582' title='bbox 1621 2125 1647 2152; x_wconf 92' lang='lat' dir='ltr'><strong>in</strong></span> <span class='ocrx_word' id='word_1_583' title='bbox 1662 2126 1775 2160; x_wconf 88' lang='lat' dir='ltr'><strong>captivi-</strong></span> 
     </span>
    </p>
   </div>
   <div class='ocr_carea' id='block_1_87' title="bbox 994 2171 1775 2206">
    <p class='ocr_par' dir='ltr' id='par_1_87' title="bbox 994 2171 1775 2206">
     <span class='ocr_line' id='line_1_87' title="bbox 994 2171 1775 2206; baseline 0 -8"><span class='ocrx_word' id='word_1_584' title='bbox 994 2176 1077 2199; x_wconf 79' lang='lat' dir='ltr'><strong>tatem</strong></span> <span class='ocrx_word' id='word_1_585' title='bbox 1098 2171 1287 2198; x_wconf 85' lang='lat' dir='ltr'><strong>abducendum</strong></span> <span class='ocrx_word' id='word_1_586' title='bbox 1311 2171 1418 2198; x_wconf 83' lang='lat' dir='ltr'><strong>curavit</strong></span> <span class='ocrx_word' id='word_1_587' title='bbox 1433 2171 1522 2205; x_wconf 44' lang='lat' dir='ltr'><strong>.Deus.</strong></span> <span class='ocrx_word' id='word_1_588' title='bbox 1542 2179 1575 2198; x_wconf 80' lang='lat' dir='ltr'><strong>ex</strong></span> <span class='ocrx_word' id='word_1_589' title='bbox 1596 2178 1682 2206; x_wconf 87' lang='lat' dir='ltr'><strong>eaque</strong></span> <span class='ocrx_word' id='word_1_590' title='bbox 1699 2179 1775 2198; x_wconf 90' lang='lat' dir='ltr'><strong>revo-</strong></span> 
     </span>
    </p>
   </div>
   <div class='ocr_carea' id='block_1_88' title="bbox 993 2215 1773 2252">
    <p class='ocr_par' dir='ltr' id='par_1_88' title="bbox 993 2215 1773 2252">
     <span class='ocr_line' id='line_1_88' title="bbox 993 2215 1773 2252; baseline -0.001 -8"><span class='ocrx_word' id='word_1_591' title='bbox 993 2217 1109 2244; x_wconf 80' lang='lat' dir='ltr'><strong>candam</strong></span> <span class='ocrx_word' id='word_1_592' title='bbox 1134 2223 1238 2251; x_wconf 81' lang='lat' dir='ltr'><strong>partem</strong></span> <span class='ocrx_word' id='word_1_593' title='bbox 1262 2217 1353 2252; x_wconf 89' lang='lat' dir='ltr'><strong>populi</strong></span> <span class='ocrx_word' id='word_1_594' title='bbox 1381 2224 1462 2251; x_wconf 87' lang='lat' dir='ltr'><strong>quam</strong></span> <span class='ocrx_word' id='word_1_595' title='bbox 1488 2217 1547 2250; x_wconf 85' lang='lat' dir='ltr'><strong>ipse</strong></span> <span class='ocrx_word' id='word_1_596' title='bbox 1567 2216 1672 2248; x_wconf 88' lang='lat' dir='ltr'><strong>voluit,</strong></span> <span class='ocrx_word' id='word_1_597' title='bbox 1693 2215 1773 2250; x_wconf 85' lang='lat' dir='ltr'><strong>cujus</strong></span> 
     </span>
    </p>
   </div>
   <div class='ocr_carea' id='block_1_89' title="bbox 994 2264 1773 2300">
    <p class='ocr_par' dir='ltr' id='par_1_89' title="bbox 994 2264 1773 2300">
     <span class='ocr_line' id='line_1_89' title="bbox 994 2264 1773 2300; baseline 0.003 -8"><span class='ocrx_word' id='word_1_598' title='bbox 994 2265 1092 2293; x_wconf 85' lang='lat' dir='ltr'><strong>deinde</strong></span> <span class='ocrx_word' id='word_1_599' title='bbox 1116 2265 1298 2300; x_wconf 86' lang='lat' dir='ltr'><strong>principatum</strong></span> <span class='ocrx_word' id='word_1_600' title='bbox 1317 2265 1371 2300; x_wconf 76' lang='lat'><strong>92</strong></span> <span class='ocrx_word' id='word_1_601' title='bbox 1386 2265 1445 2292; x_wconf 87' lang='lat' dir='ltr'><strong>sola</strong></span> <span class='ocrx_word' id='word_1_602' title='bbox 1471 2265 1559 2292; x_wconf 88' lang='lat' dir='ltr'><strong>tenuit</strong></span> <span class='ocrx_word' id='word_1_603' title='bbox 1578 2264 1653 2292; x_wconf 73' lang='lat' dir='ltr'><strong>Juda:</strong></span> <span class='ocrx_word' id='word_1_604' title='bbox 1674 2265 1773 2294; x_wconf 81' lang='lat' dir='ltr'><strong>tribus.</strong></span> 
     </span>
    </p>
   </div>
   <div class='ocr_carea' id='block_1_90' title="bbox 994 2311 1775 2346">
    <p class='ocr_par' dir='ltr' id='par_1_90' title="bbox 994 2311 1775 2346">
     <span class='ocr_line' id='line_1_90' title="bbox 994 2311 1775 2346; baseline -0.003 -8"><span class='ocrx_word' id='word_1_605' title='bbox 994 2319 1055 2346; x_wconf 73' lang='lat' dir='ltr'><strong>quae</strong></span> <span class='ocrx_word' id='word_1_606' title='bbox 1078 2312 1205 2338; x_wconf 88' lang='lat' dir='ltr'><strong>universa</strong></span> <span class='ocrx_word' id='word_1_607' title='bbox 1221 2312 1310 2338; x_wconf 83' lang='lat' dir='ltr'><strong>reditu</strong></span> <span class='ocrx_word' id='word_1_608' title='bbox 1331 2311 1414 2346; x_wconf 89' lang='lat' dir='ltr'><strong>digna</strong></span> <span class='ocrx_word' id='word_1_609' title='bbox 1432 2311 1494 2341; x_wconf 82' lang='lat' dir='ltr'><strong>fuit.</strong></span> <span class='ocrx_word' id='word_1_610' title='bbox 1515 2311 1642 2346; x_wconf 87' lang='lat' dir='ltr'><strong>quoniam</strong></span> <span class='ocrx_word' id='word_1_611' title='bbox 1666 2318 1697 2337; x_wconf 74' lang='lat' dir='ltr'><strong>ex</strong></span> <span class='ocrx_word' id='word_1_612' title='bbox 1715 2311 1775 2345; x_wconf 87' lang='lat' dir='ltr'><strong>ipsa</strong></span> 
     </span>
    </p>
   </div>
   <div class='ocr_carea' id='block_1_91' title="bbox 995 2354 1775 2384">
    <p class='ocr_par' dir='ltr' id='par_1_91' title="bbox 995 2354 1775 2384">
     <span class='ocr_line' id='line_1_91' title="bbox 995 2354 1775 2384; baseline -0.003 0"><span class='ocrx_word' id='word_1_613' title='bbox 995 2362 1108 2384; x_wconf 87' lang='lat' dir='ltr'><strong>orturus</strong></span> <span class='ocrx_word' id='word_1_614' title='bbox 1120 2361 1252 2384; x_wconf 90' lang='lat' dir='ltr'><strong>eratcum</strong></span> <span class='ocrx_word' id='word_1_615' title='bbox 1264 2364 1346 2384; x_wconf 89' lang='lat' dir='ltr'><strong>carne</strong></span> <span class='ocrx_word' id='word_1_616' title='bbox 1356 2357 1484 2384; x_wconf 81' lang='lat' dir='ltr'><strong>Christus</strong></span> <span class='ocrx_word' id='word_1_617' title='bbox 1497 2356 1629 2383; x_wconf 83' lang='lat' dir='ltr'><strong>Dominus</strong></span> <span class='ocrx_word' id='word_1_618' title='bbox 1644 2367 1650 2383; x_wconf 88' lang='grc'>;</span> <span class='ocrx_word' id='word_1_619' title='bbox 1668 2363 1729 2383; x_wconf 82' lang='lat' dir='ltr'><strong>nam</strong></span> <span class='ocrx_word' id='word_1_620' title='bbox 1740 2354 1775 2382; x_wconf 77' lang='lat' dir='ltr'><strong>de</strong></span> 
     </span>
    </p>
   </div>
   <div class='ocr_carea' id='block_1_92' title="bbox 996 2401 1775 2436">
    <p class='ocr_par' dir='ltr' id='par_1_92' title="bbox 996 2401 1775 2436">
     <span class='ocr_line' id='line_1_92' title="bbox 996 2401 1775 2436; baseline 0.001 -9"><span class='ocrx_word' id='word_1_621' title='bbox 996 2402 1109 2436; x_wconf 85' lang='lat' dir='ltr'><strong>reliquis</strong></span> <span class='ocrx_word' id='word_1_622' title='bbox 1132 2402 1258 2429; x_wconf 87' lang='lat' dir='ltr'><strong>tribubus</strong></span> <span class='ocrx_word' id='word_1_623' title='bbox 1282 2402 1361 2436; x_wconf 86' lang='lat' dir='ltr'><strong>pauci</strong></span> <span class='ocrx_word' id='word_1_624' title='bbox 1383 2409 1397 2428; x_wconf 91' lang='lat' dir='ltr'><strong>e</strong></span> <span class='ocrx_word' id='word_1_625' title='bbox 1419 2402 1533 2436; x_wconf 77' lang='lat' dir='ltr'><strong>singulis</strong></span> <span class='ocrx_word' id='word_1_626' title='bbox 1556 2401 1706 2428; x_wconf 90' lang='lat' dir='ltr'><strong>redierunt.</strong></span> <span class='ocrx_word' id='word_1_627' title='bbox 1729 2401 1775 2428; x_wconf 91' lang='lat' dir='ltr'><strong>Sic</strong></span> 
     </span>
    </p>
   </div>
   <div class='ocr_carea' id='block_1_93' title="bbox 995 2445 1774 2480">
    <p class='ocr_par' dir='ltr' id='par_1_93' title="bbox 995 2445 1774 2480">
     <span class='ocr_line' id='line_1_93' title="bbox 995 2445 1774 2480; baseline 0 -8"><span class='ocrx_word' id='word_1_628' title='bbox 995 2447 1067 2473; x_wconf 89' lang='lat' dir='ltr'><strong>enim</strong></span> <span class='ocrx_word' id='word_1_629' title='bbox 1086 2451 1143 2472; x_wconf 90' lang='lat' dir='ltr'><strong>tum</strong></span> <span class='ocrx_word' id='word_1_630' title='bbox 1157 2454 1173 2473; x_wconf 95' lang='lat' dir='ltr'><strong>e</strong></span> <span class='ocrx_word' id='word_1_631' title='bbox 1196 2446 1364 2480; x_wconf 73' lang='lat' dir='ltr'><strong>captivitate.</strong></span> <span class='ocrx_word' id='word_1_632' title='bbox 1387 2451 1443 2472; x_wconf 88' lang='lat' dir='ltr'><strong>tum</strong></span> <span class='ocrx_word' id='word_1_633' title='bbox 1461 2454 1476 2473; x_wconf 87' lang='lat' dir='ltr'><strong>e</strong></span> <span class='ocrx_word' id='word_1_634' title='bbox 1494 2445 1580 2472; x_wconf 88' lang='lat' dir='ltr'><strong>reditu</strong></span> <span class='ocrx_word' id='word_1_635' title='bbox 1602 2445 1651 2472; x_wconf 82' lang='lat' dir='ltr'><strong>hac</strong></span> <span class='ocrx_word' id='word_1_636' title='bbox 1669 2446 1774 2472; x_wconf 83' lang='lat' dir='ltr'><strong>ratione</strong></span> 
     </span>
    </p>
   </div>
   <div class='ocr_carea' id='block_1_94' title="bbox 995 2491 1776 2527">
    <p class='ocr_par' dir='ltr' id='par_1_94' title="bbox 995 2491 1776 2527">
     <span class='ocr_line' id='line_1_94' title="bbox 995 2491 1776 2527; baseline 0.001 -9"><span class='ocrx_word' id='word_1_637' title='bbox 995 2496 1091 2518; x_wconf 88' lang='lat' dir='ltr'><strong>curato</strong></span> <span class='ocrx_word' id='word_1_638' title='bbox 1120 2492 1324 2527; x_wconf 79' lang='lat' dir='ltr'><strong>patel‘aciendus</strong></span> <span class='ocrx_word' id='word_1_639' title='bbox 1344 2496 1403 2518; x_wconf 86' lang='lat' dir='ltr'><strong>erat</strong></span> <span class='ocrx_word' id='word_1_640' title='bbox 1430 2491 1527 2519; x_wconf 65' lang='lat' dir='ltr'><strong>divina:</strong></span> <span class='ocrx_word' id='word_1_641' title='bbox 1547 2493 1622 2519; x_wconf 87' lang='lat' dir='ltr'><strong>circa</strong></span> <span class='ocrx_word' id='word_1_642' title='bbox 1647 2493 1776 2526; x_wconf 83' lang='lat' dir='ltr'><strong>populum</strong></span> 
     </span>
    </p>
   </div>
   <div class='ocr_carea' id='block_1_95' title="bbox 996 2538 1776 2574">
    <p class='ocr_par' dir='ltr' id='par_1_95' title="bbox 996 2538 1776 2574">
     <span class='ocr_line' id='line_1_95' title="bbox 996 2538 1776 2574; baseline 0 -9"><span class='ocrx_word' id='word_1_643' title='bbox 996 2538 1178 2566; x_wconf 78' lang='lat' dir='ltr'><strong>Providentia:</strong></span> <span class='ocrx_word' id='word_1_644' title='bbox 1194 2546 1304 2573; x_wconf 86' lang='lat' dir='ltr'><strong>scopus,</strong></span> <span class='ocrx_word' id='word_1_645' title='bbox 1321 2538 1377 2565; x_wconf 63' lang='lat' dir='ltr'><strong>haec</strong></span> <span class='ocrx_word' id='word_1_646' title='bbox 1392 2539 1484 2565; x_wconf 87' lang='lat' dir='ltr'><strong>omnia</strong></span> <span class='ocrx_word' id='word_1_647' title='bbox 1498 2539 1647 2574; x_wconf 81' lang='lat' dir='ltr'><strong>satagentis</strong></span> <span class='ocrx_word' id='word_1_648' title='bbox 1665 2541 1776 2573; x_wconf 87' lang='lat' dir='ltr'><strong>propter</strong></span> 
     </span>
    </p>
   </div>
   <div class='ocr_carea' id='block_1_96' title="bbox 997 2583 1775 2612">
    <p class='ocr_par' dir='ltr' id='par_1_96' title="bbox 997 2583 1775 2612">
     <span class='ocr_line' id='line_1_96' title="bbox 997 2583 1775 2612; baseline -0.003 0"><span class='ocrx_word' id='word_1_649' title='bbox 997 2585 1060 2612; x_wconf 88' lang='lat' dir='ltr'><strong>inde</strong></span> <span class='ocrx_word' id='word_1_650' title='bbox 1082 2589 1224 2612; x_wconf 85' lang='lat' dir='ltr'><strong>venturum</strong></span> <span class='ocrx_word' id='word_1_651' title='bbox 1240 2583 1404 2611; x_wconf 89' lang='lat' dir='ltr'><strong>universalis</strong></span> <span class='ocrx_word' id='word_1_652' title='bbox 1420 2584 1518 2611; x_wconf 87' lang='lat' dir='ltr'><strong>salutis</strong></span> <span class='ocrx_word' id='word_1_653' title='bbox 1540 2589 1678 2611; x_wconf 85' lang='lat' dir='ltr'><strong>auctorem</strong></span> <span class='ocrx_word' id='word_1_654' title='bbox 1696 2584 1775 2611; x_wconf 87' lang='lat' dir='ltr'><strong>Chri—</strong></span> 
     </span>
    </p>
   </div>
   <div class='ocr_carea' id='block_1_97' title="bbox 997 2628 1774 2664">
    <p class='ocr_par' dir='ltr' id='par_1_97' title="bbox 997 2628 1774 2664">
     <span class='ocr_line' id='line_1_97' title="bbox 997 2628 1774 2664; baseline -0.003 -7"><span class='ocrx_word' id='word_1_655' title='bbox 997 2635 1079 2658; x_wconf 85' lang='lat' dir='ltr'><strong>stum.</strong></span> <span class='ocrx_word' id='word_1_656' title='bbox 1097 2628 1210 2663; x_wconf 77' lang='lat' dir='ltr'><strong>Ergone</strong></span> <span class='ocrx_word' id='word_1_657' title='bbox 1232 2629 1318 2656; x_wconf 64' lang='lat' dir='ltr'><strong>Judaei</strong></span> <span class='ocrx_word' id='word_1_658' title='bbox 1340 2629 1524 2664; x_wconf 85' lang='lat' dir='ltr'><strong>captivitatem</strong></span> <span class='ocrx_word' id='word_1_659' title='bbox 1550 2629 1622 2656; x_wconf 91' lang='lat' dir='ltr'><strong>illam</strong></span> <span class='ocrx_word' id='word_1_660' title='bbox 1643 2629 1774 2664; x_wconf 88' lang='lat' dir='ltr'><strong>perpessi,</strong></span> 
     </span>
    </p>
   </div>
   <div class='ocr_carea' id='block_1_98' title="bbox 997 2674 1775 2711">
    <p class='ocr_par' dir='ltr' id='par_1_98' title="bbox 997 2674 1775 2711">
     <span class='ocr_line' id='line_1_98' title="bbox 997 2674 1775 2711; baseline -0.004 -8"><span class='ocrx_word' id='word_1_661' title='bbox 997 2684 1045 2711; x_wconf 87' lang='lat' dir='ltr'><strong>spe</strong></span> <span class='ocrx_word' id='word_1_662' title='bbox 1061 2676 1135 2703; x_wconf 88' lang='lat' dir='ltr'><strong>omni</strong></span> <span class='ocrx_word' id='word_1_663' title='bbox 1151 2674 1286 2710; x_wconf 82' lang='lat' dir='ltr'><strong>deposita.</strong></span> <span class='ocrx_word' id='word_1_664' title='bbox 1301 2674 1534 2703; x_wconf 82' lang='lat' dir='ltr'><strong>confunderentur</strong></span> <span class='ocrx_word' id='word_1_665' title='bbox 1549 2675 1692 2710; x_wconf 81' lang='lat' dir='ltr'><strong>gentibus;</strong></span> <span class='ocrx_word' id='word_1_666' title='bbox 1708 2674 1775 2701; x_wconf 84' lang='lat' dir='ltr'><strong>sibi-</strong></span> 
     </span>
    </p>
   </div>
   <div class='ocr_carea' id='block_1_99' title="bbox 1000 2720 1776 2757">
    <p class='ocr_par' dir='ltr' id='par_1_99' title="bbox 1000 2720 1776 2757">
     <span class='ocr_line' id='line_1_99' title="bbox 1000 2720 1776 2757; baseline -0.005 -8"><span class='ocrx_word' id='word_1_667' title='bbox 1000 2729 1052 2757; x_wconf 90' lang='lat' dir='ltr'><strong>que</strong></span> <span class='ocrx_word' id='word_1_668' title='bbox 1062 2721 1188 2756; x_wconf 84' lang='lat' dir='ltr'><strong>patriam,</strong></span> <span class='ocrx_word' id='word_1_669' title='bbox 1199 2725 1245 2748; x_wconf 87' lang='lat' dir='ltr'><strong>aut</strong></span> <span class='ocrx_word' id='word_1_670' title='bbox 1254 2721 1370 2749; x_wconf 89' lang='lat' dir='ltr'><strong>reditum</strong></span> <span class='ocrx_word' id='word_1_671' title='bbox 1384 2720 1417 2748; x_wconf 91' lang='lat' dir='ltr'><strong>ad</strong></span> <span class='ocrx_word' id='word_1_672' title='bbox 1429 2720 1513 2752; x_wconf 83' lang='lat' dir='ltr'><strong>illam,</strong></span> <span class='ocrx_word' id='word_1_673' title='bbox 1526 2720 1597 2747; x_wconf 87' lang='lat' dir='ltr'><strong>haud</strong></span> <span class='ocrx_word' id='word_1_674' title='bbox 1612 2720 1667 2754; x_wconf 87' lang='lat' dir='ltr'><strong>jam</strong></span> <span class='ocrx_word' id='word_1_675' title='bbox 1680 2727 1776 2754; x_wconf 82' lang='lat' dir='ltr'><strong>super—</strong></span> 
     </span>
    </p>
   </div>
   <div class='ocr_carea' id='block_1_100' title="bbox 1000 2766 1775 2799">
    <p class='ocr_par' dir='ltr' id='par_1_100' title="bbox 1000 2766 1775 2799">
     <span class='ocr_line' id='line_1_100' title="bbox 1000 2766 1775 2799; baseline -0.005 -4"><span class='ocrx_word' id='word_1_676' title='bbox 1000 2775 1060 2795; x_wconf 85' lang='lat' dir='ltr'><strong>esse</strong></span> <span class='ocrx_word' id='word_1_677' title='bbox 1078 2767 1236 2799; x_wconf 86' lang='lat' dir='ltr'><strong>crederent;</strong></span> <span class='ocrx_word' id='word_1_678' title='bbox 1261 2774 1329 2794; x_wconf 88' lang='lat' dir='ltr'><strong>neve</strong></span> <span class='ocrx_word' id='word_1_679' title='bbox 1348 2775 1404 2794; x_wconf 75' lang='lat' dir='ltr'><strong>sua:</strong></span> <span class='ocrx_word' id='word_1_680' title='bbox 1421 2767 1455 2794; x_wconf 88' lang='lat' dir='ltr'><strong>ab</strong></span> <span class='ocrx_word' id='word_1_681' title='bbox 1471 2766 1588 2795; x_wconf 86' lang='lat' dir='ltr'><strong>ethnicis</strong></span> <span class='ocrx_word' id='word_1_682' title='bbox 1612 2766 1775 2793; x_wconf 79' lang='lat' dir='ltr'><strong>secretionis</strong></span> 
     </span>
    </p>
   </div>
   <div class='ocr_carea' id='block_1_101' title="bbox 999 2809 1775 2848">
    <p class='ocr_par' dir='ltr' id='par_1_101' title="bbox 999 2809 1775 2848">
     <span class='ocr_line' id='line_1_101' title="bbox 999 2809 1775 2848; baseline -0.008 -7"><span class='ocrx_word' id='word_1_683' title='bbox 999 2813 1239 2847; x_wconf 79' lang='lat' dir='ltr'><strong>obliviscerentur;</strong></span> <span class='ocrx_word' id='word_1_684' title='bbox 1265 2813 1329 2840; x_wconf 90' lang='lat' dir='ltr'><strong>olim</strong></span> <span class='ocrx_word' id='word_1_685' title='bbox 1346 2821 1392 2841; x_wconf 90' lang='lat' dir='ltr'><strong>ore</strong></span> <span class='ocrx_word' id='word_1_686' title='bbox 1413 2812 1606 2848; x_wconf 81' lang='lat' dir='ltr'><strong>prophetarum</strong></span> <span class='ocrx_word' id='word_1_687' title='bbox 1626 2815 1684 2838; x_wconf 89' lang='lat' dir='ltr'><strong>tum</strong></span> <span class='ocrx_word' id='word_1_688' title='bbox 1701 2809 1775 2836; x_wconf 81' lang='lat' dir='ltr'><strong>futu-</strong></span> 
     </span>
    </p>
   </div>
  </div>
