1973 3066
172 123 227 150 TIS

697 128 968 158 COMMENTARIUS
978 129 1011 158 IN
1029 130 1223 160 AMOSI’CAP.
1239 132 1259 160 I.

1738 134 1790 164 ειο

173 181 199 207 οἱ
214 180 261 229 τοῦ
285 182 393 218 Ἰσραὴλ
419 184 468 216 τὰς
491 185 603 218 Θυσίας·
623 188 652 213 ἐν
675 187 791 224 μὲνγὰρ
805 190 839 224 τῇ
866 189 963 224 Ἰερου-

1014 189 1080 217 Nam
1099 191 1121 217 si
1140 190 1334 227 Hierosolymis
1353 193 1519 220 vaticinatus
1535 197 1618 225 esset,
1639 200 1682 220 res
1702 201 1790 229 neque

175 227 267 263 σαλὴμ
282 230 472 264 προφητεύων,
489 231 539 258 οὐκ
551 231 585 259 ἄν
608 233 716 266 ἐγένετο
730 233 817 269 δῆλος,
839 233 902 261 οὔτε
921 235 959 270 τῷ

181 272 289 308 Ἰσραὴλ
316 274 376 301 οὗτε
404 277 457 308 τοῖς
483 277 585 307 λοιποῖς
607 278 723 311 ἔθνεσιν,
745 280 788 314 ἐφ’
801 277 842 312 οἷς
857 281 959 316 ἤμελλε

174 317 265 352 λέγειν
286 320 351 355 περὶ
378 321 483 348 αὐτῶν·
503 324 564 350 ἐπεὶ
588 324 655 359 μηδέ
675 325 824 352 ἐπιϐαίνειν
844 327 894 361 τῆς
912 326 960 352 Ἱε-

177 365 317 401 ρουσαλὴμ
330 367 452 402 ἠνείχετό
466 377 506 401 τις
525 369 652 397 ἐκείνων·
667 371 696 398 ἐν
714 371 742 398 δὲ
758 372 814 403 τοῖς
836 373 959 408 προρῥη-

176 410 244 438 θεῖσι
264 412 356 444 τόποις
375 413 424 448 τὴν
443 416 609 451 προφητείαν
619 416 788 452 ποιούμενος,
805 417 960 452 ἀναγκαίως

176 457 224 482 καὶ
235 456 275 492 τῷ
299 458 405 494 Ἰσραὴλ
415 461 572 496 καταφανὴς
585 459 619 497 ἦν
635 461 681 488 καὶ
697 463 754 493 τοῖς
768 462 872 489 ἔθνεσιν
887 462 914 489 οἵ
927 471 959 497 γε

176 501 291 538 πλησίον
304 502 372 540 ἦσαν
383 514 390 520 -
407 507 454 532 καὶ
470 507 598 538 πολλάκις
617 507 649 534 ἐκ
667 508 717 543 τῆς
735 508 800 543 περὶ
817 508 851 535 τὰ
863 507 960 534 εἴδωλα

177 546 327 583 Θεραπείας
348 549 527 584 ἐπεμίγνυντο
551 551 690 587 ἀλλήλοις·
716 553 753 584 ὡς
777 552 809 579 ἂν
829 552 958 584 ἅπαντες,

177 594 242 629 περὶ
254 591 289 621 ὧν
301 596 363 627 τοὺς
378 595 472 631 λόγους
481 598 606 631 ἐποιεῖτο,
621 597 715 625 εἰδεῖέν
728 606 757 624 τε
775 598 810 624 τὰ
831 598 895 633 περὶ
911 598 960 625 αὑ-

176 640 232 666 τῶν
254 641 397 677 λεγόμενα,
419 644 464 669 καὶ
483 644 537 679 πρὸ
558 644 612 671 τῶν
631 645 802 680 πραγμάτων
820 643 959 678 δεξάμενοι

1012 235 1105 263 lsraeli
1119 236 1297 271 iunotuisset,
1311 245 1400 273 neque
1419 238 1526 273 populis
1540 238 1664 273 reliquis,
1676 238 1710 266 de
1729 240 1791 273 qui-

1011 280 1063 308 bus
1073 285 1132 308 erat
1145 282 1224 309 verba
1236 282 1357 310 facturus
1369 292 1376 312 :
1387 291 1502 318 quorum
1514 291 1593 310 nemo
1605 283 1790 319 Hierosolyma

1012 328 1145 356 ventitare
1169 329 1271 356 solebat
1291 339 1297 356 :
1317 329 1372 366 9‘.
1391 331 1528 365 przediclis
1549 335 1646 357 contra
1670 331 1697 357 in
1723 331 1791 357 locis

1013 373 1185 405 vaticinans.
1211 376 1366 403 necessario
1392 381 1449 403 tum
1473 376 1564 403 Israeli
1588 380 1644 403 tum
1668 376 1789 403 ﬁnitimis

1012 418 1129 446 ethnicis
1154 420 1348 452 inuotescebat,
1377 421 1423 456 qui
1439 429 1510 456 saepe
1528 421 1562 448 ob
1579 422 1712 448 idolorum
1733 423 1789 448 cul-

1012 467 1069 490 tum
1094 464 1208 492 invicem
1232 466 1449 500 frequentabant.
1478 466 1524 494 Sic
1550 467 1653 498 cuncti,
1675 475 1788 501 quorum

1013 515 1096 536 causa
1114 517 1254 538 sermones
1273 513 1392 542 serebat.
1404 517 1431 540 et
1446 520 1477 539 ea
1497 519 1556 547 qua;
1571 512 1605 539 de
1619 520 1649 540 se
1665 513 1792 539 dicebau-

1012 560 1057 581 tur
1073 556 1245 592 resciebant;
1262 560 1424 594 cognitoque
1441 564 1504 586 ante
1518 567 1562 586 res
1577 559 1710 593 gerendas
1723 560 1788 586 vati-
1846 573 1849 575 -

1012 601 1095 633 cinio,
1122 610 1239 638 moxque
1253 604 1313 632 viso
1336 605 1421 636 exitu,
1442 604 1588 631 ﬁrmiorem
1610 603 1687 630 ﬁdem
1708 604 1791 638 inspi—

1014 648 1085 675 ranti
1101 650 1248 684 prophetas
1261 650 1359 678 divinae
1373 652 1465 685 gratiae
1480 649 1628 678 adhibituri
1643 653 1731 677 erant.

177 686 228 721 τὴν
249 687 425 722 προφητείαν,
437 687 552 722 ἐγγύθεν
570 696 600 715 τε
623 688 723 720 ἰδόντες
740 688 791 723 τὴν
814 688 936 721 ἑκϐασιν,
958 687 1067 723 μείζονα
1088 693 1137 728 τὴν
1159 694 1250 722 πίστιν
1264 695 1349 730 ἔχοιεν
1368 697 1418 731 τῆς
1433 695 1595 731 ἐνεργούσης
1609 696 1638 722 ὲν
1656 696 1711 726 τοῖς
1727 703 1792 730 προ·

179 734 277 769 φήταις
292 735 401 770 χάριτος
416 735 500 767 θείας.

216 808 252 835 Τὸ
263 807 353 843 μέντοι
363 816 394 841 γε
405 807 481 843 παρά
489 816 568 834 τινων
583 807 738 843 λεγόμενον,
748 809 789 835 ὅτι
812 807 858 839 ’οζ
861 807 903 833 ίαν
912 805 958 832 τὺν

1044 807 1100 842 Age
1123 816 1187 836 vero
1208 809 1281 844 quod
1303 810 1380 838 aiunt
1406 810 1541 841 nonnulli,
1558 809 1651 838 Oziam
1667 818 1757 846 regem
1776 818 1791 838 a

181 854 291 890 βασιλέα
304 855 354 881 οὐκ
365 853 480 889 ἤλεγξαν
491 855 516 881 οἱ
533 855 670 890 προφῆται
685 855 740 886 τοῖς
751 853 801 888 τῆς
811 852 960 889 ἱερωσύνης

179 900 272 936 ἔργοις
284 899 485 936 ἐπιχειροῦντα,
497 900 595 927 καὶ-διὰ
606 899 708 935 ταύτην
716 900 766 935 τὴν
779 899 869 926 αἰτίαν
879 897 959 925 ἐπαύ-

179 946 265 981 θησαν
276 946 392 977 ᾶπαντες
401 945 448 972 τοῦ
466 945 657 982 προφητεύειν,
669 946 707 980 (p.
722 945 783 980 H5)
795 945 895 980 σφόδρα
915 953 961 980 μοι

181 992 300 1028 μυθῶδες
315 990 385 1020 εἷναι
404 992 526 1027 φαίνεται
541 992 640 1027 μᾶλλον
650 1000 657 1008 ”
675 992 692 1027 ἦ
703 1000 733 1018 τε
750 991 804 1027 γὰρ
817 992 865 1018 τοῦ
881 991 961 1026 Ὠσηέ

181 1037 270 1073 βίϐλος
279 1037 364 1070 οὕτως
381 1037 437 1074 ἔχει
448 1047 454 1054 ·
476 1048 486 1064 ι
503 1038 588 1072 Λόγος
607 1038 709 1074 Κυρίου
723 1038 753 1070 ὃς
767 1037 882 1073 ἐγενήθη
893 1037 961 1073 πρὸς

187 1084 266 1119 Ὠσηὲ
282 1085 327 1111 τὸν
345 1084 392 1111 τοῦ
414 1085 497 1120 Βεηρὶ
516 1085 546 1112 ιν
563 1084 679 1120 ἡμέραις
703 1084 801 1117 Ὀζίου,
825 1094 835 1110 ι
859 1084 906 1110 καὶ
926 1083 961 1110 τὰ

181 1129 260 1164 έξῆς’
281 1130 356 1165 παρὰ
384 1130 481 1165 Ἡσαΐᾳ
502 1139 531 1157 τε
555 1129 594 1166 τῷ
613 1131 738 1166 προφήτῃ
756 1129 842 1162 οὕτως
861 1130 959 1165 φησίν·

184 1184 194 1200 ι
217 1176 329 1210 Ὀρασις
343 1176 376 1210 ῆν
385 1173 453 1202 εἶδεν
468 1176 580 1207 Ἡσαΐας
594 1175 650 1207 υἰδς
665 1175 766 1210 Ἀμὼς,
781 1176 814 1210 ἢν
825 1174 877 1202 εἶδε
891 1175 961 1202 κατὰ

179 1220 230 1254 τῆς
258 1220 387 1251 Ἰουδαίας
412 1221 458 1247 καὶ
482 1220 552 1248 κατὰ
582 1220 756 1256 Ἰερουσαλὴμ
779 1221 808 1247 ὲν
839 1219 962 1255 βασιλεία

188 1266 286 1298 Ὁζίου.
302 1277 310 1293 ι
327 1267 373 1294 καὶ
389 1267 423 1294 τὰ
432 1267 494 1302 ἑξῆς
504 1276 510 1282 ·
525 1267 571 1294 καὶ
588 1266 662 1302 παρὰ
673 1266 711 1302 τῷ
723 1266 836 1301 παρόντι
853 1265 881 1292 δὲ
893 1274 961 1300 προ-

182 1313 254 1348 φήτῃ
265 1313 336 1340 οὕτω
347 1313 428 1348 φησίν
437 1322 445 1330 ·
459 1323 469 1339 ι
484 1313 564 1348 Λόγοι
583 1312 673 1348 ’Δμὼς
690 1313 714 1339 οἳ
726 1312 848 1346 ἐγένοντο
861 1312 888 1338 ὲν
906 1312 962 1338 Κα-

182 1358 314 1394 ριαθαρὶμ
331 1360 362 1386 ἐκ
383 1359 493 1391 Θεκοὺε,
516 1358 562 1391 οὒς
579 1356 648 1385 εἶδεν
666 1358 712 1384 ἐπὶ
736 1357 913 1394 Ἰερουσαλὴμ
933 1358 963 1384 ὲν

180 1403 297 1439 ἡμέραις
320 1404 407 1436 ὀζίου
426 1403 556 1439 βασιλέως
578 1403 670 1430 Ἰούδα.
691 1413 700 1429 ι
722 1402 784 1434 Πῶς
801 1401 847 1429 οὖν
862 1399 916 1428 οἶόν
934 1411 963 1428 τε

181 1448 215 1485 ἦν
234 1451 262 1476 ἐν
278 1450 338 1481 ταῖς
358 1450 479 1485 ἡμέραις
499 1449 587 1482 Ὀζίου
607 1449 764 1476 πεπαῦσθαι
783 1449 833 1484 τῆς
857 1458 963 1484 προφη-

180 1495 256 1526 τείας
279 1495 340 1521 κατ¹
364 1495 476 1522 ἐκείνων
502 1494 596 1528 λόγον,
624 1494 703 1521 ὁπότε
731 1495 778 1521 καὶ
811 1495 889 1530 Ὠσηὲ
916 1495 964 1521 καὶ

187 1541 300 1572 Ἡσαΐας
313 1540 359 1568 καὶ
381 1540 470 1576 Ἀμὼς
487 1542 514 1568 ἐν
532 1543 590 1572 ταῖς
605 1541 770 1576 ἐπιγραφαῖς
788 1541 842 1567 τῶν
856 1540 964 1568 οἰκείων

182 1587 281 1622 βίϐλων
288 1586 429 1623 δηλοῦνται
454 1588 483 1614 ἐν
498 1587 613 1623 ἡμέραις
630 1587 717 1618 Ὀζίου
729 1586 905 1622 πεποιημένοι
915 1586 964 1622 τὴν

183 1633 363 1667 προφητείαν;
378 1633 451 1668 Πρὸς
468 1632 507 1668 τῷ
528 1633 638 1660 κάκεῖνο
654 1632 732 1668 δῆλον
748 1631 828 1666 εῖναι,
842 1633 883 1659 ὅτι
902 1632 963 1659 οὔτε

183 1677 252 1704 κατὰ
267 1677 317 1712 τὴν
334 1678 520 1713 πνευματικὴν
543 1678 711 1713 ἀποκάλυψιν
730 1678 838 1712 ἐλέγξαι
860 1678 964 1705 κελευό-

184 1732 261 1758 μενοι
270 1723 316 1750 τδν
341 1724 442 1757 Ὀζίαν,
460 1724 636 1752 ἀνεϐάλλοντο
648 1726 681 1752 άν
698 1733 762 1751 ποτε
775 1725 800 1751 οἱ
813 1725 963 1761 προφῆται,

183 1769 243 1799 ταῖς
259 1767 346 1800 θείαις
370 1768 555 1804 ἁποκαλύψεσι
576 1769 730 1804 πειθόμενοι
742 1769 852 1805 μᾶλλον,
871 1770 887 1805 ἦ
919 1770 964 1796 τὸν

183 1813 394 1848 πλημμελοῦντα
403 1813 556 1848 αἰδούμενοι
565 1814 677 1849 βασιλέα
689 1823 695 1829 ·
713 1815 750 1850 μὴ
762 1815 920 1849 τετυχηκόσι
934 1823 965 1841 τε

184 1860 252 1894 πρὸς
278 1859 356 1886 τοῦτο
380 1860 587 1895 ἀποκαλύψεως
605 1860 692 1892 οὐδεὶς
718 1860 751 1888 ἂν
775 1854 911 1896 μέμψαιτο
929 1860 965 1888 δι-

184 1905 278 1938 καίως,
297 1907 346 1933 οὐκ
361 1907 580 1942 ἐπικεχειρηκόσι
597 1907 740 1942 πράγματι
757 1907 793 1942 μὴ
814 1906 843 1939 ἐξ
861 1907 964 1934 ἀποκα-

184 1951 289 1985 λύψεως
307 1951 383 1984 θείας
409 1952 501 1984 αὐτοῖς
521 1951 670 1988 δειχθέντι,
697 1953 724 1979 οἵ
748 1961 778 1986 γε
796 1952 839 1979 διὰ
858 1953 964 1980 πάντων

184 1997 325 2024 εἰώθεισαν
343 1999 403 2030 ταῖς
427 2000 624 2033 πνευματικαῖς
643 1998 844 2033 ἀποκαλύψεων
863 1998 964 2033 ἑπόμε-

185 2051 235 2075 νοι,
257 2044 315 2070 κατ’
333 2043 440 2075 ἐκείνας
459 2043 508 2078 μὲν
526 2043 572 2070 καὶ
588 2043 678 2077 λέγειν
694 2052 721 2070 τι
736 2043 783 2070 καὶ
806 2043 842 2079 μὴ
861 2043 963 2077 λέγειν·

185 2089 251 2124 παρ’
265 2089 370 2121 ἐκείνας
386 2089 414 2115 δὲ
429 2089 497 2125 μήτε
512 2089 600 2122 λέγειν
611 2089 678 2124 μήτε
698 2089 775 2124 σιγᾷν
787 2089 836 2115 οὐκ
852 2088 884 2115 ἄν
900 2088 964 2115 ποτέ

1010 852 1150 887 prophetis
1174 854 1368 889 reprehensum
1390 862 1443 882 non
1469 855 1554 883 fuisse
1569 864 1632 883 cum
1647 855 1791 883 sacerdotii

1011 907 1122 927 munera
1137 900 1214 928 obire
1225 908 1308 929 ausus
1322 904 1378 935 est;
1390 905 1472 937 atque
1482 901 1516 929 ob
1529 909 1588 928 eam
1602 909 1713 929 causam
1728 909 1791 936 pro-

1010 943 1146 978 pheticum
1162 946 1286 980 spiritum
1307 947 1414 974 cunctis
1431 954 1491 974 esse
1506 947 1694 980 subtractum;
1710 947 1791 974 valde

1010 988 1037 1016 id
1052 989 1116 1016 mihi
1134 990 1287 1018 fabulosum
1300 991 1418 1019 videtur.
1439 991 1506 1019 Nam
1523 997 1550 1020 et
1571 991 1646 1020 Osca:
1664 993 1732 1020 liber
1751 994 1791 1021 sic

1011 1035 1092 1063 habet
1119 1046 1153 1063 ιι
1177 1036 1295 1065 Verbum
1321 1037 1430 1066 Domini
1457 1038 1530 1074 quod
1557 1039 1659 1067 factum
1689 1044 1731 1067 est
1757 1040 1786 1066 ad

1011 1080 1108 1108 Oscam
1130 1082 1204 1111 Beeri
1226 1083 1309 1110 ﬁlium
1333 1084 1362 1111 in
1381 1084 1477 1113 diebus
1493 1084 1582 1118 Oziae,
1605 1095 1614 1112 ι
1633 1090 1660 1113 et
1675 1086 1779 1121 reliqua

1011 1126 1079 1154 Tum
1095 1128 1166 1163 apud
1184 1129 1280 1156 Isaiam
1300 1130 1457 1164 prophetam
1482 1133 1523 1159 sic
1541 1131 1642 1159 dicitur
1660 1140 1666 1158 :
1688 1141 1696 1156 ι
1715 1131 1791 1159 Visio

1011 1173 1100 1199 oblata
1134 1173 1211 1201 Isaia:
1234 1175 1326 1203 Amosi
1349 1175 1425 1209 ﬁlio,
1454 1185 1535 1212 quam
1567 1182 1663 1205 contra
1691 1177 1789 1205 Judatu

1012 1219 1160 1254 urbemque
1177 1219 1424 1256 Hierosolymorum
1438 1223 1516 1256 vidit,
1535 1223 1587 1251 sub
1600 1222 1665 1250 Ozia
1681 1231 1755 1258 rege,
1780 1233 1789 1248 ι

1011 1269 1038 1292 et
1062 1266 1175 1301 reliqua.
1207 1266 1240 1293 Et
1268 1268 1394 1302 praesenti
1419 1268 1445 1295 in
1477 1269 1547 1296 libro
1570 1269 1687 1304 denique
1714 1271 1754 1297 sic
1782 1278 1789 1296 :

1015 1321 1024 1336 ε
1043 1310 1188 1340 Sermones
1208 1312 1314 1345 Amosi,
1335 1313 1382 1348 qui
1402 1313 1466 1341 facti
1484 1319 1549 1342 sunt
1563 1315 1590 1342 in
1610 1316 1791 1342 Cariatharim

1011 1355 1045 1383 de
1059 1355 1180 1388 Thecue,
1196 1365 1266 1392 quos
1279 1358 1344 1385 vidit
1359 1366 1440 1393 super
1452 1358 1645 1395 Hierosolymis
1655 1360 1683 1387 in
1697 1361 1793 1388 diebus

1013 1401 1085 1429 Ozias
1107 1401 1184 1430 Judze
1208 1404 1291 1438 regis.
1310 1413 1320 1430 ι
1338 1404 1390 1437 Qui
1414 1405 1497 1439 igitur
1519 1404 1575 1432 ﬁeri
1601 1409 1699 1440 potest,
1714 1410 1744 1433 ut
1765 1406 1791 1432 iu

1014 1448 1087 1477 Ozia'.
1103 1449 1199 1477 diebus
1215 1449 1354 1478 divinandi
1371 1451 1414 1478 vis
1427 1451 1567 1486 prophetis
1588 1454 1680 1485 erepta
1701 1449 1791 1484 fuerit,

1014 1495 1241 1528 quemadmodum
1270 1496 1384 1524 istorum
1411 1497 1589 1532 interpretum
1611 1497 1704 1531 opinio
1723 1498 1792 1530 fert;

1014 1539 1147 1572 siquidem
1168 1544 1194 1568 et
1209 1539 1295 1568 Oseas
1310 1544 1338 1568 et
1360 1541 1444 1569 Isaias
1460 1545 1487 1569 et
1501 1542 1618 1568 Amosus
1634 1542 1660 1568 in
1677 1549 1792 1568 suorum

1014 1586 1146 1613 librorum
1172 1586 1269 1616 titulis.
1282 1594 1311 1614 se
1331 1587 1358 1614 in
1380 1587 1477 1615 diebus
1495 1587 1567 1614 Ozias
1589 1587 1793 1622 prophetavisso

1013 1631 1170 1659 declarant?
1198 1631 1267 1659 Tum
1298 1640 1362 1659 vero
1385 1633 1552 1668 exploratum
1575 1637 1628 1664 est.
1656 1632 1679 1661 si
1701 1632 1794 1660 divina

1014 1676 1086 1705 forte
1109 1677 1276 1705 revelatioue
1302 1678 1439 1713 prophetat
1459 1678 1529 1713 jussi
1555 1677 1670 1706 fuissent
1700 1677 1793 1706 Oxiam

1014 1723 1159 1758 castigare.
1174 1731 1345 1759 nequaquam
1365 1724 1391 1751 id
1405 1723 1491 1752 fuisse
1505 1730 1690 1757 recusaturos,
1703 1724 1794 1752 divino

1014 1769 1106 1803 potius
1132 1768 1229 1795 lumini
1254 1769 1485 1804 obtemperantes.
1513 1776 1595 1804 quam
1622 1774 1792 1803 peccatore":

1015 1820 1104 1848 regem
1122 1817 1278 1842 reverentes
1296 1823 1302 1840 :
1320 1814 1362 1840 sin
1379 1818 1469 1841 autem
1489 1813 1523 1841 de
1543 1814 1714 1849 objurgantlo
1732 1821 1795 1848 rege

1014 1859 1086 1886 baud
1102 1859 1235 1887 divinitus
1248 1859 1359 1886 fuerunt
1374 1860 1506 1888 admoniti
1517 1880 1525 1892 ,
1540 1867 1620 1888 nemo
1635 1867 1683 1888 eos
1696 1860 1795 1887 merito

1014 1906 1150 1941 vituperet
1162 1926 1170 1938 ,
1186 1906 1233 1942 qui
1245 1914 1302 1933 rem
1317 1914 1372 1933 non
1388 1906 1538 1941 attigerint,
1554 1914 1636 1941 quam
1651 1906 1690 1934 eis
1701 1906 1794 1934 divina

1015 1952 1145 1980 revelatio
1161 1960 1215 1979 non
1234 1951 1474 1980 demonstraverit.
1487 1951 1536 1979 Est
1556 1951 1628 1978 enim
1649 1952 1794 1987 propheta-

1014 2005 1075 2023 rum
1113 2000 1260 2031 perpetuus
1292 2003 1351 2024 mos
1382 1996 1549 2030 spiritalibus
1582 1997 1795 2024 revelationibus

1014 2042 1194 2077 obsequendi.
1214 2042 1271 2069 sive
1297 2050 1331 2069 ex
1360 2049 1453 2069 earum
1481 2042 1610 2068 instinctu
1631 2042 1794 2076 loquendum

1015 2087 1073 2118 sit.
1106 2087 1164 2114 sive
1198 2087 1340 2113 tacendum
1374 2095 1381 2112 :
1407 2087 1443 2113 ita
1472 2091 1502 2113 ut
1531 2091 1627 2121 praeter
1659 2087 1720 2113 illas
1747 2095 1795 2114 ne-

186 2137 224 2170 (p.
243 2135 303 2169 IM)
327 2144 364 2168 τι,
379 2134 440 2161 οὔτε
452 2135 520 2170 μήτε
530 2135 616 2162 εἰπεῖν
629 2135 749 2169 ἑλόμενοι
766 2135 830 2170 παρ’
841 2134 947 2165 ὲκείνας
956 2142 963 2149 ·

1017 2140 1069 2168 que
1091 2132 1184 2159 dicant
1207 2131 1370 2167 quidquam,
1389 2140 1476 2166 neque
1491 2133 1639 2165 reticeant,
1662 2136 1743 2166 atque
1762 2133 1797 2160 ab

185 2182 263 2209 τοῦτο
273 2181 322 2217 μὲν
331 2180 378 2208 οὖν
391 2181 465 2217 παρὰ
482 2181 587 2213 πολλοῖς
601 2181 657 2217 (25)
673 2182 722 2208 οὐκ
735 2179 784 2208 οἷδ’
797 2182 870 2213 ὅπως
889 2181 969 2216 φερό-

188 2236 277 2263 μενον,
287 2227 333 2253 καὶ
354 2226 454 2262 σφόδρα
466 2235 511 2262 μοι
527 2226 604 2258 δόξαν
624 2226 751 2257 ἐναντίως
761 2226 831 2261 ἔχειν
845 2227 905 2258 ταῖς
914 2226 967 2253 τῶν

188 2273 286 2308 βίϐλων
305 2274 433 2308 γραφαῖς,
453 2273 540 2308 σιωπῇ
551 2272 739 2307 παραδραμεῖν
747 2273 777 2298 ού
794 2271 883 2304 καλῶς
897 2272 968 2307 ἔχειν

185 2319 349 2354 ἡγησάμην·
371 2318 418 2345 τοῦ
439 2318 466 2344 δὲ
487 2318 588 2353 βιϐλίου
613 2318 663 2352 τῆς
684 2318 851 2354 προφητείας
868 2319 968 2350 παντὸς

187 2365 250 2400 περί
271 2373 301 2392 τε
321 2364 366 2391 τον
389 2364 496 2399 Ἰσραὴλ
518 2363 626 2390 καὶτὸν
649 2363 748 2390 Ἰούδαν
770 2364 966 2400 ήσχολημένου,

186 2411 234 2438 καὶ
258 2410 292 2436 τὰ
315 2409 418 2441 τούτοις
440 2418 470 2436 τε
498 2409 632 2441 κάκείνοις
658 2409 808 2444 συμϐάντα,
835 2409 966 2445 πρότερον

189 2456 237 2492 μὲν
251 2456 303 2483 ὑπὸ
319 2455 374 2483 τῶν
399 2455 558 2491 Ἀσσυρίων,
574 2455 626 2482 ὑπὸ
648 2455 824 2482 Βαϐυλωνίων
844 2455 965 2491 ὕστερον,

188 2504 217 2530 ἐν
228 2503 328 2536 ὀλίγοις
341 2502 370 2529 δὲ
387 2501 459 2528 κατὰ
473 2502 504 2528 τὸ
520 2501 659 2537 προοίμιον
672 2502 780 2537 μνήμην
795 2501 900 2536 ἔχοντος
913 2501 967 2528 τῶν

188 2550 226 2581 είς
242 2549 303 2580 τοὺς
320 2548 476 2583 περιοίκους
494 2547 708 2583 συμϐησομένων
723 2548 826 2579 κακῶν,
845 2547 898 2574 τῶν
919 2548 967 2582 μὲν

188 2594 252 2630 περὶ
264 2594 310 2621 τὸν
326 2594 389 2621 λαὸν
403 2594 493 2620 αἰτίαν
512 2591 580 2621 εἶναί
599 2602 698 2628 φαμεν,
714 2595 747 2629 ἢν
763 2594 816 2622 ικαὶ
835 2594 965 2629 πρότερον

187 2640 348 2675 εἰρήκαμεν,
362 2639 434 2676 ὑπὲρ
445 2637 478 2674 ἧς
496 2639 523 2665 δὴ
543 2640 632 2666 πᾶσαν
647 2640 752 2675 ἔνειμεν
772 2639 845 2674 αὐτῷ
863 2640 913 2675 τὴν
929 2640 967 2666 ot-

188 2685 265 2713 κείαν
274 2685 438 2721 κηδεμονίαν
446 2685 460 2712 ό
470 2685 545 2718 Θεὸς,
555 2684 599 2712 διὰ
610 2685 655 2711 τὸν
674 2685 702 2718 ἐξ
718 2685 808 2712 αὐτῶν
817 2685 968 2712 ἀναδείκνυ-

225 2773 282 2807 125)
302 2772 489 2809 Ilauc,’quam
500 2773 680 2809 reprehendit
693 2773 852 2801 Theodorus
865 2775 967 2809 opinio-

192 2815 251 2844 nem
260 2829 267 2840 ,
280 2815 335 2841 prae
347 2815 378 2835 Ie
392 2808 483 2844 ferunt
493 2808 705 2844 Chrysostomus
717 2810 751 2836 ad
761 2809 840 2836 Isaia:
853 2808 912 2844 cap.
929 2818 967 2842 vr;

194 2842 372 2878 Hieronymus
394 2843 473 2872 coist.
504 2842 556 2875 I8,
585 2844 619 2876 1,
653 2847 679 2871 ct
693 2843 841 2879 Procopius
859 2842 922 2872 item
939 2845 966 2872 iu

1017 2179 1051 2205 iis
1065 2186 1099 2206 ne
1112 2179 1195 2205 latum
1207 2177 1315 2212 quidem
1329 2177 1383 2213 95
1396 2186 1513 2213 unguem
1527 2178 1667 2206 discedere
1678 2179 1794 2206 soleant.

1016 2224 1092 2251 Hanc
1103 2224 1185 2259 igitur
1200 2223 1357 2258 opinionem
1371 2244 1379 2255 ,
1400 2232 1460 2259 quae
1476 2224 1570 2251 nescio
1585 2231 1636 2251 cur
1648 2224 1795 2251 multorum

1017 2274 1121 2298 mentes
1152 2270 1295 2305 pervasit,
1320 2277 1437 2305 quaeque
1462 2270 1527 2297 mihi
1571 2270 1658 2297 sacris
1686 2270 1797 2298 Litteris

1016 2323 1180 2352 magnopere
1206 2316 1343 2343 adversari
1370 2315 1496 2348 videtur,
1522 2316 1632 2344 silentio
1659 2318 1798 2352 praeterire

1016 2363 1089 2390 haud
1103 2370 1209 2398 aequum
1231 2362 1396 2390 existimavi.
1420 2361 1480 2389 1am
1495 2362 1614 2390 universi
1631 2362 1714 2397 hujus
1733 2364 1797 2389 vati-

1017 2409 1083 2437 cinii
1098 2409 1166 2436 liber
1183 2408 1258 2435 circa
1272 2407 1398 2435 Israelem
1411 2413 1439 2436 et
1449 2408 1546 2436 Judam
1562 2409 1689 2440 vertitur,
1702 2415 1797 2442 nempe

1018 2456 1092 2483 circa
1105 2455 1247 2489 utriusque
1255 2455 1446 2487 adversitates,
1455 2462 1516 2489 qua;
1531 2455 1619 2489 primo
1628 2454 1661 2481 ab
1670 2455 1800 2490 Assyriis,

1019 2500 1118 2528 deinde
1144 2507 1159 2526 a
1179 2499 1336 2534 Babyloniis
1360 2499 1542 2534 contigerunt.
1572 2497 1693 2526 Breviter
1716 2502 1797 2526 etiam

1020 2545 1186 2571 mentionem
1206 2543 1285 2570 initio
1308 2543 1501 2578 complectitur
1516 2543 1649 2569 malorum
1663 2551 1723 2576 quae
1739 2542 1798 2568 IIIII-

1018 2590 1101 2617 timos
1126 2592 1285 2624 correptura
1310 2593 1397 2616 erant.
1427 2588 1460 2615 Et
1486 2588 1595 2623 quidem
1611 2595 1660 2615 cur
1687 2587 1799 2615 Hebraeo

1019 2636 1120 2672 populo
1135 2635 1193 2662 haec
1209 2635 1366 2666 evenerint,
1387 2642 1498 2663 causam
1515 2634 1634 2662 diximus
1651 2634 1679 2661 in
1700 2641 1799 2668 prmcc~

1021 2682 1159 2713 dentibus,
1177 2681 1230 2709 Deo
1245 2688 1337 2708 curam
1350 2688 1428 2708 suam
1441 2680 1479 2707 illi
1495 2679 1676 2715 impendente,
1689 2682 1799 2714 propter

1019 2772 1215 2802 commentario
1236 2772 1268 2799 ad
1284 2772 1441 2806 praedictum
1456 2772 1533 2799 Isaia;
1550 2772 1650 2799 locum.
1666 2771 1737 2797 Sane
1751 2769 1799 2796 ob-

1019 2810 1156 2844 jurgatqu
1173 2816 1187 2834 a
1203 2807 1392 2844 sacerdotibus
1412 2808 1505 2835 Oziam
1521 2807 1587 2834 dicit
1602 2813 1678 2833 sacer
1692 2808 1781 2831 textus
1791 2824 1798 2837 ,

1022 2842 1077 2872 non
1089 2852 1104 2871 a
1121 2842 1267 2878 prophetis.
