1972 3066
200 123 250 150 ΞΗ

781 122 955 150 Τιιιεουυιιι
980 121 1218 150 MOPSUESTENI
1251 154 1252 157 η

1764 120 1817 149 218

201 187 275 208 eum.
289 178 338 213 qui
357 177 419 205 inde
441 184 589 206 exorturns
610 183 669 206 erat
692 181 843 208 secundum
864 189 980 214 carnem,

1039 181 1100 208 σθαι
1129 181 1259 216 μέλλοντα
1277 181 1307 207 τὸ
1335 179 1406 206 κατὰ
1430 180 1518 215 σάρκα
1532 179 1670 214 Δεσπότην
1688 179 1816 214 Χριστὸν.

201 225 341 252 Christum
361 224 521 257 Dominum,
547 226 702 253 communis
717 227 813 254 salutis
832 232 982 262 parentem.

202 271 401 306 Praeponunlllt‘
423 277 512 298 autetn
536 272 650 307 reliquis
674 280 717 300 res
737 273 860 301 ﬁnitimis
877 274 984 309 populis

200 321 348 348 eventum,
374 321 402 342 ut
422 316 510 351 palam
526 317 572 344 liat
591 318 659 344 nihil
681 317 764 346 Deum
785 323 882 347 contra
903 327 983 347 suum

202 362 329 396 populum
344 362 440 390 fecisse
450 362 554 390 saevitia
565 368 730 391 commotum
741 373 749 397 ;
762 364 982 399 quandoquidem

200 409 233 434 de
248 408 293 438 iis,
311 408 357 442 qui
372 407 445 435 hunc
461 409 622 439 alllixerant.
637 418 731 445 poenas
748 413 915 445 repoposcit.
929 410 982 438 Sed

197 453 253 487 jam
269 454 376 480 initium
396 454 548 481 faciendum
561 455 621 482 libri
637 460 689 486 est.
710 457 755 491 qui
776 457 813 483 ita
831 464 860 484 se
881 457 980 484 habet:

513 498 627 527 CAPUT
646 500 667 527 Ι.

236 543 316 571 Vens.
337 544 362 575 l,
380 543 406 570 2.
417 559 454 563 —
469 553 478 569 ι
493 543 637 574 Sermones
652 547 760 578 Amosi,
777 548 823 582 qui
841 547 904 575 facti
920 554 983 576 sunt

199 590 226 615 in
241 589 420 617 Cariatharim
434 590 468 618 de
481 589 589 619 Thecue
599 611 607 623 ,
625 600 694 626 quos
711 593 777 620 vidit
793 601 874 628 super
889 594 983 621 Hiero-

199 634 336 670 Solymis,
348 636 374 662 in
391 635 488 664 diebus
505 637 578 664 Ozize
593 637 671 665 Judae
684 638 755 673 regis
766 658 773 668 .
792 643 818 666 et
841 640 867 666 in
887 640 983 668 diebus

197 679 350 708 Jcroboami
368 681 450 709 Joaso
468 683 551 718 geniti
563 704 570 715 ,
592 683 663 718 regis
679 682 807 716 lsraelis,
825 688 888 712 ante
904 689 983 712 teme

199 729 301 752 motum
331 726 451 754 biennio.
468 727 576 755 iVerba
605 728 680 760 haec,
707 729 788 757 sicuti
820 729 848 756 in
877 731 982 757 ca-teris

198 771 336 806 prophetis
355 771 482 805 diximus,
495 773 564 800 tituli
583 773 725 808 cujusdam
743 776 803 802 vice
822 775 980 809 funguntur,

198 817 244 849 qui
259 817 319 844 libri
337 825 449 853 scopum
467 823 493 846 et
509 820 702 847 continentiam
720 825 747 848 et
761 825 899 848 auctorem
914 825 979 848 :eta-

199 867 306 897 lemque
324 863 454 890 declarat.
473 864 566 900 Neque
582 870 624 892 est
640 865 792 892 mirandum
808 866 881 900 quod
901 865 980 893 dixe-

199 907 250 938 rit,
269 905 407 934 Sermones
430 916 499 944 quos
517 909 584 937 vidit
603 918 685 945 super
704 909 909 946 Hierosolymis.
929 911 979 938 etsi

197 960 279 979 casus
302 961 410 988 quoque
433 959 594 982 narraturus
620 959 679 982 erat
692 955 800 988 lsraeli,
823 956 848 982 id
867 961 908 983 est
926 956 982 992 96

197 997 290 1025 decem
310 999 454 1031 tribubus,
475 1008 580 1028 necnon
598 1001 720 1028 finitimis
742 1001 849 1037 populis
865 1006 978 1029 eventu-

197 1050 266 1071 ros:
292 1045 332 1072 sic
351 1045 423 1072 enim
442 1047 512 1081 egit,
533 1047 596 1082 quia
616 1047 773 1082 potissimas
793 1048 914 1075 omnium
936 1055 980 1076 res

197 1090 273 1117 urbis
301 1089 549 1127 Hierosolymorum
576 1093 768 1125 existimabat,
798 1101 897 1129 nempe
920 1094 980 1128 ejus

197 1136 305 1171 populi,
323 1137 368 1171 qui
385 1145 418 1164 ex
434 1137 511 1165 Iudae
534 1138 606 1166 tribu
629 1139 789 1171 constabat,
822 1139 904 1167 sicuti
923 1139 980 1174 jam

197 1181 224 1208 in
246 1183 433 1217 superioribus
451 1184 590 1212 diximus:
610 1192 673 1212 cum
693 1185 801 1213 interim
820 1189 980 1213 caeterorum

197 1228 266 1254 ratio
290 1229 316 1255 in
341 1229 461 1262 praedicti
482 1230 603 1264 gratiam'
621 1230 775 1258 haberetur.
803 1230 849 1257 Sic
873 1239 938 1266 ergo
964 1239 980 1258 a

197 1273 340 1308 principali
359 1281 400 1305 re,
421 1274 539 1301 vaticinii
561 1275 603 1302 sui
622 1282 731 1303 causam
751 1275 887 1309 ostendit,
908 1277 981 1312 quod

197 1320 234 1345 ita
248 1319 390 1346 exorditur
406 1327 413 1346 :
428 1329 438 1345 ι
455 1320 584 1349 Dominus
604 1321 637 1349 de
656 1321 722 1349 Sion
742 1323 849 1350 locutus
867 1327 926 1355 est.
947 1331 980 1351 ex

197 1365 390 1400 Hierosolymis
407 1374 498 1394 vocem
514 1375 590 1395 suam
605 1367 706 1395 emisit.
725 1368 863 1396 Luxcrunt
882 1377 980 1402 pascua

197 1415 336 1445 pastorum
349 1421 356 1444 ;
372 1413 479 1439 exaruit
492 1412 608 1440 Carmeli
624 1421 766 1442 cacumen.
783 1424 792 1441 ι
807 1415 873 1443 Mire
885 1415 979 1443 admo-

196 1455 260 1482 dum
277 1456 320 1484 his
334 1457 422 1484 verbis
437 1457 508 1492 loqui
529 1459 633 1493 ccepit;
653 1466 714 1486 nam
732 1460 795 1494 quia
813 1468 866 1487 non
888 1459 981 1488 Hiem-

196 1501 326 1536 solymis.
344 1502 391 1530 sed
406 1503 433 1530 in
451 1503 504 1531 illis
516 1504 677 1538 loquebatur
691 1505 758 1533 locis
770 1525 777 1537 ,
795 1513 864 1539 quos
880 1506 980 1533 ethnici
996 1515 1017 1542 ε

197 1554 363 1581 regnumque
380 1548 489 1577 Israelis
506 1550 693 1585 occupabant.
719 1551 811 1580 statim
835 1551 982 1586 prudenter

196 1593 326 1624 addiditu
338 1593 375 1620 De
387 1593 452 1620 Sion
462 1595 569 1622 locutus
586 1599 646 1627 est,
666 1604 699 1624 ex
719 1595 914 1633 Hierosolymis
934 1605 981 1625 vo-

196 1645 254 1664 cem
280 1645 357 1665 suam
381 1639 490 1666 emisit:
506 1647 559 1667 rue
572 1640 641 1668 forte
657 1641 796 1669 auditores
812 1649 902 1670 rerum
919 1650 934 1669 a
952 1651 982 1671 se

196 1682 372 1710 dicendarum
387 1684 468 1711 cultis
484 1692 531 1719 per
544 1692 576 1712 ea
593 1685 652 1713 loca
674 1687 845 1715 daemonibus
869 1695 980 1716 causam

197 1728 382 1762 imputarent:
401 1730 455 1756 imo
474 1730 563 1765 potius
589 1732 707 1759 universi
731 1737 926 1767 agnoscerent.
952 1741 982 1761 se

201 1772 248 1800 Dei
265 1775 404 1802 voluntate
421 1776 502 1802 verba
522 1776 567 1803 illa
587 1776 695 1810 facere;
713 1779 759 1813 qui
779 1785 841 1805 cum
858 1779 979 1806 omnium

197 1819 283 1846 factor
305 1819 490 1856 Domiuusque
508 1822 558 1853 sit,
579 1829 725 1858 congruam
745 1824 798 1851 sibi
819 1824 977 1859 religionem

197 1867 224 1892 in
242 1865 325 1893 Sione
339 1871 431 1893 monte
443 1867 566 1894 exhiberi
584 1868 710 1902 legitimis
727 1869 826 1896 ritibus
839 1869 959 1904 jusserat
973 1879 979 1896 :

197 1913 322 1947 idemque
344 1913 500 1948 prophetam
516 1913 550 1940 ad
567 1913 624 1941 [nec
645 1914 758 1942 dicenda
781 1922 854 1942 nunc
878 1915 980 1942 excita-

196 1963 287 1990 verat,
304 1966 408 1994 suoque
424 1962 544 1993 tempore
559 1960 688 1987 vaticinia
708 1960 736 1987 in
755 1967 813 1988 rem
831 1960 981 1989 collaturus

196 2003 434 2038 eratJamverba,
448 2017 456 2031 1
468 2006 609 2034 Lnxerunt
620 2012 720 2040 pascua
743 2010 896 2041 pastorum,
916 2014 978 2034 exa-

197 2051 250 2077 ruit
274 2049 393 2078 Carmeli
417 2050 752 2085 cacumennsigniﬂcant
779 2051 838 2080 fore
865 2057 893 2079 ut
918 2060 980 2080 cum

195 2096 331 2130 praedictis
350 2095 456 2122 ﬁnitimi
474 2103 569 2123 oumes
588 2103 642 2122 non
665 2096 724 2124 sine
740 2097 799 2125 suis
814 2097 930 2125 ducibus
947 2098 980 2125 ad

196 2142 296 2169 lucttnn
311 2145 452 2169 vertantur
466 2150 473 2168 :
488 2146 514 2168 et
527 2142 636 2176 quidem
648 2143 728 2170 etiam
742 2143 825 2171 Israel
838 2151 900 2171 cum
916 2144 978 2176 illis,

1035 226 1081 252 ἐπὶ
1096 227 1129 261 τῇ
1148 227 1255 253 πάντων
1276 225 1442 260 φανούμενον
1461 225 1599 260 σωτηρίᾳ·
1623 224 1815 260 προτεθεϊσθαι

1034 271 1062 298 δὲ
1080 271 1135 298 τῶν
1145 271 1245 298 λοιπῶν
1257 271 1290 298 τὰ
1310 271 1373 306 περὶ
1382 271 1444 302 τοὺς
1458 270 1613 306 περιοίκους
1631 270 1758 305 ἐσόμενα,
1777 271 1818 302 εἰς

1035 317 1142 352 ἔλεγχον
1167 316 1213 343 τοῦ
1241 316 1308 352 μηδὲ
1334 315 1368 342 τὰ
1395 315 1465 342 κατὰ
1489 315 1535 342 τὸν
1561 315 1625 342 λαὸν
1647 315 1755 351 ἀφειδίᾳ
1772 315 1818 342 τὸν

1034 363 1099 389 Θεὸν
1119 362 1284 396 πεποιῆσθαι
1295 371 1302 378 ο
1319 362 1385 388 ὅπου
1405 369 1436 395 γε
1453 361 1500 387 καὶ
1519 360 1588 396 ὑπὲρ
1603 360 1652 395 τῆς
1670 361 1710 393 είς
1720 361 1818 392 αὐτοὺς

1034 408 1206 444 παρανομίας
1221 408 1298 439 δίκας
1316 407 1508 442 εἰσπράττεται
1529 406 1636 441 ἑτέρους
1647 415 1653 422 ·
1664 406 1779 442 ἀρκτέον
1788 406 1817 433 δὲ

1033 453 1081 480 τοῦ
1099 453 1201 488 βιϐλίου
1216 452 1307 479 λοιπὸν
1325 451 1431 487 ἔχοντος
1444 450 1528 482 οὕτως
1539 459 1545 465 ·

1356 499 1433 526 ΚΕΦ.
1454 498 1492 525 Δ’.

1069 548 1142 582 Στιχ.
1153 546 1222 581 α’,β’.
1232 562 1265 566 -
1275 556 1284 571 ι
1297 545 1378 579 Λόγοι
1392 544 1493 580 ’Λμ‹ὶ›ς,
1504 544 1528 570 οἳ
1541 543 1664 577 ἐγένοντο
1674 543 1702 569 ὲν
1712 543 1818 578 Καρια-

1034 591 1119 626 θαρὶμ
1133 592 1165 617 ἐκ
1181 589 1293 621 Θεκούε,
1308 589 1354 620 οὒς
1368 586 1436 615 εἶδεν
1448 589 1493 614 ἐπὶ
1500 587 1685 623 Ἰερουσαλὴμ,
1702 589 1731 614 ἐν
1748 588 1817 622 ἡμέ-

1035 645 1095 672 ραις
1110 637 1197 668 Ὀξίου
1206 635 1252 663 τοῦ
1263 634 1393 670 βασιλέως
1401 634 1494 667 Ἰούδα,
1505 634 1552 660 καὶ
1565 634 1594 660 ὲν
1607 633 1722 669 ἡμέραις
1737 633 1816 668 Ἰερο⁴

1033 682 1104 718 ὂοάμ
1118 682 1164 708 τοῦ
1181 680 1257 713 Ἰωὰς
1274 680 1404 716 βασιλέως
1427 679 1544 715 Ἰσραὴλ,
1562 679 1614 714 πρὸ
1628 678 1674 706 δύο
1689 678 1757 705 ὲτῶν
1767 677 1816 705 τοῦ

1033 729 1153 765 σεισμοῦ.
1174 738 1183 754 ι
1197 727 1233 764 (p.
1248 727 1310 763 MS)
1321 727 1405 754 Τοῦτο
1415 726 1464 762 μὲν
1479 724 1535 758 οὖν.
1552 726 1623 753 καθὰ
1638 725 1688 752 κάν
1701 727 1756 757 τοῖς
1763 725 1816 752 λοι-

1032 778 1092 808 ποῖς
1114 777 1265 812 εἰρήκαμεν
1281 776 1443 811 προφήταις,
1464 774 1627 810 προγραφῆς
1648 781 1719 804 τινος
1739 771 1815 804 τάξιν

1032 821 1135 856 ἐπέχει,
1146 820 1278 856 δηλούσης
1291 820 1317 846 τί
1330 828 1395 847 ποτε
1405 819 1527 855 βούλεται
1537 820 1554 854 ὴ
1570 818 1670 854 βίϐλος,
1681 818 1747 853 παρ’
1753 818 1814 844 ὅτου

1030 876 1060 893 τε
1071 867 1118 894 καὶ
1133 867 1196 902 περὶ
1209 866 1289 893 τίνων
1308 866 1416 902 εἴρηται
1435 865 1482 892 καὶ
1505 866 1569 892 ποτε
1581 873 1589 881 ·
1615 863 1770 899 θαυμαστὸν
1786 863 1816 890 δὲ

1030 912 1115 944 οὐδὲν,
1126 913 1150 938 εἰ
1164 913 1247 946 λόγιοι
1262 909 1337 938 εἶπεν
1351 910 1396 943 οὒς
1409 908 1478 937 εἶδεν
1493 911 1539 937 ἐπὶ
1553 909 1742 946 Ἰερουσαλήμ·
1755 908 1816 935 καί·

1029 967 1070 984 τοι
1083 967 1115 992 γε
1128 957 1230 992 μέλλων
1242 957 1353 983 κάκεῖνα
1366 956 1457 990 λέγειν
1470 956 1556 982 ὁπόσα
1566 954 1678 990 περὶτδν
1695 953 1814 989 Ἰσραὴλ.

1030 1003 1100 1030 τοῦτ’
1115 1003 1172 1030 ἐστι
1185 1002 1233 1034 τὰς
1254 1002 1319 1029 δέκα
1333 1001 1429 1036 γέγονε
1444 1001 1541 1036 φυλὰς,
1559 1001 1605 1027 καὶ
1622 1000 1670 1035 μὲν
1688 1000 1734 1026 καὶ
1751 999 1816 1035 περὶ

1029 1051 1092 1082 τοὺς
1108 1049 1263 1085 περιοίκους
1283 1048 1332 1083 οὐχ
1349 1046 1431 1084 ἦττον
1443 1055 1450 1062 ·
1466 1047 1523 1074 ἀλλ’
1541 1047 1577 1078 ὡς
1593 1046 1626 1073 ἂν
1648 1045 1815 1081 κυριώτατον

1032 1095 1081 1129 μὲν
1092 1095 1219 1121 ἁπάντων
1239 1093 1388 1128 ἡγούμενος
1402 1090 1472 1119 εἶναι
1485 1092 1519 1119 τὰ
1534 1092 1604 1118 κατὰ
1615 1091 1665 1126 τὴν
1680 1092 1816 1127 Ἰερουσα-

1031 1140 1096 1175 λὴμ,
1110 1139 1160 1166 εἴτ’
1177 1137 1223 1166 οὖν
1233 1139 1279 1166 τὸν
1289 1147 1322 1166 πε
1329 1139 1355 1174 pi
1368 1138 1448 1164 αὐτὸν
1459 1137 1523 1164 λαόν
1535 1145 1542 1152 ·
1557 1135 1591 1173 ἦν
1605 1137 1633 1164 δὲ
1646 1133 1724 1168 οὗτος
1739 1137 1755 1172 ή
1767 1136 1816 1163 τοῦ

1037 1185 1121 1212 ’ἰούδα
1132 1185 1213 1220 φυλὴ,
1230 1184 1320 1216 καθὼς
1336 1185 1365 1210 ὲν
1381 1185 1437 1216 τοῖς
1451 1183 1568 1219 πρόσθεν
1582 1184 1731 1218 είρήκαμεν
1742 1191 1750 1198 ’
1761 1182 1816 1209 τῶν

1030 1231 1132 1258 λοιπῶν
1146 1232 1174 1258 δὲ
1187 1230 1217 1263 ἐξ
1231 1230 1390 1262 ἀκολουθίας
1405 1229 1559 1265 λεγομένων
1572 1238 1602 1255 τε
1623 1228 1670 1255 καὶ
1685 1228 1814 1263 γιγνομέ-

1031 1286 1083 1304 νων
1094 1277 1128 1304 δι’
1144 1278 1262 1303 ἐκεῖνον·
1274 1276 1361 1308 οὕτως
1373 1275 1427 1302 ἀπὸ
1438 1275 1485 1302 τοῦ
1499 1274 1670 1311 κυριωτάτου
1683 1274 1733 1307 τῆς
1747 1282 1816 1309 προ-

1031 1323 1142 1358 φητείας
1168 1323 1287 1358 ἐδήλωσε
1311 1322 1359 1357 τὴν
1375 1322 1466 1348 αἰτίαν
1476 1330 1482 1338 ·
1499 1320 1649 1356 ἀρχόμενος
1662 1320 1753 1356 μέντοι
1765 1320 1816 1354 τῆς

1031 1368 1208 1403 προφητείας,
1220 1367 1291 1394 οὕτω
1300 1367 1391 1402 φησίν·
1404 1376 1413 1392 ι
1425 1366 1526 1401 Κύριος
1535 1366 1566 1392 ὲκ
1579 1364 1646 1392 Σιὼν
1657 1364 1816 1399 ἐφθέγξατο,

1032 1413 1077 1439 καὶ
1088 1413 1117 1446 ἐξ
1129 1412 1306 1448 Ἰερουσαλὴμ
1320 1412 1404 1438 ἔδωκε
1417 1411 1508 1446 φωνὴν
1520 1409 1600 1437 αὑτοῦ
1613 1418 1620 1425 ’
1637 1410 1685 1436 καὶ
1699 1410 1816 1445 ἐπένθη-

1033 1467 1082 1486 σαν
1095 1459 1124 1485 αί
1136 1458 1218 1494 νομαὶ
1230 1458 1284 1485 τῶν
1302 1458 1438 1493 ποιμένων
1450 1465 1457 1472 ⁸
1472 1457 1519 1483 καὶ
1531 1455 1665 1491 ἐξηράνθη
1679 1456 1696 1491 ἡ
1710 1455 1817 1490 κορυφὴ

1032 1504 1079 1531 τοῦ
1105 1504 1266 1540 Καρμήλου.
1287 1513 1296 1530 ι
1323 1502 1541 1538 Θαυμασιώτατα
1566 1502 1689 1529 ἐντεῦθεν
1716 1501 1817 1537 ἠρξατο

1030 1549 1077 1576 τοῦ
1096 1549 1192 1584 λόγου·
1213 1548 1308 1584 ἐπειδὴ
1321 1548 1376 1584 γὰρ
1392 1548 1441 1575 οὐκ
1456 1549 1484 1574 ὲν
1497 1548 1530 1582 τῇ
1554 1546 1739 1582 Ἰερουσαλὴμ,
1759 1545 1816 1572 ἀλλ’

1031 1597 1059 1622 ἐν
1085 1595 1199 1626 ἐκείνοις
1225 1593 1373 1628 ἐφθέγγετο
1389 1593 1446 1624 τοῖς
1459 1592 1562 1624 τόποις,
1576 1592 1601 1618 οἳ
1613 1591 1668 1618 τῶν
1690 1600 1720 1618 τε
1732 1591 1816 1618 έθνῶν

1031 1641 1078 1668 κιὶ
1094 1641 1144 1676 τῆς
1159 1639 1296 1675 βασιλείας
1315 1638 1362 1665 τοῦ
1385 1637 1492 1673 Ἰσραὴλ
1516 1637 1662 1672 ἐτύγχανον
1679 1636 1765 1668 ὅντες,
1778 1637 1815 1662 εἰ-

1031 1688 1116 1718 κότως
1133 1685 1295 1721 πρνιτέθεικε
1308 1684 1348 1716 τὸ,
1369 1693 1378 1710 ε
1404 1684 1452 1711 Ἐκ
1465 1683 1534 1710 Σιὼν
1550 1683 1710 1717 ἐφθέγξατο,
1726 1682 1773 1709 καὶ
1785 1682 1816 1716 ἐξ

1035 1731 1212 1769 Ἰερουσαλὴμ
1236 1730 1319 1757 ἔδωκε
1350 1730 1441 1765 φωνὴν
1458 1728 1540 1756 αὑτοῦ
1555 1737 1562 1744 ·
1581 1738 1590 1754 ι
1604 1729 1641 1760 ὡς
1660 1727 1693 1755 ἂν
1709 1728 1745 1764 μὴ
1761 1728 1816 1759 τοῖς

1031 1788 1063 1805 πε
1069 1779 1094 1814 pi
1104 1778 1149 1804 τὸν
1163 1777 1244 1804 τόπον
1258 1776 1361 1802 ἐκεῖνον
1380 1774 1607 1810 θρησκευομένοις
1620 1774 1744 1809 δαίμοσιν
1758 1774 1817 1800 ἐπι-

1030 1825 1145 1860 γράφειν
1173 1822 1292 1859 μέλλοιεν
1319 1822 1344 1848 oi
1368 1821 1513 1852 ἀκούοντες
1531 1820 1586 1848 τῶν
1599 1819 1752 1855 λεγομένων
1766 1819 1817 1854 τὴν

1030 1869 1136 1896 αἰτίαν·
1153 1868 1191 1903 (p.
1212 1868 1273 1902 uti)
1290 1867 1386 1894 εἰδεῖεν
1401 1867 1430 1893 δὲ
1452 1866 1570 1898 ἅπαντες
1588 1867 1628 1893 ὃτι
1643 1866 1738 1902 γνώμῃ
1748 1865 1816 1892 Θεοῦ

1030 1915 1117 1941 ταῦτα
1146 1914 1306 1949 φθέγγεται,
1333 1913 1363 1944 ὃς
1385 1913 1439 1940 τῶν
1455 1913 1581 1940 ἁπάντων
1598 1915 1713 1947 ποιητής
1726 1921 1755 1938 τε
1771 1912 1818 1938 καὶ

1031 1959 1132 1995 Κύριος
1147 1958 1195 1990 ὣν,
1221 1959 1251 1984 ὲν
1267 1957 1306 1993 τῷ
1325 1957 1394 1984 Σιὼν
1413 1958 1471 1994 ὄρει
1493 1959 1543 1994 τὴν
1558 1959 1731 1993 καθήκουσαν
1743 1957 1818 1993 αὐτῷ

1031 2005 1177 2041 θρησκείαν
1206 2003 1278 2031 κατὰ
1300 2004 1351 2039 τὴν
1381 2005 1496 2040 νομικὴν
1511 2004 1629 2037 διάταξιν
1648 2003 1817 2039 πληροῦσθαι

1030 2050 1178 2086 προσέταξε
1192 2058 1199 2065 ·
1213 2050 1253 2085 τῷ
1265 2058 1295 2077 τε
1311 2051 1437 2086 προφήτῃ
1451 2050 1498 2076 νῦν
1516 2051 1602 2076 εἰπεῖν
1617 2049 1702 2076 ταῦτα
1717 2049 1816 2082 διδοὺς,

1031 2097 1077 2123 καὶ
1105 2096 1176 2122 κατὰ
1200 2095 1295 2131 καιρὸν
1314 2096 1368 2122 τῶν
1391 2096 1567 2132 μηνυομένων
1580 2096 1629 2130 τὴν
1651 2095 1762 2122 ἑκϐασιν
1777 2095 1818 2127 είς

1031 2142 1111 2178 ἔργον
1129 2141 1253 2178 δκφέρων
1266 2149 1275 2158 '
1289 2141 1321 2169 τὸ
1334 2141 1373 2175 δὲ,
1393 2151 1402 2167 ι
1423 2142 1591 2176 Ἐπένθησαν
1617 2142 1644 2168 at
1658 2141 1739 2176 νομαὶ
1762 2141 1819 2168 τῶν

194 2194 264 2220 quos
276 2186 392 2214 Carmeli
408 2194 539 2213 cacumen
556 2187 699 2221 appellavit
709 2207 715 2218 ,
729 2188 793 2222 quia
807 2189 878 2216 circa
895 2190 980 2217 locum

1036 2186 1182 2223 ποιμένων,
1197 2187 1244 2214 καὶ
1262 2187 1397 2222 ἐξηράνθη
1411 2187 1429 2222 ὴ
1452 2187 1558 2223 κορυφὴ
1573 2187 1620 2214 τοῦ
1633 2187 1790 2222 Καρμήλου,
1804 2196 1815 2214 ι

194 2232 269 2258 illum
284 2231 455 2263 incolebant,
469 2239 500 2258 ac
516 2236 613 2265 przetvr
627 2239 708 2259 omne
723 2232 840 2260 cilicium
857 2235 980 2268 superbia

1038 2234 1081 2259 ἵνα
1093 2233 1157 2270 εἴπῃ
1179 2233 1219 2260 ὅτι
1245 2234 1277 2259 ὲκ
1294 2233 1344 2267 τῆς
1362 2233 1526 2267 ἀποφάσεως
1539 2233 1587 2269 τῆς
1602 2233 1705 2260 ἐκείνου
1719 2233 1818 2265 πάντες

191 2277 375 2305 exsultabant.
392 2277 494 2305 Deinde
518 2278 658 2304 subdiviso
674 2278 857 2311 particulatim
874 2286 979 2306 sermo-

192 2332 244 2355 ne,
261 2323 294 2351 de
310 2323 425 2359 singulis
442 2323 563 2350 ﬁnitimis
581 2323 668 2358 pergit
682 2323 785 2351 dice-re.

1036 2287 1066 2304 τε
1082 2279 1107 2304 οἰ
1118 2278 1249 2314 περίοικοι
1264 2278 1312 2304 σὺν
1322 2279 1378 2310 τοῖς
1389 2278 1550 2314 ἡγουμένοις
1558 2279 1768 2314 μεταστήσονται
1779 2279 1818 2310 εἰς

1033 2324 1131 2355 πένθος
1147 2332 1153 2339 ·
1173 2323 1220 2350 καὶ
1242 2323 1294 2358 μὴν
1315 2323 1362 2350 καὶ
1383 2323 1429 2350 τοῦ
1447 2323 1555 2359 Ἰσραὴλ
1568 2324 1616 2352 σὺν
1632 2325 1755 2356 ἐκείνοις,
1769 2323 1815 2356 οὓς

195 2382 204 2398 ι
223 2372 344 2407 κορυφὴν
361 2381 370 2397 ι
383 2371 523 2406 ὠνόμασεν
539 2371 584 2396 τοῦ
600 2371 758 2406 Καρμήλου,
771 2371 808 2403 ὡς
828 2373 890 2407 περὶ
909 2373 1011 2399 ἐκεῖνον
1027 2371 1167 2403 οἰκοῦντας
1185 2371 1230 2397 τὸν
1248 2371 1339 2402 τόπον,
1357 2370 1405 2398 καὶ
1422 2371 1461 2402 είς
1476 2371 1552 2397 οὐδὲν
1571 2371 1630 2398 δέον
1645 2373 1678 2407 τῇ
1699 2371 1817 2406 ὑπεροχῇ

191 2419 385 2453 κεχρημένους.
414 2416 479 2445 Εἶτα
509 2417 625 2454 μερίζων
651 2418 697 2445 τὸν
717 2419 795 2453 λόγον
813 2419 865 2445 ἀνὰ
881 2420 974 2455 μέρος,
984 2420 1048 2456 περὶ
1060 2419 1175 2445 ἑκάστου
1192 2417 1246 2444 τῶν
1260 2417 1406 2453 περιοίκων
1417 2417 1500 2452 λέγει·

227 2464 310 2492 Vens.
327 2466 387 2493 5-5.
399 2480 434 2485 —
448 2475 457 2490 ι
471 2465 598 2501 Dixitque
614 2464 744 2493 Dominus
758 2474 765 2491 :
783 2465 870 2506 Super
890 2467 977 2494 tribus

191 2510 342 2537 sceleribus
356 2509 482 2537 Damasci
497 2514 524 2537 et
539 2518 622 2545 super
633 2516 751 2545 quatuor
763 2519 817 2538 non
832 2512 978 2539 aversabor

190 2562 267 2586 eam,
294 2555 357 2589 quia
378 2555 463 2582 serris
483 2555 578 2583 ferreis
600 2559 771 2590 praegnantes
793 2555 978 2585 Galaaditidas

191 2599 392 2627 dissecuerunt.
412 2599 503 2635 Ignem
526 2601 669 2628 immittam
685 2600 738 2635 97
755 2601 781 2627 in
805 2601 910 2629 Azaelis
929 2601 980 2629 do-

192 2652 285 2677 mum,
305 2645 352 2680 qui
373 2645 549 2672 fundamenta
576 2646 622 2673 lilii
645 2646 727 2674 Aderi
750 2650 903 2675 consumet.
928 2647 978 2674 Da-

193 2689 275 2717 masci
291 2695 382 2718 vectes
395 2689 565 2724 confringam
576 2711 583 2723 ,
601 2691 756 2726 disperdam
775 2692 878 2720 incolas
902 2693 977 2728 agri,

193 2744 308 2771 quorum
325 2737 407 2765 etiam
424 2736 525 2764 tribum
548 2737 686 2765 succidam
704 2737 737 2765 de
755 2738 821 2766 viris
834 2737 955 2766 Charran
971 2748 978 2765 :

1066 2464 1139 2499 Στίχ.
1156 2463 1224 2498 γ’-ε’.
1240 2479 1275 2484 -
1287 2473 1296 2490 ι
1312 2464 1367 2490 Καὶ
1378 2461 1454 2491 είπεν
1465 2463 1566 2500 Κύριος
1576 2472 1582 2478 ·
1599 2464 1660 2490 Ἐπὶ
1671 2465 1732 2494 ταῖς
1744 2463 1818 2501 τρισὶ

1031 2510 1167 2541 ἀσεϐείαις
1182 2509 1325 2545 Δαμασκοῦ
1340 2509 1387 2536 καί
1398 2510 1445 2537 ἐπὶ
1460 2511 1521 2542 ταῖς
1535 2510 1681 2545 τέσσαρσιν
1701 2510 1757 2546 (24)
1769 2512 1819 2538 οὐκ

1031 2556 1278 2592 ἁποστραφήσομαι
1302 2555 1397 2590 αὐτὴν,
1427 2555 1486 2582 ἀνθ’
1506 2552 1543 2582 ὦν
1554 2555 1664 2590 ἔπριζον
1683 2557 1712 2583 ὲν
1726 2557 1819 2593 πρίοσι

1033 2602 1154 2637 σιδηροῖς
1165 2601 1214 2632 τὰς
1227 2601 1256 2627 ἐν
1270 2601 1369 2637 γαστρὶ
1383 2600 1496 2636 ἐχούσας
1508 2601 1563 2628 τῶν
1571 2602 1757 2633 Γαλααδιτῶν.
1766 2603 1819 2630 Καὶ

1031 2646 1172 2675 ἀποστελῶ
1193 2646 1249 2683 πῦρ
1264 2648 1304 2678 είς
1317 2647 1364 2673 τὸν
1379 2644 1454 2674 οἰκον
1477 2645 1588 2683 ’Δζαὴλ.
1603 2648 1650 2675 καὶ
1664 2649 1820 2682 καταφάγε-

1030 2702 1075 2720 ται
1089 2692 1200 2728 θεμέλια
1224 2692 1284 2719 υἱοῦ
1305 2692 1381 2728 Ἀδέρ
1393 2701 1400 2708 ·
1421 2692 1467 2720 καὶ
1481 2693 1619 2730 συντρίψω
1636 2693 1750 2729 μοχλοὺς
1762 2694 1816 2720 Δα-

1035 2740 1141 2775 μασκοῦ
1156 2748 1163 2754 ·
1179 2741 1228 2767 καὶ
1251 2739 1434 2776 ὲξολοθρεὺσω
1459 2739 1652 2772 κατοικοῦντας
1667 2741 1700 2766 ἐκ
1726 2739 1818 2767 πεδίου

229 2802 284 2837 ι24)
299 2803 437 2831 Obscurus
449 2803 596 2843 videbatur
613 2803 774 2843 Hieronymo
785 2804 835 2843 _hic
852 2805 987 2839 propheta:
1003 2806 1079 2835 locus
1095 2807 1175 2842 epist.
1207 2807 1259 2841 53.
1286 2806 1313 2834 8.
1338 2805 1390 2835 Sed
1407 2814 1440 2835 cn
1453 2806 1660 2843 Mopsucstenus
1677 2814 1752 2835 more
1767 2814 1820 2836 suo

194 2845 336 2872 perspicue
353 2844 433 2874 atque
449 2838 633 2867 indubitanter
649 2839 814 2874 explanabit.
