  <div class='ocr_page' id='page_1' title='image "/cluster/home/n/w/nwhite01/storage/ocr_20150623/66/njp.32101077772695/140.png"; bbox 0 0 1973 3066; ppageno 0'>
   <div class='ocr_carea' id='block_1_1' title="bbox 165 138 221 168">
    <p class='ocr_par' dir='ltr' id='par_1_1' title="bbox 165 138 221 168">
     <span class='ocr_line' id='line_1_1' title="bbox 165 138 221 168; baseline 0.036 -2"><span class='ocrx_word' id='word_1_1' title='bbox 165 138 221 168; x_wconf 62' lang='grc'><strong>239</strong></span> 
     </span>
    </p>
   </div>
   <div class='ocr_carea' id='block_1_2' title="bbox 685 143 1267 174">
    <p class='ocr_par' dir='ltr' id='par_1_2' title="bbox 685 143 1267 174">
     <span class='ocr_line' id='line_1_2' title="bbox 685 143 1267 174; baseline 0.003 -3"><span class='ocrx_word' id='word_1_2' title='bbox 685 143 961 172; x_wconf 73' lang='lat' dir='ltr'><strong>COMMENTARIUS</strong></span> <span class='ocrx_word' id='word_1_3' title='bbox 973 144 1007 172; x_wconf 83' lang='lat' dir='ltr'><strong>IN</strong></span> <span class='ocrx_word' id='word_1_4' title='bbox 1027 144 1130 173; x_wconf 80' lang='lat' dir='ltr'><strong>AMOSI</strong></span> <span class='ocrx_word' id='word_1_5' title='bbox 1147 144 1223 173; x_wconf 76' lang='lat' dir='ltr'><strong>CAP.</strong></span> <span class='ocrx_word' id='word_1_6' title='bbox 1247 145 1267 174; x_wconf 88' lang='grc' dir='ltr'><strong>Ι.</strong></span> 
     </span>
    </p>
   </div>
   <div class='ocr_carea' id='block_1_3' title="bbox 1731 144 1785 173">
    <p class='ocr_par' dir='ltr' id='par_1_3' title="bbox 1731 144 1785 173">
     <span class='ocr_line' id='line_1_3' title="bbox 1731 144 1785 173; baseline -0.056 0"><span class='ocrx_word' id='word_1_7' title='bbox 1731 144 1785 173; x_wconf 71' lang='lat'><strong>250</strong></span> 
     </span>
    </p>
   </div>
   <div class='ocr_carea' id='block_1_4' title="bbox 165 196 963 238">
    <p class='ocr_par' dir='ltr' id='par_1_4' title="bbox 165 196 948 237">
     <span class='ocr_line' id='line_1_4' title="bbox 165 196 948 237; baseline 0.005 -13"><span class='ocrx_word' id='word_1_8' title='bbox 165 196 218 225; x_wconf 79' lang='grc' dir='ltr'>Ὧν</span> <span class='ocrx_word' id='word_1_9' title='bbox 229 206 236 213; x_wconf 78' lang='grc' dir='ltr'><strong>ο</strong></span> <span class='ocrx_word' id='word_1_10' title='bbox 251 198 298 224; x_wconf 77' lang='grc' dir='ltr'>καὶ</span> <span class='ocrx_word' id='word_1_11' title='bbox 316 198 463 233; x_wconf 61' lang='grc' dir='ltr'>κατακὰζρω</span> <span class='ocrx_word' id='word_1_12' title='bbox 483 199 568 235; x_wconf 78' lang='grc' dir='ltr'>φυλὴν</span> <span class='ocrx_word' id='word_1_13' title='bbox 581 199 611 232; x_wconf 79' lang='grc' dir='ltr'>ἐξ</span> <span class='ocrx_word' id='word_1_14' title='bbox 636 200 740 236; x_wconf 83' lang='grc' dir='ltr'>ἀνδρῶν</span> <span class='ocrx_word' id='word_1_15' title='bbox 753 202 864 237; x_wconf 80' lang='grc' dir='ltr'><strong>Χαρρἀ</strong></span> <span class='ocrx_word' id='word_1_16' title='bbox 876 210 883 217; x_wconf 91' lang='grc'><strong>·</strong></span> <span class='ocrx_word' id='word_1_17' title='bbox 900 202 948 228; x_wconf 77' lang='grc' dir='ltr'>καὶ</span> 
     </span>
    </p>
   </div>
   <div class='ocr_carea' id='block_1_5' title="bbox 1014 196 1785 238">
    <p class='ocr_par' dir='ltr' id='par_1_5' title="bbox 1015 201 1785 238">
     <span class='ocr_line' id='line_1_5' title="bbox 1015 201 1785 238; baseline 0 -9"><span class='ocrx_word' id='word_1_18' title='bbox 1015 203 1120 238; x_wconf 87' lang='lat' dir='ltr'><strong>aptivus</strong></span> <span class='ocrx_word' id='word_1_19' title='bbox 1141 203 1290 230; x_wconf 73' lang='lat' dir='ltr'><strong>abducetur</strong></span> <span class='ocrx_word' id='word_1_20' title='bbox 1306 203 1421 238; x_wconf 83' lang='lat' dir='ltr'><strong>populus</strong></span> <span class='ocrx_word' id='word_1_21' title='bbox 1439 201 1524 238; x_wconf 67' lang='lat' dir='ltr'><strong>Syriae</strong></span> <span class='ocrx_word' id='word_1_22' title='bbox 1541 206 1728 237; x_wconf 83' lang='lat' dir='ltr'><strong>nuncupatus.</strong></span> <span class='ocrx_word' id='word_1_23' title='bbox 1747 204 1785 229; x_wconf 82' lang='lat' dir='ltr'><strong>ait</strong></span> 
     </span>
    </p>
   </div>
   <div class='ocr_carea' id='block_1_6' title="bbox 165 243 951 282">
    <p class='ocr_par' dir='ltr' id='par_1_6' title="bbox 165 243 951 282">
     <span class='ocr_line' id='line_1_6' title="bbox 165 243 951 282; baseline 0.006 -13"><span class='ocrx_word' id='word_1_24' title='bbox 165 243 453 278; x_wconf 77' lang='grc' dir='ltr'>αίχμαλιιηευθήσεται</span> <span class='ocrx_word' id='word_1_25' title='bbox 481 244 545 276; x_wconf 80' lang='grc' dir='ltr'>λαὸς</span> <span class='ocrx_word' id='word_1_26' title='bbox 574 245 675 280; x_wconf 77' lang='grc' dir='ltr'><strong>Συρίας</strong></span> <span class='ocrx_word' id='word_1_27' title='bbox 696 246 851 281; x_wconf 85' lang='grc' dir='ltr'>ἐπίκλητος,</span> <span class='ocrx_word' id='word_1_28' title='bbox 877 247 951 282; x_wconf 81' lang='grc' dir='ltr'>λέγει</span> 
     </span>
    </p>
   </div>
   <div class='ocr_carea' id='block_1_7' title="bbox 167 289 948 328">
    <p class='ocr_par' dir='ltr' id='par_1_7' title="bbox 167 289 948 328">
     <span class='ocr_line' id='line_1_7' title="bbox 167 289 948 328; baseline 0.005 -13"><span class='ocrx_word' id='word_1_29' title='bbox 167 289 278 325; x_wconf 80' lang='grc' dir='ltr'>Κύριος.</span> <span class='ocrx_word' id='word_1_30' title='bbox 294 298 303 314; x_wconf 87' lang='lat' dir='ltr'><strong>I</strong></span> <span class='ocrx_word' id='word_1_31' title='bbox 314 289 352 324; x_wconf 88' lang='lat' dir='ltr'><strong>(p.</strong></span> <span class='ocrx_word' id='word_1_32' title='bbox 370 289 432 324; x_wconf 76' lang='lat' dir='ltr'><strong>M7)</strong></span> <span class='ocrx_word' id='word_1_33' title='bbox 445 289 482 316; x_wconf 81' lang='grc' dir='ltr'><strong>Τὸ</strong></span> <span class='ocrx_word' id='word_1_34' title='bbox 495 299 505 315; x_wconf 78' lang='grc' dir='ltr'><strong>ι</strong></span> <span class='ocrx_word' id='word_1_35' title='bbox 523 290 569 316; x_wconf 74' lang='grc' dir='ltr'><strong>ἐπὶ</strong></span> <span class='ocrx_word' id='word_1_36' title='bbox 580 292 640 322; x_wconf 85' lang='grc' dir='ltr'>ταῖς</span> <span class='ocrx_word' id='word_1_37' title='bbox 653 291 726 326; x_wconf 83' lang='grc' dir='ltr'>τρισὶ</span> <span class='ocrx_word' id='word_1_38' title='bbox 738 292 786 318; x_wconf 75' lang='grc' dir='ltr'>καὶ</span> <span class='ocrx_word' id='word_1_39' title='bbox 795 293 924 328; x_wconf 86' lang='grc' dir='ltr'>τέσσαρσι</span> <span class='ocrx_word' id='word_1_40' title='bbox 939 302 948 318; x_wconf 74' lang='grc' dir='ltr'><strong>ι</strong></span> 
     </span>
    </p>
   </div>
   <div class='ocr_carea' id='block_1_8' title="bbox 166 334 951 373">
    <p class='ocr_par' dir='ltr' id='par_1_8' title="bbox 166 334 951 373">
     <span class='ocr_line' id='line_1_8' title="bbox 166 334 951 373; baseline 0.005 -12"><span class='ocrx_word' id='word_1_41' title='bbox 166 335 242 368; x_wconf 83' lang='grc' dir='ltr'>λέγει</span> <span class='ocrx_word' id='word_1_42' title='bbox 254 334 314 361; x_wconf 80' lang='grc' dir='ltr'>ἀντὶ</span> <span class='ocrx_word' id='word_1_43' title='bbox 327 335 386 367; x_wconf 76' lang='grc' dir='ltr'>τοῦ,</span> <span class='ocrx_word' id='word_1_44' title='bbox 404 336 464 366; x_wconf 84' lang='grc' dir='ltr'>ταῖς</span> <span class='ocrx_word' id='word_1_45' title='bbox 483 335 552 370; x_wconf 76' lang='grc' dir='ltr'>ἄγαν</span> <span class='ocrx_word' id='word_1_46' title='bbox 580 336 700 368; x_wconf 80' lang='grc' dir='ltr'>πολλαῖς.</span> <span class='ocrx_word' id='word_1_47' title='bbox 724 337 832 372; x_wconf 80' lang='grc' dir='ltr'><strong>Ἐπειδὴ</strong></span> <span class='ocrx_word' id='word_1_48' title='bbox 859 338 914 373; x_wconf 85' lang='grc' dir='ltr'><strong>γὰρ</strong></span> <span class='ocrx_word' id='word_1_49' title='bbox 936 339 951 365; x_wconf 84' lang='grc' dir='ltr'><strong>ὀ</strong></span> 
     </span>
    </p>
   </div>
   <div class='ocr_carea' id='block_1_9' title="bbox 168 380 953 417">
    <p class='ocr_par' dir='ltr' id='par_1_9' title="bbox 168 380 953 417">
     <span class='ocr_line' id='line_1_9' title="bbox 168 380 953 417; baseline 0.004 -10"><span class='ocrx_word' id='word_1_50' title='bbox 168 381 240 415; x_wconf 87' lang='grc' dir='ltr'><strong>μετά</strong></span> <span class='ocrx_word' id='word_1_51' title='bbox 254 380 299 407; x_wconf 81' lang='grc' dir='ltr'>τὸν</span> <span class='ocrx_word' id='word_1_52' title='bbox 318 380 367 407; x_wconf 71' lang='grc' dir='ltr'>ἕνα</span> <span class='ocrx_word' id='word_1_53' title='bbox 398 380 445 407; x_wconf 73' lang='grc' dir='ltr'>καὶ</span> <span class='ocrx_word' id='word_1_54' title='bbox 470 381 516 408; x_wconf 83' lang='grc' dir='ltr'>δύο</span> <span class='ocrx_word' id='word_1_55' title='bbox 529 381 644 417; x_wconf 80' lang='grc' dir='ltr'>ἀριθμὸς</span> <span class='ocrx_word' id='word_1_56' title='bbox 668 381 847 417; x_wconf 73' lang='grc' dir='ltr'>πληθυντικὸς</span> <span class='ocrx_word' id='word_1_57' title='bbox 863 383 953 410; x_wconf 88' lang='grc' dir='ltr'>καλεῖ-</span> 
     </span>
    </p>
   </div>
   <div class='ocr_carea' id='block_1_10' title="bbox 166 426 950 463">
    <p class='ocr_par' dir='ltr' id='par_1_10' title="bbox 166 426 950 463">
     <span class='ocr_line' id='line_1_10' title="bbox 166 426 950 463; baseline 0.003 -11"><span class='ocrx_word' id='word_1_58' title='bbox 166 426 289 461; x_wconf 65' lang='grc' dir='ltr'>ταιίῑδ),</span> <span class='ocrx_word' id='word_1_59' title='bbox 303 435 312 451; x_wconf 81' lang='grc' dir='ltr'><strong>ι</strong></span> <span class='ocrx_word' id='word_1_60' title='bbox 327 426 400 462; x_wconf 81' lang='grc' dir='ltr'>τρισὶ</span> <span class='ocrx_word' id='word_1_61' title='bbox 413 436 423 452; x_wconf 84' lang='grc'><strong>›</strong></span> <span class='ocrx_word' id='word_1_62' title='bbox 434 426 482 461; x_wconf 82' lang='grc' dir='ltr'>μὲν</span> <span class='ocrx_word' id='word_1_63' title='bbox 496 426 570 460; x_wconf 82' lang='grc' dir='ltr'>λέγει</span> <span class='ocrx_word' id='word_1_64' title='bbox 579 428 638 458; x_wconf 86' lang='grc' dir='ltr'>ταῖς</span> <span class='ocrx_word' id='word_1_65' title='bbox 649 426 768 459; x_wconf 85' lang='grc' dir='ltr'>πολλαῖς,</span> <span class='ocrx_word' id='word_1_66' title='bbox 779 437 789 453; x_wconf 77' lang='grc' dir='ltr'><strong>ι</strong></span> <span class='ocrx_word' id='word_1_67' title='bbox 801 428 929 463; x_wconf 84' lang='grc' dir='ltr'>τέσσαρσι</span> <span class='ocrx_word' id='word_1_68' title='bbox 941 437 950 453; x_wconf 73' lang='grc' dir='ltr'><strong>ι</strong></span> 
     </span>
    </p>
   </div>
   <div class='ocr_carea' id='block_1_11' title="bbox 167 472 953 508">
    <p class='ocr_par' dir='ltr' id='par_1_11' title="bbox 167 472 953 508">
     <span class='ocr_line' id='line_1_11' title="bbox 167 472 953 508; baseline 0.001 -9"><span class='ocrx_word' id='word_1_69' title='bbox 167 472 197 499; x_wconf 76' lang='grc' dir='ltr'>δὲ</span> <span class='ocrx_word' id='word_1_70' title='bbox 211 472 259 508; x_wconf 83' lang='grc' dir='ltr'>τὴν</span> <span class='ocrx_word' id='word_1_71' title='bbox 275 473 398 499; x_wconf 88' lang='grc' dir='ltr'>ἐπίτατιν</span> <span class='ocrx_word' id='word_1_72' title='bbox 420 472 468 499; x_wconf 81' lang='grc' dir='ltr'>τοῦ</span> <span class='ocrx_word' id='word_1_73' title='bbox 482 473 610 508; x_wconf 84' lang='grc' dir='ltr'><strong>πλήθους.</strong></span> <span class='ocrx_word' id='word_1_74' title='bbox 626 473 756 500; x_wconf 80' lang='grc' dir='ltr'>Βούλεται</span> <span class='ocrx_word' id='word_1_75' title='bbox 767 473 796 500; x_wconf 82' lang='grc' dir='ltr'>δὲ</span> <span class='ocrx_word' id='word_1_76' title='bbox 808 475 894 500; x_wconf 80' lang='grc' dir='ltr'>εἰπεῖν</span> <span class='ocrx_word' id='word_1_77' title='bbox 913 474 953 500; x_wconf 81' lang='grc' dir='ltr'>ὅτι</span> 
     </span>
    </p>
   </div>
   <div class='ocr_carea' id='block_1_12' title="bbox 169 520 954 557">
    <p class='ocr_par' dir='ltr' id='par_1_12' title="bbox 169 520 954 557">
     <span class='ocr_line' id='line_1_12' title="bbox 169 520 954 557; baseline 0.001 -11"><span class='ocrx_word' id='word_1_78' title='bbox 169 520 271 552; x_wconf 79' lang='grc' dir='ltr'>πολλὰς</span> <span class='ocrx_word' id='word_1_79' title='bbox 284 521 410 552; x_wconf 87' lang='grc' dir='ltr'>ἀσεϐείας</span> <span class='ocrx_word' id='word_1_80' title='bbox 420 521 469 556; x_wconf 82' lang='grc' dir='ltr'>τῆς</span> <span class='ocrx_word' id='word_1_81' title='bbox 476 521 622 556; x_wconf 76' lang='grc' dir='ltr'>Δαμασκοῦ</span> <span class='ocrx_word' id='word_1_82' title='bbox 631 522 765 557; x_wconf 80' lang='grc' dir='ltr'>παρεῖδεν·</span> <span class='ocrx_word' id='word_1_83' title='bbox 777 521 954 556; x_wconf 74' lang='grc' dir='ltr'><strong>ἐπιμένοντας</strong></span> 
     </span>
    </p>
   </div>
   <div class='ocr_carea' id='block_1_13' title="bbox 167 566 950 603">
    <p class='ocr_par' dir='ltr' id='par_1_13' title="bbox 167 566 950 603">
     <span class='ocr_line' id='line_1_13' title="bbox 167 566 950 603; baseline 0.001 -11"><span class='ocrx_word' id='word_1_84' title='bbox 167 566 198 592; x_wconf 79' lang='grc' dir='ltr'>δὲ</span> <span class='ocrx_word' id='word_1_85' title='bbox 211 566 260 592; x_wconf 78' lang='grc' dir='ltr'>καὶ</span> <span class='ocrx_word' id='word_1_86' title='bbox 269 566 316 592; x_wconf 77' lang='grc' dir='ltr'>ἐπὶ</span> <span class='ocrx_word' id='word_1_87' title='bbox 325 566 448 593; x_wconf 81' lang='grc' dir='ltr'>πλεῖστον</span> <span class='ocrx_word' id='word_1_88' title='bbox 463 567 631 599; x_wconf 75' lang='grc' dir='ltr'><strong>ἐκτείνοντας</strong></span> <span class='ocrx_word' id='word_1_89' title='bbox 640 567 690 603; x_wconf 81' lang='grc' dir='ltr'>τὴν</span> <span class='ocrx_word' id='word_1_90' title='bbox 703 567 879 602; x_wconf 82' lang='grc' dir='ltr'>ἁσέϐειαν,μὴ</span> <span class='ocrx_word' id='word_1_91' title='bbox 888 568 950 593; x_wconf 70' lang='grc' dir='ltr'>ἀποσ</span> 
     </span>
    </p>
   </div>
   <div class='ocr_carea' id='block_1_14' title="bbox 170 610 955 647">
    <p class='ocr_par' dir='ltr' id='par_1_14' title="bbox 170 610 955 647">
     <span class='ocr_line' id='line_1_14' title="bbox 170 610 955 647; baseline 0 -10"><span class='ocrx_word' id='word_1_92' title='bbox 170 611 334 646; x_wconf 73' lang='grc' dir='ltr'>στρέφεσθαι</span> <span class='ocrx_word' id='word_1_93' title='bbox 344 612 390 638; x_wconf 69' lang='grc' dir='ltr'><strong>καὶ</strong></span> <span class='ocrx_word' id='word_1_94' title='bbox 400 613 487 647; x_wconf 81' lang='grc' dir='ltr'>μισεῖν</span> <span class='ocrx_word' id='word_1_95' title='bbox 493 612 585 638; x_wconf 82' lang='grc' dir='ltr'>οὐκέτι</span> <span class='ocrx_word' id='word_1_96' title='bbox 593 612 715 639; x_wconf 84' lang='grc' dir='ltr'>δυνατόν.</span> <span class='ocrx_word' id='word_1_97' title='bbox 724 610 791 638; x_wconf 71' lang='grc' dir='ltr'>Εἶτα</span> <span class='ocrx_word' id='word_1_98' title='bbox 799 611 955 638; x_wconf 87' lang='grc' dir='ltr'>καταλιπὼν</span> 
     </span>
    </p>
   </div>
   <div class='ocr_carea' id='block_1_15' title="bbox 168 656 957 693">
    <p class='ocr_par' dir='ltr' id='par_1_15' title="bbox 168 656 957 693">
     <span class='ocr_line' id='line_1_15' title="bbox 168 656 957 693; baseline 0 -11"><span class='ocrx_word' id='word_1_99' title='bbox 168 657 220 688; x_wconf 73' lang='grc' dir='ltr'><strong>τὰς</strong></span> <span class='ocrx_word' id='word_1_100' title='bbox 229 657 326 689; x_wconf 77' lang='grc' dir='ltr'>λοιπὰς</span> <span class='ocrx_word' id='word_1_101' title='bbox 335 657 423 684; x_wconf 78' lang='grc' dir='ltr'>αὐτῶν</span> <span class='ocrx_word' id='word_1_102' title='bbox 435 656 714 693; x_wconf 69' lang='grc' dir='ltr'>παρανομίαςιτὴνείς</span> <span class='ocrx_word' id='word_1_103' title='bbox 721 657 782 688; x_wconf 83' lang='grc' dir='ltr'>τοὺς</span> <span class='ocrx_word' id='word_1_104' title='bbox 790 656 957 691; x_wconf 71' lang='grc' dir='ltr'><strong>Ἰσραηλίτας</strong></span> 
     </span>
    </p>
   </div>
   <div class='ocr_carea' id='block_1_16' title="bbox 170 701 956 737">
    <p class='ocr_par' dir='ltr' id='par_1_16' title="bbox 170 701 956 737">
     <span class='ocr_line' id='line_1_16' title="bbox 170 701 956 737; baseline 0.001 -10"><span class='ocrx_word' id='word_1_105' title='bbox 170 703 238 737; x_wconf 78' lang='grc' dir='ltr'>παρ’</span> <span class='ocrx_word' id='word_1_106' title='bbox 254 701 343 729; x_wconf 83' lang='grc' dir='ltr'>αὐτῶν</span> <span class='ocrx_word' id='word_1_107' title='bbox 357 702 542 737; x_wconf 81' lang='grc' dir='ltr'><strong>γεγενημένην</strong></span> <span class='ocrx_word' id='word_1_108' title='bbox 551 701 635 736; x_wconf 84' lang='grc' dir='ltr'>λέγει·</span> <span class='ocrx_word' id='word_1_109' title='bbox 645 701 721 733; x_wconf 80' lang='grc' dir='ltr'><strong>ὼςᾶν</strong></span> <span class='ocrx_word' id='word_1_110' title='bbox 733 702 844 734; x_wconf 77' lang='grc' dir='ltr'>δείξειεν</span> <span class='ocrx_word' id='word_1_111' title='bbox 855 702 895 728; x_wconf 83' lang='grc' dir='ltr'>ὅτι</span> <span class='ocrx_word' id='word_1_112' title='bbox 905 701 956 728; x_wconf 80' lang='grc' dir='ltr'>κᾶν</span> 
     </span>
    </p>
   </div>
   <div class='ocr_carea' id='block_1_17' title="bbox 172 747 956 783">
    <p class='ocr_par' dir='ltr' id='par_1_17' title="bbox 172 747 956 783">
     <span class='ocr_line' id='line_1_17' title="bbox 172 747 956 783; baseline -0.003 -9"><span class='ocrx_word' id='word_1_113' title='bbox 172 747 259 774; x_wconf 80' lang='grc' dir='ltr'>πολλά</span> <span class='ocrx_word' id='word_1_114' title='bbox 266 748 440 783; x_wconf 77' lang='grc' dir='ltr'>ἠσεϐήκασιν,</span> <span class='ocrx_word' id='word_1_115' title='bbox 453 747 508 773; x_wconf 82' lang='grc' dir='ltr'>ἀλλ’</span> <span class='ocrx_word' id='word_1_116' title='bbox 526 748 596 783; x_wconf 82' lang='grc' dir='ltr'>ὑπὲρ</span> <span class='ocrx_word' id='word_1_117' title='bbox 609 747 711 774; x_wconf 76' lang='grc' dir='ltr'>τούτων</span> <span class='ocrx_word' id='word_1_118' title='bbox 729 747 843 782; x_wconf 75' lang='grc' dir='ltr'>μάλιστα</span> <span class='ocrx_word' id='word_1_119' title='bbox 859 747 956 778; x_wconf 74' lang='grc' dir='ltr'>αὐτοὺς</span> 
     </span>
    </p>
   </div>
   <div class='ocr_carea' id='block_1_18' title="bbox 170 790 956 829">
    <p class='ocr_par' dir='ltr' id='par_1_18' title="bbox 170 790 956 829">
     <span class='ocr_line' id='line_1_18' title="bbox 170 790 956 829; baseline -0.001 -9"><span class='ocrx_word' id='word_1_120' title='bbox 170 795 370 828; x_wconf 81' lang='grc' dir='ltr'>τιμωρήσεται,</span> <span class='ocrx_word' id='word_1_121' title='bbox 397 790 435 820; x_wconf 82' lang='grc' dir='ltr'>ὧν</span> <span class='ocrx_word' id='word_1_122' title='bbox 459 793 557 829; x_wconf 76' lang='grc' dir='ltr'>πολλὴν</span> <span class='ocrx_word' id='word_1_123' title='bbox 577 793 710 820; x_wconf 74' lang='grc' dir='ltr'>ποιεῖσθαι</span> <span class='ocrx_word' id='word_1_124' title='bbox 735 793 884 820; x_wconf 74' lang='grc' dir='ltr'>ἐσπούδακε</span> <span class='ocrx_word' id='word_1_125' title='bbox 907 793 956 828; x_wconf 85' lang='grc' dir='ltr'>τὴν</span> 
     </span>
    </p>
   </div>
   <div class='ocr_carea' id='block_1_19' title="bbox 172 837 957 875">
    <p class='ocr_par' dir='ltr' id='par_1_19' title="bbox 172 837 957 875">
     <span class='ocr_line' id='line_1_19' title="bbox 172 837 957 875; baseline -0.003 -9"><span class='ocrx_word' id='word_1_126' title='bbox 172 840 347 875; x_wconf 81' lang='grc' dir='ltr'><strong>κηδεμονίαν.</strong></span> <span class='ocrx_word' id='word_1_127' title='bbox 366 840 402 866; x_wconf 80' lang='grc' dir='ltr'><strong>Τὸ</strong></span> <span class='ocrx_word' id='word_1_128' title='bbox 416 837 472 870; x_wconf 84' lang='grc' dir='ltr'>οὖν,</span> <span class='ocrx_word' id='word_1_129' title='bbox 490 849 499 865; x_wconf 81' lang='grc' dir='ltr'><strong>ι</strong></span> <span class='ocrx_word' id='word_1_130' title='bbox 516 840 576 866; x_wconf 84' lang='grc' dir='ltr'><strong>Τῶν</strong></span> <span class='ocrx_word' id='word_1_131' title='bbox 591 840 772 871; x_wconf 76' lang='grc' dir='ltr'>Γαλααδιτῶν,</span> <span class='ocrx_word' id='word_1_132' title='bbox 785 850 795 865; x_wconf 77' lang='grc' dir='ltr'><strong>ι</strong></span> <span class='ocrx_word' id='word_1_133' title='bbox 810 841 842 866; x_wconf 82' lang='grc' dir='ltr'><strong>ἐκ</strong></span> <span class='ocrx_word' id='word_1_134' title='bbox 858 839 957 874; x_wconf 82' lang='grc' dir='ltr'><strong>μέρους</strong></span> 
     </span>
    </p>
   </div>
   <div class='ocr_carea' id='block_1_20' title="bbox 1002 248 1784 283">
    <p class='ocr_par' dir='ltr' id='par_1_20' title="bbox 1002 248 1784 283">
     <span class='ocr_line' id='line_1_20' title="bbox 1002 248 1784 283; baseline -0.001 -8"><span class='ocrx_word' id='word_1_135' title='bbox 1002 248 1142 276; x_wconf 85' lang='lat' dir='ltr'><strong>Dominus.</strong></span> <span class='ocrx_word' id='word_1_136' title='bbox 1160 258 1169 274; x_wconf 70' lang='grc' dir='ltr'><strong>ι</strong></span> <span class='ocrx_word' id='word_1_137' title='bbox 1185 248 1254 275; x_wconf 90' lang='lat' dir='ltr'><strong>Dicit</strong></span> <span class='ocrx_word' id='word_1_138' title='bbox 1284 253 1373 276; x_wconf 84' lang='lat' dir='ltr'><strong>autem</strong></span> <span class='ocrx_word' id='word_1_139' title='bbox 1400 257 1478 283; x_wconf 72' lang='lat' dir='ltr'><strong>super</strong></span> <span class='ocrx_word' id='word_1_140' title='bbox 1501 248 1585 275; x_wconf 77' lang='lat' dir='ltr'><strong>m‘but</strong></span> <span class='ocrx_word' id='word_1_141' title='bbox 1608 253 1632 275; x_wconf 86' lang='lat' dir='ltr'><strong>et</strong></span> <span class='ocrx_word' id='word_1_142' title='bbox 1659 253 1784 283; x_wconf 75' lang='lat' dir='ltr'><strong>quatuor,</strong></span> 
     </span>
    </p>
   </div>
   <div class='ocr_carea' id='block_1_21' title="bbox 1001 293 1784 330">
    <p class='ocr_par' dir='ltr' id='par_1_21' title="bbox 1001 293 1784 330">
     <span class='ocr_line' id='line_1_21' title="bbox 1001 293 1784 330; baseline -0.001 -9"><span class='ocrx_word' id='word_1_143' title='bbox 1001 302 1097 330; x_wconf 88' lang='lat' dir='ltr'><strong>nempe</strong></span> <span class='ocrx_word' id='word_1_144' title='bbox 1112 302 1162 329; x_wconf 89' lang='lat' dir='ltr'><strong>pro</strong></span> <span class='ocrx_word' id='word_1_145' title='bbox 1174 314 1182 326; x_wconf 90' lang='lat'><strong>,</strong></span> <span class='ocrx_word' id='word_1_146' title='bbox 1198 294 1298 321; x_wconf 81' lang='lat' dir='ltr'><strong>Multis.</strong></span> <span class='ocrx_word' id='word_1_147' title='bbox 1313 293 1381 321; x_wconf 84' lang='lat' dir='ltr'><strong>Nam</strong></span> <span class='ocrx_word' id='word_1_148' title='bbox 1398 295 1461 330; x_wconf 83' lang='lat' dir='ltr'><strong>quia</strong></span> <span class='ocrx_word' id='word_1_149' title='bbox 1478 303 1608 322; x_wconf 88' lang='lat' dir='ltr'><strong>numerus</strong></span> <span class='ocrx_word' id='word_1_150' title='bbox 1622 298 1684 330; x_wconf 92' lang='lat' dir='ltr'><strong>post</strong></span> <span class='ocrx_word' id='word_1_151' title='bbox 1701 303 1784 322; x_wconf 89' lang='lat' dir='ltr'><strong>unum</strong></span> 
     </span>
    </p>
   </div>
   <div class='ocr_carea' id='block_1_22' title="bbox 1001 339 1784 375">
    <p class='ocr_par' dir='ltr' id='par_1_22' title="bbox 1001 339 1784 375">
     <span class='ocr_line' id='line_1_22' title="bbox 1001 339 1784 375; baseline -0.001 -8"><span class='ocrx_word' id='word_1_152' title='bbox 1001 344 1029 367; x_wconf 90' lang='lat' dir='ltr'><strong>et</strong></span> <span class='ocrx_word' id='word_1_153' title='bbox 1040 341 1094 367; x_wconf 88' lang='lat' dir='ltr'><strong>duo</strong></span> <span class='ocrx_word' id='word_1_154' title='bbox 1108 341 1220 375; x_wconf 81' lang='lat' dir='ltr'><strong>pluralis</strong></span> <span class='ocrx_word' id='word_1_155' title='bbox 1233 340 1343 373; x_wconf 86' lang='lat' dir='ltr'><strong>dicitur,</strong></span> <span class='ocrx_word' id='word_1_156' title='bbox 1356 341 1438 368; x_wconf 86' lang='lat' dir='ltr'><strong>verbo</strong></span> <span class='ocrx_word' id='word_1_157' title='bbox 1451 339 1534 368; x_wconf 78' lang='lat' dir='ltr'><strong>tribus</strong></span> <span class='ocrx_word' id='word_1_158' title='bbox 1548 341 1647 368; x_wconf 89' lang='lat' dir='ltr'><strong>multos</strong></span> <span class='ocrx_word' id='word_1_159' title='bbox 1660 340 1784 373; x_wconf 83' lang='lat' dir='ltr'><strong>denotat,</strong></span> 
     </span>
    </p>
   </div>
   <div class='ocr_carea' id='block_1_23' title="bbox 1001 385 1788 421">
    <p class='ocr_par' dir='ltr' id='par_1_23' title="bbox 1001 385 1788 421">
     <span class='ocr_line' id='line_1_23' title="bbox 1001 385 1788 421; baseline 0 -9"><span class='ocrx_word' id='word_1_160' title='bbox 1001 386 1083 413; x_wconf 87' lang='lat' dir='ltr'><strong>verbo</strong></span> <span class='ocrx_word' id='word_1_161' title='bbox 1095 391 1183 413; x_wconf 88' lang='lat' dir='ltr'><strong>autem</strong></span> <span class='ocrx_word' id='word_1_162' title='bbox 1194 390 1308 421; x_wconf 82' lang='lat' dir='ltr'><strong>quatuor</strong></span> <span class='ocrx_word' id='word_1_163' title='bbox 1319 386 1516 413; x_wconf 88' lang='lat' dir='ltr'><strong>multitudinem</strong></span> <span class='ocrx_word' id='word_1_164' title='bbox 1529 391 1683 421; x_wconf 74' lang='lat' dir='ltr'><strong>exaggerat.</strong></span> <span class='ocrx_word' id='word_1_165' title='bbox 1697 385 1788 421; x_wconf 65' lang='lat' dir='ltr'><strong>Signi-</strong></span> 
     </span>
    </p>
   </div>
   <div class='ocr_carea' id='block_1_24' title="bbox 1003 430 1785 467">
    <p class='ocr_par' dir='ltr' id='par_1_24' title="bbox 1003 430 1785 467">
     <span class='ocr_line' id='line_1_24' title="bbox 1003 430 1785 467; baseline 0.003 -10"><span class='ocrx_word' id='word_1_166' title='bbox 1003 430 1067 458; x_wconf 85' lang='lat' dir='ltr'><strong>ﬁcat</strong></span> <span class='ocrx_word' id='word_1_167' title='bbox 1081 435 1169 458; x_wconf 88' lang='lat' dir='ltr'><strong>autem</strong></span> <span class='ocrx_word' id='word_1_168' title='bbox 1192 439 1222 458; x_wconf 90' lang='lat' dir='ltr'><strong>se</strong></span> <span class='ocrx_word' id='word_1_169' title='bbox 1246 431 1329 458; x_wconf 91' lang='lat' dir='ltr'><strong>multa</strong></span> <span class='ocrx_word' id='word_1_170' title='bbox 1351 430 1477 458; x_wconf 84' lang='lat' dir='ltr'><strong>Damasci</strong></span> <span class='ocrx_word' id='word_1_171' title='bbox 1498 432 1599 462; x_wconf 81' lang='lat' dir='ltr'><strong>scelera</strong></span> <span class='ocrx_word' id='word_1_172' title='bbox 1615 433 1785 467; x_wconf 64' lang='lat' dir='ltr'><strong>neglexisse:</strong></span> 
     </span>
    </p>
   </div>
   <div class='ocr_carea' id='block_1_25' title="bbox 1002 476 1786 512">
    <p class='ocr_par' dir='ltr' id='par_1_25' title="bbox 1002 476 1786 512">
     <span class='ocr_line' id='line_1_25' title="bbox 1002 476 1786 512; baseline 0.003 -10"><span class='ocrx_word' id='word_1_173' title='bbox 1002 479 1187 504; x_wconf 80' lang='lat' dir='ltr'><strong>verumtamen</strong></span> <span class='ocrx_word' id='word_1_174' title='bbox 1203 483 1266 503; x_wconf 90' lang='lat' dir='ltr'><strong>cum</strong></span> <span class='ocrx_word' id='word_1_175' title='bbox 1283 477 1342 510; x_wconf 84' lang='lat' dir='ltr'><strong>ejus</strong></span> <span class='ocrx_word' id='word_1_176' title='bbox 1355 476 1428 503; x_wconf 86' lang='lat' dir='ltr'><strong>cives</strong></span> <span class='ocrx_word' id='word_1_177' title='bbox 1442 476 1470 502; x_wconf 93' lang='lat' dir='ltr'><strong>in</strong></span> <span class='ocrx_word' id='word_1_178' title='bbox 1485 476 1621 510; x_wconf 82' lang='lat' dir='ltr'><strong>impietate</strong></span> <span class='ocrx_word' id='word_1_179' title='bbox 1630 481 1786 512; x_wconf 83' lang='lat' dir='ltr'><strong>perstarent</strong></span> 
     </span>
    </p>
   </div>
   <div class='ocr_carea' id='block_1_26' title="bbox 1002 520 1787 556">
    <p class='ocr_par' dir='ltr' id='par_1_26' title="bbox 1002 520 1787 556">
     <span class='ocr_line' id='line_1_26' title="bbox 1002 520 1787 556; baseline 0.003 -9"><span class='ocrx_word' id='word_1_180' title='bbox 1002 528 1118 555; x_wconf 86' lang='lat' dir='ltr'><strong>eamque</strong></span> <span class='ocrx_word' id='word_1_181' title='bbox 1133 520 1321 552; x_wconf 86' lang='lat' dir='ltr'><strong>cumularent.</strong></span> <span class='ocrx_word' id='word_1_182' title='bbox 1335 520 1392 555; x_wconf 86' lang='lat' dir='ltr'><strong>jam</strong></span> <span class='ocrx_word' id='word_1_183' title='bbox 1409 520 1467 547; x_wconf 78' lang='lat' dir='ltr'><strong>ﬁeri</strong></span> <span class='ocrx_word' id='word_1_184' title='bbox 1480 528 1534 547; x_wconf 84' lang='lat' dir='ltr'><strong>non</strong></span> <span class='ocrx_word' id='word_1_185' title='bbox 1550 529 1630 556; x_wconf 83' lang='lat' dir='ltr'><strong>posse</strong></span> <span class='ocrx_word' id='word_1_186' title='bbox 1651 523 1716 556; x_wconf 88' lang='lat' dir='ltr'><strong>quin</strong></span> <span class='ocrx_word' id='word_1_187' title='bbox 1738 530 1787 549; x_wconf 86' lang='lat' dir='ltr'><strong>eos</strong></span> 
     </span>
    </p>
   </div>
   <div class='ocr_carea' id='block_1_27' title="bbox 1004 565 1787 601">
    <p class='ocr_par' dir='ltr' id='par_1_27' title="bbox 1004 565 1787 601">
     <span class='ocr_line' id='line_1_27' title="bbox 1004 565 1787 601; baseline 0 -8"><span class='ocrx_word' id='word_1_188' title='bbox 1004 574 1020 593; x_wconf 83' lang='lat' dir='ltr'><strong>a</strong></span> <span class='ocrx_word' id='word_1_189' title='bbox 1033 574 1063 594; x_wconf 87' lang='lat' dir='ltr'><strong>se</strong></span> <span class='ocrx_word' id='word_1_190' title='bbox 1079 566 1222 601; x_wconf 83' lang='lat' dir='ltr'><strong>repelleret</strong></span> <span class='ocrx_word' id='word_1_191' title='bbox 1234 571 1315 600; x_wconf 87' lang='lat' dir='ltr'><strong>atque</strong></span> <span class='ocrx_word' id='word_1_192' title='bbox 1331 565 1394 593; x_wconf 90' lang='lat' dir='ltr'><strong>odio</strong></span> <span class='ocrx_word' id='word_1_193' title='bbox 1411 570 1629 601; x_wconf 89' lang='lat' dir='ltr'><strong>prosequeretur.</strong></span> <span class='ocrx_word' id='word_1_194' title='bbox 1651 565 1718 593; x_wconf 79' lang='lat' dir='ltr'><strong>Exin</strong></span> <span class='ocrx_word' id='word_1_195' title='bbox 1734 574 1787 593; x_wconf 74' lang='lat' dir='ltr'><strong>ca:-</strong></span> 
     </span>
    </p>
   </div>
   <div class='ocr_carea' id='block_1_28' title="bbox 1004 610 1789 644">
    <p class='ocr_par' dir='ltr' id='par_1_28' title="bbox 1004 610 1789 644">
     <span class='ocr_line' id='line_1_28' title="bbox 1004 610 1789 644; baseline -0.004 -4"><span class='ocrx_word' id='word_1_196' title='bbox 1004 612 1070 640; x_wconf 85' lang='lat' dir='ltr'><strong>teris</strong></span> <span class='ocrx_word' id='word_1_197' title='bbox 1085 619 1178 640; x_wconf 88' lang='lat' dir='ltr'><strong>eorum</strong></span> <span class='ocrx_word' id='word_1_198' title='bbox 1193 611 1341 639; x_wconf 87' lang='lat' dir='ltr'><strong>sceleribus</strong></span> <span class='ocrx_word' id='word_1_199' title='bbox 1355 611 1466 639; x_wconf 87' lang='lat' dir='ltr'><strong>omissis</strong></span> <span class='ocrx_word' id='word_1_200' title='bbox 1477 630 1485 644; x_wconf 88' lang='lat'><strong>,</strong></span> <span class='ocrx_word' id='word_1_201' title='bbox 1506 610 1572 638; x_wconf 87' lang='lat' dir='ltr'><strong>illud</strong></span> <span class='ocrx_word' id='word_1_202' title='bbox 1592 616 1789 637; x_wconf 83' lang='lat' dir='ltr'><strong>commemorat</strong></span> 
     </span>
    </p>
   </div>
   <div class='ocr_carea' id='block_1_29' title="bbox 1005 657 1788 694">
    <p class='ocr_par' dir='ltr' id='par_1_29' title="bbox 1005 657 1788 694">
     <span class='ocr_line' id='line_1_29' title="bbox 1005 657 1788 694; baseline -0.004 -9"><span class='ocrx_word' id='word_1_203' title='bbox 1005 658 1078 694; x_wconf 88' lang='lat' dir='ltr'><strong>quod</strong></span> <span class='ocrx_word' id='word_1_204' title='bbox 1094 658 1225 685; x_wconf 86' lang='lat' dir='ltr'><strong>adversus</strong></span> <span class='ocrx_word' id='word_1_205' title='bbox 1238 657 1375 684; x_wconf 86' lang='lat' dir='ltr'><strong>lsraelitas</strong></span> <span class='ocrx_word' id='word_1_206' title='bbox 1385 657 1588 684; x_wconf 81' lang='lat' dir='ltr'><strong>commiserant:</strong></span> <span class='ocrx_word' id='word_1_207' title='bbox 1598 663 1694 691; x_wconf 84' lang='lat' dir='ltr'><strong>nempe</strong></span> <span class='ocrx_word' id='word_1_208' title='bbox 1705 659 1788 682; x_wconf 86' lang='lat' dir='ltr'><strong>utos-</strong></span> 
     </span>
    </p>
   </div>
   <div class='ocr_carea' id='block_1_30' title="bbox 1006 701 1790 737">
    <p class='ocr_par' dir='ltr' id='par_1_30' title="bbox 1006 701 1790 737">
     <span class='ocr_line' id='line_1_30' title="bbox 1006 701 1790 737; baseline -0.006 -6"><span class='ocrx_word' id='word_1_209' title='bbox 1006 705 1109 737; x_wconf 78' lang='lat' dir='ltr'><strong>tendat,</strong></span> <span class='ocrx_word' id='word_1_210' title='bbox 1119 703 1224 731; x_wconf 87' lang='lat' dir='ltr'><strong>etiamsi</strong></span> <span class='ocrx_word' id='word_1_211' title='bbox 1234 703 1326 730; x_wconf 83' lang='lat' dir='ltr'><strong>hostes</strong></span> <span class='ocrx_word' id='word_1_212' title='bbox 1337 702 1420 729; x_wconf 89' lang='lat' dir='ltr'><strong>multa</strong></span> <span class='ocrx_word' id='word_1_213' title='bbox 1431 701 1614 737; x_wconf 82' lang='lat' dir='ltr'><strong>peccaverint,</strong></span> <span class='ocrx_word' id='word_1_214' title='bbox 1640 704 1729 727; x_wconf 82' lang='lat' dir='ltr'><strong>tamen</strong></span> <span class='ocrx_word' id='word_1_215' title='bbox 1741 707 1790 727; x_wconf 84' lang='lat' dir='ltr'><strong>eos</strong></span> 
     </span>
    </p>
   </div>
   <div class='ocr_carea' id='block_1_31' title="bbox 1007 745 1789 786">
    <p class='ocr_par' dir='ltr' id='par_1_31' title="bbox 1007 745 1789 786">
     <span class='ocr_line' id='line_1_31' title="bbox 1007 745 1789 786; baseline -0.006 -8"><span class='ocrx_word' id='word_1_216' title='bbox 1007 750 1147 786; x_wconf 86' lang='lat' dir='ltr'><strong>potissime</strong></span> <span class='ocrx_word' id='word_1_217' title='bbox 1162 757 1191 777; x_wconf 90' lang='lat' dir='ltr'><strong>se</strong></span> <span class='ocrx_word' id='word_1_218' title='bbox 1209 749 1365 783; x_wconf 90' lang='lat' dir='ltr'><strong>puniturum</strong></span> <span class='ocrx_word' id='word_1_219' title='bbox 1380 747 1471 782; x_wconf 89' lang='lat' dir='ltr'><strong>populi</strong></span> <span class='ocrx_word' id='word_1_220' title='bbox 1505 747 1547 775; x_wconf 88' lang='lat' dir='ltr'><strong>sui</strong></span> <span class='ocrx_word' id='word_1_221' title='bbox 1562 753 1645 774; x_wconf 85' lang='lat' dir='ltr'><strong>causa</strong></span> <span class='ocrx_word' id='word_1_222' title='bbox 1657 766 1664 778; x_wconf 83' lang='lat'><strong>.</strong></span> <span class='ocrx_word' id='word_1_223' title='bbox 1686 745 1719 773; x_wconf 88' lang='lat' dir='ltr'><strong>de</strong></span> <span class='ocrx_word' id='word_1_224' title='bbox 1733 753 1789 781; x_wconf 82' lang='lat' dir='ltr'><strong>quo</strong></span> 
     </span>
    </p>
   </div>
   <div class='ocr_carea' id='block_1_32' title="bbox 1007 792 1790 831">
    <p class='ocr_par' dir='ltr' id='par_1_32' title="bbox 1007 792 1790 831">
     <span class='ocr_line' id='line_1_32' title="bbox 1007 792 1790 831; baseline -0.008 -7"><span class='ocrx_word' id='word_1_225' title='bbox 1007 803 1168 831; x_wconf 79' lang='lat' dir='ltr'><strong>magnopere</strong></span> <span class='ocrx_word' id='word_1_226' title='bbox 1190 795 1322 823; x_wconf 84' lang='lat' dir='ltr'><strong>sollicitus</strong></span> <span class='ocrx_word' id='word_1_227' title='bbox 1347 797 1415 821; x_wconf 87' lang='lat' dir='ltr'><strong>erat.</strong></span> <span class='ocrx_word' id='word_1_228' title='bbox 1440 793 1523 828; x_wconf 78' lang='lat' dir='ltr'><strong>Igitur</strong></span> <span class='ocrx_word' id='word_1_229' title='bbox 1546 792 1730 820; x_wconf 81' lang='lat' dir='ltr'><strong>Galaaditidas</strong></span> <span class='ocrx_word' id='word_1_230' title='bbox 1751 793 1790 819; x_wconf 85' lang='lat' dir='ltr'><strong>l&#39;c-</strong></span> 
     </span>
    </p>
   </div>
   <div class='ocr_carea' id='block_1_33' title="bbox 1008 837 1789 875">
    <p class='ocr_par' dir='ltr' id='par_1_33' title="bbox 1008 837 1789 875">
     <span class='ocr_line' id='line_1_33' title="bbox 1008 837 1789 875; baseline -0.006 -7"><span class='ocrx_word' id='word_1_231' title='bbox 1008 843 1096 869; x_wconf 90' lang='lat' dir='ltr'><strong>minas</strong></span> <span class='ocrx_word' id='word_1_232' title='bbox 1109 842 1201 869; x_wconf 86' lang='lat' dir='ltr'><strong>dicens</strong></span> <span class='ocrx_word' id='word_1_233' title='bbox 1211 862 1217 872; x_wconf 87' lang='lat'>,</span> <span class='ocrx_word' id='word_1_234' title='bbox 1231 844 1334 875; x_wconf 85' lang='lat' dir='ltr'><strong>partem</strong></span> <span class='ocrx_word' id='word_1_235' title='bbox 1351 847 1400 874; x_wconf 92' lang='lat' dir='ltr'><strong>pro</strong></span> <span class='ocrx_word' id='word_1_236' title='bbox 1415 842 1471 865; x_wconf 88' lang='lat' dir='ltr'><strong>toto</strong></span> <span class='ocrx_word' id='word_1_237' title='bbox 1486 838 1603 873; x_wconf 82' lang='lat' dir='ltr'><strong>appellat</strong></span> <span class='ocrx_word' id='word_1_238' title='bbox 1616 846 1623 870; x_wconf 86' lang='lat'>;</span> <span class='ocrx_word' id='word_1_239' title='bbox 1639 845 1701 871; x_wconf 85' lang='lat' dir='ltr'><strong>pars</strong></span> <span class='ocrx_word' id='word_1_240' title='bbox 1717 837 1789 864; x_wconf 91' lang='lat' dir='ltr'><strong>enim</strong></span> 
     </span>
    </p>
   </div>
   <div class='ocr_carea' id='block_1_34' title="bbox 173 878 963 921">
    <p class='ocr_par' dir='ltr' id='par_1_34' title="bbox 173 884 957 921">
     <span class='ocr_line' id='line_1_34' title="bbox 173 884 957 921; baseline -0.001 -10"><span class='ocrx_word' id='word_1_241' title='bbox 173 885 299 920; x_wconf 85' lang='grc' dir='ltr'>βούλεται</span> <span class='ocrx_word' id='word_1_242' title='bbox 313 885 367 912; x_wconf 84' lang='grc' dir='ltr'>τῶν</span> <span class='ocrx_word' id='word_1_243' title='bbox 387 885 558 921; x_wconf 78' lang='grc' dir='ltr'>Ἰσραηλιτῶν</span> <span class='ocrx_word' id='word_1_244' title='bbox 574 886 661 912; x_wconf 71' lang='grc' dir='ltr'>εἰπεῖν</span> <span class='ocrx_word' id='word_1_245' title='bbox 670 894 677 900; x_wconf 94' lang='grc'><strong>·</strong></span> <span class='ocrx_word' id='word_1_246' title='bbox 691 885 783 920; x_wconf 83' lang='grc' dir='ltr'>ἐπειδὴ</span> <span class='ocrx_word' id='word_1_247' title='bbox 793 885 839 911; x_wconf 75' lang='grc' dir='ltr'>τοῦ</span> <span class='ocrx_word' id='word_1_248' title='bbox 851 884 957 920; x_wconf 83' lang='grc' dir='ltr'>Ἰσραὴλ</span> 
     </span>
    </p>
   </div>
   <div class='ocr_carea' id='block_1_35' title="bbox 1014 878 1790 921">
    <p class='ocr_par' dir='ltr' id='par_1_35' title="bbox 1014 883 1790 921">
     <span class='ocr_line' id='line_1_35' title="bbox 1014 883 1790 921; baseline -0.009 -6"><span class='ocrx_word' id='word_1_249' title='bbox 1014 888 1116 915; x_wconf 79' lang='lat' dir='ltr'><strong>lsraelis</strong></span> <span class='ocrx_word' id='word_1_250' title='bbox 1131 887 1243 914; x_wconf 84' lang='lat' dir='ltr'><strong>Galaad.</strong></span> <span class='ocrx_word' id='word_1_251' title='bbox 1260 886 1349 914; x_wconf 84' lang='lat' dir='ltr'><strong>Causa</strong></span> <span class='ocrx_word' id='word_1_252' title='bbox 1365 884 1492 921; x_wconf 90' lang='lat' dir='ltr'><strong>puniendi</strong></span> <span class='ocrx_word' id='word_1_253' title='bbox 1509 883 1559 910; x_wconf 82' lang='lat' dir='ltr'><strong>fuit</strong></span> <span class='ocrx_word' id='word_1_254' title='bbox 1570 904 1577 915; x_wconf 85' lang='lat'><strong>,</strong></span> <span class='ocrx_word' id='word_1_255' title='bbox 1594 883 1665 918; x_wconf 87' lang='lat' dir='ltr'><strong>quod</strong></span> <span class='ocrx_word' id='word_1_256' title='bbox 1686 887 1790 909; x_wconf 87' lang='lat' dir='ltr'><strong>tantum</strong></span> 
     </span>
    </p>
   </div>
   <div class='ocr_carea' id='block_1_36' title="bbox 174 928 957 966">
    <p class='ocr_par' dir='ltr' id='par_1_36' title="bbox 174 928 957 966">
     <span class='ocr_line' id='line_1_36' title="bbox 174 928 957 966; baseline -0.003 -8"><span class='ocrx_word' id='word_1_257' title='bbox 174 930 259 966; x_wconf 76' lang='grc' dir='ltr'>μέρος</span> <span class='ocrx_word' id='word_1_258' title='bbox 277 928 337 966; x_wconf 79' lang='grc' dir='ltr'>ἦνὴ</span> <span class='ocrx_word' id='word_1_259' title='bbox 361 930 476 958; x_wconf 82' lang='grc' dir='ltr'>Γαλαάδ.</span> <span class='ocrx_word' id='word_1_260' title='bbox 495 931 603 966; x_wconf 82' lang='grc' dir='ltr'>Ἐπειδὴ</span> <span class='ocrx_word' id='word_1_261' title='bbox 616 931 714 962; x_wconf 72' lang='grc' dir='ltr'>τοίνυν,</span> <span class='ocrx_word' id='word_1_262' title='bbox 732 931 809 966; x_wconf 77' lang='grc' dir='ltr'>φησὶ,</span> <span class='ocrx_word' id='word_1_263' title='bbox 825 930 957 965; x_wconf 81' lang='grc' dir='ltr'>τοσαύτην</span> 
     </span>
    </p>
   </div>
   <div class='ocr_carea' id='block_1_37' title="bbox 173 975 958 1011">
    <p class='ocr_par' dir='ltr' id='par_1_37' title="bbox 173 975 958 1011">
     <span class='ocr_line' id='line_1_37' title="bbox 173 975 958 1011; baseline 0.001 -10"><span class='ocrx_word' id='word_1_264' title='bbox 173 976 311 1008; x_wconf 79' lang='grc' dir='ltr'>ἐξέτειναν</span> <span class='ocrx_word' id='word_1_265' title='bbox 339 976 398 1003; x_wconf 81' lang='grc' dir='ltr'>κατ’</span> <span class='ocrx_word' id='word_1_266' title='bbox 420 975 508 1003; x_wconf 78' lang='grc' dir='ltr'>αὐτῶν</span> <span class='ocrx_word' id='word_1_267' title='bbox 520 976 569 1011; x_wconf 82' lang='grc' dir='ltr'>τὴν</span> <span class='ocrx_word' id='word_1_268' title='bbox 590 976 770 1011; x_wconf 76' lang='grc' dir='ltr'>παρανομίαν,</span> <span class='ocrx_word' id='word_1_269' title='bbox 786 976 823 1007; x_wconf 86' lang='grc' dir='ltr'>ὡς</span> <span class='ocrx_word' id='word_1_270' title='bbox 841 975 888 1002; x_wconf 80' lang='grc' dir='ltr'>καὶ</span> <span class='ocrx_word' id='word_1_271' title='bbox 909 975 958 1006; x_wconf 80' lang='grc' dir='ltr'><strong>τὰς</strong></span> 
     </span>
    </p>
   </div>
   <div class='ocr_carea' id='block_1_38' title="bbox 172 1022 958 1058">
    <p class='ocr_par' dir='ltr' id='par_1_38' title="bbox 172 1022 958 1058">
     <span class='ocr_line' id='line_1_38' title="bbox 172 1022 958 1058; baseline 0 -10"><span class='ocrx_word' id='word_1_272' title='bbox 172 1022 290 1056; x_wconf 79' lang='grc' dir='ltr'><strong>ἐγκύους</strong></span> <span class='ocrx_word' id='word_1_273' title='bbox 304 1022 393 1049; x_wconf 80' lang='grc' dir='ltr'>αὐτῶν</span> <span class='ocrx_word' id='word_1_274' title='bbox 408 1022 524 1057; x_wconf 80' lang='grc' dir='ltr'>σιδηροῖς</span> <span class='ocrx_word' id='word_1_275' title='bbox 542 1022 634 1058; x_wconf 84' lang='grc' dir='ltr'>πρίοσι</span> <span class='ocrx_word' id='word_1_276' title='bbox 656 1022 810 1057; x_wconf 83' lang='grc' dir='ltr'>διατέμνειν</span> <span class='ocrx_word' id='word_1_277' title='bbox 832 1022 913 1057; x_wconf 71' lang='grc' dir='ltr'>(ἔοικε</span> <span class='ocrx_word' id='word_1_278' title='bbox 929 1022 958 1048; x_wconf 76' lang='grc' dir='ltr'>δὲ</span> 
     </span>
    </p>
   </div>
   <div class='ocr_carea' id='block_1_39' title="bbox 171 1066 959 1102">
    <p class='ocr_par' dir='ltr' id='par_1_39' title="bbox 171 1066 959 1102">
     <span class='ocr_line' id='line_1_39' title="bbox 171 1066 959 1102; baseline -0.003 -8"><span class='ocrx_word' id='word_1_279' title='bbox 171 1067 254 1094; x_wconf 81' lang='grc' dir='ltr'>τοῦτο</span> <span class='ocrx_word' id='word_1_280' title='bbox 267 1067 355 1101; x_wconf 88' lang='grc' dir='ltr'>λέγειν</span> <span class='ocrx_word' id='word_1_281' title='bbox 374 1068 414 1099; x_wconf 80' lang='grc' dir='ltr'><strong>είς</strong></span> <span class='ocrx_word' id='word_1_282' title='bbox 428 1068 564 1100; x_wconf 79' lang='grc' dir='ltr'>ἀπόδειξιν</span> <span class='ocrx_word' id='word_1_283' title='bbox 583 1067 633 1102; x_wconf 85' lang='grc' dir='ltr'>τῆς</span> <span class='ocrx_word' id='word_1_284' title='bbox 647 1067 787 1102; x_wconf 83' lang='grc' dir='ltr'>ὠμότητος</span> <span class='ocrx_word' id='word_1_285' title='bbox 806 1066 906 1099; x_wconf 75' lang='grc' dir='ltr'>αὐτῶν,</span> <span class='ocrx_word' id='word_1_286' title='bbox 925 1066 959 1092; x_wconf 80' lang='grc' dir='ltr'>δι’</span> 
     </span>
    </p>
   </div>
   <div class='ocr_carea' id='block_1_40' title="bbox 173 1112 961 1149">
    <p class='ocr_par' dir='ltr' id='par_1_40' title="bbox 173 1112 961 1149">
     <span class='ocr_line' id='line_1_40' title="bbox 173 1112 961 1149; baseline -0.001 -10"><span class='ocrx_word' id='word_1_287' title='bbox 173 1114 207 1149; x_wconf 78' lang='grc' dir='ltr'>ἢν</span> <span class='ocrx_word' id='word_1_288' title='bbox 216 1114 278 1140; x_wconf 72' lang='grc' dir='ltr'>οὐδὲ</span> <span class='ocrx_word' id='word_1_289' title='bbox 288 1113 341 1140; x_wconf 82' lang='grc' dir='ltr'><strong>τῶν</strong></span> <span class='ocrx_word' id='word_1_290' title='bbox 352 1113 457 1147; x_wconf 78' lang='grc' dir='ltr'>ἐγκύων</span> <span class='ocrx_word' id='word_1_291' title='bbox 472 1113 616 1148; x_wconf 81' lang='grc' dir='ltr'>ἐφείδοντο,</span> <span class='ocrx_word' id='word_1_292' title='bbox 629 1114 688 1148; x_wconf 71' lang='grc' dir='ltr'>ἦτοι</span> <span class='ocrx_word' id='word_1_293' title='bbox 701 1112 808 1148; x_wconf 82' lang='grc' dir='ltr'>πρίοσιν</span> <span class='ocrx_word' id='word_1_294' title='bbox 820 1113 902 1143; x_wconf 76' lang='grc' dir='ltr'>ὅντως</span> <span class='ocrx_word' id='word_1_295' title='bbox 913 1113 961 1138; x_wconf 78' lang='grc' dir='ltr'><strong>αὺ-</strong></span> 
     </span>
    </p>
   </div>
   <div class='ocr_carea' id='block_1_41' title="bbox 174 1156 961 1193">
    <p class='ocr_par' dir='ltr' id='par_1_41' title="bbox 174 1156 961 1193">
     <span class='ocr_line' id='line_1_41' title="bbox 174 1156 961 1193; baseline -0.003 -9"><span class='ocrx_word' id='word_1_296' title='bbox 174 1157 224 1189; x_wconf 77' lang='grc' dir='ltr'><strong>τάς</strong></span> <span class='ocrx_word' id='word_1_297' title='bbox 255 1157 271 1192; x_wconf 88' lang='grc' dir='ltr'>ἢ</span> <span class='ocrx_word' id='word_1_298' title='bbox 293 1156 396 1192; x_wconf 77' lang='grc' dir='ltr'>ξίφεσιν</span> <span class='ocrx_word' id='word_1_299' title='bbox 425 1158 621 1193; x_wconf 76' lang='grc' dir='ltr'>ἀνατέμνοντες</span> <span class='ocrx_word' id='word_1_300' title='bbox 645 1158 763 1193; x_wconf 86' lang='grc' dir='ltr'>πολέμου</span> <span class='ocrx_word' id='word_1_301' title='bbox 783 1157 858 1193; x_wconf 84' lang='grc' dir='ltr'>νόμῳ</span> <span class='ocrx_word' id='word_1_302' title='bbox 872 1166 879 1173; x_wconf 89' lang='grc'>·</span> <span class='ocrx_word' id='word_1_303' title='bbox 892 1157 961 1192; x_wconf 84' lang='grc' dir='ltr'>ὅπερ</span> 
     </span>
    </p>
   </div>
   <div class='ocr_carea' id='block_1_42' title="bbox 173 1200 961 1238">
    <p class='ocr_par' dir='ltr' id='par_1_42' title="bbox 173 1200 961 1238">
     <span class='ocr_line' id='line_1_42' title="bbox 173 1200 961 1238; baseline -0.001 -9"><span class='ocrx_word' id='word_1_304' title='bbox 173 1200 221 1229; x_wconf 76' lang='grc' dir='ltr'><strong>οὖν</strong></span> <span class='ocrx_word' id='word_1_305' title='bbox 239 1200 314 1230; x_wconf 81' lang='grc' dir='ltr'>εἶπεν</span> <span class='ocrx_word' id='word_1_306' title='bbox 326 1212 335 1228; x_wconf 84' lang='grc' dir='ltr'><strong>ι</strong></span> <span class='ocrx_word' id='word_1_307' title='bbox 355 1203 384 1228; x_wconf 84' lang='grc' dir='ltr'>ὲν</span> <span class='ocrx_word' id='word_1_308' title='bbox 398 1201 489 1238; x_wconf 80' lang='grc' dir='ltr'>πρίοσι</span> <span class='ocrx_word' id='word_1_309' title='bbox 502 1203 634 1238; x_wconf 83' lang='grc' dir='ltr'>σιδηροῖς.</span> <span class='ocrx_word' id='word_1_310' title='bbox 648 1213 657 1229; x_wconf 80' lang='grc' dir='ltr'><strong>ι</strong></span> <span class='ocrx_word' id='word_1_311' title='bbox 669 1203 709 1234; x_wconf 82' lang='grc' dir='ltr'><strong>είς</strong></span> <span class='ocrx_word' id='word_1_312' title='bbox 720 1202 829 1237; x_wconf 77' lang='grc' dir='ltr'>μείζονα</span> <span class='ocrx_word' id='word_1_313' title='bbox 842 1202 961 1237; x_wconf 78' lang='grc' dir='ltr'>ἔμφασιν</span> 
     </span>
    </p>
   </div>
   <div class='ocr_carea' id='block_1_43' title="bbox 175 1248 962 1285">
    <p class='ocr_par' dir='ltr' id='par_1_43' title="bbox 175 1248 962 1285">
     <span class='ocr_line' id='line_1_43' title="bbox 175 1248 962 1285; baseline -0.001 -10"><span class='ocrx_word' id='word_1_314' title='bbox 175 1248 224 1275; x_wconf 83' lang='grc' dir='ltr'>τοῦ</span> <span class='ocrx_word' id='word_1_315' title='bbox 239 1248 407 1284; x_wconf 82' lang='grc' dir='ltr'>γινομένου),</span> <span class='ocrx_word' id='word_1_316' title='bbox 422 1249 491 1285; x_wconf 79' lang='grc' dir='ltr'>ὑπὲρ</span> <span class='ocrx_word' id='word_1_317' title='bbox 504 1250 536 1283; x_wconf 84' lang='grc' dir='ltr'>δὴ</span> <span class='ocrx_word' id='word_1_318' title='bbox 544 1249 655 1279; x_wconf 78' lang='grc' dir='ltr'>τούτων,</span> <span class='ocrx_word' id='word_1_319' title='bbox 667 1249 759 1284; x_wconf 72' lang='grc' dir='ltr'>φησὶν,</span> <span class='ocrx_word' id='word_1_320' title='bbox 772 1249 861 1280; x_wconf 79' lang='grc' dir='ltr'>αὐτοῖς</span> <span class='ocrx_word' id='word_1_321' title='bbox 870 1248 962 1280; x_wconf 78' lang='grc' dir='ltr'>ἐπάξω</span> 
     </span>
    </p>
   </div>
   <div class='ocr_carea' id='block_1_44' title="bbox 174 1294 962 1330">
    <p class='ocr_par' dir='ltr' id='par_1_44' title="bbox 174 1294 962 1330">
     <span class='ocr_line' id='line_1_44' title="bbox 174 1294 962 1330; baseline -0.003 -9"><span class='ocrx_word' id='word_1_322' title='bbox 174 1297 242 1326; x_wconf 82' lang='grc' dir='ltr'>τοὺς</span> <span class='ocrx_word' id='word_1_323' title='bbox 249 1295 436 1329; x_wconf 75' lang='grc' dir='ltr'>ἀφανίζοντας,</span> <span class='ocrx_word' id='word_1_324' title='bbox 449 1295 487 1330; x_wconf 89' lang='lat' dir='ltr'><strong>(p.</strong></span> <span class='ocrx_word' id='word_1_325' title='bbox 504 1295 612 1330; x_wconf 74' lang='grc' dir='ltr'><strong>148)ὠς</strong></span> <span class='ocrx_word' id='word_1_326' title='bbox 623 1296 670 1322; x_wconf 86' lang='grc' dir='ltr'>καὶ</span> <span class='ocrx_word' id='word_1_327' title='bbox 688 1295 723 1322; x_wconf 82' lang='grc' dir='ltr'>τὰ</span> <span class='ocrx_word' id='word_1_328' title='bbox 737 1294 859 1329; x_wconf 84' lang='grc' dir='ltr'>βασίλεια</span> <span class='ocrx_word' id='word_1_329' title='bbox 873 1294 962 1320; x_wconf 82' lang='grc' dir='ltr'>αὐτῶν</span> 
     </span>
    </p>
   </div>
   <div class='ocr_carea' id='block_1_45' title="bbox 176 1342 960 1379">
    <p class='ocr_par' dir='ltr' id='par_1_45' title="bbox 176 1342 960 1379">
     <span class='ocr_line' id='line_1_45' title="bbox 176 1342 960 1379; baseline -0.001 -9"><span class='ocrx_word' id='word_1_330' title='bbox 176 1342 389 1379; x_wconf 76' lang='grc' dir='ltr'>καθαιρεθῆναι·</span> <span class='ocrx_word' id='word_1_331' title='bbox 404 1343 483 1370; x_wconf 80' lang='grc' dir='ltr'>τοῦτο</span> <span class='ocrx_word' id='word_1_332' title='bbox 497 1343 551 1379; x_wconf 75' lang='grc' dir='ltr'><strong>γὰρ</strong></span> <span class='ocrx_word' id='word_1_333' title='bbox 565 1343 654 1377; x_wconf 78' lang='grc' dir='ltr'>λέγει(</span> <span class='ocrx_word' id='word_1_334' title='bbox 671 1342 782 1378; x_wconf 85' lang='grc' dir='ltr'>θεμέλια</span> <span class='ocrx_word' id='word_1_335' title='bbox 791 1343 849 1370; x_wconf 88' lang='grc' dir='ltr'>υίοῦ</span> <span class='ocrx_word' id='word_1_336' title='bbox 858 1343 960 1378; x_wconf 71' lang='grc' dir='ltr'>’Δδέροι</span> 
     </span>
    </p>
   </div>
   <div class='ocr_carea' id='block_1_46' title="bbox 176 1388 963 1425">
    <p class='ocr_par' dir='ltr' id='par_1_46' title="bbox 176 1388 963 1425">
     <span class='ocr_line' id='line_1_46' title="bbox 176 1388 963 1425; baseline 0.001 -11"><span class='ocrx_word' id='word_1_337' title='bbox 176 1388 270 1415; x_wconf 76' lang='grc' dir='ltr'>πᾶσαν</span> <span class='ocrx_word' id='word_1_338' title='bbox 279 1397 309 1415; x_wconf 82' lang='grc' dir='ltr'><strong>τε</strong></span> <span class='ocrx_word' id='word_1_339' title='bbox 319 1388 369 1423; x_wconf 86' lang='grc' dir='ltr'>τῆς</span> <span class='ocrx_word' id='word_1_340' title='bbox 388 1389 577 1425; x_wconf 87' lang='grc' dir='ltr'>μητροπόλεως</span> <span class='ocrx_word' id='word_1_341' title='bbox 588 1389 677 1415; x_wconf 83' lang='grc' dir='ltr'>αὐτῶν</span> <span class='ocrx_word' id='word_1_342' title='bbox 695 1391 744 1424; x_wconf 83' lang='grc' dir='ltr'>τὴν</span> <span class='ocrx_word' id='word_1_343' title='bbox 758 1390 834 1424; x_wconf 78' lang='grc' dir='ltr'>ἰσχὺν</span> <span class='ocrx_word' id='word_1_344' title='bbox 847 1390 963 1424; x_wconf 67' lang='grc' dir='ltr'>ἀφαιρε-</span> 
     </span>
    </p>
   </div>
   <div class='ocr_carea' id='block_1_47' title="bbox 177 1432 961 1469">
    <p class='ocr_par' dir='ltr' id='par_1_47' title="bbox 177 1432 961 1469">
     <span class='ocr_line' id='line_1_47' title="bbox 177 1432 961 1469; baseline 0 -9"><span class='ocrx_word' id='word_1_345' title='bbox 177 1433 260 1468; x_wconf 81' lang='grc' dir='ltr'>θῆναι</span> <span class='ocrx_word' id='word_1_346' title='bbox 267 1441 275 1449; x_wconf 92' lang='grc'><strong>·</strong></span> <span class='ocrx_word' id='word_1_347' title='bbox 289 1434 357 1469; x_wconf 77' lang='grc' dir='ltr'>ὅπερ</span> <span class='ocrx_word' id='word_1_348' title='bbox 368 1433 443 1469; x_wconf 85' lang='grc' dir='ltr'>δηλοῖ</span> <span class='ocrx_word' id='word_1_349' title='bbox 453 1433 483 1460; x_wconf 81' lang='grc' dir='ltr'><strong>τὺ</strong></span> <span class='ocrx_word' id='word_1_350' title='bbox 492 1442 502 1458; x_wconf 75' lang='grc' dir='ltr'><strong>ι</strong></span> <span class='ocrx_word' id='word_1_351' title='bbox 511 1432 653 1469; x_wconf 82' lang='grc' dir='ltr'>Συντρίψω</span> <span class='ocrx_word' id='word_1_352' title='bbox 662 1433 777 1469; x_wconf 80' lang='grc' dir='ltr'>μοχλοὺς</span> <span class='ocrx_word' id='word_1_353' title='bbox 788 1433 943 1469; x_wconf 73' lang='grc' dir='ltr'><strong>Δαμασκοῦ⁸</strong></span> <span class='ocrx_word' id='word_1_354' title='bbox 951 1442 961 1459; x_wconf 69' lang='grc' dir='ltr'><strong>ι</strong></span> 
     </span>
    </p>
   </div>
   <div class='ocr_carea' id='block_1_48' title="bbox 177 1479 964 1514">
    <p class='ocr_par' dir='ltr' id='par_1_48' title="bbox 177 1479 964 1514">
     <span class='ocr_line' id='line_1_48' title="bbox 177 1479 964 1514; baseline -0.001 -8"><span class='ocrx_word' id='word_1_355' title='bbox 177 1479 225 1506; x_wconf 76' lang='grc' dir='ltr'>καὶ</span> <span class='ocrx_word' id='word_1_356' title='bbox 243 1479 278 1514; x_wconf 87' lang='grc' dir='ltr'>δὴ</span> <span class='ocrx_word' id='word_1_357' title='bbox 289 1480 336 1506; x_wconf 80' lang='grc' dir='ltr'>καὶ</span> <span class='ocrx_word' id='word_1_358' title='bbox 352 1479 454 1510; x_wconf 86' lang='grc' dir='ltr'>πάντας</span> <span class='ocrx_word' id='word_1_359' title='bbox 468 1479 533 1511; x_wconf 83' lang='grc' dir='ltr'>τοὺς</span> <span class='ocrx_word' id='word_1_360' title='bbox 552 1479 581 1512; x_wconf 84' lang='grc' dir='ltr'>ἐξ</span> <span class='ocrx_word' id='word_1_361' title='bbox 597 1479 687 1506; x_wconf 81' lang='grc' dir='ltr'>αὐτῶν</span> <span class='ocrx_word' id='word_1_362' title='bbox 701 1479 818 1513; x_wconf 83' lang='grc' dir='ltr'>ἀφανιῶ,</span> <span class='ocrx_word' id='word_1_363' title='bbox 833 1479 903 1506; x_wconf 83' lang='grc' dir='ltr'>ὥστε</span> <span class='ocrx_word' id='word_1_364' title='bbox 918 1479 964 1505; x_wconf 79' lang='grc' dir='ltr'>καὶ</span> 
     </span>
    </p>
   </div>
   <div class='ocr_carea' id='block_1_49' title="bbox 1007 929 1793 966">
    <p class='ocr_par' dir='ltr' id='par_1_49' title="bbox 1007 929 1793 966">
     <span class='ocr_line' id='line_1_49' title="bbox 1007 929 1793 966; baseline -0.009 -5"><span class='ocrx_word' id='word_1_365' title='bbox 1007 934 1137 961; x_wconf 88' lang='lat' dir='ltr'><strong>adversus</strong></span> <span class='ocrx_word' id='word_1_366' title='bbox 1152 933 1275 960; x_wconf 86' lang='lat' dir='ltr'><strong>lsraelem</strong></span> <span class='ocrx_word' id='word_1_367' title='bbox 1290 932 1378 960; x_wconf 88' lang='lat' dir='ltr'><strong>scelus</strong></span> <span class='ocrx_word' id='word_1_368' title='bbox 1395 933 1637 966; x_wconf 80' lang='lat' dir='ltr'><strong>exprompserant,</strong></span> <span class='ocrx_word' id='word_1_369' title='bbox 1665 934 1693 955; x_wconf 89' lang='lat' dir='ltr'><strong>ut</strong></span> <span class='ocrx_word' id='word_1_370' title='bbox 1719 929 1793 963; x_wconf 77' lang='lat' dir='ltr'><strong>ipsas</strong></span> 
     </span>
    </p>
   </div>
   <div class='ocr_carea' id='block_1_50' title="bbox 1009 974 1791 1014">
    <p class='ocr_par' dir='ltr' id='par_1_50' title="bbox 1009 974 1791 1014">
     <span class='ocr_line' id='line_1_50' title="bbox 1009 974 1791 1014; baseline -0.008 -8"><span class='ocrx_word' id='word_1_371' title='bbox 1009 979 1099 1014; x_wconf 85' lang='lat' dir='ltr'><strong>populi</strong></span> <span class='ocrx_word' id='word_1_372' title='bbox 1115 979 1195 1013; x_wconf 86' lang='lat' dir='ltr'><strong>hujus</strong></span> <span class='ocrx_word' id='word_1_373' title='bbox 1209 981 1376 1013; x_wconf 69' lang='lat' dir='ltr'><strong>praegnantes</strong></span> <span class='ocrx_word' id='word_1_374' title='bbox 1392 976 1476 1004; x_wconf 88' lang='lat' dir='ltr'><strong>serris</strong></span> <span class='ocrx_word' id='word_1_375' title='bbox 1491 975 1584 1003; x_wconf 78' lang='lat' dir='ltr'><strong>ferreis</strong></span> <span class='ocrx_word' id='word_1_376' title='bbox 1599 974 1791 1002; x_wconf 78' lang='lat' dir='ltr'><strong>dissecuerint.</strong></span> 
     </span>
    </p>
   </div>
   <div class='ocr_carea' id='block_1_51' title="bbox 1011 1018 1793 1051">
    <p class='ocr_par' dir='ltr' id='par_1_51' title="bbox 1011 1018 1793 1051">
     <span class='ocr_line' id='line_1_51' title="bbox 1011 1018 1793 1051; baseline -0.006 -2"><span class='ocrx_word' id='word_1_377' title='bbox 1011 1024 1121 1051; x_wconf 83' lang='lat' dir='ltr'><strong>Videtur</strong></span> <span class='ocrx_word' id='word_1_378' title='bbox 1137 1029 1225 1049; x_wconf 86' lang='lat' dir='ltr'><strong>autem</strong></span> <span class='ocrx_word' id='word_1_379' title='bbox 1241 1022 1292 1049; x_wconf 91' lang='lat' dir='ltr'><strong>hoc</strong></span> <span class='ocrx_word' id='word_1_380' title='bbox 1305 1022 1397 1049; x_wconf 82' lang='lat' dir='ltr'><strong>dicere</strong></span> <span class='ocrx_word' id='word_1_381' title='bbox 1418 1026 1446 1048; x_wconf 95' lang='lat' dir='ltr'><strong>ut</strong></span> <span class='ocrx_word' id='word_1_382' title='bbox 1461 1020 1580 1047; x_wconf 82' lang='lat' dir='ltr'><strong>hostium</strong></span> <span class='ocrx_word' id='word_1_383' title='bbox 1605 1018 1793 1046; x_wconf 74' lang='lat' dir='ltr'><strong>crudelitatem</strong></span> 
     </span>
    </p>
   </div>
   <div class='ocr_carea' id='block_1_52' title="bbox 1009 1065 1794 1103">
    <p class='ocr_par' dir='ltr' id='par_1_52' title="bbox 1009 1065 1794 1103">
     <span class='ocr_line' id='line_1_52' title="bbox 1009 1065 1794 1103; baseline -0.009 -6"><span class='ocrx_word' id='word_1_384' title='bbox 1009 1071 1190 1101; x_wconf 79' lang='lat' dir='ltr'><strong>demonstret,</strong></span> <span class='ocrx_word' id='word_1_385' title='bbox 1206 1067 1251 1103; x_wconf 83' lang='lat' dir='ltr'><strong>qui</strong></span> <span class='ocrx_word' id='word_1_386' title='bbox 1268 1075 1302 1095; x_wconf 91' lang='lat' dir='ltr'><strong>ne</strong></span> <span class='ocrx_word' id='word_1_387' title='bbox 1317 1067 1436 1102; x_wconf 73' lang='lat' dir='ltr'><strong>gravidis</strong></span> <span class='ocrx_word' id='word_1_388' title='bbox 1451 1066 1558 1101; x_wconf 85' lang='lat' dir='ltr'><strong>quidem</strong></span> <span class='ocrx_word' id='word_1_389' title='bbox 1575 1065 1683 1093; x_wconf 82' lang='lat' dir='ltr'><strong>feminis</strong></span> <span class='ocrx_word' id='word_1_390' title='bbox 1698 1071 1794 1099; x_wconf 82' lang='lat' dir='ltr'><strong>peper-</strong></span> 
     </span>
    </p>
   </div>
   <div class='ocr_carea' id='block_1_53' title="bbox 1010 1110 1794 1148">
    <p class='ocr_par' dir='ltr' id='par_1_53' title="bbox 1010 1110 1794 1148">
     <span class='ocr_line' id='line_1_53' title="bbox 1010 1110 1794 1148; baseline -0.01 -5"><span class='ocrx_word' id='word_1_391' title='bbox 1010 1117 1112 1143; x_wconf 81' lang='lat' dir='ltr'><strong>cissent</strong></span> <span class='ocrx_word' id='word_1_392' title='bbox 1126 1136 1133 1148; x_wconf 89' lang='lat'><strong><em>,</em></strong></span> <span class='ocrx_word' id='word_1_393' title='bbox 1157 1116 1215 1142; x_wconf 87' lang='lat' dir='ltr'><strong>sive</strong></span> <span class='ocrx_word' id='word_1_394' title='bbox 1227 1122 1275 1142; x_wconf 85' lang='lat' dir='ltr'><strong>eas</strong></span> <span class='ocrx_word' id='word_1_395' title='bbox 1289 1120 1385 1148; x_wconf 83' lang='lat' dir='ltr'><strong>reapse</strong></span> <span class='ocrx_word' id='word_1_396' title='bbox 1406 1112 1490 1140; x_wconf 89' lang='lat' dir='ltr'><strong>serris</strong></span> <span class='ocrx_word' id='word_1_397' title='bbox 1501 1131 1508 1143; x_wconf 92' lang='lat'><strong><em>,</em></strong></span> <span class='ocrx_word' id='word_1_398' title='bbox 1526 1111 1583 1138; x_wconf 78' lang='lat' dir='ltr'><strong>sive</strong></span> <span class='ocrx_word' id='word_1_399' title='bbox 1597 1110 1695 1145; x_wconf 76' lang='lat' dir='ltr'><strong>gladiis</strong></span> <span class='ocrx_word' id='word_1_400' title='bbox 1719 1116 1794 1136; x_wconf 89' lang='lat' dir='ltr'><strong>more</strong></span> 
     </span>
    </p>
   </div>
   <div class='ocr_carea' id='block_1_54' title="bbox 1011 1154 1795 1190">
    <p class='ocr_par' dir='ltr' id='par_1_54' title="bbox 1011 1154 1795 1190">
     <span class='ocr_line' id='line_1_54' title="bbox 1011 1154 1795 1190; baseline -0.013 0"><span class='ocrx_word' id='word_1_401' title='bbox 1011 1162 1072 1190; x_wconf 81' lang='lat' dir='ltr'><strong>belli</strong></span> <span class='ocrx_word' id='word_1_402' title='bbox 1092 1161 1283 1189; x_wconf 80' lang='lat' dir='ltr'><strong>conciderint:</strong></span> <span class='ocrx_word' id='word_1_403' title='bbox 1312 1160 1349 1186; x_wconf 90' lang='lat' dir='ltr'><strong>ita</strong></span> <span class='ocrx_word' id='word_1_404' title='bbox 1376 1163 1405 1186; x_wconf 92' lang='lat' dir='ltr'><strong>ut</strong></span> <span class='ocrx_word' id='word_1_405' title='bbox 1432 1157 1534 1184; x_wconf 89' lang='lat' dir='ltr'><strong>locutio</strong></span> <span class='ocrx_word' id='word_1_406' title='bbox 1550 1156 1630 1183; x_wconf 77' lang='lat' dir='ltr'><strong>terris</strong></span> <span class='ocrx_word' id='word_1_407' title='bbox 1647 1155 1739 1189; x_wconf 74' lang='lat' dir='ltr'><strong>ferreis</strong></span> <span class='ocrx_word' id='word_1_408' title='bbox 1761 1154 1795 1180; x_wconf 83' lang='lat' dir='ltr'><strong>ad</strong></span> 
     </span>
    </p>
   </div>
   <div class='ocr_carea' id='block_1_55' title="bbox 1013 1200 1794 1243">
    <p class='ocr_par' dir='ltr' id='par_1_55' title="bbox 1013 1200 1794 1243">
     <span class='ocr_line' id='line_1_55' title="bbox 1013 1200 1794 1243; baseline -0.013 -8"><span class='ocrx_word' id='word_1_409' title='bbox 1013 1206 1217 1243; x_wconf 71' lang='lat' dir='ltr'><strong>pmgravandam</strong></span> <span class='ocrx_word' id='word_1_410' title='bbox 1260 1204 1390 1232; x_wconf 79' lang='lat' dir='ltr'><strong>facinoris</strong></span> <span class='ocrx_word' id='word_1_411' title='bbox 1429 1202 1580 1237; x_wconf 65' lang='lat' dir='ltr'><strong>emphasim</strong></span> <span class='ocrx_word' id='word_1_412' title='bbox 1624 1200 1794 1228; x_wconf 77' lang='lat' dir='ltr'><strong>adhibeatur.</strong></span> 
     </span>
    </p>
   </div>
   <div class='ocr_carea' id='block_1_56' title="bbox 1012 1245 1796 1286">
    <p class='ocr_par' dir='ltr' id='par_1_56' title="bbox 1012 1245 1796 1286">
     <span class='ocr_line' id='line_1_56' title="bbox 1012 1245 1796 1286; baseline -0.011 -6"><span class='ocrx_word' id='word_1_413' title='bbox 1012 1253 1204 1286; x_wconf 85' lang='lat' dir='ltr'><strong>Quamobrem,</strong></span> <span class='ocrx_word' id='word_1_414' title='bbox 1222 1250 1320 1285; x_wconf 83' lang='lat' dir='ltr'><strong>inquit,</strong></span> <span class='ocrx_word' id='word_1_415' title='bbox 1339 1249 1482 1276; x_wconf 83' lang='lat' dir='ltr'><strong>immittam</strong></span> <span class='ocrx_word' id='word_1_416' title='bbox 1502 1247 1542 1275; x_wconf 88' lang='lat' dir='ltr'><strong>eis</strong></span> <span class='ocrx_word' id='word_1_417' title='bbox 1553 1247 1655 1278; x_wconf 81' lang='lat' dir='ltr'><strong>hostes,</strong></span> <span class='ocrx_word' id='word_1_418' title='bbox 1667 1254 1682 1273; x_wconf 79' lang='grc' dir='ltr'><strong>ιι</strong></span> <span class='ocrx_word' id='word_1_419' title='bbox 1696 1245 1796 1281; x_wconf 84' lang='lat' dir='ltr'><strong>quibus</strong></span> 
     </span>
    </p>
   </div>
   <div class='ocr_carea' id='block_1_57' title="bbox 1011 1291 1797 1332">
    <p class='ocr_par' dir='ltr' id='par_1_57' title="bbox 1011 1291 1797 1332">
     <span class='ocr_line' id='line_1_57' title="bbox 1011 1291 1797 1332; baseline -0.011 -6"><span class='ocrx_word' id='word_1_420' title='bbox 1011 1299 1102 1326; x_wconf 85' lang='lat' dir='ltr'><strong>cuncti</strong></span> <span class='ocrx_word' id='word_1_421' title='bbox 1131 1306 1180 1325; x_wconf 87' lang='lat' dir='ltr'><strong>ceu</strong></span> <span class='ocrx_word' id='word_1_422' title='bbox 1211 1297 1272 1332; x_wconf 88' lang='lat' dir='ltr'><strong>igne</strong></span> <span class='ocrx_word' id='word_1_423' title='bbox 1300 1296 1500 1327; x_wconf 85' lang='lat' dir='ltr'><strong>absumentur;</strong></span> <span class='ocrx_word' id='word_1_424' title='bbox 1529 1297 1557 1320; x_wconf 90' lang='lat' dir='ltr'><strong>et</strong></span> <span class='ocrx_word' id='word_1_425' title='bbox 1585 1291 1694 1327; x_wconf 81' lang='lat' dir='ltr'><strong>quidem</strong></span> <span class='ocrx_word' id='word_1_426' title='bbox 1722 1291 1797 1326; x_wconf 80' lang='lat' dir='ltr'><strong>regia</strong></span> 
     </span>
    </p>
   </div>
   <div class='ocr_carea' id='block_1_58' title="bbox 1013 1337 1796 1380">
    <p class='ocr_par' dir='ltr' id='par_1_58' title="bbox 1013 1337 1796 1380">
     <span class='ocr_line' id='line_1_58' title="bbox 1013 1337 1796 1380; baseline -0.011 -8"><span class='ocrx_word' id='word_1_427' title='bbox 1013 1353 1121 1380; x_wconf 88' lang='lat' dir='ltr'><strong>quoque</strong></span> <span class='ocrx_word' id='word_1_428' title='bbox 1133 1345 1255 1380; x_wconf 89' lang='lat' dir='ltr'><strong>ipsorum</strong></span> <span class='ocrx_word' id='word_1_429' title='bbox 1272 1341 1350 1370; x_wconf 87' lang='lat' dir='ltr'><strong>sedes</strong></span> <span class='ocrx_word' id='word_1_430' title='bbox 1366 1340 1520 1369; x_wconf 79' lang='lat' dir='ltr'><strong>delebitur;</strong></span> <span class='ocrx_word' id='word_1_431' title='bbox 1539 1338 1590 1365; x_wconf 88' lang='lat' dir='ltr'><strong>hoc</strong></span> <span class='ocrx_word' id='word_1_432' title='bbox 1614 1337 1686 1365; x_wconf 87' lang='lat' dir='ltr'><strong>enim</strong></span> <span class='ocrx_word' id='word_1_433' title='bbox 1705 1337 1796 1364; x_wconf 84' lang='lat' dir='ltr'><strong>innuit</strong></span> 
     </span>
    </p>
   </div>
   <div class='ocr_carea' id='block_1_59' title="bbox 1013 1382 1798 1420">
    <p class='ocr_par' dir='ltr' id='par_1_59' title="bbox 1013 1382 1798 1420">
     <span class='ocr_line' id='line_1_59' title="bbox 1013 1382 1798 1420; baseline -0.014 -1"><span class='ocrx_word' id='word_1_434' title='bbox 1013 1392 1097 1419; x_wconf 86' lang='lat' dir='ltr'><strong>dictio</strong></span> <span class='ocrx_word' id='word_1_435' title='bbox 1113 1389 1301 1416; x_wconf 80' lang='lat' dir='ltr'><strong>Fundamenta</strong></span> <span class='ocrx_word' id='word_1_436' title='bbox 1315 1386 1385 1414; x_wconf 69' lang='grc' dir='ltr'>Λείαν</span> <span class='ocrx_word' id='word_1_437' title='bbox 1396 1394 1405 1412; x_wconf 84' lang='grc'><em>;</em></span> <span class='ocrx_word' id='word_1_438' title='bbox 1420 1389 1501 1420; x_wconf 76' lang='lat' dir='ltr'><strong>atque</strong></span> <span class='ocrx_word' id='word_1_439' title='bbox 1514 1391 1597 1411; x_wconf 89' lang='lat' dir='ltr'><strong>omne</strong></span> <span class='ocrx_word' id='word_1_440' title='bbox 1617 1382 1798 1417; x_wconf 87' lang='lat' dir='ltr'><strong>metropoleos</strong></span> 
     </span>
    </p>
   </div>
   <div class='ocr_carea' id='block_1_60' title="bbox 1013 1428 1797 1466">
    <p class='ocr_par' dir='ltr' id='par_1_60' title="bbox 1013 1428 1797 1466">
     <span class='ocr_line' id='line_1_60' title="bbox 1013 1428 1797 1466; baseline -0.013 -2"><span class='ocrx_word' id='word_1_441' title='bbox 1013 1444 1107 1466; x_wconf 89' lang='lat' dir='ltr'><strong>eorum</strong></span> <span class='ocrx_word' id='word_1_442' title='bbox 1122 1435 1207 1463; x_wconf 86' lang='lat' dir='ltr'><strong>robur</strong></span> <span class='ocrx_word' id='word_1_443' title='bbox 1221 1433 1379 1462; x_wconf 81' lang='lat' dir='ltr'><strong>subtraham</strong></span> <span class='ocrx_word' id='word_1_444' title='bbox 1393 1441 1401 1463; x_wconf 82' lang='lat'><strong>;</strong></span> <span class='ocrx_word' id='word_1_445' title='bbox 1418 1431 1444 1458; x_wconf 91' lang='lat' dir='ltr'><strong>id</strong></span> <span class='ocrx_word' id='word_1_446' title='bbox 1460 1430 1532 1466; x_wconf 88' lang='lat' dir='ltr'><strong>quod</strong></span> <span class='ocrx_word' id='word_1_447' title='bbox 1547 1429 1682 1465; x_wconf 73' lang='lat' dir='ltr'><strong>significat</strong></span> <span class='ocrx_word' id='word_1_448' title='bbox 1695 1428 1779 1455; x_wconf 81' lang='lat' dir='ltr'><strong>dictio</strong></span> <span class='ocrx_word' id='word_1_449' title='bbox 1789 1446 1797 1458; x_wconf 87' lang='lat'><strong>.</strong></span> 
     </span>
    </p>
   </div>
   <div class='ocr_carea' id='block_1_61' title="bbox 1023 1474 1800 1513">
    <p class='ocr_par' dir='ltr' id='par_1_61' title="bbox 1023 1474 1800 1513">
     <span class='ocr_line' id='line_1_61' title="bbox 1023 1474 1800 1513; baseline -0.013 -5"><span class='ocrx_word' id='word_1_450' title='bbox 1023 1491 1032 1508; x_wconf 81' lang='grc' dir='ltr'><strong>ι</strong></span> <span class='ocrx_word' id='word_1_451' title='bbox 1044 1480 1139 1509; x_wconf 71' lang='lat' dir='ltr'><strong>Vecte:</strong></span> <span class='ocrx_word' id='word_1_452' title='bbox 1147 1479 1270 1507; x_wconf 84' lang='lat' dir='ltr'><strong>Damasci</strong></span> <span class='ocrx_word' id='word_1_453' title='bbox 1278 1479 1460 1513; x_wconf 77' lang='lat' dir='ltr'><strong>confringam.</strong></span> <span class='ocrx_word' id='word_1_454' title='bbox 1466 1485 1475 1501; x_wconf 75' lang='grc' dir='ltr'><strong>ι</strong></span> <span class='ocrx_word' id='word_1_455' title='bbox 1485 1474 1522 1502; x_wconf 86' lang='lat' dir='ltr'><strong>Ita</strong></span> <span class='ocrx_word' id='word_1_456' title='bbox 1529 1474 1639 1502; x_wconf 89' lang='lat' dir='ltr'><strong>demum</strong></span> <span class='ocrx_word' id='word_1_457' title='bbox 1648 1480 1696 1500; x_wconf 90' lang='lat' dir='ltr'><strong>eos</strong></span> <span class='ocrx_word' id='word_1_458' title='bbox 1702 1479 1800 1500; x_wconf 86' lang='lat' dir='ltr'><strong>omnes</strong></span> 
     </span>
    </p>
   </div>
   <div class='ocr_carea' id='block_1_62' title="bbox 177 1518 963 1570">
    <p class='ocr_par' dir='ltr' id='par_1_62' title="bbox 177 1524 961 1560">
     <span class='ocr_line' id='line_1_62' title="bbox 177 1524 961 1560; baseline 0 -9"><span class='ocrx_word' id='word_1_459' title='bbox 177 1525 240 1557; x_wconf 79' lang='grc' dir='ltr'>τοὺς</span> <span class='ocrx_word' id='word_1_460' title='bbox 255 1526 288 1551; x_wconf 81' lang='grc' dir='ltr'><strong>ἐκ</strong></span> <span class='ocrx_word' id='word_1_461' title='bbox 301 1525 351 1560; x_wconf 86' lang='grc' dir='ltr'>τῆς</span> <span class='ocrx_word' id='word_1_462' title='bbox 362 1525 473 1560; x_wconf 76' lang='grc' dir='ltr'>Χαρρὰν</span> <span class='ocrx_word' id='word_1_463' title='bbox 499 1524 695 1560; x_wconf 65' lang='grc' dir='ltr'>παροικῶντας</span> <span class='ocrx_word' id='word_1_464' title='bbox 714 1526 804 1556; x_wconf 82' lang='grc' dir='ltr'>αὐτοῖς</span> <span class='ocrx_word' id='word_1_465' title='bbox 822 1525 961 1560; x_wconf 84' lang='grc' dir='ltr'>ἀφανίσαι,</span> 
     </span>
    </p>
   </div>
   <div class='ocr_carea' id='block_1_63' title="bbox 1014 1518 1798 1570">
    <p class='ocr_par' dir='ltr' id='par_1_63' title="bbox 1016 1518 1798 1555">
     <span class='ocr_line' id='line_1_63' title="bbox 1016 1518 1798 1555; baseline -0.014 -1"><span class='ocrx_word' id='word_1_466' title='bbox 1016 1527 1137 1554; x_wconf 78' lang='lat' dir='ltr'><strong>funditus</strong></span> <span class='ocrx_word' id='word_1_467' title='bbox 1161 1525 1320 1555; x_wconf 87' lang='lat' dir='ltr'><strong>destruam,</strong></span> <span class='ocrx_word' id='word_1_468' title='bbox 1337 1528 1366 1549; x_wconf 90' lang='lat' dir='ltr'><strong>ut</strong></span> <span class='ocrx_word' id='word_1_469' title='bbox 1389 1522 1519 1548; x_wconf 77' lang='lat' dir='ltr'><strong>ﬁnitimos</strong></span> <span class='ocrx_word' id='word_1_470' title='bbox 1542 1527 1650 1555; x_wconf 81' lang='lat' dir='ltr'><strong>quoque</strong></span> <span class='ocrx_word' id='word_1_471' title='bbox 1675 1518 1798 1545; x_wconf 79' lang='lat' dir='ltr'><strong>Cliarran</strong></span> 
     </span>
    </p>
   </div>
   <div class='ocr_carea' id='block_1_64' title="bbox 179 1570 963 1606">
    <p class='ocr_par' dir='ltr' id='par_1_64' title="bbox 179 1570 963 1606">
     <span class='ocr_line' id='line_1_64' title="bbox 179 1570 963 1606; baseline 0.001 -10"><span class='ocrx_word' id='word_1_472' title='bbox 179 1570 283 1605; x_wconf 83' lang='grc' dir='ltr'>πολλὴν</span> <span class='ocrx_word' id='word_1_473' title='bbox 298 1570 388 1602; x_wconf 81' lang='grc' dir='ltr'>αὐτοῖς</span> <span class='ocrx_word' id='word_1_474' title='bbox 403 1573 435 1597; x_wconf 77' lang='grc' dir='ltr'>ὲκ</span> <span class='ocrx_word' id='word_1_475' title='bbox 447 1571 496 1605; x_wconf 83' lang='grc' dir='ltr'>τῆς</span> <span class='ocrx_word' id='word_1_476' title='bbox 510 1570 613 1602; x_wconf 83' lang='grc' dir='ltr'>οίκείας</span> <span class='ocrx_word' id='word_1_477' title='bbox 622 1571 761 1606; x_wconf 86' lang='grc' dir='ltr'>δυνάμεως</span> <span class='ocrx_word' id='word_1_478' title='bbox 777 1570 963 1606; x_wconf 66' lang='grc' dir='ltr'>ὑποπτευομέ-</span> 
     </span>
    </p>
   </div>
   <div class='ocr_carea' id='block_1_65' title="bbox 179 1616 962 1652">
    <p class='ocr_par' dir='ltr' id='par_1_65' title="bbox 179 1616 962 1652">
     <span class='ocr_line' id='line_1_65' title="bbox 179 1616 962 1652; baseline -0.001 -10"><span class='ocrx_word' id='word_1_479' title='bbox 179 1625 229 1650; x_wconf 89' lang='grc' dir='ltr'><strong>νης</strong></span> <span class='ocrx_word' id='word_1_480' title='bbox 247 1616 378 1652; x_wconf 81' lang='grc' dir='ltr'>παρέχειν</span> <span class='ocrx_word' id='word_1_481' title='bbox 390 1616 512 1652; x_wconf 77' lang='grc' dir='ltr'>βοήθειαν</span> <span class='ocrx_word' id='word_1_482' title='bbox 522 1623 528 1630; x_wconf 94' lang='grc'><strong>·</strong></span> <span class='ocrx_word' id='word_1_483' title='bbox 546 1617 592 1643; x_wconf 74' lang='grc' dir='ltr'>καὶ</span> <span class='ocrx_word' id='word_1_484' title='bbox 610 1616 748 1651; x_wconf 81' lang='grc' dir='ltr'>συντόμως</span> <span class='ocrx_word' id='word_1_485' title='bbox 761 1617 858 1647; x_wconf 76' lang='grc' dir='ltr'>εἰπεῖν,</span> <span class='ocrx_word' id='word_1_486' title='bbox 875 1616 962 1642; x_wconf 73' lang='grc' dir='ltr'>ἃπαν-</span> 
     </span>
    </p>
   </div>
   <div class='ocr_carea' id='block_1_66' title="bbox 180 1659 964 1697">
    <p class='ocr_par' dir='ltr' id='par_1_66' title="bbox 180 1659 964 1697">
     <span class='ocr_line' id='line_1_66' title="bbox 180 1659 964 1697; baseline 0 -9"><span class='ocrx_word' id='word_1_487' title='bbox 180 1671 229 1693; x_wconf 91' lang='grc' dir='ltr'><strong>τας</strong></span> <span class='ocrx_word' id='word_1_488' title='bbox 242 1662 308 1693; x_wconf 78' lang='grc' dir='ltr'>τοὺς</span> <span class='ocrx_word' id='word_1_489' title='bbox 323 1662 371 1697; x_wconf 75' lang='grc' dir='ltr'>τῆς</span> <span class='ocrx_word' id='word_1_490' title='bbox 400 1662 536 1696; x_wconf 80' lang='grc' dir='ltr'>βασιλείας</span> <span class='ocrx_word' id='word_1_491' title='bbox 557 1661 675 1696; x_wconf 79' lang='grc' dir='ltr'>ἐκείνης,</span> <span class='ocrx_word' id='word_1_492' title='bbox 689 1659 729 1693; x_wconf 75' lang='grc' dir='ltr'><strong>οἷς</strong></span> <span class='ocrx_word' id='word_1_493' title='bbox 750 1662 864 1697; x_wconf 76' lang='grc' dir='ltr'>ἐπίκλην</span> <span class='ocrx_word' id='word_1_494' title='bbox 880 1662 964 1696; x_wconf 75' lang='grc' dir='ltr'>ὄνομα</span> 
     </span>
    </p>
   </div>
   <div class='ocr_carea' id='block_1_67' title="bbox 181 1707 785 1745">
    <p class='ocr_par' dir='ltr' id='par_1_67' title="bbox 181 1707 785 1745">
     <span class='ocr_line' id='line_1_67' title="bbox 181 1707 785 1745; baseline -0.002 -10"><span class='ocrx_word' id='word_1_495' title='bbox 181 1709 278 1745; x_wconf 67' lang='grc' dir='ltr'>Συρία,</span> <span class='ocrx_word' id='word_1_496' title='bbox 295 1708 468 1744; x_wconf 72' lang='grc' dir='ltr'>αἰχμαλωσίᾳ</span> <span class='ocrx_word' id='word_1_497' title='bbox 480 1708 606 1734; x_wconf 82' lang='grc' dir='ltr'>παντελεί</span> <span class='ocrx_word' id='word_1_498' title='bbox 621 1707 785 1743; x_wconf 81' lang='grc' dir='ltr'>παραδώσω.</span> 
     </span>
    </p>
   </div>
   <div class='ocr_carea' id='block_1_68' title="bbox 217 1796 966 1834">
    <p class='ocr_par' dir='ltr' id='par_1_68' title="bbox 217 1796 966 1834">
     <span class='ocr_line' id='line_1_68' title="bbox 217 1796 966 1834; baseline -0.003 -10"><span class='ocrx_word' id='word_1_499' title='bbox 217 1798 292 1834; x_wconf 87' lang='grc' dir='ltr'>Στίχ.</span> <span class='ocrx_word' id='word_1_500' title='bbox 308 1798 384 1834; x_wconf 83' lang='grc' dir='ltr'><strong>ς’-η¹.</strong></span> <span class='ocrx_word' id='word_1_501' title='bbox 398 1811 433 1818; x_wconf 83' lang='lat'><em>-</em></span> <span class='ocrx_word' id='word_1_502' title='bbox 442 1807 453 1823; x_wconf 75' lang='grc' dir='ltr'><strong>ι</strong></span> <span class='ocrx_word' id='word_1_503' title='bbox 470 1797 539 1824; x_wconf 79' lang='grc' dir='ltr'>Τάδε</span> <span class='ocrx_word' id='word_1_504' title='bbox 553 1797 626 1831; x_wconf 81' lang='grc' dir='ltr'>λέγει</span> <span class='ocrx_word' id='word_1_505' title='bbox 641 1796 750 1830; x_wconf 69' lang='grc' dir='ltr'><strong>Κύριος⁵</strong></span> <span class='ocrx_word' id='word_1_506' title='bbox 767 1796 828 1823; x_wconf 78' lang='grc' dir='ltr'><strong>Ἐπὶ</strong></span> <span class='ocrx_word' id='word_1_507' title='bbox 839 1797 900 1826; x_wconf 83' lang='grc' dir='ltr'>ταῖς</span> <span class='ocrx_word' id='word_1_508' title='bbox 909 1804 966 1831; x_wconf 83' lang='grc' dir='ltr'>τρι-</span> 
     </span>
    </p>
   </div>
   <div class='ocr_carea' id='block_1_69' title="bbox 183 1843 968 1879">
    <p class='ocr_par' dir='ltr' id='par_1_69' title="bbox 183 1843 968 1879">
     <span class='ocr_line' id='line_1_69' title="bbox 183 1843 968 1879; baseline -0.005 -7"><span class='ocrx_word' id='word_1_509' title='bbox 183 1845 226 1872; x_wconf 84' lang='grc' dir='ltr'>σὶν</span> <span class='ocrx_word' id='word_1_510' title='bbox 235 1845 374 1876; x_wconf 81' lang='grc' dir='ltr'>ἀσεϐείαις</span> <span class='ocrx_word' id='word_1_511' title='bbox 385 1843 474 1879; x_wconf 77' lang='grc' dir='ltr'>Γάζης</span> <span class='ocrx_word' id='word_1_512' title='bbox 483 1844 532 1870; x_wconf 72' lang='grc' dir='ltr'>καὶ</span> <span class='ocrx_word' id='word_1_513' title='bbox 548 1843 594 1869; x_wconf 77' lang='grc' dir='ltr'><strong>ἐπὶ</strong></span> <span class='ocrx_word' id='word_1_514' title='bbox 607 1844 667 1874; x_wconf 84' lang='grc' dir='ltr'>ταῖς</span> <span class='ocrx_word' id='word_1_515' title='bbox 680 1843 887 1878; x_wconf 77' lang='grc' dir='ltr'>τέσσαρσινοὺκ</span> <span class='ocrx_word' id='word_1_516' title='bbox 901 1843 968 1869; x_wconf 83' lang='grc' dir='ltr'>ἁπο-</span> 
     </span>
    </p>
   </div>
   <div class='ocr_carea' id='block_1_70' title="bbox 184 1887 968 1927">
    <p class='ocr_par' dir='ltr' id='par_1_70' title="bbox 184 1887 968 1927">
     <span class='ocr_line' id='line_1_70' title="bbox 184 1887 968 1927; baseline -0.006 -9"><span class='ocrx_word' id='word_1_517' title='bbox 184 1892 290 1927; x_wconf 80' lang='grc' dir='ltr'>στραφή</span> <span class='ocrx_word' id='word_1_518' title='bbox 294 1899 375 1925; x_wconf 89' lang='grc' dir='ltr'>σομαι</span> <span class='ocrx_word' id='word_1_519' title='bbox 381 1890 489 1922; x_wconf 78' lang='grc' dir='ltr'>αὐτοὺς,</span> <span class='ocrx_word' id='word_1_520' title='bbox 495 1889 586 1916; x_wconf 71' lang='grc' dir='ltr'>ἕνεκεν</span> <span class='ocrx_word' id='word_1_521' title='bbox 593 1889 641 1915; x_wconf 81' lang='grc' dir='ltr'>τοῦ</span> <span class='ocrx_word' id='word_1_522' title='bbox 647 1887 864 1924; x_wconf 84' lang='grc' dir='ltr'>αίχμαλωτεῦσαι</span> <span class='ocrx_word' id='word_1_523' title='bbox 870 1888 968 1920; x_wconf 76' lang='grc' dir='ltr'>αὐτοὺς</span> 
     </span>
    </p>
   </div>
   <div class='ocr_carea' id='block_1_71' title="bbox 184 1933 970 1971">
    <p class='ocr_par' dir='ltr' id='par_1_71' title="bbox 184 1933 970 1971">
     <span class='ocr_line' id='line_1_71' title="bbox 184 1933 970 1971; baseline -0.008 -7"><span class='ocrx_word' id='word_1_524' title='bbox 184 1935 372 1971; x_wconf 81' lang='grc' dir='ltr'>αἰχμαλωσίαν</span> <span class='ocrx_word' id='word_1_525' title='bbox 386 1935 520 1970; x_wconf 84' lang='grc' dir='ltr'>Σολομὼν,</span> <span class='ocrx_word' id='word_1_526' title='bbox 532 1935 579 1961; x_wconf 82' lang='grc' dir='ltr'>τοῦ</span> <span class='ocrx_word' id='word_1_527' title='bbox 597 1934 752 1968; x_wconf 83' lang='grc' dir='ltr'>συγκλεῖσαι</span> <span class='ocrx_word' id='word_1_528' title='bbox 768 1934 808 1965; x_wconf 85' lang='grc' dir='ltr'><strong>είς</strong></span> <span class='ocrx_word' id='word_1_529' title='bbox 823 1933 872 1968; x_wconf 84' lang='grc' dir='ltr'>τὴν</span> <span class='ocrx_word' id='word_1_530' title='bbox 891 1933 970 1959; x_wconf 87' lang='grc' dir='ltr'>Ἰδου-</span> 
     </span>
    </p>
   </div>
   <div class='ocr_carea' id='block_1_72' title="bbox 186 1979 969 2018">
    <p class='ocr_par' dir='ltr' id='par_1_72' title="bbox 186 1979 969 2018">
     <span class='ocr_line' id='line_1_72' title="bbox 186 1979 969 2018; baseline -0.006 -9"><span class='ocrx_word' id='word_1_531' title='bbox 186 1982 337 2018; x_wconf 74' lang='grc' dir='ltr'>μαίαν.»Τὸ</span> <span class='ocrx_word' id='word_1_532' title='bbox 343 1982 409 2009; x_wconf 82' lang='grc' dir='ltr'>αὐτὸ</span> <span class='ocrx_word' id='word_1_533' title='bbox 418 1981 492 2016; x_wconf 80' lang='grc' dir='ltr'>λέγει</span> <span class='ocrx_word' id='word_1_534' title='bbox 505 1980 653 2012; x_wconf 76' lang='grc' dir='ltr'>κάνταῦθα,</span> <span class='ocrx_word' id='word_1_535' title='bbox 669 1980 710 2006; x_wconf 83' lang='grc' dir='ltr'>ὅτι</span> <span class='ocrx_word' id='word_1_536' title='bbox 727 1979 831 2011; x_wconf 84' lang='grc' dir='ltr'>Πολλὰς</span> <span class='ocrx_word' id='word_1_537' title='bbox 845 1979 969 2009; x_wconf 82' lang='grc' dir='ltr'>ἀσεϐείας</span> 
     </span>
    </p>
   </div>
   <div class='ocr_carea' id='block_1_73' title="bbox 185 2023 972 2062">
    <p class='ocr_par' dir='ltr' id='par_1_73' title="bbox 185 2023 972 2062">
     <span class='ocr_line' id='line_1_73' title="bbox 185 2023 972 2062; baseline -0.009 -7"><span class='ocrx_word' id='word_1_538' title='bbox 185 2027 381 2062; x_wconf 81' lang='grc' dir='ltr'>ἐργασαμένων</span> <span class='ocrx_word' id='word_1_539' title='bbox 394 2027 441 2053; x_wconf 76' lang='grc' dir='ltr'>καὶ</span> <span class='ocrx_word' id='word_1_540' title='bbox 453 2025 636 2060; x_wconf 82' lang='grc' dir='ltr'>ἐπιμενόντων</span> <span class='ocrx_word' id='word_1_541' title='bbox 645 2026 678 2059; x_wconf 87' lang='grc' dir='ltr'><strong>τῇ</strong></span> <span class='ocrx_word' id='word_1_542' title='bbox 687 2024 821 2059; x_wconf 76' lang='grc' dir='ltr'>μοχθηρίᾳ</span> <span class='ocrx_word' id='word_1_543' title='bbox 835 2023 885 2058; x_wconf 85' lang='grc' dir='ltr'>τῆς</span> <span class='ocrx_word' id='word_1_544' title='bbox 900 2023 972 2057; x_wconf 86' lang='grc' dir='ltr'>γνώ-</span> 
     </span>
    </p>
   </div>
   <div class='ocr_carea' id='block_1_74' title="bbox 187 2068 971 2110">
    <p class='ocr_par' dir='ltr' id='par_1_74' title="bbox 187 2068 971 2110">
     <span class='ocr_line' id='line_1_74' title="bbox 187 2068 971 2110; baseline -0.009 -10"><span class='ocrx_word' id='word_1_545' title='bbox 187 2083 253 2110; x_wconf 84' lang='grc' dir='ltr'>μης,</span> <span class='ocrx_word' id='word_1_546' title='bbox 267 2074 317 2099; x_wconf 75' lang='grc' dir='ltr'>οὐκ</span> <span class='ocrx_word' id='word_1_547' title='bbox 327 2071 456 2106; x_wconf 79' lang='grc' dir='ltr'>ἀνέξομαι</span> <span class='ocrx_word' id='word_1_548' title='bbox 469 2070 510 2096; x_wconf 73' lang='grc' dir='ltr'>ἔτι</span> <span class='ocrx_word' id='word_1_549' title='bbox 520 2078 528 2085; x_wconf 81' lang='grc' dir='ltr'><strong>ο</strong></span> <span class='ocrx_word' id='word_1_550' title='bbox 541 2070 656 2105; x_wconf 76' lang='grc' dir='ltr'>μάλιστα</span> <span class='ocrx_word' id='word_1_551' title='bbox 666 2069 694 2096; x_wconf 87' lang='grc' dir='ltr'><strong>δέ</strong></span> <span class='ocrx_word' id='word_1_552' title='bbox 709 2069 807 2099; x_wconf 79' lang='grc' dir='ltr'>αὐτοὺς</span> <span class='ocrx_word' id='word_1_553' title='bbox 821 2068 971 2103; x_wconf 80' lang='grc' dir='ltr'>τιμωρήσο-</span> 
     </span>
    </p>
   </div>
   <div class='ocr_carea' id='block_1_75' title="bbox 188 2113 972 2154">
    <p class='ocr_par' dir='ltr' id='par_1_75' title="bbox 188 2113 972 2154">
     <span class='ocr_line' id='line_1_75' title="bbox 188 2113 972 2154; baseline -0.008 -9"><span class='ocrx_word' id='word_1_554' title='bbox 188 2128 247 2154; x_wconf 82' lang='grc' dir='ltr'>μαι,</span> <span class='ocrx_word' id='word_1_555' title='bbox 262 2119 332 2153; x_wconf 81' lang='grc' dir='ltr'>ὑπὲρ</span> <span class='ocrx_word' id='word_1_556' title='bbox 350 2114 387 2144; x_wconf 82' lang='grc' dir='ltr'>ὧν</span> <span class='ocrx_word' id='word_1_557' title='bbox 401 2116 449 2143; x_wconf 77' lang='grc' dir='ltr'>τοῦ</span> <span class='ocrx_word' id='word_1_558' title='bbox 464 2115 633 2151; x_wconf 83' lang='grc' dir='ltr'>Σολομῶντος</span> <span class='ocrx_word' id='word_1_559' title='bbox 646 2113 832 2150; x_wconf 70' lang='grc' dir='ltr'>αἰχμαλώτους</span> <span class='ocrx_word' id='word_1_560' title='bbox 843 2113 972 2145; x_wconf 74' lang='grc' dir='ltr'>λαϐόντος</span> 
     </span>
    </p>
   </div>
   <div class='ocr_carea' id='block_1_76' title="bbox 187 2160 972 2200">
    <p class='ocr_par' dir='ltr' id='par_1_76' title="bbox 187 2160 972 2200">
     <span class='ocr_line' id='line_1_76' title="bbox 187 2160 972 2200; baseline -0.008 -8"><span class='ocrx_word' id='word_1_561' title='bbox 187 2166 250 2197; x_wconf 78' lang='grc' dir='ltr'>τοὺς</span> <span class='ocrx_word' id='word_1_562' title='bbox 257 2165 306 2200; x_wconf 81' lang='grc' dir='ltr'>τῆς</span> <span class='ocrx_word' id='word_1_563' title='bbox 319 2164 480 2199; x_wconf 84' lang='grc' dir='ltr'>Ἰδουμαίας,</span> <span class='ocrx_word' id='word_1_564' title='bbox 491 2163 538 2190; x_wconf 79' lang='grc' dir='ltr'>καὶ</span> <span class='ocrx_word' id='word_1_565' title='bbox 550 2163 603 2189; x_wconf 80' lang='grc' dir='ltr'><strong>ὑπὸ</strong></span> <span class='ocrx_word' id='word_1_566' title='bbox 615 2162 664 2197; x_wconf 85' lang='grc' dir='ltr'>τὴν</span> <span class='ocrx_word' id='word_1_567' title='bbox 674 2162 728 2188; x_wconf 85' lang='grc' dir='ltr'><strong>τῶν</strong></span> <span class='ocrx_word' id='word_1_568' title='bbox 735 2160 908 2197; x_wconf 77' lang='grc' dir='ltr'>Ἰσραηλιτῶν</span> <span class='ocrx_word' id='word_1_569' title='bbox 924 2168 972 2186; x_wconf 84' lang='grc' dir='ltr'>πε-</span> 
     </span>
    </p>
   </div>
   <div class='ocr_carea' id='block_1_77' title="bbox 1014 1562 1800 1601">
    <p class='ocr_par' dir='ltr' id='par_1_77' title="bbox 1014 1562 1800 1601">
     <span class='ocr_line' id='line_1_77' title="bbox 1014 1562 1800 1601; baseline -0.015 -2"><span class='ocrx_word' id='word_1_570' title='bbox 1014 1572 1116 1599; x_wconf 87' lang='lat' dir='ltr'><strong>incolas</strong></span> <span class='ocrx_word' id='word_1_571' title='bbox 1131 1570 1212 1598; x_wconf 91' lang='lat' dir='ltr'><strong>simul</strong></span> <span class='ocrx_word' id='word_1_572' title='bbox 1225 1569 1328 1596; x_wconf 85' lang='lat' dir='ltr'><strong>deleam</strong></span> <span class='ocrx_word' id='word_1_573' title='bbox 1344 1589 1351 1600; x_wconf 87' lang='lat'>,</span> <span class='ocrx_word' id='word_1_574' title='bbox 1369 1573 1485 1601; x_wconf 83' lang='lat' dir='ltr'><strong>quorum</strong></span> <span class='ocrx_word' id='word_1_575' title='bbox 1500 1565 1603 1592; x_wconf 84' lang='lat' dir='ltr'><strong>scilicet</strong></span> <span class='ocrx_word' id='word_1_576' title='bbox 1615 1564 1686 1590; x_wconf 90' lang='lat' dir='ltr'><strong>vires</strong></span> <span class='ocrx_word' id='word_1_577' title='bbox 1703 1562 1800 1588; x_wconf 86' lang='lat' dir='ltr'><strong>Dama-</strong></span> 
     </span>
    </p>
   </div>
   <div class='ocr_carea' id='block_1_78' title="bbox 1013 1605 1801 1645">
    <p class='ocr_par' dir='ltr' id='par_1_78' title="bbox 1013 1605 1801 1645">
     <span class='ocr_line' id='line_1_78' title="bbox 1013 1605 1801 1645; baseline -0.015 0"><span class='ocrx_word' id='word_1_578' title='bbox 1013 1625 1060 1645; x_wconf 83' lang='lat' dir='ltr'><strong>sco</strong></span> <span class='ocrx_word' id='word_1_579' title='bbox 1087 1616 1249 1644; x_wconf 84' lang='lat' dir='ltr'><strong>videbantur</strong></span> <span class='ocrx_word' id='word_1_580' title='bbox 1277 1612 1396 1640; x_wconf 87' lang='lat' dir='ltr'><strong>validum</strong></span> <span class='ocrx_word' id='word_1_581' title='bbox 1422 1610 1578 1645; x_wconf 67' lang='lat' dir='ltr'><strong>praesidium</strong></span> <span class='ocrx_word' id='word_1_582' title='bbox 1600 1608 1738 1636; x_wconf 80' lang='lat' dir='ltr'><strong>exhibere.</strong></span> <span class='ocrx_word' id='word_1_583' title='bbox 1766 1605 1801 1633; x_wconf 86' lang='lat' dir='ltr'><strong>Ut</strong></span> 
     </span>
    </p>
   </div>
   <div class='ocr_carea' id='block_1_79' title="bbox 1014 1652 1799 1693">
    <p class='ocr_par' dir='ltr' id='par_1_79' title="bbox 1014 1652 1799 1693">
     <span class='ocr_line' id='line_1_79' title="bbox 1014 1652 1799 1693; baseline -0.017 -2"><span class='ocrx_word' id='word_1_584' title='bbox 1014 1664 1132 1691; x_wconf 78' lang='lat' dir='ltr'><strong>breviter</strong></span> <span class='ocrx_word' id='word_1_585' title='bbox 1155 1662 1259 1693; x_wconf 82' lang='lat' dir='ltr'><strong>dicam,</strong></span> <span class='ocrx_word' id='word_1_586' title='bbox 1285 1664 1398 1688; x_wconf 90' lang='lat' dir='ltr'><strong>cunctos</strong></span> <span class='ocrx_word' id='word_1_587' title='bbox 1421 1656 1497 1692; x_wconf 78' lang='lat' dir='ltr'><strong>regni</strong></span> <span class='ocrx_word' id='word_1_588' title='bbox 1524 1656 1584 1690; x_wconf 85' lang='lat' dir='ltr'><strong>ejus</strong></span> <span class='ocrx_word' id='word_1_589' title='bbox 1605 1655 1726 1684; x_wconf 80' lang='lat' dir='ltr'><strong>incolas.</strong></span> <span class='ocrx_word' id='word_1_590' title='bbox 1752 1652 1799 1687; x_wconf 83' lang='lat' dir='ltr'><strong>qui</strong></span> 
     </span>
    </p>
   </div>
   <div class='ocr_carea' id='block_1_80' title="bbox 1016 1698 1796 1744">
    <p class='ocr_par' dir='ltr' id='par_1_80' title="bbox 1016 1698 1796 1744">
     <span class='ocr_line' id='line_1_80' title="bbox 1016 1698 1796 1744; baseline -0.015 -7"><span class='ocrx_word' id='word_1_591' title='bbox 1016 1709 1102 1744; x_wconf 59' lang='lat' dir='ltr'><strong>Syriae</strong></span> <span class='ocrx_word' id='word_1_592' title='bbox 1127 1706 1260 1735; x_wconf 84' lang='lat' dir='ltr'><strong>vocabulo</strong></span> <span class='ocrx_word' id='word_1_593' title='bbox 1284 1703 1482 1739; x_wconf 70' lang='lat' dir='ltr'><strong>indigitantur,</strong></span> <span class='ocrx_word' id='word_1_594' title='bbox 1498 1700 1607 1728; x_wconf 84' lang='lat' dir='ltr'><strong>servitio</strong></span> <span class='ocrx_word' id='word_1_595' title='bbox 1630 1698 1796 1726; x_wconf 80' lang='lat' dir='ltr'><strong>addiccndos</strong></span> 
     </span>
    </p>
   </div>
   <div class='ocr_carea' id='block_1_81' title="bbox 1016 1755 1129 1782">
    <p class='ocr_par' dir='ltr' id='par_1_81' title="bbox 1016 1755 1129 1782">
     <span class='ocr_line' id='line_1_81' title="bbox 1016 1755 1129 1782; baseline -0.018 0"><span class='ocrx_word' id='word_1_596' title='bbox 1016 1755 1129 1782; x_wconf 82' lang='lat' dir='ltr'><strong>curabo.</strong></span> 
     </span>
    </p>
   </div>
   <div class='ocr_carea' id='block_1_82' title="bbox 1050 1787 1803 1835">
    <p class='ocr_par' dir='ltr' id='par_1_82' title="bbox 1050 1787 1803 1835">
     <span class='ocr_line' id='line_1_82' title="bbox 1050 1787 1803 1835; baseline -0.017 -9"><span class='ocrx_word' id='word_1_597' title='bbox 1050 1799 1107 1835; x_wconf 75' lang='lat'><strong>98</strong></span> <span class='ocrx_word' id='word_1_598' title='bbox 1121 1797 1202 1825; x_wconf 74' lang='lat' dir='ltr'><strong>Vsus.</strong></span> <span class='ocrx_word' id='word_1_599' title='bbox 1220 1797 1323 1824; x_wconf 83' lang='lat'><strong>6-8.—</strong></span> <span class='ocrx_word' id='word_1_600' title='bbox 1333 1806 1342 1822; x_wconf 78' lang='grc' dir='ltr'><strong>ι</strong></span> <span class='ocrx_word' id='word_1_601' title='bbox 1354 1795 1416 1823; x_wconf 62' lang='grc' dir='ltr'><strong>Πᾶσα</strong></span> <span class='ocrx_word' id='word_1_602' title='bbox 1430 1795 1467 1822; x_wconf 90' lang='lat' dir='ltr'><strong>ait</strong></span> <span class='ocrx_word' id='word_1_603' title='bbox 1482 1793 1612 1822; x_wconf 88' lang='lat' dir='ltr'><strong>Dominus</strong></span> <span class='ocrx_word' id='word_1_604' title='bbox 1626 1801 1633 1818; x_wconf 87' lang='lat'><strong>:</strong></span> <span class='ocrx_word' id='word_1_605' title='bbox 1652 1790 1739 1824; x_wconf 90' lang='lat' dir='ltr'><strong>Super</strong></span> <span class='ocrx_word' id='word_1_606' title='bbox 1754 1787 1803 1814; x_wconf 88' lang='lat' dir='ltr'><strong>tri-</strong></span> 
     </span>
    </p>
   </div>
   <div class='ocr_carea' id='block_1_83' title="bbox 1017 1842 1803 1875">
    <p class='ocr_par' dir='ltr' id='par_1_83' title="bbox 1017 1842 1803 1875">
     <span class='ocr_line' id='line_1_83' title="bbox 1017 1842 1803 1875; baseline -0.017 -3"><span class='ocrx_word' id='word_1_607' title='bbox 1017 1846 1068 1872; x_wconf 84' lang='lat' dir='ltr'><strong>bus</strong></span> <span class='ocrx_word' id='word_1_608' title='bbox 1082 1845 1161 1872; x_wconf 56' lang='lat' dir='ltr'><strong>Gaza!</strong></span> <span class='ocrx_word' id='word_1_609' title='bbox 1175 1842 1324 1871; x_wconf 88' lang='lat' dir='ltr'><strong>sceleribus</strong></span> <span class='ocrx_word' id='word_1_610' title='bbox 1339 1845 1366 1869; x_wconf 91' lang='lat' dir='ltr'><strong>et</strong></span> <span class='ocrx_word' id='word_1_611' title='bbox 1382 1848 1463 1875; x_wconf 88' lang='lat' dir='ltr'><strong>super</strong></span> <span class='ocrx_word' id='word_1_612' title='bbox 1476 1842 1602 1874; x_wconf 82' lang='lat' dir='ltr'><strong>quatuor,</strong></span> <span class='ocrx_word' id='word_1_613' title='bbox 1623 1843 1676 1863; x_wconf 92' lang='lat' dir='ltr'><strong>non</strong></span> <span class='ocrx_word' id='word_1_614' title='bbox 1693 1842 1803 1861; x_wconf 85' lang='lat' dir='ltr'><strong>aversa-</strong></span> 
     </span>
    </p>
   </div>
   <div class='ocr_carea' id='block_1_84' title="bbox 1017 1878 1804 1924">
    <p class='ocr_par' dir='ltr' id='par_1_84' title="bbox 1017 1878 1804 1924">
     <span class='ocr_line' id='line_1_84' title="bbox 1017 1878 1804 1924; baseline -0.019 -5"><span class='ocrx_word' id='word_1_615' title='bbox 1017 1892 1068 1919; x_wconf 90' lang='lat' dir='ltr'><strong>bor</strong></span> <span class='ocrx_word' id='word_1_616' title='bbox 1080 1898 1127 1918; x_wconf 87' lang='lat' dir='ltr'><strong>eos</strong></span> <span class='ocrx_word' id='word_1_617' title='bbox 1137 1909 1145 1922; x_wconf 87' lang='lat'><strong><em>,</em></strong></span> <span class='ocrx_word' id='word_1_618' title='bbox 1160 1892 1301 1924; x_wconf 89' lang='lat' dir='ltr'><strong>propterea</strong></span> <span class='ocrx_word' id='word_1_619' title='bbox 1317 1886 1390 1922; x_wconf 92' lang='lat' dir='ltr'><strong>quod</strong></span> <span class='ocrx_word' id='word_1_620' title='bbox 1413 1886 1464 1920; x_wconf 90' lang='lat' dir='ltr'><strong>ipsi</strong></span> <span class='ocrx_word' id='word_1_621' title='bbox 1480 1882 1695 1919; x_wconf 86' lang='lat' dir='ltr'><strong>mancipaverint</strong></span> <span class='ocrx_word' id='word_1_622' title='bbox 1716 1878 1804 1913; x_wconf 75' lang='lat' dir='ltr'><strong>capti-</strong></span> 
     </span>
    </p>
   </div>
   <div class='ocr_carea' id='block_1_85' title="bbox 1018 1925 1805 1965">
    <p class='ocr_par' dir='ltr' id='par_1_85' title="bbox 1018 1925 1805 1965">
     <span class='ocr_line' id='line_1_85' title="bbox 1018 1925 1805 1965; baseline -0.017 -1"><span class='ocrx_word' id='word_1_623' title='bbox 1018 1938 1128 1964; x_wconf 87' lang='lat' dir='ltr'><strong>vitatem</strong></span> <span class='ocrx_word' id='word_1_624' title='bbox 1146 1934 1319 1965; x_wconf 82' lang='lat' dir='ltr'><strong>Salomonis.</strong></span> <span class='ocrx_word' id='word_1_625' title='bbox 1343 1937 1372 1960; x_wconf 93' lang='lat' dir='ltr'><strong>ut</strong></span> <span class='ocrx_word' id='word_1_626' title='bbox 1393 1939 1453 1959; x_wconf 86' lang='lat' dir='ltr'><strong>eam</strong></span> <span class='ocrx_word' id='word_1_627' title='bbox 1477 1929 1674 1958; x_wconf 87' lang='lat' dir='ltr'><strong>concluderent</strong></span> <span class='ocrx_word' id='word_1_628' title='bbox 1694 1927 1722 1953; x_wconf 92' lang='lat' dir='ltr'><strong>in</strong></span> <span class='ocrx_word' id='word_1_629' title='bbox 1746 1925 1805 1951; x_wconf 85' lang='lat' dir='ltr'><strong>ldu-</strong></span> 
     </span>
    </p>
   </div>
   <div class='ocr_carea' id='block_1_86' title="bbox 1019 1969 1803 2014">
    <p class='ocr_par' dir='ltr' id='par_1_86' title="bbox 1019 1969 1803 2014">
     <span class='ocr_line' id='line_1_86' title="bbox 1019 1969 1803 2014; baseline -0.018 -5"><span class='ocrx_word' id='word_1_630' title='bbox 1019 1981 1136 2010; x_wconf 68' lang='lat' dir='ltr'><strong>maaam?</strong></span> <span class='ocrx_word' id='word_1_631' title='bbox 1151 1990 1160 2007; x_wconf 75' lang='grc' dir='ltr'><strong>ι</strong></span> <span class='ocrx_word' id='word_1_632' title='bbox 1172 1980 1201 2007; x_wconf 96' lang='lat' dir='ltr'><strong>ld</strong></span> <span class='ocrx_word' id='word_1_633' title='bbox 1217 1980 1305 2014; x_wconf 91' lang='lat' dir='ltr'><strong>ipsum</strong></span> <span class='ocrx_word' id='word_1_634' title='bbox 1322 1978 1366 2005; x_wconf 93' lang='lat' dir='ltr'><strong>hic</strong></span> <span class='ocrx_word' id='word_1_635' title='bbox 1386 1985 1496 2012; x_wconf 83' lang='lat' dir='ltr'><strong>quoque</strong></span> <span class='ocrx_word' id='word_1_636' title='bbox 1510 1974 1597 2007; x_wconf 85' lang='lat' dir='ltr'><strong>dicit;</strong></span> <span class='ocrx_word' id='word_1_637' title='bbox 1623 1979 1718 2006; x_wconf 84' lang='lat' dir='ltr'><strong>nempe</strong></span> <span class='ocrx_word' id='word_1_638' title='bbox 1733 1969 1803 2005; x_wconf 84' lang='lat' dir='ltr'><strong>quod</strong></span> 
     </span>
    </p>
   </div>
   <div class='ocr_carea' id='block_1_87' title="bbox 1021 2015 1803 2055">
    <p class='ocr_par' dir='ltr' id='par_1_87' title="bbox 1021 2015 1803 2055">
     <span class='ocr_line' id='line_1_87' title="bbox 1021 2015 1803 2055; baseline -0.018 0"><span class='ocrx_word' id='word_1_639' title='bbox 1021 2028 1081 2055; x_wconf 87' lang='lat' dir='ltr'><strong>illos</strong></span> <span class='ocrx_word' id='word_1_640' title='bbox 1096 2026 1246 2054; x_wconf 85' lang='lat' dir='ltr'><strong>sceleribus</strong></span> <span class='ocrx_word' id='word_1_641' title='bbox 1259 2023 1432 2052; x_wconf 85' lang='lat' dir='ltr'><strong>cumulandis</strong></span> <span class='ocrx_word' id='word_1_642' title='bbox 1445 2021 1568 2052; x_wconf 79' lang='lat' dir='ltr'><strong>deditos,</strong></span> <span class='ocrx_word' id='word_1_643' title='bbox 1583 2023 1664 2053; x_wconf 89' lang='lat' dir='ltr'><strong>atque</strong></span> <span class='ocrx_word' id='word_1_644' title='bbox 1680 2018 1706 2044; x_wconf 94' lang='lat' dir='ltr'><strong>in</strong></span> <span class='ocrx_word' id='word_1_645' title='bbox 1721 2015 1803 2043; x_wconf 87' lang='lat' dir='ltr'><strong>animi</strong></span> 
     </span>
    </p>
   </div>
   <div class='ocr_carea' id='block_1_88' title="bbox 1020 2061 1805 2108">
    <p class='ocr_par' dir='ltr' id='par_1_88' title="bbox 1020 2061 1805 2108">
     <span class='ocr_line' id='line_1_88' title="bbox 1020 2061 1805 2108; baseline -0.018 -8"><span class='ocrx_word' id='word_1_646' title='bbox 1020 2073 1151 2108; x_wconf 78' lang='lat' dir='ltr'><strong>pravitate</strong></span> <span class='ocrx_word' id='word_1_647' title='bbox 1172 2068 1418 2102; x_wconf 84' lang='lat' dir='ltr'><strong>obﬁrmatos,jam</strong></span> <span class='ocrx_word' id='word_1_648' title='bbox 1445 2066 1548 2094; x_wconf 85' lang='lat' dir='ltr'><strong>diutius</strong></span> <span class='ocrx_word' id='word_1_649' title='bbox 1572 2071 1626 2091; x_wconf 92' lang='lat' dir='ltr'><strong>non</strong></span> <span class='ocrx_word' id='word_1_650' title='bbox 1646 2063 1728 2093; x_wconf 77' lang='lat' dir='ltr'><strong>feret.</strong></span> <span class='ocrx_word' id='word_1_651' title='bbox 1750 2061 1805 2088; x_wconf 90' lang='lat' dir='ltr'><strong>imo</strong></span> 
     </span>
    </p>
   </div>
   <div class='ocr_carea' id='block_1_89' title="bbox 1022 2106 1807 2154">
    <p class='ocr_par' dir='ltr' id='par_1_89' title="bbox 1022 2106 1807 2154">
     <span class='ocr_line' id='line_1_89' title="bbox 1022 2106 1807 2154; baseline -0.018 -8"><span class='ocrx_word' id='word_1_652' title='bbox 1022 2106 1194 2154; x_wconf 83' lang='lat' dir='ltr'><strong>potissimum</strong></span> <span class='ocrx_word' id='word_1_653' title='bbox 1215 2116 1323 2151; x_wconf 77' lang='lat' dir='ltr'><strong>puniet,</strong></span> <span class='ocrx_word' id='word_1_654' title='bbox 1341 2114 1405 2149; x_wconf 89' lang='lat' dir='ltr'><strong>quia</strong></span> <span class='ocrx_word' id='word_1_655' title='bbox 1422 2121 1483 2140; x_wconf 83' lang='lat' dir='ltr'><strong>cuin</strong></span> <span class='ocrx_word' id='word_1_656' title='bbox 1500 2111 1628 2138; x_wconf 86' lang='lat' dir='ltr'><strong>Salomon</strong></span> <span class='ocrx_word' id='word_1_657' title='bbox 1646 2109 1673 2135; x_wconf 89' lang='lat' dir='ltr'><strong>in</strong></span> <span class='ocrx_word' id='word_1_658' title='bbox 1691 2106 1807 2142; x_wconf 86' lang='lat' dir='ltr'><strong>captivi--</strong></span> 
     </span>
    </p>
   </div>
   <div class='ocr_carea' id='block_1_90' title="bbox 1024 2151 1805 2195">
    <p class='ocr_par' dir='ltr' id='par_1_90' title="bbox 1024 2151 1805 2195">
     <span class='ocr_line' id='line_1_90' title="bbox 1024 2151 1805 2195; baseline -0.019 -3"><span class='ocrx_word' id='word_1_659' title='bbox 1024 2151 1105 2192; x_wconf 79' lang='lat' dir='ltr'><strong>talem</strong></span> <span class='ocrx_word' id='word_1_660' title='bbox 1128 2163 1261 2190; x_wconf 78' lang='lat' dir='ltr'><strong>ldumaaos</strong></span> <span class='ocrx_word' id='word_1_661' title='bbox 1286 2160 1451 2195; x_wconf 83' lang='lat' dir='ltr'><strong>redegisset,</strong></span> <span class='ocrx_word' id='word_1_662' title='bbox 1469 2161 1550 2192; x_wconf 88' lang='lat' dir='ltr'><strong>atque</strong></span> <span class='ocrx_word' id='word_1_663' title='bbox 1576 2153 1686 2182; x_wconf 85' lang='lat' dir='ltr'><strong>lsraelis</strong></span> <span class='ocrx_word' id='word_1_664' title='bbox 1709 2151 1805 2179; x_wconf 84' lang='lat' dir='ltr'><strong>ditioni</strong></span> 
     </span>
    </p>
   </div>
   <div class='ocr_carea' id='block_1_91' title="bbox 188 2197 963 2246">
    <p class='ocr_par' dir='ltr' id='par_1_91' title="bbox 188 2205 963 2245">
     <span class='ocr_line' id='line_1_91' title="bbox 188 2205 963 2245; baseline -0.006 -9"><span class='ocrx_word' id='word_1_665' title='bbox 188 2210 332 2245; x_wconf 86' lang='grc' dir='ltr'>ποιηκότος</span> <span class='ocrx_word' id='word_1_666' title='bbox 340 2208 519 2241; x_wconf 79' lang='grc' dir='ltr'>ὲξουσίαν,ὠς</span> <span class='ocrx_word' id='word_1_667' title='bbox 529 2208 576 2234; x_wconf 76' lang='grc' dir='ltr'>καὶ</span> <span class='ocrx_word' id='word_1_668' title='bbox 583 2207 706 2233; x_wconf 86' lang='grc' dir='ltr'>πλεῖστον</span> <span class='ocrx_word' id='word_1_669' title='bbox 716 2206 813 2237; x_wconf 73' lang='grc' dir='ltr'>αὐτοὺς</span> <span class='ocrx_word' id='word_1_670' title='bbox 820 2206 867 2232; x_wconf 75' lang='grc' dir='ltr'>ἐπὶ</span> <span class='ocrx_word' id='word_1_671' title='bbox 878 2205 963 2232; x_wconf 84' lang='grc' dir='ltr'>τούτοι</span> 
     </span>
    </p>
   </div>
   <div class='ocr_carea' id='block_1_92' title="bbox 1014 2197 1806 2246">
    <p class='ocr_par' dir='ltr' id='par_1_92' title="bbox 1025 2197 1806 2246">
     <span class='ocr_line' id='line_1_92' title="bbox 1025 2197 1806 2246; baseline -0.022 -7"><span class='ocrx_word' id='word_1_672' title='bbox 1025 2211 1186 2246; x_wconf 80' lang='lat' dir='ltr'><strong>adjecisset.</strong></span> <span class='ocrx_word' id='word_1_673' title='bbox 1216 2208 1253 2235; x_wconf 88' lang='lat' dir='ltr'><strong>ita</strong></span> <span class='ocrx_word' id='word_1_674' title='bbox 1277 2209 1306 2234; x_wconf 90' lang='lat' dir='ltr'><strong>ut</strong></span> <span class='ocrx_word' id='word_1_675' title='bbox 1328 2204 1438 2232; x_wconf 62' lang='lat' dir='ltr'><strong>Idumaei</strong></span> <span class='ocrx_word' id='word_1_676' title='bbox 1462 2203 1509 2231; x_wconf 90' lang='lat' dir='ltr'><strong>diu</strong></span> <span class='ocrx_word' id='word_1_677' title='bbox 1529 2202 1556 2229; x_wconf 88' lang='lat' dir='ltr'><strong>in</strong></span> <span class='ocrx_word' id='word_1_678' title='bbox 1576 2201 1627 2227; x_wconf 85' lang='lat' dir='ltr'><strong>hac</strong></span> <span class='ocrx_word' id='word_1_679' title='bbox 1651 2197 1806 2246; x_wconf 76' lang='lat' dir='ltr'><strong>conditione</strong></span> 
     </span>
    </p>
   </div>
   <div class='ocr_carea' id='block_1_93' title="bbox 187 2247 972 2291">
    <p class='ocr_par' dir='ltr' id='par_1_93' title="bbox 187 2247 972 2291">
     <span class='ocr_line' id='line_1_93' title="bbox 187 2247 972 2291; baseline -0.006 -9"><span class='ocrx_word' id='word_1_680' title='bbox 187 2255 323 2291; x_wconf 78' lang='grc' dir='ltr'>διαμεῖναι</span> <span class='ocrx_word' id='word_1_681' title='bbox 336 2254 381 2281; x_wconf 78' lang='grc' dir='ltr'>τοῦ</span> <span class='ocrx_word' id='word_1_682' title='bbox 390 2255 535 2290; x_wconf 80' lang='grc' dir='ltr'>σχήματος,</span> <span class='ocrx_word' id='word_1_683' title='bbox 543 2252 735 2287; x_wconf 76' lang='grc' dir='ltr'>ἐπεληλυθότες</span> <span class='ocrx_word' id='word_1_684' title='bbox 743 2247 814 2278; x_wconf 69' lang='grc' dir='ltr'>οὗτοι</span> <span class='ocrx_word' id='word_1_685' title='bbox 823 2251 933 2286; x_wconf 80' lang='grc' dir='ltr'>ἁφείλόν</span> <span class='ocrx_word' id='word_1_686' title='bbox 941 2259 972 2277; x_wconf 87' lang='grc' dir='ltr'><strong>τε</strong></span> 
     </span>
    </p>
   </div>
   <div class='ocr_carea' id='block_1_94' title="bbox 187 2297 973 2338">
    <p class='ocr_par' dir='ltr' id='par_1_94' title="bbox 187 2297 973 2338">
     <span class='ocr_line' id='line_1_94' title="bbox 187 2297 973 2338; baseline -0.008 -9"><span class='ocrx_word' id='word_1_687' title='bbox 187 2303 237 2338; x_wconf 78' lang='grc' dir='ltr'>τὴν</span> <span class='ocrx_word' id='word_1_688' title='bbox 248 2301 434 2337; x_wconf 77' lang='grc' dir='ltr'>αἰχμαλωσίαν</span> <span class='ocrx_word' id='word_1_689' title='bbox 450 2300 555 2335; x_wconf 84' lang='grc' dir='ltr'>ἐκείνην</span> <span class='ocrx_word' id='word_1_690' title='bbox 563 2299 681 2334; x_wconf 79' lang='grc' dir='ltr'>πολέμου</span> <span class='ocrx_word' id='word_1_691' title='bbox 688 2298 771 2333; x_wconf 84' lang='grc' dir='ltr'>νόμῳ,</span> <span class='ocrx_word' id='word_1_692' title='bbox 781 2297 828 2324; x_wconf 77' lang='grc' dir='ltr'>καὶ</span> <span class='ocrx_word' id='word_1_693' title='bbox 841 2297 973 2332; x_wconf 79' lang='grc' dir='ltr'>συνηνάγ-</span> 
     </span>
    </p>
   </div>
   <div class='ocr_carea' id='block_1_95' title="bbox 190 2342 974 2380">
    <p class='ocr_par' dir='ltr' id='par_1_95' title="bbox 190 2342 974 2380">
     <span class='ocr_line' id='line_1_95' title="bbox 190 2342 974 2380; baseline -0.006 -8"><span class='ocrx_word' id='word_1_694' title='bbox 190 2354 277 2373; x_wconf 83' lang='grc' dir='ltr'>κασαν</span> <span class='ocrx_word' id='word_1_695' title='bbox 287 2346 332 2372; x_wconf 75' lang='grc' dir='ltr'>ἐπὶ</span> <span class='ocrx_word' id='word_1_696' title='bbox 340 2345 389 2380; x_wconf 82' lang='grc' dir='ltr'>τὴν</span> <span class='ocrx_word' id='word_1_697' title='bbox 396 2344 545 2379; x_wconf 80' lang='grc' dir='ltr'>Ἰδουμαίαν</span> <span class='ocrx_word' id='word_1_698' title='bbox 556 2342 681 2370; x_wconf 81' lang='grc' dir='ltr'>ἀπελθεῖν</span> <span class='ocrx_word' id='word_1_699' title='bbox 693 2342 840 2369; x_wconf 74' lang='grc' dir='ltr'>πάλιν.Καὶ</span> <span class='ocrx_word' id='word_1_700' title='bbox 847 2342 900 2377; x_wconf 80' lang='grc' dir='ltr'>γὰρ</span> <span class='ocrx_word' id='word_1_701' title='bbox 911 2343 974 2368; x_wconf 70' lang='lat' dir='ltr'><strong>xiv-</strong></span> 
     </span>
    </p>
   </div>
   <div class='ocr_carea' id='block_1_96' title="bbox 190 2388 971 2426">
    <p class='ocr_par' dir='ltr' id='par_1_96' title="bbox 190 2388 971 2426">
     <span class='ocr_line' id='line_1_96' title="bbox 190 2388 971 2426; baseline -0.008 -7"><span class='ocrx_word' id='word_1_702' title='bbox 190 2391 278 2419; x_wconf 75' lang='grc' dir='ltr'>ταῦθα</span> <span class='ocrx_word' id='word_1_703' title='bbox 290 2390 477 2426; x_wconf 74' lang='grc' dir='ltr'>πλημμέλειαν</span> <span class='ocrx_word' id='word_1_704' title='bbox 488 2389 577 2416; x_wconf 80' lang='grc' dir='ltr'>αὐτῶν</span> <span class='ocrx_word' id='word_1_705' title='bbox 591 2389 664 2423; x_wconf 82' lang='grc' dir='ltr'>λέγει</span> <span class='ocrx_word' id='word_1_706' title='bbox 676 2388 709 2424; x_wconf 81' lang='grc' dir='ltr'>ἣν</span> <span class='ocrx_word' id='word_1_707' title='bbox 722 2388 785 2422; x_wconf 74' lang='grc' dir='ltr'>περὶ</span> <span class='ocrx_word' id='word_1_708' title='bbox 798 2389 859 2420; x_wconf 84' lang='grc' dir='ltr'>τοὺς</span> <span class='ocrx_word' id='word_1_709' title='bbox 867 2389 971 2423; x_wconf 81' lang='grc' dir='ltr'>Ἰσραη-</span> 
     </span>
    </p>
   </div>
   <div class='ocr_carea' id='block_1_97' title="bbox 191 2431 972 2471">
    <p class='ocr_par' dir='ltr' id='par_1_97' title="bbox 191 2431 972 2471">
     <span class='ocr_line' id='line_1_97' title="bbox 191 2431 972 2471; baseline -0.008 -7"><span class='ocrx_word' id='word_1_710' title='bbox 191 2436 265 2468; x_wconf 81' lang='grc' dir='ltr'>λίτας</span> <span class='ocrx_word' id='word_1_711' title='bbox 281 2438 318 2471; x_wconf 87' lang='lat' dir='ltr'><strong>(p.</strong></span> <span class='ocrx_word' id='word_1_712' title='bbox 331 2437 393 2469; x_wconf 78' lang='lat' dir='ltr'><strong>M9)</strong></span> <span class='ocrx_word' id='word_1_713' title='bbox 407 2434 614 2471; x_wconf 68' lang='grc' dir='ltr'>είργάσα*ηο.Τί</span> <span class='ocrx_word' id='word_1_714' title='bbox 628 2431 691 2466; x_wconf 78' lang='grc' dir='ltr'>οὗν;</span> <span class='ocrx_word' id='word_1_715' title='bbox 705 2443 714 2459; x_wconf 85' lang='grc' dir='ltr'><strong>ι</strong></span> <span class='ocrx_word' id='word_1_716' title='bbox 729 2434 784 2460; x_wconf 77' lang='grc' dir='ltr'>Καὶ</span> <span class='ocrx_word' id='word_1_717' title='bbox 799 2433 972 2465; x_wconf 79' lang='grc' dir='ltr'>ἐξαποστελῶ</span> 
     </span>
    </p>
   </div>
   <div class='ocr_carea' id='block_1_98' title="bbox 191 2478 973 2518">
    <p class='ocr_par' dir='ltr' id='par_1_98' title="bbox 191 2478 973 2518">
     <span class='ocr_line' id='line_1_98' title="bbox 191 2478 973 2518; baseline -0.008 -8"><span class='ocrx_word' id='word_1_718' title='bbox 191 2483 248 2518; x_wconf 77' lang='grc' dir='ltr'>πῦρ</span> <span class='ocrx_word' id='word_1_719' title='bbox 261 2484 306 2509; x_wconf 78' lang='grc' dir='ltr'>ἐπὶ</span> <span class='ocrx_word' id='word_1_720' title='bbox 313 2483 347 2510; x_wconf 81' lang='grc' dir='ltr'>τὰ</span> <span class='ocrx_word' id='word_1_721' title='bbox 360 2482 436 2517; x_wconf 86' lang='grc' dir='ltr'>τείχη</span> <span class='ocrx_word' id='word_1_722' title='bbox 447 2481 545 2516; x_wconf 74' lang='grc' dir='ltr'>Γάζης.</span> <span class='ocrx_word' id='word_1_723' title='bbox 556 2481 602 2507; x_wconf 75' lang='grc' dir='ltr'>καὶ</span> <span class='ocrx_word' id='word_1_724' title='bbox 617 2480 800 2514; x_wconf 71' lang='grc' dir='ltr'>καταφάγεταί</span> <span class='ocrx_word' id='word_1_725' title='bbox 814 2479 847 2505; x_wconf 78' lang='grc' dir='ltr'>τὰ</span> <span class='ocrx_word' id='word_1_726' title='bbox 862 2478 973 2513; x_wconf 88' lang='grc' dir='ltr'>θεμέλια</span> 
     </span>
    </p>
   </div>
   <div class='ocr_carea' id='block_1_99' title="bbox 193 2524 972 2565">
    <p class='ocr_par' dir='ltr' id='par_1_99' title="bbox 193 2524 972 2565">
     <span class='ocr_line' id='line_1_99' title="bbox 193 2524 972 2565; baseline -0.008 -9"><span class='ocrx_word' id='word_1_727' title='bbox 193 2531 287 2565; x_wconf 78' lang='grc' dir='ltr'>αὐτῆς,</span> <span class='ocrx_word' id='word_1_728' title='bbox 309 2530 356 2556; x_wconf 74' lang='grc' dir='ltr'>καὶ</span> <span class='ocrx_word' id='word_1_729' title='bbox 380 2527 561 2564; x_wconf 78' lang='grc' dir='ltr'>ἐξολοορεύσω</span> <span class='ocrx_word' id='word_1_730' title='bbox 584 2527 777 2557; x_wconf 83' lang='grc' dir='ltr'>κατοικοῦντας</span> <span class='ocrx_word' id='word_1_731' title='bbox 796 2525 826 2557; x_wconf 73' lang='grc' dir='ltr'>ἐξ</span> <span class='ocrx_word' id='word_1_732' title='bbox 845 2524 972 2556; x_wconf 69' lang='grc' dir='ltr'>Ἀζώτου,</span> 
     </span>
    </p>
   </div>
   <div class='ocr_carea' id='block_1_100' title="bbox 194 2569 974 2610">
    <p class='ocr_par' dir='ltr' id='par_1_100' title="bbox 194 2569 974 2610">
     <span class='ocr_line' id='line_1_100' title="bbox 194 2569 974 2610; baseline -0.008 -8"><span class='ocrx_word' id='word_1_733' title='bbox 194 2577 241 2602; x_wconf 76' lang='grc' dir='ltr'>καὶ</span> <span class='ocrx_word' id='word_1_734' title='bbox 271 2575 451 2610; x_wconf 84' lang='grc' dir='ltr'>ἐξαρθήσεται</span> <span class='ocrx_word' id='word_1_735' title='bbox 481 2574 549 2609; x_wconf 79' lang='grc' dir='ltr'>φυλὴ</span> <span class='ocrx_word' id='word_1_736' title='bbox 566 2574 594 2606; x_wconf 81' lang='grc' dir='ltr'>ἐξ</span> <span class='ocrx_word' id='word_1_737' title='bbox 619 2573 797 2604; x_wconf 68' lang='grc' dir='ltr'>Ἀσκάλωνος,</span> <span class='ocrx_word' id='word_1_738' title='bbox 821 2572 869 2598; x_wconf 74' lang='grc' dir='ltr'>καὶ</span> <span class='ocrx_word' id='word_1_739' title='bbox 883 2569 974 2602; x_wconf 76' lang='grc' dir='ltr'>ἐπάξω</span> 
     </span>
    </p>
   </div>
   <div class='ocr_carea' id='block_1_101' title="bbox 193 2617 971 2656">
    <p class='ocr_par' dir='ltr' id='par_1_101' title="bbox 193 2617 971 2656">
     <span class='ocr_line' id='line_1_101' title="bbox 193 2617 971 2656; baseline -0.008 -8"><span class='ocrx_word' id='word_1_740' title='bbox 193 2622 241 2656; x_wconf 74' lang='grc' dir='ltr'>τὴν</span> <span class='ocrx_word' id='word_1_741' title='bbox 267 2622 346 2656; x_wconf 83' lang='grc' dir='ltr'>χεῖρά</span> <span class='ocrx_word' id='word_1_742' title='bbox 374 2629 424 2656; x_wconf 91' lang='grc' dir='ltr'><strong>μου</strong></span> <span class='ocrx_word' id='word_1_743' title='bbox 452 2621 498 2647; x_wconf 84' lang='grc' dir='ltr'>ἐπὶ</span> <span class='ocrx_word' id='word_1_744' title='bbox 520 2620 670 2654; x_wconf 81' lang='grc' dir='ltr'>Ἀκκαρῶν,</span> <span class='ocrx_word' id='word_1_745' title='bbox 696 2619 742 2645; x_wconf 75' lang='grc' dir='ltr'>καὶ</span> <span class='ocrx_word' id='word_1_746' title='bbox 764 2617 924 2645; x_wconf 81' lang='grc' dir='ltr'>ἀπολοῦνται</span> <span class='ocrx_word' id='word_1_747' title='bbox 946 2617 971 2642; x_wconf 90' lang='grc' dir='ltr'><strong>οί</strong></span> 
     </span>
    </p>
   </div>
   <div class='ocr_carea' id='block_1_102' title="bbox 194 2663 971 2699">
    <p class='ocr_par' dir='ltr' id='par_1_102' title="bbox 194 2663 971 2699">
     <span class='ocr_line' id='line_1_102' title="bbox 194 2663 971 2699; baseline -0.006 -6"><span class='ocrx_word' id='word_1_748' title='bbox 194 2667 351 2694; x_wconf 82' lang='grc' dir='ltr'>κατάλοιποι</span> <span class='ocrx_word' id='word_1_749' title='bbox 357 2666 411 2692; x_wconf 86' lang='grc' dir='ltr'>τῶν</span> <span class='ocrx_word' id='word_1_750' title='bbox 422 2665 667 2699; x_wconf 79' lang='grc' dir='ltr'>ἁλλοφύλων,λέγει</span> <span class='ocrx_word' id='word_1_751' title='bbox 680 2664 790 2699; x_wconf 80' lang='grc' dir='ltr'>Κύριος.</span> <span class='ocrx_word' id='word_1_752' title='bbox 806 2673 815 2689; x_wconf 72' lang='grc' dir='ltr'><strong>ι</strong></span> <span class='ocrx_word' id='word_1_753' title='bbox 824 2663 877 2698; x_wconf 85' lang='grc' dir='ltr'><strong>Τὴν</strong></span> <span class='ocrx_word' id='word_1_754' title='bbox 888 2663 971 2697; x_wconf 78' lang='grc' dir='ltr'>αὐτὴν</span> 
     </span>
    </p>
   </div>
   <div class='ocr_carea' id='block_1_103' title="bbox 195 2708 973 2746">
    <p class='ocr_par' dir='ltr' id='par_1_103' title="bbox 195 2708 973 2746">
     <span class='ocr_line' id='line_1_103' title="bbox 195 2708 973 2746; baseline -0.003 -9"><span class='ocrx_word' id='word_1_755' title='bbox 195 2711 286 2743; x_wconf 69' lang='grc' dir='ltr'>ἐπάξω</span> <span class='ocrx_word' id='word_1_756' title='bbox 294 2711 341 2738; x_wconf 78' lang='grc' dir='ltr'>καὶ</span> <span class='ocrx_word' id='word_1_757' title='bbox 350 2710 455 2743; x_wconf 80' lang='grc' dir='ltr'>τούτοις</span> <span class='ocrx_word' id='word_1_758' title='bbox 467 2711 609 2746; x_wconf 83' lang='grc' dir='ltr'>τιμωρίαν,</span> <span class='ocrx_word' id='word_1_759' title='bbox 619 2710 695 2744; x_wconf 85' lang='grc' dir='ltr'>φησί.</span> <span class='ocrx_word' id='word_1_760' title='bbox 705 2709 763 2745; x_wconf 80' lang='grc' dir='ltr'><strong>Πῦρ</strong></span> <span class='ocrx_word' id='word_1_761' title='bbox 773 2709 827 2745; x_wconf 83' lang='grc' dir='ltr'><strong>γὰρ</strong></span> <span class='ocrx_word' id='word_1_762' title='bbox 835 2708 973 2735; x_wconf 75' lang='grc' dir='ltr'>κάνταῦθα</span> 
     </span>
    </p>
   </div>
   <div class='ocr_carea' id='block_1_104' title="bbox 197 2755 971 2792">
    <p class='ocr_par' dir='ltr' id='par_1_104' title="bbox 197 2755 971 2792">
     <span class='ocr_line' id='line_1_104' title="bbox 197 2755 971 2792; baseline -0.004 -9"><span class='ocrx_word' id='word_1_763' title='bbox 197 2756 240 2784; x_wconf 64' lang='grc' dir='ltr'><strong>τὸν</strong></span> <span class='ocrx_word' id='word_1_764' title='bbox 249 2756 367 2792; x_wconf 81' lang='grc' dir='ltr'>πόλεμον</span> <span class='ocrx_word' id='word_1_765' title='bbox 374 2755 448 2790; x_wconf 88' lang='grc' dir='ltr'>λέγει</span> <span class='ocrx_word' id='word_1_766' title='bbox 461 2756 498 2788; x_wconf 83' lang='grc' dir='ltr'>ὡς</span> <span class='ocrx_word' id='word_1_767' title='bbox 506 2755 539 2783; x_wconf 80' lang='grc' dir='ltr'>ἂν</span> <span class='ocrx_word' id='word_1_768' title='bbox 552 2755 638 2787; x_wconf 76' lang='grc' dir='ltr'>οὕτως</span> <span class='ocrx_word' id='word_1_769' title='bbox 651 2755 748 2787; x_wconf 77' lang='grc' dir='ltr'>αὐτοὺς</span> <span class='ocrx_word' id='word_1_770' title='bbox 760 2755 953 2790; x_wconf 76' lang='grc' dir='ltr'>ἐπινεμόμενον</span> <span class='ocrx_word' id='word_1_771' title='bbox 965 2762 971 2769; x_wconf 94' lang='grc'><strong>·</strong></span> 
     </span>
    </p>
   </div>
   <div class='ocr_carea' id='block_1_105' title="bbox 1025 2242 1805 2293">
    <p class='ocr_par' dir='ltr' id='par_1_105' title="bbox 1025 2242 1805 2293">
     <span class='ocr_line' id='line_1_105' title="bbox 1025 2242 1805 2293; baseline -0.021 -9"><span class='ocrx_word' id='word_1_772' title='bbox 1025 2242 1224 2293; x_wconf 73' lang='lat' dir='ltr'><strong>permanserint</strong></span> <span class='ocrx_word' id='word_1_773' title='bbox 1236 2274 1243 2286; x_wconf 82' lang='grc'><strong>,</strong></span> <span class='ocrx_word' id='word_1_774' title='bbox 1262 2253 1299 2280; x_wconf 88' lang='lat' dir='ltr'><strong>illi</strong></span> <span class='ocrx_word' id='word_1_775' title='bbox 1316 2251 1554 2286; x_wconf 83' lang='lat' dir='ltr'><strong>supervenientes,</strong></span> <span class='ocrx_word' id='word_1_776' title='bbox 1572 2245 1756 2281; x_wconf 82' lang='lat' dir='ltr'><strong>captivitatem</strong></span> <span class='ocrx_word' id='word_1_777' title='bbox 1774 2242 1805 2269; x_wconf 94' lang='lat' dir='ltr'><strong>il-</strong></span> 
     </span>
    </p>
   </div>
   <div class='ocr_carea' id='block_1_106' title="bbox 1026 2288 1805 2336">
    <p class='ocr_par' dir='ltr' id='par_1_106' title="bbox 1026 2288 1805 2336">
     <span class='ocr_line' id='line_1_106' title="bbox 1026 2288 1805 2336; baseline -0.022 -5"><span class='ocrx_word' id='word_1_778' title='bbox 1026 2288 1077 2331; x_wconf 79' lang='lat' dir='ltr'><strong>iam</strong></span> <span class='ocrx_word' id='word_1_779' title='bbox 1091 2303 1151 2336; x_wconf 88' lang='lat' dir='ltr'><strong>jure</strong></span> <span class='ocrx_word' id='word_1_780' title='bbox 1166 2300 1227 2328; x_wconf 84' lang='lat' dir='ltr'><strong>belli</strong></span> <span class='ocrx_word' id='word_1_781' title='bbox 1243 2297 1433 2328; x_wconf 78' lang='lat' dir='ltr'><strong>dissolverint,</strong></span> <span class='ocrx_word' id='word_1_782' title='bbox 1449 2295 1554 2328; x_wconf 86' lang='lat' dir='ltr'><strong>hosque</strong></span> <span class='ocrx_word' id='word_1_783' title='bbox 1571 2293 1667 2319; x_wconf 84' lang='lat' dir='ltr'><strong>iterum</strong></span> <span class='ocrx_word' id='word_1_784' title='bbox 1694 2289 1720 2316; x_wconf 90' lang='lat' dir='ltr'><strong>in</strong></span> <span class='ocrx_word' id='word_1_785' title='bbox 1744 2288 1805 2315; x_wconf 89' lang='lat' dir='ltr'><strong>ldu-</strong></span> 
     </span>
    </p>
   </div>
   <div class='ocr_carea' id='block_1_107' title="bbox 1027 2334 1805 2377">
    <p class='ocr_par' dir='ltr' id='par_1_107' title="bbox 1027 2334 1805 2377">
     <span class='ocr_line' id='line_1_107' title="bbox 1027 2334 1805 2377; baseline -0.023 0"><span class='ocrx_word' id='word_1_786' title='bbox 1027 2334 1121 2377; x_wconf 17' lang='lat' dir='ltr'><strong>tmcaﬁm</strong></span> <span class='ocrx_word' id='word_1_787' title='bbox 1150 2345 1277 2374; x_wconf 88' lang='lat' dir='ltr'><strong>secedere</strong></span> <span class='ocrx_word' id='word_1_788' title='bbox 1307 2341 1451 2377; x_wconf 80' lang='lat' dir='ltr'><strong>jusserint.</strong></span> <span class='ocrx_word' id='word_1_789' title='bbox 1476 2339 1610 2366; x_wconf 86' lang='lat' dir='ltr'><strong>Nimirum</strong></span> <span class='ocrx_word' id='word_1_790' title='bbox 1636 2336 1699 2363; x_wconf 92' lang='lat' dir='ltr'><strong>hinc</strong></span> <span class='ocrx_word' id='word_1_791' title='bbox 1723 2334 1805 2361; x_wconf 86' lang='lat' dir='ltr'><strong>etiam</strong></span> 
     </span>
    </p>
   </div>
   <div class='ocr_carea' id='block_1_108' title="bbox 1019 2379 1804 2430">
    <p class='ocr_par' dir='ltr' id='par_1_108' title="bbox 1019 2379 1804 2430">
     <span class='ocr_line' id='line_1_108' title="bbox 1019 2379 1804 2430; baseline -0.023 -8"><span class='ocrx_word' id='word_1_792' title='bbox 1019 2393 1149 2430; x_wconf 82' lang='lat' dir='ltr'><strong>propheta</strong></span> <span class='ocrx_word' id='word_1_793' title='bbox 1164 2390 1254 2426; x_wconf 84' lang='lat' dir='ltr'><strong>arguit</strong></span> <span class='ocrx_word' id='word_1_794' title='bbox 1268 2388 1387 2415; x_wconf 84' lang='lat' dir='ltr'><strong>hostium</strong></span> <span class='ocrx_word' id='word_1_795' title='bbox 1403 2386 1492 2413; x_wconf 79' lang='lat' dir='ltr'><strong>scelus</strong></span> <span class='ocrx_word' id='word_1_796' title='bbox 1513 2384 1642 2410; x_wconf 81' lang='lat' dir='ltr'><strong>adversus</strong></span> <span class='ocrx_word' id='word_1_797' title='bbox 1658 2379 1804 2406; x_wconf 81' lang='lat' dir='ltr'><strong>lsraelitas.</strong></span> 
     </span>
    </p>
   </div>
   <div class='ocr_carea' id='block_1_109' title="bbox 1020 2425 1804 2472">
    <p class='ocr_par' dir='ltr' id='par_1_109' title="bbox 1020 2425 1804 2472">
     <span class='ocr_line' id='line_1_109' title="bbox 1020 2425 1804 2472; baseline -0.022 -7"><span class='ocrx_word' id='word_1_798' title='bbox 1020 2425 1089 2472; x_wconf 46' lang='lat' dir='ltr'><strong>&#39;Qui-d</strong></span> <span class='ocrx_word' id='word_1_799' title='bbox 1106 2435 1189 2471; x_wconf 84' lang='lat' dir='ltr'><strong>ergo?</strong></span> <span class='ocrx_word' id='word_1_800' title='bbox 1201 2425 1213 2460; x_wconf 17' lang='lat' dir='ltr'><strong>Vt</strong></span> <span class='ocrx_word' id='word_1_801' title='bbox 1229 2433 1373 2460; x_wconf 84' lang='lat' dir='ltr'><strong>lmtnittam</strong></span> <span class='ocrx_word' id='word_1_802' title='bbox 1391 2431 1418 2457; x_wconf 91' lang='lat' dir='ltr'><strong>in</strong></span> <span class='ocrx_word' id='word_1_803' title='bbox 1435 2429 1535 2456; x_wconf 71' lang='lat' dir='ltr'><strong>nunnia</strong></span> <span class='ocrx_word' id='word_1_804' title='bbox 1552 2426 1631 2453; x_wconf 63' lang='lat' dir='ltr'><strong>Gaza!</strong></span> <span class='ocrx_word' id='word_1_805' title='bbox 1653 2425 1804 2454; x_wconf 80' lang='lat' dir='ltr'><strong>ﬂammam,</strong></span> 
     </span>
    </p>
   </div>
   <div class='ocr_carea' id='block_1_110' title="bbox 1021 2469 1803 2519">
    <p class='ocr_par' dir='ltr' id='par_1_110' title="bbox 1021 2469 1803 2519">
     <span class='ocr_line' id='line_1_110' title="bbox 1021 2469 1803 2519; baseline -0.019 -9"><span class='ocrx_word' id='word_1_806' title='bbox 1021 2469 1081 2519; x_wconf 59' lang='lat' dir='ltr'><strong>quas</strong></span> <span class='ocrx_word' id='word_1_807' title='bbox 1095 2469 1167 2509; x_wconf 75' lang='lat' dir='ltr'><strong>illam</strong></span> <span class='ocrx_word' id='word_1_808' title='bbox 1184 2487 1198 2506; x_wconf 91' lang='lat' dir='ltr'><strong>a</strong></span> <span class='ocrx_word' id='word_1_809' title='bbox 1219 2476 1405 2505; x_wconf 66' lang='lat' dir='ltr'><strong>futnlamentis</strong></span> <span class='ocrx_word' id='word_1_810' title='bbox 1419 2477 1562 2502; x_wconf 89' lang='lat' dir='ltr'><strong>consumet</strong></span> <span class='ocrx_word' id='word_1_811' title='bbox 1576 2481 1581 2498; x_wconf 93' lang='lat'><strong>:</strong></span> <span class='ocrx_word' id='word_1_812' title='bbox 1609 2471 1706 2498; x_wconf 85' lang='lat' dir='ltr'><strong>delebo</strong></span> <span class='ocrx_word' id='word_1_813' title='bbox 1727 2469 1803 2495; x_wconf 80' lang='lat' dir='ltr'><strong>Azuti</strong></span> 
     </span>
    </p>
   </div>
   <div class='ocr_carea' id='block_1_111' title="bbox 1022 2514 1803 2557">
    <p class='ocr_par' dir='ltr' id='par_1_111' title="bbox 1022 2514 1803 2557">
     <span class='ocr_line' id='line_1_111' title="bbox 1022 2514 1803 2557; baseline -0.02 -1"><span class='ocrx_word' id='word_1_814' title='bbox 1022 2514 1118 2556; x_wconf 75' lang='lat' dir='ltr'><strong>cives:</strong></span> <span class='ocrx_word' id='word_1_815' title='bbox 1151 2524 1293 2552; x_wconf 80' lang='lat' dir='ltr'><strong>Ascalonis</strong></span> <span class='ocrx_word' id='word_1_816' title='bbox 1320 2521 1450 2557; x_wconf 90' lang='lat' dir='ltr'><strong>populum</strong></span> <span class='ocrx_word' id='word_1_817' title='bbox 1481 2519 1644 2547; x_wconf 75' lang='lat' dir='ltr'><strong>destruant:</strong></span> <span class='ocrx_word' id='word_1_818' title='bbox 1673 2514 1803 2543; x_wconf 83' lang='lat' dir='ltr'><strong>Accaroni</strong></span> 
     </span>
    </p>
   </div>
   <div class='ocr_carea' id='block_1_112' title="bbox 1024 2562 1803 2602">
    <p class='ocr_par' dir='ltr' id='par_1_112' title="bbox 1024 2562 1803 2602">
     <span class='ocr_line' id='line_1_112' title="bbox 1024 2562 1803 2602; baseline -0.019 -1"><span class='ocrx_word' id='word_1_819' title='bbox 1024 2582 1121 2601; x_wconf 87' lang='lat' dir='ltr'><strong>manus</strong></span> <span class='ocrx_word' id='word_1_820' title='bbox 1138 2572 1252 2599; x_wconf 89' lang='lat' dir='ltr'><strong>inl&#39;eram</strong></span> <span class='ocrx_word' id='word_1_821' title='bbox 1269 2581 1274 2597; x_wconf 92' lang='lat'><strong>:</strong></span> <span class='ocrx_word' id='word_1_822' title='bbox 1292 2567 1414 2602; x_wconf 69' lang='lat' dir='ltr'><strong>reliquiae</strong></span> <span class='ocrx_word' id='word_1_823' title='bbox 1427 2565 1640 2599; x_wconf 80' lang='lat' dir='ltr'><strong>alienigenarum</strong></span> <span class='ocrx_word' id='word_1_824' title='bbox 1657 2562 1803 2597; x_wconf 80' lang='lat' dir='ltr'><strong>peribunt.</strong></span> 
     </span>
    </p>
   </div>
   <div class='ocr_carea' id='block_1_113' title="bbox 1023 2606 1804 2646">
    <p class='ocr_par' dir='ltr' id='par_1_113' title="bbox 1023 2606 1804 2646">
     <span class='ocr_line' id='line_1_113' title="bbox 1023 2606 1804 2646; baseline -0.017 -1"><span class='ocrx_word' id='word_1_825' title='bbox 1023 2619 1089 2646; x_wconf 87' lang='lat' dir='ltr'><strong>dicit</strong></span> <span class='ocrx_word' id='word_1_826' title='bbox 1104 2617 1244 2643; x_wconf 87' lang='lat' dir='ltr'><strong>Dominus.</strong></span> <span class='ocrx_word' id='word_1_827' title='bbox 1263 2624 1273 2640; x_wconf 72' lang='grc' dir='ltr'><strong>ι</strong></span> <span class='ocrx_word' id='word_1_828' title='bbox 1290 2613 1405 2640; x_wconf 84' lang='lat' dir='ltr'><strong>Easdem</strong></span> <span class='ocrx_word' id='word_1_829' title='bbox 1428 2611 1471 2638; x_wconf 88' lang='lat' dir='ltr'><strong>his</strong></span> <span class='ocrx_word' id='word_1_830' title='bbox 1494 2616 1603 2645; x_wconf 83' lang='lat' dir='ltr'><strong>quoque</strong></span> <span class='ocrx_word' id='word_1_831' title='bbox 1625 2615 1736 2643; x_wconf 65' lang='grc' dir='ltr'>ρωπος,</span> <span class='ocrx_word' id='word_1_832' title='bbox 1763 2606 1804 2632; x_wconf 85' lang='lat' dir='ltr'><strong>itt—</strong></span> 
     </span>
    </p>
   </div>
   <div class='ocr_carea' id='block_1_114' title="bbox 1024 2652 1804 2700">
    <p class='ocr_par' dir='ltr' id='par_1_114' title="bbox 1024 2652 1804 2700">
     <span class='ocr_line' id='line_1_114' title="bbox 1024 2652 1804 2700; baseline -0.017 -9"><span class='ocrx_word' id='word_1_833' title='bbox 1024 2665 1098 2700; x_wconf 87' lang='lat' dir='ltr'><strong>quit.</strong></span> <span class='ocrx_word' id='word_1_834' title='bbox 1115 2663 1262 2696; x_wconf 85' lang='lat' dir='ltr'><strong>imponam.</strong></span> <span class='ocrx_word' id='word_1_835' title='bbox 1277 2659 1344 2686; x_wconf 87' lang='lat' dir='ltr'><strong>Nam</strong></span> <span class='ocrx_word' id='word_1_836' title='bbox 1364 2662 1390 2685; x_wconf 84' lang='lat' dir='ltr'><strong>et</strong></span> <span class='ocrx_word' id='word_1_837' title='bbox 1405 2657 1457 2684; x_wconf 88' lang='lat' dir='ltr'><strong>hoc</strong></span> <span class='ocrx_word' id='word_1_838' title='bbox 1471 2656 1531 2682; x_wconf 87' lang='lat' dir='ltr'><strong>loco</strong></span> <span class='ocrx_word' id='word_1_839' title='bbox 1549 2655 1636 2689; x_wconf 81' lang='lat' dir='ltr'><strong>ignem</strong></span> <span class='ocrx_word' id='word_1_840' title='bbox 1663 2661 1710 2689; x_wconf 90' lang='lat' dir='ltr'><strong>pro</strong></span> <span class='ocrx_word' id='word_1_841' title='bbox 1735 2652 1804 2679; x_wconf 87' lang='lat' dir='ltr'><strong>bello</strong></span> 
     </span>
    </p>
   </div>
   <div class='ocr_carea' id='block_1_115' title="bbox 1024 2697 1803 2742">
    <p class='ocr_par' dir='ltr' id='par_1_115' title="bbox 1024 2697 1803 2742">
     <span class='ocr_line' id='line_1_115' title="bbox 1024 2697 1803 2742; baseline -0.017 -6"><span class='ocrx_word' id='word_1_842' title='bbox 1024 2697 1105 2740; x_wconf 80' lang='lat' dir='ltr'><strong>dicit,</strong></span> <span class='ocrx_word' id='word_1_843' title='bbox 1133 2706 1205 2742; x_wconf 88' lang='lat' dir='ltr'><strong>quod</strong></span> <span class='ocrx_word' id='word_1_844' title='bbox 1231 2705 1335 2733; x_wconf 80' lang='lat' dir='ltr'><strong>scilicet</strong></span> <span class='ocrx_word' id='word_1_845' title='bbox 1363 2703 1456 2730; x_wconf 84' lang='lat' dir='ltr'><strong>hostes</strong></span> <span class='ocrx_word' id='word_1_846' title='bbox 1476 2709 1524 2729; x_wconf 85' lang='lat' dir='ltr'><strong>cett</strong></span> <span class='ocrx_word' id='word_1_847' title='bbox 1549 2700 1656 2728; x_wconf 81' lang='lat' dir='ltr'><strong>ﬂatnma</strong></span> <span class='ocrx_word' id='word_1_848' title='bbox 1681 2697 1803 2729; x_wconf 84' lang='lat' dir='ltr'><strong>vorabit,</strong></span> 
     </span>
    </p>
   </div>
   <div class='ocr_carea' id='block_1_116' title="bbox 1025 2747 1802 2781">
    <p class='ocr_par' dir='ltr' id='par_1_116' title="bbox 1025 2747 1802 2781">
     <span class='ocr_line' id='line_1_116' title="bbox 1025 2747 1802 2781; baseline -0.014 0"><span class='ocrx_word' id='word_1_849' title='bbox 1025 2755 1104 2781; x_wconf 76' lang='lat' dir='ltr'><strong>Gaza:</strong></span> <span class='ocrx_word' id='word_1_850' title='bbox 1128 2751 1262 2779; x_wconf 64' lang='lat' dir='ltr'><strong>amnibus</strong></span> <span class='ocrx_word' id='word_1_851' title='bbox 1283 2750 1395 2778; x_wconf 76' lang='lat' dir='ltr'><strong>exitium</strong></span> <span class='ocrx_word' id='word_1_852' title='bbox 1417 2747 1535 2778; x_wconf 79' lang='lat' dir='ltr'><strong>inferet.</strong></span> <span class='ocrx_word' id='word_1_853' title='bbox 1560 2749 1742 2779; x_wconf 84' lang='lat' dir='ltr'><strong>cunctamque</strong></span> <span class='ocrx_word' id='word_1_854' title='bbox 1759 2750 1802 2770; x_wconf 82' lang='lat' dir='ltr'><strong>ur-</strong></span> 
     </span>
    </p>
   </div>
   <div class='ocr_carea' id='block_1_117' title="bbox 233 2837 1612 2880">
    <p class='ocr_par' dir='ltr' id='par_1_117' title="bbox 233 2837 1612 2880">
     <span class='ocr_line' id='line_1_117' title="bbox 233 2837 1612 2880; baseline -0.008 -8"><span class='ocrx_word' id='word_1_855' title='bbox 233 2845 286 2880; x_wconf 70' lang='lat'><strong>(25)</strong></span> <span class='ocrx_word' id='word_1_856' title='bbox 301 2845 478 2874; x_wconf 85' lang='lat' dir='ltr'><strong>Notissimum</strong></span> <span class='ocrx_word' id='word_1_857' title='bbox 502 2849 542 2873; x_wconf 89' lang='lat' dir='ltr'><strong>est</strong></span> <span class='ocrx_word' id='word_1_858' title='bbox 560 2844 668 2873; x_wconf 67' lang='lat' dir='ltr'><strong>Grtecos</strong></span> <span class='ocrx_word' id='word_1_859' title='bbox 692 2848 788 2879; x_wconf 73' lang='lat' dir='ltr'><strong>pra-ter</strong></span> <span class='ocrx_word' id='word_1_860' title='bbox 810 2843 975 2879; x_wconf 74' lang='lat' dir='ltr'><strong>singularem</strong></span> <span class='ocrx_word' id='word_1_861' title='bbox 990 2849 1020 2870; x_wconf 89' lang='lat' dir='ltr'><strong>ac</strong></span> <span class='ocrx_word' id='word_1_862' title='bbox 1035 2841 1214 2877; x_wconf 84' lang='lat' dir='ltr'><strong>plurativum,</strong></span> <span class='ocrx_word' id='word_1_863' title='bbox 1229 2837 1301 2867; x_wconf 90' lang='lat' dir='ltr'><strong>duali</strong></span> <span class='ocrx_word' id='word_1_864' title='bbox 1313 2844 1420 2874; x_wconf 86' lang='lat' dir='ltr'><strong>quoque</strong></span> <span class='ocrx_word' id='word_1_865' title='bbox 1436 2841 1474 2864; x_wconf 83' lang='lat' dir='ltr'><strong>uti</strong></span> <span class='ocrx_word' id='word_1_866' title='bbox 1490 2841 1612 2863; x_wconf 87' lang='lat' dir='ltr'><strong>numero.</strong></span> 
     </span>
    </p>
   </div>
  </div>
