1972 3066
172 103 221 132 ττι

751 106 923 135 THEODORI
942 106 1181 136 MOPSUESTENI

1736 104 1790 133 '25!

173 163 233 190 bem
249 170 264 190 a
283 162 466 191 fundamentis
483 163 614 196 subruet,
638 164 751 199 ejusque
772 166 877 194 incolas
896 172 957 201 per-

1013 165 1036 197 i;
1052 165 1171 200 περιελεῖ
1198 165 1248 200 μὲν
1273 164 1322 199 τῆς
1345 164 1434 200 rem;
1444 164 1478 191 τὰ
1491 164 1577 199 τείχη,
1591 166 1623 191 ὲκ
1637 163 1742 199 βάθρων
1760 163 1790 190 δὲ

172 208 232 241 det,
247 216 310 236 cum
331 209 410 236 Διοιί
427 209 623 245 Ascalonisque
648 211 763 238 civibus.
787 210 880 246 Neque
904 211 955 246 ipsi

172 254 306 281 Aecaroui
317 274 325 286 ,
339 254 428 289 inquit
440 273 448 285 ,
463 261 584 289 paream.
599 254 744 283 Memorata
757 257 861 283 scilicet
872 256 955 288 Gaza,

172 305 232 332 qua:
246 299 428 333 satrapiarum
442 303 596 327 exterarum
611 300 739 336 princeps
753 305 822 332 erat,
840 309 954 336 genera-

174 344 234 370 liter
248 345 371 378 praedicit
380 350 538 373 eventuram
552 346 660 374 cunctis
674 347 954 381 alienigeniseladem.

172 389 352 422 Quamobrem
368 390 460 418 subdit
473 401 480 418 :
496 400 506 417 (
521 391 739 426 Alienigenarum
751 393 872 428 reliquiae
888 393 958 428 peri-

174 435 251 467 bunt,
264 436 302 462 ait
326 435 458 464 Dominus
477 446 483 464 :
504 446 513 463 ›
527 445 581 472 quo
597 437 670 465 dicto
689 437 808 465 breviter
823 439 958 473 signiﬁcat

175 480 232 506 fore
247 483 276 507 ut
287 487 382 509 omnes
393 481 478 509 exteri
493 487 622 517 pereant;
635 482 716 510 sicuti
730 482 756 509 in
772 483 958 518 superioribus

175 526 303 559 populum
320 526 477 554 universum
488 547 496 558 ,
511 528 597 563 Syriae
619 527 731 555 nomine
753 533 957 564 nuncupatum,

175 571 202 598 iu
217 572 376 600 servitutem
393 573 532 601 redactum
549 574 582 602 iri
597 574 734 608 praedixit,
749 579 803 602 etc.

211 703 292 732 Vsus.
310 703 338 737 9,
353 705 397 734 10.
411 722 443 727 -
455 715 465 732 ι
477 706 539 734 Haec
553 707 590 734 ait
604 706 754 736 Dominus:
771 709 858 744 Super
872 710 959 738 tribus
977 708 979 710 ⁷

176 749 240 785 Tyri
265 752 415 780 sceleribus
439 757 466 780 et
489 761 572 788 super
595 757 721 789 quatuor,
738 763 791 782 non
814 757 960 784 aversabor

176 803 253 829 eain,
285 802 426 832 propterea
456 799 529 834 quod
557 800 750 828 concluserunt
776 802 958 836 captivitatem

178 839 333 869 Salomonis
349 842 376 870 in
389 841 533 871 ldummam
544 865 552 876 ,
567 849 594 871 et
605 844 662 880 99
676 853 731 872 non
746 851 809 873 sunt
824 847 960 874 recordati

175 884 288 914 foederis
310 886 438 915 fratrum.
465 889 498 916 Et
518 890 661 917 immittam
688 890 777 926 ignem
804 892 831 919 in
859 893 959 920 mwnia

175 930 260 966 Tyri.
284 936 311 959 et
334 933 474 961 devoraliit
501 935 677 963 fundamenta
700 936 770 971 ejus.
787 938 877 965 iCum
902 940 959 967 hinc

175 977 240 1007 diu,
264 978 370 1012 inquit,
394 980 529 1014 patienter
551 981 749 1016 tulerim.jam
773 982 875 1011 diutius
898 991 960 1018 pro-

176 1022 319 1056 longantes
335 1024 502 1058 impietatem
521 1033 598 1053 suam
615 1034 668 1054 non
685 1027 791 1060 feram;
808 1030 958 1063 praesertim

175 1067 238 1102 quia
251 1067 406 1097 Salomonis
416 1071 540 1104 captivos
553 1072 580 1098 in
595 1070 739 1100 ldummam
757 1074 960 1103 transferendos

175 1118 323 1144 curarunt.
340 1123 484 1143 commune
499 1116 550 1144 hoc
566 1118 656 1145 Scelus
670 1118 800 1147 habentes
815 1128 876 1147 cum
895 1121 960 1148 alie—

176 1159 292 1194 nigenis.
306 1160 388 1195 Atqui
402 1162 517 1196 captivis
541 1162 598 1190 haec
616 1164 731 1193 minime
753 1165 841 1193 facere
861 1166 960 1194 debue-

176 1209 240 1230 runt
251 1224 257 1235 ,
274 1204 385 1233 fmderis
401 1214 553 1241 memores,
567 1209 639 1243 quod
666 1209 793 1238 Salomon
809 1215 836 1238 et
851 1211 958 1239 illorum

175 1256 223 1276 rex
239 1251 422 1278 amicabiliter
434 1252 506 1279 inter
520 1260 549 1280 se
561 1259 753 1282 contraxerant
766 1264 773 1288 ;
790 1256 869 1290 cujus
883 1264 960 1290 pror-

175 1302 224 1322 sus
250 1297 441 1329 immemores,
466 1306 539 1325 nunc
563 1299 600 1326 ita
626 1305 834 1335 segesserunt:
852 1307 962 1336 propter

176 1339 248 1374 quod
271 1349 314 1368 me
330 1343 438 1370 volente
454 1343 541 1371 hostis
557 1344 722 1379 adveniens,
739 1348 840 1374 mmnia
866 1355 960 1375 eorum

176 1385 331 1417 subvertet.
351 1391 492 1423 totamque
507 1390 600 1416 urbem
616 1390 748 1418 destruel.

1007 210 1114 237 ἀπασαν
1125 209 1276 236 ἀνασπάσει
1289 209 1338 245 τὴν
1357 209 1443 240 πόλιν,
1459 209 1570 243 ἀφανιεῑ
1580 217 1609 234 τε
1624 209 1686 238 τοὺς
1699 216 1791 234 κατοι-

1006 256 1122 287 κοῦντας
1143 255 1227 290 αὐτὴν
1254 255 1322 290 μετὰ
1344 254 1398 281 τῶν
1415 255 1464 288 τήν
1485 263 1515 280 τε
1530 254 1649 285 Ἄζωτον
1672 254 1717 279 καὶ
1742 252 1790 287 τὴν

1013 302 1169 328 Ἀσκάλωνα
1183 301 1327 328 οίκούντων
1337 308 1344 315 ·
1359 301 1410 327 οὐκ
1433 300 1568 335 ἀφέξομαι
1584 300 1612 326 δὲ
1624 299 1684 326 οὐδὲ
1695 299 1749 325 τῶν
1761 300 1792 326 ὲν

1014 346 1171 382 ’Δκκάροις-
1197 345 1394 381 μνημονεύεται
1411 346 1465 380 γὰρ
1481 347 1531 380 τῆς
1552 344 1640 380 Γάζης
1655 345 1692 376 ὡς
1708 343 1791 380 ἐξαρ-

1008 391 1107 427 χούσης
1130 391 1184 418 τῶν
1207 392 1235 418 ἐν
1253 392 1309 423 τοῖς
1336 390 1494 425 ἀλλοφύλοις
1511 390 1702 426 σατραπειῶν*
1722 390 1792 417 κατά

1008 438 1098 464 κοινοῦ
1114 437 1187 471 λέγει
1203 437 1252 472 τὴν
1265 437 1400 472 τιμωρίαν
1413 437 1515 464 ἀπασιν
1528 436 1721 463 ἐπελεύσεσθαι
1735 437 1791 468 τοῖς

1008 483 1165 518 ἀλλοφύλοις
1174 491 1181 497 ·
1198 483 1259 510 ὃθεν
1274 483 1372 517 ὲπάγει
1382 491 1389 498 ·
1404 491 1414 508 ι
1430 483 1484 509 Kal.
1502 482 1665 509 ἀπολοῦνται
1673 483 1696 508 oi
1708 482 1791 508 κατά-

1008 528 1094 555 λοιποι
1113 529 1166 556 τῶν
1178 528 1342 562 ἀλλοφύλων.
1359 528 1431 563 λέγει
1447 528 1548 564 Κύριος
1561 536 1569 544 ο
1587 537 1596 553 ι
1611 528 1654 554 ἵνα
1665 528 1792 563 εῐπῃ,ὀτι

1009 574 1151 608 Συντόμως
1160 573 1284 605 ἅπαντας
1313 573 1421 608 ἀφανιῶ
1435 574 1498 605 τοὺς
1508 573 1682 607 ἀλλοφύλους,
1699 572 1792 608 ὥσπερ

1009 620 1038 646 ἐν
1064 620 1122 651 τοῖς
1148 619 1292 655 ἀνωτέροις
1317 619 1621 655 αἰχμαλωτευθήσεσθαι
1639 619 1690 654 ἐφη
1704 619 1792 645 πάντα

1009 665 1055 692 τδν
1071 665 1134 692 λαὸν
1148 665 1193 692 τὸν
1206 665 1351 700 ἐπίκλητον
1364 665 1472 701 Συρίας.

1044 711 1117 746 Στίχ.
1135 711 1198 744 θ’,ι”.
1210 721 1258 737 -ι
1274 711 1342 738 Τάδε
1356 711 1429 745 λέγει
1444 710 1552 746 Κύριος·
1562 711 1623 737 Ἐπὶ
1638 712 1698 742 ταῖς
1705 710 1793 745 τρισὶν

1010 757 1146 789 ἀσεὸείαις
1159 757 1248 792 Τύρου
1262 757 1310 784 καὶ
1322 757 1368 784 ἐπὶ
1376 757 1584 792 ταῖς-τέσσαρσιν
1594 757 1644 783 οὐκ
1657 758 1794 792 ἀποστρα-

1010 803 1131 838 φήσομαι
1152 802 1248 838 αὐτὴν,
1267 802 1324 828 ἀνθ’
1351 798 1389 828 ὧν
1414 801 1587 828 συνέκλεισαν
1606 800 1795 835 αἰχμαλωσίαν

1011 847 1056 875 τοῦ
1083 847 1208 883 Σολομὼν
1236 849 1276 879 είς
1289 848 1340 883 τὴν
1361 847 1521 883 Ἰδουμαίαν,
1532 847 1579 874 καὶ
1594 847 1644 874 οὐκ
1658 847 1795 882 ἱμνήσθη-

1011 902 1061 920 σαν
1069 894 1202 930 διαθήκης
1215 894 1346 928 ἀδελφῶν.
1362 893 1414 920 Καὶ
1435 892 1606 926 ἐξαποστελῶ
1628 892 1683 928 πῦρ
1699 893 1746 919 ἐπὶ
1760 892 1796 918 τά

1010 938 1086 974 τείχη
1113 938 1212 974 Τύρου,
1229 939 1278 965 καὶ
1292 938 1479 973 καταφάγεται
1493 938 1528 965 τά
1542 937 1654 973 θεμέλια
1669 938 1764 972 αὐτῆς,
1783 947 1793 963 ι

1010 985 1065 1011 Καὶ
1075 985 1129 1020 γὰρ
1153 985 1201 1012 καὶ
1216 984 1318 1012 τούτων
1335 985 1381 1011 ἰπὶ
1401 985 1479 1018 πολὺ,
1502 985 1593 1020 φησιν,
1604 984 1794 1020 ἀνασχόμενος,

1010 1029 1050 1065 (p.
1068 1030 1131 1065 150)
1143 1030 1190 1057 ἐπὶ
1204 1030 1329 1057 πλεῖστον
1342 1031 1515 1057 ἔκτεινόν-νων
1531 1029 1580 1065 τὴν
1603 1029 1730 1057 ἀσέϐειαν
1745 1030 1797 1056 οὐκ

1013 1076 1141 1112 ἀνέξομαι
1165 1076 1215 1112 τὴν
1240 1076 1353 1108 οίκείαν,
1379 1076 1426 1103 καὶ
1447 1076 1564 1112 μάλιστά
1580 1084 1611 1110 γε
1632 1075 1740 1102 πάντων
1755 1075 1797 1101 δτι

1012 1123 1061 1158 τὴν
1076 1123 1123 1149 τοῦ
1140 1122 1310 1158 Σολομῶντος
1320 1123 1507 1158 αἰχμαλωσίαν
1521 1123 1560 1154 είς
1579 1122 1627 1157 τὴν
1647 1121 1797 1156 Ἰδουμαίαν

1013 1168 1231 1204 παρεσκεύασαν,
1249 1168 1474 1203 κεκοινωνηκότες
1488 1167 1538 1203 τῆς
1549 1167 1719 1203 παρανομίας
1730 1167 1796 1193 ταύ-

1012 1222 1062 1249 της
1073 1216 1130 1246 τοῖς
1138 1215 1297 1249 ἀλλοφύλοις
1308 1223 1316 1230 ’
1329 1213 1375 1245 οὒς
1394 1214 1478 1250 ἐχρῆν
1494 1213 1609 1249 μάλιστα
1630 1212 1798 1247 ἀποσχέσθαι

1012 1260 1087 1286 τουτὶ
1098 1259 1217 1286 τοιοῦτον
1229 1259 1438 1296 διαπράξασθαι,
1452 1261 1490 1291 είς
1510 1260 1619 1295 μνήμην
1635 1257 1798 1293 ἐληλυθότας

1012 1304 1067 1330 τῶν
1081 1304 1232 1340 συνθηκῶν,
1259 1305 1292 1337 ἃς
1304 1306 1318 1332 ὅ
1335 1314 1366 1332 τε
1388 1305 1512 1341 Σολομὼν
1530 1305 1576 1332 καὶ
1597 1304 1710 1331 ὸαὺτῶν
1724 1303 1799 1338 βασι-

1013 1349 1075 1380 λεὺς
1091 1349 1160 1385 ὑπὲρ
1175 1351 1265 1384 φιλίας
1280 1351 1441 1386 ἐποιήσαντο
1461 1351 1528 1386 πρὸς
1541 1351 1682 1387 ἀλλήλους,
1703 1347 1742 1378 ὧν
1754 1349 1799 1376 οὺ-

1012 1393 1074 1420 δένα
1097 1395 1275 1430 ποιησάμενοι
1296 1395 1391 1428 λόγον,
1417 1395 1528 1422 τοιαῦτα
1557 1396 1714 1432 πεπράκασι
1729 1394 1797 1422 νῦν·

176 1431 246 1466 ὑπὲρ
259 1428 296 1458 ὧν
310 1432 341 1468 δὴ
353 1433 423 1460 κατά
441 1433 552 1470 γνώμην
569 1435 637 1470 ἐμὴν
657 1436 777 1463 ἐπελθὼν
798 1438 812 1463 ὀ
827 1437 954 1472 πολέμιος
965 1457 972 1470 ,
990 1437 1026 1464 τὰ
1042 1439 1118 1474 τείχη
1140 1428 1171 1465 τε
1193 1428 1282 1466 αὐτῶν
1305 1439 1434 1475 περιελεϊ,
1453 1441 1499 1466 καὶ
1519 1428 1738 1475 τᾱσαννάέρανιεῖ
1750 1441 1800 1477 τὴν

178 1477 266 1504 πόλιν.

213 1525 294 1553 Vsus.
316 1527 343 1553 1Ι
356 1547 364 1560 ,
385 1526 428 1554 12.
444 1543 479 1547 -
493 1537 502 1554 ι
518 1527 581 1556 Haec
605 1529 672 1557 dicit
696 1529 850 1559 Dominus:
877 1530 961 1566 Super

1051 1529 1123 1564 Στίχ.
1141 1529 1284 1565 ια’,ιβ’,-«
1296 1529 1366 1556 Τάδε
1375 1529 1449 1564 λέγει
1458 1529 1570 1566 Κύριος·
1590 1529 1652 1557 Ἐπὶ
1667 1530 1727 1561 ταῖς
1739 1538 1798 1565 τρι-

176 1572 268 1599 tribus
289 1571 413 1600 Idumaae
437 1573 589 1601 sceleribus
608 1577 636 1602 et
654 1582 737 1610 super
756 1579 884 1609 quatuor,
908 1583 962 1603 uon

177 1617 324 1644 aversabor
340 1625 417 1651 eam,
433 1623 575 1654 propterea
591 1620 663 1655 quod
683 1620 734 1656 ipsi
755 1622 890 1656 persecuti
909 1622 964 1649 sint

179 1662 269 1696 gladio
283 1662 394 1690 fratrem
410 1671 501 1691 suum.
516 1663 548 1691 Et
563 1666 670 1692 vulvam
683 1666 757 1693 humi
773 1667 961 1699 labefactavit.

177 1713 205 1735 et
218 1709 309 1742 rapuit
324 1709 350 1735 in
365 1709 552 1737 testimonium
568 1710 708 1739 horrorem
725 1720 805 1739 suum
816 1734 824 1746 ,
838 1717 866 1740 et
879 1713 964 1748 impe-

177 1757 236 1780 tum
259 1754 379 1781 servavit
403 1763 490 1790 usque
509 1757 542 1783 ad
566 1758 720 1786 victoriam.
737 1758 824 1785 iCum
848 1759 962 1794 plurima

178 1807 323 1836 peccantes
336 1802 461 1834 tulerim,
484 1803 542 1837 jam
562 1804 677 1832 ulterius
697 1805 887 1841 delinquentes
908 1814 961 1833 non

179 1847 285 1875 feram:
308 1848 456 1882 presertim
477 1849 540 1884 quia
560 1850 659 1878 bellum
681 1851 812 1879 adversus
827 1852 963 1880 lsraelitas

178 1898 403 1926 commoverunt,
422 1902 510 1930 neque
524 1896 715 1930 cognationem
737 1905 799 1924 cum
815 1897 870 1925 illis
888 1905 964 1926 reve-

178 1939 224 1967 riti
239 1944 321 1971 sunt,
336 1944 364 1967 et
389 1941 463 1975 quod
489 1949 522 1968 ex
543 1941 674 1969 fratribus
697 1942 806 1977 utrique
830 1944 963 1978 progeniti

179 1990 285 2018 esseut,
300 1993 334 2013 ex
350 1985 422 2014 Esau
435 1987 564 2015 videlicet
577 1992 658 2022 atque
672 1987 768 2016 Jacob.
784 1988 813 2015 ld
827 1988 899 2016 enim
915 1988 963 2016 de-

179 2034 256 2057 notat
269 2030 356 2058 dictio
376 2031 488 2065 fratrem
501 2040 588 2059 suum.
603 2031 663 2060 Jam
680 2033 762 2060 verba
773 2052 781 2065 ,
798 2032 900 2060 vulvam
916 2033 964 2060 Itu-

179 2078 216 2104 mi
233 2076 419 2112 labefactavit,
440 2077 507 2105 dicit
531 2086 595 2113 pro,
619 2079 816 2107 interemerunt
829 2087 924 2107 omnes
937 2085 964 2107 et

179 2123 255 2150 humi
282 2127 509 2159 prostraverunt:
532 2124 606 2159 quod
623 2125 734 2158 perinde
750 2130 808 2153 erat
831 2129 912 2160 atque
935 2125 962 2152 iu

181 2175 330 2197 maternam
345 2170 451 2196 vulvam
468 2177 589 2204 peccare.
608 2170 674 2198 Nam
690 2171 754 2205 quia
777 2170 874 2199 fratres
895 2180 964 2198 uun-

1015 1575 1057 1602 a'lv
1067 1575 1207 1606 ἀσεϐείαις
1219 1575 1270 1610 τῆς
1288 1575 1439 1610 Ἰδουμαίας
1457 1576 1504 1602 καὶ
1519 1576 1565 1602 ἐπὶ
1578 1577 1639 1608 ταῖς
1654 1577 1800 1612 τέσσαρσιν

1013 1623 1063 1648 οὐκ
1074 1621 1320 1656 ἀποστραφήσομαι
1337 1621 1431 1657 αὐτὴν.
1449 1622 1543 1648 ἕνεκεν
1552 1621 1599 1649 τοῦ
1611 1621 1705 1656 διῶξαι
1717 1622 1800 1651 αὐτὸν

1013 1668 1042 1694 ὲν
1070 1667 1191 1702 ῥομφαίᾳ
1208 1667 1253 1694 τὸν
1272 1667 1385 1701 ἀδελφὺν
1404 1667 1486 1694 αὐτοῦ
1497 1676 1505 1683 ·
1521 1668 1568 1695 καὶ
1580 1667 1731 1704 ἐλυμήνατο
1748 1669 1799 1704 μή-

1011 1721 1079 1748 τραν
1093 1713 1139 1739 ἐπὶ
1163 1712 1212 1748 τὴν
1226 1712 1276 1748 γῆν
1289 1720 1297 1727 ·
1317 1712 1365 1739 καὶ
1385 1713 1507 1748 ἥρπασεν
1519 1713 1558 1744 είς
1577 1712 1725 1748 μαρτύριον
1736 1713 1798 1748 ιρρί-

1012 1767 1064 1792 κην
1087 1757 1203 1785 ἑαυτοῦ·
1228 1758 1275 1784 καὶ
1298 1757 1329 1784 τδ
1352 1758 1467 1793 ὅρμημα
1488 1757 1570 1785 αὐτοῦ
1599 1759 1730 1792 ἐφύλαξεν
1759 1759 1798 1790 είς

1012 1804 1085 1834 νῖκος
1099 1802 1168 1837 (26).
1191 1811 1201 1828 ι
1217 1802 1333 1829 Πλεῖστα
1344 1803 1394 1829 ὅσα
1412 1802 1580 1837 ἠσεϐηκότας
1601 1803 1729 1837 ἐνεγκὼν)
1753 1804 1800 1829 ἐπὶ

1012 1849 1137 1875 πλεῖστον
1149 1847 1319 1875 ἀσεϐούντων
1340 1848 1391 1875 οὐκ
1405 1848 1551 1883 ἀνέξομαι·
1575 1848 1622 1874 xal.
1638 1848 1757 1883 μάλιστά
1768 1857 1800 1883 γε

1012 1895 1082 1929 ὑπὲρ
1108 1891 1146 1921 ὧν
1168 1893 1285 1929 πόλεμον
1300 1894 1371 1921 κατὰ
1395 1894 1449 1920 τῶν
1470 1893 1642 1930 Ἰσραηλιτῶν
1661 1893 1800 1929 ἐκίνησαν,

1011 1942 1072 1968 οὐδὲ
1097 1940 1145 1976 τὴν
1163 1940 1322 1974 συγγένειαν
1338 1939 1527 1975 αἰσχυνθέντες
1548 1941 1597 1975 τὴν
1610 1940 1678 1976 πρὸς
1692 1941 1800 1972 αὐτοὺς,

1012 1987 1060 2014 καὶ
1073 1987 1114 2013 ὅτι
1129 1986 1159 2018 ἐξ
1175 1985 1297 2020 ἀδελφῶν
1312 1984 1382 2022 ἦσαν
1397 1986 1473 2012 αὐτοί
1487 1995 1518 2012 τε
1534 1987 1581 2013 καὶ
1597 1984 1679 2017 οὗτοι,
1698 1987 1723 2012 οί
1752 1987 1802 2022 μὲν

1010 2034 1043 2058 ὲκ
1067 2031 1114 2058 τοῦ
1141 2032 1237 2063 Ἠσαῦ,
1253 2033 1278 2058 οί
1297 2032 1326 2058 δὲ
1352 2032 1385 2058 ὲκ
1403 2031 1458 2058 τῶν
1481 2031 1578 2058 Ἰακὼσ
1599 2032 1799 2067 καταγόμενοι·

1011 2078 1090 2104 τοῦτο
1103 2078 1157 2113 γὰρ
1170 2075 1248 2104 circa:
1262 2077 1308 2104 τὸν
1316 2077 1429 2111 ἀδελφὸν
1440 2077 1521 2104 αὑτοῦ
1531 2085 1538 2093 ·
1558 2086 1568 2102 ι
1579 2078 1609 2104 τδ
1623 2078 1661 2109 δὲ,
1675 2087 1685 2103 ι
1701 2077 1802 2113 ἐλυμή-

1012 2132 1076 2150 νατο
1093 2125 1197 2159 μήτραν
1208 2123 1254 2150 ἐπὶ
1267 2123 1317 2158 τὴν
1325 2123 1387 2158 γῆν,
1402 2132 1411 2148 ι
1425 2122 1498 2156 λέγει
1512 2123 1573 2150 ἀντὶ
1588 2122 1646 2154 τοῦ,
1657 2123 1801 2158 Κατέσφα-

1015 2169 1062 2202 ξαν
1081 2170 1203 2201 ἅπαντας
1227 2169 1274 2196 καὶ
1294 2170 1334 2200 είς
1347 2170 1398 2204 γῆν
1411 2169 1597 2204 κατήνεγκαν·
1616 2169 1685 2204 ὅπερ
1705 2167 1739 2205 ἦν
1761 2170 1801 2201 είς

180 2216 305 2250 cupavit,
321 2219 414 2249 utpote
426 2223 460 2243 ex
475 2215 605 2243 fratribus
619 2214 697 2244 datos
707 2237 714 2247 .
728 2217 816 2244 vulvae
827 2218 961 2245 excidium

1016 2214 1065 2250 τὴν
1074 2214 1205 2241 τεκοῦσαν
1218 2214 1316 2245 αὐτοὺς
1326 2214 1432 2249 μήτραν
1439 2213 1667 2249 πλημμελούντων
1675 2223 1681 2230 ·
1689 2214 1728 2249 (p.
1740 2214 1801 2246 l5l)

181 2262 325 2296 appellavit
342 2261 454 2289 fratrum
471 2262 636 2289 occisionem
651 2283 658 2295 ,
672 2263 749 2294 quasi
773 2263 862 2291 isthoe
884 2264 965 2291 modo

181 2306 209 2333 ill
231 2314 402 2334 communem
426 2311 540 2334 matrem
564 2312 732 2341 peccassent.
755 2308 900 2335 Patraruut
915 2316 964 2335 au-

181 2355 235 2378 tem
251 2351 381 2380 adversus
395 2352 456 2379 illos
472 2352 614 2379 horribilia
625 2372 632 2384 ,
647 2360 702 2386 quo
726 2352 815 2387 majus
838 2353 964 2380 testimo—

182 2396 257 2423 nium
268 2397 438 2424 crudelitatis
449 2404 506 2424 suze
515 2397 703 2431 spectantibus
714 2397 897 2432 perhiberent.
909 2398 963 2425 Sed

182 2446 210 2468 et
231 2441 332 2476 impetu
355 2443 442 2470 multo
462 2450 494 2470 ac
508 2443 660 2470 vehementi
685 2444 712 2470 in
734 2450 782 2470 eos
805 2443 962 2475 irrueruut,

183 2487 275 2514 odium
290 2495 369 2515 suum
384 2489 419 2516 ad
434 2488 514 2516 ﬁnem
531 2489 610 2523 ιοο
624 2496 710 2523 usque
731 2492 827 2516 contra
848 2496 896 2516 eos
918 2489 964 2516 de-

184 2537 368 2560 monstrantes
386 2543 392 2561 :
410 2541 472 2560 nam
483 2544 493 2558 ι
506 2534 625 2561 servavit
636 2542 724 2568 usque
739 2533 772 2560 ad
787 2533 939 2567 victoriam,
952 2542 961 2558 ι

184 2579 256 2606 hunc
270 2586 380 2606 sensum
395 2579 485 2607 habet.
502 2578 617 2614 Propter
631 2579 688 2606 haec
701 2583 792 2606 autem
808 2579 872 2614 quid
885 2580 896 2606 ?
908 2588 919 2605 ι
936 2579 968 2606 Et

185 2625 329 2652 immittam
357 2624 447 2659 ignem
475 2625 503 2652 iu
519 2624 667 2657 Thcman.
691 2628 718 2652 et
741 2625 850 2652 vorabit
873 2624 968 2652 funda-

186 2674 275 2697 menta
291 2670 422 2697 ιιιωιιίιιιιι
443 2670 513 2705 ejus.
531 2669 684 2698 r'Tbazman
708 2670 886 2698 Iduumorum
909 2676 968 2698 erat

186 2714 251 2742 urbs
277 2715 460 2749 spectabilior.
486 2715 626 2743 Adducam
653 2716 743 2750 itaque
769 2716 822 2744 illis
846 2716 964 2749 bellum,

1017 2260 1110 2295 ἐπειδὴ
1128 2260 1182 2295 γὰρ
1196 2260 1326 2293 ἀδελφοὺς
1335 2259 1475 2294 ὠνόμασεν
1489 2259 1527 2291 ὡς
1544 2259 1573 2293 ἐξ
1589 2259 1710 2294 ἀδελφῶν
1721 2268 1802 2286 τετε-

1016 2305 1142 2340 γμένους,
1155 2304 1244 2340 λύμην
1264 2305 1368 2340 μήτρας
1382 2304 1508 2339 ὠνόμασε
1530 2304 1580 2340 τὴν
1604 2304 1659 2332 τῶν
1680 2305 1802 2339 ἀδελφῶν

1016 2351 1167 2386 ἀναίρεσιν.
1178 2350 1216 2382 ὡς
1234 2350 1267 2377 ἂν
1280 2351 1320 2381 είς
1332 2350 1381 2386 τὴν
1392 2351 1484 2386 κοινὴν
1501 2351 1605 2386 μητέρα
1618 2350 1703 2385 τούτῳ
1713 2351 1802 2386 λυμη-

1017 2395 1139 2430 ναμένων
1153 2395 1191 2430 τῷ
1208 2395 1490 2430 τ,ρόπῳ.[1εποιήκασί
1504 2396 1641 2431 eamne-iv,
1655 2397 1694 2427 είς
1705 2396 1803 2428 αὐτοὺς

1017 2441 1118 2476 φρίκης
1136 2442 1230 2477 μεστὰ,
1251 2441 1294 2468 ἵνα
1315 2441 1425 2476 μείζονα
1439 2442 1489 2477 τὴν
1506 2442 1658 2477 μαρτυρίαν
1671 2442 1722 2477 τῆς
1739 2442 1803 2468 ἐαυ-

1017 2486 1071 2514 τῶν
1084 2486 1223 2522 ὠμότητος
1236 2485 1430 2521 παράσχωνται
1450 2488 1506 2518 τοῖς
1522 2486 1604 2520 ὁρῶσι
1616 2495 1623 2501 ·
1640 2488 1688 2513 καὶ
1703 2487 1736 2522 δὴ
1755 2495 1795 2514 καί

1018 2533 1089 2567 ὁρμῇ
1106 2531 1189 2566 πολλῇ
1208 2540 1262 2558 τινι
1277 2532 1323 2558 καὶ
1346 2532 1447 2567 σφοδρᾷ
1463 2532 1522 2558 κατ’
1536 2532 1626 2559 αὐτῶν
1641 2533 1802 2569 ἐχρήσαντο,

1019 2578 1082 2614 ἄχρι
1095 2578 1189 2609 τέλους
1211 2578 1260 2612 τὴν
1283 2578 1368 2614 αὐτὴν
1385 2577 1432 2604 τοῦ
1447 2577 1542 2613 μίσους
1564 2579 1629 2614 περὶ
1639 2579 1736 2610 αὐτοὺς
1746 2579 1804 2606 ὲπι-

1019 2623 1169 2659 δειξάμενοι
1197 2622 1308 2659 γνώμην
1320 2632 1327 2639 ·
1341 2623 1371 2650 τὸ
1384 2624 1447 2659 γὰρ,
1460 2633 1470 2650 ι
1486 2624 1618 2658 ἐφύλαξεν
1635 2626 1674 2656 είς
1692 2626 1777 2656 νῖκος,
1790 2635 1799 2650 ι

1018 2669 1096 2696 τοῦτο
1110 2669 1193 2704 λέγει.
1215 2668 1299 2705 ’Υπὲρ
1310 2669 1339 2696 δὲ
1351 2669 1454 2696 τούτων
1468 2670 1512 2703 τί;
1530 2679 1540 2696 ι
1560 2671 1616 2698 Καὶ
1632 2670 1802 2703 ἐξαποστελῶ

1019 2714 1075 2751 πῦρ
1081 2715 1120 2747 εἰς
1130 2714 1248 2751 Θαιμάν,
1259 2715 1306 2742 καὶ
1313 2715 1500 2750 καταφάγεται
1506 2715 1621 2752 θεμέλια
1633 2715 1745 2751 τειχέων
1753 2715 1802 2742 αὐ-

225 2807 281 2843 (26)
305 2805 388 2834 Nobis
403 2806 523 2842 placeret
538 2804 624 2840 magis
639 2805 720 2833 lectio
734 2805 936 2840 Compluteusis
951 2814 961 2832 ε

1013 2805 1102 2838 σεῖκος,
1119 2806 1153 2833 ad
1168 2806 1371 2834 contentionem.
