1972 3066
156 107 208 134 ὶ55

731 109 904 139 ΤΙΚΕΟΒΟΙΗ
923 112 1162 142 MOPSUESTENI

1725 118 1779 148 256

159 165 341 200 magnitudini
366 165 532 194 indictorum
553 167 688 195 malorum
705 176 868 204 pares,cum
886 172 942 198 cla-

1000 172 1051 205 τοῦ,
1061 175 1108 200 καὶ
1118 174 1221 206 πάντας
1230 175 1362 210 ἄρχοντας
1372 174 1454 202 αὐτοῦ
1465 175 1606 203 ἀποκτενῶ
1614 174 1673 211 μετ’
1683 175 1778 209 αὐτοῦ,

158 218 234 238 more
250 219 348 247 magno
362 212 434 240 inter
457 213 617 240 bellicarum
641 215 767 242 tubarum
787 216 942 252 clangorem

159 261 274 284 mortem
291 258 437 292 oppetituri
448 259 513 286 sint.
530 260 618 294 Atque
626 264 655 286 ut
669 261 827 288 summatim
838 262 939 294 dicam,

158 305 265 330 tantum
283 304 334 330 erit
350 304 459 331 illorum
476 304 598 338 exilium,
611 305 689 341 102
703 310 731 333 ut
746 315 835 342 neque
855 308 941 343 judex

160 355 255 375 eorum
283 349 381 384 aliquis
411 358 499 385 neque
520 351 648 386 princeps
673 353 866 387 superfuturus
893 355 940 388 sit,

158 394 266 421 cunctis
283 395 376 422 eodem
396 400 519 430 tempore
535 396 675 424 occisione
689 396 796 425 deletis.

995 218 1067 252 λέγει
1081 219 1189 255 Κύριος.
1203 229 1213 245 υ
1230 220 1417 248 Ἐπελεύσεται
1431 220 1494 256 γὰρ,
1507 221 1597 257 φησιν,
1612 222 1626 248 ὁ
1640 221 1778 256 πολέμιος,

997 264 1086 296 πάσας
1099 265 1187 292 αὐτῶν
1199 266 1335 300 ἀφανίζων
1356 267 1406 299 τὰς
1420 267 1510 299 ¹ιιῖύλεις
1520 275 1527 283 ·
1540 268 1585 302 (p.
1599 267 1669 301 154)
1682 267 1720 298 ὡς
1739 267 1780 298 είς

995 310 1112 345 ἐσχάτην
1120 311 1327 346 κατενεχθέντας
1335 311 1485 344 ἀσθένειαν,
1497 312 1544 339 καὶ
1554 312 1620 348 μηδὲ
1628 311 1780 348 ἀρκοῦντας

997 355 1065 390 πρὸς
1077 355 1107 382 τὸ
1119 356 1233 390 μέγεθος
1243 357 1297 383 τῶν
1306 357 1483 392 ἐπαγομένων
1493 358 1584 389 αὐτοῖς
1593 357 1695 391 κακῶν,
1711 357 1780 392 μετὰ

997 401 1126 436 μεγίστης
1150 402 1222 434 τινὸς
1238 402 1329 437 φωνῆς
1342 411 1371 428 τε
1392 402 1440 429 καὶ
1454 405 1578 438 κραυγῆς
1591 403 1645 430 τῶν
1667 403 1780 438 πολεμι-

158 440 215 467 κῶν
227 440 383 475 σαλπίγγων
396 441 508 468 θάνατον
524 443 666 478 ὑπομεῖναι
678 452 684 459 ·
706 445 844 480 συντόμως
857 454 885 472 τε
900 447 996 480 εἰπεῖν,
1010 448 1134 480 τοσοῦτος
1146 449 1205 475 δλεθ
1210 457 1255 484 ρος
1271 449 1360 476 αὐτῶν
1374 449 1460 482 ἔσται,
1480 451 1517 483 ὠς
1533 451 1570 486 μὴ
1583 450 1678 487 κριτὴν
1692 451 1780 478 αὐτῶν

159 487 226 522 μηδὲ
237 487 353 522 ἄρχοντα
365 489 568 524 περιλειφθῆναι
581 490 691 525 μηδένα,
708 492 814 518 πάντων
827 493 915 520 αὐτῶν
926 494 1102 522 ἀπολωλότων
1115 495 1252 529 καθάπαξ.

196 531 279 559 Vens.
302 535 328 563 4.
346 533 372 560 5.
384 549 419 555 —
440 534 485 562 Sic
500 539 589 562 autem
605 537 724 565 narratis
737 545 797 571 qua:
823 537 946 566 finitimis

159 584 290 606 eventura
315 583 393 606 erant
402 580 438 607 ob
454 581 575 615 ipsorum
597 583 730 611 adversus
740 583 877 611 lsraelitas
892 584 945 612 ini-

160 623 303 657 quitatem.
324 626 461 652 convertit
479 633 508 653 se
518 634 579 654 mox
598 629 730 663 propheta
746 629 779 656 ad
791 637 833 656 res
846 630 946 664 popqu

160 677 270 703 quoque
295 677 345 697 suo
373 677 537 705 eventuras;
555 672 750 701 demonstrans
774 676 848 710 quod
873 676 946 703 sicut

161 715 200 742 illi
216 716 344 750 puniendi
368 722 447 744 erant
460 718 495 745 ob
515 726 592 746 suam
607 723 703 746 contra
720 721 848 755 populum
863 729 945 756 pecu-

1033 540 1106 576 Στίχ.
1123 540 1187 573 δ’,ε¹.
1205 557 1241 561 —
1255 540 1333 568 οὕτω
1354 541 1382 568 δὲ
1395 541 1429 568 τὰ
1442 542 1498 573 τοῖς
1510 540 1658 576 περιοίκοις
1675 541 1779 576 συμϐη-

998 587 1098 623 σόμενα
1120 587 1191 623 ὑπὲρ
1213 588 1262 623 τῆς
1277 589 1317 620 είς
1339 588 1402 619 τοὺς
1421 587 1589 623 Ἰσραηλίτας
1611 586 1780 622 παρανομίας

996 631 1114 668 εἰρηκὼς
1126 633 1140 659 ὸ
1157 633 1308 668 προφήτης,
1323 632 1452 668 τρέπεται
1467 633 1559 660 λοιπὸν
1571 632 1617 658 ἐπὶ
1627 632 1662 658 τὰ
1672 632 1710 668 τῷ
1723 631 1780 667 λαῷ

996 678 1205 713 συμϐησόμενα,
1232 678 1337 710 δεικνὺς
1358 679 1398 705 ὅτι
1418 678 1517 705 ἐκεῖνοί
1539 686 1569 705 τε
1585 677 1654 713 ὑπὲρ
1669 677 1720 712 τῆς
1739 678 1779 709 είς

997 723 1108 755 τούτους
1120 723 1227 756 ἀδικίας
1240 723 1355 759 ἦμελλον
1368 723 1556 759 τιμωρεῖσθαι,
1570 723 1607 755 ὡς
1621 723 1653 750 ἂν
1664 724 1702 754 εἰς
1714 723 1779 750 Θεὸν

162 760 267 788 liariter
284 761 338 789 Deo
358 763 493 790 addictum
518 764 705 800 iniquitatem;
733 767 769 793 ita
796 768 877 794 etiam
897 776 945 803 po-

1000 765 1074 804 ᾧπερ
1093 770 1241 804 προσήκειν
1261 769 1359 801 αὐτοὺς
1383 769 1522 796 συνέϐαινε
1552 769 1630 796 τοῦτο
1654 769 1780 804 πλημμε-

163 807 243 841 pulus
260 815 366 842 poenam
383 816 436 836 non
461 809 569 844 cll’ugiet
586 811 684 845 ingrati
710 812 753 839 sui
777 820 840 847 erga
862 812 945 841 Deum

163 853 258 880 animi.
276 853 397 880 Meminit
410 862 474 881 vero
498 855 524 882 in
539 856 635 890 primis
652 857 740 885 tribus
757 857 843 890 Judrc,
866 867 946 893 quam

163 899 299 934 praecipue
328 907 408 934 paena
435 901 544 936 dignam
577 907 681 935 censet,
707 909 850 939 propterea
875 906 946 940 quod

164 947 238 973 circa
256 946 301 973 Dei
329 947 457 982 templum
480 948 620 980 habitans.
642 950 727 977 nihilo
740 955 830 978 tamen
858 953 947 980 minus

164 991 316 1026 irrcligiosa
330 997 399 1019 erat.
417 992 462 1019 Sic
476 997 565 1020 autem
589 994 662 1021 l'atur
678 1004 685 1022 z
705 1004 713 1020 ι
727 995 788 1023 ΙΙιιξο
812 997 878 1024 dicit
897 997 948 1025 Do-

164 1036 257 1063 minus
275 1045 281 1062 :
301 1036 388 1072 Super
413 1038 503 1066 tribus
530 1040 679 1068 sceleribus
697 1041 812 1069 ﬁliorum
831 1043 907 1070 .lndze
921 1048 948 1072 et

165 1090 247 1117 super
264 1087 379 1117 quatuor
396 1091 448 1110 non
465 1085 613 1112 aversabor
626 1094 685 1113 eos.
701 1096 709 1112 ι
728 1086 877 1116 Peccantes
899 1089 947 1117 hos

164 1135 352 1161 smpenumero
367 1128 457 1156 odisse
474 1137 504 1157 se
521 1129 598 1163 dicit,
612 1132 676 1166 quia
693 1132 720 1159 in
744 1133 882 1167 impietate
898 1143 947 1162 sua

164 1178 385 1207 perseverarunt.
410 1173 468 1201 Mox
498 1175 579 1202 etiam
606 1183 692 1210 pinnae
721 1185 832 1205 causam
856 1179 946 1207 dicit:

167 1229 177 1245 ι
190 1221 335 1255 Propterea
352 1221 424 1256 quod
442 1222 594 1256 abjccerint
611 1224 696 1258 legem
715 1224 820 1252 Domini
834 1231 860 1253 et
872 1234 948 1253 nian-

164 1266 227 1293 daia
237 1267 297 1301 ejus
308 1275 361 1294 non
375 1268 584 1295 custodiverint.
597 1269 628 1295 Et
642 1269 810 1304 deceperunt
822 1279 870 1298 eos
878 1279 948 1299 vana

166 1312 260 1347 (idola)
275 1321 324 1340 sua
340 1322 400 1348 qua:
412 1313 545 1347 fecerant,
562 1319 623 1348 post
639 1323 699 1350 quae
715 1316 841 1344 abierant
857 1322 949 1352 patres

165 1366 272 1386 corum.
288 1369 296 1384 ι
310 1359 428 1394 Namque
436 1365 462 1387 et
473 1360 500 1387 hi
510 1361 610 1388 nullam
625 1361 814 1389 mandatorum
826 1371 947 1391 meorum

165 1404 298 1430 rationem
322 1403 420 1431 habere
437 1406 593 1438 voluerunt,
613 1411 640 1433 et
654 1406 788 1434 idolorum
814 1409 898 1435 cultui
919 1416 948 1436 se

996 814 1104 846 λοῦντες
1118 814 1156 850 τῷ
1172 815 1279 850 τρόπῳ·
1295 811 1367 841 οὗτοί
1383 823 1411 841 τε
1428 815 1457 841 ού
1476 814 1662 850 διαφεύξονται
1677 815 1726 851 τὴν
1740 823 1780 842 τι·

998 861 1103 896 μωρίαν
1126 861 1281 897 ἀγνώμονες
1307 862 1371 897 περὶ
1393 861 1458 888 Θεὸν
1474 862 1628 897 γεγονότες·
1645 861 1780 897 μέμνηται

998 907 1089 942 μέντοι
1113 907 1243 943 πρότερον
1260 908 1308 942 τῆς
1333 906 1380 934 τοῦ
1403 906 1486 933 Ἰούδα
1502 906 1588 941 φυλῆς
1607 906 1644 938 ὡς
1671 906 1704 933 ἂν
1730 908 1781 942 μά-

997 953 1076 979 λιστα
1102 953 1236 988 τιμωρίας
1263 952 1362 985 ἀξιῶν,
1397 952 1467 988 ὑπὲρ
1493 950 1532 979 ὧν
1562 953 1625 988 περὶ
1648 952 1694 978 τὸν
1716 952 1780 979 ναὸν

997 997 1174 1033 τυγχάνοντες
1190 997 1236 1024 τὸν
1249 998 1329 1029 θεῖον,
1350 997 1457 1030 οὐθενὸς
1471 996 1552 1034 ἦττον
1565 997 1689 1032 ἠσέϐουν·
1707 997 1781 1031 λέγει

997 1042 1025 1069 δὲ
1048 1042 1146 1074 οὕτως·
1168 1052 1177 1068 ι
1197 1042 1265 1069 Τάδε
1287 1042 1361 1076 λέγει
1386 1042 1497 1078 Κύριος·
1531 1042 1591 1068 Ἐπὶ
1607 1043 1667 1073 ταῖς
1693 1042 1781 1077 τρισὶν

997 1087 1134 1120 ἀσεϐείαις
1155 1087 1220 1114 υἱῶν
1248 1087 1332 1114 Ἰούδα
1356 1088 1401 1115 καὶ
1423 1088 1469 1114 ἐπὶ
1491 1089 1550 1119 ταῖς
1563 1088 1709 1123 τέσσαρσιν
1732 1088 1782 1114 οὐκ

997 1134 1245 1169 ἀποστραφήσομαι
1261 1134 1368 1165 αὐτούς.
1388 1144 1396 1159 ι
1418 1133 1600 1169 Ἦσεϐηκότας
1615 1134 1662 1160 καὶ
1672 1133 1782 1164 τούτους

998 1179 1129 1210 πολλάκις
1145 1181 1232 1215 μισεῖν
1244 1179 1340 1213 λέγων,
1355 1180 1501 1215 ἐπειδήπερ
1514 1180 1732 1215 ὲπιμεμενήκασι
1746 1181 1780 1215 τῇ

998 1224 1101 1251 ἑαυτῶν
1123 1224 1234 1259 ἀσεϐείᾳ
1245 1232 1252 1239 ·
1268 1221 1326 1251 εἶτα
1351 1225 1396 1251 καὶ
1408 1224 1458 1260 τὴν
1471 1224 1559 1251 αἰτίαν
1575 1224 1662 1258 λέγων
1678 1224 1727 1259 τῆς
1741 1232 1783 1250 τι-

999 1269 1103 1305 μωρίας
1113 1290 1121 1301 ,
1141 1279 1150 1295 ι
1169 1270 1281 1296 Ἕνεκεν
1294 1269 1342 1297 τοῦ
1356 1269 1516 1297 ἀπώσασθαι
1531 1270 1627 1302 αὐτοὺς
1642 1269 1688 1296 τὸν
1701 1270 1782 1305 νόμον

998 1316 1099 1352 Κυρίου
1111 1336 1119 1347 ,
1145 1314 1188 1352 (p.
1205 1316 1276 1351 155)
1292 1316 1338 1343 καὶ
1358 1316 1391 1342 τὰ
1413 1316 1610 1352 προστάγματα
1629 1315 1711 1343 αὑτοῦ
1732 1316 1783 1343 οὐκ.

997 1361 1180 1394 ἐφυλάξαντο·
1201 1361 1248 1388 καὶ
1267 1361 1417 1396 ἐπλάνησεν
1433 1361 1545 1394 ἑαυτοὺς
1561 1361 1596 1389 τὰ
1612 1362 1712 1397 μάταια
1733 1362 1781 1388 αύ-

996 1405 1051 1431 τῶν
1066 1405 1084 1432 ἃ
1106 1406 1251 1441 ἐποίησαν,
1276 1403 1317 1437 οἷς
1330 1405 1545 1442 ὲξηκολούθησαν
1562 1406 1586 1432 οί
1604 1406 1720 1442 πατέρες
1732 1407 1783 1433 αύ-

167 1448 341 1480 addixernnt,
367 1454 552 1478 consentanea
577 1451 701 1486 patribus
721 1453 779 1479 suis
803 1452 944 1481 facientes.

1000 1451 1051 1478 τῶν
1074 1451 1161 1479 ὀπίσω
1186 1451 1285 1480 αὐτῶν.
1307 1461 1317 1478 ι
1344 1452 1399 1479 Καὶ
1421 1451 1475 1488 γὰρ
1503 1452 1550 1479 καὶ
1564 1448 1637 1479 οὗτοι
1660 1452 1713 1479 τῶν
1733 1453 1783 1488 μὲν

167 1495 235 1527 Quid
250 1495 333 1530 ergo?
345 1505 354 1521 ι
367 1496 510 1523 lmmittam
526 1497 614 1532 ignem
632 1498 657 1524 in
676 1497 784 1530 ludam.
800 1503 826 1525 et
855 1498 951 1527 Hieru-

169 1543 251 1568 salem
276 1540 452 1568 fundamenta
477 1542 616 1569 vorabit.)
631 1541 756 1574 Perdant.
780 1544 877 1579 inquit,
903 1545 951 1572 ho-

169 1588 250 1614 stium
268 1594 348 1613 manu
363 1592 476 1614 cunctos
487 1588 562 1622 regni
574 1587 648 1616 illius
656 1589 769 1620 οἰνος,οι
783 1589 950 1618 Hierusalem

168 1639 229 1656 cum
273 1631 349 1665 ipsis.
382 1631 559 1667 Exploratum
585 1638 627 1661 est
653 1635 814 1669 prophetam
838 1636 895 1662 huic
917 1636 951 1663 de

168 1674 325 1710 Babyloniis
345 1676 446 1709 dicere,
469 1678 515 1712 qui
534 1677 702 1706 Hierusalem
726 1679 849 1707 demoliti
876 1684 949 1712 sunt,

167 1721 282 1748 etJudze
300 1722 399 1748 tribum
422 1724 555 1758 captivam
585 1726 795 1752 transtulerunt.
815 1725 950 1753 Cietcrum

168 1769 194 1794 in
210 1769 397 1803 sequentibus.
416 1769 448 1796 de
475 1770 591 1802 lsraclis,
609 1771 634 1797 id
655 1776 697 1798 est
712 1772 805 1798 decem
829 1773 950 1799 tribuum

169 1815 247 1842 malis
265 1815 388 1850 loquens,
409 1817 537 1851 Assyrios
563 1821 593 1844 ut
611 1825 658 1852 par
681 1822 722 1844 est
752 1818 884 1851 nominat,
905 1819 950 1852 qui

169 1861 258 1888 tribus
275 1862 336 1889 illas
349 1862 520 1890 abduxerunt
543 1864 675 1898 captivas.
700 1864 882 1897 Quamobrem
905 1872 951 1899 ap-

170 1911 246 1942 paret
261 1908 432 1935 unamvcluti
443 1909 596 1936 existimari
610 1917 624 1936 a
640 1910 771 1944 propheta
792 1911 882 1945 populi
907 1918 952 1938 ca-

167 1954 317 1988 ptivitatem
343 1955 378 1982 ab
403 1955 524 1990 Assyriis
551 1963 583 1982 ac
603 1955 758 1991 Babyloniis
786 1962 921 1990 peractam
944 1966 951 1984 :

168 2007 323 2034 quanquam
347 2007 443 2034 reapse
464 2000 509 2027 alii
527 2000 602 2028 fuere
619 2002 665 2036 qui
686 2001 777 2029 decem
802 2002 889 2030 tribus
909 2010 953 2030 ce-

168 2052 276 2080 perunt.
308 2046 385 2081 103
409 2047 515 2082 Assyrii
539 2048 664 2075 scilicet:
682 2048 820 2082 Babylonii
848 2052 950 2081 autem,

169 2089 215 2124 qui
235 2088 312 2116 Juda:
328 2091 428 2117 tribum
457 2091 691 2120 abstuleruntwt
712 2092 822 2128 quidem
844 2097 951 2128 tempus

168 2135 276 2170 aliquod
293 2136 448 2163 intercessit
461 2147 468 2163 :
483 2139 524 2164 sic
541 2142 632 2164 tamen
646 2138 767 2165 universi
784 2140 951 2173 populicon-

168 2182 229 2217 tigit
250 2182 378 2216 compleri
402 2182 599 2217 captivitatem,
620 2188 737 2219 coeptam
754 2192 768 2210 a
784 2184 876 2212 decem
901 2186 951 2212 tri-

168 2229 269 2260 bubus,
283 2233 310 2255 et
325 2229 351 2254 in
370 2227 446 2255 Juda:
461 2228 534 2255 tribu
552 2229 716 2256 absolutam.
738 2229 829 2262 Quare
845 2234 871 2256 et
888 2238 951 2265 pro-

168 2276 255 2311 pheta:
269 2281 414 2302 evcnluras
443 2275 542 2310 populo
573 2282 616 2302 res
637 2274 842 2307 denuntiantes,
871 2275 952 2302 modo

168 2322 241 2353 illos,
271 2321 352 2348 modo
372 2321 421 2348 hos
447 2325 607 2352 memorant,
635 2321 699 2355 quia
725 2321 804 2347 ambo
824 2321 951 2355 populum

168 2374 252 2393 unum
279 2367 460 2397 constituunt,
489 2370 571 2400 atque
599 2365 633 2392 ad
662 2372 742 2392 unam
771 2365 951 2392 communiter

168 2413 352 2447 captivitatem
367 2413 484 2440 traducti
502 2412 629 2444 fuerunt;
650 2411 758 2439 etiamsi
775 2411 832 2438 haec
851 2411 949 2438 distin-

168 2460 219 2486 ctis
235 2458 401 2493 temporibus
417 2458 542 2493 contigit.

1001 1497 1089 1532 νόμων
1120 1498 1239 1525 καὶτῶν
1265 1498 1483 1534 προσταγμάτων
1508 1498 1562 1526 τῶν
1589 1498 1664 1534 ἐμῶν
1687 1498 1783 1525 οὐθένα

1000 1544 1077 1578 λόγον
1097 1544 1231 1571 ποιεῖσθαι
1245 1544 1387 1579 ἠϐούλοντο
1397 1564 1404 1576 ,
1414 1546 1448 1580 τῇ
1461 1544 1488 1571 δὲ
1501 1545 1555 1571 τῶν
1568 1544 1684 1571 εἰδώλων
1698 1553 1783 1580 προσ-

1000 1589 1104 1623 ανείχον
1115 1588 1255 1624 θεραπείᾳ,
1271 1587 1404 1615 ἀκόλουθα
1417 1589 1473 1620 τοῖς
1491 1587 1595 1615 ἑαυτῶν
1607 1588 1782 1624 ἐργαζόμενοι

1001 1634 1129 1669 πατράσι.
1152 1634 1184 1660 Τί
1203 1631 1265 1665 οὖν;
1289 1643 1299 1659 ι
1321 1633 1508 1667 Ἐξαποστελῶ
1523 1634 1578 1670 πῦρ
1596 1634 1642 1661 ἐπὶ
1663 1633 1781 1667 Ἰούδαν,

1001 1679 1048 1706 καὶ
1069 1679 1255 1713 καταφάγεται
1272 1679 1385 1714 θεμέλια
1405 1679 1589 1715 Ἰερουσαλήμ.
1613 1689 1623 1706 ι
1647 1681 1782 1714 ’Διρανιῶ,

1001 1725 1077 1759 φησὶ,
1096 1725 1140 1752 διὰ
1149 1725 1204 1751 τῶν
1217 1724 1353 1760 πολεμίων
1363 1724 1426 1757 τούς
1436 1733 1464 1752 τε
1479 1726 1530 1761 τῆς
1545 1726 1681 1761 βασιλείας
1697 1726 1783 1754 ἀπαν-

1001 1779 1050 1801 τας
1066 1770 1190 1805 ἐκείνης,
1214 1770 1261 1797 καὶ
1276 1770 1324 1805 τὴν
1346 1770 1522 1807 Ἰερουσαλὴμ
1545 1773 1592 1798 σὺν
1611 1773 1712 1804 αὐτοῖς.
1732 1772 1784 1799 Εὕ-

1001 1815 1079 1850 δηλον
1099 1815 1128 1841 δὲ
1153 1815 1193 1842 ὅτι
1223 1815 1287 1850 περὶ
1304 1815 1358 1842 τῶν
1379 1816 1556 1843 Βαϐυλωνίων
1578 1816 1663 1843 ταῦτά
1683 1825 1781 1851 φησιν·

1002 1862 1098 1888 ἐκεῖνοι
1113 1860 1167 1896 γὰρ
1179 1861 1228 1896 τήν
1243 1869 1273 1887 τε
1293 1860 1468 1897 Ἰερουσαλὴμ
1482 1862 1646 1898 κατήγαγον,
1661 1862 1707 1889 καὶ
1721 1863 1783 1894 τοὺς

1001 1907 1050 1941 τῆς
1069 1906 1154 1933 ’ἰούδα
1168 1906 1253 1942 φυλῆς
1269 1906 1364 1933 ἔλαϐον
1380 1907 1568 1942 αἰχμαλώτους
1578 1916 1584 1922 ·
1603 1907 1689 1935 καίτοι
1708 1916 1739 1942 γε
1754 1908 1783 1935 ἐν

1002 1953 1057 1984 τοῖς
1078 1952 1147 1987 μετὰ
1171 1952 1258 1978 ταῦτα
1279 1952 1314 1979 τά
1335 1953 1376 1984 είς
1398 1953 1444 1979 τὸν
1475 1953 1597 1989 Ἰσραὴλ,
1613 1953 1662 1980 εἴτ’
1676 1951 1785 1986 οὖντὰς

1001 1997 1067 2025 δέκα
1095 1998 1198 2033 φυλὰς,
1232 1998 1340 2034 μηνύων
1367 1998 1457 2032 κακὰ,
1485 1999 1539 2025 τῶν
1569 1999 1717 2034 Ἀσσυρίων
1745 1999 1784 2030 ὼς

1002 2043 1076 2076 είκδς
1089 2044 1286 2080 ἐπιμέμνηται,
1301 2045 1380 2080 οἵπερ
1399 2043 1445 2072 οὖν
1463 2045 1561 2076 αὐτοὺς
1582 2045 1629 2072 καὶ
1645 2044 1785 2080 αἰχμαλώ-

1002 2098 1065 2121 τους
1088 2090 1216 2121 λαϐόντες
1240 2090 1379 2125 ἀπῆλθον·
1408 2091 1445 2122 ὠς
1468 2090 1547 2126 δῆλον
1573 2089 1642 2117 εἶναι
1663 2091 1703 2117 ὅτι
1719 2091 1784 2125 μίαν

968 2121 988 2147 D
1002 2136 1062 2163 τινά
1083 2136 1270 2171 αίχμαλωσίαν
1288 2121 1395 2171 ήγεῖται
1412 2121 1462 2171 τῆν
1551 2136 1595 2164 τὸν
1611 2136 1673 2164 λαὸν
1687 2121 1739 2164 ὑπό
1753 2145 1784 2163 τε

1007 2180 1153 2216 Ἀσσυρίων
1174 2182 1358 2217 γεγενημένην
1382 2181 1430 2208 καὶ
1453 2181 1507 2208 τῶν
1531 2181 1728 2210 Βαϐυλωνίωνο
1759 2183 1784 2209 ιι

1001 2227 1047 2253 καὶ
1058 2227 1145 2262 ἕτεροι
1163 2228 1211 2262 μὲν
1227 2225 1296 2263 ἦσαν
1312 2229 1336 2254 οἰ
1349 2227 1399 2259 τὰς
1412 2227 1478 2254 δέκα
1497 2227 1623 2260 λαϐόντες
1640 2228 1740 2263 φυλὰς,
1759 2228 1785 2255 οἱ

1007 2272 1143 2308 ’Λσσύριοι
1154 2293 1162 2304 ,
1186 2273 1271 2308 λέγω·
1292 2273 1457 2300 Βαϐυλώνιοι
1470 2274 1498 2300 δὲ
1512 2274 1535 2300 οι
1550 2274 1612 2306 τοὺς
1630 2274 1679 2309 τῆς
1701 2273 1785 2300 ’ἰούδα

1001 2318 1128 2350 λαϐόντες
1139 2318 1226 2353 φυλῆς
1235 2326 1242 2333 ·
1258 2318 1304 2345 καί
1317 2327 1358 2350 τις
1369 2319 1415 2345 καὶ
1429 2319 1522 2354 χρόνος
1535 2319 1564 2346 ἐν
1576 2319 1651 2355 μέσῳ
1663 2320 1783 2353 γεγόνει·

1000 2363 1093 2398 ἐπειδὴ
1104 2363 1151 2390 τοῦ
1163 2364 1262 2396 παντὸς
1277 2364 1341 2391 λαοῦ
1354 2364 1402 2400 τὴν
1416 2364 1601 2400 αἰχμαλωσίαν
1612 2365 1705 2392 τοῦτον
1721 2373 1784 2390 συν-

1001 2409 1049 2445 έϐη
1068 2409 1242 2445 πληρωθῆναι
1274 2410 1320 2436 τὸν
1343 2410 1455 2445 τρόπον·
1479 2410 1634 2446 ἀρξαμένην
1651 2410 1700 2446 μὲν
1730 2411 1785 2438 ἀπὸ

1002 2455 1056 2482 τῶν
1077 2455 1156 2487 δέκα,
1178 2456 1376 2491 περαιωθεῖσαν
1390 2457 1419 2482 δὲ
1433 2457 1473 2489 είς
1487 2457 1549 2488 τοὺς
1564 2456 1614 2491 τῆς
1634 2456 1718 2483 Ἰούδα
1733 2466 1785 2492 φυ-

168 2506 232 2542 λῆς”
248 2506 340 2541 διόπερ
354 2506 400 2532 καὶ
412 2507 436 2532 οἱ
450 2506 586 2541 προφῆται
606 2505 639 2531 τὰ
655 2504 717 2540 περὶ
737 2504 781 2530 τὸν
796 2503 859 2530 λαὸν
875 2503 990 2538 ἐσόμενα
1011 2502 1226 2536 ἐξαγγέλλοντες,
1245 2502 1309 2529 ποτὲ
1328 2502 1376 2537 μὲν
1396 2503 1521 2535 ἐκείνων,
1539 2502 1603 2528 ποτὲ
1619 2502 1647 2529 δὲ
1666 2503 1785 2538 μέμνην-

168 2561 212 2578 ται
227 2551 338 2582 τούτων,
360 2557 397 2585 (p.
419 2551 491 2586 156.)
504 2551 541 2582 ὡς
556 2550 717 2586 ἀμφοτέρων
732 2550 772 2582 είς
784 2549 828 2576 τὸν
845 2549 908 2576 λαδν
922 2547 1127 2580 συντελούντων,
1143 2548 1211 2583 πρὸς
1230 2548 1294 2583 μίαν
1307 2548 1336 2574 τέ
1348 2557 1408 2575 τινα
1418 2549 1464 2575 τοῦ
1478 2548 1566 2575 κοινοῦ
1583 2548 1631 2584 τὴν
1648 2549 1786 2584 αἰχμαλω-

169 2606 229 2626 σιαν
240 2596 459 2632 ἀναφερομένων,
475 2596 525 2623 κᾶν
538 2598 563 2623 εί
574 2595 744 2632 διῃρημένοις
758 2604 814 2627 πως
825 2595 931 2629 γεγόνει
946 2596 1000 2626 τοῖς
1014 2596 1128 2629 καιροῖς.

206 2643 287 2671 Vens.
299 2643 359 2671 6-8.
371 2659 402 2665 -
413 2652 421 2668 ι
434 2642 497 2670 Παῖς
505 2643 571 2670 dicit
583 2642 713 2670 Dominus
732 2651 739 2669 :
756 2641 843 2676 Super
864 2641 951 2668 tribus

170 2687 443 2718 Stclerihuslsraelis.
464 2693 579 2723 etsuper
594 2693 712 2722 quatuor
728 2693 782 2713 non
804 2686 950 2712 aversabor

169 2743 242 2762 cum.
255 2745 264 2760 ι
278 2733 424 2770 Postquam
439 2734 517 2767 dixit,
536 2742 566 2761 se
581 2734 642 2761 illos
662 2736 772 2768 propter
793 2731 950 2759 continuata

170 2782 358 2817 peccatajuste
366 2781 496 2811 aversari.
508 2784 602 2808 narrat
615 2780 641 2806 in
654 2778 830 2813 sequentibus
841 2777 949 2804 illorum

173 2828 329 2862 iniquitates
346 2828 477 2864 plurimas
494 2837 500 2854 ι
518 2837 527 2853 ι
540 2826 686 2861 Proptcrca
700 2825 772 2860 quod
783 2823 952 2852 vendiderint

1035 2641 1110 2675 Στίχ.
1134 2642 1206 2675 ς’-η’.
1226 2654 1260 2660 --
1281 2647 1291 2664 ι
1311 2639 1379 2665 Τάδε
1402 2639 1474 2673 λέγει
1502 2639 1612 2674 Κύριος·
1645 2639 1705 2666 Ἐπὶ
1724 2640 1784 2671 ταῖς

1002 2686 1090 2722 τρισὶν
1102 2684 1239 2716 ἀσεϐείαις
1259 2684 1366 2720 Ἰσραὴλ
1380 2684 1427 2711 καὶ¹
1442 2685 1487 2711 ἐπὶ
1501 2686 1561 2716 ταῖς
1576 2685 1720 2720 τέσσαρσιν
1734 2684 1783 2711 οὐκ

1002 2731 1249 2766 ἀποστραφήσομαι
1271 2730 1362 2758 αὐτόν.
1384 2740 1393 2757 ι
1417 2728 1483 2757 Εἶτα
1501 2729 1619 2766 εἰρηκὼς
1646 2730 1686 2756 ὅτι
1713 2730 1783 2765 ὑπὲρ

1002 2774 1040 2804 ὧν
1062 2777 1262 2812 ἐπιτεταμένως
1291 2776 1404 2811 ἠσέϐουν
1434 2775 1635 2811 ἀποστρέφεται
1661 2775 1782 2810 δικαίως,

1003 2824 1077 2857 λέγει
1101 2822 1218 2857 καθεξῆς
1229 2822 1275 2848 καὶ
1283 2822 1316 2849 τὰ
1326 2821 1426 2849 τούτων
1439 2821 1659 2857 πλημμελήματα
1671 2820 1783 2848 πλεῖστά
