1973 3066
189 137 244 165 257

714 137 987 166 COMMENTARIUS
1000 137 1032 166 IN
1050 137 1156 166 AMOSI
1172 138 1249 166 CAP.
1267 138 1298 165 ll.

1754 140 1806 167 9.38

190 202 224 228 γε
243 195 320 222 δντα.
338 204 349 222 α
380 195 451 223 ’Λνθ’
467 192 504 223 ὧν
522 196 650 224 ἀπέδοντο
673 195 776 223 δίκαιον
801 197 944 232 ἀργυρίου.
964 206 969 222 ι

1026 201 1138 231 argento
1152 197 1267 231 justum.
1280 207 1288 222 ι
1305 196 1412 224 Justum
1428 204 1501 224 nunc
1518 204 1572 224 non
1585 196 1651 224 dicit
1668 196 1805 224 hominem

191 240 302 267 Δίκαιον
316 241 346 267 οὐ
361 241 405 268 τδν
421 241 479 268 κατ’
493 242 592 278 ἀρετὴν
606 241 679 276 λέγει
691 241 747 275 νῦν,
767 242 835 269 ἀλλὰ
845 242 890 269 τὸν
900 239 976 278 ᾧπερ

192 286 240 312 ἐπὶ
259 286 310 321 τῆς
324 287 487 322 κινουμένης
502 287 731 323 ἀμφισϐητήσεως
749 288 838 316 δίκαια
852 289 956 324 προσῆν
967 297 974 305 ο

192 331 238 357 ἵνα
247 331 311 368 εῐπῃ
325 332 366 358 ὅτι
377 332 526 367 χρημάτων
539 333 710 368 προεδίδοσαν
723 334 785 365 τοὺς
796 336 853 366 τοῖς
862 335 975 367 δικαίοις

192 375 407 412 ὠχυρωμένους·
427 378 474 405 καὶ
497 378 637 405 ἐπιτείνων
659 379 689 405 τὸ
712 379 870 414 λεγόμενον,
893 390 903 405 ι
921 380 975 407 Καὶ

191 422 298 456 πένητα
314 423 407 450 ἕνεκεν
422 424 602 459 ὑποδημάτων
622 425 676 451 τῶν
693 425 847 452 πατούντων
862 426 907 452 ἐπὶ
928 426 975 452 τὸν

191 468 258 503 χοῦν
281 469 330 504 τῆς
345 469 406 505 γῆς.
429 479 439 495 υ
457 471 537 506 Ἄχρι
565 470 619 506 γὰρ
648 471 791 503 τοσούτου,
820 472 902 506 φησί,
925 472 975 507 τὴν

189 515 398 550 αἰσχροκερδίαν
413 515 547 548 ἐξέτειναν
560 516 609 551 τὴν
628 516 741 548 ἑαυτῶν,
759 516 828 542 ὥστε
850 516 904 542 τῶν
926 525 974 543 πε-

191 559 281 594 νήτων
293 560 445 595 προδιδόναι
455 561 486 587 τὸ
498 561 603 588 δίκαιον
615 561 685 597 ὑπὲρ
696 561 893 588 εὐτελεστάτων
906 561 975 597 λημ-

193 604 287 640 μάτων
299 613 305 619 ·
326 606 404 632 τοῦτο
422 606 475 642 γὰρ
488 607 563 640 δηλοῖ
576 607 615 640 τὸ,
630 617 639 632 ‹
657 607 836 642 ὑποδημάτων
856 607 909 634 τῶν
923 616 974 634 πα-

190 652 310 679 τούντων
327 653 373 680 ἐπὶ
388 653 433 680 τὸν
451 653 516 689 χοῦν
541 654 590 689 τῆς
608 654 675 689 γῆς,
697 663 706 680 ι
729 655 795 690 ὅπερ
815 652 848 690 ἦν
864 654 972 690 ἔλεγχος

191 699 281 735 σαφὴς
299 699 346 726 τοῦ
373 699 475 735 μηδένα
499 700 577 734 λόγον
598 701 731 727 ποιεῖσθαι
748 700 794 727 τοῦ
815 700 930 733 δικαίου,
947 701 974 727 εί

190 753 223 778 γε
249 745 296 771 καὶ
319 745 362 771 ἐπ’
387 745 506 772 εὐτελέσι
533 746 603 772 αὐτά
628 745 752 782 λήμμασι
783 746 972 782 διεπράττοντο

191 789 318 822 εὐκόλως.
336 799 344 814 ε
368 791 422 817 Καὶ
436 790 602 823 ὲκονδύλιζον
625 792 665 823 εἰς
679 791 798 826 κεφαλὰς
814 791 937 827 πτωχῶν.
959 800 969 817 t

191 835 252 862 Τῶν
265 835 354 863 αὐτῶν
368 836 451 870 λέγει,
469 837 508 863 ὅτι
524 837 554 863 οὐ
567 837 646 872 μόνον
658 837 707 864 οὐκ
723 838 861 872 ἐπήμυναν
880 837 971 868 αὐτοῖς

190 881 283 908 δίκαια
292 881 422 915 αἰτοῦσιν,
435 882 502 909 ἀλλὰ
515 883 562 910 καὶ
573 883 773 918 προσέπληττον
783 883 877 915 ἀδεῶς.
890 883 970 910 Ὅθεν

190 927 300 961 ἐπάγειο
312 937 321 954 ι
336 927 391 954 Καὶ
398 928 457 954 ὁδὸν
468 928 602 956 ταπεινῶν
612 928 759 961 ἐξέκλιναν.
774 939 783 954 ι
795 929 849 956 Καὶ
860 929 914 956 τῶν
926 937 973 955 πε-

189 973 356 1009 πραγμένων
367 973 458 1005 αὐτοῖς
468 973 581 1008 ,φησὶν’,
598 974 685 1009 ὀρθῶς
702 974 832 1010 ἐχόντων,
848 974 971 1010 (p.157)

192 1019 359 1054 μετέτρεπον
379 1020 420 1051 εἰς
439 1020 592 1047 τούναντίον
615 1020 663 1055 τὴν
684 1020 791 1055 κρίσιν,
810 1019 972 1055 ἀμελοῦντες

190 1064 279 1090 αὐτῶν
296 1064 340 1091 διὰ
355 1065 404 1101 τὴν
424 1066 614 1101 ταπεινότητα.
643 1075 652 1091 ι
670 1066 724 1092 Καὶ
741 1065 797 1097 υίὸς
819 1066 866 1093 καὶ
882 1065 972 1101 πατὴρ

188 1110 273 1137 αὑτοῦ
302 1111 505 1146 εἰσεπορεύοντο
530 1112 598 1148 πρὸς
623 1112 673 1147 τὴν
697 1111 781 1146 αὐτὴν
808 1111 971 1147 παιδίσκην.

190 1155 264 1188 ὅπως
277 1155 450 1192 βεϐηλώσωσι
471 1157 500 1183 τὺ
513 1157 597 1192 ὄνομα
611 1157 657 1184 τοῦ
674 1157 741 1183 Θεοῦ
754 1156 857 1183 αὐτῶν·
871 1157 918 1184 καὶ
937 1156 972 1183 τὰ

192 1201 287 1237 ἱμάτια
301 1202 391 1229 αὐτῶν
404 1202 580 1238 δεσμεύοντες
595 1203 720 1238 σχοινίοις
734 1203 972 1238 παραπετάσματα

190 1247 300 1274 ἐποίουν
325 1248 442 1283 ἐχόμενα
470 1247 518 1275 τοῦ
542 1247 749 1283 θυσιαστηρίουε
777 1248 824 1275 καὶ
846 1246 916 1275 οἶνον
939 1248 971 1274 ἐκ

192 1293 376 1328 συκοφαντιῶν
395 1294 485 1320 ἔπινον
507 1294 536 1320 ἐν
554 1294 593 1329 τῷ
615 1294 681 1329 οἴκῳ
696 1293 743 1320 τοῦ
757 1293 823 1320 Θεοῦ
836 1293 936 1320 αὐτῶν.
957 1302 967 1318 ι

190 1339 230 1365 Δι’
248 1339 398 1375 ὑπερϐολὴν
420 1339 563 1374 ἀσελγείας
577 1339 670 1366 οὐδένα
688 1339 765 1374 λόγον
781 1339 840 1365 οὐδὲ
854 1339 907 1365 τῶν
921 1338 971 1374 τῆς

191 1383 297 1419 φύσεως
322 1384 476 1420 ποιούμενοι
494 1385 593 1420 νόμων,
608 1385 698 1420 πατήρ
711 1394 739 1411 τε
755 1385 801 1412 καὶ
817 1385 873 1416 υἱὸς
886 1385 971 1417 ἀδεῶς

191 1430 383 1465 συνεμίγνυντο
409 1431 470 1462 ταῖς
498 1431 605 1462 αὐταῖς·
634 1431 767 1465 τοσαύτης
797 1430 970 1467 βλασφημίας

190 1477 328 1512 παραίτιοι
346 1476 481 1512 γινόμενοι
500 1477 539 1512 τῷ
560 1477 637 1513 Θεῷ,
657 1477 686 1503 ὃν
703 1477 889 1504 ἐπικαλεῖσθαι
914 1477 970 1504 ἐδό-

188 1531 270 1549 κουν·
295 1522 342 1550 καὶ
370 1523 402 1558 δὴ
419 1523 520 1558 σκηνὰς
536 1523 564 1556 ἐξ
584 1523 698 1558 ἱματίων
721 1522 970 1554 κατασκευάζοντες

188 1567 302 1603 πλησίον
323 1568 371 1594 τοῦ
385 1568 589 1604 θυσιαστηρίου,
612 1568 658 1595 καὶ
681 1568 741 1595 οὐδὲ
764 1567 812 1603 τὴν
834 1567 970 1602 ἐγγύτητα

188 1614 378 1649 ἐντρεπόμενοι
392 1613 446 1641 τῶν
460 1614 544 1648 ἁγίων
553 1634 560 1646 ,
574 1614 624 1649 τήν
643 1622 673 1641 τε
688 1614 835 1640 ἀκολασίαν
856 1613 969 1648 ἐξεπλή-

189 1667 252 1694 ρουν
266 1659 382 1695 ταύτην
398 1660 445 1686 καὶ
459 1661 490 1687 ἐκ
506 1660 556 1695 τῆς
569 1660 623 1687 τῶν
641 1662 761 1696 πενήτων
779 1660 909 1695 ἐπηρείας
921 1659 969 1691 οὓς

983 1543 1003 1572 C

188 1704 365 1740 πολυτρόπως
380 1705 498 1740 ἠδίκουν,
515 1706 609 1741 ἑορτήν
624 1714 685 1733 τινα
704 1705 772 1741 μετὰ
788 1705 872 1741 μέθης
888 1706 917 1732 ἐν
931 1704 969 1740 τῷ

188 1749 235 1776 τοῦ
252 1749 319 1776 Θεοῦ
331 1750 460 1777 συνίστων
472 1750 547 1786 οἴκῳ.

226 1795 298 1830 Στίχ.
319 1795 401 1830 θ’-ιβ’.
416 1810 451 1815 —
468 1805 477 1821 ε
501 1794 571 1830 Ἐγὼ
586 1795 614 1822 δέ
633 1796 717 1831 ἐξῆρα
738 1795 785 1822 τὸν
809 1796 969 1831 ’Δμορρατον

189 1841 221 1868 ὲκ
243 1841 388 1877 προσώπου
405 1841 511 1868 αὐτῶν·
531 1838 561 1868 οὗ
574 1839 608 1877 ἧν
630 1840 719 1873 καθὼς
740 1839 806 1876 ὕψος
823 1841 919 1876 κέδρου
938 1841 969 1868 τὸ

189 1886 256 1921 ὕψος
266 1886 358 1918 αὑτοῦ,
374 1887 421 1913 καὶ¹
436 1886 544 1922 ἰσχυρὸς
560 1884 594 1922 ἦν
607 1886 645 1918 ὡς
658 1886 723 1921 δρύς
733 1895 740 1903 ·
762 1886 809 1913 καὶ
825 1886 909 1922 ἐξῆρα
923 1887 969 1913 τὸν

189 1932 293 1968 καρπὸν
308 1932 389 1958 αὐτοῦ
411 1932 557 1965 ὲπάνωθεν,
577 1931 624 1959 καὶ
643 1932 692 1963 τὰς
715 1931 792 1967 ῥίζας
806 1932 888 1959 αὐτοῦ
903 1933 969 1959 ὑπο-

188 1978 310 2006 κάτωθεν
319 1986 326 1994 ·
339 1979 386 2005 καὶ
397 1977 452 2013 ἐγὼ
462 1978 598 2013 ἀνήγαγον
612 1978 683 2014 ὑμᾶς
699 1980 731 2005 ἐκ
749 1979 799 2014 γῆς
811 1978 947 2013 Αἰγύπτου
960 1986 967 1993 ο

188 2024 235 2051 καὶ
258 2024 426 2059 περιήγαγον
448 2023 520 2059 ὑμᾶς
541 2024 570 2050 ὲν
600 2025 633 2060 τῇ
648 2024 744 2059 ἐρήμῳ
766 2023 968 2059 τεσσαράκοντα

188 2069 247 2104 ἔτη,
272 2069 319 2097 τοῦ
341 2068 613 2105 κατακληρονομῆσαι
634 2070 685 2105 τὴν
710 2070 761 2105 γῆν
780 2070 966 2106 Ἀμορραίων⁸

188 2117 234 2142 καὶ
245 2115 337 2142 ἔλαϐον
346 2116 379 2142 ὲκ
389 2116 442 2142 τῶν
452 2116 517 2143 υίῶν
530 2115 606 2151 ὑμῶν
618 2116 657 2148 εἰς
667 2116 819 2152 προφήτας,
841 2118 850 2151 (
860 2124 888 2151 p.
900 2115 967 2150 158)

188 2162 236 2188 καὶ
254 2162 287 2188 ἐκ
302 2161 355 2188 τῶν
381 2161 527 2189 νεανίσκων
554 2161 630 2196 ὑμῶν
654 2162 694 2193 εἰς
715 2161 858 2197 ἁγιασμόν.
879 2170 888 2187 ι
913 2161 967 2188 Καὶ

1029 243 1127 270 virtute
1151 247 1287 274 ornatum,
1313 243 1360 270 sed
1385 243 1460 269 illum
1482 243 1527 270 cui
1545 243 1571 270 in
1588 243 1674 269 litiutn
1694 247 1804 270 contro-

1026 288 1114 314 versia
1139 287 1185 322 jus
1219 295 1324 321 aequum
1353 287 1520 315 reddendum
1552 291 1621 315 erat.
1648 287 1693 314 Ait
1724 287 1805 322 igitur

1026 337 1136 368 propter
1155 334 1295 368 pecuniam
1313 333 1434 367 proditos
1452 333 1538 361 fuisse
1550 334 1684 365 homines.
1704 333 1805 368 quibus

1025 380 1138 413 aequitas
1153 379 1234 413 -jnris
1258 379 1375 406 favebat.
1392 378 1590 414 lntendensque
1613 380 1701 407 adhuc
1724 379 1804 406 verba

1025 425 1062 452 ait
1079 434 1086 452 :
1108 435 1118 451 ι
1131 425 1162 452 Et
1177 432 1322 460 pauperem
1339 427 1448 459 propter
1458 425 1639 452 calceamenta
1652 433 1712 460 qua).
1726 430 1804 452 terrae

1024 471 1162 505 pulverem
1175 471 1291 497 calcant.
1306 480 1315 496 ›
1332 469 1423 504 Usque
1446 470 1524 501 adeo.
1541 470 1639 505 inquit,
1666 475 1744 505 turpe
1764 471 1802 497 lu-

1024 524 1100 544 erunt
1118 524 1197 544 suum
1214 515 1422 551 ampliaverunt,
1438 520 1467 543 ut
1482 517 1685 551 pauperumjus
1696 522 1802 552 propter

1024 563 1154 591 vilissima
1168 570 1280 590 munera
1298 562 1455 589 venderent.
1467 561 1494 589 Id
1506 563 1577 590 enim
1591 563 1697 590 valeant.
1711 564 1803 596 verba,

1026 609 1161 643 «Propter
1188 609 1381 641 calceamenta,
1409 616 1469 643 qua:
1489 612 1566 635 terrze
1591 608 1727 643 pulverem
1747 610 1803 637 cal-

1023 659 1096 687 cant,
1113 664 1122 681 ι
1141 655 1214 689 quod
1231 662 1297 682 sane
1310 654 1438 682 indicium
1463 654 1635 681 manifestum
1659 659 1727 686 erat.
1742 655 1803 682 nul-

1023 702 1156 736 lamaequi
1176 700 1270 728 haberi
1293 700 1437 732 rationem.
1460 700 1482 728 εἰ
1508 704 1562 726 tam
1588 700 1668 727 facile
1683 700 1718 728 ob
1740 702 1802 729 vilia

1022 747 1183 774 munuscula
1199 746 1235 772 ita
1247 754 1276 774 se
1291 746 1429 781 gerebant.
1448 755 1457 771 ι
1471 745 1502 772 Et
1512 753 1602 780 pugno
1619 745 1802 773 verberabant

1021 794 1108 829 capita
1123 801 1281 829 pauperum.
1295 803 1304 818 ι
1323 793 1455 828 Loquitur
1471 792 1504 819 de
1517 792 1623 823 iisdem.
1646 794 1736 827 aitque
1747 801 1801 820 non

1021 839 1108 867 solum
1126 837 1254 865 defensos
1274 845 1328 864 non
1351 837 1436 865 fuisse
1456 837 1502 871 jus
1518 841 1639 871 petentes
1657 844 1800 871 pauperes.

1023 885 1070 913 sed
1094 885 1207 912 licenter
1234 884 1314 911 etiam
1341 883 1510 910 verberatos.
1533 881 1609 909 Unde
1630 883 1704 909 addit
1721 891 1727 910 :
1747 892 1755 907 ι
1770 883 1803 909 Et

1022 931 1093 958 viam
1109 930 1250 957 humilium
1265 929 1449 957 declinabant.
1464 938 1473 955 ι
1489 928 1726 963 Cumqueillorum
1741 933 1801 955 acta

1021 979 1094 1003 recte
1105 983 1135 1003 se
1151 975 1291 1007 haberent,
1306 974 1471 1001 contrariam
1490 974 1653 1002 sententiam
1668 975 1800 1007 tulerunt,

1027 1021 1179 1056 despicatui
1207 1020 1337 1047 habentes
1371 1020 1493 1054 ipsorum
1523 1019 1712 1047 humilitatem.
1747 1019 1801 1047 «Et

1022 1067 1094 1094 filius
1122 1074 1154 1094 ac
1179 1070 1255 1101 pater
1281 1066 1341 1100 ejus
1366 1066 1587 1100 ingrediebantur
1613 1066 1646 1092 ad
1676 1066 1799 1094 eamdem

1020 1113 1148 1148 puellam,
1161 1115 1190 1138 ut
1200 1112 1417 1139 contaminarent
1426 1119 1525 1139 nomen
1541 1110 1587 1138 Dei
1608 1112 1660 1139 sui.
1671 1111 1703 1138 Et
1716 1112 1800 1139 vesti-

1020 1161 1111 1185 menta
1124 1164 1172 1185 sua
1191 1157 1320 1185 funiculis
1334 1157 1487 1191 alligantes,
1506 1156 1584 1192 104
1601 1156 1738 1184 faciebant
1754 1165 1801 1184 ve-

1020 1203 1120 1229 lamina
1138 1202 1214 1237 juxta
1228 1203 1313 1229 altare
1332 1211 1339 1229 :
1357 1207 1384 1229 et
1403 1203 1495 1229 vinum
1513 1202 1547 1230 de
1561 1203 1705 1230 calumniis
1729 1203 1801 1230 hibe-

1021 1247 1085 1275 bant
1105 1249 1132 1275 in
1147 1247 1228 1274 domo
1249 1247 1296 1274 Dei
1312 1247 1365 1275 sui.
1385 1257 1394 1273 ι
1412 1246 1526 1282 Propter
1545 1247 1690 1274 immanem
1710 1248 1801 1275 libidi-

1020 1301 1092 1326 nem,
1109 1299 1213 1321 naturae
1230 1294 1304 1328 leges
1324 1293 1400 1328 pensi
1429 1301 1484 1321 non
1513 1293 1659 1325 habebant,
1672 1298 1801 1328 paterque

1020 1346 1052 1366 ac
1077 1339 1149 1366 ﬁlius
1178 1342 1303 1374 proterve
1326 1338 1426 1366 iisdem
1454 1338 1563 1366 feminis
1595 1339 1799 1366 miscebantur;

1000 1388 1103 1411 Itantte
1131 1392 1161 1412 se
1178 1385 1351 1419 blasphemiae
1379 1383 1449 1418 apud
1472 1383 1557 1411 Deum
1573 1391 1635 1412 reos
1658 1384 1799 1417 facientes.

1019 1437 1099 1464 quem
1116 1430 1244 1462 invocare
1262 1429 1435 1457 videbantur.
1453 1428 1525 1462 Quin
1547 1429 1628 1457 etiam
1646 1430 1799 1464 papiliones

1019 1482 1052 1501 ex
1067 1474 1124 1502 suis
1137 1474 1258 1502 vestibus
1272 1474 1325 1502 sibi
1347 1474 1417 1508 apud
1433 1474 1518 1502 altare
1527 1475 1684 1508 tendebant,
1703 1483 1737 1503 ne
1748 1476 1799 1503 loci

1020 1519 1108 1547 sancti
1131 1519 1239 1554 quidem
1263 1519 1490 1554 propinquitatem
1523 1524 1690 1552 reverentes,
1707 1520 1800 1555 ibique

1020 1565 1090 1592 hanc
1122 1565 1262 1592 libidinem
1296 1565 1452 1599 explebant.
1489 1564 1558 1592 Tum
1591 1565 1625 1593 de
1650 1574 1798 1602 pauperum

1019 1611 1129 1643 damno,
1140 1618 1209 1646 quos
1224 1611 1366 1645 multiplici
1382 1611 1513 1645 iniustitia
1534 1613 1676 1642 vexabant.
1700 1613 1800 1640 soles.-

1018 1657 1129 1684 nitatem
1147 1656 1199 1684 sibi
1215 1656 1417 1690 quodammodo
1438 1664 1492 1684 non
1522 1657 1581 1685 sine
1597 1658 1708 1693 crapula
1725 1658 1796 1685 intra

1019 1702 1065 1730 Dei
1088 1701 1198 1729 domum
1211 1701 1423 1729 constituebant.

1053 1793 1216 1822 νων-ιε.
1225 1808 1261 1813 -
1269 1803 1277 1818 ι
1290 1793 1322 1820 Et
1335 1797 1425 1820 tamen
1434 1800 1483 1829 ego
1491 1801 1551 1820 sum
1560 1794 1606 1829 qui
1619 1795 1798 1822 exterminavi

1017 1840 1203 1866 Amorrhazum
1231 1846 1246 1866 a
1274 1839 1344 1866 facie
1364 1847 1471 1871 eorum,
1495 1839 1575 1873 cujus
1589 1840 1704 1866 altitudo
1727 1841 1798 1868 sicut

1017 1885 1092 1912 cedri
1109 1885 1261 1920 proceritas
1279 1890 1349 1918 erat,
1372 1889 1400 1912 et
1414 1884 1497 1912 robur
1511 1889 1540 1912 ut
1565 1893 1685 1920 quercus
1702 1895 1708 1913 :
1730 1887 1796 1914 abs-

1017 1931 1122 1965 tulique
1156 1930 1273 1958 fructum
1301 1931 1360 1964 ejus
1393 1930 1519 1966 desuper,
1548 1936 1575 1958 et
1603 1931 1710 1959 radices
1735 1933 1796 1967 ejus

1017 1977 1121 2004 subter.
1140 1976 1195 2012 Ego
1210 1984 1270 2004 sum
1284 1977 1331 2012 qui
1348 1985 1395 2004 vos
1404 1977 1437 2004 de
1449 1977 1559 2011 regione
1575 1976 1685 2012 Egypti
1700 1978 1794 2009 eduxi.

1017 2027 1045 2050 et
1056 2022 1236 2058 quadraginta
1264 2023 1343 2050 annis
1371 2023 1399 2050 in
1425 2023 1534 2050 deserto
1555 2023 1738 2057 circumduxi,
1766 2028 1796 2052 ut

1017 2068 1236 2095 Amorrhteorum
1263 2068 1400 2102 regionem
1423 2068 1610 2103 possideretis.
1636 2069 1798 2104 Assumpsi-

1017 2113 1116 2149 quede
1127 2114 1190 2141 ﬁliis
1208 2114 1309 2141 vestris
1325 2114 1352 2141 in
1367 2114 1524 2149 prophetas,
1550 2119 1578 2141 et
1593 2114 1629 2142 de
1647 2115 1796 2149 juvenibus

1019 2159 1117 2187 vestris
1146 2158 1174 2185 in
1208 2158 1562 2191 sanctificationemnYos,
1587 2159 1708 2194 inquam,
1732 2161 1795 2187 talia

187 2206 272 2234 ταῦτα
287 2207 494 2243 διεπράττεσθε,
511 2207 566 2235 τῶν
581 2207 742 2243 εὐεργεσιῶν
754 2207 784 2234 οὐ
802 2207 967 2243 μεμνημένοι

1020 2204 1149 2239 patrastis
1174 2203 1367 2232 beneﬁciorum
1383 2211 1505 2231 meorum
1527 2203 1701 2232 immemores
1722 2213 1796 2233 :uec

186 2254 241 2279 τῶν
256 2253 341 2289 ἐμῶν,
356 2253 413 2280 οὗθ’
436 2254 478 2281 ὅτι
492 2253 537 2281 τὸν
555 2254 716 2290 ’Δμορῤαἴον
734 2253 820 2284 οὕτως
836 2253 921 2288 μέγαν
935 2260 965 2278 τε

188 2299 251 2325 ὅντα
265 2299 312 2326 καὶ
325 2299 436 2326 δυνατὸν
459 2298 598 2329 παντελῶς
616 2299 749 2333 ἠφάνισα,
768 2298 828 2325 οὺδέ
842 2297 966 2332 λείψανον

186 2343 268 2370 αὐτοῦ
283 2351 311 2369 τι
325 2342 482 2370 καταλιπὼν
495 2343 541 2369 ἐπὶ
553 2344 603 2376 τῆς
621 2342 674 2378 γῆς
684 2350 691 2358 ”
706 2342 759 2369 οὐδ’
775 2343 815 2369 ὅτι
830 2342 966 2369 δουλεύον-

186 2396 235 2420 τας
247 2389 319 2424 ὑμᾶς
334 2388 467 2424 ἐξήγαγον
485 2388 515 2421 ἐξ
530 2387 683 2422 Αἰγύπτου·
698 2388 751 2414 οὐδ’
771 2388 811 2415 ὅτι
828 2387 898 2414 κατὰ
915 2387 965 2422 τὴν

186 2433 286 2470 ἔρημον
298 2434 501 2470 τεσσαράκοντα
522 2435 593 2470 ὑμᾶς
608 2434 654 2470 ἐτη
671 2433 798 2469 διέθρεψα
819 2433 963 2470 ποικίλως,⁸

187 2479 255 2507 ὥστε
269 2480 318 2516 τὴν
331 2480 387 2508 τῶν
408 2481 576 2517 Ἀμορραίων
592 2481 643 2516 γῆν
657 2481 705 2516 τὴν
716 2480 792 2506 οὐθὲν
802 2480 867 2515 ὑμῖν
881 2487 965 2515 προσ-

186 2526 301 2560 ήκουσαν
313 2526 352 2558 είς
362 2526 459 2561 κτῆσιν
469 2528 618 2562 παρασχεῖν
627 2535 635 2542 ·
649 2526 692 2560 ἐφ’
703 2523 743 2557 οἷς
759 2525 844 2552 ἅπασι
856 2533 964 2560 προφη-

185 2570 264 2606 τικῆς
276 2579 306 2598 τε
317 2572 428 2606 χάριτος
434 2571 515 2604 ἐνίοις
530 2571 545 2598 ὑ
550 2570 607 2606 μῶν
617 2571 660 2598 ἐπ’
675 2570 792 2606 ὠφελείᾳ
808 2570 855 2597 τοῦ
872 2569 963 2597 κοινοῦ

187 2616 356 2651 μεταδέδωκα
366 2625 373 2632 ·
381 2617 427 2644 καὶ
434 2616 466 2653 δὴ
475 2616 521 2644 καί
529 2625 604 2648 τινας
612 2616 665 2643 τῶν
675 2617 704 2643 ἐν
710 2615 963 2652 ὑμῖνιὲπελεξάμην,

185 2661 221 2693 ὡς
233 2660 266 2688 ἂν
280 2660 484 2697 ἐπιμελεστέρῳ
506 2670 536 2688 τε
550 2661 598 2688 καὶ
620 2661 751 2696 κρείττονι
773 2660 964 2695 προσανέχοιεν

186 2705 247 2742 βίῳ,
263 2707 365 2743 κόσμον
378 2705 463 2733 ἅπασι
477 2706 602 2741 φέροντες
615 2707 672 2738 τοῖς
681 2705 792 2737 λοιποῖς.
804 2706 859 2732 Καὶ
871 2704 963 2740 ἐπειδὴ

184 2753 268 2780 ταῦτα
287 2753 408 2789 πρόδηλα
431 2753 512 2779 πᾶσιν
525 2750 570 2787 ἦν,
587 2752 688 2787 ὁμοίως
707 2751 801 2778 εἰπών’
823 2761 831 2777 ι
851 2751 897 2787 Μὴ
915 2751 966 2778 οὐκ

185 2798 242 2825 ιστι
266 2798 424 2831 ταῦτα,υίο¹ι
455 2797 570 2833 Ἰσραὴλ,
595 2797 668 2831 λέγει
693 2796 808 2831 Κύριοςς
831 2807 839 2822 ι
858 2797 894 2822 οὐ
909 2795 963 2831 γὰρ

185 2843 293 2871 δυνατὸν
303 2844 377 2879 ὑμῖν,
392 2841 484 2878 φησιν,
498 2841 636 2879 ἀρνεῖσθαι
652 2840 736 2868 ταῦτα
751 2840 835 2872 οὓτως
852 2840 959 2876 ἔχοντα.

1018 2248 1090 2284 quod
1110 2256 1160 2284 ego
1174 2248 1358 2276 Amorrhmum
1377 2252 1455 2276 talem
1475 2253 1634 2284 tantumque
1651 2257 1683 2277 ac
1702 2254 1796 2284 poten-

1019 2298 1073 2322 tem
1097 2301 1209 2328 prorsus
1231 2293 1428 2326 destruxerim,
1459 2294 1542 2322 nullis
1559 2294 1620 2329 ejus
1648 2295 1750 2323 relictis
1768 2296 1795 2323 in

1019 2343 1090 2366 terra
1104 2339 1227 2374 vestigiis
1243 2348 1250 2366 :
1266 2346 1316 2366 nec
1331 2339 1404 2374 quod
1424 2347 1472 2366 vos
1485 2340 1611 2367 servituti
1624 2341 1795 2375 mancipatos

1018 2385 1052 2412 de
1062 2384 1180 2420 Egypto
1196 2384 1335 2412 eduxerim
1353 2394 1359 2412 :
1374 2392 1423 2412 nec
1440 2386 1520 2413 annis
1530 2386 1710 2421 quadraginta
1725 2388 1795 2414 mul-

1020 2429 1138 2457 tifariam
1153 2437 1202 2457 vos
1219 2430 1246 2457 in
1265 2429 1375 2457 deserto
1388 2430 1502 2457 aluerim
1513 2431 1613 2462 ,donec
1624 2431 1795 2459 Amorrhaeo-

1019 2482 1079 2502 rum
1101 2475 1240 2510 regionem
1269 2475 1344 2502 nullo
1367 2475 1487 2502 humano
1512 2475 1573 2510 jure
1592 2476 1626 2504 ad
1644 2484 1692 2505 vos
1717 2479 1797 2512 perti-

1017 2525 1127 2548 nentem
1162 2520 1288 2555 potestati
1326 2525 1424 2548 vestrae
1454 2521 1565 2548 tradidi.
1600 2521 1704 2550 Praeter
1738 2523 1795 2550 harc

1017 2565 1119 2598 omnia,
1135 2565 1281 2593 nonnullos
1296 2565 1547 2599 vestrum,publicae
1564 2567 1688 2595 utilitatis
1700 2575 1794 2600 causa,

1018 2610 1180 2646 prophetica:
1194 2617 1301 2646 quoque
1315 2610 1409 2645 gratia).
1433 2610 1483 2637 feci
1500 2611 1645 2645 participes
1661 2621 1667 2638 :
1680 2612 1796 2647 denique

1017 2661 1044 2685 et
1061 2664 1095 2685 cx
1114 2656 1191 2684 vobis
1204 2656 1310 2691 aliquos
1321 2655 1418 2691 delegi,
1435 2657 1480 2691 qui
1498 2658 1661 2684 accuratiori
1675 2659 1796 2685 meliori-

1017 2710 1070 2737 que
1084 2702 1146 2730 vitae
1161 2702 1252 2737 generi
1270 2701 1380 2734 addicti,
1401 2706 1561 2729 ornamento
1570 2703 1676 2730 caeteris
1692 2708 1793 2731 essent.

1017 2748 1050 2775 Et
1065 2749 1128 2783 quia
1150 2748 1206 2775 haec
1222 2747 1348 2774 omnibus
1363 2748 1507 2781 perspicua
1522 2752 1611 2781 erant,
1627 2749 1728 2782 pariter
1748 2749 1796 2775 ad-

1018 2793 1057 2821 dit
1071 2803 1078 2820 :
1096 2802 1105 2817 ι
1116 2792 1244 2827 Nunquid
1264 2799 1318 2819 non
1334 2792 1372 2818 ita
1383 2796 1435 2824 est,
1455 2792 1501 2819 filii
1518 2791 1639 2824 Israelis.
1657 2793 1722 2820 dicit
1741 2793 1794 2818 Dn-

1018 2839 1150 2866 minus?»
1172 2837 1298 2866 Profecto
1321 2838 1379 2866 hac
1403 2837 1556 2872 Verissime,
1577 2839 1668 2873 negari
1686 2845 1702 2865 a
1717 2837 1796 2867 vobis
