1972 3066
178 159 233 186 259

776 145 950 174 THEODOBI
969 143 1212 174 MOPSUESTENI

1741 134 1796 163 260

179 217 327 250 nequeunt.
336 211 406 239 Tum
417 209 608 245 superioribus
615 209 801 235 consentanee
812 204 887 232 addit
895 212 918 230 ι(
927 204 962 229 At

1027 201 1183 232 Δκολούθως
1205 200 1259 231 τοῖς
1274 197 1420 234 ἀνωτέροις
1431 196 1528 230 ἐπάγει
1538 204 1545 211 ·
1562 205 1572 221 i
1588 195 1642 222 Καὶ
1656 192 1794 228 Erro-riae:

178 268 228 288 vos
254 258 331 294 105
356 256 535 285 sanctiﬁcatis
562 254 630 282 viris
659 253 752 280 vinum
777 250 961 286 propinastis:

177 309 205 332 et
222 293 359 338 prophetis
376 300 530 329 mandastis
546 299 690 326 dicentes:
708 296 747 323 Ne
763 293 960 338 pmphetetisq

179 337 234 375 Vos
252 347 361 382 quidem
391 345 419 372 in
442 345 557 380 gratiam
579 349 668 369 meam
691 343 850 368 constanter
871 337 963 373 injurii

180 393 284 425 fuistis,
300 392 364 419 dum
380 394 407 418 et
420 389 545 418 homines
568 387 633 414 vita
647 385 752 421 puriori
769 384 887 416 deditos,
902 390 965 417 par-

179 439 294 472 ticipare
316 438 409 465 vinum
430 434 576 470 coegistis.
601 439 707 460 necnon
734 431 838 466 reliqua
858 429 963 461 omnia,

183 492 199 511 ε
212 485 313 519 quibus
324 482 474 511 secundum
493 480 661 515 propositum
678 485 758 506 suum
773 477 908 505 abstinere
918 483 966 503 vo-

180 530 273 557 lebant
288 528 425 564 :denique
441 528 523 554 etiam
542 526 698 561 prophetas,
720 523 867 559 quominus
885 529 966 557 opere

182 582 233 602 suo
248 575 435 609 fungerentur,
451 571 642 607 prohibuistis.
657 569 727 604 Quid
749 569 812 597 inde
831 567 932 600 porro?

217 625 299 660 Vens.
308 625 400 653 l5-l6.
411 641 446 646 -—
457 635 466 651 ‹
478 625 649 660 Quapropter
657 631 720 652 ecce
729 632 778 660 ego
785 625 864 651 volvo
872 624 966 651 subter

182 680 241 704 vos,
255 672 481 707 quemadmodum
500 671 618 699 volvitur
627 670 779 705 plaustrum
795 669 895 704 stipula
910 669 968 703 plo-

184 726 258 744 num.
269 717 301 744 Et
310 718 407 753 peribit
416 717 479 752 fuga
489 725 504 744 a
512 724 625 744 cursore
637 725 645 744 :
660 720 687 743 et
697 715 775 743 [ortis
785 723 838 742 non
849 715 968 750 posside-

184 763 223 790 bit
243 764 314 790 vires
338 771 422 790 suas:
443 767 470 790 et
489 766 622 798 pugnator
640 769 694 789 non
715 761 830 789 salvahit
850 760 967 786 animant

184 816 272 836 suam:
284 813 310 835 et
322 808 477 843 sagittarius
487 816 540 835 non
556 807 702 835 sustinebit
714 815 722 834 :
733 810 760 833 et
769 807 845 833 velox
855 805 969 840 pedibus

185 854 243 881 suis
255 861 308 880 non
323 854 489 881 salvabitur:
508 856 535 880 et
547 860 631 888 eques
646 860 700 880 non
721 852 835 880 salvabit
848 851 966 877 animum
984 870 1005 898 Β

185 905 263 925 suam
280 907 287 924 :
305 901 332 925 et
346 897 453 926 validus
468 905 522 924 non
533 897 653 924 inveniet
667 904 715 924 cor
729 903 810 924 suum
825 896 853 922 in
868 901 965 930 poten-

185 942 298 970 talibus.
321 952 331 969 ›
361 942 440 970 Tales
465 950 516 978 ego
543 943 620 970 vobis
644 949 740 978 pmnas
767 942 911 974 adducam,
935 947 966 968 ut

186 988 300 1024 plaustri
316 988 403 1016 instar
420 989 496 1016 valde
509 989 611 1021 onusti,
626 992 653 1016 et
670 992 782 1023 propter
801 995 882 1022 grave
896 995 966 1015 onus

186 1033 365 1068 impositum,
397 1033 462 1061 dum
495 1034 628 1066 trahitur,
663 1033 806 1061 stridorem
848 1033 965 1063 edentis.

188 1086 296 1113 pressos
326 1086 375 1106 vos
411 1080 544 1106 malorum
588 1079 716 1114 pondere.
759 1079 908 1106 ululatibus
935 1087 968 1107 ac

187 1125 344 1159 gemitibus,
367 1126 452 1152 multa
494 1133 557 1152 cum
586 1126 660 1153 vocis
694 1126 881 1158 contentione,
923 1126 968 1153 in—

191 1170 303 1204 dulgere
317 1177 387 1205 opus
401 1171 446 1197 sit.
471 1169 540 1197 Tum
558 1178 646 1206 neque
658 1171 785 1206 expedito
805 1171 840 1198 ad
855 1179 968 1199 cursum

189 1215 282 1250 fugere
305 1215 375 1242 mala
406 1215 508 1248 licebit,
525 1224 614 1251 neque
632 1216 697 1244 forti
717 1225 774 1244 suae
788 1217 860 1245 vires
877 1219 970 1253 prode-

189 1264 264 1291 runt,
284 1268 372 1295 neque
385 1261 418 1287 ad
433 1269 550 1296 pugnam
564 1262 717 1297 bellumque
728 1267 838 1298 paratus
856 1265 969 1291 salutem

190 1307 321 1340 consequi
337 1306 408 1341 potis
423 1307 495 1334 erit:
512 1307 559 1334 sed
574 1312 602 1335 et
624 1309 771 1343 sagittandi
795 1310 899 1344 peritus
924 1310 972 1336 im-

191 1350 321 1384 possibile
336 1351 473 1385 negotium
497 1351 607 1379 habebit
626 1362 632 1380 :
652 1361 739 1387 neque
753 1354 776 1380 si
792 1354 853 1389 quis
874 1357 970 1389 pedum

193 1396 353 1430 pernicitate
367 1396 447 1427 valet,
460 1397 575 1424 salutem
591 1403 773 1432 consequetur
788 1407 794 1425 :
812 1407 898 1434 neque
909 1401 971 1426 item

191 1446 275 1474 Lquos
292 1440 393 1473 agitare
411 1440 509 1468 doctus
525 1450 532 1467 :
550 1445 687 1475 postremo
706 1450 740 1470 ne
759 1443 777 1470 ii
799 1445 907 1478 quidem
925 1446 972 1479 qui

194 1485 252 1511 suis
267 1485 370 1512 viribus
393 1485 471 1512 valde
493 1486 647 1515 ccutidunt,
680 1489 811 1515 rationem
836 1488 973 1517 invenient

192 1537 246 1564 qua
260 1529 405 1557 hatrentem
421 1531 472 1558 sibi
490 1531 616 1558 virtutem
637 1537 773 1560 exscrant.
791 1532 839 1561 His
862 1535 897 1561 ob
921 1543 974 1562 ma-
990 1548 1011 1578 ε

193 1575 281 1602 lorum
309 1576 522 1610 magnitudinem
544 1576 786 1605 demonstrandam
803 1579 896 1612 dictis,
917 1588 976 1616 pcr-

194 1620 232 1654 git
247 1627 345 1655 porro:
365 1630 375 1647 ι
397 1621 444 1648 Ille
459 1621 505 1656 qui
519 1621 610 1649 nudus
624 1627 666 1649 est
681 1623 725 1651 die
740 1624 786 1650 illa
799 1625 919 1660 effugiet,
935 1626 976 1653 di-

193 1666 232 1693 cit
242 1667 379 1695 Uomiuus.
387 1677 396 1693 ι
407 1667 460 1694 Pro
468 1675 500 1694 eo
509 1675 541 1694 ac
552 1668 625 1694 dicat
636 1675 643 1693 :
653 1668 844 1703 Pauperrimus
851 1672 975 1706 quisque,

195 1716 222 1737 et
241 1712 276 1738 ob
289 1715 437 1746 egestatem
457 1713 643 1747 vilitatemque
656 1721 732 1740 suam
751 1715 825 1741 nullo
848 1715 876 1742 in
885 1714 974 1750 pretio

194 1755 267 1789 apud
280 1756 347 1783 alios
360 1756 480 1789 habitus,
498 1758 542 1784 hie
557 1758 632 1785 solus
646 1758 733 1785 salute
748 1760 878 1793 potietur,
891 1760 976 1795 negli-

1012 247 1075 278 τοὺς
1088 245 1270 282 ήγιασμένους
1289 242 1358 271 οῐνον
1368 251 1374 258 ·
1390 243 1438 270 καὶ
1450 243 1506 274 τοῖς
1520 241 1673 277 προφήταις
1689 239 1796 266 ἐνετέλ-

1013 292 1092 319 λεσθε
1113 291 1246 325 λέγοντες
1269 290 1306 317 οὐ
1334 289 1370 325 μὴ
1386 287 1601 324 προφητεύει-ητα.
1621 295 1630 312 ι
1652 284 1796 320 Διιμένετε

1013 339 1067 374 γὰρ
1079 337 1219 373 προδήλως
1234 337 1274 369 είς
1291 336 1341 371 τὴν
1355 335 1435 371 χάριν
1448 333 1634 369 ὲξυϐρίζοντες
1648 331 1698 366 τὴν
1714 329 1796 366 ἐμὴν,

1014 383 1077 415 τούς
1105 391 1135 410 τε
1171 382 1242 418 πρὸς
1272 381 1465 416 ἀκριϐέστερον
1493 377 1700 413 ἀφωρισμένως
1739 375 1796 410 βίον

1013 429 1215 464 ἀναγκάζοντες
1228 428 1299 454 οῐνου
1313 426 1436 462 μετέχειν
1446 425 1493 452 καὶ
1506 425 1560 451 τῶν
1575 422 1677 450 λοιπῶν
1690 422 1796 448 ὁπόσων

1014 476 1059 503 διὰ
1071 476 1120 511 τὴν
1131 473 1296 508 ἐπαγγελίαν
1306 472 1456 508 ἀπέχεσθαι
1470 470 1600 498 ἔσπευδον
1612 469 1662 506 τὴν
1674 468 1777 496 οἰκείαν
1786 486 1795 498 ,

1015 522 1063 549 καὶ
1087 522 1150 552 τοὺς
1175 520 1316 556 προφήτας
1339 518 1478 554 προδήλως
1498 516 1648 547 κωλύοντες
1671 515 1701 541 τὸ
1715 514 1797 549 ἔργον

1015 567 1135 595 ικτελεῖν
1147 566 1179 593 τὸ
1195 566 1305 593 οἰκεῖον.
1323 564 1408 599 Ὑπὲρ
1420 564 1452 599 δὴ
1465 563 1569 595 τούτων,
1580 562 1621 594 τί;

1051 624 1125 659 Στίχ.
1143 627 1176 657 ιγ’
1182 625 1242 654 -ις’.
1257 636 1293 642 —
1313 629 1323 647 ι
1339 621 1388 648 Διὰ
1401 619 1479 646 τοῦτο
1495 618 1549 646 ἰδοὺ
1564 617 1619 653 ἐγὼ
1633 617 1717 644 κυλίω
1733 617 1800 644 ὕπο-

1017 668 1092 694 κάτω
1105 666 1196 703 ὑμῶν,
1210 667 1240 693 ὃν
1262 666 1361 702 τρόπον
1376 665 1497 691 κυλίεται
1512 665 1530 699 ή
1542 663 1658 699 ἀμαξαή
1675 663 1798 698 γέμουσα

1018 714 1159 750 καὶάμης·
1174 714 1221 741 καὶ
1237 713 1378 740 ἀπολεῖται
1396 712 1468 748 φυγὴ
1482 713 1514 739 ὲκ
1526 711 1662 748 δρομέως·
1679 711 1722 745 (p.
1735 708 1798 743 159)

1018 760 1066 787 καὶ
1076 762 1090 787 ὁ
1100 759 1231 795 κραταιὸς
1239 759 1269 786 οὐ
1282 759 1319 795 μὴ
1332 759 1454 794 κρατήσῃ
1464 757 1512 793 τῆς
1524 756 1613 792 ἰσχύος
1623 755 1702 782 αὐτοῦ
1711 763 1719 770 ⁸
1731 755 1778 782 καὶ
1785 756 1799 781 ὁ

1018 807 1144 842 μαχητὴς
1160 805 1191 832 οὐ
1206 806 1242 841 μὴ
1255 804 1328 841 σώσῃ
1338 805 1387 840 τὴν
1397 804 1485 839 ψυχὴν
1496 803 1577 830 αὑτοῦ
1589 810 1595 816 ·
1606 801 1654 828 καὶ
1668 800 1799 834 ὸτοξὰτης

1019 853 1050 879 οὐ
1065 852 1102 887 μὴ
1115 852 1219 887 ὑποστῇ
1230 859 1238 866 υ
1252 851 1297 878 καὶ
1309 852 1322 877 ὸ
1335 850 1397 883 ὀξὺς
1406 852 1461 881 τοῖς
1475 850 1552 875 ποσὶν
1561 848 1644 875 αὐτοῦ
1652 847 1682 874 οὐ
1696 847 1733 882 μὴ
1741 848 1799 874 δια-

1019 897 1108 933 σωθῇ·
1125 897 1172 924 καὶ
1190 897 1205 923 ὁ
1228 897 1326 928 ἱππεὺς
1339 896 1369 922 οὺ
1387 895 1425 931 μὴ
1449 895 1522 931 σώσῃ
1536 894 1585 930 τὴν
1598 893 1686 929 ψυχὴν
1702 893 1797 919 αὐτοῦ·

1020 943 1093 971 καὶὸ
1116 943 1243 979 κραταιὸς
1262 941 1292 968 οὐ
1319 941 1355 977 μὴ
1377 941 1444 981 εὕρῃ
1464 941 1513 975 τὴν
1535 939 1646 975 καρδίαν
1667 939 1748 965 αὑτοῦ
1771 939 1799 964 ὲν

1019 988 1195 1020 δυναστείαις.
1215 997 1223 1014 ι
1243 987 1374 1018 Τοιαὺτας
1389 987 1453 1022 ὑμῖν
1477 985 1569 1018 ἑπάξω
1591 984 1641 1017 τὰς
1657 984 1799 1020 τιμωρίας,

1021 1035 1091 1061 ὥστε
1102 1034 1179 1069 δίκην
1195 1033 1302 1069 ἀμάξης
1316 1033 1385 1066 ἀγαν
1399 1031 1615 1067 πεφορτισμένης
1637 1030 1684 1056 καὶ
1701 1029 1800 1064 πολλὴν

1022 1081 1054 1107 ὲκ
1074 1080 1120 1107 τοῦ
1148 1080 1246 1115 βάρους
1268 1079 1321 1105 τῶν
1335 1078 1514 1113 ἐπικειμένων
1529 1077 1558 1103 ἐν
1569 1076 1607 1111 τῷ
1616 1075 1742 1102 ἕλκεσθαι
1756 1075 1802 1101 τὸν

1022 1125 1134 1162 τρισμδν
1159 1123 1352 1158 ἀποτελοὺσης,
1377 1122 1551 1157 πιεζομένους
1571 1120 1644 1155 ὑμᾶς
1662 1119 1701 1154 τῷ
1726 1118 1803 1153 βάρει

1022 1171 1077 1197 τῶν
1091 1169 1193 1201 κακῶν,
1210 1169 1349 1202 ὀλολυγαῖς
1364 1176 1393 1194 τε
1407 1167 1453 1194 καὶ
1470 1166 1630 1201 στεναγμοῖς
1648 1164 1717 1200 μετά
1739 1166 1804 1190 πολ-

1023 1217 1072 1251 λῆς
1094 1215 1241 1252 κεχρῆσθαι
1262 1217 1311 1250 τῆς
1335 1214 1501 1245 ὲπιτάσεωςν
1526 1213 1566 1244 ὡς
1589 1212 1656 1248 μήτε
1674 1211 1712 1246 τῷ
1736 1211 1804 1246 πρὸς

1023 1262 1120 1298 δρόμον
1133 1261 1293 1297 ἡκονημένῳ
1306 1260 1420 1294 δυνατὴν
1433 1257 1502 1286 εἶναι
1515 1258 1564 1293 τὴν
1577 1258 1631 1285 ἀπὸ
1644 1257 1698 1284 τῶν
1711 1257 1802 1284 κακῶν

1025 1299 1123 1343 φυγὴν.
1141 1308 1208 1343 μήτε
1220 1307 1248 1334 δὲ
1263 1305 1364 1342 ἰσχυρῷ
1379 1306 1428 1341 τῆς
1442 1305 1588 1340 περιούσης
1603 1302 1672 1330 εἴναι
1684 1313 1710 1330 τι
1724 1303 1803 1330 δυνα-

1027 1362 1097 1389 μεως
1109 1352 1212 1387 δφελος,
1223 1352 1291 1387 μήτε
1304 1352 1342 1387 τῷ
1356 1352 1420 1387 περὶ
1438 1351 1527 1386 μάχην
1545 1350 1591 1377 καὶ
1606 1350 1722 1385 πόλεμον
1736 1358 1806 1385 πορ-

1026 1399 1214 1434 εσκευασμένῳ
1224 1398 1333 1425 δυνατὸν
1340 1395 1410 1425 εἶναι
1421 1398 1544 1425 ἐντεῦθεν
1551 1395 1676 1432 εὑρέσθαι
1687 1395 1746 1422 τινὰ
1758 1404 1806 1421 σω-

1025 1454 1058 1481 cr,
1064 1445 1122 1481 ρίαν
1131 1452 1137 1460 ·
1154 1445 1337 1472 ἀνυπόστατον
1347 1445 1375 1472 δὲ
1386 1441 1455 1471 εἶναι
1470 1444 1500 1470 τὺ
1511 1444 1626 1479 πρᾶγμα
1636 1441 1730 1476 καὶτῷ
1744 1441 1807 1476 περὶ

1026 1492 1075 1526 τὴν
1096 1490 1199 1524 τοξείαν
1214 1491 1354 1526 ἐμπείρῳο
1369 1490 1406 1525 μὴ
1418 1489 1547 1516 δύνασθαι
1561 1489 1590 1515 δὲ
1615 1487 1682 1523 μηδὲ
1699 1486 1807 1520 ὀξύτητι

1027 1536 1114 1563 ποδῶν
1136 1536 1304 1572 κεχρημένον
1329 1535 1455 1571 εὑρέσθαι
1479 1534 1540 1561 τινὰ
1563 1533 1713 1568 σωτηρίαν”
1741 1531 1807 1558 ἀλλὰ

1029 1582 1095 1618 μηδὲ
1111 1582 1153 1616 ἐφ’
1175 1582 1266 1608 ῐππων
1279 1580 1414 1615 ¹ἐλαύνειν
1431 1580 1535 1607 εἰδότα·
1558 1579 1621 1611 τούς
1632 1587 1662 1605 τε
1678 1578 1724 1605 ἐπὶ
1737 1577 1809 1612 ἰσχύϊ

1029 1627 1100 1663 μέγα
1121 1627 1296 1663 φρονοῦντας,
1322 1626 1388 1662 μηδὲ
1408 1626 1543 1662 εὑρίσκειν
1563 1625 1637 1657 ὅπως
1651 1624 1684 1651 ἂν
1707 1625 1740 1659 τῇ
1762 1631 1807 1658 με

1027 1672 1110 1708 νούσῃ
1134 1673 1279 1708 χρήσαιντο
1303 1671 1432 1706 δυνάμει’
1454 1671 1540 1698 ταῦτα
1553 1671 1592 1702 είς
1608 1669 1743 1702 ἀπόδειξιν
1759 1668 1806 1695 τοῦ

1028 1716 1158 1751 μεγέθους
1172 1717 1226 1743 τῶν
1247 1715 1340 1743 κακῶν
1356 1715 1489 1750 εἰρηκὼς,
1505 1713 1612 1748 ἐπάγει·
1632 1722 1641 1739 t
1664 1713 1693 1739 '0
1708 1712 1809 1747 γυμνδ;

1028 1761 1154 1797 φεύξεται
1170 1763 1199 1788 ἐν
1214 1762 1306 1798 ἐκείνῃ
1330 1763 1363 1797 τῇ
1377 1761 1484 1796 ἡμέρᾳ,
1499 1760 1571 1795 λέγει
1590 1759 1701 1795 Κύριος.
1720 1767 1729 1783 ι
1751 1758 1809 1784 Ἵνα

196 1802 323 1837 gentibus
346 1810 408 1829 eum
434 1803 668 1838 comprehendere
697 1804 806 1831 vilitatis
825 1813 908 1833 causa
927 1805 974 1834 bo-

1027 1807 1088 1843 εἴπῃ
1105 1808 1151 1842 (p.
1170 1807 1237 1842 l60)
1259 1807 1299 1833 ὅτι
1324 1808 1338 1833 ὁ
1351 1806 1512 1837 πενέστατος
1538 1805 1585 1832 καὶ
1605 1805 1639 1832 δι’
1655 1803 1807 1839 ὑπερδολὴν

197 1848 295 1875 stibus.
314 1847 375 1875 on
392 1851 454 1875 ante
468 1847 549 1876 dictis
565 1848 707 1883 sequentia
726 1851 882 1878 connectit:

1024 1853 1140 1887 ἀπορίας
1157 1861 1186 1878 τε
1200 1852 1247 1879 καὶ
1264 1852 1410 1883 εὐτελείας,
1432 1851 1492 1878 οὐδὲ
1505 1851 1534 1878 ὲν
1546 1850 1618 1886 λόγῳ
1638 1850 1695 1881 τοῖς
1707 1849 1810 1880 lunai;

199 1894 338 1930 ὑπάρχων,
361 1891 438 1926 οὗτος
463 1894 541 1929 μόνος
561 1893 657 1930 εὕρετο
666 1894 700 1921 ἀν
714 1895 775 1922 τότε
790 1897 925 1933 σωτηρίαν
934 1918 941 1931 ,
955 1899 1126 1935 ἀμελούντων
1139 1899 1220 1926 αὑτοῦ
1232 1900 1281 1936 τῆς
1293 1899 1460 1934 συλλήψεως,
1477 1899 1521 1927 διὰ
1532 1899 1582 1935 τὴν
1593 1899 1738 1930 εὐτέλειαν,
1757 1897 1811 1924 τῶν

198 1941 343 1975 πολεμίων·
358 1937 417 1966 εἶτα
431 1939 607 1966 ὲπισυνάπτει
620 1940 677 1971 τοῖς
691 1939 860 1975 simplum;-

523 1985 601 2013 CAP.
612 1984 656 2012 lll.

236 2033 316 2068 106
330 2031 414 2059 Vsus.
429 2032 488 2059 1-6.
499 2046 534 2052 -
548 2041 558 2057 ι
570 2031 670 2060 Audite
685 2033 799 2060 verbum
817 2033 880 2066 hoc,
907 2036 979 2070 quod

200 2079 309 2106 locutus
323 2081 365 2106 est
384 2077 514 2106 Dominus
530 2085 613 2112 super
631 2085 690 2110 vos,
711 2085 728 2105 ο
747 2079 845 2107 domus
860 2079 980 2112 lsraelis,

198 2132 228 2154 et
247 2127 376 2152 adversus
395 2132 506 2154 omnem
528 2125 630 2152 tribum
652 2133 733 2160 quam
752 2125 870 2161 Egypto
888 2127 981 2160 eduxi,

201 2173 312 2199 dicens:
328 2170 522 2198 Verumtamen
537 2178 587 2198 vos
598 2171 715 2207 cognovi
727 2171 760 2199 de
773 2173 880 2200 cunctis
895 2173 983 2200 tribu—

1352 1989 1430 2015 ΚΕΦ.
1449 1989 1486 2015 Γ.

1064 2035 1137 2069 Στίχ.
1151 2035 1228 2067 α’-ςα
1244 2048 1281 2054 —-
1296 2043 1306 2059 ε
1331 2034 1476 2060 1Δκούσαττ
1498 2034 1543 2062 τὸν
1563 2034 1642 2069 λόγον
1663 2035 1758 2062 τοῦτον
1783 2035 1812 2062 ὃν

1031 2080 1142 2115 ὶλάλησε
1165 2079 1266 2115 Κύριος
1280 2079 1322 2114 ἐφ’
1339 2079 1420 2114 ὑμᾶς,
1435 2077 1509 2111 οἶκος
1535 2079 1661 2115 Ἰσραὴλ,
1680 2080 1727 2107 καὶ
1742 2082 1812 2107 κατὰ.

1030 2125 1120 2160 πάσης
1138 2125 1223 2160 φυλῆς
1241 2123 1275 2160 ἦς
1289 2125 1424 2160 ἀνήγαγον
1440 2125 1472 2151 ὲκ
1493 2125 1544 2160 τῆς
1557 2125 1695 2159 Αἰγύπτου
1706 2126 1792 2160 λέγων
1803 2135 1810 2142 ·

1030 2170 1104 2205 Πλὴν
1128 2168 1199 2204 ὑμᾶς
1225 2169 1309 2203 ἔγνων
1333 2171 1364 2196 ἐκ
1390 2169 1484 2196 πασῶν
1509 2169 1599 2204 φυλῶν
1617 2171 1666 2205 τῆς
1688 2171 1753 2206 γῆς’
1769 2171 1813 2198 διὰ

201 2219 255 2245 bus
269 2221 368 2249 terra;
390 2217 492 2244 idcirco
509 2216 628 2244 ulciscar
643 2225 726 2252 super
748 2225 796 2244 vos
812 2218 903 2245 omnia
919 2226 974 2254 pec

1032 2215 1110 2242 τοῦτο
1122 2215 1255 2250 ἐκδικήσω
1265 2215 1384 2250 ὲφ¹ὑμᾶς
1394 2215 1483 2246 πάσας
1490 2216 1538 2247 τὰς
1549 2217 1686 2252 ἁμαρτίας
1697 2216 1783 2252 ὑμῶν.
1801 2227 1810 2244 ι

202 2268 263 2290 cata
280 2266 379 2290 vestra.
391 2271 400 2287 ι
419 2262 512 2296 Neque
534 2262 718 2297 perfunctorie
741 2263 798 2291 haec
812 2264 952 2292 aestimetis
967 2271 983 2291 ε

203 2309 260 2335 Deo
281 2308 315 2335 de
327 2308 404 2335 vobis
419 2308 610 2342 pronuntiata;
637 2316 700 2335 nam
714 2310 762 2344 qui
778 2317 825 2336 vos
846 2317 941 2337 omnes
952 2310 985 2337 de

205 2353 315 2389 Egypti
330 2353 462 2381 servitute
472 2353 610 2386 liberavit,
623 2353 791 2389 singularem
807 2362 863 2389 pra:
878 2356 985 2383 cunctis

205 2399 363 2426 hominibus
390 2398 600 2426 sollicitudinem
623 2401 706 2427 vestri
730 2400 889 2430 ostendens,
915 2400 985 2427 idem

207 2454 283 2473 nunc
311 2453 419 2480 quoque
446 2445 481 2472 ad
506 2452 555 2472 vos
581 2445 702 2479 loquitur
728 2445 830 2480 justam
857 2446 988 2474 minitans

209 2499 329 2526 penam.
350 2499 382 2519 eo
396 2492 469 2526 quod
487 2491 586 2526 ingrati
609 2491 775 2519 benefactori
791 2495 866 2519 tanto
877 2493 989 2520 exstite—

209 2537 280 2564 ritis.
302 2537 352 2564 «Si
372 2537 485 2564 omnino
512 2536 690 2564 ambulabunt
716 2536 771 2564 duo
793 2538 905 2572 pariter,
923 2539 988 2573 quiti

211 2582 282 2609 inter
297 2589 327 2608 se
348 2585 442 2608 mutuo
457 2581 612 2608 revolent?)
628 2582 667 2608 Ad
685 2581 820 2609 dictorum
846 2582 991 2610 conﬁrma-

208 2627 324 2657 tionem,
340 2626 636 2662 demonstrandumque
647 2627 718 2654 haud
736 2631 837 2655 temere
852 2628 908 2655 haec
919 2628 990 2657 dicta

214 2671 309 2702 fuisse,
324 2671 459 2698 subnectit
473 2672 611 2706 sequentia
628 2672 802 2707 huiusmodi:
819 2673 848 2700 Si
868 2674 925 2701 lieri
944 2681 992 2709 po-

213 2721 277 2749 test.
291 2718 389 2752 inquit,
398 2721 428 2744 ut
438 2716 492 2744 duo
506 2717 612 2751 longam
628 2718 729 2752 pariter
741 2719 901 2747 emetientes
909 2719 992 2753 viam,

215 2763 331 2789 invicem
349 2763 438 2790 celent
461 2762 638 2797 profectionis
663 2771 785 2795 causam,
810 2771 898 2800 neque
922 2765 994 2793 hanc

215 2809 286 2836 inter
302 2816 331 2836 se
344 2809 554 2840 communicent.
575 2812 605 2834 ut
622 2808 768 2843 conjuncta
784 2810 917 2838 sententia
942 2811 994 2838 iter

214 2855 376 2888 absolvant;
391 2854 415 2884 si
431 2854 494 2888 hoc,
519 2854 639 2890 inquam,
658 2855 714 2887 ﬁet.
729 2859 786 2882 tum
801 2856 884 2883 etiam
899 2856 993 2885 hostes

1035 2261 1109 2296 Μηδὲ
1124 2261 1265 2296 πάρεργα,
1281 2261 1362 2296 φησὶ,
1385 2261 1530 2295 ποιήσεσθε
1552 2261 1638 2288 ταῦτα
1646 2261 1681 2297 δὴ
1697 2261 1731 2288 τά
1751 2264 1813 2298 περὶ

1034 2307 1111 2342 ὑμῶν
1134 2307 1348 2342 ἅποπεφασμένα
1361 2306 1436 2342 παρὰ
1451 2308 1498 2334 τοῦ
1515 2307 1597 2334 Θεοῦ·
1613 2309 1704 2344 ἐπειδὴ
1721 2310 1735 2335 ὁ
1747 2310 1814 2336 πάν-

1034 2361 1084 2384 τας
1108 2353 1180 2388 ὑμᾱς
1206 2353 1256 2388 τῆς
1283 2353 1313 2379 έν
1335 2352 1465 2388 Αἰγύπτῳ
1490 2353 1610 2386 δουλείας
1640 2354 1812 2387 ἀπαλλάξας,

1036 2398 1170 2434 ἐξαίρετόν
1195 2407 1224 2425 τε
1246 2399 1306 2425 τότε
1331 2399 1406 2434 παρὰ
1435 2399 1538 2431 πάντας
1566 2400 1724 2435 ἀνθρώπους
1751 2402 1815 2436 περὶ

1037 2445 1108 2480 ὑμᾶς
1124 2445 1173 2480 τὴν
1189 2444 1350 2480 κηδεμονίαν
1374 2445 1591 2480 ἐπιδειξάμενος.
1617 2442 1695 2477 οὗτος
1719 2446 1752 2482 δὴ
1770 2448 1816 2474 καὶ

1037 2491 1085 2518 νῦν
1098 2491 1274 2525 ἀποφαίνεται
1290 2491 1376 2517 ταῦτα
1395 2491 1459 2527 mp!
1478 2492 1554 2526 ὑμῶν
1570 2490 1676 2517 δικαίαν
1699 2491 1816 2520 ἀπειλῶν

1037 2535 1087 2571 τὴν
1100 2535 1246 2571 τιμωρίαν.
1269 2535 1338 2571 ὑπὲρ
1361 2533 1398 2562 ὧν
1412 2535 1498 2568 οὕτως
1521 2535 1676 2571 ἀγνώμονες
1693 2538 1756 2573 περὶ
1774 2538 1818 2565 τὸν

1038 2581 1161 2608 τοσοῦτον
1177 2581 1304 2615 γεγόνατε
1326 2582 1483 2618 εὐεργέτην.
1505 2591 1515 2607 r
1534 2582 1566 2608 Εί
1580 2583 1756 2618 πορεύσονται
1775 2583 1819 2611 δύο

1039 2627 1086 2652 ἐπὶ
1103 2626 1133 2652 τὸ
1147 2626 1212 2653 αὐτὸ
1224 2627 1348 2659 καθόλου,
1365 2627 1412 2654 εὰν
1428 2627 1465 2663 μὴ
1480 2628 1648 2663 γνωρίσωσιν
1664 2629 1787 2661 ἑαυτούς.
1809 2641 1817 2656 ι

1039 2673 1087 2704 Εἰς
1104 2672 1246 2707 βεϐαίωσιν
1257 2673 1311 2700 τῶν
1322 2673 1483 2709 ειρημένων,
1505 2675 1551 2700 καὶ
1566 2675 1701 2708 ἀπόδειξιν
1719 2675 1765 2702 τοῦ
1784 2677 1819 2711 μὴ

1041 2717 1078 2748 ὡς
1106 2717 1198 2752 ἔτυχεν
1224 2718 1348 2753 εἰρῆσθαι
1371 2719 1405 2745 τά
1436 2719 1583 2755 εἰρημένα,
1612 2721 1707 2755 ἐπάγει
1743 2723 1819 2748 ταυτὶ

1041 2762 1143 2789 τοιοῦτό
1155 2771 1181 2789 τι
1205 2763 1289 2797 λέγων
1299 2772 1305 2778 ·
1317 2764 1349 2790 El
1363 2765 1495 2800 ἐγχωρεῖ,
1518 2765 1595 2800 φησὶ,
1615 2765 1660 2792 δύο
1672 2766 1743 2793 κατὰ
1757 2775 1820 2794 ταυ-

1042 2810 1086 2836 τὸν
1112 2809 1220 2845 μακρὰν
1250 2809 1379 2841 ἁνύοντας
1406 2809 1465 2836 ὁδὸν
1491 2810 1535 2837 διὰ
1565 2810 1665 2842 παντὸς
1693 2811 1820 2848 ἀλλήλους

1044 2855 1145 2891 κρύψαι
1168 2857 1217 2890 τῆς
1240 2855 1300 2882 ὀδοῦ
1322 2857 1372 2891 τὴν
1392 2856 1496 2889 αίτίαν,
1518 2857 1563 2883 καὶ
1583 2856 1622 2892 μὴ
1642 2857 1819 2886 κοινώσασθαι
