1972 3066
177 170 225 199 SIBI

688 169 960 199 COMMENTARIUS
973 170 1006 198 IN
1026 169 1131 198 AHOSI
1150 169 1226 198 CAP.
1240 169 1286 197 Ill.

1689 162 1692 167 '
1743 167 1796 196 ens

178 228 291 260 ἑαυτοὺς
311 227 378 264 περὶ
400 227 513 264 ταύτης,
526 228 575 255 καὶΙ
592 227 626 264 δὴ
649 229 696 255 καὶ
709 229 784 264 κοινῇ
806 227 902 264 γνώμῃ
915 227 964 262 τὴν

1016 226 1118 261 absque
1132 225 1179 255 Dei
1199 227 1339 254 voluntate
1350 233 1399 254 vos
1414 226 1615 261 aggrediantur.
1638 238 1647 252 ι
1659 226 1687 254 Si
1705 228 1795 262 rugirt

178 273 332 310 ὁδοιπορίαν
363 273 474 306 ἀνύσαι,
499 273 546 309 (p.
569 273 639 309 161)
663 274 798 307 δνδέξεται
830 274 878 300 καὶ
899 273 962 304 τοὺς

179 317 323 353 πολεμίους
351 318 388 353 μὴ
412 318 482 346 κατὰ
505 318 617 354 γνώμην
642 318 689 346 τοῦ
715 319 782 346 Θεοῦ
807 319 894 346 ἐλθεῖν
918 318 961 352 ἐφ’

179 362 260 397 ὑμᾶς.
287 371 297 388 ι
316 363 349 389 Et
371 362 511 397 ἱρεύξετσιι
532 363 599 390 λέων
612 365 645 390 ὲκ
664 363 711 390 τοῦ
734 363 835 399 δρυμοῦ
863 363 960 396 αὑτοῦ,

179 405 266 441 θήραν
289 407 340 433 οὐκ
362 406 448 442 εκων·
472 408 497 434 ιι
525 407 604 434 δώσει
631 408 750 444 σκύμνος
771 408 862 444 φωνὴν
878 408 961 435 αὐτοῦ

179 451 313 483 καθόλου.
334 451 384 479 ἰὰν
406 451 443 487 μὴ
455 451 568 488 ἁρπάσῃ
578 461 615 479 τι.
632 461 642 478 ›
662 453 693 479 Et
706 452 858 487 ἐνδέχεται,
877 452 959 487 φησὶ.

179 497 274 525 λόον-δα
293 497 311 532 ἢ
335 498 368 525 ὲκ
389 497 439 533 τῆς
468 498 587 533 μάνδρας
610 498 704 534 βοῆσαι
723 499 770 533 τῆς
791 499 907 535 οἰκείας,
924 498 961 533 μὴ

179 544 265 580 θήρας
289 544 384 579 έχοντα
406 544 581 580 προσδοκίαν·
606 545 630 571 εί
646 545 692 571 καὶ
712 544 852 578 ἑωρακότα
869 553 906 575 τι,
924 543 961 579 μὴ

178 590 316 625 ἁρπάσαι·
342 590 390 617 καὶ
411 590 466 626 γὰρ
482 590 529 616 καὶ
551 589 669 625 σκύμνον
695 590 776 617 πάλιν
796 590 841 617 τὸν
869 590 961 616 λέοντα

180 634 270 669 λέγει-
287 634 325 668 tia;
339 635 376 662 ὅτ’
388 634 422 662 ἂν
433 635 513 671 εἴπῃ·
531 645 540 660 ι
561 635 594 662 Τί
610 636 683 662 ἐστιν
699 635 851 672 ἄνθρωπος,
873 636 889 671 ἢ
903 636 961 667 υἱὸς

180 679 342 716 ἁνθριίηυους
360 689 370 706 ι
390 680 421 707 Εί
444 681 534 707 τοίνυν
557 681 657 712 ταῦτα.
675 682 766 717 φησὶν.
789 679 844 710 οἷόν
863 691 892 708 τε
913 690 961 716 γε-

180 726 288 758 νέσθαι,
304 725 440 762 ἐνδέχεται
452 727 499 754 καὶ
515 727 561 754 τὸν
578 727 704 762 πολέμιον
718 727 762 754 τὸν
777 727 909 763 ὑμέτερον
925 728 958 762 τῇ

181 770 224 806 ιφ’
236 771 315 807 ὑμᾶς.
326 772 398 807 ὁρμῇ
415 772 585 808 χρήσασθαι,
603 774 640 809 μὴ
654 773 755 805 πάντας
776 774 848 809 ὑμᾶς
867 774 961 809 ὥσπερ

181 816 241 844 τινὰ
265 817 484 852 ωλλαμῦἁνοντα
511 818 606 855 θήραν.
635 827 645 844 ι
665 819 696 845 Εἰ
721 821 844 846 πεσεῖται
869 819 960 855 ὄρνεον

181 863 228 890 ἐπὶ
235 863 284 899 τὴν
291 863 349 898 ,γῆν
356 863 419 890 ἄνευ
429 863 532 895 ίξευτοῦ
539 872 547 879 ·
555 865 580 891 ει
592 863 755 899 χασθήσεται
765 865 846 899 ita-{1;
855 865 900 891 ἐπὶ
910 865 960 899 τῆς

1015 272 1042 299 in
1060 272 1128 299 silva
1139 272 1192 303 leo.
1205 272 1260 299 nisi
1276 271 1401 299 habuerit
1413 271 1548 306 praedam;
1564 271 1587 298 si
1599 271 1674 299 dabit
1685 274 1795 301 catulus

1014 318 1075 351 ejus
1093 325 1187 346 vocem
1213 324 1290 345 suam
1307 317 1428 349 omnino,
1452 317 1505 345 nisi
1524 317 1626 352 aliquid
1641 320 1771 353 rapuerit.
1782 329 1793 346 ι

1016 361 1043 389 Si
1059 362 1117 390 ﬁeri
1133 367 1221 398 potest
1238 367 1267 390 ut
1289 362 1331 390 leo
1345 361 1380 389 de
1403 362 1530 397 spelunca
1546 370 1594 390 sua
1609 363 1718 396 clamet.
1742 365 1795 393 nisi

1016 408 1078 435 lem
1090 407 1229 443 capiendae
1243 408 1383 435 immineat
1395 415 1402 440 ;
1416 407 1456 434 vel
1470 409 1493 434 si
1508 408 1611 443 aliquid
1623 409 1723 440 videat.
1741 418 1794 437 non

1014 454 1112 489 rapiat.
1129 453 1197 480 Nam
1211 454 1294 481 etiam
1308 452 1441 481 vocabulo
1457 453 1563 480 catulus
1582 454 1686 481 leonem
1704 454 1795 483 denuo

1014 499 1098 526 dicit:
1115 498 1196 526 veluti
1211 499 1256 526 ubi
1269 498 1387 526 dicitur:
1410 506 1419 523 ι
1430 498 1499 531 Quid
1511 504 1553 526 est
1564 498 1655 532 homo,
1666 503 1714 526 aut
1723 499 1796 528 ﬁlius

1017 544 1136 572 hominis
1142 543 1214 571 “~“?
1222 554 1232 571 ›
1242 544 1270 571 Si
1281 552 1355 579 ergo,
1367 544 1467 579 inquit.
1476 544 1532 571 haec
1540 544 1597 572 iieri
1604 545 1720 579 possint,
1730 550 1795 574 tunc

1014 590 1150 625 continqu
1163 590 1256 622 etiam,
1271 593 1301 617 ut
1322 590 1409 617 hostis
1425 596 1515 618 vester
1530 590 1662 619 adversus
1681 599 1730 620 vos
1746 593 1796 620 im-

1014 639 1104 670 petum
1116 634 1208 667 l'aeiat,
1233 635 1299 671 quin
1313 635 1393 663 simul
1404 642 1499 664 omnes
1510 644 1560 664 vos
1583 641 1712 672 tanquam
1727 646 1795 674 pra:-

1013 681 1075 708 dani
1092 682 1241 709 venaticam
1268 682 1369 717 capiat.
1389 691 1398 708 ι
1411 682 1439 710 Si
1461 682 1539 710 cadet
1563 683 1622 711 avis
1648 684 1676 710 in
1692 687 1795 712 terram

1014 727 1116 762 absque
1127 734 1230 762 aucupe
1243 736 1251 760 ;
1267 727 1290 755 si
1302 727 1459 756 demittetur
1471 728 1585 763 laqueus
1596 729 1623 756 in
1634 733 1716 762 terra,
1729 731 1795 765 quin

1014 772 1117 807 aliquid
1144 772 1388 808 comprehendat.»
1412 772 1489 800 Sicut
1503 774 1586 806 enim.
1609 774 1708 810 inquit,
1732 783 1796 803 aves

1014 818 1048 846 ab
1059 818 1210 853 aucupibus
1225 818 1284 853 capi
1299 819 1404 852 solent;
1425 824 1450 846 et
1469 818 1558 854 laquei
1575 823 1640 847 tunc
1655 821 1733 856 107
1748 828 1796 849 ea-

1014 863 1104 891 cidere
1122 871 1183 891 cum
1199 864 1300 899 aliquid
1312 864 1534 899 comprehensuri
1548 869 1629 892 sunt:
1653 866 1690 892 ita
1706 871 1733 894 et
1746 875 1796 895 vos

181 909 246 944 γῆς,
261 908 326 936 ἄνευ
338 907 386 935 τοῦ
401 909 540 936 συλλαϐεῖν
556 917 592 936 τι.
615 918 626 935 ι
649 909 691 941 Ὠς
708 909 761 945 γὰρ
774 910 809 936 τά
823 918 853 936 τε
863 909 959 944 ὄρνεα,

1016 913 1116 936 tantum
1144 910 1277 936 malorum
1307 911 1409 944 perpeti
1434 918 1548 938 necesse
1574 911 1638 943 erit.
1669 911 1796 940 hostibus

182 955 280 990 φησὶν,
303 954 356 982 ὑπὸ
382 954 498 987 ίξενταίς
524 954 707 990 λαμϐάνεσθαι
737 955 847 982 εἴωθεν·
876 956 906 982 αῖ
931 964 960 982 τε

181 998 294 1033 παγίδος
311 998 461 1034 τηνικαῦτα
474 998 626 1031 ἐκπίπτειν,
643 999 727 1026 ἑπειδ¹
738 999 770 1026 ἄν
790 1008 816 1026 τι
830 1000 877 1026 κα)⁵
901 1000 960 1026 συλ-

181 1043 328 1080 λαμϐάνειν
351 1043 499 1080 μέλλωσιν,
525 1043 596 1071 οὕτω
621 1045 668 1072 καὶ
699 1045 771 1080 ὑμᾶς
796 1045 827 1072 τὸ
853 1045 963 1072 τοσοῦτο

184 1091 274 1126 μεῖναι
292 1089 348 1117 τῶν
377 1089 469 1116 κακῶν
495 1089 619 1126 ἀνάγκη,
641 1089 696 1117 τῶν
725 1090 863 1125 πολεμίων
892 1091 963 1117 κατὰ

181 1134 293 1170 γνώμην
314 1133 390 1163 θείαν
412 1135 542 1163 ὲπιόντων
560 1144 590 1162 τε
613 1136 660 1163 καὶ
684 1136 961 1173 συλλαμϐανομένων,

183 1181 230 1209 καὶ
243 1180 277 1217 δὴ
296 1181 344 1209 aut
363 1181 404 1213 ιῐς
426 1181 612 1217 αἰχμαλωσίαν
628 1182 786 1217 ἀπαγόντων
801 1183 882 1218 ὑμᾶς.
902 1192 910 1208 ι
930 1183 962 1210 Et

182 1227 300 1263 φωνήσει
324 1227 440 1262 σάλπιγξ
461 1229 492 1254 ὲν
516 1228 608 1258 πόλει.
632 1229 679 1255 καὶ
691 1228 754 1261 λαδς
766 1229 797 1255 οὐ
814 1229 962 1265 πτοηθήσε-

180 1282 236 1301 ται.
255 1283 265 1299 ι
282 1272 314 1301 El
337 1273 470 1309 ἐνδέχεται
486 1273 583 1310 ἀθρόον
598 1274 747 1308 σάλπιγγος
764 1275 793 1302 ὲν
810 1275 884 1302 πόλει
898 1275 961 1310 βοη-

183 1320 277 1356 aiens.
290 1318 328 1355 μὴ
344 1320 410 1346 πᾶσι
421 1320 533 1355 πτόησιν
546 1319 704 1354 ἐγγενέσθαι
718 1320 764 1346 ἐπὶ
779 1321 812 1356 τῇ
823 1320 876 1346 τῶν
889 1328 962 1354 γινο-

184 1364 402 1403 μένωνιὰὂηλιᾳ,
426 1364 560 1398 ἑνδέξεται
588 1365 635 1393 καὶ
661 1366 732 1401 ὑμᾶς
754 1365 894 1402 ἀθορύϐως
917 1367 964 1392 καὶ

1010 952 1101 979 divina
1114 952 1254 979 voluntate
1266 952 1432 979 irruentibus
1445 956 1472 979 et
1490 953 1796 988 comprehendentibus,

1011 993 1066 1020 imo
1078 997 1105 1020 et
1118 993 1144 1020 in
1160 993 1344 1027 captivitatem
1361 1001 1408 1021 vos
1423 993 1632 1022 abducentibus.
1649 1005 1658 1021 ε
1680 995 1708 1022 Si
1719 995 1796 1023 clan~

1010 1038 1053 1068 get
1077 1035 1142 1061 tuba
1163 1034 1189 1061 in
1205 1034 1326 1066 civitate,
1351 1038 1378 1062 et
1393 1035 1510 1070 populus
1529 1043 1583 1062 non
1598 1043 1772 1072 expavescet.
1783 1046 1793 1064 ι

1012 1075 1040 1102 Si
1058 1075 1114 1102 lieri
1137 1080 1226 1110 potest
1240 1081 1280 1107 ut,
1297 1077 1362 1103 tuba
1379 1076 1406 1103 in
1431 1077 1539 1104 civitate
1558 1077 1711 1113 clangente.
1730 1086 1797 1106 con-

1012 1117 1143 1144 sternatio
1158 1124 1212 1143 non
1230 1117 1335 1144 accidat
1353 1117 1386 1144 iis
1401 1117 1447 1152 qui
1464 1118 1502 1145 rei
1516 1125 1629 1145 causam
1651 1120 1795 1154 ignorant:

1013 1161 1079 1185 tunc
1096 1165 1144 1185 vos
1159 1166 1268 1192 quoque
1283 1159 1407 1193 poteritis
1418 1159 1545 1194 intrepidi
1561 1165 1643 1194 atque
1656 1161 1798 1190 indemnes

1013 1200 1137 1227 bellicam
1149 1200 1244 1227 audire
1257 1201 1360 1227 tubam.
1382 1210 1391 1226 ι
1402 1200 1430 1228 Si
1442 1202 1495 1228 erit
1507 1210 1627 1229 aerumna
1640 1203 1666 1230 in
1675 1204 1797 1236 civitate.

1013 1247 1095 1274 quam
1106 1239 1237 1268 Dominus
1248 1249 1301 1268 non
1310 1241 1440 1269 ell'ecerit.
1453 1252 1461 1267 ι
1476 1242 1554 1270 Sicut
1565 1244 1616 1271 ista
1628 1245 1799 1279 impossibile

1013 1286 1055 1309 est
1070 1289 1123 1308 non
1138 1286 1200 1309 ante
1213 1282 1287 1309 dicto
1300 1283 1380 1310 modo
1396 1283 1510 1315 ﬁeri,ita
1530 1285 1699 1320 impossibile
1715 1290 1758 1314 est
1770 1293 1798 1314 et

1018 1325 1123 1352 civitati
1138 1330 1236 1352 vestrae
1248 1325 1397 1359 quamlibet
1422 1333 1571 1354 arumnam
1592 1328 1727 1363 accidere,
1745 1330 1798 1358 nisi

1020 1374 1080 1394 eam
1095 1366 1167 1393 Deus
1182 1366 1428 1394 vobisiadduxerit.

182 1411 306 1444 ἁδλασῶς
319 1413 368 1448 τῆς
381 1413 529 1449 πολεμικῆς
543 1413 656 1440 ἀκοῦσαι
673 1414 831 1448 σάλπιγγος.
852 1423 861 1439 ι
885 1414 916 1440 Εἰ
928 1415 1003 1440 ἔσται
1018 1413 1102 1441 κακία
1120 1415 1149 1441 ἐν
1163 1414 1249 1447 πόλει,
1264 1415 1309 1450 (p.
1327 1414 1393 1450 162)
1406 1416 1440 1451 ἢν
1456 1416 1558 1451 Κύριος
1572 1417 1621 1443 οὐκ
1633 1417 1768 1454 ἐποίησεν.
1787 1429 1796 1446 i

187 1458 232 1490 Ὦς
241 1459 270 1486 δὲ
283 1459 370 1487 ταῦτα
383 1459 511 1487 ἀδύνατον
527 1460 565 1496 μὴ
582 1460 641 1487 καθ’
656 1460 685 1487 ὃν
700 1460 752 1496 ἔφη
763 1460 888 1495 γενέσθαι
902 1461 1012 1497 τρόπον,
1029 1461 1114 1493 οὕτως
1127 1462 1255 1488 ἀδύνατον
1267 1462 1358 1489 καὶτὰ
1375 1463 1437 1496 περὶ
1452 1463 1499 1499 τὴν
1512 1463 1587 1490 πόλιν
1603 1465 1651 1500 τὴν
1665 1466 1801 1502 ὑμετέραν

184 1505 319 1541 σομεῆναι
333 1504 415 1538 κακὰ,
433 1506 471 1542 μὴ
483 1505 551 1534 Θεοῦ
562 1506 747 1541 ἐπαγαγόντος
762 1507 835 1542 ὑμῖν.

218 1550 292 1586 Στιχ.
315 1551 381 1583 ζ’-ι¹.
395 1565 431 1571 -
449 1560 459 1576 ι
473 1550 544 1577 Διότι
569 1551 606 1586 μὴ
631 1552 730 1587 ποιήσῃ
752 1551 853 1587 Κύριος
871 1552 886 1578 ὁ
898 1551 964 1582 Θεὸς

1054 1550 1138 1578 Vsus.
1162 1551 1238 1579 7-l0.
1254 1566 1290 1571 ——
1309 1552 1509 1585 «Quamobrem
1541 1562 1595 1582 non
1623 1555 1702 1583 fat-iet
1729 1556 1800 1585 Deus

184 1597 310 1633 πρᾶγμα,
318 1596 366 1624 ὲὰν
380 1595 418 1632 μὴ
429 1596 590 1632 ἀποκαλύψῃ
603 1596 726 1623 παιδείαν
736 1596 818 1624 αὐτοῦ
831 1597 897 1633 πρὸς
903 1598 966 1628 τοὺς

183 1641 292 1673 δούλους
306 1641 389 1669 αὑτοῦ
399 1641 460 1673 τοὺς
474 1643 623 1678 προφήτας.
638 1651 647 1667 ›
663 1643 700 1669 Οὐ
713 1642 801 1669 τοίνυν
815 1642 874 1669 οὐδὲ
885 1643 965 1678 ἡμεῖς

186 1687 274 1723 μάτην
290 1686 478 1723 φθεγγόμεθα,
498 1687 554 1714 ἀλλ’
578 1687 664 1714 ὁπόσα
683 1687 749 1719 Θεὸς
772 1687 886 1714 δέδωκεν
901 1688 966 1723 ἡμῖν

185 1734 286 1760 εἰπεῖν·
306 1732 336 1764 ὃς
357 1732 411 1768 πρὸ
428 1732 481 1759 τῶν
504 1733 672 1769 πραγμάτων
692 1733 814 1768 βούλεται
837 1733 870 1760 δι’
888 1734 967 1768 ήμῶν

187 1777 334 1813 μηνύεσθαι
354 1777 389 1804 τὰ
410 1777 535 1813 ὲσόμενα,
551 1778 598 1804 καὶ
612 1779 683 1814 ἅπερ
702 1779 740 1810 εις
760 1778 897 1805 παίδευσιν
919 1780 967 1805 ὲπ-

186 1821 262 1855 άγειν
276 1820 367 1856 μέλλει
381 1820 431 1856 τὴν
447 1821 580 1857 ὑμετέραν
591 1829 598 1837 ·
616 1821 654 1853 ὡς
669 1822 702 1849 ἂν
724 1823 836 1858 εἰδείητε
850 1823 903 1849 τῶν
919 1823 964 1849 ὲπ-

186 1868 325 1903 ιγομάνων
339 1867 403 1902 ὑμῖν
421 1866 513 1894 κακῶν
525 1867 573 1903 τὴν
588 1868 686 1899 αἰτίαν,
707 1869 771 1904 παρ’
786 1869 847 1895 ὅτου
869 1877 898 1895 τε
920 1869 968 1895 καὶ

187 1912 256 1949 ὑπὲρ
268 1908 306 1939 ὧν
316 1912 467 1947 ἐπάγεσθαι
480 1912 580 1948 μέλλει.
596 1922 606 1939 ‹
615 1913 690 1940 Λέων
705 1914 852 1950 ὲρεύξεται,
869 1915 915 1942 καὶ
926 1914 968 1947 τίς

187 1957 217 1985 οὐ
235 1957 438 1994 «ﬂuensaut;
458 1957 560 1994 Κύριος
577 1959 591 1985 ό
612 1958 677 1991 Θεὸς
696 1959 826 1996 ἐλάλησε,
852 1960 899 1987 καὶ
926 1961 968 1993 τίς

185 2003 217 2031 οὐ
236 2003 435 2040 προφητεύσεις
451 2013 461 2029 ι
493 2003 555 2031 οὔτ’
577 2002 623 2031 οὖν
649 2005 753 2037 Λέοντος
782 2005 967 2040 φθεγγομένου

189 2048 267 2084 μίγα,
283 2049 395 2076 δυνατὸν
408 2049 446 2085 μὴ
455 2049 530 2085 φόϐῳ
539 2049 723 2086 λα’μὸάνεσθαι
737 2051 770 2078 τὰ
780 2050 868 2087 ’κτήνη
879 2061 885 2067 ·
899 2052 967 2079 Θεοῦ

188 2103 216 2122 τε
240 2095 468 2131 ἀποφαινομένου.
491 2096 542 2122 οὐκ
562 2096 635 2124 ἐστιν
655 2097 728 2132 ἡμᾶς
750 2097 787 2132 μὴ
805 2098 874 2133 μετὰ
893 2098 968 2130 δέους

188 2141 379 2177 ὑπηρετεῖσθαι
389 2142 444 2173 τοῖς
457 2141 531 2177 αὐτῷ
540 2142 671 2170 δοκοῦσιν.
685 2152 695 2168 ι
707 2143 900 2177 Ἀπαγγείλατε
914 2144 968 2179 χώ-

190 2195 249 2221 ραις
258 2187 453 2223 ινἉσσυρίοις.
464 2187 511 2214 καὶ
520 2187 566 2214 ἐπὶ
573 2187 621 2219 τὰς
630 2187 720 2223 χώρας
731 2189 759 2214 ἐν
773 2190 807 2224 γῇ
820 2189 966 2222 Αἰγύπτου·

1016 1597 1246 1632 quidquant.'nisi
1263 1599 1422 1625 revelat'erit
1436 1599 1610 1634 disciplinain
1623 1609 1699 1629 suam
1712 1605 1800 1632 servis

1016 1644 1074 1670 suis
1087 1643 1235 1678 prophetis.
1251 1653 1260 1668 ι
1278 1643 1370 1679 Itaque
1382 1652 1415 1671 ne
1428 1652 1478 1672 nos
1493 1645 1601 1680 quidem
1617 1650 1717 1675 temere
1728 1650 1800 1684 apud

1016 1696 1064 1716 vos
1084 1688 1233 1723 loquimur,
1252 1689 1299 1716 sed
1325 1697 1386 1725 qute
1401 1689 1473 1717 Deus
1496 1691 1576 1719 nobis
1596 1693 1734 1721 commisit
1758 1695 1801 1721 di-

1016 1734 1119 1766 cenda;
1135 1734 1181 1768 qui
1199 1740 1263 1762 ante
1287 1742 1378 1762 rerum
1394 1740 1532 1768 eventum,
1546 1738 1604 1764 vult
1623 1746 1670 1773 per
1698 1747 1749 1767 nos
1767 1741 1801 1767 si.

1016 1779 1137 1814 gniﬁcari
1165 1779 1268 1811 futura.
1292 1785 1319 1808 et
1334 1788 1395 1816 qua:
1410 1781 1443 1808 ad
1459 1783 1660 1818 correptionem
1678 1790 1797 1813 vestram

1017 1828 1130 1853 acturus
1143 1829 1203 1856 est:
1221 1830 1249 1853 ut
1262 1827 1382 1855 noscatis
1396 1827 1562 1856 indictorum
1582 1831 1714 1858 malorum
1733 1839 1798 1859 cau-

1017 1879 1087 1904 sam,
1100 1875 1127 1899 et
1138 1880 1193 1906 quo
1203 1877 1316 1900 auctore
1330 1877 1358 1900 el.
1369 1881 1451 1908 quam
1471 1874 1506 1901 ob
1520 1882 1577 1902 rem
1593 1880 1721 1903 eventura
1735 1878 1798 1907 sint.

1020 1927 1029 1942 ι
1040 1916 1094 1944 Leo
1108 1918 1207 1952 rugiet.
1222 1922 1250 1945 et
1265 1919 1326 1953 quis
1340 1926 1394 1946 non
1406 1919 1530 1947 timebit?
1545 1920 1676 1949 Dominus
1691 1923 1800 1951 locutus

1017 1966 1069 1994 est.
1085 1966 1111 1990 et
1124 1963 1185 1997 quis
1198 1971 1250 1990 non
1263 1963 1434 1998 prophetabit
1443 1964 1455 1990 ?
1464 1973 1474 1989 ι
1487 1964 1542 1992 Nec
1557 1965 1636 1994 leone
1648 1967 1729 2002 igitur
1741 1975 1800 1995 ma-

1018 2015 1097 2043 gnam
1114 2016 1205 2036 vocem
1217 2009 1324 2040 edente,
1337 2010 1393 2037 lieri
1413 2014 1502 2045 potest
1520 2015 1549 2038 ut
1579 2012 1672 2040 bestiae
1690 2021 1744 2040 non
1753 2022 1800 2041 ex-

1019 2059 1180 2088 pavescant:
1209 2062 1296 2089 neque
1309 2054 1364 2082 Deo
1379 2056 1527 2089 revelante,
1545 2056 1602 2085 ﬁeri
1619 2063 1708 2093 potest
1731 2068 1802 2095 quo-

1018 2100 1108 2127 minus
1124 2107 1174 2126 nos
1191 2107 1252 2126 cum
1270 2100 1367 2128 timore
1380 2101 1564 2136 obsequamur
1579 2104 1712 2131 voluntati
1728 2106 1798 2140 ejus.

1022 2156 1030 2172 ι
1041 2146 1208 2173 Annuntiate
1219 2146 1375 2181 regionibus
1384 2146 1455 2182 apud
1465 2147 1603 2184 Assyrios,
1614 2154 1641 2177 et
1652 2151 1800 2185 provinciis

1020 2192 1130 2218 interra
1151 2191 1273 2227 Egypli,
1298 2197 1325 2220 et
1348 2192 1455 2221 dicite:
1482 2193 1691 2230 Congregamini
1719 2205 1801 2231 super

189 2232 235 2259 καὶ
247 2233 340 2260 εἴπατε
351 2239 359 2247 ·
378 2232 531 2268 Συνᾶχθητε
545 2233 592 2260 ini.
608 2234 641 2263 τὰ
664 2234 713 2269 ὅρη
733 2234 898 2269 Σαμαρείας,
922 2236 964 2262 καὶ

1021 2241 1126 2265 montes
1141 2238 1281 2269 Samaria.
1294 2243 1321 2266 et
1332 2238 1420 2266 videte
1431 2239 1565 2268 mirabilia
1577 2241 1660 2268 multa
1673 2242 1698 2269 in
1711 2244 1800 2270 medio

190 2277 256 2304 ἴδετε
272 2277 418 2313 θαυμαστὰ
438 2278 522 2305 πολλὰ
539 2279 568 2305 ἐν
591 2279 665 2314 μέσῳ
679 2280 773 2315 αὐτῆς,
793 2280 839 2306 καὶ
855 2281 971 2307 καταδυ-

189 2323 314 2357 ναστείαν
335 2325 364 2350 ὲν
385 2324 470 2358 αὐτῇ⁶
490 2324 537 2351 καὶ
562 2324 612 2351 οὐκ
634 2325 704 2358 ἔγνω
724 2325 742 2351 ἃ
764 2325 839 2352 ἔσται
852 2327 972 2353 ἐναντίον

189 2361 282 2404 αὐτῆς,
294 2368 367 2403 λέγει
379 2369 488 2405 Κύριος.
503 2378 513 2395 ι
523 2370 566 2401 Ὦς
575 2369 629 2405 γὰρ
640 2370 843 2406 πιστωσάμενος
856 2371 886 2398 τὸ
901 2371 971 2398 κατὰ

188 2414 300 2450 γνώμην
311 2414 378 2440 Θεοῦ
393 2414 504 2450 μηνύειν
516 2415 607 2447 αὐτοῖς
619 2415 653 2442 τὰ
668 2415 794 2450 ἐσόμενα,
811 2415 913 2448 Πάντες
927 2416 969 2451 δὴ,

190 2459 426 2495 φησὶν.Ἀσσύριοί
442 2467 472 2486 τε
489 2460 534 2487 καὶ
546 2460 687 2495 Αἰγύπτιοι
701 2461 783 2496 ἣκετε
796 2462 841 2488 ἐπὶ
859 2462 906 2497 τὴν
916 2463 969 2489 Σει-

190 2504 303 2540 μάρειαν
316 2504 444 2540 ὀψόμενοι
456 2505 538 2542 ἡλίκῃ
559 2507 628 2534 κατὰ
642 2507 695 2533 τῶν
710 2507 908 2543 ἀσθενεστέρων
927 2508 971 2535 κέ-

189 2558 303 2586 χρηνται
311 2551 344 2587 τῇ
358 2550 501 2587 δυναστείᾳ
511 2561 516 2565 ·
526 2551 686 2587 (ρ.165)οὐκ
697 2553 914 2587 ἀναλογιζόμενοι
927 2551 970 2580 οἷα

190 2594 326 2622 πείσονται
340 2594 410 2631 ὑπὲρ
425 2595 542 2628 ταύτων,“
552 2596 727 2632 ὀργιζομένου
743 2599 802 2625 κατ’
822 2599 910 2625 αὐτῶν
924 2600 969 2626 τοῦ

190 2639 256 2666 Θεοῦ
266 2648 276 2656 ·
287 2639 425 2674 γνώσεσθε
437 2640 491 2676 γὰρ
504 2641 545 2668 ὅτι
557 2641 661 2669 δικαίαν
676 2644 765 2675 αὐτοῖς
777 2644 846 2680 ὑπὲρ
862 2642 899 2671 ὧν
914 2645 969 2672 δια-

191 2685 352 2721 πράττονται
361 2685 484 2721 τοιαύτην
495 2686 592 2721 ὲπάγει
605 2687 654 2723 τὴν
667 2689 797 2724 τιμωρίαν
806 2698 813 2704 ·
827 2690 969 2725 πεπολιορ-

191 2732 306 2767 κηκότες
321 2732 378 2767 γὰρ
403 2732 501 2764 αὐτοὺς
520 2733 664 2770 ¹Δσσιῑριοι,
689 2735 753 2766 τοὺς
773 2737 970 2771 καταπεφευγό-

190 2784 238 2810 τας
249 2778 279 2812 ἑξ
292 2777 385 2805 αὐτῶν
399 2778 446 2804 ἰπὶ
459 2778 509 2814 τὴν
521 2779 667 2814 Αἴγυπτον,
682 2779 839 2812 ἐξείλκυσάν
855 2790 884 2809 τε
900 2784 970 2809 ἐκεῖ·

224 2877 285 2897 ’⁵⁸η
303 2878 379 2910 Psal.
400 2885 458 2912 uu,
476 2879 503 2906 5.
540 2878 563 2896 "
579 2878 642 2908 Ose.
664 2887 700 2915 ix,
718 2879 743 2907 6.

1021 2283 1107 2314 illius.
1124 2288 1151 2310 et
1165 2285 1369 2319 oppressionem
1386 2285 1412 2311 in
1438 2293 1484 2312 ea:
1502 2290 1529 2313 et
1549 2286 1655 2320 ignorat
1676 2295 1736 2322 qua:
1753 2288 1801 2315 im-

1019 2329 1124 2356 minent
1139 2338 1230 2357 coram
1246 2331 1315 2365 ipsa,
1331 2331 1369 2357 ait
1381 2330 1521 2360 Dominus.
1532 2342 1541 2358 ι
1557 2332 1706 2368 Quasijam
1720 2334 1799 2362 Iidem

1019 2374 1203 2408 impetraSsct,
1226 2384 1255 2403 se
1279 2376 1420 2403 voluntate
1447 2377 1493 2404 Dei
1523 2379 1622 2413 populo
1645 2379 1801 2414 signiﬁcare

1019 2419 1110 2447 futura
1121 2442 1128 2454 ,
1140 2420 1252 2454 Omnes,
1270 2422 1369 2457 inquit,
1385 2423 1490 2458 Assyrii
1509 2427 1590 2458 atque
1609 2423 1740 2460 .‘Egyptii,
1753 2434 1800 2454 ve—

1018 2466 1074 2493 nite
1083 2466 1243 2499 Samariam,
1258 2472 1284 2494 ct
1297 2468 1384 2495 videte
1403 2473 1504 2503 quanta
1518 2470 1554 2497 ibi
1573 2471 1607 2497 sit
1620 2471 1798 2501 inilrmiorum

1017 2513 1174 2547 oppressio;
1203 2513 1266 2540 dum
1290 2522 1343 2541 non
1367 2518 1474 2550 reputat
1502 2514 1560 2543 fore
1576 2520 1604 2543 ut
1622 2517 1724 2551 justam
1746 2520 1798 2547 sibi

1018 2562 1129 2593 propter
1144 2566 1193 2586 sua
1210 2558 1331 2586 facinora
1349 2559 1419 2587 Deus
1440 2568 1547 2595 pinnam
1563 2561 1642 2598 108
1657 2563 1737 2591 talem
1754 2565 1801 2592 int-

1020 2609 1110 2638 ponat.
1122 2603 1190 2630 Nam
1202 2612 1264 2631 cum
1273 2605 1378 2640 Assyrii
1391 2613 1449 2633 eam
1459 2606 1634 2639 obsederunt,
1647 2609 1708 2638 i!los
1719 2612 1799 2639 etiam

1021 2649 1067 2683 qui
1081 2649 1154 2676 illinc
1167 2649 1200 2676 ad
1212 2649 1355 2686 Egyptios
1369 2651 1554 2687 profugerant,
1576 2654 1695 2682 indidem
1714 2663 1800 2683 retra-

1023 2700 1128 2728 xerunt,
1142 2699 1169 2723 et
1181 2697 1251 2731 apud
1269 2697 1354 2731 ipsam
1366 2697 1512 2733 Egyptum
1529 2701 1713 2734 puniverunt:
1731 2704 1802 2731 sicut

1021 2742 1102 2768 etiam
1119 2742 1189 2776 apud
1202 2743 1298 2769 Oscam
1313 2742 1456 2778 dicitur“,
1468 2746 1539 2780 quod
1549 2756 1557 2771 ι
1568 2745 1604 2773 Ex
1615 2746 1722 2782 Αἰπυιί
1731 2750 1802 2775 cala-

1025 2786 1117 2814 mitate
1131 2787 1287 2822 precedent,
1311 2792 1337 2816 et
1353 2790 1467 2825 excipiet
1494 2799 1540 2818 cos
1556 2791 1696 2827 .‘lcmpltts,
1713 2796 1740 2819 et
1755 2801 1800 2822 eos
