1972 3066
184 161 238 190 263
779 163 956 191 TIIEODORI
971 163 1085 192 MOPSU
1091 163 1213 191 ESTENI
1758 164 1808 191 526i

188 219 329 248 lachmas
337 222 457 256 sepeliet.
465 232 474 248 ι
482 220 629 258 Propterea
642 222 725 258 igitur
733 222 766 249 ad
782 229 829 250 eos
843 223 963 257 loquitur

1025 224 1081 256 θεν,
1100 225 1147 251 καὶ
1160 224 1205 251 ἐπ’
1217 224 1302 259 αὐτῆς
1320 224 1524 260 ἐτιμωρήσαντο
1538 224 1587 259 τῆς
1602 224 1740 257 Αἰγύπτου
1750 230 1757 237 ⁶
1773 228 1811 256 ὼς

186 268 216 293 ut
226 272 313 301 pinnae
321 273 377 294 suae
387 274 497 294 causam
508 273 686 303 cognoscant.
701 277 711 293 ι
722 268 773 301 Qui
785 268 966 295 lhesaurizanl

1023 270 1070 296 καὶ
1094 270 1168 305 παρὰ
1194 270 1233 305 τῷ
1260 270 1339 305 Ὠσηέ
1369 279 1461 306 φησιν,
1486 271 1526 297 ὅτι
1550 271 1753 303 Πορεύσσνται
1775 270 1810 297 ἐκ

185 312 358 347 iniquitatem
369 315 396 340 et
407 313 543 340 miseriam
553 314 582 341 in
591 314 749 349 regionibus
759 316 844 342 suis.)
862 314 966 342 Multam

1022 316 1222 349 ταλαιπωρίας
1245 316 1409 349 Αἰγύπτου.
1447 316 1496 342 καὶ
1519 315 1671 347 ἐκδέξεται
1698 315 1811 347 αὐτοὺς

183 357 257 383 enim
275 361 303 384 et
319 357 494 385 immodicam
506 358 639 387 adversus
651 367 786 395 pauperes
801 360 966 394 iniquitatem

1024 359 1148 394 Μέμφις,
1163 360 1213 387 καὶ
1226 360 1315 395 θάψει
1331 362 1441 394 αὐτοὺς
1456 361 1589 395 Μαχμάς.
1606 361 1656 387 Διὰ
1668 360 1747 387 τοῦτο
1763 359 1809 388 οὖν

185 408 380 434 exercuerunt,
397 404 565 432 multimodis
579 412 626 432 eos
639 405 789 432 allicientes
803 405 924 439 injuriis.

1024 405 1092 440 πρὸς
1109 405 1227 437 ἐκείνους
1248 406 1341 440 φησὶν,
1358 406 1395 437 ὡς
1417 406 1450 432 ἃν
1472 406 1566 441 μαθεῖν
1579 405 1736 440 ὀφείλοντας
1760 405 1809 439 τῆς

182 447 318 485 τιμωρίας
332 449 422 476 αὐτῶν
438 449 488 479 τὴν
505 449 604 479 αἰτίαν.
624 459 635 476 ι
655 451 687 477 0i
704 450 913 486 θησαυρίζοντες
934 450 1040 476 ἀδικίαν
1064 451 1112 477 καὶ
1128 451 1313 486 ταλαιπωρίαν
1332 453 1360 477 ἐν
1378 452 1437 483 ταῖς
1456 451 1557 486 χώραις
1572 451 1670 479 αὐτῶν.
1693 462 1702 477 ι
1720 452 1807 486 Πολ)ιῇ

184 495 240 527 γάρ
254 504 307 522 τινι
326 496 374 523 καὶ
393 496 538 532 ἀμετρήτῳ
561 497 708 533 κέχρηνται
730 499 763 533 τῇ
785 498 857 524 κατὰ
876 496 931 524 τῶν
956 499 1079 533 πενήτων
1105 499 1211 534 ἀδικίᾳ,
1238 499 1372 534 διαφόρως
1396 499 1493 531 αὐτοὺς
1523 499 1727 535 περιϐάλλοντες
1748 502 1807 531 ταῖς

184 542 341 579 ἐπηρείαις.

219 601 302 630 Vsus.
320 603 361 633 ll.
380 603 420 630 12.
434 618 468 624 -
488 614 497 629 ι
510 603 656 639 Propterea
675 605 730 632 haec
742 605 807 632 dicit
821 605 968 632 Dominus:

187 647 286 683 Tyrus,
312 657 339 676 et
354 649 381 676 iu
396 649 511 676 circuitu
529 653 601 676 terra
619 654 666 677 tua
682 650 860 682 desolabitur,
885 655 912 677 et
926 653 971 678 de-

183 694 308 723 trahetur
322 702 353 722 ex
371 698 397 722 te
411 694 543 722 fortitudo
558 691 614 728 tua,
628 699 655 723 et
666 696 830 731 diripientur
846 697 971 732 regiones

183 735 248 766 tute.
261 749 270 765 ι
290 739 327 765 ΕΑ
342 744 465 775 propter,
482 740 582 776 inquit,
596 741 713 769 adducet
733 741 809 770 vobis
827 742 970 777 Assyrium

186 783 269 814 Deus.
297 784 342 819 qui
358 784 470 820 Tyrum.
497 790 525 811 et
540 785 694 812 universam
717 790 789 813 tuam
808 788 834 812 in
851 786 967 812 circuitu

185 834 299 862 terram,
326 830 353 856 id
381 834 422 857 est
444 831 584 865 proximos
606 838 712 862 omnes,
740 831 767 857 in
794 831 966 858 solitudinem

186 876 308 911 rediget:
325 877 352 903 in
365 879 481 910 tantum,
496 881 526 903 ut
536 876 610 903 nulla
619 883 682 913 spes
695 876 743 904 tibi
758 877 860 911 reliqua
871 877 967 904 salutis

185 923 232 956 sit,
254 923 301 950 tali
320 926 450 958 tantoque
467 924 544 951 hosle
560 911 721 950 obsidente:
737 923 784 959 qui
801 928 861 958 post
876 924 966 950 omnia
984 911 993 938 Ι

184 968 362 996 ﬁnitimorum
372 969 528 1004 absumpta,
541 973 614 996 tuam
628 976 738 1005 quoque
751 972 889 1005 regionem
905 978 969 1005 prie-

182 1013 274 1041 daudo
285 1014 511 1049 depopulabitur,
524 1017 553 1041 ut
565 1013 633 1041 nihil
647 1014 695 1041 tibi
703 1015 864 1042 aestimabile
877 1023 969 1050 super-

181 1058 304 1086 futurum
323 1060 369 1087 sit.
387 1059 489 1087 Deinde
501 1061 662 1095 gravitatem
679 1068 789 1095 quoque
807 1061 883 1087 exitii
896 1061 968 1095 quod

181 1105 319 1140 patientur
333 1106 478 1141 signiﬁcat.
494 1114 504 1131 ι
517 1104 579 1133 Haec
591 1106 659 1133 dicit
669 1105 799 1133 Dominus
812 1115 819 1133 :
835 1106 969 1139 Quemad-

181 1151 293 1178 modum
310 1152 336 1180 οἱ
350 1152 479 1179 extrahat
498 1156 590 1186 pastor
603 1151 637 1179 de
649 1159 696 1179 ore
714 1151 801 1179 leonis
822 1152 876 1179 duo
887 1160 968 1180 crura

180 1201 230 1224 aut
249 1201 404 1224 extremum
428 1197 570 1230 auricula,
585 1198 626 1225 sic
643 1201 775 1225 eruentur
787 1197 833 1225 lilii
849 1197 966 1231 lsraelis,

180 1242 231 1276 qui
247 1241 370 1270 habitant
380 1241 522 1274 Samaria,
536 1251 569 1270 ex
583 1242 698 1270 adverso
709 1243 798 1270 tribus
811 1242 945 1271 Damasci.
955 1254 965 1269 ι

182 1286 284 1319 Tanta,
299 1289 398 1323 inquit,
414 1292 504 1316 vestra
517 1288 561 1315 liet
571 1288 661 1321 ruina,
679 1293 706 1315 ut
718 1289 812 1323 paucis
822 1288 966 1316 admodum

180 1334 305 1363 salvatis.
333 1341 378 1361 res
404 1333 471 1360 nihil
492 1334 602 1361 dill'erre
626 1335 761 1366 videatur,
789 1342 820 1362 ac
836 1335 859 1362 si
876 1343 927 1363 ove
952 1343 967 1362 a

184 1378 262 1405 leone
277 1377 475 1412 comprehensa
497 1381 524 1405 et
539 1377 606 1404 adeo
618 1382 791 1412 consumpta,
805 1378 849 1404 vix
864 1378 968 1414 exigua!

180 1424 243 1458 ejus
257 1428 348 1458 partes
365 1431 380 1450 a
397 1427 506 1458 pastore
521 1423 628 1458 possint
641 1430 690 1449 ore
708 1422 794 1450 leonis
812 1423 967 1451 excidentes

181 1468 272 1504 colligi
285 1478 293 1496 :
312 1476 381 1504 quas
397 1468 507 1504 quidem
522 1468 545 1495 is
557 1468 718 1498 contemnit,
735 1471 828 1502 utpote
841 1468 967 1495 excarni-

182 1515 278 1541 iicatas
290 1518 317 1542 et
332 1513 469 1541 alimonia:
482 1521 536 1540 non
558 1513 680 1540 idoneas.
699 1512 755 1539 Hoc
768 1513 840 1539 enim
859 1513 967 1540 denota-

1054 603 1128 637 Στίχ.
1144 603 1240 638 ια’-ιβ’.
1256 618 1289 623 -
1315 612 1323 627 ι
1335 602 1384 629 Διά
1405 603 1483 629 τοῦτο
1501 602 1563 629 τάδε
1585 602 1660 636 λέγει
1677 603 1777 639 Κύριος
1792 604 1807 631 ὁ

1019 648 1084 679 Θεός
1098 655 1105 662 ·
1128 648 1215 683 Τύρος
1235 648 1281 674 καὶ
1303 647 1433 674 κυκλόθεν
1448 648 1512 684 ήγῆ
1527 657 1574 675 σου
1585 649 1804 684 ἐρημωθήσεται,

1021 694 1066 721 καὶ
1082 693 1192 725 κατάξει
1209 694 1241 719 ἐκ
1255 692 1302 720 σοῦ
1317 693 1366 728 τὴν
1380 693 1456 729 ἰσχύν
1468 702 1525 726 σου,
1544 694 1590 720 καὶ
1603 694 1805 730 διαρπαγήσον-

1019 748 1064 765 ται
1084 740 1112 765 αἱ
1129 739 1215 774 χῶραι
1236 748 1293 766 σου.
1309 749 1318 766 ι
1341 740 1426 775 ’Υπὲρ
1433 739 1464 772 δὴ
1475 739 1586 771 τούτων,
1601 741 1692 775 φησὶν,
1709 742 1804 776 ἐπάγει

1019 784 1064 811 τὸν
1081 785 1222 821 Ἀσσύριον
1245 786 1308 821 ὑμῖν
1324 787 1339 812 ὁ
1351 785 1428 817 Θεὸς,
1450 784 1479 816 ὃς
1497 786 1584 821 Τύρον
1606 795 1636 812 τε
1653 786 1699 813 καὶ
1715 788 1804 814 πᾶσάν

1021 839 1067 856 σου
1082 830 1130 866 τὴν
1154 830 1348 866 περικειμένην
1371 830 1434 865 γῆν,
1458 830 1502 856 ἵνα
1528 830 1716 868 εἴπῃ,πάντας
1742 833 1804 865 τοὺς

1019 875 1233 910 περιοικοῦντας.
1249 876 1368 911 ἐρήμους
1383 876 1548 911 ἐργάσεται·
1568 877 1605 909 ὼς
1619 878 1751 913 μηδεμίαν
1763 879 1805 905 ἐλ-

1020 921 1083 948 πίδα
1100 921 1166 956 μηξέ
1193 921 1234 948 σοὶ
1251 921 1386 957 σωτηρίας
1407 921 1595 956 ὑπολελεῖφθαι
1612 923 1664 950 ὑπὸ
1677 924 1803 951 τοσούτου

1019 967 1236 1003 πολιορκουμένῳ
1264 967 1409 1003 πολεμίου·
1435 968 1477 1003 (p.
1495 968 1560 1004 164)
1584 969 1718 1004 ἀφανίσας
1750 971 1804 1007 γὰρ

1019 1013 1127 1040 ἅπαντα
1136 1013 1170 1040 τὰ
1183 1013 1237 1040 τῶν
1251 1013 1407 1049 περιοίκων,
1425 1013 1533 1041 ἃπασαν
1548 1014 1595 1042 καὶ
1612 1015 1659 1042 σοῦ
1670 1015 1703 1042 δι’
1715 1017 1805 1051 ἁρπα-

1018 1059 1069 1094 γῆς
1083 1059 1224 1094 ποιήσεται
1240 1059 1290 1094 τὴν
1309 1058 1417 1095 χώραν⁶
1445 1060 1483 1092 ὡς
1498 1060 1581 1096 μηδὲν
1600 1061 1803 1098 περιλειφθῆναι

1017 1105 1071 1131 τῶν
1088 1105 1166 1139 λόγου
1190 1114 1246 1137 πως
1267 1104 1350 1137 ἀξίων
1365 1103 1434 1133 εἶναι
1456 1106 1605 1133 δοκούντων
1624 1107 1653 1134 ἐν
1668 1108 1719 1134 σοί.
1739 1107 1803 1135 Εἶτα

1018 1151 1065 1179 καὶ
1081 1151 1130 1187 τῆς
1143 1151 1279 1183 ἀπωλείας
1295 1151 1384 1178 αὐτῶν
1400 1149 1434 1188 ἧς
1450 1153 1648 1188 ὕποστήσονται
1662 1154 1710 1189 τὴν
1725 1154 1805 1190 βαρύ-

1017 1205 1086 1231 τητα
1102 1196 1251 1232 σημαίνων,
1279 1205 1289 1222 ι
1305 1196 1375 1223 Τάδε
1389 1196 1462 1231 λέγει
1471 1197 1583 1234 Κύριος,
1592 1198 1643 1226 ’ον
1654 1199 1752 1235 τρόπον
1766 1200 1803 1226 ὅτ’

1019 1243 1052 1270 ἂν
1064 1244 1187 1279 ὲκσπάσῃ
1201 1244 1214 1270 ὁ
1230 1243 1332 1279 ποιμὴν
1346 1244 1377 1270 ἐκ
1394 1244 1526 1280 στόματος
1541 1244 1647 1276 λέοντος
1662 1245 1709 1272 δύο
1721 1246 1802 1282 σκέλη

1018 1287 1034 1324 ἢ
1049 1288 1127 1315 λοϐὸν
1138 1288 1229 1320 ὠτίου,
1248 1288 1335 1320 οὕτως
1350 1288 1583 1325 ἐκσπασθήσονται
1599 1291 1623 1317 oi
1635 1290 1688 1317 υίοί
1696 1291 1804 1327 Ἰσραὴλ

1018 1334 1042 1360 οἱ
1058 1333 1246 1365 κατοικοῦντες
1262 1334 1290 1361 ὲν
1305 1328 1443 1370 Σαμαρείᾳ
1455 1335 1596 1362 κατέναντι
1612 1337 1697 1373 φυλῆς
1713 1338 1805 1372 Δαμα-

1019 1379 1094 1407 σκοῦ.
1109 1389 1119 1405 ι
1147 1379 1270 1415 Τοσαύτη
1293 1380 1346 1415 γὰρ
1370 1380 1456 1415 ὑμῶν,
1475 1381 1551 1416 φησὶ,
1565 1383 1708 1418 γενήσεται
1722 1385 1738 1419 ἡ
1751 1385 1803 1412 ἀπ-

1017 1425 1109 1457 ώλεια,
1123 1425 1193 1453 ὥστε
1211 1425 1280 1458 ἀγαν
1294 1425 1391 1460 ὀλίγων
1406 1427 1620 1463 περισωθέντων,
1646 1428 1728 1464 μηδὲν
1747 1431 1802 1457 ἀπ-

1018 1472 1132 1499 εοικέναι
1142 1472 1171 1499 τὸ
1180 1473 1296 1508 πρᾶγμα
1303 1471 1437 1508 προϐάτου
1447 1472 1593 1508 ληφθέντος
1598 1483 1626 1501 τε
1638 1474 1690 1502 ὑπὸ
1698 1475 1804 1509 λέοντος

1018 1519 1065 1546 καὶ
1082 1517 1318 1549 καταναλωθέντος
1343 1518 1388 1545 ἐπὶ
1404 1518 1539 1552 τοσοῦτον,
1553 1519 1622 1546 ὥστε
1638 1521 1717 1556 μόγις
1737 1522 1803 1557 βρα-

180 1564 226 1587 ιιιι·
242 1568 289 1595 per
305 1560 360 1587 dno
374 1567 455 1587 crura
465 1562 492 1586 et
508 1564 660 1589 extremum
676 1558 815 1585 auriculae.
833 1557 879 1584 Sic
891 1558 965 1584 nimi-

1018 1564 1067 1599 χέα
1081 1563 1141 1590 τινὰ
1157 1562 1226 1598 μέρη
1235 1563 1264 1595 ἐξ
1277 1563 1359 1590 αὐτοῦ
1372 1564 1517 1600 δυνηθῆναι
1530 1564 1576 1591 τὸν
1591 1567 1705 1599 ποιμένα
1720 1568 1801 1594 ἐκπε-

180 1613 242 1634 rum
268 1607 348 1641 pauci
373 1606 473 1641 oppido
494 1609 521 1633 et
546 1604 663 1632 humiles
684 1613 718 1632 ex
734 1604 785 1631 hoc
802 1603 881 1638 109
896 1603 965 1631 bello

182 1656 358 1686 supererunt,
375 1651 408 1679 de
425 1652 479 1679 illis
499 1659 597 1686 nempe
612 1651 658 1686 qui
672 1650 823 1677 Samariam
843 1650 966 1677 incolunt

180 1705 214 1724 ex
235 1697 351 1725 adverso
374 1697 625 1728 Damascenorum;
657 1705 726 1732 quos
744 1697 856 1731 perinde
871 1705 902 1724 ac
925 1706 964 1729 se,

181 1743 216 1770 ab
230 1743 355 1771 hostibus
367 1743 479 1770 mactari
490 1742 628 1770 videbunt.
645 1742 766 1777 Namque
778 1747 804 1769 et
815 1742 878 1778 Tyri
888 1748 966 1769 antea

180 1798 208 1822 et
223 1802 295 1822 nunc
313 1794 436 1821 Damasci
454 1793 586 1825 meminit,
603 1796 633 1820 ut
647 1792 860 1828 magnitudinem
881 1793 967 1819 malo-

180 1847 240 1867 rum
254 1839 398 1873 ostendat;
414 1844 440 1867 et
456 1839 528 1874 quod
542 1846 622 1866 nemo
633 1846 666 1865 ne
680 1838 714 1866 de
724 1838 845 1865 ﬁnitimis
856 1838 964 1873 quidem

179 1887 208 1914 in
218 1886 393 1922 Assyriorum
408 1885 567 1913 incursione
579 1885 686 1912 evadet.
699 1884 776 1912 Tunc
789 1885 861 1911 enim
876 1883 966 1911 evenit

178 1930 251 1967 quod
285 1932 314 1958 in
343 1930 477 1966 procmio
499 1929 661 1966 patefecerat
677 1950 684 1964 ,
713 1937 811 1965 nempe
843 1930 964 1956 omnium

179 1977 288 2005 illorum
303 1977 427 2005 exitium.

1015 1608 1141 1636 πεπτωκότα
1153 1607 1199 1634 τοῦ
1215 1608 1346 1643 στόματος
1358 1607 1404 1634 τοῦ
1417 1608 1522 1640 λέοντος
1533 1609 1625 1636 λαϐεῖν
1634 1618 1640 1624 ·
1655 1612 1703 1637 καὶ
1717 1612 1804 1639 ταῦτά

1015 1663 1058 1690 γε,
1075 1653 1112 1681 ὧν
1122 1653 1244 1688 ὑπερορᾷ
1257 1653 1294 1684 ὡς
1309 1653 1437 1688 ἀσάρκων
1453 1662 1482 1680 τε
1496 1654 1543 1681 καὶ
1558 1654 1625 1690 πρὸς
1640 1657 1743 1692 τροφὴν
1753 1658 1803 1685 οὐκ

1016 1699 1183 1734 ἐπιτηδείων·
1203 1698 1283 1725 τοῦτο
1294 1699 1348 1734 γὰρ
1362 1698 1437 1734 λέγει
1448 1699 1489 1733 τὸ,
1502 1699 1556 1726 δύο
1566 1702 1661 1735 σκέλη
1679 1702 1698 1735 ἢ
1711 1703 1804 1729 λοϐὸν

1015 1747 1102 1773 ὠτίου
1112 1755 1119 1761 ·
1144 1745 1229 1777 οὕτως
1242 1745 1327 1779 ὀλίγοι
1335 1745 1406 1776 τινὲς
1418 1744 1465 1772 καὶ
1477 1745 1592 1778 εὐτελεῖς
1607 1747 1635 1773 ἐν
1646 1747 1684 1783 τῷ
1695 1747 1802 1784 πολέμῳ

1019 1792 1274 1829 περιλειφθήσονται
1294 1791 1391 1826 τούτῳ,
1412 1792 1444 1818 ἐκ
1462 1792 1515 1819 τῶν
1528 1793 1576 1828 τὴν
1593 1793 1748 1829 Σαμάρειαν
1762 1797 1802 1822 οἱ-

1018 1838 1136 1866 κούντων
1157 1838 1299 1864 κατέναντι
1332 1837 1385 1864 τῶν
1410 1838 1615 1874 Δαμασκηνῶν·
1641 1839 1678 1871 ὡς
1703 1841 1802 1876 ὁμοίως

1018 1883 1122 1914 ἑαυτοῖς
1135 1880 1334 1917 ἀπολλυμένους
1344 1881 1452 1916 ὄψονται
1464 1882 1516 1909 ὑπὸ
1526 1883 1578 1909 τῶν
1592 1884 1738 1919 πολεμίων.
1747 1886 1802 1912 Καὶ

1017 1929 1071 1965 γὰρ
1086 1929 1132 1955 καὶ
1145 1930 1194 1964 τῆς
1211 1928 1300 1964 Τύρου
1317 1928 1449 1965 πρότερον
1462 1930 1509 1956 καὶ
1525 1929 1572 1957 νῦν
1591 1931 1640 1967 τῆς
1653 1932 1801 1968 Δαμασκοῦ

1018 1975 1127 2012 μνήμην
1146 1975 1303 2009 ἐποιήσατο,
1326 1975 1364 2006 εἰς
1380 1974 1517 2008 ἀπόδειξιν
1530 1975 1577 2003 τοῦ
1601 1977 1733 2013 μεγέθους
1748 1979 1802 2005 τῶν

180 2023 288 2052 κακῶν
313 2024 353 2051 ὅτι
378 2023 446 2060 μηδὲ
468 2022 522 2051 τῶν
545 2023 691 2058 περιοίκων
709 2021 796 2049 ἔνεστί
823 2031 882 2050 τινα
908 2023 937 2050 ἐν
958 2023 991 2058 τῇ
1017 2022 1070 2049 τῶν
1095 2021 1244 2056 Ἀσσυρίων
1264 2021 1351 2057 ἐφόδῳ
1373 2021 1530 2057 διαφυγεῖν·
1561 2024 1673 2059 (p.165)
1689 2026 1803 2062 καὶγὰρ

177 2070 251 2108 εἶχεν
269 2071 343 2108 αὐτῷ
355 2071 448 2108 χώραν
459 2072 490 2099 τδ
505 2072 651 2108 λεγόμενον
664 2071 792 2100 ἀπάντων
805 2071 916 2099 ἐκείνων
928 2073 956 2098 ἐν
967 2073 1120 2109 προοιμίοις
1133 2072 1293 2108 δεδηλωκότι
1307 2072 1355 2108 τὴν
1373 2073 1522 2101 ἀπώλειαν.

215 2117 297 2147 Vsus.
319 2117 458 2148 lS-i5.—¢
475 2117 650 2152 Sacerdotes,
669 2118 762 2146 audite
778 2122 806 2146 et
821 2122 963 2149 contesta-

178 2163 245 2192 mini
257 2165 285 2191 in
303 2163 384 2191 domo
405 2161 502 2195 Jacob,
524 2163 592 2191 dicit
605 2162 736 2191 Dominus
753 2163 825 2192 Deus
839 2164 965 2198 omnipo-

178 2215 256 2244 tens;
277 2210 340 2247 quia
355 2209 382 2236 in
393 2209 438 2236 die
454 2216 508 2244 qua
526 2209 643 2236 ulciscar
660 2213 687 2237 et
703 2217 786 2244 super
800 2209 897 2236 altaria
915 2209 966 2236 Be-

1052 2118 1125 2154 Στίχ.
1143 2122 1237 2153 ιγ’-ιε’.
1250 2133 1284 2137 -
1302 2127 1312 2143 ι
1328 2118 1572 2154 Ἰερεῖς,ἀκούσατε
1590 2121 1635 2146 καὶ
1650 2121 1803 2157 ἐπιμαρτύ-

1019 2165 1101 2200 ρασθε
1115 2165 1155 2200 τῷ
1167 2165 1233 2198 οίκιι)
1255 2164 1361 2197 Ἰακὼϐ,
1386 2164 1459 2199 λέγει
1472 2165 1574 2202 Κύριος
1588 2168 1602 2193 ὀ
1617 2167 1683 2199 Θεὸς
1699 2168 1713 2195 ὁ
1734 2174 1802 2194 παν-

1018 2211 1160 2246 τοκράτωρ
1172 2218 1178 2225 ·
1193 2210 1259 2237 διότι
1272 2211 1300 2236 ἐν
1315 2212 1347 2246 τῇ
1361 2210 1452 2246 ἡμέρᾳ
1465 2211 1502 2238 ὅτ’
1516 2211 1549 2238 ἂν
1560 2212 1660 2239 ἐκδικῶ
1677 2214 1802 2246 ἀσεϐείας

177 2255 269 2288 thelis,
304 2259 331 2282 et
357 2253 540 2283 suifodientur
564 2261 667 2282 cornua
697 2254 804 2286 altaris,
834 2259 861 2282 et
889 2254 963 2282 humi

1018 2256 1061 2283 106
1079 2255 1183 2293 Ἰσραὴλ
1204 2257 1247 2282 ἐπ’
1264 2255 1359 2282 αὐτόν’
1385 2256 1431 2282 καὶ
1448 2257 1583 2292 ἐκδικήσω
1604 2259 1650 2285 ἐπὶ
1664 2259 1699 2286 τὰ
1709 2259 1803 2287 θυσια-

177 2301 326 2328 decideut:
353 2303 382 2327 et
406 2303 547 2327 conteram
574 2303 655 2335 atque
677 2299 828 2334 percutiam
852 2299 963 2327 domum

178 2347 318 2382 pinnatam
329 2353 412 2382 super
422 2345 534 2373 domum
544 2346 665 2374 aestivam
676 2355 683 2372 :
697 2350 723 2373 et
733 2345 860 2381 peribunt
867 2346 964 2373 domus

177 2394 314 2423 eburnea.
330 2392 444 2427 aliaeque
456 2391 548 2419 multa:
560 2391 777 2426 dissipabuntur,
793 2391 861 2419 dicit
874 2391 965 2418 Domi-

178 2447 241 2468 nus.
262 2448 272 2465 I
291 2438 363 2471 Haec,
380 2438 479 2474 inquit,
497 2437 515 2465 ii
528 2438 666 2473 praecipue
687 2437 800 2465 audiant
815 2437 863 2473 qui
882 2437 964 2472 impio

179 2484 315 2511 idolorum
325 2483 478 2511 sacerdotio
486 2483 652 2519 funguntur]:
668 2488 696 2511 ut
709 2483 772 2510 hinc
781 2483 838 2518 jam
846 2484 963 2516 discant,

178 2529 251 2565 quod
268 2536 331 2556 cum
347 2529 418 2557 Deus
434 2537 450 2556 a
467 2529 568 2566 populo
582 2536 678 2564 pinnas
694 2528 842 2565 impietatis
864 2529 963 2564 exiget,

177 2580 244 2603 tunc
266 2575 359 2602 omnia
381 2576 463 2603 etiam
492 2574 627 2603 idolorum
652 2575 749 2602 altaria
770 2574 962 2606 suﬁodientur,

176 2623 239 2651 belli
268 2621 416 2649 ludibrium
442 2621 548 2650 euecta.
576 2620 645 2648 Nam
662 2620 746 2648 verbo
774 2619 869 2648 Bethel
891 2620 963 2648 idola

177 2669 268 2697 dicere
284 2667 380 2699 voluit.
395 2675 410 2695 a
423 2672 500 2703 parte
515 2671 613 2695 totum.
628 2666 697 2694 Dicit
712 2670 803 2694 autem
816 2665 963 2694 suli'ossum

177 2715 209 2742 iri
229 2722 333 2742 cornua
346 2714 439 2741 altaris
449 2717 477 2741 et
490 2713 565 2740 lmmi
577 2722 687 2746 casura,
701 2714 766 2749 quia
784 2718 842 2741 tota
855 2713 963 2740 illorum

179 2759 345 2796 magnitudo.
361 2763 389 2787 et
402 2763 459 2787 tota
481 2766 590 2794 pompa.
613 2767 695 2795 quam
717 2768 733 2787 a
759 2759 959 2794 sacrilegorum

177 2805 351 2833 adorantium
374 2813 441 2833 cura
468 2804 614 2837 habebant,
643 2805 768 2833 funditus
795 2805 961 2832 destruetur.

177 2852 244 2880 Nam
256 2857 283 2880 et
304 2853 424 2884 illorum.
438 2851 536 2887 inquit,
550 2852 646 2880 domos
658 2860 673 2879 a
693 2853 876 2880 fundamentis
898 2859 963 2879 con-

177 2898 286 2926 vellam.
309 2897 395 2927 Porro
411 2898 552 2934 pinnatam
567 2897 632 2927 dicit
650 2905 700 2933 pro
722 2897 877 2930 hiemalem,
899 2897 963 2933 quia

156 3031 175 3055 ι

1016 2302 1114 2338 στήρια
1129 2301 1246 2336 Βαιθήλ·
1266 2302 1313 2328 καὶ
1327 2303 1567 2338 κατασκαφήσεται
1578 2304 1612 2331 τά
1634 2304 1737 2340 κέρατα
1755 2307 1802 2333 τοῦ

1015 2347 1205 2382 θυσιαστηρίου
1217 2347 1262 2374 καὶ
1274 2348 1396 2374 πεσεῖται
1406 2348 1453 2374 ἐπὶ
1465 2347 1514 2383 τὴν
1527 2350 1579 2383 γῆν
1588 2358 1594 2364 ·
1608 2350 1654 2376 καὶ
1666 2351 1803 2386 συντρίψω

1015 2394 1061 2420 καὶ
1073 2393 1183 2425 πατάξω
1191 2393 1235 2420 τὸν
1248 2390 1320 2420 οἷκον
1330 2393 1376 2420 τδν
1388 2393 1552 2430 περίπτερον
1562 2395 1608 2422 ἐπὶ
1619 2395 1664 2422 τὸν
1673 2394 1744 2423 οἷκον
1757 2397 1802 2423 τὸν

1015 2439 1135 2476 θερινόν·
1158 2439 1204 2467 καὶ
1221 2439 1383 2466 ἀπολοῦνται
1401 2441 1426 2466 οἱ
1446 2437 1516 2466 οἶκοι
1532 2442 1556 2467 οἱ
1567 2441 1741 2475 ἐλεφάντινοι,
1756 2444 1802 2470 καὶ

1014 2485 1243 2521 ἀφανισθήσονται
1255 2485 1343 2520 ἕτεροι
1359 2485 1460 2518 πολλοὶ,
1471 2486 1543 2520 λέγει
1557 2486 1666 2522 Κύριος.
1679 2497 1689 2514 ›
1709 2488 1803 2517 Ταῦτα

1013 2533 1057 2569 δὴ,
1071 2534 1162 2568 φησὶν,
1174 2533 1347 2560 ἀκουέτωσαν
1363 2533 1480 2568 μάλιστα
1495 2533 1602 2560 πάντων
1614 2535 1638 2561 ot
1651 2534 1700 2570 τὴν
1715 2536 1801 2572 ἀσεϐῆ

1013 2579 1070 2611 τοῖς
1082 2577 1201 2610 εἰδώλοις
1214 2578 1381 2613 πληροῦντες
1398 2578 1549 2614 ἱερατείαν·
1564 2578 1602 2612 ὡς
1625 2579 1658 2607 ἂν
1678 2581 1803 2608 ἐντεῦθεν

1014 2623 1064 2659 ἤδη
1089 2623 1199 2659 μάθοιεν
1224 2623 1265 2650 ὃτι
1277 2623 1350 2650 ὁπότ’
1372 2623 1406 2651 ἂν
1431 2623 1508 2656 δίκας
1533 2625 1729 2661 είσπράττηται
1753 2628 1802 2662 τῆς

1013 2667 1139 2701 ἀσεϐείας
1158 2669 1203 2695 τὸν
1214 2668 1277 2696 λαὸν
1293 2670 1306 2696 ὁ
1320 2669 1396 2702 Θεὸς,
1413 2670 1460 2697 καὶ
1474 2670 1509 2698 τὰ
1520 2670 1701 2708 θυσιαστήρια
1715 2674 1802 2700 πάντα

1014 2715 1255 2750 κατασκαφήσεται
1268 2715 1393 2747 εἰδώλων,
1411 2715 1490 2751 ἔργον
1500 2716 1547 2744 τοῦ
1562 2717 1678 2753 πολέμου
1694 2718 1802 2753 γινόμε-

1014 2768 1048 2786 να
1059 2768 1066 2775 ·
1082 2759 1113 2786 τὸ
1131 2760 1185 2796 γὰρ
1196 2760 1297 2796 Βαιθὴλ
1311 2761 1364 2788 ἀπὸ
1380 2761 1479 2797 μέρους
1494 2762 1631 2799 ἠϐουλήθη
1650 2765 1684 2791 τά
1705 2764 1801 2791 εἴδωλα

1014 2806 1109 2831 εἰπεῖν’
1118 2805 1148 2831 τὺ
1162 2805 1200 2837 δὲ,
1213 2815 1222 2831 ι
1237 2807 1485 2842 Κατασκαφήσεται
1495 2808 1529 2835 τά
1538 2809 1640 2844 κέρατα
1651 2809 1697 2835 106
1709 2810 1802 2837 θυσια-

1015 2851 1137 2886 στηρίου,
1149 2851 1195 2877 καὶ
1215 2853 1338 2878 πεσεῖται
1355 2853 1401 2878 ἐπὶ
1420 2852 1469 2888 τὴν
1482 2853 1545 2888 γῆν,
1560 2863 1569 2879 ι
1586 2853 1630 2889 ἕνα
1643 2854 1683 2881 ὅτι
1701 2855 1755 2882 πᾶν
1772 2857 1802 2881 τὸ

1016 2897 1128 2932 μέγεθος
1143 2896 1242 2930 αὐτῶν,
1259 2897 1306 2924 καὶ
1328 2898 1402 2925 πᾶσα
1422 2898 1439 2933 ἠ
1459 2898 1620 2934 περιφάνεια
1637 2900 1670 2936 ἢν
1683 2898 1755 2936 εἶχον
1769 2902 1801 2928 ὲκ
