1972 3066
159 89 211 118 267

752 85 929 114 'I‘IIEODORI
945 82 1187 113 MOPSUESTEM

1735 77 1794 106 268»

160 147 194 173 de
207 154 282 174 more
295 145 453 182 signiﬁcans
469 155 474 172 :
490 149 517 172 et
535 145 646 180 quidem
661 143 789 172 alacriter
800 142 948 171 admodum

1009 163 1032 181 ικ
1040 153 1136 181 τούτου
1151 152 1283 183 είωθότως
1293 151 1342 187 τὴν
1354 151 1417 186 περὶ
1430 150 1465 177 τὰ
1479 149 1575 177 εῐδωλα
1585 147 1732 183 θεραπείαν
1746 147 1794 182 δη-

162 193 383 227 prawaricantes,
400 191 535 219 sacriﬁcia
549 191 646 218 sedulo
659 191 799 218 attulistis.
816 190 876 217 Jam
896 200 905 216 ι
920 191 948 217 in

162 238 282 265 triduum
305 247 314 263 ›
331 238 410 270 dicit,
426 237 467 264 vel
488 241 544 264 tres
562 237 622 264 dies
637 237 791 273 intelligens
807 237 843 264 ob
856 241 951 264 osten-

161 285 277 312 dendam
295 283 474 318 frequentiam
488 291 544 318 qua
566 283 701 311 sacriﬁcia
725 283 893 315 oli‘erebaut;
908 281 950 309 vel

162 330 325 364 peculiarem
350 329 468 363 aliquem
493 330 616 361 modum.
639 337 694 364 quo
713 329 850 357 sacriﬁcia
878 328 949 363 apud

163 376 233 402 idola
250 375 424 410 peragebant.
445 375 512 402 llluc
532 380 622 402 autem
640 376 761 402 decimas
778 381 889 408 quoque
912 373 952 400 in-

163 420 274 452 tulistis,
290 425 317 447 et
339 420 423 455 legem
438 419 586 455 quamdam
608 427 658 454 pro
683 419 762 446 libito
780 422 871 446 vestro
887 418 952 452 legi-

161 465 228 499 stis;
255 470 281 493 et
309 465 412 493 fmdera
439 473 522 500 super
547 466 598 493 hae
621 465 693 501 apud
721 465 793 492 idola
823 464 951 491 fecistis:

162 516 243 546 atque
269 515 298 538 ut
325 512 483 538 summatim
510 511 611 543 dicam,
636 511 727 538 omnia
753 510 799 537 illa
824 517 885 544 qua
903 516 952 536 vos

162 555 274 584 decebat
305 557 457 584 secundum
486 556 607 584 divinam
639 556 725 591 iegem
755 555 953 590 Hierosolymis

163 606 294 638 praestare
308 602 372 634 Deo,
387 602 445 629 hazc
458 602 485 629 in
502 602 639 637 praedictis
653 602 720 629 locis
741 609 805 637 erga
821 601 903 633 idola,
919 608 952 627 ex

164 649 368 676 institutionum
382 656 503 676 mearum
519 656 615 675 nOrma
635 647 748 675 fecistis.
765 647 871 680 Quibus
888 654 954 681 pra}—

163 694 238 720 clrne
248 693 406 728 subiungit:
422 701 431 718 ι
449 692 625 724 Annuntiate,
640 692 769 727 quoniam
783 691 840 718 hmc
853 690 955 718 dilexe-

165 743 229 766 runt
248 738 294 766 ﬁlii
310 738 431 769 lsraelis,
444 737 511 765 dicit
527 737 670 765 Dominus.
689 746 698 762 ι
714 736 847 764 Omnibus
863 737 956 771 explo-

165 789 254 812 ratum
277 784 313 812 sit
340 784 456 811 istorum
478 791 542 819 erga
567 783 639 810 idola
663 782 797 814 studium,
823 787 852 809 ut
874 781 955 810 simul

165 833 272 857 constet
284 828 462 864 quamobrem
475 835 571 862 pmnas
583 827 694 855 iuerint.
713 827 783 860 Quid
797 826 881 854 vero?
897 836 905 852 ι
923 824 956 853 Et
973 819 992 845 Β

165 883 217 910 ego
232 875 303 902 dabo
319 874 396 902 vobis
411 878 550 909 stuporem
565 874 687 901 dentium
705 873 732 900 in
749 873 857 900 cunctis
880 873 957 899 urbi-

166 921 217 948 bus
230 920 339 952 vestris,
354 924 381 948 et
397 919 574 955 indigentiam
589 927 689 954 panum
706 919 734 945 in
747 919 875 946 omnibus
889 917 957 946 locis

165 967 282 999 vestris;
298 971 325 994 et
338 973 391 994 non
407 965 581 993 revertemini
597 965 631 992 ad
646 972 700 997 me,
713 965 778 992 dicit
788 963 928 991 Dominus.
944 974 955 990 ι

167 1013 299 1047 Equidem
323 1012 436 1039 multam
458 1011 555 1038 faciam
582 1010 666 1038 vestri
701 1010 906 1041 contritionem,
930 1013 958 1037 et

168 1057 285 1093 plurima
311 1057 530 1084 necessariarum
556 1063 648 1083 rerum
673 1059 794 1090 egestate
814 1060 958 1090 premam;

169 1111 256 1138 neque
270 1107 362 1130 tamen
379 1102 483 1129 idcirco
506 1101 642 1130 emendati
663 1101 696 1128 ad
715 1109 757 1128 me
772 1099 958 1128 deelinabitis.

167 1148 235 1176 Nam
250 1146 372 1176 dentium
386 1151 527 1183 stuporem
542 1147 620 1179 dicit,
637 1155 687 1182 pro
703 1147 783 1182 112
799 1147 874 1182 gravi
890 1153 959 1173 con-

169 1194 298 1228 tritione;
328 1195 400 1221 sicut
435 1194 517 1221 etiam
548 1194 618 1229 apud
653 1193 762 1221 beatmn
795 1192 924 1220 Davidem
949 1201 958 1219 :

171 1249 182 1265 ι
200 1239 273 1268 Deus
296 1243 421 1268 cauterct
449 1239 544 1267 dentes
568 1247 664 1266 eorum
694 1239 721 1265 in
741 1246 789 1266 ore
812 1239 956 1273 ipsorum:

170 1287 257 1315 molas
271 1287 380 1314 leonum
397 1285 532 1321 confregit
547 1285 680 1313 Dominus
696 1285 729 1312 ".
749 1294 758 1310 ι
775 1284 839 1311 Vult
853 1284 958 1312 scilicet

171 1337 305 1360 summam
319 1332 510 1360 contritionem
526 1331 617 1360 dicere
643 1336 670 1359 et
687 1331 766 1365 quasi
780 1330 814 1357 ad
836 1330 958 1358 dentium

170 1381 308 1412 stuporem
324 1376 513 1404 deventuram.

999 200 1053 226 λῶν
1063 208 1071 215 ⁸
1086 199 1133 226 καὶ
1149 199 1217 234 μετὰ
1233 198 1333 232 πολλῆς
1347 197 1397 232 μὲν
1411 196 1534 231 ὴσεὸεῖτε
1551 196 1603 230 τῆς
1617 193 1770 229 προθυμίας
1780 201 1789 208 ⁸

1000 245 1153 280 προσήγετε
1183 243 1212 270 δὲ
1247 243 1348 277 σπουδῇ
1386 242 1433 268 καὶ
1463 241 1514 272 τὰς
1555 240 1667 270 θυσίας’
1693 239 1724 265 τὸ
1747 238 1788 268 δὲ,

1004 300 1012 315 ι
1032 291 1071 321 είς
1094 290 1144 325 τὴν
1158 289 1332 324 τριημερίαν,
1349 297 1358 314 ι
1376 287 1393 322 ἢ
1405 287 1454 314 Διά
1470 287 1552 322 τριῶν
1570 285 1690 322 ἡμερῶν,
1704 284 1793 311 εἰπεῖν

1002 334 1145 370 βούλεται,
1168 334 1208 365 εἰς
1232 332 1348 367 δήλωσιν
1373 331 1421 358 τοῦ
1450 330 1568 366 συνεχῶς
1584 330 1634 364 τὴν
1647 336 1790 364 προσαγω-

1001 380 1053 416 γὴν
1082 380 1136 407 τῶν
1162 379 1262 405 θυσιῶν
1276 377 1422 410 ποιεῖσθαι,
1444 377 1461 412 ἢ
1479 375 1580 412 τρόπον
1598 375 1658 401 τινὰ
1676 374 1737 400 καθ’
1761 374 1794 400 ὃν

1000 426 1050 457 τὰς
1069 425 1164 455 θυσίας
1181 424 1327 450 ἐπετέλουν
1337 423 1397 449 τότε
1419 423 1476 453 τοϊς
1499 421 1628 452 εἰδώλοις.
1649 419 1746 446 sordet
1761 419 1791 444 δὲ

1002 472 1049 498 καὶ
1061 471 1110 502 τὰς
1124 469 1240 502 δεκάτας
1262 468 1456 504 προσεφέρετε,
1482 468 1529 494 καὶ
1555 467 1636 501 νόμον
1658 465 1718 491 τινὰ
1745 465 1791 490 ἀν-

1002 516 1164 551 εγινώσκετε
1173 515 1218 541 τὸν
1230 515 1295 550 ὑμῖν
1304 512 1445 540 δοκοῦντα·
1454 512 1505 543 τὰς
1517 511 1652 545 συνθήκας
1663 509 1706 536 ἐπ’
1718 508 1794 543 αὐτῷ

1003 562 1071 598 πρὸς
1094 561 1128 588 τὰ
1153 560 1251 587 εἴδωλα
1275 559 1446 594 ποιούμενοι·
1469 558 1516 585 καὶ
1545 556 1683 590 συντόμως
1706 555 1794 581 εἰπεῖν

1004 608 1112 634 ἅπαντα
1126 606 1159 642 δὴ
1176 606 1194 633 ἃ
1210 605 1351 640 προσῆκον
1361 602 1395 640 ἦν
1408 604 1481 639 ὑμᾶς
1503 603 1574 630 κατά
1585 601 1631 629 τὸν
1653 600 1733 635 νόμον
1747 600 1794 627 τὸν

1004 653 1075 680 θεῖον
1101 653 1147 679 ἐπὶ
1171 652 1222 687 τῆς
1258 650 1434 686 Ἰερουσαλὴμ
1458 648 1634 684 ἀποπληροῦν
1659 646 1699 682 τῷ
1722 646 1792 681 Θεῷ,

1003 697 1090 724 ταῦτα
1105 698 1133 723 ἐν
1146 698 1201 728 τοῖς
1212 696 1391 732 προρρηθεῖσι
1403 695 1496 726 τόποις
1506 693 1554 720 καὶ¹
1570 693 1634 728 περὶ
1647 693 1682 719 τὰ
1697 690 1794 718 εἴδωλα

1006 743 1077 770 κατὰ
1101 742 1216 778 μίμησιν
1239 742 1293 768 τῶν
1318 741 1380 776 ἐμοὶ
1401 739 1617 775 διατεταγμένων
1639 737 1795 769 ποιοῦντες·

1007 786 1048 821 οἷς
1064 789 1154 820 καλῶς
1174 788 1287 822 ὲπάγεν
1307 797 1316 814 ι
1347 786 1542 821 Ἀπαγγείλατε
1561 785 1604 812 ὅτι
1623 784 1710 811 ταῦτα
1727 783 1796 818 ἠγάα

1006 843 1097 870 πησαν
1115 836 1140 860 ol
1164 834 1217 860 υἱοὶ
1236 833 1354 869 Ἰσραὴλ,
1377 832 1450 866 λέγει
1472 831 1574 868 Κύριος
1587 831 1602 858 ὁ
1618 830 1693 861 Θεός.
1714 839 1722 856 ι
1745 830 1796 856 Γε-

1006 880 1093 907 νέσθω
1108 879 1140 914 δὴ
1162 880 1228 905 πᾶσι
1243 877 1402 913 καταφανὴς
1418 877 1514 911 αὐτῶν,
1525 878 1543 911 ἡ
1560 874 1625 911 περὶ¹
1636 875 1671 901 τὰ
1684 873 1797 901 τοιαῦτα

1007 925 1121 961 σπουδὴ.
1132 925 1169 957 ὡς
1181 926 1215 951 ἂν
1231 925 1278 952 καὶ
1289 924 1360 960 ὑπὲρ
1377 925 1437 951 ὅτου
1454 923 1554 950 διδόασι
1573 922 1660 953 δίκας,
1679 921 1717 956 (p.
1734 920 1798 954 169)

1007 972 1111 1006 γένοιτο
1135 971 1226 1005 δῆλον.
1242 970 1274 997 Τί
1291 970 1362 1005 γάρ;
1383 978 1392 996 ι
1412 969 1467 996 Καὶ
1482 968 1537 1003 ἐγὼ
1551 967 1629 994 δώσω
1646 967 1710 1002 ὑμῖν
1728 975 1799 1002 γομ-

1008 1016 1126 1052 φιασμὸν
1145 1016 1258 1043 ὀδόντων
1275 1016 1304 1042 ἐν
1320 1016 1421 1046 πάσαις
1438 1015 1499 1045 ταῖς
1514 1013 1624 1040 πόλεσιν
1641 1012 1728 1048 ὑμῶν,
1748 1012 1798 1039 καὶ

1008 1063 1110 1089 ἔνδειαν
1127 1062 1216 1097 ἄρτων
1238 1063 1268 1088 ἐν
1288 1062 1356 1088 πᾶσι
1377 1062 1433 1092 τοῖς
1458 1060 1551 1091 τόποις
1572 1058 1659 1093 ὑμῶν,
1683 1059 1732 1085 καὶ
1748 1058 1800 1084 οὐκ

1009 1107 1190 1143 ἐπιστρέφετε
1205 1107 1273 1142 πρός
1294 1115 1340 1142 με,
1353 1106 1426 1140 λέγει
1442 1105 1554 1141 Κύριος.
1577 1114 1587 1130 ι
1608 1105 1663 1131 Καὶ
1683 1104 1738 1139 γὰρ
1752 1104 1799 1130 καὶ

1009 1151 1155 1189 συντριϐἡν
1178 1151 1254 1187 ὑμῶν
1276 1151 1427 1187 ἐργάσομαι
1451 1151 1589 1186 πλείστην,
1614 1149 1661 1176 καὶ
1685 1150 1720 1184 τῇ
1745 1149 1801 1175 τῶν

1009 1198 1164 1233 ἀναγκαίων
1187 1197 1277 1233 ἐνδείᾳ
1301 1196 1458 1232 περιϐαλῶ·
1483 1196 1529 1223 καὶ
1558 1195 1617 1222 οὐδὲ.
1643 1195 1690 1221 ἐπὶ
1712 1194 1801 1229 τούτῳ

1011 1242 1240 1279 σωφρονισθέντες
1263 1241 1370 1269 νεύσετε
1393 1242 1460 1276 πρός
1481 1249 1530 1276 με·
1547 1239 1720 1276 γομφιασμδν
1745 1239 1802 1274 γὰρ

1010 1289 1124 1315 ὀδόντων
1138 1288 1187 1323 τὴν
1203 1288 1272 1322 ἄγαν
1287 1287 1432 1323 ωντριὸὴν
1448 1286 1533 1321 λέγει⁴
1552 1286 1590 1318 ὠς
1603 1286 1650 1313 καὶ
1673 1284 1747 1321 παρά
1761 1283 1803 1319 τῷ

1014 1335 1141 1370 μακαρίῳ
1151 1333 1231 1361 Δαυῒδ
1242 1334 1283 1366 τὸ,
1298 1343 1308 1359 r
1327 1333 1356 1360 '0
1366 1333 1431 1364 Θεὸς
1441 1334 1504 1364 τοὺς
1517 1333 1625 1364 ὀδόντας
1640 1331 1729 1359 αὐτῶν
1743 1332 1802 1357 συν-

1012 1380 1103 1415 τρίψει
1118 1381 1147 1406 ὲν
1163 1379 1202 1415 τῷ
1220 1378 1333 1414 στόματι
1349 1378 1451 1410 αὐτῶν,
1466 1378 1515 1410 τὰς
1540 1377 1631 1413 μώλας
1654 1376 1708 1404 τῶν
1728 1376 1803 1402 λεόν-

170 1436 226 1457 των
240 1428 403 1456 συνέθλασεν
419 1428 434 1454 ὁ
448 1427 550 1463 Κύριος
559 1434 566 1442 ·
584 1436 593 1453 ›
609 1426 762 1462 βουλομένῳ
775 1426 823 1461 τὴν
834 1425 1056 1462 ὑπερϐάλλουσαν
1068 1427 1157 1453 εἰπεῖν
1171 1425 1327 1462 συντριϐὴν,
1340 1425 1378 1456 ὡς
1393 1424 1457 1460 ἄχρι
1467 1424 1524 1451 τῶν
1537 1424 1651 1451 ὀδόντων
1668 1423 1805 1458 ἐσομένην

171 1472 219 1503 καὶ
231 1475 286 1502 τῶν
299 1474 434 1510 γομφίων.

208 1519 292 1546 Vsus.
308 1518 386 1546 7-l0.
401 1533 437 1538 —
453 1527 463 1543 ι
483 1517 517 1544 Ει
537 1525 588 1552 ego
615 1516 742 1552 prohibui
769 1524 784 1543 a
811 1516 888 1543 vobis
908 1517 958 1543 im-

1047 1518 1120 1553 Στῖχ-
1146 1518 1221 1550 ξ’--ι’.
1240 1533 1276 1538 —
1292 1527 1301 1544 ι
1321 1518 1376 1545 Καὶ
1393 1516 1447 1552 ἐγὼ
1475 1515 1588 1551 ἀνέσχον
1613 1514 1642 1547 ἐξ
1662 1514 1738 1549 ὑμῶν
1755 1514 1805 1540 τὸν

172 1565 259 1596 brem.
275 1571 338 1591 cum
351 1563 441 1590 adhuc
457 1567 514 1589 tres
530 1569 638 1589 menses
654 1566 829 1596 superessent
845 1562 877 1587 ad
893 1568 962 1588 mes

172 1618 240 1638 sem.
259 1609 292 1636 Et
316 1609 407 1644 pluam
431 1616 513 1643 super
540 1615 622 1634 unam
650 1607 801 1637 civitatem,
825 1610 852 1634 et
879 1614 962 1641 super

172 1657 286 1682 alteram
304 1655 440 1683 civitatem
453 1662 506 1681 non
516 1654 606 1689 pluam
615 1662 622 1680 :
630 1660 752 1688 parsuna
764 1653 901 1687 compluta
908 1657 960 1683 est,

173 1704 200 1728 et
210 1707 284 1735 pars,
299 1706 381 1734 super
398 1705 480 1733 quam
496 1705 550 1724 non
570 1696 638 1732 plui,
653 1697 736 1723 aruit.
753 1695 786 1722 Et
800 1696 964 1724 convenient

173 1745 234 1778 dum
242 1745 368 1772 civitates
379 1744 406 1771 in
424 1743 562 1770 civitatem
573 1749 654 1769 unam
670 1745 700 1769 ut
710 1741 804 1769 bibant
815 1749 923 1775 aquam,
936 1746 963 1769 et

174 1799 229 1818 non
241 1790 425 1818 satiabuntur.
450 1788 482 1815 Et
503 1796 552 1816 vos
567 1788 601 1815 ad
622 1795 665 1815 me
686 1795 740 1815 non
763 1787 831 1815 estis
846 1787 962 1819 reversi,

175 1836 240 1864 dicit
253 1835 396 1863 Dominus.
425 1842 435 1860 ι
460 1832 590 1861 Subtraxi
612 1837 703 1860 autem
728 1833 806 1860 vobis
835 1833 962 1865 imbrem,

174 1882 352 1918 quamobrem
379 1881 406 1908 in
433 1880 578 1907 maximam
614 1877 785 1906 sterilitatem
810 1877 962 1912 incidistis;

175 1935 238 1955 nam
266 1927 378 1958 locutio.
405 1926 494 1953 tribus
519 1929 584 1952 ante
600 1933 717 1952 messeni
735 1924 886 1952 mensibus.
911 1924 963 1951 hoe

175 1973 311 2007 signiﬁcat
333 1982 340 1999 :
367 1972 466 1999 etenim
496 1979 530 1999 eo
555 1974 613 1998 toto
641 1970 783 1998 intervallo
806 1971 964 1998 continuata

177 2019 299 2050 siccitas,
317 2018 500 2045 universalem
523 2016 630 2052 frugum
652 2016 717 2043 facit
735 2017 965 2051 perniciem,qu:e

176 2072 265 2099 neque
296 2064 331 2091 ali
360 2071 449 2098 neque
472 2062 651 2097 pinguescere
679 2067 783 2096 queunt
808 2071 815 2089 :
837 2061 964 2096 prohibet

176 2110 305 2145 denique,
322 2109 470 2144 quominus
486 2108 582 2136 idonea
602 2108 736 2135 armentis
752 2115 851 2142 pascua
866 2116 965 2142 suppe~

1012 1563 1088 1589 ὑετὸν
1107 1563 1160 1598 πρὸ
1172 1562 1254 1597 τριῶν
1271 1563 1364 1598 μηνῶν
1378 1562 1424 1589 τοῦ
1437 1561 1567 1597 θερισμοῦ
1576 1568 1582 1576 ·
1597 1560 1643 1587 καὶ
1657 1559 1743 1595 βρέξω
1755 1559 1803 1586 ἐπὶ

1012 1609 1089 1636 πόλιν
1104 1609 1178 1644 μίαν,
1198 1609 1244 1635 ἐπὶ
1257 1608 1285 1635 δὲ
1306 1609 1383 1635 πόλιν
1404 1607 1468 1642 μίαν
1484 1608 1515 1634 οὑ
1533 1606 1634 1642 βρέξω·
1651 1606 1729 1641 μερὶς
1754 1605 1802 1640 μία

1013 1654 1178 1690 βραχήσεται
1187 1675 1194 1685 ,
1203 1653 1250 1680 καὶ
1259 1663 1290 1689 με
1296 1653 1337 1689 ρὶς
1351 1653 1393 1687 ἐφ’
1402 1653 1434 1688 ἣν
1443 1653 1473 1679 οὐ
1483 1652 1581 1688 βρέξω.
1591 1650 1802 1686 ξηρανθήσεται·

1012 1700 1060 1727 καὶ
1082 1699 1356 1734 συναθροισθήσονται
1372 1698 1429 1734 (ἳῖ)
1446 1698 1492 1725 δύο
1505 1699 1552 1725 καὶ
1570 1698 1644 1733 τρεῖς
1658 1696 1749 1727 πόλεις
1763 1697 1804 1727 είς

1013 1746 1090 1773 πόλιν
1106 1746 1170 1781 μίαν
1185 1745 1232 1771 τοῦ
1250 1746 1322 1772 πιεῖν
1342 1744 1424 1780 ὕδωρ.
1441 1744 1489 1771 καὶ
1504 1744 1535 1770 οὑ
1556 1744 1593 1779 μὴ
1609 1742 1802 1779 ὲμπλησθῶσι·

1013 1793 1060 1819 καὶ
1072 1791 1121 1818 οὐκ
1132 1791 1322 1826 ἐπεστράφητε
1334 1791 1402 1826 πρός
1417 1799 1461 1825 με.
1475 1790 1549 1824 λέγει
1564 1789 1675 1825 Κύριος.
1689 1798 1698 1814 ι
1716 1789 1805 1822 Ἀιρεῖ-

1013 1837 1058 1864 λον
1074 1837 1102 1864 δὲ
1118 1836 1194 1872 ὑμῶν
1211 1837 1258 1863 καὶ
1283 1837 1330 1863 τὸν
1351 1836 1439 1868 ὑετὸν,
1452 1836 1521 1862 ὥστε
1543 1834 1668 1870 ἀκαρπίᾳ
1691 1842 1805 1869 περιπε-

1014 1884 1070 1909 σεῖν
1088 1883 1204 1918 μεγίστῃ
1214 1891 1220 1898 ·
1236 1882 1266 1908 τὸ
1282 1881 1347 1917 γὰρ.
1363 1891 1372 1907 ι
1386 1881 1438 1917 πρὸ
1453 1881 1538 1916 τριῶν
1553 1880 1645 1916 μηνῶν
1658 1879 1705 1907 τοῦ
1724 1879 1800 1915 θερι-

1015 1928 1094 1964 σμοῦ,
1111 1938 1120 1954 ι
1137 1928 1216 1955 τοῦτο
1239 1927 1330 1962 λέγει·
1349 1928 1442 1962 ἐπειδὴ
1457 1928 1473 1962 ἡ
1488 1929 1520 1954 ἐκ
1535 1927 1596 1954 τότε
1618 1927 1682 1962 ἄχρι
1711 1925 1805 1956 τέλους

1013 1973 1143 2009 γινομένη
1164 1973 1289 2008 ἀῦροχία,
1311 1973 1428 2005 παντελῆ
1452 1973 1502 2008 μὲν
1517 1972 1573 1999 τῶν
1590 1972 1706 2007 καρπῶν
1722 1972 1805 2006 ἐργά-

1014 2017 1090 2050 ζεται
1103 2018 1149 2044 τὸν
1159 2017 1322 2052 ἀφανισμὸν,
1335 2018 1398 2044 οὒτε
1414 2017 1604 2052 ἐκτρέφεσθαι,
1619 2017 1655 2051 (p.
1670 2016 1733 2050 170)
1742 2016 1804 2043 οὔτε

1015 2063 1170 2090 πιαίνεσθαι
1182 2063 1244 2089 οἴων
1257 2071 1286 2089 τε
1306 2063 1390 2089 όντων
1399 2072 1405 2078 ·
1421 2062 1520 2089 κωλύει
1533 2062 1562 2088 δὲ
1580 2063 1627 2089 καὶ⁸
1644 2063 1694 2098 τὴν
1707 2063 1804 2097 ἐπιτη-

1014 2109 1087 2136 δείαν
1101 2110 1157 2140 τοῖς
1171 2109 1280 2144 κτήνεσι
1298 2108 1383 2144 νομὴν
1396 2108 1564 2135 ἀναδίδοσθαι
1579 2108 1610 2134 ὲκ
1626 2108 1675 2143 τῆς
1689 2108 1740 2143 γῆς
1749 2117 1756 2123 ·
1770 2108 1804 2134 τὰ

177 2160 246 2183 tant.
263 2155 376 2190 lli-liqua
391 2159 482 2183 autem
507 2161 557 2189 pro
582 2161 659 2181 more
682 2154 857 2188 contingente
873 2154 939 2181 dicit
955 2163 958 2181 ε

1015 2155 1043 2181 δὲ
1054 2154 1117 2189 ἑξῆς
1137 2154 1190 2182 ἀπὸ
1202 2154 1250 2180 τοῦ
1265 2154 1390 2186 εἰωθότος
1405 2154 1493 2188 λέγει·
1509 2154 1602 2189 ἐπειδὴ
1618 2155 1647 2180 ὲν
1661 2156 1719 2185 ταῖς
1735 2155 1806 2188 ἄγαν

177 2203 242 2237 quia
257 2202 284 2229 in
302 2201 394 2228 nimiis
411 2200 591 2232 siccitatibus,
604 2199 676 2227 aeris
687 2208 796 2235 quoque
813 2208 884 2235 saepe
900 2208 964 2227 con-

178 2247 259 2282 tingit
274 2246 392 2280 aliquem
415 2245 474 2272 ﬁeri
498 2245 647 2276 turbinem,
662 2249 689 2273 et
702 2246 828 2280 exiguam
844 2246 963 2280 pluviam

1016 2200 1157 2236 ἀϐροχίαις
1172 2199 1316 2235 συμϐαίνει
1329 2200 1390 2226 τινὰ
1409 2199 1537 2231 πολλάκις
1551 2199 1673 2233 γίνεσθαι
1693 2209 1806 2236 συστρο-

1017 2246 1070 2281 φὴν
1090 2246 1191 2281 μικρὰν
1212 2246 1259 2272 τοῦ
1275 2246 1370 2282 ἀέρος’
1384 2247 1431 2273 καί
1448 2255 1508 2273 τινα
1527 2246 1604 2273 ὑετὸν
1627 2247 1721 2282 εὐτελῆ
1736 2248 1806 2274 κατά

179 2292 283 2326 sparsis
297 2290 422 2318 decidere
445 2289 523 2324 locis,
543 2290 622 2324 cujus
648 2295 737 2317 tamen
756 2291 830 2317 nulla
848 2295 889 2318 est
900 2298 958 2326 erga

1017 2299 1093 2322 τινας
1105 2290 1285 2326 διῃρημένους
1296 2291 1436 2325 γίγνεσθαι
1457 2292 1556 2323 τόπους
1567 2301 1573 2307 ·
1592 2289 1629 2319 ὧν
1645 2293 1720 2318 οὐδὲν
1740 2293 1804 2326 ὄφε-

179 2337 287 2371 l'rugum
310 2336 509 2364 incrementum
540 2335 655 2363 utilitas.
687 2335 746 2363 Non
768 2336 965 2370 dabitur‘ergo

179 2383 257 2411 vobis
276 2383 338 2410 usui
364 2381 503 2409 suiﬁcieus
525 2382 677 2417 pluviarum
699 2382 789 2417 copia,
806 2382 854 2409 sed
868 2382 911 2409 vix
930 2386 966 2409 te-

179 2428 242 2455 nuis
256 2428 387 2463 particula
403 2428 464 2458 erit,
491 2431 520 2454 ut
540 2427 610 2455 alius
635 2427 743 2462 quidem
767 2427 845 2454 locus
869 2428 966 2454 hume-

179 2473 248 2499 ctari
259 2472 394 2503 videatur.
406 2472 477 2499 alius
489 2472 603 2499 omnino
616 2472 652 2499 sit
664 2472 757 2499 aridus
769 2493 776 2504 ,
795 2471 862 2498 nihil
876 2471 968 2507 fruges

177 2517 291 2551 juvante
313 2516 364 2542 hac
380 2517 478 2551 exigua
501 2517 713 2544 miuistratioue.
741 2515 885 2544 Evidenter
904 2524 969 2544 vero

182 2561 316 2590 defectum
333 2561 461 2588 imbrium
472 2561 605 2597 depinxit,
617 2562 681 2589 dum
694 2562 731 2589 ait
746 2562 870 2589 civitates
884 2562 965 2589 simul

181 2607 249 2636 dias
276 2606 319 2634 vel
344 2609 401 2633 tres
422 2608 562 2635 turmatim
589 2608 712 2635 abituras
737 2608 765 2634 in
798 2608 898 2640 lumini,
921 2603 966 2634 ubi

215 2695 239 2710 “
255 2693 403 2724 Psal.Lvn.
419 2693 445 2720 7.

216 2781 273 2818 (τῇ)
288 2778 356 2805 Cod.
375 2780 641 2816 συναθροισθήσεται.

1018 2336 1062 2368 λος
1079 2336 1145 2371 πρὸς
1161 2337 1210 2371 τὴν
1223 2336 1351 2363 σύστασιν
1369 2337 1427 2363 ἐστι
1439 2337 1493 2365 τῶν
1509 2338 1639 2373 καρπῶν·
1654 2338 1683 2364 οὐ
1697 2337 1807 2372 δοθήσε-

1014 2390 1058 2408 ται
1072 2381 1161 2408 τοίνυν
1175 2383 1239 2417 ὑμῖν
1261 2382 1402 2417 αὐτάρκης
1422 2383 1491 2418 πρὸς
1510 2383 1561 2418 τὴν
1580 2383 1673 2418 χρείαν
1687 2383 1741 2409 τῶν
1762 2383 1807 2409 ὐε-

1014 2428 1068 2454 τῶν
1078 2429 1094 2460 ἡ
1110 2427 1235 2463 χορηγίαἲ
1247 2427 1315 2455 ἀλλὰ
1330 2428 1415 2463 βραχύ
1427 2437 1453 2455 τι
1469 2429 1538 2455 κατὰ
1553 2428 1635 2464 μέρος
1651 2428 1806 2463 γενήσεται⁸

1016 2473 1052 2504 ὡς
1068 2473 1117 2507 τὴν
1137 2473 1187 2508 μὲν
1205 2473 1292 2499 δοκεῖν
1315 2473 1469 2508 βεὸρέχθαι,
1482 2473 1530 2508 τὴν
1544 2474 1571 2499 δὲ
1590 2473 1715 2506 καθάπαξ
1737 2471 1807 2500 εἶναι

1017 2518 1102 2553 ξηράν
1113 2526 1119 2533 ⁸
1135 2519 1190 2547 τοῖς
1206 2519 1320 2553 καρποῖς
1336 2519 1364 2545 δὲ
1381 2518 1476 2553 ὄφελος
1491 2520 1523 2545 ὲκ
1530 2518 1580 2552 τῆς
1598 2518 1724 2554 ϐραχείας
1740 2528 1807 2545 κατ-

1020 2562 1131 2597 αγωγῆς
1155 2563 1347 2597 προσγίνεσθαι
1367 2565 1450 2600 μηδὲν
1462 2574 1468 2580 ·
1485 2565 1601 2600 μάλιστα
1620 2565 1647 2591 δὲ
1661 2565 1745 2598 ἔδειξε
1759 2566 1808 2599 τὴν

1020 2607 1150 2642 ἀῦροχίαν
1166 2608 1206 2643 τῷ
1221 2609 1319 2642 είπεῖν,
1339 2610 1378 2636 ὅτι
1395 2611 1442 2637 καὶ
1464 2611 1555 2643 πόλεις
1573 2611 1618 2638 ἐπὶ
1631 2611 1660 2637 τὸ
1677 2612 1743 2638 αὐτὸ
1761 2611 1810 2638 δύο
