  <div class='ocr_page' id='page_1' title='image "/cluster/home/n/w/nwhite01/storage/ocr_20150623/66/njp.32101077772695/150.png"; bbox 0 0 1972 3066; ppageno 0'>
   <div class='ocr_carea' id='block_1_1' title="bbox 141 134 195 163">
    <p class='ocr_par' dir='ltr' id='par_1_1' title="bbox 141 134 195 163">
     <span class='ocr_line' id='line_1_1' title="bbox 141 134 195 163; baseline 0.019 -1"><span class='ocrx_word' id='word_1_1' title='bbox 141 134 195 163; x_wconf 68' lang='lat'><strong>{‘61</strong></span> 
     </span>
    </p>
   </div>
   <div class='ocr_carea' id='block_1_2' title="bbox 647 123 1271 159">
    <p class='ocr_par' dir='ltr' id='par_1_2' title="bbox 647 123 1271 159">
     <span class='ocr_line' id='line_1_2' title="bbox 647 123 1271 159; baseline -0.011 -1"><span class='ocrx_word' id='word_1_2' title='bbox 647 127 931 159; x_wconf 59' lang='grc' dir='ltr'>(τοιιλιΕΝτΑιιιιδ</span> <span class='ocrx_word' id='word_1_3' title='bbox 953 127 987 155; x_wconf 69' lang='lat' dir='ltr'><strong>IN</strong></span> <span class='ocrx_word' id='word_1_4' title='bbox 1008 125 1112 155; x_wconf 73' lang='grc' dir='ltr'>Διωει</span> <span class='ocrx_word' id='word_1_5' title='bbox 1129 124 1205 153; x_wconf 75' lang='lat' dir='ltr'><strong>CAP.</strong></span> <span class='ocrx_word' id='word_1_6' title='bbox 1227 123 1271 151; x_wconf 80' lang='grc' dir='ltr'><strong>ιν.</strong></span> 
     </span>
    </p>
   </div>
   <div class='ocr_carea' id='block_1_3' title="bbox 1706 122 1758 149">
    <p class='ocr_par' dir='ltr' id='par_1_3' title="bbox 1706 122 1758 149">
     <span class='ocr_line' id='line_1_3' title="bbox 1706 122 1758 149; baseline 0 0"><span class='ocrx_word' id='word_1_7' title='bbox 1706 122 1758 149; x_wconf 71' lang='lat'><strong>270</strong></span> 
     </span>
    </p>
   </div>
   <div class='ocr_carea' id='block_1_4' title="bbox 142 180 941 225">
    <p class='ocr_par' dir='ltr' id='par_1_4' title="bbox 142 185 926 225">
     <span class='ocr_line' id='line_1_4' title="bbox 142 185 926 225; baseline -0.008 -8"><span class='ocrx_word' id='word_1_8' title='bbox 142 200 171 217; x_wconf 78' lang='grc' dir='ltr'>τε</span> <span class='ocrx_word' id='word_1_9' title='bbox 194 191 239 216; x_wconf 61' lang='grc' dir='ltr'>καὶ</span> <span class='ocrx_word' id='word_1_10' title='bbox 255 190 330 225; x_wconf 75' lang='grc' dir='ltr'>τρεῖς</span> <span class='ocrx_word' id='word_1_11' title='bbox 355 188 480 219; x_wconf 66' lang='grc' dir='ltr'>πολλάκις</span> <span class='ocrx_word' id='word_1_12' title='bbox 504 187 647 221; x_wconf 72' lang='grc' dir='ltr'><strong>γενόμεναι</strong></span> <span class='ocrx_word' id='word_1_13' title='bbox 668 186 862 213; x_wconf 75' lang='grc' dir='ltr'><strong>ἀπελεύσονται</strong></span> <span class='ocrx_word' id='word_1_14' title='bbox 887 185 926 216; x_wconf 88' lang='grc' dir='ltr'><strong>είς</strong></span> 
     </span>
    </p>
   </div>
   <div class='ocr_carea' id='block_1_5' title="bbox 992 180 1760 225">
    <p class='ocr_par' dir='ltr' id='par_1_5' title="bbox 995 180 1760 218">
     <span class='ocr_line' id='line_1_5' title="bbox 995 180 1760 218; baseline -0.007 -8"><span class='ocrx_word' id='word_1_15' title='bbox 995 191 1076 218; x_wconf 89' lang='lat' dir='ltr'><strong>quam</strong></span> <span class='ocrx_word' id='word_1_16' title='bbox 1105 181 1218 209; x_wconf 86' lang='lat' dir='ltr'><strong>inveniri</strong></span> <span class='ocrx_word' id='word_1_17' title='bbox 1241 180 1403 213; x_wconf 89' lang='lat' dir='ltr'><strong>didicerint;</strong></span> <span class='ocrx_word' id='word_1_18' title='bbox 1434 187 1523 215; x_wconf 85' lang='lat' dir='ltr'><strong>neque</strong></span> <span class='ocrx_word' id='word_1_19' title='bbox 1549 183 1679 214; x_wconf 86' lang='lat' dir='ltr'><strong>quantum</strong></span> <span class='ocrx_word' id='word_1_20' title='bbox 1707 180 1760 206; x_wconf 92' lang='lat' dir='ltr'><strong>sibi</strong></span> 
     </span>
    </p>
   </div>
   <div class='ocr_carea' id='block_1_6' title="bbox 143 231 928 270">
    <p class='ocr_par' dir='ltr' id='par_1_6' title="bbox 143 231 928 270">
     <span class='ocr_line' id='line_1_6' title="bbox 143 231 928 270; baseline -0.008 -7"><span class='ocrx_word' id='word_1_21' title='bbox 143 238 223 264; x_wconf 75' lang='grc' dir='ltr'>τιὶπσν</span> <span class='ocrx_word' id='word_1_22' title='bbox 235 237 264 262; x_wconf 76' lang='grc' dir='ltr'>ὲν</span> <span class='ocrx_word' id='word_1_23' title='bbox 275 233 353 270; x_wconf 73' lang='grc' dir='ltr'>ᾧπερ</span> <span class='ocrx_word' id='word_1_24' title='bbox 362 235 473 270; x_wconf 79' lang='grc' dir='ltr'>,μάθωσι</span> <span class='ocrx_word' id='word_1_25' title='bbox 485 232 658 269; x_wconf 75' lang='grc' dir='ltr'>εὑρίσκεσθαί</span> <span class='ocrx_word' id='word_1_26' title='bbox 671 241 729 264; x_wconf 82' lang='grc' dir='ltr'><strong>πως</strong></span> <span class='ocrx_word' id='word_1_27' title='bbox 743 231 825 267; x_wconf 77' lang='grc' dir='ltr'>ὕδωρ,</span> <span class='ocrx_word' id='word_1_28' title='bbox 837 231 868 258; x_wconf 82' lang='grc' dir='ltr'>οὑ</span> <span class='ocrx_word' id='word_1_29' title='bbox 878 231 928 266; x_wconf 80' lang='grc' dir='ltr'>τὴν</span> 
     </span>
    </p>
   </div>
   <div class='ocr_carea' id='block_1_7' title="bbox 145 275 928 317">
    <p class='ocr_par' dir='ltr' id='par_1_7' title="bbox 145 275 928 317">
     <span class='ocr_line' id='line_1_7' title="bbox 145 275 928 317; baseline -0.006 -10"><span class='ocrx_word' id='word_1_30' title='bbox 145 282 236 317; x_wconf 81' lang='grc' dir='ltr'>χρείαν</span> <span class='ocrx_word' id='word_1_31' title='bbox 252 280 362 307; x_wconf 73' lang='grc' dir='ltr'>ἃπασαν</span> <span class='ocrx_word' id='word_1_32' title='bbox 385 279 439 305; x_wconf 70' lang='grc' dir='ltr'><strong>οὐδ’</strong></span> <span class='ocrx_word' id='word_1_33' title='bbox 455 277 526 304; x_wconf 75' lang='grc' dir='ltr'>οὕτω</span> <span class='ocrx_word' id='word_1_34' title='bbox 546 276 730 312; x_wconf 78' lang='grc' dir='ltr'><strong>κομιζόμενοι,</strong></span> <span class='ocrx_word' id='word_1_35' title='bbox 753 275 882 311; x_wconf 74' lang='grc' dir='ltr'><strong>βραχείας</strong></span> <span class='ocrx_word' id='word_1_36' title='bbox 899 275 928 302; x_wconf 78' lang='grc' dir='ltr'>δέ</span> 
     </span>
    </p>
   </div>
   <div class='ocr_carea' id='block_1_8' title="bbox 145 319 930 361">
    <p class='ocr_par' dir='ltr' id='par_1_8' title="bbox 145 319 930 361">
     <span class='ocr_line' id='line_1_8' title="bbox 145 319 930 361; baseline -0.009 -8"><span class='ocrx_word' id='word_1_37' title='bbox 145 335 216 358; x_wconf 78' lang='grc' dir='ltr'>τινος</span> <span class='ocrx_word' id='word_1_38' title='bbox 230 325 408 361; x_wconf 74' lang='grc' dir='ltr'><strong>ψυχαγωγίας</strong></span> <span class='ocrx_word' id='word_1_39' title='bbox 434 322 613 353; x_wconf 78' lang='grc' dir='ltr'><strong>ἀπολαύοντες</strong></span> <span class='ocrx_word' id='word_1_40' title='bbox 636 321 749 348; x_wconf 75' lang='grc' dir='ltr'>ἐκεῖθεν.</span> <span class='ocrx_word' id='word_1_41' title='bbox 777 319 845 347; x_wconf 86' lang='grc' dir='ltr'>Ἀλλ’</span> <span class='ocrx_word' id='word_1_42' title='bbox 869 319 930 347; x_wconf 71' lang='grc' dir='ltr'><strong>οὐδὲ</strong></span> 
     </span>
    </p>
   </div>
   <div class='ocr_carea' id='block_1_9' title="bbox 145 366 930 404">
    <p class='ocr_par' dir='ltr' id='par_1_9' title="bbox 145 366 930 404">
     <span class='ocr_line' id='line_1_9' title="bbox 145 366 930 404; baseline -0.008 -5"><span class='ocrx_word' id='word_1_43' title='bbox 145 374 177 398; x_wconf 80' lang='grc' dir='ltr'>ἐκ</span> <span class='ocrx_word' id='word_1_44' title='bbox 197 371 300 399; x_wconf 80' lang='grc' dir='ltr'>τούτων</span> <span class='ocrx_word' id='word_1_45' title='bbox 322 369 416 397; x_wconf 73' lang='grc' dir='ltr'>ἔσεσθε</span> <span class='ocrx_word' id='word_1_46' title='bbox 431 369 544 399; x_wconf 71' lang='grc' dir='ltr'>ἑαυτῶν.</span> <span class='ocrx_word' id='word_1_47' title='bbox 568 367 645 404; x_wconf 75' lang='grc' dir='ltr'>φησὶ,</span> <span class='ocrx_word' id='word_1_48' title='bbox 670 367 799 403; x_wconf 78' lang='grc' dir='ltr'>βελτίους.</span> <span class='ocrx_word' id='word_1_49' title='bbox 817 376 827 394; x_wconf 80' lang='grc' dir='ltr'><strong>ι</strong></span> <span class='ocrx_word' id='word_1_50' title='bbox 848 366 930 393; x_wconf 81' lang='grc' dir='ltr'><strong>Ἐπά-</strong></span> 
     </span>
    </p>
   </div>
   <div class='ocr_carea' id='block_1_10' title="bbox 145 411 931 451">
    <p class='ocr_par' dir='ltr' id='par_1_10' title="bbox 145 411 931 451">
     <span class='ocr_line' id='line_1_10' title="bbox 145 411 931 451; baseline -0.008 -7"><span class='ocrx_word' id='word_1_51' title='bbox 145 418 212 450; x_wconf 77' lang='grc' dir='ltr'>ταξα</span> <span class='ocrx_word' id='word_1_52' title='bbox 233 417 305 451; x_wconf 80' lang='grc' dir='ltr'>ὑμᾶς</span> <span class='ocrx_word' id='word_1_53' title='bbox 322 416 351 442; x_wconf 75' lang='grc' dir='ltr'>ἐν</span> <span class='ocrx_word' id='word_1_54' title='bbox 369 413 492 451; x_wconf 78' lang='grc' dir='ltr'>πυρώσει</span> <span class='ocrx_word' id='word_1_55' title='bbox 506 414 553 440; x_wconf 68' lang='grc' dir='ltr'><strong>καὶ⁵</strong></span> <span class='ocrx_word' id='word_1_56' title='bbox 572 415 602 440; x_wconf 87' lang='grc' dir='ltr'>ὲν</span> <span class='ocrx_word' id='word_1_57' title='bbox 618 413 728 449; x_wconf 80' lang='grc' dir='ltr'>ὶκτέρῳ,</span> <span class='ocrx_word' id='word_1_58' title='bbox 743 413 791 439; x_wconf 74' lang='grc' dir='ltr'>καὶ</span> <span class='ocrx_word' id='word_1_59' title='bbox 814 411 931 447; x_wconf 73' lang='grc' dir='ltr'>ἐπληθύ-</span> 
     </span>
    </p>
   </div>
   <div class='ocr_carea' id='block_1_11' title="bbox 146 457 932 496">
    <p class='ocr_par' dir='ltr' id='par_1_11' title="bbox 146 457 932 496">
     <span class='ocr_line' id='line_1_11' title="bbox 146 457 932 496; baseline -0.008 -6"><span class='ocrx_word' id='word_1_60' title='bbox 146 472 208 490; x_wconf 82' lang='grc' dir='ltr'>νατε</span> <span class='ocrx_word' id='word_1_61' title='bbox 221 462 267 489; x_wconf 83' lang='grc' dir='ltr'>τοῦ</span> <span class='ocrx_word' id='word_1_62' title='bbox 281 461 426 496; x_wconf 78' lang='grc' dir='ltr'>ἀσεϐῆσαι.</span> <span class='ocrx_word' id='word_1_63' title='bbox 445 470 455 486; x_wconf 78' lang='lat' dir='ltr'><strong>i</strong></span> <span class='ocrx_word' id='word_1_64' title='bbox 472 460 568 491; x_wconf 79' lang='grc' dir='ltr'>Νύσοις</span> <span class='ocrx_word' id='word_1_65' title='bbox 585 460 656 495; x_wconf 75' lang='grc' dir='ltr'>ὑμᾶς</span> <span class='ocrx_word' id='word_1_66' title='bbox 667 459 827 495; x_wconf 74' lang='grc' dir='ltr'>περιέϐαλον</span> <span class='ocrx_word' id='word_1_67' title='bbox 842 457 932 485; x_wconf 83' lang='grc' dir='ltr'>ποικι-</span> 
     </span>
    </p>
   </div>
   <div class='ocr_carea' id='block_1_12' title="bbox 146 503 931 544">
    <p class='ocr_par' dir='ltr' id='par_1_12' title="bbox 146 503 931 544">
     <span class='ocr_line' id='line_1_12' title="bbox 146 503 931 544; baseline -0.01 -7"><span class='ocrx_word' id='word_1_68' title='bbox 146 511 217 542; x_wconf 71' lang='grc' dir='ltr'>λιις,</span> <span class='ocrx_word' id='word_1_69' title='bbox 233 509 310 544; x_wconf 84' lang='grc' dir='ltr'>ὑμεῖς</span> <span class='ocrx_word' id='word_1_70' title='bbox 326 508 359 534; x_wconf 79' lang='grc' dir='ltr'><strong>’δὲ</strong></span> <span class='ocrx_word' id='word_1_71' title='bbox 372 507 522 534; x_wconf 80' lang='grc' dir='ltr'>ὲπετείνετε</span> <span class='ocrx_word' id='word_1_72' title='bbox 538 505 587 541; x_wconf 84' lang='grc' dir='ltr'>τὴν</span> <span class='ocrx_word' id='word_1_73' title='bbox 603 505 737 532; x_wconf 74' lang='grc' dir='ltr'>ἀσέϐειαν.</span> <span class='ocrx_word' id='word_1_74' title='bbox 757 513 766 529; x_wconf 72' lang='grc' dir='ltr'><strong>ι</strong></span> <span class='ocrx_word' id='word_1_75' title='bbox 781 504 834 535; x_wconf 74' lang='grc' dir='ltr'><strong>Οὓς</strong></span> <span class='ocrx_word' id='word_1_76' title='bbox 848 503 931 538; x_wconf 77' lang='grc' dir='ltr'>ἐπλη-</span> 
     </span>
    </p>
   </div>
   <div class='ocr_carea' id='block_1_13' title="bbox 147 549 932 590">
    <p class='ocr_par' dir='ltr' id='par_1_13' title="bbox 147 549 932 590">
     <span class='ocr_line' id='line_1_13' title="bbox 147 549 932 590; baseline -0.009 -8"><span class='ocrx_word' id='word_1_77' title='bbox 147 555 245 582; x_wconf 71' lang='grc' dir='ltr'>οὑναειε</span> <span class='ocrx_word' id='word_1_78' title='bbox 272 550 378 590; x_wconf 74' lang='grc' dir='ltr'>κήπους</span> <span class='ocrx_word' id='word_1_79' title='bbox 406 552 483 588; x_wconf 80' lang='grc' dir='ltr'>ὑμῶν</span> <span class='ocrx_word' id='word_1_80' title='bbox 511 551 558 578; x_wconf 59' lang='grc' dir='ltr'><strong>καὶ¹</strong></span> <span class='ocrx_word' id='word_1_81' title='bbox 589 550 751 586; x_wconf 76' lang='grc' dir='ltr'><strong>ἀμπελῶνας</strong></span> <span class='ocrx_word' id='word_1_82' title='bbox 780 549 856 584; x_wconf 80' lang='grc' dir='ltr'>ὑμῶν</span> <span class='ocrx_word' id='word_1_83' title='bbox 885 549 932 576; x_wconf 71' lang='grc' dir='ltr'>καὶ</span> 
     </span>
    </p>
   </div>
   <div class='ocr_carea' id='block_1_14' title="bbox 148 596 930 635">
    <p class='ocr_par' dir='ltr' id='par_1_14' title="bbox 148 596 930 635">
     <span class='ocr_line' id='line_1_14' title="bbox 148 596 930 635; baseline -0.01 -6"><span class='ocrx_word' id='word_1_84' title='bbox 148 602 271 632; x_wconf 80' lang='grc' dir='ltr'>συκῶνας</span> <span class='ocrx_word' id='word_1_85' title='bbox 280 599 356 635; x_wconf 80' lang='grc' dir='ltr'>ὑμῶν</span> <span class='ocrx_word' id='word_1_86' title='bbox 363 600 410 626; x_wconf 74' lang='grc' dir='ltr'>καὶ</span> <span class='ocrx_word' id='word_1_87' title='bbox 421 598 538 630; x_wconf 65' lang='grc' dir='ltr'>ἐλεῶνας</span> <span class='ocrx_word' id='word_1_88' title='bbox 547 597 623 633; x_wconf 75' lang='grc' dir='ltr'>ὑμῶν</span> <span class='ocrx_word' id='word_1_89' title='bbox 632 597 785 630; x_wconf 73' lang='grc' dir='ltr'>κατέφαγεν</span> <span class='ocrx_word' id='word_1_90' title='bbox 795 597 812 630; x_wconf 80' lang='grc' dir='ltr'><strong>ἡ</strong></span> <span class='ocrx_word' id='word_1_91' title='bbox 824 596 930 630; x_wconf 78' lang='grc' dir='ltr'>κάμπη·</span> 
     </span>
    </p>
   </div>
   <div class='ocr_carea' id='block_1_15' title="bbox 145 639 930 678">
    <p class='ocr_par' dir='ltr' id='par_1_15' title="bbox 145 639 930 678">
     <span class='ocr_line' id='line_1_15' title="bbox 145 639 930 678; baseline -0.009 -5"><span class='ocrx_word' id='word_1_92' title='bbox 145 647 194 673; x_wconf 75' lang='grc' dir='ltr'>,καὶ</span> <span class='ocrx_word' id='word_1_93' title='bbox 206 646 263 672; x_wconf 70' lang='grc' dir='ltr'><strong>οὐδ’</strong></span> <span class='ocrx_word' id='word_1_94' title='bbox 277 646 364 675; x_wconf 72' lang='grc' dir='ltr'>οὕτως</span> <span class='ocrx_word' id='word_1_95' title='bbox 373 642 557 678; x_wconf 73' lang='grc' dir='ltr'><strong>ἐπεστρέψατε</strong></span> <span class='ocrx_word' id='word_1_96' title='bbox 570 642 638 677; x_wconf 77' lang='grc' dir='ltr'>πρός</span> <span class='ocrx_word' id='word_1_97' title='bbox 650 650 694 676; x_wconf 77' lang='grc' dir='ltr'>με,</span> <span class='ocrx_word' id='word_1_98' title='bbox 706 641 780 675; x_wconf 86' lang='grc' dir='ltr'>λέγει</span> <span class='ocrx_word' id='word_1_99' title='bbox 794 639 904 676; x_wconf 83' lang='grc' dir='ltr'>Κύριος.</span> <span class='ocrx_word' id='word_1_100' title='bbox 921 649 930 666; x_wconf 78' lang='grc' dir='ltr'><strong>ι</strong></span> 
     </span>
    </p>
   </div>
   <div class='ocr_carea' id='block_1_16' title="bbox 150 685 934 725">
    <p class='ocr_par' dir='ltr' id='par_1_16' title="bbox 150 685 934 725">
     <span class='ocr_line' id='line_1_16' title="bbox 150 685 934 725; baseline -0.009 -7"><span class='ocrx_word' id='word_1_101' title='bbox 150 691 258 722; x_wconf 71' lang='grc' dir='ltr'>Πάντας</span> <span class='ocrx_word' id='word_1_102' title='bbox 275 690 351 725; x_wconf 81' lang='grc' dir='ltr'>ὑμῶν</span> <span class='ocrx_word' id='word_1_103' title='bbox 363 690 482 724; x_wconf 66' lang='grc' dir='ltr'>ἠφάνισα</span> <span class='ocrx_word' id='word_1_104' title='bbox 498 689 531 723; x_wconf 85' lang='grc' dir='ltr'><strong>τῇ</strong></span> <span class='ocrx_word' id='word_1_105' title='bbox 546 687 643 723; x_wconf 77' lang='grc' dir='ltr'>κάμπη</span> <span class='ocrx_word' id='word_1_106' title='bbox 656 687 718 717; x_wconf 75' lang='grc' dir='ltr'>τοὺς</span> <span class='ocrx_word' id='word_1_107' title='bbox 735 685 871 720; x_wconf 61' lang='grc' dir='ltr'>καρπούςθ</span> <span class='ocrx_word' id='word_1_108' title='bbox 887 694 934 721; x_wconf 84' lang='grc' dir='ltr'>με-</span> 
     </span>
    </p>
   </div>
   <div class='ocr_carea' id='block_1_17' title="bbox 151 731 933 772">
    <p class='ocr_par' dir='ltr' id='par_1_17' title="bbox 151 731 933 772">
     <span class='ocr_line' id='line_1_17' title="bbox 151 731 933 772; baseline -0.009 -8"><span class='ocrx_word' id='word_1_109' title='bbox 151 737 288 772; x_wconf 81' lang='grc' dir='ltr'>μενήκατε</span> <span class='ocrx_word' id='word_1_110' title='bbox 307 735 335 762; x_wconf 75' lang='grc' dir='ltr'><strong>δὲ</strong></span> <span class='ocrx_word' id='word_1_111' title='bbox 350 736 374 762; x_wconf 81' lang='grc' dir='ltr'><strong>οι</strong></span> <span class='ocrx_word' id='word_1_112' title='bbox 389 735 465 761; x_wconf 79' lang='grc' dir='ltr'>αὐτοὶ</span> <span class='ocrx_word' id='word_1_113' title='bbox 479 734 525 760; x_wconf 70' lang='grc' dir='ltr'><strong>καὶ</strong></span> <span class='ocrx_word' id='word_1_114' title='bbox 539 732 635 764; x_wconf 75' lang='grc' dir='ltr'>οὕτως.</span> <span class='ocrx_word' id='word_1_115' title='bbox 655 742 664 757; x_wconf 84' lang='grc' dir='ltr'><strong>ι</strong></span> <span class='ocrx_word' id='word_1_116' title='bbox 689 731 882 765; x_wconf 79' lang='grc' dir='ltr'>Ἕξαπέστειλα</span> <span class='ocrx_word' id='word_1_117' title='bbox 893 731 933 762; x_wconf 87' lang='grc' dir='ltr'><strong>είς</strong></span> 
     </span>
    </p>
   </div>
   <div class='ocr_carea' id='block_1_18' title="bbox 979 226 1761 262">
    <p class='ocr_par' dir='ltr' id='par_1_18' title="bbox 979 226 1761 262">
     <span class='ocr_line' id='line_1_18' title="bbox 979 226 1761 262; baseline -0.004 -7"><span class='ocrx_word' id='word_1_118' title='bbox 979 229 1040 256; x_wconf 89' lang='lat' dir='ltr'><strong>usui</strong></span> <span class='ocrx_word' id='word_1_119' title='bbox 1064 228 1134 254; x_wconf 76' lang='lat' dir='ltr'><strong>foret</strong></span> <span class='ocrx_word' id='word_1_120' title='bbox 1149 227 1224 254; x_wconf 85' lang='lat' dir='ltr'><strong>illinc</strong></span> <span class='ocrx_word' id='word_1_121' title='bbox 1241 230 1437 262; x_wconf 65' lang='lat' dir='ltr'><strong>reportaturus,</strong></span> <span class='ocrx_word' id='word_1_122' title='bbox 1455 226 1535 254; x_wconf 85' lang='lat' dir='ltr'><strong>breve</strong></span> <span class='ocrx_word' id='word_1_123' title='bbox 1558 226 1614 253; x_wconf 91' lang='lat' dir='ltr'><strong>illic</strong></span> <span class='ocrx_word' id='word_1_124' title='bbox 1639 226 1761 253; x_wconf 88' lang='lat' dir='ltr'><strong>solamen</strong></span> 
     </span>
    </p>
   </div>
   <div class='ocr_carea' id='block_1_19' title="bbox 977 271 1761 309">
    <p class='ocr_par' dir='ltr' id='par_1_19' title="bbox 977 271 1761 309">
     <span class='ocr_line' id='line_1_19' title="bbox 977 271 1761 309; baseline -0.004 -7"><span class='ocrx_word' id='word_1_125' title='bbox 977 278 1115 309; x_wconf 73' lang='lat' dir='ltr'><strong>expertas.</strong></span> <span class='ocrx_word' id='word_1_126' title='bbox 1147 273 1242 308; x_wconf 84' lang='lat' dir='ltr'><strong>Neque</strong></span> <span class='ocrx_word' id='word_1_127' title='bbox 1273 280 1324 300; x_wconf 83' lang='lat' dir='ltr'><strong>vos</strong></span> <span class='ocrx_word' id='word_1_128' title='bbox 1356 272 1458 300; x_wconf 85' lang='lat' dir='ltr'><strong>ideirco</strong></span> <span class='ocrx_word' id='word_1_129' title='bbox 1491 271 1619 300; x_wconf 76' lang='lat' dir='ltr'><strong>meliores</strong></span> <span class='ocrx_word' id='word_1_130' title='bbox 1647 271 1761 299; x_wconf 77' lang='lat' dir='ltr'><strong>nemini.</strong></span> 
     </span>
    </p>
   </div>
   <div class='ocr_carea' id='block_1_20' title="bbox 981 318 1763 353">
    <p class='ocr_par' dir='ltr' id='par_1_20' title="bbox 981 318 1763 353">
     <span class='ocr_line' id='line_1_20' title="bbox 981 318 1763 353; baseline -0.003 -7"><span class='ocrx_word' id='word_1_131' title='bbox 981 330 992 346; x_wconf 74' lang='grc' dir='ltr'><strong>ι</strong></span> <span class='ocrx_word' id='word_1_132' title='bbox 1014 320 1140 348; x_wconf 81' lang='lat' dir='ltr'><strong>Percussi</strong></span> <span class='ocrx_word' id='word_1_133' title='bbox 1160 326 1210 346; x_wconf 84' lang='lat' dir='ltr'><strong>vos</strong></span> <span class='ocrx_word' id='word_1_134' title='bbox 1230 319 1327 346; x_wconf 84' lang='lat' dir='ltr'><strong>ardore</strong></span> <span class='ocrx_word' id='word_1_135' title='bbox 1348 323 1375 345; x_wconf 86' lang='lat' dir='ltr'><strong>et</strong></span> <span class='ocrx_word' id='word_1_136' title='bbox 1399 318 1541 353; x_wconf 82' lang='lat' dir='ltr'><strong>aurugine,</strong></span> <span class='ocrx_word' id='word_1_137' title='bbox 1557 322 1585 345; x_wconf 89' lang='lat' dir='ltr'><strong>ct</strong></span> <span class='ocrx_word' id='word_1_138' title='bbox 1596 318 1763 352; x_wconf 83' lang='lat' dir='ltr'><strong>impietatem</strong></span> 
     </span>
    </p>
   </div>
   <div class='ocr_carea' id='block_1_21' title="bbox 980 363 1765 400">
    <p class='ocr_par' dir='ltr' id='par_1_21' title="bbox 980 363 1765 400">
     <span class='ocr_line' id='line_1_21' title="bbox 980 363 1765 400; baseline -0.003 -8"><span class='ocrx_word' id='word_1_139' title='bbox 980 371 1098 394; x_wconf 76' lang='lat' dir='ltr'><strong>vestram</strong></span> <span class='ocrx_word' id='word_1_140' title='bbox 1115 365 1328 400; x_wconf 88' lang='lat' dir='ltr'><strong>multiplicastis.</strong></span> <span class='ocrx_word' id='word_1_141' title='bbox 1352 374 1362 390; x_wconf 69' lang='grc' dir='ltr'><strong>ι</strong></span> <span class='ocrx_word' id='word_1_142' title='bbox 1379 363 1469 391; x_wconf 83' lang='lat' dir='ltr'><strong>Variis</strong></span> <span class='ocrx_word' id='word_1_143' title='bbox 1492 371 1541 390; x_wconf 87' lang='lat' dir='ltr'><strong>vos</strong></span> <span class='ocrx_word' id='word_1_144' title='bbox 1556 363 1690 390; x_wconf 75' lang='lat' dir='ltr'><strong>mortibus</strong></span> <span class='ocrx_word' id='word_1_145' title='bbox 1714 363 1765 390; x_wconf 63' lang='lat' dir='ltr'><strong>imo</strong></span> 
     </span>
    </p>
   </div>
   <div class='ocr_carea' id='block_1_22' title="bbox 980 408 1764 447">
    <p class='ocr_par' dir='ltr' id='par_1_22' title="bbox 980 408 1764 447">
     <span class='ocr_line' id='line_1_22' title="bbox 980 408 1764 447; baseline -0.004 -9"><span class='ocrx_word' id='word_1_146' title='bbox 980 411 1073 447; x_wconf 74' lang='lat' dir='ltr'><strong>plit&#39;lli,</strong></span> <span class='ocrx_word' id='word_1_147' title='bbox 1090 418 1139 438; x_wconf 90' lang='lat' dir='ltr'><strong>vos</strong></span> <span class='ocrx_word' id='word_1_148' title='bbox 1157 417 1221 438; x_wconf 79' lang='lat' dir='ltr'><strong>vero</strong></span> <span class='ocrx_word' id='word_1_149' title='bbox 1243 409 1407 444; x_wconf 76' lang='lat' dir='ltr'><strong>impietatem</strong></span> <span class='ocrx_word' id='word_1_150' title='bbox 1432 409 1557 436; x_wconf 73' lang='lat' dir='ltr'><strong>auxistis.</strong></span> <span class='ocrx_word' id='word_1_151' title='bbox 1576 417 1587 435; x_wconf 73' lang='grc' dir='ltr'><strong>ι</strong></span> <span class='ocrx_word' id='word_1_152' title='bbox 1603 408 1678 442; x_wconf 85' lang='lat' dir='ltr'><strong>Quos</strong></span> <span class='ocrx_word' id='word_1_153' title='bbox 1692 409 1764 435; x_wconf 83' lang='lat' dir='ltr'><strong>mul-</strong></span> 
     </span>
    </p>
   </div>
   <div class='ocr_carea' id='block_1_23' title="bbox 981 455 1764 492">
    <p class='ocr_par' dir='ltr' id='par_1_23' title="bbox 981 455 1764 492">
     <span class='ocr_line' id='line_1_23' title="bbox 981 455 1764 492; baseline -0.003 -8"><span class='ocrx_word' id='word_1_154' title='bbox 981 457 1124 492; x_wconf 80' lang='lat' dir='ltr'><strong>tiplicastis</strong></span> <span class='ocrx_word' id='word_1_155' title='bbox 1152 456 1248 483; x_wconf 80' lang='lat' dir='ltr'><strong>hortos</strong></span> <span class='ocrx_word' id='word_1_156' title='bbox 1275 459 1391 487; x_wconf 86' lang='lat' dir='ltr'><strong>vestros,</strong></span> <span class='ocrx_word' id='word_1_157' title='bbox 1418 458 1446 482; x_wconf 89' lang='lat' dir='ltr'><strong>et</strong></span> <span class='ocrx_word' id='word_1_158' title='bbox 1474 455 1568 482; x_wconf 77' lang='lat' dir='ltr'><strong>vineas</strong></span> <span class='ocrx_word' id='word_1_159' title='bbox 1596 459 1712 488; x_wconf 85' lang='lat' dir='ltr'><strong>vestras,</strong></span> <span class='ocrx_word' id='word_1_160' title='bbox 1736 459 1764 482; x_wconf 87' lang='lat' dir='ltr'><strong>et</strong></span> 
     </span>
    </p>
   </div>
   <div class='ocr_carea' id='block_1_24' title="bbox 982 500 1765 535">
    <p class='ocr_par' dir='ltr' id='par_1_24' title="bbox 982 500 1765 535">
     <span class='ocr_line' id='line_1_24' title="bbox 982 500 1765 535; baseline -0.004 -4"><span class='ocrx_word' id='word_1_161' title='bbox 982 503 1060 531; x_wconf 69' lang='grc' dir='ltr'>ῆινιιςι</span> <span class='ocrx_word' id='word_1_162' title='bbox 1072 506 1174 533; x_wconf 86' lang='lat' dir='ltr'><strong>vestra,</strong></span> <span class='ocrx_word' id='word_1_163' title='bbox 1189 505 1218 530; x_wconf 88' lang='lat' dir='ltr'><strong>et</strong></span> <span class='ocrx_word' id='word_1_164' title='bbox 1230 501 1328 529; x_wconf 81' lang='lat' dir='ltr'><strong>oliveta</strong></span> <span class='ocrx_word' id='word_1_165' title='bbox 1342 506 1444 533; x_wconf 86' lang='lat' dir='ltr'><strong>vestra,</strong></span> <span class='ocrx_word' id='word_1_166' title='bbox 1463 500 1604 528; x_wconf 75' lang='lat' dir='ltr'><strong>devoravit</strong></span> <span class='ocrx_word' id='word_1_167' title='bbox 1621 508 1719 535; x_wconf 73' lang='lat' dir='ltr'><strong>crura;</strong></span> <span class='ocrx_word' id='word_1_168' title='bbox 1737 506 1765 529; x_wconf 88' lang='lat' dir='ltr'><strong>et</strong></span> 
     </span>
    </p>
   </div>
   <div class='ocr_carea' id='block_1_25' title="bbox 983 546 1766 583">
    <p class='ocr_par' dir='ltr' id='par_1_25' title="bbox 983 546 1766 583">
     <span class='ocr_line' id='line_1_25' title="bbox 983 546 1766 583; baseline -0.004 -7"><span class='ocrx_word' id='word_1_169' title='bbox 983 557 1017 576; x_wconf 87' lang='lat' dir='ltr'><strong>ne</strong></span> <span class='ocrx_word' id='word_1_170' title='bbox 1027 549 1067 576; x_wconf 87' lang='lat' dir='ltr'><strong>sic</strong></span> <span class='ocrx_word' id='word_1_171' title='bbox 1081 547 1160 583; x_wconf 73' lang='lat'><strong>113</strong></span> <span class='ocrx_word' id='word_1_172' title='bbox 1173 547 1283 582; x_wconf 81' lang='lat' dir='ltr'><strong>quidem</strong></span> <span class='ocrx_word' id='word_1_173' title='bbox 1298 547 1400 574; x_wconf 83' lang='lat' dir='ltr'><strong>reversi</strong></span> <span class='ocrx_word' id='word_1_174' title='bbox 1422 546 1490 574; x_wconf 89' lang='lat' dir='ltr'><strong>estis</strong></span> <span class='ocrx_word' id='word_1_175' title='bbox 1507 547 1539 574; x_wconf 91' lang='lat' dir='ltr'><strong>ad</strong></span> <span class='ocrx_word' id='word_1_176' title='bbox 1557 554 1610 580; x_wconf 87' lang='lat' dir='ltr'><strong>me,</strong></span> <span class='ocrx_word' id='word_1_177' title='bbox 1631 547 1699 574; x_wconf 93' lang='lat' dir='ltr'><strong>dicit</strong></span> <span class='ocrx_word' id='word_1_178' title='bbox 1712 546 1766 573; x_wconf 85' lang='lat' dir='ltr'><strong>Do-</strong></span> 
     </span>
    </p>
   </div>
   <div class='ocr_carea' id='block_1_26' title="bbox 983 591 1767 627">
    <p class='ocr_par' dir='ltr' id='par_1_26' title="bbox 983 591 1767 627">
     <span class='ocr_line' id='line_1_26' title="bbox 983 591 1767 627; baseline -0.001 -7"><span class='ocrx_word' id='word_1_179' title='bbox 983 593 1082 620; x_wconf 80' lang='lat' dir='ltr'><strong>minus.</strong></span> <span class='ocrx_word' id='word_1_180' title='bbox 1102 602 1112 619; x_wconf 75' lang='grc' dir='ltr'><strong>ι</strong></span> <span class='ocrx_word' id='word_1_181' title='bbox 1126 591 1243 619; x_wconf 80' lang='lat' dir='ltr'><strong>Fructus</strong></span> <span class='ocrx_word' id='word_1_182' title='bbox 1258 599 1307 627; x_wconf 88' lang='lat' dir='ltr'><strong>ego</strong></span> <span class='ocrx_word' id='word_1_183' title='bbox 1327 598 1422 619; x_wconf 87' lang='lat' dir='ltr'><strong>omnes</strong></span> <span class='ocrx_word' id='word_1_184' title='bbox 1439 595 1544 618; x_wconf 83' lang='lat' dir='ltr'><strong>vestros</strong></span> <span class='ocrx_word' id='word_1_185' title='bbox 1562 598 1643 618; x_wconf 85' lang='lat' dir='ltr'><strong>eruca</strong></span> <span class='ocrx_word' id='word_1_186' title='bbox 1659 591 1767 619; x_wconf 85' lang='lat' dir='ltr'><strong>absum-</strong></span> 
     </span>
    </p>
   </div>
   <div class='ocr_carea' id='block_1_27' title="bbox 984 636 1766 672">
    <p class='ocr_par' dir='ltr' id='par_1_27' title="bbox 984 636 1766 672">
     <span class='ocr_line' id='line_1_27' title="bbox 984 636 1766 672; baseline 0 -8"><span class='ocrx_word' id='word_1_187' title='bbox 984 638 1044 672; x_wconf 83' lang='lat' dir='ltr'><strong>psi;</strong></span> <span class='ocrx_word' id='word_1_188' title='bbox 1062 645 1110 665; x_wconf 88' lang='lat' dir='ltr'><strong>vos</strong></span> <span class='ocrx_word' id='word_1_189' title='bbox 1126 641 1216 664; x_wconf 89' lang='lat' dir='ltr'><strong>tamen</strong></span> <span class='ocrx_word' id='word_1_190' title='bbox 1237 637 1318 664; x_wconf 88' lang='lat' dir='ltr'><strong>iidem</strong></span> <span class='ocrx_word' id='word_1_191' title='bbox 1336 638 1382 671; x_wconf 88' lang='lat' dir='ltr'><strong>qui</strong></span> <span class='ocrx_word' id='word_1_192' title='bbox 1410 641 1489 664; x_wconf 86' lang='lat' dir='ltr'><strong>antea</strong></span> <span class='ocrx_word' id='word_1_193' title='bbox 1513 636 1664 664; x_wconf 87' lang='lat' dir='ltr'><strong>mansistis.</strong></span> <span class='ocrx_word' id='word_1_194' title='bbox 1681 645 1691 661; x_wconf 81' lang='grc' dir='ltr'><strong>ι</strong></span> <span class='ocrx_word' id='word_1_195' title='bbox 1713 637 1766 664; x_wconf 90' lang='lat' dir='ltr'><strong>lm-</strong></span> 
     </span>
    </p>
   </div>
   <div class='ocr_carea' id='block_1_28' title="bbox 985 681 1768 718">
    <p class='ocr_par' dir='ltr' id='par_1_28' title="bbox 985 681 1768 718">
     <span class='ocr_line' id='line_1_28' title="bbox 985 681 1768 718; baseline -0.006 -6"><span class='ocrx_word' id='word_1_196' title='bbox 985 684 1047 712; x_wconf 86' lang='lat' dir='ltr'><strong>misi</strong></span> <span class='ocrx_word' id='word_1_197' title='bbox 1061 683 1138 711; x_wconf 83' lang='lat' dir='ltr'><strong>vobis</strong></span> <span class='ocrx_word' id='word_1_198' title='bbox 1153 688 1266 710; x_wconf 80' lang='lat' dir='ltr'><strong>mortem</strong></span> <span class='ocrx_word' id='word_1_199' title='bbox 1283 683 1310 709; x_wconf 93' lang='lat' dir='ltr'><strong>in</strong></span> <span class='ocrx_word' id='word_1_200' title='bbox 1326 683 1369 709; x_wconf 88' lang='lat' dir='ltr'><strong>via</strong></span> <span class='ocrx_word' id='word_1_201' title='bbox 1385 681 1507 718; x_wconf 61' lang='lat' dir='ltr'><strong>Egypti,</strong></span> <span class='ocrx_word' id='word_1_202' title='bbox 1521 682 1665 717; x_wconf 83' lang='lat' dir='ltr'><strong>oecidique</strong></span> <span class='ocrx_word' id='word_1_203' title='bbox 1678 682 1768 717; x_wconf 76' lang='lat' dir='ltr'><strong>gladio</strong></span> 
     </span>
    </p>
   </div>
   <div class='ocr_carea' id='block_1_29' title="bbox 982 729 1768 765">
    <p class='ocr_par' dir='ltr' id='par_1_29' title="bbox 982 729 1768 765">
     <span class='ocr_line' id='line_1_29' title="bbox 982 729 1768 765; baseline 0.001 -9"><span class='ocrx_word' id='word_1_204' title='bbox 982 729 1098 765; x_wconf 83' lang='lat' dir='ltr'><strong>juvenes</strong></span> <span class='ocrx_word' id='word_1_205' title='bbox 1117 732 1234 760; x_wconf 85' lang='lat' dir='ltr'><strong>vestros,</strong></span> <span class='ocrx_word' id='word_1_206' title='bbox 1258 736 1321 756; x_wconf 86' lang='lat' dir='ltr'><strong>cum</strong></span> <span class='ocrx_word' id='word_1_207' title='bbox 1346 735 1478 763; x_wconf 86' lang='lat' dir='ltr'><strong>equorum</strong></span> <span class='ocrx_word' id='word_1_208' title='bbox 1494 734 1644 755; x_wconf 80' lang='lat' dir='ltr'><strong>vestrorum</strong></span> <span class='ocrx_word' id='word_1_209' title='bbox 1658 729 1768 764; x_wconf 79' lang='lat' dir='ltr'><strong>captivi-</strong></span> 
     </span>
    </p>
   </div>
   <div class='ocr_carea' id='block_1_30' title="bbox 150 773 941 817">
    <p class='ocr_par' dir='ltr' id='par_1_30' title="bbox 150 777 934 817">
     <span class='ocr_line' id='line_1_30' title="bbox 150 777 934 817; baseline -0.009 -8"><span class='ocrx_word' id='word_1_210' title='bbox 150 784 221 817; x_wconf 72' lang='grc' dir='ltr'>ὑμᾶς</span> <span class='ocrx_word' id='word_1_211' title='bbox 247 782 362 808; x_wconf 78' lang='grc' dir='ltr'>θάνατον</span> <span class='ocrx_word' id='word_1_212' title='bbox 385 781 413 807; x_wconf 85' lang='grc' dir='ltr'>ὲν</span> <span class='ocrx_word' id='word_1_213' title='bbox 434 779 488 814; x_wconf 80' lang='grc' dir='ltr'><strong>ὁδῷ</strong></span> <span class='ocrx_word' id='word_1_214' title='bbox 509 778 657 812; x_wconf 81' lang='grc' dir='ltr'>Αἰγὺπτου,</span> <span class='ocrx_word' id='word_1_215' title='bbox 674 778 721 804; x_wconf 72' lang='grc' dir='ltr'>καὶ</span> <span class='ocrx_word' id='word_1_216' title='bbox 743 777 892 804; x_wconf 81' lang='grc' dir='ltr'>ἀπέκτεινα</span> <span class='ocrx_word' id='word_1_217' title='bbox 905 777 934 802; x_wconf 82' lang='grc' dir='ltr'>ἐν</span> 
     </span>
    </p>
   </div>
   <div class='ocr_carea' id='block_1_31' title="bbox 992 773 1767 817">
    <p class='ocr_par' dir='ltr' id='par_1_31' title="bbox 992 773 1767 809">
     <span class='ocr_line' id='line_1_31' title="bbox 992 773 1767 809; baseline 0.001 -9"><span class='ocrx_word' id='word_1_218' title='bbox 992 778 1056 807; x_wconf 80' lang='lat' dir='ltr'><strong>ate;</strong></span> <span class='ocrx_word' id='word_1_219' title='bbox 1078 778 1106 802; x_wconf 89' lang='lat' dir='ltr'><strong>ct</strong></span> <span class='ocrx_word' id='word_1_220' title='bbox 1131 773 1239 801; x_wconf 73' lang='lat' dir='ltr'><strong>traduxi</strong></span> <span class='ocrx_word' id='word_1_221' title='bbox 1263 773 1353 808; x_wconf 88' lang='lat' dir='ltr'><strong>ignem</strong></span> <span class='ocrx_word' id='word_1_222' title='bbox 1382 781 1430 809; x_wconf 89' lang='lat' dir='ltr'><strong>per</strong></span> <span class='ocrx_word' id='word_1_223' title='bbox 1446 778 1535 801; x_wconf 87' lang='lat' dir='ltr'><strong>caslra</strong></span> <span class='ocrx_word' id='word_1_224' title='bbox 1560 779 1647 801; x_wconf 84' lang='lat' dir='ltr'><strong>vestra</strong></span> <span class='ocrx_word' id='word_1_225' title='bbox 1675 775 1702 801; x_wconf 91' lang='lat' dir='ltr'><strong>in</strong></span> <span class='ocrx_word' id='word_1_226' title='bbox 1727 775 1767 801; x_wconf 89' lang='lat' dir='ltr'><strong>ira</strong></span> 
     </span>
    </p>
   </div>
   <div class='ocr_carea' id='block_1_32' title="bbox 148 818 941 862">
    <p class='ocr_par' dir='ltr' id='par_1_32' title="bbox 148 818 935 862">
     <span class='ocr_line' id='line_1_32' title="bbox 148 818 935 862; baseline -0.011 -9"><span class='ocrx_word' id='word_1_227' title='bbox 148 826 273 862; x_wconf 63' lang='grc' dir='ltr'>ῥομφαίᾳ</span> <span class='ocrx_word' id='word_1_228' title='bbox 287 825 358 857; x_wconf 75' lang='grc' dir='ltr'>’τοὺς</span> <span class='ocrx_word' id='word_1_229' title='bbox 383 824 538 854; x_wconf 73' lang='grc' dir='ltr'>νεανίσκους</span> <span class='ocrx_word' id='word_1_230' title='bbox 556 821 633 857; x_wconf 75' lang='grc' dir='ltr'>ὑμῶν</span> <span class='ocrx_word' id='word_1_231' title='bbox 660 821 727 856; x_wconf 82' lang='grc' dir='ltr'>μετὰ</span> <span class='ocrx_word' id='word_1_232' title='bbox 749 818 935 855; x_wconf 73' lang='grc' dir='ltr'><strong>αἰχμαλωσίας</strong></span> 
     </span>
    </p>
   </div>
   <div class='ocr_carea' id='block_1_33' title="bbox 992 818 1769 862">
    <p class='ocr_par' dir='ltr' id='par_1_33' title="bbox 992 819 1769 855">
     <span class='ocr_line' id='line_1_33' title="bbox 992 819 1769 855; baseline 0 -7"><span class='ocrx_word' id='word_1_233' title='bbox 992 828 1063 852; x_wconf 75' lang='lat' dir='ltr'><strong>mea;</strong></span> <span class='ocrx_word' id='word_1_234' title='bbox 1079 824 1106 847; x_wconf 86' lang='lat' dir='ltr'><strong>et</strong></span> <span class='ocrx_word' id='word_1_235' title='bbox 1124 827 1157 847; x_wconf 89' lang='lat' dir='ltr'><strong>ne</strong></span> <span class='ocrx_word' id='word_1_236' title='bbox 1173 819 1214 847; x_wconf 86' lang='lat' dir='ltr'><strong>sic</strong></span> <span class='ocrx_word' id='word_1_237' title='bbox 1225 819 1334 855; x_wconf 82' lang='lat' dir='ltr'><strong>quidem</strong></span> <span class='ocrx_word' id='word_1_238' title='bbox 1360 820 1460 848; x_wconf 81' lang='lat' dir='ltr'><strong>reversi</strong></span> <span class='ocrx_word' id='word_1_239' title='bbox 1484 820 1551 848; x_wconf 85' lang='lat' dir='ltr'><strong>estis</strong></span> <span class='ocrx_word' id='word_1_240' title='bbox 1577 820 1610 847; x_wconf 91' lang='lat' dir='ltr'><strong>ad</strong></span> <span class='ocrx_word' id='word_1_241' title='bbox 1635 828 1688 852; x_wconf 89' lang='lat' dir='ltr'><strong>mc,</strong></span> <span class='ocrx_word' id='word_1_242' title='bbox 1702 821 1769 849; x_wconf 86' lang='lat' dir='ltr'><strong>dicit</strong></span> 
     </span>
    </p>
   </div>
   <div class='ocr_carea' id='block_1_34' title="bbox 151 860 941 905">
    <p class='ocr_par' dir='ltr' id='par_1_34' title="bbox 151 860 938 905">
     <span class='ocr_line' id='line_1_34' title="bbox 151 860 938 905; baseline -0.011 -6"><span class='ocrx_word' id='word_1_243' title='bbox 151 860 242 899; x_wconf 61' lang='lat' dir='ltr'><strong>ini-anu</strong></span> <span class='ocrx_word' id='word_1_244' title='bbox 260 860 307 898; x_wconf 66' lang='grc' dir='ltr'><strong>ἐγω</strong></span> <span class='ocrx_word' id='word_1_245' title='bbox 316 879 326 886; x_wconf 75' lang='grc' dir='ltr'><strong>ο</strong></span> <span class='ocrx_word' id='word_1_246' title='bbox 340 871 377 905; x_wconf 85' lang='lat' dir='ltr'><strong>(p.</strong></span> <span class='ocrx_word' id='word_1_247' title='bbox 396 869 457 902; x_wconf 75' lang='grc'><strong>171)</strong></span> <span class='ocrx_word' id='word_1_248' title='bbox 471 868 519 895; x_wconf 74' lang='grc' dir='ltr'>καὶ</span> <span class='ocrx_word' id='word_1_249' title='bbox 533 868 668 902; x_wconf 83' lang='grc' dir='ltr'>ἀνήγαγον</span> <span class='ocrx_word' id='word_1_250' title='bbox 685 867 713 892; x_wconf 82' lang='grc' dir='ltr'>ὲν</span> <span class='ocrx_word' id='word_1_251' title='bbox 729 866 795 900; x_wconf 79' lang='grc' dir='ltr'>πυρὶ</span> <span class='ocrx_word' id='word_1_252' title='bbox 807 865 856 896; x_wconf 86' lang='grc' dir='ltr'><strong>τὰς</strong></span> <span class='ocrx_word' id='word_1_253' title='bbox 869 873 938 900; x_wconf 84' lang='grc' dir='ltr'>παρ-</span> 
     </span>
    </p>
   </div>
   <div class='ocr_carea' id='block_1_35' title="bbox 992 860 1769 905">
    <p class='ocr_par' dir='ltr' id='par_1_35' title="bbox 992 864 1769 901">
     <span class='ocr_line' id='line_1_35' title="bbox 992 864 1769 901; baseline 0.004 -9"><span class='ocrx_word' id='word_1_254' title='bbox 992 866 1130 893; x_wconf 82' lang='lat' dir='ltr'><strong>Dominus.</strong></span> <span class='ocrx_word' id='word_1_255' title='bbox 1149 875 1158 891; x_wconf 77' lang='grc' dir='ltr'><strong>ι</strong></span> <span class='ocrx_word' id='word_1_256' title='bbox 1176 864 1309 900; x_wconf 79' lang='lat' dir='ltr'><strong>Profugos</strong></span> <span class='ocrx_word' id='word_1_257' title='bbox 1321 873 1369 893; x_wconf 82' lang='lat' dir='ltr'><strong>vos</strong></span> <span class='ocrx_word' id='word_1_258' title='bbox 1386 865 1419 893; x_wconf 90' lang='lat' dir='ltr'><strong>ad</strong></span> <span class='ocrx_word' id='word_1_259' title='bbox 1436 865 1581 901; x_wconf 62' lang='lat' dir='ltr'><strong>[Egyptum</strong></span> <span class='ocrx_word' id='word_1_260' title='bbox 1596 874 1644 901; x_wconf 88' lang='lat' dir='ltr'><strong>spe</strong></span> <span class='ocrx_word' id='word_1_261' title='bbox 1660 867 1769 899; x_wconf 82' lang='lat' dir='ltr'><strong>salutis.</strong></span> 
     </span>
    </p>
   </div>
   <div class='ocr_carea' id='block_1_36' title="bbox 157 910 941 954">
    <p class='ocr_par' dir='ltr' id='par_1_36' title="bbox 157 910 941 954">
     <span class='ocr_line' id='line_1_36' title="bbox 157 910 941 954; baseline -0.01 -10"><span class='ocrx_word' id='word_1_262' title='bbox 157 917 276 954; x_wconf 73' lang='grc' dir='ltr'>εμϐολὰς</span> <span class='ocrx_word' id='word_1_263' title='bbox 289 916 366 952; x_wconf 54' lang='lat' dir='ltr'><strong>(quin!</strong></span> <span class='ocrx_word' id='word_1_264' title='bbox 384 916 412 942; x_wconf 77' lang='grc' dir='ltr'>ὲν</span> <span class='ocrx_word' id='word_1_265' title='bbox 426 916 459 950; x_wconf 84' lang='grc' dir='ltr'><strong>τῇ</strong></span> <span class='ocrx_word' id='word_1_266' title='bbox 485 914 554 949; x_wconf 80' lang='grc' dir='ltr'>ὀργῇ</span> <span class='ocrx_word' id='word_1_267' title='bbox 572 921 633 948; x_wconf 86' lang='grc' dir='ltr'>μου,</span> <span class='ocrx_word' id='word_1_268' title='bbox 648 911 694 939; x_wconf 81' lang='grc' dir='ltr'>καὶ</span> <span class='ocrx_word' id='word_1_269' title='bbox 713 911 769 938; x_wconf 76' lang='grc' dir='ltr'><strong>οὐδ’</strong></span> <span class='ocrx_word' id='word_1_270' title='bbox 790 910 877 942; x_wconf 72' lang='grc' dir='ltr'>οὕτως</span> <span class='ocrx_word' id='word_1_271' title='bbox 893 911 941 936; x_wconf 79' lang='grc' dir='ltr'>ἑπ-</span> 
     </span>
    </p>
   </div>
   <div class='ocr_carea' id='block_1_37' title="bbox 992 910 1769 954">
    <p class='ocr_par' dir='ltr' id='par_1_37' title="bbox 992 910 1769 947">
     <span class='ocr_line' id='line_1_37' title="bbox 992 910 1769 947; baseline 0.003 -11"><span class='ocrx_word' id='word_1_272' title='bbox 992 910 1043 937; x_wconf 87' lang='lat' dir='ltr'><strong>illic</strong></span> <span class='ocrx_word' id='word_1_273' title='bbox 1061 910 1193 937; x_wconf 80' lang='lat' dir='ltr'><strong>mortibus</strong></span> <span class='ocrx_word' id='word_1_274' title='bbox 1213 910 1388 944; x_wconf 74' lang='lat' dir='ltr'><strong>czedibusque</strong></span> <span class='ocrx_word' id='word_1_275' title='bbox 1410 911 1554 945; x_wconf 85' lang='lat' dir='ltr'><strong>implieabo</strong></span> <span class='ocrx_word' id='word_1_276' title='bbox 1574 921 1580 938; x_wconf 87' lang='lat'>:</span> <span class='ocrx_word' id='word_1_277' title='bbox 1603 911 1769 947; x_wconf 81' lang='lat' dir='ltr'><strong>insnperqne</strong></span> 
     </span>
    </p>
   </div>
   <div class='ocr_carea' id='block_1_38' title="bbox 150 956 941 999">
    <p class='ocr_par' dir='ltr' id='par_1_38' title="bbox 150 957 940 999">
     <span class='ocr_line' id='line_1_38' title="bbox 150 957 940 999; baseline -0.011 -9"><span class='ocrx_word' id='word_1_278' title='bbox 150 963 303 999; x_wconf 70' lang='grc' dir='ltr'>εσιρέψατε</span> <span class='ocrx_word' id='word_1_279' title='bbox 317 961 384 997; x_wconf 84' lang='grc' dir='ltr'>πρός</span> <span class='ocrx_word' id='word_1_280' title='bbox 394 969 439 996; x_wconf 82' lang='grc' dir='ltr'>με,</span> <span class='ocrx_word' id='word_1_281' title='bbox 453 959 527 994; x_wconf 83' lang='grc' dir='ltr'>λέγει</span> <span class='ocrx_word' id='word_1_282' title='bbox 540 959 651 995; x_wconf 82' lang='grc' dir='ltr'>Κύριος.</span> <span class='ocrx_word' id='word_1_283' title='bbox 669 967 678 983; x_wconf 80' lang='lat' dir='ltr'><strong>i</strong></span> <span class='ocrx_word' id='word_1_284' title='bbox 697 957 751 984; x_wconf 80' lang='lat' dir='ltr'><strong>Kal</strong></span> <span class='ocrx_word' id='word_1_285' title='bbox 769 964 940 990; x_wconf 76' lang='grc' dir='ltr'>καταπεφευ-</span> 
     </span>
    </p>
   </div>
   <div class='ocr_carea' id='block_1_39' title="bbox 992 956 1770 999">
    <p class='ocr_par' dir='ltr' id='par_1_39' title="bbox 992 956 1770 991">
     <span class='ocr_line' id='line_1_39' title="bbox 992 956 1770 991; baseline 0.004 -10"><span class='ocrx_word' id='word_1_286' title='bbox 992 956 1110 991; x_wconf 83' lang='lat' dir='ltr'><strong>reliquos</strong></span> <span class='ocrx_word' id='word_1_287' title='bbox 1124 963 1220 983; x_wconf 87' lang='lat' dir='ltr'><strong>omnes</strong></span> <span class='ocrx_word' id='word_1_288' title='bbox 1236 963 1268 983; x_wconf 66' lang='lat' dir='ltr'><strong>es</strong></span> <span class='ocrx_word' id='word_1_289' title='bbox 1282 956 1358 983; x_wconf 84' lang='lat' dir='ltr'><strong>vobis</strong></span> <span class='ocrx_word' id='word_1_290' title='bbox 1372 963 1434 983; x_wconf 92' lang='lat' dir='ltr'><strong>cum</strong></span> <span class='ocrx_word' id='word_1_291' title='bbox 1447 957 1522 984; x_wconf 92' lang='lat' dir='ltr'><strong>omni</strong></span> <span class='ocrx_word' id='word_1_292' title='bbox 1536 963 1564 984; x_wconf 84' lang='lat' dir='ltr'><strong>re</strong></span> <span class='ocrx_word' id='word_1_293' title='bbox 1579 965 1628 984; x_wconf 88' lang='lat' dir='ltr'><strong>sua</strong></span> <span class='ocrx_word' id='word_1_294' title='bbox 1645 957 1770 985; x_wconf 80' lang='lat' dir='ltr'><strong>familiari</strong></span> 
     </span>
    </p>
   </div>
   <div class='ocr_carea' id='block_1_40' title="bbox 151 1000 941 1043">
    <p class='ocr_par' dir='ltr' id='par_1_40' title="bbox 151 1002 935 1043">
     <span class='ocr_line' id='line_1_40' title="bbox 151 1002 935 1043; baseline -0.011 -7"><span class='ocrx_word' id='word_1_295' title='bbox 151 1011 234 1043; x_wconf 69' lang='grc' dir='ltr'>γὰτας</span> <span class='ocrx_word' id='word_1_296' title='bbox 249 1008 278 1035; x_wconf 76' lang='grc' dir='ltr'><strong>δὲ</strong></span> <span class='ocrx_word' id='word_1_297' title='bbox 300 1008 372 1043; x_wconf 74' lang='grc' dir='ltr'>ὑμᾶς</span> <span class='ocrx_word' id='word_1_298' title='bbox 391 1006 436 1033; x_wconf 74' lang='grc' dir='ltr'><strong>ἐπὶ</strong></span> <span class='ocrx_word' id='word_1_299' title='bbox 457 1005 506 1040; x_wconf 82' lang='grc' dir='ltr'>τὴν</span> <span class='ocrx_word' id='word_1_300' title='bbox 525 1005 662 1038; x_wconf 78' lang='grc' dir='ltr'>Αἴγυπτον</span> <span class='ocrx_word' id='word_1_301' title='bbox 681 1002 768 1029; x_wconf 71' lang='grc' dir='ltr'>ἑλπίδι</span> <span class='ocrx_word' id='word_1_302' title='bbox 788 1002 935 1036; x_wconf 76' lang='grc' dir='ltr'>σωτηρίας,</span> 
     </span>
    </p>
   </div>
   <div class='ocr_carea' id='block_1_41' title="bbox 992 1000 1771 1043">
    <p class='ocr_par' dir='ltr' id='par_1_41' title="bbox 996 1000 1771 1036">
     <span class='ocr_line' id='line_1_41' title="bbox 996 1000 1771 1036; baseline 0.001 -7"><span class='ocrx_word' id='word_1_303' title='bbox 996 1003 1023 1029; x_wconf 93' lang='lat' dir='ltr'><strong>in</strong></span> <span class='ocrx_word' id='word_1_304' title='bbox 1035 1001 1218 1036; x_wconf 85' lang='lat' dir='ltr'><strong>captivitatem</strong></span> <span class='ocrx_word' id='word_1_305' title='bbox 1243 1000 1416 1029; x_wconf 86' lang='lat' dir='ltr'><strong>abducendos</strong></span> <span class='ocrx_word' id='word_1_306' title='bbox 1431 1001 1532 1029; x_wconf 86' lang='lat' dir='ltr'><strong>curabo</strong></span> <span class='ocrx_word' id='word_1_307' title='bbox 1549 1010 1557 1030; x_wconf 84' lang='lat'><strong>:</strong></span> <span class='ocrx_word' id='word_1_308' title='bbox 1574 1007 1690 1029; x_wconf 78' lang='lat' dir='ltr'><strong>vestram</strong></span> <span class='ocrx_word' id='word_1_309' title='bbox 1712 1011 1771 1030; x_wconf 93' lang='lat' dir='ltr'><strong>om-</strong></span> 
     </span>
    </p>
   </div>
   <div class='ocr_carea' id='block_1_42' title="bbox 150 1046 941 1089">
    <p class='ocr_par' dir='ltr' id='par_1_42' title="bbox 150 1048 938 1089">
     <span class='ocr_line' id='line_1_42' title="bbox 150 1048 938 1089; baseline -0.01 -8"><span class='ocrx_word' id='word_1_310' title='bbox 150 1055 245 1082; x_wconf 68' lang='grc' dir='ltr'>αὐτόθι</span> <span class='ocrx_word' id='word_1_311' title='bbox 267 1052 407 1089; x_wconf 78' lang='grc' dir='ltr'>περισαλῶ</span> <span class='ocrx_word' id='word_1_312' title='bbox 423 1051 547 1082; x_wconf 79' lang='grc' dir='ltr'>θανάτοις</span> <span class='ocrx_word' id='word_1_313' title='bbox 564 1059 594 1077; x_wconf 85' lang='grc' dir='ltr'><strong>τε</strong></span> <span class='ocrx_word' id='word_1_314' title='bbox 616 1049 662 1076; x_wconf 82' lang='grc' dir='ltr'>καὶ</span> <span class='ocrx_word' id='word_1_315' title='bbox 681 1049 811 1083; x_wconf 79' lang='grc' dir='ltr'>σφαγαῖς’</span> <span class='ocrx_word' id='word_1_316' title='bbox 834 1048 873 1074; x_wconf 71' lang='grc' dir='ltr'>ἔτι</span> <span class='ocrx_word' id='word_1_317' title='bbox 891 1048 938 1075; x_wconf 68' lang='grc' dir='ltr'>καὶ</span> 
     </span>
    </p>
   </div>
   <div class='ocr_carea' id='block_1_43' title="bbox 992 1046 1772 1089">
    <p class='ocr_par' dir='ltr' id='par_1_43' title="bbox 992 1046 1772 1083">
     <span class='ocr_line' id='line_1_43' title="bbox 992 1046 1772 1083; baseline 0 -9"><span class='ocrx_word' id='word_1_318' title='bbox 992 1055 1055 1074; x_wconf 85' lang='lat' dir='ltr'><strong>nent</strong></span> <span class='ocrx_word' id='word_1_319' title='bbox 1066 1046 1265 1074; x_wconf 88' lang='lat' dir='ltr'><strong>multitudinem</strong></span> <span class='ocrx_word' id='word_1_320' title='bbox 1275 1046 1337 1082; x_wconf 87' lang='lat' dir='ltr'><strong>igne</strong></span> <span class='ocrx_word' id='word_1_321' title='bbox 1349 1047 1431 1074; x_wconf 86' lang='lat' dir='ltr'><strong>veluti</strong></span> <span class='ocrx_word' id='word_1_322' title='bbox 1442 1054 1617 1078; x_wconf 84' lang='lat' dir='ltr'><strong>consumens.</strong></span> <span class='ocrx_word' id='word_1_323' title='bbox 1627 1056 1674 1083; x_wconf 84' lang='lat' dir='ltr'><strong>per</strong></span> <span class='ocrx_word' id='word_1_324' title='bbox 1687 1049 1772 1075; x_wconf 85' lang='lat' dir='ltr'><strong>hosti-</strong></span> 
     </span>
    </p>
   </div>
   <div class='ocr_carea' id='block_1_44' title="bbox 152 1091 941 1135">
    <p class='ocr_par' dir='ltr' id='par_1_44' title="bbox 152 1093 937 1135">
     <span class='ocr_line' id='line_1_44' title="bbox 152 1093 937 1135; baseline -0.011 -7"><span class='ocrx_word' id='word_1_325' title='bbox 152 1102 214 1133; x_wconf 75' lang='grc' dir='ltr'>τοὺς</span> <span class='ocrx_word' id='word_1_326' title='bbox 236 1097 520 1135; x_wconf 82' lang='grc' dir='ltr'>περιλιμπανομένους</span> <span class='ocrx_word' id='word_1_327' title='bbox 543 1096 572 1129; x_wconf 71' lang='grc' dir='ltr'><strong>ἐξ</strong></span> <span class='ocrx_word' id='word_1_328' title='bbox 595 1095 672 1130; x_wconf 78' lang='grc' dir='ltr'>ὑμῶν</span> <span class='ocrx_word' id='word_1_329' title='bbox 695 1095 763 1128; x_wconf 80' lang='grc' dir='ltr'>μετὰ</span> <span class='ocrx_word' id='word_1_330' title='bbox 780 1093 886 1120; x_wconf 79' lang='grc' dir='ltr'>πάντων</span> <span class='ocrx_word' id='word_1_331' title='bbox 905 1093 937 1127; x_wconf 84' lang='grc' dir='ltr'><strong>δὴ</strong></span> 
     </span>
    </p>
   </div>
   <div class='ocr_carea' id='block_1_45' title="bbox 992 1091 1768 1135">
    <p class='ocr_par' dir='ltr' id='par_1_45' title="bbox 992 1091 1768 1129">
     <span class='ocr_line' id='line_1_45' title="bbox 992 1091 1768 1129; baseline -0.001 -9"><span class='ocrx_word' id='word_1_332' title='bbox 992 1093 1041 1120; x_wconf 85' lang='lat' dir='ltr'><strong>lem</strong></span> <span class='ocrx_word' id='word_1_333' title='bbox 1055 1092 1282 1126; x_wconf 86' lang='lat' dir='ltr'><strong>persecutionem.</strong></span> <span class='ocrx_word' id='word_1_334' title='bbox 1295 1091 1326 1119; x_wconf 82' lang='lat' dir='ltr'><strong>Et</strong></span> <span class='ocrx_word' id='word_1_335' title='bbox 1338 1100 1371 1119; x_wconf 89' lang='lat' dir='ltr'><strong>ne</strong></span> <span class='ocrx_word' id='word_1_336' title='bbox 1386 1097 1451 1120; x_wconf 91' lang='lat' dir='ltr'><strong>tunc</strong></span> <span class='ocrx_word' id='word_1_337' title='bbox 1465 1093 1573 1128; x_wconf 90' lang='lat' dir='ltr'><strong>quidem</strong></span> <span class='ocrx_word' id='word_1_338' title='bbox 1591 1095 1768 1129; x_wconf 86' lang='lat' dir='ltr'><strong>resipiscetis.</strong></span> 
     </span>
    </p>
   </div>
   <div class='ocr_carea' id='block_1_46' title="bbox 152 1136 1772 1181">
    <p class='ocr_par' dir='ltr' id='par_1_46' title="bbox 152 1136 1772 1181">
     <span class='ocr_line' id='line_1_46' title="bbox 152 1136 1772 1181; baseline -0.004 -8"><span class='ocrx_word' id='word_1_339' title='bbox 152 1146 205 1174; x_wconf 64' lang='grc' dir='ltr'>σῦν</span> <span class='ocrx_word' id='word_1_340' title='bbox 220 1145 376 1181; x_wconf 69' lang='grc' dir='ltr'>προσόψαυν</span> <span class='ocrx_word' id='word_1_341' title='bbox 390 1143 480 1173; x_wconf 84' lang='grc' dir='ltr'>αὐτοῖς</span> <span class='ocrx_word' id='word_1_342' title='bbox 494 1141 534 1172; x_wconf 85' lang='grc' dir='ltr'><strong>είς</strong></span> <span class='ocrx_word' id='word_1_343' title='bbox 550 1139 736 1175; x_wconf 80' lang='grc' dir='ltr'>αἰχμαλωσίαν</span> <span class='ocrx_word' id='word_1_344' title='bbox 752 1139 865 1172; x_wconf 82' lang='grc' dir='ltr'>ἀπάγων</span> <span class='ocrx_word' id='word_1_345' title='bbox 875 1145 882 1151; x_wconf 92' lang='grc'>·</span> <span class='ocrx_word' id='word_1_346' title='bbox 902 1138 974 1164; x_wconf 86' lang='grc' dir='ltr'>ἆπαν</span> <span class='ocrx_word' id='word_1_347' title='bbox 991 1146 1021 1164; x_wconf 87' lang='grc' dir='ltr'><strong>τε</strong></span> <span class='ocrx_word' id='word_1_348' title='bbox 1040 1137 1116 1172; x_wconf 84' lang='grc' dir='ltr'>ὑμῶν</span> <span class='ocrx_word' id='word_1_349' title='bbox 1135 1137 1166 1163; x_wconf 76' lang='grc' dir='ltr'><strong>τὸ</strong></span> <span class='ocrx_word' id='word_1_350' title='bbox 1182 1136 1282 1168; x_wconf 82' lang='grc' dir='ltr'>πλῆθος</span> <span class='ocrx_word' id='word_1_351' title='bbox 1295 1136 1389 1172; x_wconf 83' lang='grc' dir='ltr'>ὥσπερ</span> <span class='ocrx_word' id='word_1_352' title='bbox 1411 1138 1464 1164; x_wconf 69' lang='grc' dir='ltr'>τινὶ</span> <span class='ocrx_word' id='word_1_353' title='bbox 1483 1138 1549 1173; x_wconf 79' lang='grc' dir='ltr'>πυρὶ</span> <span class='ocrx_word' id='word_1_354' title='bbox 1569 1139 1772 1166; x_wconf 72' lang='grc' dir='ltr'>καταναλίσκων</span> 
     </span>
    </p>
   </div>
   <div class='ocr_carea' id='block_1_47' title="bbox 151 1182 1266 1227">
    <p class='ocr_par' dir='ltr' id='par_1_47' title="bbox 151 1182 1266 1227">
     <span class='ocr_line' id='line_1_47' title="bbox 151 1182 1266 1227; baseline -0.009 -9"><span class='ocrx_word' id='word_1_355' title='bbox 151 1193 184 1227; x_wconf 82' lang='grc' dir='ltr'><strong>τῇ</strong></span> <span class='ocrx_word' id='word_1_356' title='bbox 198 1191 243 1220; x_wconf 65' lang='grc' dir='ltr'>διὰ</span> <span class='ocrx_word' id='word_1_357' title='bbox 260 1191 317 1218; x_wconf 82' lang='grc' dir='ltr'>τῶν</span> <span class='ocrx_word' id='word_1_358' title='bbox 330 1187 465 1224; x_wconf 81' lang='grc' dir='ltr'>πολεμίων</span> <span class='ocrx_word' id='word_1_359' title='bbox 479 1187 543 1222; x_wconf 79' lang='grc' dir='ltr'>ὑμῖν</span> <span class='ocrx_word' id='word_1_360' title='bbox 557 1185 719 1221; x_wconf 69' lang='grc' dir='ltr'>ἐπαγομένη</span> <span class='ocrx_word' id='word_1_361' title='bbox 734 1184 854 1220; x_wconf 77' lang='grc' dir='ltr'>τιμωρίᾳ</span> <span class='ocrx_word' id='word_1_362' title='bbox 863 1192 870 1198; x_wconf 92' lang='grc'>·</span> <span class='ocrx_word' id='word_1_363' title='bbox 893 1184 1070 1218; x_wconf 83' lang='grc' dir='ltr'>μετανοήσετε</span> <span class='ocrx_word' id='word_1_364' title='bbox 1083 1183 1112 1209; x_wconf 83' lang='grc' dir='ltr'><strong>δὲ</strong></span> <span class='ocrx_word' id='word_1_365' title='bbox 1126 1182 1186 1209; x_wconf 78' lang='grc' dir='ltr'>οὐδὲ</span> <span class='ocrx_word' id='word_1_366' title='bbox 1196 1182 1266 1209; x_wconf 81' lang='grc' dir='ltr'>τότε.</span> 
     </span>
    </p>
   </div>
   <div class='ocr_carea' id='block_1_48' title="bbox 188 1230 938 1272">
    <p class='ocr_par' dir='ltr' id='par_1_48' title="bbox 188 1230 938 1272">
     <span class='ocr_line' id='line_1_48' title="bbox 188 1230 938 1272; baseline -0.013 -7"><span class='ocrx_word' id='word_1_367' title='bbox 188 1238 263 1272; x_wconf 82' lang='grc' dir='ltr'>Στίχ.</span> <span class='ocrx_word' id='word_1_368' title='bbox 279 1238 373 1270; x_wconf 78' lang='grc' dir='ltr'>ια’-ιγ’.</span> <span class='ocrx_word' id='word_1_369' title='bbox 389 1249 423 1254; x_wconf 93' lang='lat'><strong>——</strong></span> <span class='ocrx_word' id='word_1_370' title='bbox 441 1243 451 1259; x_wconf 73' lang='grc' dir='ltr'><strong>ι</strong></span> <span class='ocrx_word' id='word_1_371' title='bbox 470 1232 650 1269; x_wconf 79' lang='grc' dir='ltr'>Κατέστρεψα</span> <span class='ocrx_word' id='word_1_372' title='bbox 665 1231 737 1266; x_wconf 71' lang='grc' dir='ltr'>ὑμᾶς</span> <span class='ocrx_word' id='word_1_373' title='bbox 754 1230 844 1262; x_wconf 82' lang='grc' dir='ltr'>καθὼς</span> <span class='ocrx_word' id='word_1_374' title='bbox 875 1238 938 1256; x_wconf 84' lang='grc' dir='ltr'>κατ-</span> 
     </span>
    </p>
   </div>
   <div class='ocr_carea' id='block_1_49' title="bbox 153 1275 941 1319">
    <p class='ocr_par' dir='ltr' id='par_1_49' title="bbox 153 1275 941 1319">
     <span class='ocr_line' id='line_1_49' title="bbox 153 1275 941 1319; baseline -0.011 -9"><span class='ocrx_word' id='word_1_375' title='bbox 153 1283 283 1319; x_wconf 75' lang='grc' dir='ltr'>έστρεψεν</span> <span class='ocrx_word' id='word_1_376' title='bbox 299 1282 313 1308; x_wconf 81' lang='grc' dir='ltr'><strong>ὁ</strong></span> <span class='ocrx_word' id='word_1_377' title='bbox 331 1281 397 1312; x_wconf 69' lang='grc' dir='ltr'>Θεὸς</span> <span class='ocrx_word' id='word_1_378' title='bbox 420 1280 524 1314; x_wconf 78' lang='grc' dir='ltr'>Σόδομα</span> <span class='ocrx_word' id='word_1_379' title='bbox 533 1279 580 1305; x_wconf 75' lang='grc' dir='ltr'>καὶ</span> <span class='ocrx_word' id='word_1_380' title='bbox 591 1278 716 1314; x_wconf 71' lang='grc' dir='ltr'>Γόμορρα</span> <span class='ocrx_word' id='word_1_381' title='bbox 727 1286 734 1292; x_wconf 67' lang='grc'><strong><em>⁸</em></strong></span> <span class='ocrx_word' id='word_1_382' title='bbox 754 1277 802 1303; x_wconf 80' lang='grc' dir='ltr'>καὶ</span> <span class='ocrx_word' id='word_1_383' title='bbox 817 1275 941 1310; x_wconf 76' lang='grc' dir='ltr'><strong>ἐγένεσθε</strong></span> 
     </span>
    </p>
   </div>
   <div class='ocr_carea' id='block_1_50' title="bbox 152 1321 942 1361">
    <p class='ocr_par' dir='ltr' id='par_1_50' title="bbox 152 1321 942 1361">
     <span class='ocr_line' id='line_1_50' title="bbox 152 1321 942 1361; baseline -0.01 -6"><span class='ocrx_word' id='word_1_384' title='bbox 152 1330 190 1361; x_wconf 80' lang='grc' dir='ltr'>ὡς</span> <span class='ocrx_word' id='word_1_385' title='bbox 208 1329 288 1359; x_wconf 78' lang='grc' dir='ltr'>δαλὸς</span> <span class='ocrx_word' id='word_1_386' title='bbox 313 1325 513 1361; x_wconf 79' lang='grc' dir='ltr'>ὲξεσπασμένος</span> <span class='ocrx_word' id='word_1_387' title='bbox 533 1325 565 1351; x_wconf 73' lang='grc' dir='ltr'>ἐκ</span> <span class='ocrx_word' id='word_1_388' title='bbox 586 1323 686 1359; x_wconf 81' lang='grc' dir='ltr'>πυρός·</span> <span class='ocrx_word' id='word_1_389' title='bbox 709 1322 757 1349; x_wconf 72' lang='grc' dir='ltr'>καὶ</span> <span class='ocrx_word' id='word_1_390' title='bbox 781 1322 836 1348; x_wconf 76' lang='grc' dir='ltr'><strong>οὐδ’</strong></span> <span class='ocrx_word' id='word_1_391' title='bbox 855 1321 942 1352; x_wconf 76' lang='grc' dir='ltr'>οὕτως</span> 
     </span>
    </p>
   </div>
   <div class='ocr_carea' id='block_1_51' title="bbox 153 1367 942 1410">
    <p class='ocr_par' dir='ltr' id='par_1_51' title="bbox 153 1367 942 1410">
     <span class='ocr_line' id='line_1_51' title="bbox 153 1367 942 1410; baseline -0.011 -8"><span class='ocrx_word' id='word_1_392' title='bbox 153 1373 341 1410; x_wconf 66' lang='grc' dir='ltr'>ἐπεστρέψατε</span> <span class='ocrx_word' id='word_1_393' title='bbox 355 1372 421 1406; x_wconf 81' lang='grc' dir='ltr'>πρός</span> <span class='ocrx_word' id='word_1_394' title='bbox 438 1380 482 1406; x_wconf 77' lang='grc' dir='ltr'>με,</span> <span class='ocrx_word' id='word_1_395' title='bbox 496 1370 571 1403; x_wconf 85' lang='grc' dir='ltr'>λέγει</span> <span class='ocrx_word' id='word_1_396' title='bbox 589 1368 700 1404; x_wconf 82' lang='grc' dir='ltr'>Κύριος.</span> <span class='ocrx_word' id='word_1_397' title='bbox 716 1378 724 1394; x_wconf 75' lang='lat' dir='ltr'><strong>i</strong></span> <span class='ocrx_word' id='word_1_398' title='bbox 743 1367 780 1394; x_wconf 86' lang='grc' dir='ltr'><strong>Τὸ</strong></span> <span class='ocrx_word' id='word_1_399' title='bbox 790 1367 942 1394; x_wconf 83' lang='grc' dir='ltr'>τελευταῖον</span> 
     </span>
    </p>
   </div>
   <div class='ocr_carea' id='block_1_52' title="bbox 153 1412 942 1455">
    <p class='ocr_par' dir='ltr' id='par_1_52' title="bbox 153 1412 942 1455">
     <span class='ocr_line' id='line_1_52' title="bbox 153 1412 942 1455; baseline -0.011 -8"><span class='ocrx_word' id='word_1_400' title='bbox 153 1420 276 1455; x_wconf 71' lang='grc' dir='ltr'>παντελῆ</span> <span class='ocrx_word' id='word_1_401' title='bbox 291 1419 342 1454; x_wconf 72' lang='grc' dir='ltr'>τὴν</span> <span class='ocrx_word' id='word_1_402' title='bbox 356 1418 473 1453; x_wconf 78' lang='grc' dir='ltr'>ἐρημίαν</span> <span class='ocrx_word' id='word_1_403' title='bbox 497 1417 562 1452; x_wconf 80' lang='grc' dir='ltr'>ὑμῖν</span> <span class='ocrx_word' id='word_1_404' title='bbox 581 1416 720 1450; x_wconf 76' lang='grc' dir='ltr'>ἐπήγαγον</span> <span class='ocrx_word' id='word_1_405' title='bbox 745 1412 942 1449; x_wconf 78' lang='grc' dir='ltr'>παραπλησίως</span> 
     </span>
    </p>
   </div>
   <div class='ocr_carea' id='block_1_53' title="bbox 153 1457 942 1502">
    <p class='ocr_par' dir='ltr' id='par_1_53' title="bbox 153 1457 942 1502">
     <span class='ocr_line' id='line_1_53' title="bbox 153 1457 942 1502; baseline -0.013 -9"><span class='ocrx_word' id='word_1_406' title='bbox 153 1467 282 1502; x_wconf 68' lang='grc' dir='ltr'>Σοδόμοις</span> <span class='ocrx_word' id='word_1_407' title='bbox 297 1474 328 1491; x_wconf 85' lang='grc' dir='ltr'><strong>τε</strong></span> <span class='ocrx_word' id='word_1_408' title='bbox 343 1464 391 1491; x_wconf 82' lang='grc' dir='ltr'>καὶ</span> <span class='ocrx_word' id='word_1_409' title='bbox 412 1463 558 1498; x_wconf 46' lang='lat' dir='ltr'><strong>reuma;</strong></span> <span class='ocrx_word' id='word_1_410' title='bbox 568 1470 576 1477; x_wconf 83' lang='lat'><strong>&#39;</strong></span> <span class='ocrx_word' id='word_1_411' title='bbox 591 1461 660 1488; x_wconf 83' lang='grc' dir='ltr'>ὥστε</span> <span class='ocrx_word' id='word_1_412' title='bbox 677 1460 750 1495; x_wconf 83' lang='grc' dir='ltr'>ὑμᾶς</span> <span class='ocrx_word' id='word_1_413' title='bbox 770 1459 847 1494; x_wconf 84' lang='grc' dir='ltr'>δίκην</span> <span class='ocrx_word' id='word_1_414' title='bbox 863 1457 942 1485; x_wconf 79' lang='grc' dir='ltr'>δαλοῦ</span> 
     </span>
    </p>
   </div>
   <div class='ocr_carea' id='block_1_54' title="bbox 153 1504 943 1545">
    <p class='ocr_par' dir='ltr' id='par_1_54' title="bbox 153 1504 943 1545">
     <span class='ocr_line' id='line_1_54' title="bbox 153 1504 943 1545; baseline -0.011 -7"><span class='ocrx_word' id='word_1_415' title='bbox 153 1510 415 1545; x_wconf 79' lang='grc' dir='ltr'>καταπεφλεγμένου</span> <span class='ocrx_word' id='word_1_416' title='bbox 431 1507 608 1542; x_wconf 78' lang='grc' dir='ltr'>πεπυρῶσθαι</span> <span class='ocrx_word' id='word_1_417' title='bbox 619 1515 649 1533; x_wconf 82' lang='grc' dir='ltr'>τε</span> <span class='ocrx_word' id='word_1_418' title='bbox 665 1506 711 1532; x_wconf 78' lang='grc' dir='ltr'>καὶ</span> <span class='ocrx_word' id='word_1_419' title='bbox 732 1504 943 1540; x_wconf 75' lang='grc' dir='ltr'>περιϐεϐλῆσθαι</span> 
     </span>
    </p>
   </div>
   <div class='ocr_carea' id='block_1_55' title="bbox 153 1550 943 1591">
    <p class='ocr_par' dir='ltr' id='par_1_55' title="bbox 153 1550 943 1591">
     <span class='ocr_line' id='line_1_55' title="bbox 153 1550 943 1591; baseline -0.011 -7"><span class='ocrx_word' id='word_1_420' title='bbox 153 1559 209 1589; x_wconf 76' lang='grc' dir='ltr'>τοῖς</span> <span class='ocrx_word' id='word_1_421' title='bbox 231 1555 377 1591; x_wconf 75' lang='grc' dir='ltr'>ὲπαχῦεῖσι</span> <span class='ocrx_word' id='word_1_422' title='bbox 397 1555 490 1585; x_wconf 80' lang='grc' dir='ltr'>κακοῖς</span> <span class='ocrx_word' id='word_1_423' title='bbox 503 1561 509 1567; x_wconf 94' lang='grc'><strong>·</strong></span> <span class='ocrx_word' id='word_1_424' title='bbox 530 1552 587 1579; x_wconf 77' lang='grc' dir='ltr'>ἀλλ’</span> <span class='ocrx_word' id='word_1_425' title='bbox 600 1552 660 1578; x_wconf 75' lang='grc' dir='ltr'><strong>οὐδὲ</strong></span> <span class='ocrx_word' id='word_1_426' title='bbox 674 1552 706 1577; x_wconf 79' lang='grc' dir='ltr'>ἐκ</span> <span class='ocrx_word' id='word_1_427' title='bbox 723 1550 826 1577; x_wconf 83' lang='grc' dir='ltr'>τούτων</span> <span class='ocrx_word' id='word_1_428' title='bbox 838 1557 943 1583; x_wconf 45' lang='lat' dir='ltr'><strong>mepe-</strong></span> 
     </span>
    </p>
   </div>
   <div class='ocr_carea' id='block_1_56' title="bbox 154 1594 942 1638">
    <p class='ocr_par' dir='ltr' id='par_1_56' title="bbox 154 1594 942 1638">
     <span class='ocr_line' id='line_1_56' title="bbox 154 1594 942 1638; baseline -0.011 -10"><span class='ocrx_word' id='word_1_429' title='bbox 154 1603 250 1638; x_wconf 77' lang='grc' dir='ltr'>νισμόν</span> <span class='ocrx_word' id='word_1_430' title='bbox 268 1609 332 1628; x_wconf 83' lang='grc' dir='ltr'>τινα</span> <span class='ocrx_word' id='word_1_431' title='bbox 354 1599 496 1634; x_wconf 57' lang='grc' dir='ltr'>δεὸύησθε</span> <span class='ocrx_word' id='word_1_432' title='bbox 513 1597 653 1630; x_wconf 78' lang='grc' dir='ltr'>δέξασθα·,</span> <span class='ocrx_word' id='word_1_433' title='bbox 667 1595 793 1624; x_wconf 79' lang='grc' dir='ltr'>Τοσαῦτα</span> <span class='ocrx_word' id='word_1_434' title='bbox 813 1594 942 1629; x_wconf 82' lang='grc' dir='ltr'>είρηκὼς,</span> 
     </span>
    </p>
   </div>
   <div class='ocr_carea' id='block_1_57' title="bbox 151 1640 941 1682">
    <p class='ocr_par' dir='ltr' id='par_1_57' title="bbox 151 1640 941 1682">
     <span class='ocr_line' id='line_1_57' title="bbox 151 1640 941 1682; baseline -0.011 -7"><span class='ocrx_word' id='word_1_435' title='bbox 151 1645 191 1675; x_wconf 75' lang='grc' dir='ltr'><strong>ὧν</strong></span> <span class='ocrx_word' id='word_1_436' title='bbox 207 1646 385 1682; x_wconf 76' lang='grc' dir='ltr'>ἐπαχθέντων</span> <span class='ocrx_word' id='word_1_437' title='bbox 398 1645 488 1677; x_wconf 83' lang='grc' dir='ltr'>αὐτοῖς</span> <span class='ocrx_word' id='word_1_438' title='bbox 503 1644 534 1670; x_wconf 82' lang='grc' dir='ltr'>οὺ</span> <span class='ocrx_word' id='word_1_439' title='bbox 550 1643 676 1678; x_wconf 81' lang='grc' dir='ltr'>γεγόνασι</span> <span class='ocrx_word' id='word_1_440' title='bbox 691 1641 819 1677; x_wconf 83' lang='grc' dir='ltr'>βελτίους,</span> <span class='ocrx_word' id='word_1_441' title='bbox 833 1640 941 1673; x_wconf 78' lang='grc' dir='ltr'><strong>ἐπάγει·</strong></span> 
     </span>
    </p>
   </div>
   <div class='ocr_carea' id='block_1_58' title="bbox 157 1685 943 1723">
    <p class='ocr_par' dir='ltr' id='par_1_58' title="bbox 157 1685 943 1723">
     <span class='ocr_line' id='line_1_58' title="bbox 157 1685 943 1723; baseline -0.011 -5"><span class='ocrx_word' id='word_1_442' title='bbox 157 1702 166 1717; x_wconf 77' lang='grc' dir='ltr'><strong>ι</strong></span> <span class='ocrx_word' id='word_1_443' title='bbox 186 1692 234 1718; x_wconf 68' lang='grc' dir='ltr'><strong>Διὶ</strong></span> <span class='ocrx_word' id='word_1_444' title='bbox 254 1690 338 1717; x_wconf 74' lang='grc' dir='ltr'>τοῦτο</span> <span class='ocrx_word' id='word_1_445' title='bbox 356 1688 443 1718; x_wconf 75' lang='grc' dir='ltr'>οὕτως</span> <span class='ocrx_word' id='word_1_446' title='bbox 465 1688 571 1723; x_wconf 75' lang='grc' dir='ltr'>ποιήσω</span> <span class='ocrx_word' id='word_1_447' title='bbox 595 1695 646 1718; x_wconf 82' lang='grc' dir='ltr'>σοι,</span> <span class='ocrx_word' id='word_1_448' title='bbox 663 1686 785 1722; x_wconf 83' lang='grc' dir='ltr'>Ἰσραήλ·</span> <span class='ocrx_word' id='word_1_449' title='bbox 809 1685 878 1720; x_wconf 80' lang='grc' dir='ltr'>πλὴν</span> <span class='ocrx_word' id='word_1_450' title='bbox 902 1685 943 1710; x_wconf 79' lang='grc' dir='ltr'>ὅτι</span> 
     </span>
    </p>
   </div>
   <div class='ocr_carea' id='block_1_59' title="bbox 155 1729 944 1770">
    <p class='ocr_par' dir='ltr' id='par_1_59' title="bbox 155 1729 944 1770">
     <span class='ocr_line' id='line_1_59' title="bbox 155 1729 944 1770; baseline -0.01 -7"><span class='ocrx_word' id='word_1_451' title='bbox 155 1737 240 1769; x_wconf 75' lang='grc' dir='ltr'>οὕτως</span> <span class='ocrx_word' id='word_1_452' title='bbox 262 1735 370 1770; x_wconf 85' lang='grc' dir='ltr'>ποιήσω</span> <span class='ocrx_word' id='word_1_453' title='bbox 392 1742 443 1765; x_wconf 88' lang='grc' dir='ltr'>σοι,</span> <span class='ocrx_word' id='word_1_454' title='bbox 463 1732 606 1767; x_wconf 68' lang='grc' dir='ltr'>ἑτοιμάζοι)</span> <span class='ocrx_word' id='word_1_455' title='bbox 630 1731 676 1757; x_wconf 75' lang='grc' dir='ltr'>τοῦ</span> <span class='ocrx_word' id='word_1_456' title='bbox 695 1730 882 1758; x_wconf 77' lang='grc' dir='ltr'>ἐπικαλεῖσθαι</span> <span class='ocrx_word' id='word_1_457' title='bbox 898 1729 944 1756; x_wconf 71' lang='grc' dir='ltr'>τὴν</span> 
     </span>
    </p>
   </div>
   <div class='ocr_carea' id='block_1_60' title="bbox 155 1775 944 1815">
    <p class='ocr_par' dir='ltr' id='par_1_60' title="bbox 155 1775 944 1815">
     <span class='ocr_line' id='line_1_60' title="bbox 155 1775 944 1815; baseline -0.01 -6"><span class='ocrx_word' id='word_1_458' title='bbox 155 1782 220 1809; x_wconf 73' lang='grc' dir='ltr'>θεὸν</span> <span class='ocrx_word' id='word_1_459' title='bbox 237 1791 298 1811; x_wconf 81' lang='grc' dir='ltr'>σου,</span> <span class='ocrx_word' id='word_1_460' title='bbox 323 1779 447 1815; x_wconf 80' lang='grc' dir='ltr'>Ἰσραήλ·</span> <span class='ocrx_word' id='word_1_461' title='bbox 468 1779 535 1805; x_wconf 82' lang='grc' dir='ltr'>διότι</span> <span class='ocrx_word' id='word_1_462' title='bbox 558 1778 611 1804; x_wconf 73' lang='grc' dir='ltr'>ἰδοὺ</span> <span class='ocrx_word' id='word_1_463' title='bbox 630 1777 686 1811; x_wconf 79' lang='grc' dir='ltr'><strong>ἐγὼ</strong></span> <span class='ocrx_word' id='word_1_464' title='bbox 699 1777 815 1811; x_wconf 73' lang='grc' dir='ltr'>στερεῶν</span> <span class='ocrx_word' id='word_1_465' title='bbox 830 1775 944 1811; x_wconf 74' lang='grc' dir='ltr'>βροντὴν</span> 
     </span>
    </p>
   </div>
   <div class='ocr_carea' id='block_1_61' title="bbox 157 1821 944 1860">
    <p class='ocr_par' dir='ltr' id='par_1_61' title="bbox 157 1821 944 1860">
     <span class='ocr_line' id='line_1_61' title="bbox 157 1821 944 1860; baseline -0.01 -6"><span class='ocrx_word' id='word_1_466' title='bbox 157 1828 201 1854; x_wconf 77' lang='grc' dir='ltr'>καὶ</span> <span class='ocrx_word' id='word_1_467' title='bbox 220 1827 325 1858; x_wconf 72' lang='grc' dir='ltr'>κτίζων</span> <span class='ocrx_word' id='word_1_468' title='bbox 338 1824 456 1860; x_wconf 73' lang='grc' dir='ltr'>πνεῦμα,</span> <span class='ocrx_word' id='word_1_469' title='bbox 477 1824 523 1850; x_wconf 77' lang='grc' dir='ltr'>καὶ</span> <span class='ocrx_word' id='word_1_470' title='bbox 542 1822 718 1856; x_wconf 69' lang='grc' dir='ltr'>ἀπαγγέλλων</span> <span class='ocrx_word' id='word_1_471' title='bbox 730 1824 769 1853; x_wconf 89' lang='grc' dir='ltr'>εἰς</span> <span class='ocrx_word' id='word_1_472' title='bbox 785 1821 944 1856; x_wconf 74' lang='grc' dir='ltr'>ἀνθρώπους</span> 
     </span>
    </p>
   </div>
   <div class='ocr_carea' id='block_1_62' title="bbox 155 1865 945 1907">
    <p class='ocr_par' dir='ltr' id='par_1_62' title="bbox 155 1865 945 1907">
     <span class='ocr_line' id='line_1_62' title="bbox 155 1865 945 1907; baseline -0.013 -7"><span class='ocrx_word' id='word_1_473' title='bbox 155 1873 200 1900; x_wconf 63' lang='grc' dir='ltr'><strong>τὸν</strong></span> <span class='ocrx_word' id='word_1_474' title='bbox 220 1871 341 1907; x_wconf 65' lang='grc' dir='ltr'>Χριστὸν</span> <span class='ocrx_word' id='word_1_475' title='bbox 361 1869 467 1896; x_wconf 80' lang='grc' dir='ltr'>αὐτῶν·</span> <span class='ocrx_word' id='word_1_476' title='bbox 483 1868 568 1895; x_wconf 79' lang='grc' dir='ltr'>ποιῶν</span> <span class='ocrx_word' id='word_1_477' title='bbox 584 1868 680 1903; x_wconf 80' lang='grc' dir='ltr'>δρθρον</span> <span class='ocrx_word' id='word_1_478' title='bbox 697 1866 743 1893; x_wconf 78' lang='grc' dir='ltr'>καὶ</span> <span class='ocrx_word' id='word_1_479' title='bbox 761 1866 885 1901; x_wconf 75' lang='grc' dir='ltr'>ὁμίχλην,</span> <span class='ocrx_word' id='word_1_480' title='bbox 899 1865 945 1891; x_wconf 66' lang='grc' dir='ltr'>καὶ</span> 
     </span>
    </p>
   </div>
   <div class='ocr_carea' id='block_1_63' title="bbox 157 1909 943 1949">
    <p class='ocr_par' dir='ltr' id='par_1_63' title="bbox 157 1909 943 1949">
     <span class='ocr_line' id='line_1_63' title="bbox 157 1909 943 1949; baseline -0.013 -4"><span class='ocrx_word' id='word_1_481' title='bbox 157 1918 307 1945; x_wconf 57' lang='lat' dir='ltr'><strong>immrtan</strong></span> <span class='ocrx_word' id='word_1_482' title='bbox 331 1915 376 1942; x_wconf 71' lang='grc' dir='ltr'><strong>ἐπὶ</strong></span> <span class='ocrx_word' id='word_1_483' title='bbox 404 1915 438 1942; x_wconf 76' lang='grc' dir='ltr'>τὰ</span> <span class='ocrx_word' id='word_1_484' title='bbox 461 1913 518 1949; x_wconf 74' lang='grc' dir='ltr'>ὕψη</span> <span class='ocrx_word' id='word_1_485' title='bbox 541 1912 592 1947; x_wconf 84' lang='grc' dir='ltr'>τῆς</span> <span class='ocrx_word' id='word_1_486' title='bbox 616 1911 685 1947; x_wconf 79' lang='grc' dir='ltr'>γῆς’</span> <span class='ocrx_word' id='word_1_487' title='bbox 712 1910 815 1946; x_wconf 80' lang='grc' dir='ltr'>Κύριος</span> <span class='ocrx_word' id='word_1_488' title='bbox 834 1911 848 1936; x_wconf 85' lang='grc' dir='ltr'><strong>ὁ</strong></span> <span class='ocrx_word' id='word_1_489' title='bbox 867 1909 943 1940; x_wconf 78' lang='grc' dir='ltr'>Θεὸς,</span> 
     </span>
    </p>
   </div>
   <div class='ocr_carea' id='block_1_64' title="bbox 158 1955 946 2000">
    <p class='ocr_par' dir='ltr' id='par_1_64' title="bbox 158 1955 946 2000">
     <span class='ocr_line' id='line_1_64' title="bbox 158 1955 946 2000; baseline -0.014 -9"><span class='ocrx_word' id='word_1_490' title='bbox 158 1966 196 2000; x_wconf 62' lang='lat' dir='ltr'><strong>fp.</strong></span> <span class='ocrx_word' id='word_1_491' title='bbox 210 1964 261 1990; x_wconf 66' lang='lat' dir='ltr'><strong>l7!</strong></span> <span class='ocrx_word' id='word_1_492' title='bbox 274 1963 283 1998; x_wconf 91' lang='lat'>)</span> <span class='ocrx_word' id='word_1_493' title='bbox 302 1963 317 1988; x_wconf 84' lang='grc' dir='ltr'>ὁ</span> <span class='ocrx_word' id='word_1_494' title='bbox 334 1959 534 1995; x_wconf 75' lang='grc' dir='ltr'>Παντοκράτωρ</span> <span class='ocrx_word' id='word_1_495' title='bbox 545 1958 635 1992; x_wconf 67' lang='grc' dir='ltr'>νδνομα</span> <span class='ocrx_word' id='word_1_496' title='bbox 651 1955 734 1991; x_wconf 81' lang='grc' dir='ltr'>αὐτῷ.</span> <span class='ocrx_word' id='word_1_497' title='bbox 753 1965 761 1981; x_wconf 81' lang='grc' dir='ltr'><strong>ι</strong></span> <span class='ocrx_word' id='word_1_498' title='bbox 784 1955 853 1982; x_wconf 72' lang='grc' dir='ltr'>’Λλλ’</span> <span class='ocrx_word' id='word_1_499' title='bbox 864 1956 888 1981; x_wconf 81' lang='grc' dir='ltr'>εἰ</span> <span class='ocrx_word' id='word_1_500' title='bbox 899 1955 946 1980; x_wconf 80' lang='grc' dir='ltr'>καὶ</span> 
     </span>
    </p>
   </div>
   <div class='ocr_carea' id='block_1_65' title="bbox 157 2000 946 2042">
    <p class='ocr_par' dir='ltr' id='par_1_65' title="bbox 157 2000 946 2042">
     <span class='ocr_line' id='line_1_65' title="bbox 157 2000 946 2042; baseline -0.013 -6"><span class='ocrx_word' id='word_1_501' title='bbox 157 2009 272 2036; x_wconf 60' lang='grc' dir='ltr'><strong>ιτοιοῦτοι</strong></span> <span class='ocrx_word' id='word_1_502' title='bbox 285 2007 416 2042; x_wconf 75' lang='grc' dir='ltr'>γεγόνατε</span> <span class='ocrx_word' id='word_1_503' title='bbox 431 2005 495 2039; x_wconf 76' lang='grc' dir='ltr'>περὶ</span> <span class='ocrx_word' id='word_1_504' title='bbox 508 2003 568 2038; x_wconf 78' lang='grc' dir='ltr'><strong>ἐμὲ.</strong></span> <span class='ocrx_word' id='word_1_505' title='bbox 584 2003 640 2030; x_wconf 73' lang='grc' dir='ltr'>ἀλλ’</span> <span class='ocrx_word' id='word_1_506' title='bbox 651 2002 736 2036; x_wconf 72' lang='grc' dir='ltr'>ἔγωγε</span> <span class='ocrx_word' id='word_1_507' title='bbox 753 2001 822 2036; x_wconf 73' lang='grc' dir='ltr'>μετὰ</span> <span class='ocrx_word' id='word_1_508' title='bbox 831 2000 880 2035; x_wconf 82' lang='grc' dir='ltr'><strong>τὴν</strong></span> <span class='ocrx_word' id='word_1_509' title='bbox 890 2001 946 2026; x_wconf 78' lang='grc' dir='ltr'>πετ-</span> 
     </span>
    </p>
   </div>
   <div class='ocr_carea' id='block_1_66' title="bbox 159 2046 945 2090">
    <p class='ocr_par' dir='ltr' id='par_1_66' title="bbox 159 2046 945 2090">
     <span class='ocr_line' id='line_1_66' title="bbox 159 2046 945 2090; baseline -0.014 -8"><span class='ocrx_word' id='word_1_510' title='bbox 159 2064 208 2090; x_wconf 74' lang='grc' dir='ltr'><strong>ραν</strong></span> <span class='ocrx_word' id='word_1_511' title='bbox 221 2055 278 2081; x_wconf 82' lang='grc' dir='ltr'>τῶν</span> <span class='ocrx_word' id='word_1_512' title='bbox 294 2052 388 2080; x_wconf 84' lang='grc' dir='ltr'>κακῶν</span> <span class='ocrx_word' id='word_1_513' title='bbox 397 2051 519 2081; x_wconf 76' lang='grc' dir='ltr'>ἐκείνων,</span> <span class='ocrx_word' id='word_1_514' title='bbox 535 2049 581 2076; x_wconf 75' lang='grc' dir='ltr'><strong>ἐπὶ</strong></span> <span class='ocrx_word' id='word_1_515' title='bbox 594 2048 625 2074; x_wconf 69' lang='grc' dir='ltr'>τὸ</span> <span class='ocrx_word' id='word_1_516' title='bbox 635 2049 757 2082; x_wconf 77' lang='grc' dir='ltr'>κρεῖττον</span> <span class='ocrx_word' id='word_1_517' title='bbox 778 2046 945 2081; x_wconf 84' lang='grc' dir='ltr'>μεταστῆσαι</span> 
     </span>
    </p>
   </div>
   <div class='ocr_carea' id='block_1_67' title="bbox 160 2090 947 2135">
    <p class='ocr_par' dir='ltr' id='par_1_67' title="bbox 160 2090 947 2135">
     <span class='ocr_line' id='line_1_67' title="bbox 160 2090 947 2135; baseline -0.014 -8"><span class='ocrx_word' id='word_1_518' title='bbox 160 2099 343 2135; x_wconf 75' lang='grc' dir='ltr'>βεσούλευμαι</span> <span class='ocrx_word' id='word_1_519' title='bbox 358 2097 392 2123; x_wconf 80' lang='grc' dir='ltr'><strong>τὰ</strong></span> <span class='ocrx_word' id='word_1_520' title='bbox 415 2095 477 2122; x_wconf 83' lang='grc' dir='ltr'>καθ’</span> <span class='ocrx_word' id='word_1_521' title='bbox 495 2095 579 2129; x_wconf 73' lang='grc' dir='ltr'>ὑμᾶς,</span> <span class='ocrx_word' id='word_1_522' title='bbox 597 2093 674 2128; x_wconf 81' lang='grc' dir='ltr'>εἴπερ</span> <span class='ocrx_word' id='word_1_523' title='bbox 695 2090 741 2119; x_wconf 80' lang='grc' dir='ltr'>οὗν</span> <span class='ocrx_word' id='word_1_524' title='bbox 765 2091 825 2118; x_wconf 79' lang='grc' dir='ltr'>τότε</span> <span class='ocrx_word' id='word_1_525' title='bbox 842 2099 947 2126; x_wconf 75' lang='grc' dir='ltr'>σωφροο</span> 
     </span>
    </p>
   </div>
   <div class='ocr_carea' id='block_1_68' title="bbox 159 2137 946 2182">
    <p class='ocr_par' dir='ltr' id='par_1_68' title="bbox 159 2137 946 2182">
     <span class='ocr_line' id='line_1_68' title="bbox 159 2137 946 2182; baseline -0.014 -9"><span class='ocrx_word' id='word_1_526' title='bbox 159 2146 279 2182; x_wconf 76' lang='grc' dir='ltr'>νὲστεροι</span> <span class='ocrx_word' id='word_1_527' title='bbox 301 2145 335 2170; x_wconf 82' lang='grc' dir='ltr'>ὲκ</span> <span class='ocrx_word' id='word_1_528' title='bbox 349 2143 403 2169; x_wconf 85' lang='grc' dir='ltr'><strong>τῶν</strong></span> <span class='ocrx_word' id='word_1_529' title='bbox 422 2140 555 2169; x_wconf 77' lang='grc' dir='ltr'>τοσούτων</span> <span class='ocrx_word' id='word_1_530' title='bbox 577 2138 718 2174; x_wconf 77' lang='grc' dir='ltr'>γεγονότες</span> <span class='ocrx_word' id='word_1_531' title='bbox 739 2137 831 2164; x_wconf 82' lang='grc' dir='ltr'>κακῶν</span> <span class='ocrx_word' id='word_1_532' title='bbox 852 2137 946 2164; x_wconf 84' lang='grc' dir='ltr'>νεῦσαι</span> 
     </span>
    </p>
   </div>
   <div class='ocr_carea' id='block_1_69' title="bbox 160 2182 946 2227">
    <p class='ocr_par' dir='ltr' id='par_1_69' title="bbox 160 2182 946 2227">
     <span class='ocr_line' id='line_1_69' title="bbox 160 2182 946 2227; baseline -0.013 -9"><span class='ocrx_word' id='word_1_533' title='bbox 160 2192 225 2227; x_wconf 76' lang='grc' dir='ltr'>πρὸς</span> <span class='ocrx_word' id='word_1_534' title='bbox 237 2190 290 2225; x_wconf 73' lang='grc' dir='ltr'><strong>ἐμὲ</strong></span> <span class='ocrx_word' id='word_1_535' title='bbox 306 2187 493 2224; x_wconf 80' lang='grc' dir='ltr'>βουληθείητε·</span> <span class='ocrx_word' id='word_1_536' title='bbox 507 2187 521 2213; x_wconf 82' lang='grc' dir='ltr'>ὁ</span> <span class='ocrx_word' id='word_1_537' title='bbox 533 2185 588 2220; x_wconf 86' lang='grc' dir='ltr'><strong>γὰρ</strong></span> <span class='ocrx_word' id='word_1_538' title='bbox 599 2184 629 2211; x_wconf 82' lang='grc' dir='ltr'>τὸ</span> <span class='ocrx_word' id='word_1_539' title='bbox 639 2184 728 2219; x_wconf 82' lang='grc' dir='ltr'>ἀέριον</span> <span class='ocrx_word' id='word_1_540' title='bbox 743 2183 850 2218; x_wconf 82' lang='grc' dir='ltr'>πνεῦμα</span> <span class='ocrx_word' id='word_1_541' title='bbox 865 2182 946 2217; x_wconf 87' lang='grc' dir='ltr'>μαλα-</span> 
     </span>
    </p>
   </div>
   <div class='ocr_carea' id='block_1_70' title="bbox 159 2228 947 2267">
    <p class='ocr_par' dir='ltr' id='par_1_70' title="bbox 159 2228 947 2267">
     <span class='ocr_line' id='line_1_70' title="bbox 159 2228 947 2267; baseline -0.013 -4"><span class='ocrx_word' id='word_1_542' title='bbox 159 2238 205 2264; x_wconf 65' lang='lat' dir='ltr'><strong>xliv</strong></span> <span class='ocrx_word' id='word_1_543' title='bbox 220 2245 250 2262; x_wconf 90' lang='grc' dir='ltr'><strong>τε</strong></span> <span class='ocrx_word' id='word_1_544' title='bbox 263 2236 295 2262; x_wconf 84' lang='grc' dir='ltr'><strong>’ὸν</strong></span> <span class='ocrx_word' id='word_1_545' title='bbox 310 2234 358 2261; x_wconf 65' lang='grc' dir='ltr'>καὶ</span> <span class='ocrx_word' id='word_1_546' title='bbox 371 2232 557 2267; x_wconf 83' lang='grc' dir='ltr'>διαλελυμένον</span> <span class='ocrx_word' id='word_1_547' title='bbox 569 2230 666 2265; x_wconf 74' lang='grc' dir='ltr'>χαῦνόν</span> <span class='ocrx_word' id='word_1_548' title='bbox 678 2238 706 2255; x_wconf 88' lang='grc' dir='ltr'><strong>τε</strong></span> <span class='ocrx_word' id='word_1_549' title='bbox 718 2229 764 2255; x_wconf 70' lang='grc' dir='ltr'>καὶ</span> <span class='ocrx_word' id='word_1_550' title='bbox 776 2228 871 2264; x_wconf 84' lang='grc' dir='ltr'>ἀραιὸν</span> <span class='ocrx_word' id='word_1_551' title='bbox 883 2237 947 2254; x_wconf 85' lang='grc' dir='ltr'>παν-</span> 
     </span>
    </p>
   </div>
   <div class='ocr_carea' id='block_1_71' title="bbox 1024 1227 1774 1259">
    <p class='ocr_par' dir='ltr' id='par_1_71' title="bbox 1024 1227 1774 1259">
     <span class='ocr_line' id='line_1_71' title="bbox 1024 1227 1774 1259; baseline 0.004 -4"><span class='ocrx_word' id='word_1_552' title='bbox 1024 1227 1109 1256; x_wconf 75' lang='lat' dir='ltr'><strong>Vsus.</strong></span> <span class='ocrx_word' id='word_1_553' title='bbox 1127 1227 1219 1255; x_wconf 79' lang='grc'><strong>11-15.</strong></span> <span class='ocrx_word' id='word_1_554' title='bbox 1236 1243 1269 1248; x_wconf 95' lang='grc'><strong>-</strong></span> <span class='ocrx_word' id='word_1_555' title='bbox 1283 1237 1295 1253; x_wconf 80' lang='lat' dir='ltr'><strong>v</strong></span> <span class='ocrx_word' id='word_1_556' title='bbox 1317 1227 1443 1255; x_wconf 69' lang='lat' dir='ltr'><strong>Subveni</strong></span> <span class='ocrx_word' id='word_1_557' title='bbox 1467 1235 1524 1259; x_wconf 85' lang='lat' dir='ltr'><strong>vos,</strong></span> <span class='ocrx_word' id='word_1_558' title='bbox 1548 1228 1619 1256; x_wconf 89' lang='lat' dir='ltr'><strong>sicut</strong></span> <span class='ocrx_word' id='word_1_559' title='bbox 1640 1230 1774 1258; x_wconf 86' lang='lat' dir='ltr'><strong>subvertit</strong></span> 
     </span>
    </p>
   </div>
   <div class='ocr_carea' id='block_1_72' title="bbox 991 1273 1774 1305">
    <p class='ocr_par' dir='ltr' id='par_1_72' title="bbox 991 1273 1774 1305">
     <span class='ocr_line' id='line_1_72' title="bbox 991 1273 1774 1305; baseline 0.004 -4"><span class='ocrx_word' id='word_1_560' title='bbox 991 1273 1063 1301; x_wconf 85' lang='lat' dir='ltr'><strong>Deus</strong></span> <span class='ocrx_word' id='word_1_561' title='bbox 1081 1273 1199 1301; x_wconf 87' lang='lat' dir='ltr'><strong>Sodoma</strong></span> <span class='ocrx_word' id='word_1_562' title='bbox 1225 1278 1252 1300; x_wconf 89' lang='lat' dir='ltr'><strong>et</strong></span> <span class='ocrx_word' id='word_1_563' title='bbox 1274 1273 1436 1305; x_wconf 84' lang='lat' dir='ltr'><strong>Gomorrha,</strong></span> <span class='ocrx_word' id='word_1_564' title='bbox 1467 1278 1494 1300; x_wconf 77' lang='grc' dir='ltr'><strong>ιιι</strong></span> <span class='ocrx_word' id='word_1_565' title='bbox 1515 1273 1576 1302; x_wconf 79' lang='lat' dir='ltr'><strong>facti</strong></span> <span class='ocrx_word' id='word_1_566' title='bbox 1609 1277 1677 1303; x_wconf 88' lang='lat' dir='ltr'><strong>estis</strong></span> <span class='ocrx_word' id='word_1_567' title='bbox 1702 1277 1774 1304; x_wconf 79' lang='lat' dir='ltr'><strong>sicut</strong></span> 
     </span>
    </p>
   </div>
   <div class='ocr_carea' id='block_1_73' title="bbox 991 1319 1772 1355">
    <p class='ocr_par' dir='ltr' id='par_1_73' title="bbox 991 1319 1772 1355">
     <span class='ocr_line' id='line_1_73' title="bbox 991 1319 1772 1355; baseline 0.004 -9"><span class='ocrx_word' id='word_1_568' title='bbox 991 1319 1074 1346; x_wconf 82' lang='lat' dir='ltr'><strong>torris</strong></span> <span class='ocrx_word' id='word_1_569' title='bbox 1089 1324 1185 1346; x_wconf 85' lang='lat' dir='ltr'><strong>erutus</strong></span> <span class='ocrx_word' id='word_1_570' title='bbox 1202 1319 1235 1346; x_wconf 87' lang='lat' dir='ltr'><strong>de</strong></span> <span class='ocrx_word' id='word_1_571' title='bbox 1249 1319 1311 1354; x_wconf 86' lang='lat' dir='ltr'><strong>igne</strong></span> <span class='ocrx_word' id='word_1_572' title='bbox 1334 1327 1342 1353; x_wconf 87' lang='lat'><strong>;</strong></span> <span class='ocrx_word' id='word_1_573' title='bbox 1360 1323 1386 1346; x_wconf 88' lang='lat' dir='ltr'><strong>et</strong></span> <span class='ocrx_word' id='word_1_574' title='bbox 1404 1327 1437 1346; x_wconf 93' lang='lat' dir='ltr'><strong>ne</strong></span> <span class='ocrx_word' id='word_1_575' title='bbox 1452 1320 1492 1346; x_wconf 83' lang='lat' dir='ltr'><strong>sic</strong></span> <span class='ocrx_word' id='word_1_576' title='bbox 1513 1320 1622 1355; x_wconf 87' lang='lat' dir='ltr'><strong>quidem</strong></span> <span class='ocrx_word' id='word_1_577' title='bbox 1647 1323 1772 1349; x_wconf 85' lang='lat' dir='ltr'><strong>conversi</strong></span> 
     </span>
    </p>
   </div>
   <div class='ocr_carea' id='block_1_74' title="bbox 990 1364 1772 1402">
    <p class='ocr_par' dir='ltr' id='par_1_74' title="bbox 990 1364 1772 1402">
     <span class='ocr_line' id='line_1_74' title="bbox 990 1364 1772 1402; baseline 0.004 -10"><span class='ocrx_word' id='word_1_578' title='bbox 990 1365 1058 1392; x_wconf 83' lang='lat' dir='ltr'><strong>estis</strong></span> <span class='ocrx_word' id='word_1_579' title='bbox 1074 1364 1107 1391; x_wconf 88' lang='lat' dir='ltr'><strong>ad</strong></span> <span class='ocrx_word' id='word_1_580' title='bbox 1125 1372 1178 1396; x_wconf 87' lang='lat' dir='ltr'><strong>me.</strong></span> <span class='ocrx_word' id='word_1_581' title='bbox 1195 1364 1261 1392; x_wconf 91' lang='lat' dir='ltr'><strong>dicit</strong></span> <span class='ocrx_word' id='word_1_582' title='bbox 1278 1364 1420 1392; x_wconf 81' lang='lat' dir='ltr'><strong>Dominus.</strong></span> <span class='ocrx_word' id='word_1_583' title='bbox 1441 1374 1450 1391; x_wconf 76' lang='grc' dir='ltr'><strong>ι</strong></span> <span class='ocrx_word' id='word_1_584' title='bbox 1466 1364 1606 1393; x_wconf 74' lang='lat' dir='ltr'><strong>Postremo</strong></span> <span class='ocrx_word' id='word_1_585' title='bbox 1620 1368 1772 1402; x_wconf 78' lang='lat' dir='ltr'><strong>generalem</strong></span> 
     </span>
    </p>
   </div>
   <div class='ocr_carea' id='block_1_75' title="bbox 991 1410 1774 1445">
    <p class='ocr_par' dir='ltr' id='par_1_75' title="bbox 991 1410 1774 1445">
     <span class='ocr_line' id='line_1_75' title="bbox 991 1410 1774 1445; baseline 0.004 -8"><span class='ocrx_word' id='word_1_586' title='bbox 991 1411 1068 1438; x_wconf 86' lang='lat' dir='ltr'><strong>vobis</strong></span> <span class='ocrx_word' id='word_1_587' title='bbox 1082 1410 1236 1438; x_wconf 85' lang='lat' dir='ltr'><strong>vastitatem</strong></span> <span class='ocrx_word' id='word_1_588' title='bbox 1250 1410 1327 1437; x_wconf 86' lang='lat' dir='ltr'><strong>intuli</strong></span> <span class='ocrx_word' id='word_1_589' title='bbox 1338 1418 1415 1445; x_wconf 72' lang='lat' dir='ltr'><strong>aeque</strong></span> <span class='ocrx_word' id='word_1_590' title='bbox 1432 1418 1464 1437; x_wconf 89' lang='lat' dir='ltr'><strong>ac</strong></span> <span class='ocrx_word' id='word_1_591' title='bbox 1478 1410 1606 1439; x_wconf 89' lang='lat' dir='ltr'><strong>Sodomis</strong></span> <span class='ocrx_word' id='word_1_592' title='bbox 1617 1416 1644 1439; x_wconf 90' lang='lat' dir='ltr'><strong>et</strong></span> <span class='ocrx_word' id='word_1_593' title='bbox 1659 1412 1774 1440; x_wconf 86' lang='lat' dir='ltr'><strong>Gomor-</strong></span> 
     </span>
    </p>
   </div>
   <div class='ocr_carea' id='block_1_76' title="bbox 992 1454 1775 1490">
    <p class='ocr_par' dir='ltr' id='par_1_76' title="bbox 992 1454 1775 1490">
     <span class='ocr_line' id='line_1_76' title="bbox 992 1454 1775 1490; baseline 0.006 -8"><span class='ocrx_word' id='word_1_594' title='bbox 992 1456 1068 1487; x_wconf 81' lang='lat' dir='ltr'><strong>rliis;</strong></span> <span class='ocrx_word' id='word_1_595' title='bbox 1088 1454 1198 1490; x_wconf 69' lang='lat' dir='ltr'><strong>fecique</strong></span> <span class='ocrx_word' id='word_1_596' title='bbox 1215 1463 1273 1487; x_wconf 84' lang='lat' dir='ltr'><strong>vos,</strong></span> <span class='ocrx_word' id='word_1_597' title='bbox 1291 1455 1373 1482; x_wconf 90' lang='lat' dir='ltr'><strong>torris</strong></span> <span class='ocrx_word' id='word_1_598' title='bbox 1400 1455 1487 1484; x_wconf 85' lang='lat' dir='ltr'><strong>instar</strong></span> <span class='ocrx_word' id='word_1_599' title='bbox 1503 1456 1634 1490; x_wconf 88' lang='lat' dir='ltr'><strong>ardentis,</strong></span> <span class='ocrx_word' id='word_1_600' title='bbox 1652 1458 1775 1487; x_wconf 84' lang='lat' dir='ltr'><strong>molestis</strong></span> 
     </span>
    </p>
   </div>
   <div class='ocr_carea' id='block_1_77' title="bbox 993 1499 1775 1538">
    <p class='ocr_par' dir='ltr' id='par_1_77' title="bbox 993 1499 1775 1538">
     <span class='ocr_line' id='line_1_77' title="bbox 993 1499 1775 1538; baseline 0.008 -13"><span class='ocrx_word' id='word_1_601' title='bbox 993 1500 1123 1534; x_wconf 68' lang='lat' dir='ltr'><strong>implicari</strong></span> <span class='ocrx_word' id='word_1_602' title='bbox 1137 1503 1164 1526; x_wconf 90' lang='lat' dir='ltr'><strong>et</strong></span> <span class='ocrx_word' id='word_1_603' title='bbox 1189 1499 1265 1526; x_wconf 82' lang='lat' dir='ltr'><strong>exuri</strong></span> <span class='ocrx_word' id='word_1_604' title='bbox 1278 1499 1494 1533; x_wconf 73' lang='lat' dir='ltr'><strong>calamitatibus;</strong></span> <span class='ocrx_word' id='word_1_605' title='bbox 1511 1500 1557 1528; x_wconf 82' lang='lat' dir='ltr'><strong>sed</strong></span> <span class='ocrx_word' id='word_1_606' title='bbox 1581 1509 1668 1538; x_wconf 72' lang='lat' dir='ltr'><strong>neque</strong></span> <span class='ocrx_word' id='word_1_607' title='bbox 1681 1503 1717 1530; x_wconf 83' lang='lat' dir='ltr'><strong>ab</strong></span> <span class='ocrx_word' id='word_1_608' title='bbox 1732 1503 1775 1532; x_wconf 83' lang='lat' dir='ltr'><strong>his</strong></span> 
     </span>
    </p>
   </div>
   <div class='ocr_carea' id='block_1_78' title="bbox 992 1543 1775 1582">
    <p class='ocr_par' dir='ltr' id='par_1_78' title="bbox 992 1543 1775 1582">
     <span class='ocr_line' id='line_1_78' title="bbox 992 1543 1775 1582; baseline 0.005 -11"><span class='ocrx_word' id='word_1_609' title='bbox 992 1545 1209 1572; x_wconf 75' lang='lat' dir='ltr'><strong>emendationem</strong></span> <span class='ocrx_word' id='word_1_610' title='bbox 1233 1543 1351 1579; x_wconf 74' lang='lat' dir='ltr'><strong>aliquant</strong></span> <span class='ocrx_word' id='word_1_611' title='bbox 1393 1545 1521 1580; x_wconf 85' lang='lat' dir='ltr'><strong>potuistis</strong></span> <span class='ocrx_word' id='word_1_612' title='bbox 1558 1547 1691 1582; x_wconf 85' lang='lat' dir='ltr'><strong>accipere.</strong></span> <span class='ocrx_word' id='word_1_613' title='bbox 1728 1548 1775 1576; x_wconf 87' lang='lat' dir='ltr'><strong>llis</strong></span> 
     </span>
    </p>
   </div>
   <div class='ocr_carea' id='block_1_79' title="bbox 994 1589 1775 1624">
    <p class='ocr_par' dir='ltr' id='par_1_79' title="bbox 994 1589 1775 1624">
     <span class='ocr_line' id='line_1_79' title="bbox 994 1589 1775 1624; baseline 0.005 -8"><span class='ocrx_word' id='word_1_614' title='bbox 994 1589 1092 1622; x_wconf 80' lang='lat' dir='ltr'><strong>dictis,</strong></span> <span class='ocrx_word' id='word_1_615' title='bbox 1107 1589 1181 1624; x_wconf 84' lang='lat' dir='ltr'><strong>quod</strong></span> <span class='ocrx_word' id='word_1_616' title='bbox 1196 1597 1297 1624; x_wconf 80' lang='lat' dir='ltr'><strong>nempe</strong></span> <span class='ocrx_word' id='word_1_617' title='bbox 1322 1590 1357 1616; x_wconf 89' lang='lat' dir='ltr'><strong>ob</strong></span> <span class='ocrx_word' id='word_1_618' title='bbox 1372 1597 1421 1617; x_wconf 89' lang='lat' dir='ltr'><strong>eos</strong></span> <span class='ocrx_word' id='word_1_619' title='bbox 1436 1598 1527 1621; x_wconf 69' lang='lat' dir='ltr'><strong>casm.</strong></span> <span class='ocrx_word' id='word_1_620' title='bbox 1555 1594 1608 1618; x_wconf 83' lang='lat' dir='ltr'><strong>nn&#39;n</strong></span> <span class='ocrx_word' id='word_1_621' title='bbox 1630 1593 1684 1619; x_wconf 91' lang='lat' dir='ltr'><strong>sint</strong></span> <span class='ocrx_word' id='word_1_622' title='bbox 1713 1593 1775 1620; x_wconf 73' lang='lat' dir='ltr'><strong>facti</strong></span> 
     </span>
    </p>
   </div>
   <div class='ocr_carea' id='block_1_80' title="bbox 995 1635 1775 1671">
    <p class='ocr_par' dir='ltr' id='par_1_80' title="bbox 995 1635 1775 1671">
     <span class='ocr_line' id='line_1_80' title="bbox 995 1635 1775 1671; baseline 0.005 -10"><span class='ocrx_word' id='word_1_623' title='bbox 995 1636 1137 1665; x_wconf 81' lang='lat' dir='ltr'><strong>meliores.</strong></span> <span class='ocrx_word' id='word_1_624' title='bbox 1171 1635 1271 1662; x_wconf 84' lang='lat' dir='ltr'><strong>addit:</strong></span> <span class='ocrx_word' id='word_1_625' title='bbox 1296 1644 1306 1661; x_wconf 79' lang='grc' dir='ltr'><strong>ι</strong></span> <span class='ocrx_word' id='word_1_626' title='bbox 1326 1635 1497 1671; x_wconf 81' lang='lat' dir='ltr'><strong>Quapropter</strong></span> <span class='ocrx_word' id='word_1_627' title='bbox 1523 1637 1562 1663; x_wconf 81' lang='lat' dir='ltr'><strong>sic</strong></span> <span class='ocrx_word' id='word_1_628' title='bbox 1593 1636 1689 1664; x_wconf 79' lang='lat' dir='ltr'><strong>faciam</strong></span> <span class='ocrx_word' id='word_1_629' title='bbox 1715 1639 1775 1669; x_wconf 85' lang='lat' dir='ltr'><strong>tibi,</strong></span> 
     </span>
    </p>
   </div>
   <div class='ocr_carea' id='block_1_81' title="bbox 994 1680 1775 1716">
    <p class='ocr_par' dir='ltr' id='par_1_81' title="bbox 994 1680 1775 1716">
     <span class='ocr_line' id='line_1_81' title="bbox 994 1680 1775 1716; baseline 0.001 -7"><span class='ocrx_word' id='word_1_630' title='bbox 994 1681 1074 1709; x_wconf 80' lang='lat' dir='ltr'><strong>Israel</strong></span> <span class='ocrx_word' id='word_1_631' title='bbox 1095 1691 1100 1707; x_wconf 90' lang='lat'>:</span> <span class='ocrx_word' id='word_1_632' title='bbox 1116 1685 1258 1716; x_wconf 80' lang='lat' dir='ltr'><strong>postquam</strong></span> <span class='ocrx_word' id='word_1_633' title='bbox 1274 1681 1314 1709; x_wconf 86' lang='lat' dir='ltr'><strong>sie</strong></span> <span class='ocrx_word' id='word_1_634' title='bbox 1325 1680 1415 1708; x_wconf 79' lang='lat' dir='ltr'><strong>fecero</strong></span> <span class='ocrx_word' id='word_1_635' title='bbox 1430 1681 1487 1711; x_wconf 87' lang='lat' dir='ltr'><strong>tibi.</strong></span> <span class='ocrx_word' id='word_1_636' title='bbox 1513 1689 1634 1716; x_wconf 68' lang='lat' dir='ltr'><strong>prmpara</strong></span> <span class='ocrx_word' id='word_1_637' title='bbox 1651 1687 1717 1710; x_wconf 89' lang='lat' dir='ltr'><strong>teut</strong></span> <span class='ocrx_word' id='word_1_638' title='bbox 1733 1684 1775 1710; x_wconf 84' lang='lat' dir='ltr'><strong>in-</strong></span> 
     </span>
    </p>
   </div>
   <div class='ocr_carea' id='block_1_82' title="bbox 994 1725 1777 1762">
    <p class='ocr_par' dir='ltr' id='par_1_82' title="bbox 994 1725 1777 1762">
     <span class='ocr_line' id='line_1_82' title="bbox 994 1725 1777 1762; baseline 0.005 -10"><span class='ocrx_word' id='word_1_639' title='bbox 994 1734 1075 1754; x_wconf 61' lang='lat' dir='ltr'><strong>voms</strong></span> <span class='ocrx_word' id='word_1_640' title='bbox 1091 1725 1173 1753; x_wconf 84' lang='lat' dir='ltr'><strong>Deum</strong></span> <span class='ocrx_word' id='word_1_641' title='bbox 1193 1730 1280 1757; x_wconf 82' lang='lat' dir='ltr'><strong>tuum.</strong></span> <span class='ocrx_word' id='word_1_642' title='bbox 1311 1726 1404 1754; x_wconf 83' lang='lat' dir='ltr'><strong>Israel.</strong></span> <span class='ocrx_word' id='word_1_643' title='bbox 1421 1725 1489 1759; x_wconf 81' lang='lat' dir='ltr'><strong>Quia</strong></span> <span class='ocrx_word' id='word_1_644' title='bbox 1510 1734 1573 1754; x_wconf 87' lang='lat' dir='ltr'><strong>ecce</strong></span> <span class='ocrx_word' id='word_1_645' title='bbox 1589 1735 1639 1762; x_wconf 86' lang='lat' dir='ltr'><strong>ego</strong></span> <span class='ocrx_word' id='word_1_646' title='bbox 1664 1728 1777 1756; x_wconf 80' lang='lat' dir='ltr'><strong>ﬁrmans</strong></span> 
     </span>
    </p>
   </div>
   <div class='ocr_carea' id='block_1_83' title="bbox 994 1772 1778 1807">
    <p class='ocr_par' dir='ltr' id='par_1_83' title="bbox 994 1772 1778 1807">
     <span class='ocr_line' id='line_1_83' title="bbox 994 1772 1778 1807; baseline 0.001 -8"><span class='ocrx_word' id='word_1_647' title='bbox 994 1773 1155 1804; x_wconf 84' lang='lat' dir='ltr'><strong>tonitruum,</strong></span> <span class='ocrx_word' id='word_1_648' title='bbox 1167 1776 1194 1800; x_wconf 92' lang='lat' dir='ltr'><strong>et</strong></span> <span class='ocrx_word' id='word_1_649' title='bbox 1205 1780 1301 1800; x_wconf 81' lang='lat' dir='ltr'><strong>creatis</strong></span> <span class='ocrx_word' id='word_1_650' title='bbox 1314 1772 1451 1807; x_wconf 87' lang='lat' dir='ltr'><strong>spiritum.</strong></span> <span class='ocrx_word' id='word_1_651' title='bbox 1464 1777 1490 1799; x_wconf 91' lang='lat' dir='ltr'><strong>et</strong></span> <span class='ocrx_word' id='word_1_652' title='bbox 1507 1773 1674 1801; x_wconf 82' lang='lat' dir='ltr'><strong>annuntians</strong></span> <span class='ocrx_word' id='word_1_653' title='bbox 1690 1773 1778 1800; x_wconf 88' lang='lat' dir='ltr'><strong>homi-</strong></span> 
     </span>
    </p>
   </div>
   <div class='ocr_carea' id='block_1_84' title="bbox 995 1817 1776 1850">
    <p class='ocr_par' dir='ltr' id='par_1_84' title="bbox 995 1817 1776 1850">
     <span class='ocr_line' id='line_1_84' title="bbox 995 1817 1776 1850; baseline 0.001 -5"><span class='ocrx_word' id='word_1_654' title='bbox 995 1819 1074 1846; x_wconf 85' lang='lat' dir='ltr'><strong>nibus</strong></span> <span class='ocrx_word' id='word_1_655' title='bbox 1091 1818 1229 1846; x_wconf 90' lang='lat' dir='ltr'><strong>Christum</strong></span> <span class='ocrx_word' id='word_1_656' title='bbox 1241 1825 1334 1846; x_wconf 90' lang='lat' dir='ltr'><strong>eorum</strong></span> <span class='ocrx_word' id='word_1_657' title='bbox 1352 1827 1358 1846; x_wconf 91' lang='lat'><strong>:</strong></span> <span class='ocrx_word' id='word_1_658' title='bbox 1374 1817 1475 1845; x_wconf 78' lang='lat' dir='ltr'><strong>iaciens</strong></span> <span class='ocrx_word' id='word_1_659' title='bbox 1496 1826 1575 1846; x_wconf 91' lang='lat' dir='ltr'><strong>mane</strong></span> <span class='ocrx_word' id='word_1_660' title='bbox 1593 1822 1619 1846; x_wconf 88' lang='lat' dir='ltr'><strong>et</strong></span> <span class='ocrx_word' id='word_1_661' title='bbox 1638 1819 1776 1850; x_wconf 88' lang='lat' dir='ltr'><strong>nebulam.</strong></span> 
     </span>
    </p>
   </div>
   <div class='ocr_carea' id='block_1_85' title="bbox 994 1864 1776 1899">
    <p class='ocr_par' dir='ltr' id='par_1_85' title="bbox 994 1864 1776 1899">
     <span class='ocr_line' id='line_1_85' title="bbox 994 1864 1776 1899; baseline 0.001 -8"><span class='ocrx_word' id='word_1_662' title='bbox 994 1869 1021 1891; x_wconf 90' lang='lat' dir='ltr'><strong>et</strong></span> <span class='ocrx_word' id='word_1_663' title='bbox 1037 1864 1163 1899; x_wconf 84' lang='lat' dir='ltr'><strong>gradiens</strong></span> <span class='ocrx_word' id='word_1_664' title='bbox 1188 1872 1270 1899; x_wconf 81' lang='lat' dir='ltr'><strong>super</strong></span> <span class='ocrx_word' id='word_1_665' title='bbox 1295 1865 1401 1891; x_wconf 74' lang='lat' dir='ltr'><strong>excelsa</strong></span> <span class='ocrx_word' id='word_1_666' title='bbox 1426 1869 1515 1897; x_wconf 73' lang='lat' dir='ltr'><strong>terrae,</strong></span> <span class='ocrx_word' id='word_1_667' title='bbox 1542 1864 1672 1892; x_wconf 89' lang='lat' dir='ltr'><strong>Dominus</strong></span> <span class='ocrx_word' id='word_1_668' title='bbox 1695 1865 1776 1896; x_wconf 77' lang='lat' dir='ltr'><strong>Deus.</strong></span> 
     </span>
    </p>
   </div>
   <div class='ocr_carea' id='block_1_86' title="bbox 995 1908 1777 1944">
    <p class='ocr_par' dir='ltr' id='par_1_86' title="bbox 995 1908 1777 1944">
     <span class='ocr_line' id='line_1_86' title="bbox 995 1908 1777 1944; baseline 0 -7"><span class='ocrx_word' id='word_1_669' title='bbox 995 1918 1093 1937; x_wconf 77' lang='lat' dir='ltr'><strong>umncu</strong></span> <span class='ocrx_word' id='word_1_670' title='bbox 1113 1910 1137 1937; x_wconf 87' lang='lat' dir='ltr'><strong>ei</strong></span> <span class='ocrx_word' id='word_1_671' title='bbox 1154 1909 1341 1944; x_wconf 85' lang='lat' dir='ltr'><strong>Omnipotens.</strong></span> <span class='ocrx_word' id='word_1_672' title='bbox 1361 1919 1370 1935; x_wconf 83' lang='grc' dir='ltr'><strong>ι</strong></span> <span class='ocrx_word' id='word_1_673' title='bbox 1386 1908 1438 1936; x_wconf 87' lang='lat' dir='ltr'><strong>Sed</strong></span> <span class='ocrx_word' id='word_1_674' title='bbox 1455 1917 1609 1944; x_wconf 87' lang='lat' dir='ltr'><strong>quanquam</strong></span> <span class='ocrx_word' id='word_1_675' title='bbox 1632 1909 1700 1937; x_wconf 81' lang='lat' dir='ltr'><strong>tales</strong></span> <span class='ocrx_word' id='word_1_676' title='bbox 1713 1917 1777 1944; x_wconf 79' lang='lat' dir='ltr'><strong>erga</strong></span> 
     </span>
    </p>
   </div>
   <div class='ocr_carea' id='block_1_87' title="bbox 996 1955 1775 1989">
    <p class='ocr_par' dir='ltr' id='par_1_87' title="bbox 996 1955 1775 1989">
     <span class='ocr_line' id='line_1_87' title="bbox 996 1955 1775 1989; baseline 0 -7"><span class='ocrx_word' id='word_1_677' title='bbox 996 1963 1038 1982; x_wconf 91' lang='lat' dir='ltr'><strong>me</strong></span> <span class='ocrx_word' id='word_1_678' title='bbox 1052 1955 1153 1986; x_wconf 81' lang='lat' dir='ltr'><strong>fuistis,</strong></span> <span class='ocrx_word' id='word_1_679' title='bbox 1169 1962 1220 1989; x_wconf 91' lang='lat' dir='ltr'><strong>ego</strong></span> <span class='ocrx_word' id='word_1_680' title='bbox 1236 1958 1325 1982; x_wconf 82' lang='lat' dir='ltr'><strong>tamen</strong></span> <span class='ocrx_word' id='word_1_681' title='bbox 1349 1959 1492 1989; x_wconf 82' lang='lat' dir='ltr'><strong>postquam</strong></span> <span class='ocrx_word' id='word_1_682' title='bbox 1525 1955 1569 1982; x_wconf 90' lang='lat' dir='ltr'><strong>illa</strong></span> <span class='ocrx_word' id='word_1_683' title='bbox 1587 1955 1656 1981; x_wconf 83' lang='lat' dir='ltr'><strong>mala</strong></span> <span class='ocrx_word' id='word_1_684' title='bbox 1672 1956 1775 1989; x_wconf 73' lang='lat' dir='ltr'><strong>experti</strong></span> 
     </span>
    </p>
   </div>
   <div class='ocr_carea' id='block_1_88' title="bbox 997 1999 1778 2030">
    <p class='ocr_par' dir='ltr' id='par_1_88' title="bbox 997 1999 1778 2030">
     <span class='ocr_line' id='line_1_88' title="bbox 997 1999 1778 2030; baseline 0 -4"><span class='ocrx_word' id='word_1_685' title='bbox 997 2001 1112 2030; x_wconf 80' lang='lat' dir='ltr'><strong>fueritis.</strong></span> <span class='ocrx_word' id='word_1_686' title='bbox 1130 2007 1172 2027; x_wconf 90' lang='lat' dir='ltr'><strong>res</strong></span> <span class='ocrx_word' id='word_1_687' title='bbox 1188 2004 1292 2028; x_wconf 87' lang='lat' dir='ltr'><strong>vestras</strong></span> <span class='ocrx_word' id='word_1_688' title='bbox 1306 1999 1332 2026; x_wconf 93' lang='lat' dir='ltr'><strong>in</strong></span> <span class='ocrx_word' id='word_1_689' title='bbox 1347 2000 1484 2026; x_wconf 88' lang='lat' dir='ltr'><strong>meliorem</strong></span> <span class='ocrx_word' id='word_1_690' title='bbox 1504 2004 1604 2026; x_wconf 77' lang='lat' dir='ltr'><strong>statum</strong></span> <span class='ocrx_word' id='word_1_691' title='bbox 1619 2004 1778 2026; x_wconf 78' lang='lat' dir='ltr'><strong>convertere</strong></span> 
     </span>
    </p>
   </div>
   <div class='ocr_carea' id='block_1_89' title="bbox 996 2044 1776 2079">
    <p class='ocr_par' dir='ltr' id='par_1_89' title="bbox 996 2044 1776 2079">
     <span class='ocr_line' id='line_1_89' title="bbox 996 2044 1776 2079; baseline 0.004 -8"><span class='ocrx_word' id='word_1_692' title='bbox 996 2046 1096 2079; x_wconf 77' lang='lat' dir='ltr'><strong>cogito.</strong></span> <span class='ocrx_word' id='word_1_693' title='bbox 1123 2044 1152 2071; x_wconf 91' lang='lat' dir='ltr'><strong>Si</strong></span> <span class='ocrx_word' id='word_1_694' title='bbox 1175 2051 1240 2079; x_wconf 89' lang='lat' dir='ltr'><strong>ergo</strong></span> <span class='ocrx_word' id='word_1_695' title='bbox 1261 2044 1440 2072; x_wconf 86' lang='lat' dir='ltr'><strong>modestiores</strong></span> <span class='ocrx_word' id='word_1_696' title='bbox 1467 2045 1502 2073; x_wconf 84' lang='lat' dir='ltr'><strong>ab</strong></span> <span class='ocrx_word' id='word_1_697' title='bbox 1516 2045 1558 2072; x_wconf 90' lang='lat' dir='ltr'><strong>bis</strong></span> <span class='ocrx_word' id='word_1_698' title='bbox 1574 2046 1652 2072; x_wconf 91' lang='lat' dir='ltr'><strong>malis</strong></span> <span class='ocrx_word' id='word_1_699' title='bbox 1676 2045 1776 2074; x_wconf 76' lang='lat' dir='ltr'><strong>elleeti.</strong></span> 
     </span>
    </p>
   </div>
   <div class='ocr_carea' id='block_1_90' title="bbox 996 2090 1778 2125">
    <p class='ocr_par' dir='ltr' id='par_1_90' title="bbox 996 2090 1778 2125">
     <span class='ocr_line' id='line_1_90' title="bbox 996 2090 1778 2125; baseline 0 -7"><span class='ocrx_word' id='word_1_700' title='bbox 996 2091 1133 2125; x_wconf 76' lang='lat' dir='ltr'><strong>respicere</strong></span> <span class='ocrx_word' id='word_1_701' title='bbox 1164 2090 1197 2117; x_wconf 86' lang='lat' dir='ltr'><strong>ad</strong></span> <span class='ocrx_word' id='word_1_702' title='bbox 1213 2098 1255 2117; x_wconf 92' lang='lat' dir='ltr'><strong>me</strong></span> <span class='ocrx_word' id='word_1_703' title='bbox 1281 2090 1437 2122; x_wconf 79' lang='lat' dir='ltr'><strong>volueritis;</strong></span> <span class='ocrx_word' id='word_1_704' title='bbox 1462 2090 1533 2118; x_wconf 89' lang='lat' dir='ltr'><strong>sicut</strong></span> <span class='ocrx_word' id='word_1_705' title='bbox 1557 2090 1646 2118; x_wconf 84' lang='lat' dir='ltr'><strong>aerius</strong></span> <span class='ocrx_word' id='word_1_706' title='bbox 1666 2091 1778 2125; x_wconf 80' lang='lat' dir='ltr'><strong>spiritus</strong></span> 
     </span>
    </p>
   </div>
   <div class='ocr_carea' id='block_1_91' title="bbox 997 2136 1778 2171">
    <p class='ocr_par' dir='ltr' id='par_1_91' title="bbox 997 2136 1778 2171">
     <span class='ocr_line' id='line_1_91' title="bbox 997 2136 1778 2171; baseline -0.004 -8"><span class='ocrx_word' id='word_1_707' title='bbox 997 2144 1058 2163; x_wconf 80' lang='lat' dir='ltr'><strong>cum</strong></span> <span class='ocrx_word' id='word_1_708' title='bbox 1073 2136 1109 2163; x_wconf 90' lang='lat' dir='ltr'><strong>sit</strong></span> <span class='ocrx_word' id='word_1_709' title='bbox 1127 2136 1215 2162; x_wconf 86' lang='lat' dir='ltr'><strong>mollis</strong></span> <span class='ocrx_word' id='word_1_710' title='bbox 1230 2140 1255 2162; x_wconf 68' lang='lat' dir='ltr'><strong>et</strong></span> <span class='ocrx_word' id='word_1_711' title='bbox 1270 2136 1419 2164; x_wconf 76' lang='lat' dir='ltr'><strong>resolutus.</strong></span> <span class='ocrx_word' id='word_1_712' title='bbox 1430 2136 1496 2163; x_wconf 83' lang='lat' dir='ltr'><strong>levis</strong></span> <span class='ocrx_word' id='word_1_713' title='bbox 1515 2143 1647 2171; x_wconf 87' lang='lat' dir='ltr'><strong>rarusqne</strong></span> <span class='ocrx_word' id='word_1_714' title='bbox 1657 2136 1778 2166; x_wconf 74' lang='lat' dir='ltr'><strong>olnninn,</strong></span> 
     </span>
    </p>
   </div>
   <div class='ocr_carea' id='block_1_92' title="bbox 998 2180 1780 2215">
    <p class='ocr_par' dir='ltr' id='par_1_92' title="bbox 998 2180 1780 2215">
     <span class='ocr_line' id='line_1_92' title="bbox 998 2180 1780 2215; baseline 0 -7"><span class='ocrx_word' id='word_1_715' title='bbox 998 2181 1174 2209; x_wconf 80' lang='lat' dir='ltr'><strong>nihilominus</strong></span> <span class='ocrx_word' id='word_1_716' title='bbox 1194 2181 1262 2207; x_wconf 85' lang='lat' dir='ltr'><strong>adeo</strong></span> <span class='ocrx_word' id='word_1_717' title='bbox 1284 2181 1311 2208; x_wconf 93' lang='lat' dir='ltr'><strong>in</strong></span> <span class='ocrx_word' id='word_1_718' title='bbox 1339 2180 1473 2208; x_wconf 87' lang='lat' dir='ltr'><strong>turbinem</strong></span> <span class='ocrx_word' id='word_1_719' title='bbox 1490 2181 1612 2208; x_wconf 89' lang='lat' dir='ltr'><strong>eonvolvi</strong></span> <span class='ocrx_word' id='word_1_720' title='bbox 1629 2185 1728 2215; x_wconf 86' lang='lat' dir='ltr'><strong>potest,</strong></span> <span class='ocrx_word' id='word_1_721' title='bbox 1750 2187 1780 2208; x_wconf 86' lang='lat' dir='ltr'><strong>ut</strong></span> 
     </span>
    </p>
   </div>
   <div class='ocr_carea' id='block_1_93' title="bbox 997 2225 1779 2260">
    <p class='ocr_par' dir='ltr' id='par_1_93' title="bbox 997 2225 1779 2260">
     <span class='ocr_line' id='line_1_93' title="bbox 997 2225 1779 2260; baseline -0.003 -6"><span class='ocrx_word' id='word_1_722' title='bbox 997 2227 1087 2254; x_wconf 87' lang='lat' dir='ltr'><strong>editus</strong></span> <span class='ocrx_word' id='word_1_723' title='bbox 1114 2226 1188 2253; x_wconf 93' lang='lat' dir='ltr'><strong>illinc</strong></span> <span class='ocrx_word' id='word_1_724' title='bbox 1204 2226 1315 2252; x_wconf 90' lang='lat' dir='ltr'><strong>tonitrui</strong></span> <span class='ocrx_word' id='word_1_725' title='bbox 1335 2225 1426 2260; x_wconf 82' lang='lat' dir='ltr'><strong>fragor</strong></span> <span class='ocrx_word' id='word_1_726' title='bbox 1441 2229 1519 2252; x_wconf 78' lang='lat' dir='ltr'><strong>terra:</strong></span> <span class='ocrx_word' id='word_1_727' title='bbox 1533 2225 1629 2252; x_wconf 86' lang='lat' dir='ltr'><strong>incolis</strong></span> <span class='ocrx_word' id='word_1_728' title='bbox 1644 2225 1690 2252; x_wconf 84' lang='lat' dir='ltr'><strong>ﬁat</strong></span> <span class='ocrx_word' id='word_1_729' title='bbox 1707 2225 1779 2252; x_wconf 89' lang='lat' dir='ltr'><strong>into-</strong></span> 
     </span>
    </p>
   </div>
   <div class='ocr_carea' id='block_1_94' title="bbox 158 2270 941 2312">
    <p class='ocr_par' dir='ltr' id='par_1_94' title="bbox 158 2272 941 2312">
     <span class='ocr_line' id='line_1_94' title="bbox 158 2272 941 2312; baseline -0.011 -5"><span class='ocrx_word' id='word_1_730' title='bbox 158 2280 241 2312; x_wconf 80' lang='grc' dir='ltr'>τελῶς</span> <span class='ocrx_word' id='word_1_731' title='bbox 257 2279 307 2306; x_wconf 71' lang='grc' dir='ltr'><strong>ἐπὶ</strong></span> <span class='ocrx_word' id='word_1_732' title='bbox 321 2277 447 2305; x_wconf 74' lang='grc' dir='ltr'>τοσοῦτον</span> <span class='ocrx_word' id='word_1_733' title='bbox 463 2276 622 2312; x_wconf 67' lang='grc' dir='ltr'>συστρέφειν</span> <span class='ocrx_word' id='word_1_734' title='bbox 635 2274 793 2308; x_wconf 80' lang='grc' dir='ltr'>δυνάμενος,</span> <span class='ocrx_word' id='word_1_735' title='bbox 809 2273 877 2300; x_wconf 83' lang='grc' dir='ltr'>ὥστε</span> <span class='ocrx_word' id='word_1_736' title='bbox 899 2272 941 2299; x_wconf 55' lang='grc' dir='ltr'>και</span> 
     </span>
    </p>
   </div>
   <div class='ocr_carea' id='block_1_95' title="bbox 992 2270 1779 2312">
    <p class='ocr_par' dir='ltr' id='par_1_95' title="bbox 1000 2270 1779 2307">
     <span class='ocr_line' id='line_1_95' title="bbox 1000 2270 1779 2307; baseline -0.004 -7"><span class='ocrx_word' id='word_1_737' title='bbox 1000 2272 1137 2306; x_wconf 85' lang='lat' dir='ltr'><strong>lerabilis;</strong></span> <span class='ocrx_word' id='word_1_738' title='bbox 1153 2271 1233 2307; x_wconf 62' lang='grc' dir='ltr'><strong>ιιη</strong></span> <span class='ocrx_word' id='word_1_739' title='bbox 1255 2271 1292 2298; x_wconf 80' lang='lat' dir='ltr'><strong>ita</strong></span> <span class='ocrx_word' id='word_1_740' title='bbox 1317 2273 1398 2299; x_wconf 90' lang='lat' dir='ltr'><strong>etiam</strong></span> <span class='ocrx_word' id='word_1_741' title='bbox 1416 2279 1466 2306; x_wconf 76' lang='lat' dir='ltr'><strong>ego</strong></span> <span class='ocrx_word' id='word_1_742' title='bbox 1488 2272 1633 2298; x_wconf 79' lang='lat' dir='ltr'><strong>maximam</strong></span> <span class='ocrx_word' id='word_1_743' title='bbox 1658 2270 1685 2297; x_wconf 92' lang='lat' dir='ltr'><strong>in</strong></span> <span class='ocrx_word' id='word_1_744' title='bbox 1701 2271 1779 2298; x_wconf 83' lang='lat' dir='ltr'><strong>vobis</strong></span> 
     </span>
    </p>
   </div>
   <div class='ocr_carea' id='block_1_96' title="bbox 159 2319 945 2357">
    <p class='ocr_par' dir='ltr' id='par_1_96' title="bbox 159 2319 945 2357">
     <span class='ocr_line' id='line_1_96' title="bbox 159 2319 945 2357; baseline -0.013 -4"><span class='ocrx_word' id='word_1_745' title='bbox 159 2326 204 2353; x_wconf 59' lang='grc' dir='ltr'><strong>τον</strong></span> <span class='ocrx_word' id='word_1_746' title='bbox 218 2325 326 2352; x_wconf 69' lang='grc' dir='ltr'>ἐκεῖθεν</span> <span class='ocrx_word' id='word_1_747' title='bbox 347 2321 560 2357; x_wconf 75' lang='grc' dir='ltr'>ἀποτελούμενον</span> <span class='ocrx_word' id='word_1_748' title='bbox 579 2320 681 2347; x_wconf 75' lang='grc' dir='ltr'>κτύπον</span> <span class='ocrx_word' id='word_1_749' title='bbox 699 2320 747 2354; x_wconf 77' lang='grc' dir='ltr'><strong>τῆς</strong></span> <span class='ocrx_word' id='word_1_750' title='bbox 772 2319 884 2354; x_wconf 74' lang='grc' dir='ltr'>βροντῆς</span> <span class='ocrx_word' id='word_1_751' title='bbox 901 2319 945 2345; x_wconf 85' lang='grc' dir='ltr'><strong>ἀν-</strong></span> 
     </span>
    </p>
   </div>
   <div class='ocr_carea' id='block_1_97' title="bbox 162 2363 947 2400">
    <p class='ocr_par' dir='ltr' id='par_1_97' title="bbox 162 2363 947 2400">
     <span class='ocr_line' id='line_1_97' title="bbox 162 2363 947 2400; baseline -0.011 -2"><span class='ocrx_word' id='word_1_752' title='bbox 162 2371 290 2398; x_wconf 74' lang='grc' dir='ltr'>ύποιστον</span> <span class='ocrx_word' id='word_1_753' title='bbox 304 2367 374 2395; x_wconf 76' lang='grc' dir='ltr'>εἶναι</span> <span class='ocrx_word' id='word_1_754' title='bbox 388 2369 442 2399; x_wconf 85' lang='grc' dir='ltr'>τοῖς</span> <span class='ocrx_word' id='word_1_755' title='bbox 455 2366 524 2394; x_wconf 77' lang='grc' dir='ltr'>κατὰ</span> <span class='ocrx_word' id='word_1_756' title='bbox 537 2366 599 2400; x_wconf 84' lang='grc' dir='ltr'>γῆν,</span> <span class='ocrx_word' id='word_1_757' title='bbox 613 2364 712 2395; x_wconf 68' lang='grc' dir='ltr'>όαὺτδς</span> <span class='ocrx_word' id='word_1_758' title='bbox 724 2364 753 2390; x_wconf 78' lang='grc' dir='ltr'><strong>δὲ</strong></span> <span class='ocrx_word' id='word_1_759' title='bbox 766 2363 873 2391; x_wconf 76' lang='grc' dir='ltr'>καὶτῶν</span> <span class='ocrx_word' id='word_1_760' title='bbox 888 2363 947 2389; x_wconf 80' lang='grc' dir='ltr'>καθ’</span> 
     </span>
    </p>
   </div>
   <div class='ocr_carea' id='block_1_98' title="bbox 163 2409 946 2452">
    <p class='ocr_par' dir='ltr' id='par_1_98' title="bbox 163 2409 946 2452">
     <span class='ocr_line' id='line_1_98' title="bbox 163 2409 946 2452; baseline -0.013 -8"><span class='ocrx_word' id='word_1_761' title='bbox 163 2418 234 2452; x_wconf 71' lang='grc' dir='ltr'>ὑμᾶς</span> <span class='ocrx_word' id='word_1_762' title='bbox 251 2413 406 2451; x_wconf 79' lang='grc' dir='ltr'>μεταόολὴν</span> <span class='ocrx_word' id='word_1_763' title='bbox 422 2413 573 2448; x_wconf 74' lang='grc' dir='ltr'>ἐργάσομαι</span> <span class='ocrx_word' id='word_1_764' title='bbox 591 2410 729 2445; x_wconf 76' lang='grc' dir='ltr'>πλείστην,</span> <span class='ocrx_word' id='word_1_765' title='bbox 752 2410 783 2436; x_wconf 80' lang='grc' dir='ltr'>ὲκ</span> <span class='ocrx_word' id='word_1_766' title='bbox 806 2409 859 2435; x_wconf 86' lang='grc' dir='ltr'>τῶν</span> <span class='ocrx_word' id='word_1_767' title='bbox 873 2409 946 2436; x_wconf 79' lang='grc' dir='ltr'>ἀνελ-</span> 
     </span>
    </p>
   </div>
   <div class='ocr_carea' id='block_1_99' title="bbox 163 2453 948 2495">
    <p class='ocr_par' dir='ltr' id='par_1_99' title="bbox 163 2453 948 2495">
     <span class='ocr_line' id='line_1_99' title="bbox 163 2453 948 2495; baseline -0.011 -6"><span class='ocrx_word' id='word_1_768' title='bbox 163 2462 265 2488; x_wconf 82' lang='grc' dir='ltr'>πίστων</span> <span class='ocrx_word' id='word_1_769' title='bbox 289 2460 357 2495; x_wconf 79' lang='grc' dir='ltr'>ὑμῖν</span> <span class='ocrx_word' id='word_1_770' title='bbox 378 2457 514 2493; x_wconf 76' lang='grc' dir='ltr'>σωτηρίαν</span> <span class='ocrx_word' id='word_1_771' title='bbox 537 2456 672 2490; x_wconf 71' lang='grc' dir='ltr'>ὲκφαίνων</span> <span class='ocrx_word' id='word_1_772' title='bbox 692 2454 841 2489; x_wconf 80' lang='grc' dir='ltr'>μεγίστην·</span> <span class='ocrx_word' id='word_1_773' title='bbox 854 2453 948 2488; x_wconf 74' lang='grc' dir='ltr'>μηνύω</span> 
     </span>
    </p>
   </div>
   <div class='ocr_carea' id='block_1_100' title="bbox 162 2499 951 2540">
    <p class='ocr_par' dir='ltr' id='par_1_100' title="bbox 162 2499 951 2540">
     <span class='ocr_line' id='line_1_100' title="bbox 162 2499 951 2540; baseline -0.011 -6"><span class='ocrx_word' id='word_1_774' title='bbox 162 2506 191 2534; x_wconf 74' lang='grc' dir='ltr'><strong><em>τὲ</em></strong></span> <span class='ocrx_word' id='word_1_775' title='bbox 205 2515 245 2533; x_wconf 86' lang='grc' dir='ltr'><strong>σοι</strong></span> <span class='ocrx_word' id='word_1_776' title='bbox 257 2505 352 2540; x_wconf 77' lang='grc' dir='ltr'>Κύρον</span> <span class='ocrx_word' id='word_1_777' title='bbox 369 2503 414 2529; x_wconf 82' lang='grc' dir='ltr'>τὸν</span> <span class='ocrx_word' id='word_1_778' title='bbox 431 2502 542 2538; x_wconf 81' lang='grc' dir='ltr'>Περσῶν</span> <span class='ocrx_word' id='word_1_779' title='bbox 552 2500 671 2536; x_wconf 82' lang='grc' dir='ltr'>βασιλέα,</span> <span class='ocrx_word' id='word_1_780' title='bbox 685 2499 714 2532; x_wconf 79' lang='grc' dir='ltr'>ὃς</span> <span class='ocrx_word' id='word_1_781' title='bbox 728 2499 791 2535; x_wconf 83' lang='grc' dir='ltr'>παρ’</span> <span class='ocrx_word' id='word_1_782' title='bbox 803 2499 870 2534; x_wconf 79' lang='grc' dir='ltr'>ἐμοῦ</span> <span class='ocrx_word' id='word_1_783' title='bbox 886 2507 951 2534; x_wconf 82' lang='grc' dir='ltr'>προ-</span> 
     </span>
    </p>
   </div>
   <div class='ocr_carea' id='block_1_101' title="bbox 162 2543 950 2586">
    <p class='ocr_par' dir='ltr' id='par_1_101' title="bbox 162 2543 950 2586">
     <span class='ocr_line' id='line_1_101' title="bbox 162 2543 950 2586; baseline -0.013 -8"><span class='ocrx_word' id='word_1_784' title='bbox 162 2550 368 2586; x_wconf 78' lang='grc' dir='ltr'>χειρισθήσεται</span> <span class='ocrx_word' id='word_1_785' title='bbox 383 2547 428 2574; x_wconf 70' lang='grc' dir='ltr'><strong>ἐπὶ</strong></span> <span class='ocrx_word' id='word_1_786' title='bbox 440 2547 528 2576; x_wconf 80' lang='grc' dir='ltr'>τοῦτο.</span> <span class='ocrx_word' id='word_1_787' title='bbox 547 2545 584 2577; x_wconf 77' lang='grc' dir='ltr'>ὡς</span> <span class='ocrx_word' id='word_1_788' title='bbox 603 2545 635 2572; x_wconf 81' lang='grc' dir='ltr'>ἂν</span> <span class='ocrx_word' id='word_1_789' title='bbox 651 2544 783 2570; x_wconf 82' lang='grc' dir='ltr'>πλείστων</span> <span class='ocrx_word' id='word_1_790' title='bbox 796 2543 864 2570; x_wconf 85' lang='grc' dir='ltr'>ὅσων</span> <span class='ocrx_word' id='word_1_791' title='bbox 882 2551 950 2578; x_wconf 88' lang='grc' dir='ltr'>κρα-</span> 
     </span>
    </p>
   </div>
   <div class='ocr_carea' id='block_1_102' title="bbox 162 2589 951 2631">
    <p class='ocr_par' dir='ltr' id='par_1_102' title="bbox 162 2589 951 2631">
     <span class='ocr_line' id='line_1_102' title="bbox 162 2589 951 2631; baseline -0.013 -8"><span class='ocrx_word' id='word_1_792' title='bbox 162 2597 257 2631; x_wconf 81' lang='grc' dir='ltr'>τήσας,</span> <span class='ocrx_word' id='word_1_793' title='bbox 273 2594 384 2621; x_wconf 77' lang='grc' dir='ltr'>λύσειίν</span> <span class='ocrx_word' id='word_1_794' title='bbox 402 2601 431 2619; x_wconf 84' lang='grc' dir='ltr'>τε</span> <span class='ocrx_word' id='word_1_795' title='bbox 443 2593 508 2628; x_wconf 83' lang='grc' dir='ltr'>ὑμῖν</span> <span class='ocrx_word' id='word_1_796' title='bbox 524 2591 558 2618; x_wconf 71' lang='grc' dir='ltr'><strong>τὰ</strong></span> <span class='ocrx_word' id='word_1_797' title='bbox 573 2590 721 2625; x_wconf 85' lang='grc' dir='ltr'>κατέχοντα</span> <span class='ocrx_word' id='word_1_798' title='bbox 737 2589 820 2620; x_wconf 75' lang='grc' dir='ltr'>κακὰ,</span> <span class='ocrx_word' id='word_1_799' title='bbox 841 2589 888 2614; x_wconf 68' lang='grc' dir='ltr'>καὶ</span> <span class='ocrx_word' id='word_1_800' title='bbox 901 2589 951 2614; x_wconf 80' lang='grc' dir='ltr'><strong>ἐπ-</strong></span> 
     </span>
    </p>
   </div>
   <div class='ocr_carea' id='block_1_103' title="bbox 163 2633 950 2669">
    <p class='ocr_par' dir='ltr' id='par_1_103' title="bbox 163 2633 950 2669">
     <span class='ocr_line' id='line_1_103' title="bbox 163 2633 950 2669; baseline -0.011 -2"><span class='ocrx_word' id='word_1_801' title='bbox 163 2640 282 2667; x_wconf 78' lang='grc' dir='ltr'>ανελθεῖν</span> <span class='ocrx_word' id='word_1_802' title='bbox 306 2638 460 2666; x_wconf 80' lang='grc' dir='ltr'>κελεύσειεν</span> <span class='ocrx_word' id='word_1_803' title='bbox 479 2637 519 2669; x_wconf 86' lang='grc' dir='ltr'>εἰς</span> <span class='ocrx_word' id='word_1_804' title='bbox 536 2635 569 2662; x_wconf 75' lang='grc' dir='ltr'><strong>τὰ</strong></span> <span class='ocrx_word' id='word_1_805' title='bbox 582 2636 681 2662; x_wconf 77' lang='grc' dir='ltr'>οἰκεῖα·</span> <span class='ocrx_word' id='word_1_806' title='bbox 697 2635 711 2660; x_wconf 82' lang='grc' dir='ltr'>ὁ</span> <span class='ocrx_word' id='word_1_807' title='bbox 722 2634 775 2669; x_wconf 74' lang='grc' dir='ltr'><strong>γὰρ</strong></span> <span class='ocrx_word' id='word_1_808' title='bbox 797 2633 842 2659; x_wconf 63' lang='grc' dir='ltr'>τὴν</span> <span class='ocrx_word' id='word_1_809' title='bbox 853 2633 950 2668; x_wconf 70' lang='grc' dir='ltr'>ὄρθρον</span> 
     </span>
    </p>
   </div>
   <div class='ocr_carea' id='block_1_104' title="bbox 163 2678 949 2720">
    <p class='ocr_par' dir='ltr' id='par_1_104' title="bbox 163 2678 949 2720">
     <span class='ocr_line' id='line_1_104' title="bbox 163 2678 949 2720; baseline -0.009 -9"><span class='ocrx_word' id='word_1_810' title='bbox 163 2685 348 2720; x_wconf 76' lang='grc' dir='ltr'>ἐργαζόμενος</span> <span class='ocrx_word' id='word_1_811' title='bbox 363 2684 396 2710; x_wconf 81' lang='grc' dir='ltr'>ὲκ</span> <span class='ocrx_word' id='word_1_812' title='bbox 410 2683 530 2713; x_wconf 79' lang='grc' dir='ltr'>σκότους,</span> <span class='ocrx_word' id='word_1_813' title='bbox 545 2681 592 2708; x_wconf 71' lang='grc' dir='ltr'>καὶ</span> <span class='ocrx_word' id='word_1_814' title='bbox 606 2680 718 2716; x_wconf 75' lang='grc' dir='ltr'>ὁμίχλην</span> <span class='ocrx_word' id='word_1_815' title='bbox 732 2678 906 2706; x_wconf 78' lang='grc' dir='ltr'>συνίστασοαί</span> <span class='ocrx_word' id='word_1_816' title='bbox 921 2687 949 2705; x_wconf 84' lang='grc' dir='ltr'><strong>τε</strong></span> 
     </span>
    </p>
   </div>
   <div class='ocr_carea' id='block_1_105' title="bbox 164 2725 953 2763">
    <p class='ocr_par' dir='ltr' id='par_1_105' title="bbox 164 2725 953 2763">
     <span class='ocr_line' id='line_1_105' title="bbox 164 2725 953 2763; baseline -0.006 -7"><span class='ocrx_word' id='word_1_817' title='bbox 164 2731 225 2763; x_wconf 79' lang='grc' dir='ltr'><strong>ἐῶν,</strong></span> <span class='ocrx_word' id='word_1_818' title='bbox 241 2732 291 2758; x_wconf 71' lang='grc' dir='ltr'>καὶ</span> <span class='ocrx_word' id='word_1_819' title='bbox 307 2729 362 2757; x_wconf 82' lang='grc' dir='ltr'><strong>ὑπὸ</strong></span> <span class='ocrx_word' id='word_1_820' title='bbox 377 2730 435 2760; x_wconf 86' lang='grc' dir='ltr'>ταῖς</span> <span class='ocrx_word' id='word_1_821' title='bbox 455 2728 595 2759; x_wconf 82' lang='grc' dir='ltr'>ἀνατολαῖς</span> <span class='ocrx_word' id='word_1_822' title='bbox 617 2727 733 2754; x_wconf 76' lang='grc' dir='ltr'>διαλύων</span> <span class='ocrx_word' id='word_1_823' title='bbox 752 2726 798 2753; x_wconf 81' lang='grc' dir='ltr'>τοῦ</span> <span class='ocrx_word' id='word_1_824' title='bbox 817 2726 903 2761; x_wconf 83' lang='grc' dir='ltr'>ἡλίου,</span> <span class='ocrx_word' id='word_1_825' title='bbox 924 2725 953 2751; x_wconf 85' lang='grc' dir='ltr'>ὲν</span> 
     </span>
    </p>
   </div>
   <div class='ocr_carea' id='block_1_106' title="bbox 166 2771 954 2811">
    <p class='ocr_par' dir='ltr' id='par_1_106' title="bbox 166 2771 954 2811">
     <span class='ocr_line' id='line_1_106' title="bbox 166 2771 954 2811; baseline -0.009 -7"><span class='ocrx_word' id='word_1_826' title='bbox 166 2777 225 2811; x_wconf 77' lang='grc' dir='ltr'>ὓψει</span> <span class='ocrx_word' id='word_1_827' title='bbox 241 2786 270 2803; x_wconf 84' lang='grc' dir='ltr'><strong>τε</strong></span> <span class='ocrx_word' id='word_1_828' title='bbox 287 2776 338 2804; x_wconf 75' lang='grc' dir='ltr'>καὶ</span> <span class='ocrx_word' id='word_1_829' title='bbox 358 2775 484 2811; x_wconf 73' lang='grc' dir='ltr'>ὑπεράνω</span> <span class='ocrx_word' id='word_1_830' title='bbox 500 2774 614 2801; x_wconf 77' lang='grc' dir='ltr'>πάντοτε</span> <span class='ocrx_word' id='word_1_831' title='bbox 637 2772 777 2808; x_wconf 81' lang='grc' dir='ltr'>τυγχάνων</span> <span class='ocrx_word' id='word_1_832' title='bbox 796 2773 844 2807; x_wconf 81' lang='grc' dir='ltr'>τῆς</span> <span class='ocrx_word' id='word_1_833' title='bbox 865 2771 926 2806; x_wconf 82' lang='grc' dir='ltr'>γῆς,</span> <span class='ocrx_word' id='word_1_834' title='bbox 940 2772 954 2798; x_wconf 82' lang='grc' dir='ltr'><strong><em>ὁ</em></strong></span> 
     </span>
    </p>
   </div>
   <div class='ocr_carea' id='block_1_107' title="bbox 166 2818 949 2856">
    <p class='ocr_par' dir='ltr' id='par_1_107' title="bbox 166 2818 949 2856">
     <span class='ocr_line' id='line_1_107' title="bbox 166 2818 949 2856; baseline -0.009 -7"><span class='ocrx_word' id='word_1_835' title='bbox 166 2823 243 2850; x_wconf 61' lang='grc' dir='ltr'>αὐτος</span> <span class='ocrx_word' id='word_1_836' title='bbox 259 2821 380 2849; x_wconf 71' lang='grc' dir='ltr'>διαλύσω</span> <span class='ocrx_word' id='word_1_837' title='bbox 399 2821 445 2856; x_wconf 76' lang='grc' dir='ltr'>μὲν</span> <span class='ocrx_word' id='word_1_838' title='bbox 467 2820 530 2855; x_wconf 80' lang='grc' dir='ltr'>ὑμῖν</span> <span class='ocrx_word' id='word_1_839' title='bbox 543 2820 637 2854; x_wconf 78' lang='grc' dir='ltr'>ὥσπερ</span> <span class='ocrx_word' id='word_1_840' title='bbox 656 2827 683 2845; x_wconf 86' lang='grc' dir='ltr'><strong>τι</strong></span> <span class='ocrx_word' id='word_1_841' title='bbox 704 2818 798 2849; x_wconf 69' lang='grc' dir='ltr'>σκότος</span> <span class='ocrx_word' id='word_1_842' title='bbox 813 2818 861 2848; x_wconf 76' lang='grc' dir='ltr'><strong>τὰς</strong></span> <span class='ocrx_word' id='word_1_843' title='bbox 881 2825 949 2852; x_wconf 75' lang='grc' dir='ltr'>συμ-</span> 
     </span>
    </p>
   </div>
   <div class='ocr_carea' id='block_1_108' title="bbox 998 2316 1777 2350">
    <p class='ocr_par' dir='ltr' id='par_1_108' title="bbox 998 2316 1777 2350">
     <span class='ocr_line' id='line_1_108' title="bbox 998 2316 1777 2350; baseline -0.004 -5"><span class='ocrx_word' id='word_1_844' title='bbox 998 2318 1204 2346; x_wconf 81' lang='lat' dir='ltr'><strong>convcrsionem</strong></span> <span class='ocrx_word' id='word_1_845' title='bbox 1235 2325 1324 2344; x_wconf 88' lang='lat' dir='ltr'><strong>rerum</strong></span> <span class='ocrx_word' id='word_1_846' title='bbox 1355 2316 1463 2347; x_wconf 77' lang='lat' dir='ltr'><strong>faciam,</strong></span> <span class='ocrx_word' id='word_1_847' title='bbox 1478 2324 1510 2343; x_wconf 81' lang='lat' dir='ltr'><strong>ex</strong></span> <span class='ocrx_word' id='word_1_848' title='bbox 1537 2316 1675 2350; x_wconf 86' lang='lat' dir='ltr'><strong>insperato</strong></span> <span class='ocrx_word' id='word_1_849' title='bbox 1691 2316 1777 2343; x_wconf 75' lang='lat' dir='ltr'><strong>maxi-</strong></span> 
     </span>
    </p>
   </div>
   <div class='ocr_carea' id='block_1_109' title="bbox 999 2361 1777 2396">
    <p class='ocr_par' dir='ltr' id='par_1_109' title="bbox 999 2361 1777 2396">
     <span class='ocr_line' id='line_1_109' title="bbox 999 2361 1777 2396; baseline -0.004 -5"><span class='ocrx_word' id='word_1_850' title='bbox 999 2372 1072 2391; x_wconf 87' lang='lat' dir='ltr'><strong>mam</strong></span> <span class='ocrx_word' id='word_1_851' title='bbox 1087 2364 1163 2391; x_wconf 85' lang='lat' dir='ltr'><strong>vobis</strong></span> <span class='ocrx_word' id='word_1_852' title='bbox 1178 2363 1292 2391; x_wconf 89' lang='lat' dir='ltr'><strong>salutem</strong></span> <span class='ocrx_word' id='word_1_853' title='bbox 1311 2367 1461 2391; x_wconf 84' lang='lat' dir='ltr'><strong>ostentans.</strong></span> <span class='ocrx_word' id='word_1_854' title='bbox 1476 2361 1610 2389; x_wconf 81' lang='lat' dir='ltr'><strong>Denuntio</strong></span> <span class='ocrx_word' id='word_1_855' title='bbox 1624 2362 1715 2396; x_wconf 88' lang='lat' dir='ltr'><strong>itaque</strong></span> <span class='ocrx_word' id='word_1_856' title='bbox 1729 2362 1777 2388; x_wconf 86' lang='lat' dir='ltr'><strong>tibi</strong></span> 
     </span>
    </p>
   </div>
   <div class='ocr_carea' id='block_1_110' title="bbox 997 2407 1775 2446">
    <p class='ocr_par' dir='ltr' id='par_1_110' title="bbox 997 2407 1775 2446">
     <span class='ocr_line' id='line_1_110' title="bbox 997 2407 1775 2446; baseline -0.005 -9"><span class='ocrx_word' id='word_1_857' title='bbox 997 2410 1096 2446; x_wconf 75' lang='lat' dir='ltr'><strong>Cyrum</strong></span> <span class='ocrx_word' id='word_1_858' title='bbox 1114 2410 1258 2437; x_wconf 78' lang='lat' dir='ltr'><strong>Persarum</strong></span> <span class='ocrx_word' id='word_1_859' title='bbox 1273 2416 1373 2444; x_wconf 84' lang='lat' dir='ltr'><strong>regem,</strong></span> <span class='ocrx_word' id='word_1_860' title='bbox 1389 2409 1434 2443; x_wconf 89' lang='lat' dir='ltr'><strong>qni</strong></span> <span class='ocrx_word' id='word_1_861' title='bbox 1452 2416 1466 2434; x_wconf 89' lang='lat' dir='ltr'><strong>a</strong></span> <span class='ocrx_word' id='word_1_862' title='bbox 1483 2408 1639 2435; x_wconf 85' lang='lat' dir='ltr'><strong>meidcirco</strong></span> <span class='ocrx_word' id='word_1_863' title='bbox 1649 2407 1775 2442; x_wconf 76' lang='lat' dir='ltr'><strong>eligetur,</strong></span> 
     </span>
    </p>
   </div>
   <div class='ocr_carea' id='block_1_111' title="bbox 998 2451 1780 2489">
    <p class='ocr_par' dir='ltr' id='par_1_111' title="bbox 998 2451 1780 2489">
     <span class='ocr_line' id='line_1_111' title="bbox 998 2451 1780 2489; baseline -0.005 -7"><span class='ocrx_word' id='word_1_864' title='bbox 998 2461 1038 2488; x_wconf 87' lang='lat' dir='ltr'><strong>ut,</strong></span> <span class='ocrx_word' id='word_1_865' title='bbox 1057 2455 1175 2482; x_wconf 72' lang='lat' dir='ltr'><strong>maximo</strong></span> <span class='ocrx_word' id='word_1_866' title='bbox 1200 2453 1313 2489; x_wconf 79' lang='lat' dir='ltr'><strong>imperio</strong></span> <span class='ocrx_word' id='word_1_867' title='bbox 1342 2453 1453 2488; x_wconf 77' lang='lat' dir='ltr'><strong>potitus.</strong></span> <span class='ocrx_word' id='word_1_868' title='bbox 1472 2453 1550 2480; x_wconf 83' lang='lat' dir='ltr'><strong>linem</strong></span> <span class='ocrx_word' id='word_1_869' title='bbox 1580 2452 1660 2479; x_wconf 85' lang='lat' dir='ltr'><strong>malis</strong></span> <span class='ocrx_word' id='word_1_870' title='bbox 1681 2451 1780 2479; x_wconf 88' lang='lat' dir='ltr'><strong>vestris</strong></span> 
     </span>
    </p>
   </div>
   <div class='ocr_carea' id='block_1_112' title="bbox 999 2496 1779 2536">
    <p class='ocr_par' dir='ltr' id='par_1_112' title="bbox 999 2496 1779 2536">
     <span class='ocr_line' id='line_1_112' title="bbox 999 2496 1779 2536; baseline -0.006 -8"><span class='ocrx_word' id='word_1_871' title='bbox 999 2501 1129 2536; x_wconf 79' lang='lat' dir='ltr'><strong>imponat,</strong></span> <span class='ocrx_word' id='word_1_872' title='bbox 1146 2505 1174 2528; x_wconf 88' lang='lat' dir='ltr'><strong>et</strong></span> <span class='ocrx_word' id='word_1_873' title='bbox 1196 2500 1312 2527; x_wconf 89' lang='lat' dir='ltr'><strong>reditum</strong></span> <span class='ocrx_word' id='word_1_874' title='bbox 1329 2500 1354 2526; x_wconf 92' lang='lat' dir='ltr'><strong>iu</strong></span> <span class='ocrx_word' id='word_1_875' title='bbox 1372 2499 1480 2534; x_wconf 80' lang='lat' dir='ltr'><strong>propria</strong></span> <span class='ocrx_word' id='word_1_876' title='bbox 1499 2499 1621 2533; x_wconf 88' lang='lat' dir='ltr'><strong>imperet.</strong></span> <span class='ocrx_word' id='word_1_877' title='bbox 1647 2496 1713 2524; x_wconf 82' lang='lat' dir='ltr'><strong>Nam</strong></span> <span class='ocrx_word' id='word_1_878' title='bbox 1732 2499 1779 2532; x_wconf 86' lang='lat' dir='ltr'><strong>qui</strong></span> 
     </span>
    </p>
   </div>
   <div class='ocr_carea' id='block_1_113' title="bbox 1000 2542 1781 2573">
    <p class='ocr_par' dir='ltr' id='par_1_113' title="bbox 1000 2542 1781 2573">
     <span class='ocr_line' id='line_1_113' title="bbox 1000 2542 1781 2573; baseline -0.005 -1"><span class='ocrx_word' id='word_1_879' title='bbox 1000 2553 1079 2573; x_wconf 88' lang='lat' dir='ltr'><strong>mane</strong></span> <span class='ocrx_word' id='word_1_880' title='bbox 1099 2545 1169 2572; x_wconf 65' lang='lat' dir='ltr'><strong>facio</strong></span> <span class='ocrx_word' id='word_1_881' title='bbox 1182 2544 1216 2571; x_wconf 88' lang='lat' dir='ltr'><strong>de</strong></span> <span class='ocrx_word' id='word_1_882' title='bbox 1233 2545 1364 2573; x_wconf 80' lang='lat' dir='ltr'><strong>tenebris.</strong></span> <span class='ocrx_word' id='word_1_883' title='bbox 1384 2548 1411 2571; x_wconf 90' lang='lat' dir='ltr'><strong>et.</strong></span> <span class='ocrx_word' id='word_1_884' title='bbox 1429 2544 1553 2571; x_wconf 86' lang='lat' dir='ltr'><strong>nebulam</strong></span> <span class='ocrx_word' id='word_1_885' title='bbox 1577 2543 1689 2569; x_wconf 82' lang='lat' dir='ltr'><strong>conﬂari</strong></span> <span class='ocrx_word' id='word_1_886' title='bbox 1709 2542 1781 2571; x_wconf 79' lang='lat' dir='ltr'><strong>sino.</strong></span> 
     </span>
    </p>
   </div>
   <div class='ocr_carea' id='block_1_114' title="bbox 998 2587 1782 2625">
    <p class='ocr_par' dir='ltr' id='par_1_114' title="bbox 998 2587 1782 2625">
     <span class='ocr_line' id='line_1_114' title="bbox 998 2587 1782 2625; baseline -0.004 -8"><span class='ocrx_word' id='word_1_887' title='bbox 998 2598 1079 2625; x_wconf 89' lang='lat' dir='ltr'><strong>quam</strong></span> <span class='ocrx_word' id='word_1_888' title='bbox 1093 2594 1154 2617; x_wconf 91' lang='lat' dir='ltr'><strong>ortu</strong></span> <span class='ocrx_word' id='word_1_889' title='bbox 1167 2589 1232 2616; x_wconf 88' lang='lat' dir='ltr'><strong>solis</strong></span> <span class='ocrx_word' id='word_1_890' title='bbox 1248 2589 1362 2623; x_wconf 81' lang='lat' dir='ltr'><strong>dissipa,</strong></span> <span class='ocrx_word' id='word_1_891' title='bbox 1374 2588 1552 2622; x_wconf 84' lang='lat' dir='ltr'><strong>sublimisque</strong></span> <span class='ocrx_word' id='word_1_892' title='bbox 1573 2587 1684 2620; x_wconf 79' lang='lat' dir='ltr'><strong>omnino</strong></span> <span class='ocrx_word' id='word_1_893' title='bbox 1699 2595 1782 2622; x_wconf 78' lang='lat' dir='ltr'><strong>supra</strong></span> 
     </span>
    </p>
   </div>
   <div class='ocr_carea' id='block_1_115' title="bbox 999 2633 1782 2668">
    <p class='ocr_par' dir='ltr' id='par_1_115' title="bbox 999 2633 1782 2668">
     <span class='ocr_line' id='line_1_115' title="bbox 999 2633 1782 2668; baseline -0.005 -6"><span class='ocrx_word' id='word_1_894' title='bbox 999 2640 1100 2663; x_wconf 86' lang='lat' dir='ltr'><strong>terram</strong></span> <span class='ocrx_word' id='word_1_895' title='bbox 1120 2634 1237 2665; x_wconf 85' lang='lat' dir='ltr'><strong>resideo,</strong></span> <span class='ocrx_word' id='word_1_896' title='bbox 1256 2634 1326 2661; x_wconf 89' lang='lat' dir='ltr'><strong>idem</strong></span> <span class='ocrx_word' id='word_1_897' title='bbox 1349 2641 1399 2668; x_wconf 88' lang='lat' dir='ltr'><strong>ego</strong></span> <span class='ocrx_word' id='word_1_898' title='bbox 1416 2637 1521 2661; x_wconf 83' lang='lat' dir='ltr'><strong>vestras</strong></span> <span class='ocrx_word' id='word_1_899' title='bbox 1545 2639 1680 2660; x_wconf 65' lang='lat' dir='ltr'><strong>aerumnas</strong></span> <span class='ocrx_word' id='word_1_900' title='bbox 1703 2633 1782 2667; x_wconf 83' lang='lat' dir='ltr'><strong>quasi</strong></span> 
     </span>
    </p>
   </div>
   <div class='ocr_carea' id='block_1_116' title="bbox 1000 2678 1784 2714">
    <p class='ocr_par' dir='ltr' id='par_1_116' title="bbox 1000 2678 1784 2714">
     <span class='ocr_line' id='line_1_116' title="bbox 1000 2678 1784 2714; baseline -0.004 -8"><span class='ocrx_word' id='word_1_901' title='bbox 1000 2680 1128 2708; x_wconf 85' lang='lat' dir='ltr'><strong>tenebras</strong></span> <span class='ocrx_word' id='word_1_902' title='bbox 1139 2679 1271 2714; x_wconf 86' lang='lat' dir='ltr'><strong>quasdam</strong></span> <span class='ocrx_word' id='word_1_903' title='bbox 1283 2679 1429 2706; x_wconf 68' lang='lat' dir='ltr'><strong>dissolvat!)</strong></span> <span class='ocrx_word' id='word_1_904' title='bbox 1441 2700 1448 2711; x_wconf 90' lang='lat'><strong>,</strong></span> <span class='ocrx_word' id='word_1_905' title='bbox 1465 2683 1492 2706; x_wconf 91' lang='lat' dir='ltr'><strong>et</strong></span> <span class='ocrx_word' id='word_1_906' title='bbox 1511 2678 1588 2713; x_wconf 84' lang='lat' dir='ltr'><strong>quasi</strong></span> <span class='ocrx_word' id='word_1_907' title='bbox 1609 2678 1697 2708; x_wconf 87' lang='lat' dir='ltr'><strong>diem,</strong></span> <span class='ocrx_word' id='word_1_908' title='bbox 1719 2685 1784 2712; x_wconf 76' lang='lat' dir='ltr'><strong>pro-</strong></span> 
     </span>
    </p>
   </div>
   <div class='ocr_carea' id='block_1_117' title="bbox 1002 2723 1784 2760">
    <p class='ocr_par' dir='ltr' id='par_1_117' title="bbox 1002 2723 1784 2760">
     <span class='ocr_line' id='line_1_117' title="bbox 1002 2723 1784 2760; baseline -0.008 -7"><span class='ocrx_word' id='word_1_909' title='bbox 1002 2725 1139 2760; x_wconf 81' lang='lat' dir='ltr'><strong>speritatis</strong></span> <span class='ocrx_word' id='word_1_910' title='bbox 1153 2725 1319 2759; x_wconf 83' lang='lat' dir='ltr'><strong>voluptatem</strong></span> <span class='ocrx_word' id='word_1_911' title='bbox 1334 2724 1430 2751; x_wconf 81' lang='lat' dir='ltr'><strong>faciam</strong></span> <span class='ocrx_word' id='word_1_912' title='bbox 1446 2724 1615 2754; x_wconf 73' lang='lat' dir='ltr'><strong>“lucescere.</strong></span> <span class='ocrx_word' id='word_1_913' title='bbox 1627 2727 1653 2751; x_wconf 88' lang='lat' dir='ltr'><strong>et</strong></span> <span class='ocrx_word' id='word_1_914' title='bbox 1666 2723 1784 2757; x_wconf 85' lang='lat' dir='ltr'><strong>quamli-</strong></span> 
     </span>
    </p>
   </div>
   <div class='ocr_carea' id='block_1_118' title="bbox 1003 2768 1783 2804">
    <p class='ocr_par' dir='ltr' id='par_1_118' title="bbox 1003 2768 1783 2804">
     <span class='ocr_line' id='line_1_118' title="bbox 1003 2768 1783 2804; baseline -0.005 -6"><span class='ocrx_word' id='word_1_915' title='bbox 1003 2772 1046 2798; x_wconf 79' lang='lat' dir='ltr'><strong>bet</strong></span> <span class='ocrx_word' id='word_1_916' title='bbox 1061 2770 1139 2797; x_wconf 87' lang='lat' dir='ltr'><strong>vobis</strong></span> <span class='ocrx_word' id='word_1_917' title='bbox 1153 2770 1296 2797; x_wconf 84' lang='lat' dir='ltr'><strong>molestam</strong></span> <span class='ocrx_word' id='word_1_918' title='bbox 1308 2769 1467 2804; x_wconf 81' lang='lat' dir='ltr'><strong>gravitatem</strong></span> <span class='ocrx_word' id='word_1_919' title='bbox 1479 2769 1639 2804; x_wconf 77' lang='lat' dir='ltr'><strong>dispellens,</strong></span> <span class='ocrx_word' id='word_1_920' title='bbox 1658 2768 1708 2794; x_wconf 88' lang='lat' dir='ltr'><strong>bac</strong></span> <span class='ocrx_word' id='word_1_921' title='bbox 1723 2775 1783 2795; x_wconf 86' lang='lat' dir='ltr'><strong>mea</strong></span> 
     </span>
    </p>
   </div>
   <div class='ocr_carea' id='block_1_119' title="bbox 1004 2815 1784 2850">
    <p class='ocr_par' dir='ltr' id='par_1_119' title="bbox 1004 2815 1784 2850">
     <span class='ocr_line' id='line_1_119' title="bbox 1004 2815 1784 2850; baseline -0.003 -8"><span class='ocrx_word' id='word_1_922' title='bbox 1004 2815 1172 2850; x_wconf 58' lang='lat' dir='ltr'><strong>providentia</strong></span> <span class='ocrx_word' id='word_1_923' title='bbox 1201 2815 1290 2850; x_wconf 86' lang='lat' dir='ltr'><strong>palam</strong></span> <span class='ocrx_word' id='word_1_924' title='bbox 1307 2823 1349 2843; x_wconf 89' lang='lat' dir='ltr'><strong>me</strong></span> <span class='ocrx_word' id='word_1_925' title='bbox 1367 2815 1474 2843; x_wconf 81' lang='lat' dir='ltr'><strong>cunctis</strong></span> <span class='ocrx_word' id='word_1_926' title='bbox 1493 2815 1660 2843; x_wconf 83' lang='lat' dir='ltr'><strong>suoeriorcm</strong></span> <span class='ocrx_word' id='word_1_927' title='bbox 1689 2818 1784 2841; x_wconf 85' lang='lat' dir='ltr'><strong>osten-</strong></span> 
     </span>
    </p>
   </div>
  </div>
