1973 3066
186 104 234 132 271

781 103 952 132 ΤΗΕΟΒΟΙὶΙ
974 102 1213 133 MOPSUESTENI

1754 105 1817 131 >272

188 159 250 186 dum
265 168 270 185 :
287 167 348 186 sum
364 159 463 186 etenim
478 157 613 185 Dominus
630 157 771 193 factorque
784 160 915 188 omnium.
929 160 974 188 Sic

1026 162 1111 196 φοράς
1125 169 1132 176 ·
1150 161 1260 195 ἐκφανῶ
1269 160 1297 187 δὲ
1312 160 1417 196 ἡμέρας
1427 159 1504 196 δίκην
1515 160 1562 196 τὴν
1577 161 1624 188 ἐπὶ
1635 161 1690 192 τοῖς
1700 160 1816 194 ἀγαθοῖς

189 205 272 240 igitur
285 212 332 239 per
356 204 520 232 universalia
543 204 587 230 illa
607 211 622 230 a
644 211 674 231 se
700 204 781 237 facta,
801 206 976 241 praesentium

189 251 252 282 fecit
281 250 369 277 ﬁdem.
385 249 444 276 Non
463 253 507 277 est
528 253 619 276 autem
640 250 806 282 mirandum.
820 251 892 286 quod
904 251 977 279 cbri-

189 300 260 323 stum
269 295 444 330 appellaverit
456 294 568 330 Cyrum;
578 296 800 331 quandoquidem
815 304 868 324 non
879 302 978 325 unctos

189 339 388 372 tantuuuuodo,
413 340 459 367 sed
480 340 582 368 electos
605 342 740 376 quoslibet
757 342 809 369 hoc
832 342 978 377 iudigitare

188 385 321 412 vocabulo
337 384 479 419 Scriptura
505 385 582 413 solet.
614 385 693 414 Velut
718 386 784 413 illud
820 396 828 413 ι
854 395 863 412 ι
889 386 978 415 Nolite

188 434 299 465 tangere
318 430 437 457 christos
450 437 536 462 meos,
551 435 578 457 et
603 431 630 458 in
649 432 792 467 prophetis
809 433 877 460 meis
894 432 978 460 nolite

188 476 330 512 maliguari
345 476 377 502 ‘°.
400 486 408 501 ι
427 476 553 504 Cbristos
575 477 647 504 enim
664 478 715 505 hoc
733 478 793 505 loco
809 486 864 505 non
879 482 977 505 unctos

188 521 263 553 dicit,
278 521 325 549 sed
350 522 438 557 ipsum
455 521 652 556 Abraliamum,
664 523 709 558 qui
736 523 840 551 electus
854 527 975 550 tantum-

187 569 268 595 modo
293 569 390 596 fuerat.

1026 207 1140 242 ἡδονήν·
1167 207 1257 234 πᾶσάν
1277 216 1307 233 τε
1328 207 1563 242 ἀντιπράττουσαν
1585 208 1650 242 ὑμῖν
1674 206 1816 242 βαρύτητα

1026 250 1142 284 ἀφελὼν,
1159 251 1285 283 ἐπιδείξω
1301 251 1346 278 διὰ
1357 251 1406 286 τῆς
1422 251 1486 286 περὶ
1506 252 1577 286 ὑμᾶς
1593 251 1757 287 κηδεμονίας
1766 260 1818 278 σα-

1026 296 1084 331 φῶς
1101 297 1219 332 ἐμαυτὸν
1236 298 1432 332 ὑπερκείμενον
1451 298 1506 323 τῶν
1532 297 1676 324 ἁπάντων·
1698 298 1736 332 (p.
1752 297 1817 333 175)

1026 342 1075 369 ἅτε
1090 342 1191 378 Κύριός
1203 351 1232 369 τε
1252 343 1298 370 καὶ
1316 343 1430 378 ποιητὴς
1452 343 1506 369 τῶν
1525 343 1652 369 ἁπάντων
1672 342 1813 378 ὑπάρχων·

1026 388 1060 414 δι’
1074 388 1136 414 ὅλου
1158 388 1186 415 δὲ
1201 389 1233 415 ἐκ
1256 388 1310 415 τῶν
1328 388 1444 416 καθόλου
1461 389 1531 424 παρ’
1546 388 1629 415 αὑτοῦ
1647 387 1817 423 γιγνομένων

1025 433 1195 460 ἐπιστώσατο
1207 435 1241 460 τὰ
1254 435 1386 470 παρόντα.
1402 435 1439 461 Οὐ
1451 433 1606 469 θαυμαστὸν
1624 434 1653 460 δὲ
1667 434 1691 460 εί
1705 433 1816 469 χριστὸν

1026 479 1144 514 κέκληκε
1172 480 1217 506 τὸν
1241 480 1341 515 Κῦρον,
1361 481 1392 506 οὺ
1414 481 1478 512 τοὺς
1501 480 1695 516 κεχρισμένους
1723 479 1815 514 μόνον,

1026 526 1130 557 πάντας
1145 526 1173 553 δὲ
1192 527 1254 558 τοὺς
1270 526 1473 562 ἐξειλεγμένους
1489 526 1562 558 ὅπως
1580 526 1644 554 ποτέ
1667 525 1752 561 ταύτῃ
1765 534 1813 552 κα-

1025 570 1080 596 λεῖν
1093 571 1195 603 εἰωθὼς
1211 573 1244 607 τῇ
1258 574 1334 607 φωνῇ
1348 580 1353 588 ·
1365 572 1403 604 ὡς
1416 572 1457 605 τὸ,
1477 582 1486 598 ι
1502 572 1547 608 Μὴ
1559 571 1676 599 ἅπτεσθε
1690 572 1743 598 τῶν
1755 580 1817 606 χρι-

188 615 257 641 στῶ-Ι
272 623 333 649 μου,
347 615 394 642 καὶ
408 617 437 642 ὲν
455 617 512 649 τοῖς
529 617 683 652 προφήταις
702 624 753 651 μου
769 615 806 651 μὴ
823 613 1020 650 πονηρεύεσθε⁸
1037 625 1047 641 ι
1060 617 1186 652 χριστοὺς
1200 618 1255 654 γὰρ
1274 618 1390 645 ἐνταῦθα
1406 619 1436 645 οὐ
1450 618 1645 654 κεχρισμένους
1664 617 1740 644 καλεῖ
1752 618 1817 649 τοὺς

187 661 249 696 περὶ
264 660 309 686 τὸν
326 660 460 697 Ἀϐραὰμ,
475 663 512 695 ὡς
526 662 555 689 δὲ
565 662 766 698 ἐξειλεγμένους
783 661 872 697 μόνον.

513 731 589 758 CAP.
612 731 644 757 V.

223 782 305 810 Vsus.
324 783 350 815 l,
365 783 393 811 2.
411 798 445 804 ω-
462 794 471 810 ι
493 785 590 813 Audite
601 787 714 814 verbum
731 787 813 821 istud,
826 797 906 824 quem
924 796 976 824 ego

187 829 292 855 scilicet
322 837 433 857 assumo
459 838 542 866 super
570 839 628 862 vos,
654 832 792 867 planctum
827 843 834 861 :
877 833 976 862 domus

188 875 296 902 lsraelis
309 875 419 908 cecidit,
448 883 502 903 non
521 877 630 910 adjiciet
646 879 764 913 amplius
779 883 809 906 ut
825 884 950 915 resurgat
967 889 974 906 :

189 920 264 954 virgo
280 918 388 947 lsraelis
403 920 524 955 projecta
537 924 577 948 est
593 921 620 948 in
632 925 733 949 terram
748 930 839 955 suam,
855 931 909 951 non
933 929 976 952 est

186 965 233 999 qui
248 965 331 1000 erigat
343 973 415 992 eain.
437 975 446 991 ν
460 965 620 1001 Significatu
638 967 664 994 in
679 968 896 1002 pratcedentibus
917 977 975 996 ma-

188 1012 276 1038 lorum
301 1011 448 1044 solutione,
474 1012 594 1039 minatur
621 1013 720 1041 iterum
745 1022 821 1042 more
831 1022 882 1042 suo
900 1016 977 1050 puni-

188 1057 304 1089 tionem;
329 1058 379 1084 hac
395 1057 504 1092 quidem
520 1062 627 1086 terrens
638 1063 665 1086 et
677 1058 711 1086 ad
731 1060 891 1088 modestiam
905 1068 978 1088 com~

188 1110 302 1137 ponens,
315 1103 360 1129 illa
377 1109 466 1130 autem
483 1104 516 1131 ad
535 1105 720 1139 paenitentiam
738 1105 867 1134 invitans.
886 1105 975 1139 Fletu,

187 1149 284 1184 inquit,
311 1149 399 1184 digna
424 1157 468 1176 res
495 1154 592 1177 vestrae
607 1155 671 1178 sunt
691 1159 698 1177 :
719 1151 797 1186 lapsu
811 1152 976 1186 gravissimo

187 1199 297 1229 propter
321 1198 426 1222 vestras
455 1196 694 1230 prtevarieationes
717 1198 872 1230 corruistis,
903 1198 976 1226 unde

186 1240 357 1267 sublevatum
377 1240 455 1275 115
478 1241 511 1268 iri
524 1241 598 1268 nulla
618 1249 693 1277 spes,
715 1251 777 1269 eum
789 1247 863 1271 tanta
877 1244 912 1272 sit
927 1244 976 1271 tri-

186 1285 268 1311 stium
293 1293 406 1312 casuum
425 1286 595 1321 magnitudo.
614 1297 623 1313 l
647 1287 794 1323 Propterea
823 1288 881 1317 hac
909 1289 976 1318 dicit

188 1330 318 1357 Dominus
334 1339 342 1357 :
361 1330 399 1357 Ex
412 1339 465 1366 qua
481 1331 549 1359 urbe
567 1332 778 1367 egrediebantur
795 1334 878 1367 mille,
895 1335 977 1363 relin-

186 1379 304 1409 queutur
317 1375 344 1402 in
370 1382 401 1402 ea
426 1380 553 1403 centum:
574 1381 602 1404 ct
625 1384 657 1404 ex
685 1385 739 1412 qua
766 1378 975 1413 egrediebantur

187 1407 307 1452 cautum,
321 1419 510 1454 relinquentur
523 1420 549 1447 in
563 1428 594 1448 ea
608 1421 700 1449 decem
716 1421 809 1449 domui
822 1422 941 1452 lsraelis.
962 1434 970 1450 I
986 1407 1010 1437 θ

187 1464 274 1491 Tanta
289 1465 359 1492 enim
389 1465 473 1492 vestri
497 1465 531 1492 ab
545 1465 671 1494 hostibus
684 1471 789 1502 strages
812 1467 868 1499 lict,
887 1472 916 1495 ut
929 1468 974 1496 vix

187 1512 294 1535 centum
312 1508 346 1536 de
364 1509 447 1541 mille,
470 1509 514 1536 vix
527 1510 620 1538 decem
637 1511 671 1538 de
682 1515 791 1538 centum
806 1512 832 1539 in
850 1520 973 1548 unaqua.

187 1561 240 1588 que
260 1553 327 1581 urbe
347 1555 532 1589 comperiendi
553 1555 617 1583 sint.
639 1565 649 1582 ι
670 1556 815 1592 Propterea
839 1558 896 1586 lucc
910 1559 975 1586 dicit

189 1599 320 1627 Dominus
337 1598 431 1627 domui
445 1599 552 1628 lsraelis
574 1609 581 1628 :
599 1601 721 1634 Quzerite
735 1610 790 1633 me,
811 1607 837 1630 et
853 1604 950 1632 viretis
965 1614 972 1632 :

187 1647 214 1670 r't
233 1644 315 1672 nolite
341 1652 462 1679 quaerere
485 1645 588 1678 Bethcl,
618 1651 644 1674 et
660 1647 687 1674 in
707 1647 817 1683 Gatgala
833 1648 918 1676 nolite
932 1649 974 1676 in-

189 1696 273 1722 trare,
288 1695 315 1717 et
334 1692 367 1718 ad
379 1696 488 1727 puteum
513 1692 662 1727 juramenti
679 1701 713 1721 ne
727 1694 892 1726 ascemlatis.
909 1696 973 1730 quia

187 1734 298 1771 Galgala
326 1736 463 1771 captivata
489 1737 699 1772 eaptivabuntur
717 1747 724 1764 :
745 1742 771 1765 et
799 1737 890 1766 Bethel
922 1739 974 1766 erit

188 1781 265 1815 quasi
281 1784 334 1808 non
348 1782 493 1808 exsistens.
516 1791 525 1807 ι
543 1781 758 1817 Consuloigitur
790 1783 867 1810 vobis
895 1787 925 1810 ut
939 1783 972 1810 ad

189 1834 231 1852 me
246 1827 384 1862 spectetis,
398 1827 560 1855 abstineatis
582 1835 597 1854 a
612 1827 706 1855 Betth
728 1832 755 1855 et
768 1827 889 1864 Galgalis
911 1834 939 1857 et
957 1836 973 1856 a

188 1876 269 1906 puteo
283 1872 442 1906 juramenti.
457 1873 490 1900 ad
506 1881 566 1908 quae
578 1880 650 1900 nunc
664 1874 840 1905 concurritis,
864 1874 934 1901 idola
947 1879 974 1902 et

187 1917 323 1944 ilazliiones
341 1917 396 1945 illis
418 1918 486 1946 locis
511 1918 673 1952 adoraturi;
699 1919 795 1947 scitote
813 1920 896 1951 enim,
917 1920 975 1948 haec

186 1962 277 1989 omnia
311 1962 452 1990 vobiscum
489 1963 516 1990 in
561 1964 735 1991 solitudinem
761 1964 901 1992 redactqu
929 1965 973 1993 iri.

189 2018 198 2033 ι
217 2008 335 2041 Quaerite
348 2008 503 2042 Dominum,
519 2013 547 2037 et
562 2010 658 2038 viretis
672 2019 679 2038 :
698 2018 731 2038 ne
750 2009 860 2045 Josephi
875 2010 974 2039 domus

186 2054 369 2081 succendatur
382 2059 412 2081 ut
424 2054 506 2089 ignis.
520 2055 566 2090 qui
580 2054 692 2082 devoret
713 2062 772 2082 eam
784 2063 792 2088 ;
806 2059 833 2082 et
847 2063 900 2082 non
920 2056 972 2084 erit
988 2074 1010 2102 Β

185 2098 231 2132 qui
240 2098 395 2134 exstinguat
408 2098 519 2126 domum
535 2099 693 2135 (ardentem)
707 2099 825 2129 lsraelis.
839 2111 848 2127 ι
859 2101 972 2130 Omissis

186 2144 250 2173 illis.
270 2143 324 2171 Deo
341 2145 488 2177 adlizcretc,
503 2153 536 2172 ne
551 2146 657 2180 punitio
671 2154 685 2173 a
703 2146 770 2179 Deo,
786 2148 865 2182 quasi
889 2148 971 2184 ignis,

185 2196 233 2215 vos
257 2197 352 2226 omnes
369 2191 514 2217 comburat
531 2199 538 2218 :
566 2199 665 2226 neque,
684 2192 706 2219 si
730 2191 804 2221 Deus
819 2193 889 2220 mala
913 2194 972 2221 [nec

184 2234 262 2261 vobis
297 2234 450 2268 immiserit,
484 2235 606 2264 invenire
639 2236 809 2266 defensorem
835 2238 912 2266 vobis
938 2239 970 2265 li-

187 2279 267 2307 aebit.

221 2434 303 2462 Vsus.
325 2435 383 2462 7-9.
394 2450 427 2455 —
447 2445 456 2462 ι
476 2437 528 2469 Qui
542 2436 605 2463 facit
621 2437 648 2464 iu
659 2437 768 2465 excelso
784 2437 930 2472 judicium,
943 2443 970 2466 et

185 2481 320 2514 justitiam
338 2481 449 2508 interra
464 2481 565 2516 posuit.
588 2491 597 2507 ι
617 2481 693 2509 llaud
705 2482 783 2510 decet
798 2491 847 2511 vos
860 2484 971 2518 quibus-

187 2526 251 2552 libet
266 2525 312 2552 Dei
338 2526 371 2552 ad
387 2533 435 2554 vos
461 2527 543 2555 minis
564 2528 605 2555 vel
634 2529 862 2562 promissionibus
890 2529 969 2556 ﬁdem

186 2579 286 2605 negare
303 2580 309 2598 :
323 2571 381 2606 ipse
393 2572 465 2598 enim
479 2577 521 2599 est
536 2574 581 2607 qui
593 2573 727 2608 judicium
739 2579 822 2609 atque
835 2575 970 2609 justitiam

187 2616 283 2642 tumin
305 2616 414 2643 excelso
430 2623 548 2648 exercet,
566 2622 622 2645 tum
652 2619 732 2645 etiam
753 2620 779 2646 in
797 2623 871 2646 terra
887 2620 971 2646 collo—

186 2661 267 2691 cavit,
280 2660 413 2688 Nimirum
426 2661 508 2689 dlcit:
521 2662 569 2690 Hic
584 2667 636 2697 est,
650 2665 695 2698 qui
711 2665 788 2691 vobis
807 2657 971 2699 patientibus

186 2707 313 2740 injuriam
333 2707 367 2734 ab
394 2707 518 2736 hostibus
536 2709 582 2743 jus
597 2710 709 2737 rediere
725 2714 834 2745 potest;
856 2715 882 2738 et
908 2710 969 2738 illos

213 2797 244 2815 ν¹⁰
264 2796 334 2824 l’sal.
357 2803 410 2824 ειν.
431 2796 455 2823 5,

1349 728 1428 754 ΚΕΦ.
1451 730 1488 755 ι’.

1061 784 1135 820 Στίχ.
1151 786 1187 816 α’,
1207 782 1240 818 β’.
1252 797 1286 804 —-
1303 792 1312 808 ι
1336 782 1483 810 ’Δκούσατε
1505 782 1551 809 τὸν
1566 782 1645 817 λόγον
1661 782 1766 816 τοῦτον,
1783 783 1814 811 ὃν

1025 829 1082 864 ἐγὼ
1100 829 1230 864 λαμϐάνω
1249 828 1293 863 ἐφ’
1306 828 1377 864 ὑμᾶς
1395 828 1509 864 θρῆνονο
1525 826 1599 860 οἶκος
1619 828 1728 864 Ἰσραὴλ
1747 828 1814 854 ἐπε-

1026 883 1088 901 σεν·
1103 874 1193 901 οὐκέτι
1208 874 1245 910 μὴ
1260 874 1364 909 προσθῇ
1379 873 1425 900 τοῦ
1437 873 1587 913 ἀναστῆναι
1597 882 1604 890 ·
1622 874 1756 910 παρθένος
1765 874 1813 901 τοῦ

1032 920 1139 956 Ἰσραὴλ
1157 919 1272 954 ἑσφαλεν
1297 919 1342 945 ἐπὶ
1363 920 1413 954 τῆς
1428 919 1479 954 γῆς
1504 919 1588 954 αὐτῆς
1601 927 1608 934 ·
1629 919 1680 946 οὐκ
1702 919 1776 946 ἐστιν
1799 921 1814 946 ό

1026 965 1141 993 ἀνιστῶν
1160 965 1255 1000 αὐτήν.
1273 974 1282 990 ι
1297 964 1424 1000 Μηνύσας
1437 964 1482 991 διὰ
1494 964 1548 991 τῶν
1566 965 1753 1000 προκειμένων
1764 965 1815 1000 τὴν

1025 1011 1101 1038 λύσιν
1113 1011 1167 1038 τῶν
1178 1010 1282 1042 κακῶν,
1294 1010 1400 1037 ἀπειλεῖ
1412 1010 1494 1037 πάλιν
1507 1009 1597 1042 καθὼς
1609 1010 1687 1037 εἴωθε
1706 1011 1756 1046 τὴν
1774 1019 1814 1037 τι-

1027 1057 1133 1092 μωρίαν
1145 1065 1151 1070 ·
1167 1055 1211 1083 διὰ
1226 1055 1326 1091 ταύτης
1344 1055 1393 1091 μὲν
1407 1055 1497 1090 φοϐῶν
1514 1063 1544 1082 τε
1560 1056 1606 1082 καὶ
1628 1055 1812 1091 σωφρονῐξωι,

1024 1101 1058 1128 δι’
1074 1101 1177 1127 ἐκείνου
1197 1100 1225 1127 δὲ
1244 1100 1312 1136 πρὸς
1327 1100 1469 1135 μετάνοιαν
1485 1099 1693 1136 ἐκκαλούμενος.
1708 1100 1813 1135 Θρήνου

1025 1146 1068 1182 δὴ,
1086 1147 1178 1182 φησὶν,
1194 1146 1257 1179 ἄξια
1271 1146 1305 1174 τὰ
1322 1146 1383 1173 καθ’
1403 1146 1491 1182 ὑμᾶς·
1509 1146 1671 1174 πεπτώκατε
1690 1145 1745 1182 γὰρ
1768 1145 1814 1173 διὰ

1024 1192 1073 1223 τὰς
1099 1191 1203 1222 οἰκείας
1226 1190 1396 1226 παρανομίας
1421 1190 1521 1226 πτῶμα
1546 1191 1684 1226 μέγιστον,
1708 1190 1755 1225 ἀφ’
1780 1186 1813 1217 οὗ

1027 1236 1094 1273 μηδέ
1114 1236 1190 1263 λύσιν
1209 1235 1312 1263 ἔνεστιν
1332 1236 1442 1262 ἐλπίσαι
1458 1236 1527 1263 κατά
1537 1244 1569 1271 τε
1582 1236 1613 1263 τὸ
1629 1235 1743 1271 μέγεθος
1758 1236 1814 1263 τῶν

1026 1282 1197 1317 συμϐάντων.
1215 1293 1224 1307 α
1242 1282 1312 1308 Διότι
1326 1282 1389 1308 τάδε
1409 1281 1483 1317 λέγει
1500 1281 1616 1317 Κύριοςο
1642 1282 1690 1309 Ἐκ
1709 1281 1814 1314 πόλεως

1024 1327 1055 1360 ἐξ
1065 1324 1099 1363 ἦς
1118 1327 1308 1362 ἐξεπορεύοντο
1328 1327 1418 1363 χίλιοι,
1434 1326 1676 1363 ὐπολειφθήσονται
1697 1327 1792 1354 ἑκατόν
1803 1333 1812 1342 ⁶

1025 1373 1073 1400 καὶ
1093 1372 1122 1406 ἐξ
1135 1370 1169 1408 ἦς
1188 1371 1379 1408 ἐξεπορεύοντο
1395 1371 1503 1404 ἑκατὸν,
1526 1371 1769 1408 ὑπολειφθήσονται
1783 1372 1813 1398 ἐν

1024 1418 1093 1454 αὐτῇ
1101 1419 1178 1445 ’δέκα
1201 1418 1240 1453 τῷ
1258 1417 1325 1453 οἴκῳ
1348 1417 1465 1453 Ἰσραήλ.
1483 1426 1494 1443 ι
1513 1417 1636 1453 Τοσαύτη
1659 1417 1714 1453 γὰρ
1736 1417 1813 1453 ὑμῶν

1024 1465 1168 1500 γενήσεται
1191 1463 1244 1491 ὑπὸ
1265 1463 1320 1490 τῶν
1337 1463 1474 1498 πολεμίων
1488 1464 1505 1499 ἡ
1522 1462 1622 1499 σφαγὴ,
1644 1462 1715 1490 ὥστε
1735 1462 1812 1498 μόλις

1026 1510 1074 1546 μέν
1086 1509 1182 1537 ἑκατὸν
1195 1509 1249 1537 ἀπὸ
1261 1508 1366 1544 χιλίων,
1383 1509 1459 1544 μόλις
1472 1508 1500 1535 δὲ
1514 1508 1580 1536 δέκα
1598 1508 1628 1541 ἐξ
1642 1509 1739 1536 ἑκατὸν
1751 1509 1813 1536 καῧ⁹

1024 1555 1142 1590 ἑκάστην
1167 1557 1204 1590 (ρ.
1227 1555 1289 1588 174)
1320 1554 1493 1592 εὑρίσκεσθαι
1520 1554 1607 1581 πόλιν.
1625 1563 1635 1580 ι
1653 1554 1727 1581 Διότι
1749 1555 1813 1581 τάδε

1024 1599 1097 1634 λέγει
1119 1600 1221 1636 Κύριος
1235 1598 1303 1635 πρὸς
1318 1599 1364 1626 τὸν
1384 1596 1458 1626 οἶκον
1482 1598 1604 1635 Ἰσραήλο
1626 1598 1812 1635 Ἐκζητὴσατέ

1026 1654 1071 1680 με,
1085 1645 1132 1672 καὶ
1148 1644 1264 1681 ζήσεσθε
1275 1654 1282 1660 '
1300 1645 1347 1671 καὶ
1364 1644 1401 1680 μὴ
1418 1644 1558 1679 ἐκζητεῖτε
1579 1644 1691 1680 Βαιθὴλ,
1709 1646 1756 1672 καὶ
1772 1647 1812 1677 εἰς

1024 1691 1149 1726 Γάλγαλα
1161 1692 1198 1727 μὴ
1208 1691 1410 1727 εἰσπορεύεσθε,
1421 1691 1467 1718 καὶ
1478 1691 1525 1718 ἐπὶ
1533 1690 1564 1717 τδ
1574 1691 1662 1726 φρέαρ
1672 1690 1718 1717 τοῦ
1730 1692 1812 1726 ὅρκου

1025 1737 1064 1772 μὴ
1076 1737 1248 1764 ἁναὸαίνετεδ
1263 1737 1303 1763 ὅτι
1313 1736 1435 1771 Γάλγαλα
1444 1735 1701 1772 αἰχμαλωτευομὲνη
1714 1736 1812 1771 αἰχμα-

1023 1782 1232 1818 λωτευοήσεται,
1245 1783 1291 1809 καὶ
1305 1782 1406 1818 Βαιθὴλ
1420 1781 1496 1809 ἐσται
1507 1782 1544 1814 ὡς
1554 1782 1603 1817 οὐχ
1616 1781 1784 1817 ὑπάρχουσα.
1799 1791 1809 1808 ι

1024 1828 1202 1863 Συμϐουλεύω
1216 1827 1305 1854 τοίνυν
1316 1828 1380 1863 ὑμῖν
1396 1827 1461 1854 ίδεῖν
1476 1828 1525 1863 μὲν
1539 1827 1606 1862 πρὸς
1620 1828 1680 1862 ἐμὲ,
1692 1828 1811 1863 ἀποστῆ-

1024 1882 1067 1900 ναι
1087 1873 1115 1900 δὲ
1135 1872 1236 1908 Βαιθήλ
1251 1881 1281 1898 τε
1293 1873 1340 1899 καὶ.
1353 1872 1498 1907 Γαλγάλων
1509 1873 1555 1899 καὶ
1572 1872 1620 1899 τοῦ
1635 1873 1751 1908 φρέατος
1763 1873 1810 1899 τοῦ

1023 1918 1117 1955 ὅρκου,
1135 1918 1165 1945 ἐν
1177 1916 1273 1952 οἷσπερ
1293 1917 1454 1953 συντρέχετε
1471 1917 1529 1949 νῦν,
1544 1917 1641 1945 εἴδωλά
1650 1927 1680 1944 τε
1693 1919 1740 1945 καὶ
1753 1918 1810 1945 δαί-

1026 1972 1109 1999 μονας
1121 1963 1316 1999 Θεραπεύοντες
1326 1964 1355 1990 ἐν
1364 1964 1420 1995 τοῖς
1430 1963 1522 1994 τόποις
1531 1963 1655 1996 ἐκείνοις,
1668 1961 1696 1990 εὖ
1710 1964 1808 1996 εἰδότες

1024 2008 1060 2040 ὡς
1070 2008 1172 2044 ἐρημία
1187 2008 1233 2034 καὶ
1246 2007 1333 2034 ταῦτα.
1340 2007 1454 2043 λήψεται
1468 2007 1556 2034 πάντα
1567 2008 1627 2042 μεθ’
1640 2008 1740 2043 om“
1753 2008 1808 2035 Ἔχε

1025 2052 1159 2087 ζητήσατε
1180 2051 1226 2078 τὸν
1246 2051 1357 2087 Κύριον.
1377 2051 1424 2078 καὶ
1441 2050 1572 2087 ζήσεσθε·
1587 2051 1661 2083 ὅπως
1683 2051 1722 2088 μὴ
1741 2052 1806 2078 ἀνα·

1024 2097 1119 2133 λάμψῃ
1136 2097 1174 2127 ὠς
1193 2096 1249 2133 πῦρ
1263 2098 1277 2123 ό
1299 2095 1372 2128 οἶκος
1391 2096 1437 2123 τοῦ
1460 2096 1568 2132 Ἰωσὴφ,
1592 2098 1637 2123 καὶ
1664 2097 1809 2133 καταφάγῃ

1024 2143 1116 2174 αὑτὸν,
1133 2143 1180 2169 καὶ
1195 2142 1245 2168 οὐκ
1266 2142 1342 2169 ἐσται
1357 2142 1370 2167 ὁ
1388 2142 1491 2168 σϐέσων
1506 2141 1551 2168 τὸν
1572 2140 1645 2168 οἷκον
1662 2142 1769 2178 Ἰσραήλ
1795 2152 1805 2167 ι

1030 2188 1172 2223 ’Λφέμενοι
1185 2188 1213 2215 δὲ
1223 2187 1334 2219 τούτων,
1350 2186 1409 2222 Θεῷ
1423 2187 1613 2222 προσανέχετε,
1625 2188 1695 2214 ὥστε
1712 2188 1750 2223 μὴ
1760 2188 1807 2223 τὴν

1023 2233 1158 2268 τιμωρίαν
1173 2233 1220 2268 τὴν
1243 2232 1318 2266 παρὰ
1335 2231 1383 2258 τοῦ
1397 2231 1464 2258 Θεοῦ
1478 2232 1555 2267 δίκην
1579 2232 1663 2266 πυρὸς
1686 2233 1808 2264 ἅπαντας

1024 2278 1095 2312 ὑμᾶς
1120 2277 1300 2311 καταφλέξαι·
1318 2277 1349 2303 οὐ
1370 2275 1425 2311 γὰρ
1441 2275 1496 2302 οἷόν
1511 2285 1551 2308 τε,
1561 2277 1646 2304 ταῦτα
1667 2277 1731 2312 ὑμῖν
1746 2278 1805 2303 ἐπι-

1021 2324 1176 2358 πέμποντος
1201 2323 1249 2350 τοῦ
1269 2322 1347 2355 Θεοῦ,
1371 2322 1517 2358 εὑρεθῆναι
1541 2323 1586 2349 τὸν
1607 2324 1709 2359 ἀμῦναι
1731 2324 1806 2351 δυνά-

1022 2378 1111 2405 μενον.

1055 2436 1128 2471 Στίχ.
1144 2435 1215 2468 ζ’-θ’·
1232 2451 1264 2457 -
1284 2446 1292 2461 ι
1316 2436 1345 2462 Ὁ
1361 2435 1445 2462 ποιῶν
1462 2437 1501 2468 εἰς
1513 2436 1578 2471 ὕψος
1596 2436 1691 2472 κρῖμα,
1705 2436 1752 2462 καὶ
1767 2436 1806 2463 δι-

1021 2482 1166 2517 καιοσύνην
1176 2483 1215 2512 είς
1227 2481 1278 2516 γῆν
1291 2480 1398 2516 ἔθηκεν.
1420 2491 1429 2507 ι
1449 2482 1516 2508 Οὑδέ
1529 2482 1582 2516 γὰρ
1595 2482 1720 2507 ἀπιστεῖν
1736 2481 1807 2516 ὑμᾶς

1019 2528 1140 2564 προσῆκε
1165 2528 1219 2553 τινὶ
1239 2526 1293 2553 τῶν
1321 2527 1524 2562 ἀπειλουμένων
1548 2527 1564 2562 ἢ
1587 2527 1807 2562 ὑπισχνουμένων

1020 2575 1084 2608 ὑμῖν
1102 2572 1176 2608 παρὰ
1188 2572 1236 2599 τοῦ
1250 2572 1333 2599 Θεοῦ·
1350 2572 1442 2607 ἐπειδὴ
1458 2570 1535 2604 οὗτός
1553 2573 1626 2598 ἐστιν
1636 2573 1650 2599 ὀ
1661 2574 1748 2608 κρῖμα
1760 2573 1806 2599 καὶ

1021 2618 1194 2654 δικαιοσύνην
1211 2619 1249 2650 είς
1271 2618 1337 2653 ὕψος
1358 2627 1387 2644 τε
1412 2618 1496 2644 ποιῶν
1518 2618 1565 2645 καὶ
1579 2619 1619 2650 εἰς
1633 2620 1686 2653 γῆν
1705 2619 1804 2650 τιθείς·

1022 2666 1065 2691 ἴνα
1087 2664 1162 2700 εἴπῃ,
1178 2664 1218 2690 ὅτι
1241 2661 1325 2695 Οὗτός
1347 2664 1420 2689 ἐστιν
1440 2664 1454 2688 ὁ
1474 2662 1660 2697 ἀδικουμένοις
1679 2663 1742 2697 ὑμῖν
1755 2662 1806 2688 ὑπὸ

1024 2710 1078 2736 τῶν
1095 2710 1230 2745 πολεμίων
1250 2711 1340 2744 κρῖναι
1357 2708 1520 2743 δυνάμενος·
1537 2708 1582 2734 καὶ
1601 2706 1806 2742 τιμωρήσασθαι
