1972 3066
139 197 192 224 275

632 194 907 224 COMMENTARIUS
925 193 959 222 IN
980 192 1084 222 AMOSI
1101 194 1176 222 CAP.
1193 194 1223 222 V.

1713 195 1766 222 ττι

146 256 194 290 μὲν
208 254 271 286 τοὺς
286 252 402 280 τοσαῦτα
414 253 478 288 ὑμῖν
489 252 640 286 ἐπάγοντας
651 252 733 285 κακά,
744 251 828 284 δεῖξαι
839 252 867 279 δὲ
879 252 929 288 τὴν

985 250 1090 286 quidem
1105 252 1202 286 punire
1215 252 1260 286 qui
1271 256 1344 278 tanta
1355 251 1477 280 inferunt
1486 252 1555 280 mala
1566 252 1769 284 ;demonstrare

143 300 316 335 δικαιοσύνην
335 299 382 325 καὶ
392 299 442 334 τὴν
455 298 556 334 κρίσιν,
574 297 612 333 (p.
634 298 694 332 175)
716 299 748 333 ἢν
763 298 833 333 ὑπὲρ
853 297 930 333 ὑμῶν

143 347 196 374 τῶν
211 346 258 372 ἐπὶ
272 345 325 380 γῆς
348 344 432 371 ὅντων
452 344 577 374 ποιεῖται,
596 343 715 378 μεγάλην
732 351 762 369 τε
786 340 868 370 οὖσαν
884 343 931 369 καὶ

144 392 244 423 παντὸς
260 391 398 425 γέμουσαν
424 388 572 424 θαύματος.
588 388 643 415 Καὶ
659 388 699 420 είς
723 388 855 415 πίστωσιν
877 388 931 414 τῶν

143 437 242 469 αὐτῶν,
259 436 357 470 ἐπάγει
371 435 465 462 πάλινθ
489 444 498 461 ι
520 435 551 462 '0
565 434 649 461 ποιῶν
670 435 758 461 πάντα
777 434 824 461 καὶ
848 443 931 469 μετα-

145 481 296 513 σκευάζων.
317 490 327 506 ι
344 481 399 506 Καὶ
415 479 469 514 γὰρ
484 479 530 506 καὶ
546 480 631 506 ποιεῖν
645 478 753 505 ἅπαντα
780 478 830 505 οὐκ
854 478 929 512 ὄντα,

144 527 188 553 καὶ
202 526 334 560 γεγονότα
353 524 529 560 μταὸάλλειν
548 526 588 555 εἰς
601 525 615 551 ὅ
629 533 655 550 τι
672 524 806 559 βούλεται.
819 524 931 552 δύναται

143 571 255 608 ῥᾳδίως.
271 581 280 597 ι
300 571 354 597 Καὶ
368 570 508 606 ἐκτρέπων
524 571 563 602 είς
580 571 610 597 τὸ
622 570 694 606 πρωῒ
712 570 791 597 σκιὰν
805 570 931 604 θανάτου,

145 618 189 644 καὶ
201 617 309 653 ἡμέραν
319 617 359 648 είς
373 617 456 643 νύκτα
470 616 654 648 συσκοτάζων.
671 625 680 643 ι
697 612 780 647 οὗτος
794 616 931 648 κινδύνους

143 663 258 690 θάνατον
275 662 426 695 ἐπάγοντας
438 662 478 693 είς
491 661 660 696 εὐφροσύνην
672 660 801 696 λαμπράν
814 669 875 687 τινα
885 661 933 688 καὶ

143 707 235 742 ἡδεῖαν
254 706 431 741 μεταϐάλλειν
455 705 610 741 αὐτάρκης·
626 705 688 735 τοὺς
712 705 740 730 ὲν
761 704 932 739 λαμπρότητι

143 761 172 779 τε
188 750 259 778 εἶναι
280 751 435 783 δοκοῦντας,
449 750 537 786 σκότῳ
559 750 602 777 διὰ
617 750 671 776 τῶν
686 750 833 786 συμφορῶν
856 758 933 786 περι-

144 798 252 826 εάλλειν
273 797 384 824 δύναται
401 796 516 831 ρᾳδίως”
530 795 652 831 βούλεται
673 796 728 831 γὰρ
748 795 886 822 κάνταῦθα
900 796 933 822 ἐκ

145 842 197 868 τῶν
214 841 330 868 καθόλου
351 840 510 875 σωπῆσαι,
532 841 572 867 ὅτι
596 840 735 875 αὐτάρκης
755 840 851 867 καὶτὰ
872 841 932 866 κατ’

145 888 242 919 αὐτοὺς
265 887 304 919 ὡς
328 886 449 922 βούλεται
473 886 648 921 μεταϐαλεῖν·
674 886 722 912 καὶ
742 885 806 912 ποτὲ
829 887 878 921 μὲν
899 886 932 913 ἐκ

146 932 292 966 συμφορῶν
302 932 342 963 είς
352 931 500 967 εὐημερίαν
515 931 655 966 μετάγειν·
673 931 737 957 ποτὲ
747 931 774 958 δὲ
785 932 814 964 ἐξ
829 931 932 966 εὑημε-
948 922 969 950 Β

147 979 204 1013 ρίας
223 979 264 1009 είς
286 977 429 1012 συμφορὰς
455 977 594 1012 καθιστᾷν.
610 986 620 1002 ι
642 976 671 1003 ’0
696 976 932 1012 προσκαλούμενος

145 1023 174 1049 τὸ
192 1022 265 1058 ὕδωρ
278 1023 329 1058 τῆς
343 1022 490 1057 θαλάσσης,
511 1022 557 1049 καὶ
574 1022 676 1056 ἐκχέων
688 1022 755 1048 αὐτὸ
776 1023 823 1049 ἐπὶ
849 1031 933 1058 προσ-

146 1067 220 1095 ὠπου
233 1068 285 1102 τῆς
299 1068 361 1103 γῆς,
372 1068 473 1104 Κύριος
487 1068 501 1094 ό
514 1068 590 1099 Θεὸς,
602 1068 616 1094 ὁ
630 1068 829 1104 Παντοκράτωρ
848 1068 933 1104 ὄνομα

146 1114 227 1148 αὐτῷ.
251 1123 260 1139 ι
278 1111 363 1146 Οὗτος
373 1114 387 1140 ό
404 1114 449 1140 καὶ
463 1114 493 1140 τὸ
505 1114 555 1148 τῆς
571 1113 705 1149 Θαλάττης
720 1113 792 1150 ὕδωρ
807 1114 891 1149 αῐρων
902 1123 932 1141 τε

145 1159 188 1186 διὰ
203 1159 258 1186 τῶν
282 1158 401 1193 νεφελῶν
421 1159 467 1185 καὶ
489 1159 559 1186 κατὰ
583 1159 673 1194 πάσης
685 1159 787 1194 ἐκχέων
805 1160 854 1194 τῆς
870 1160 932 1194 γῆς,

147 1203 286 1237 αὐτάρκης
308 1203 356 1229 καὶ
368 1201 416 1229 νῦν
430 1202 478 1238 τὴν
492 1202 546 1229 τῶν
567 1203 715 1238 Ἀσσυρίων
736 1203 873 1238 στρατιάν,
888 1204 935 1230 θα-

146 1247 244 1282 λάττης
263 1247 379 1283 μέγεθος
392 1248 572 1283 μιμουμένην,
588 1248 630 1282 ἐφ’
645 1248 716 1284 ὑμᾶς
727 1249 772 1275 διὰ
787 1250 835 1284 τῆς
849 1250 934 1284 ὀργῆς

145 1292 237 1328 ἐκχέαι
251 1293 303 1327 τῆς
313 1292 424 1323 οἰκείας,
438 1291 467 1323 ὃς
485 1292 539 1318 τῶν
549 1292 675 1319 ἁπάντων
692 1293 793 1328 Κύριος
805 1293 852 1325 ὢν,
870 1295 934 1320 αὺτ-

145 1338 232 1373 άρκης
252 1337 288 1364 τὰ
317 1337 446 1364 δοκοῦντα
460 1339 554 1365 ποιεῖν.
572 1346 581 1363 ι
604 1338 633 1365 '0
643 1338 754 1374 διαιρῶν
769 1340 934 1375 συντριμμδν

146 1383 188 1409 ἐπ’
205 1384 292 1418 ἰσχὺν,
309 1384 357 1409 καὶ
375 1383 562 1418 ταλαιπωρίαν
578 1384 624 1410 ἐπὶ
642 1384 772 1420 ὀχύρωμα
784 1385 904 1419 ἐπάγων,
922 1395 931 1411 ι

145 1426 228 1460 οὗτος
242 1429 292 1456 καὶ
316 1429 405 1464 θλίψιν
423 1430 472 1464 τὴν
492 1429 652 1464 ἐνοχλοῦσαν
673 1430 798 1463 διαλύων,
816 1431 853 1465 (ρ.
872 1431 933 1466 176)

146 1474 273 1508 ἰσχυροὺς
294 1474 481 1509 ἀπεργάζεται
499 1475 545 1501 καὶ
560 1475 623 1506 τοὺς
641 1476 673 1502 ὲκ
685 1476 739 1502 τῶν
749 1476 841 1503 κακῶν
851 1478 934 1512 ἡσθε-

145 1520 260 1557 νηκότας
268 1528 275 1534 ·
287 1519 476 1555 ταλαιπωρίας
487 1529 516 1546 τε
524 1520 586 1552 τοὺς
598 1521 667 1555 ἄγαν
676 1521 820 1554 δοκοῦντας
829 1524 935 1558 μεγάλα

143 1564 274 1593 δύνασθαι
299 1565 395 1602 ἀθρόον
415 1566 526 1601 πληροῖ’
544 1566 572 1598 ὃς
595 1567 734 1602 βουληθεὶς
757 1569 805 1595 καὶ
825 1569 858 1595 τὰ
875 1569 934 1596 καθ’

145 1611 216 1645 ὑμᾶς
235 1611 371 1646 μετέϐαλέ
388 1620 417 1637 τε
434 1612 467 1638 ἐκ
487 1611 533 1638 τοῦ
548 1613 700 1647 κρείττονος
713 1613 759 1640 ἐπὶ
777 1614 806 1641 τὸ
827 1616 933 1650 χεῖρον·

146 1657 190 1682 καὶ
203 1657 285 1683 πάλιν
304 1657 336 1683 ἐκ
350 1656 396 1683 τοῦ
417 1657 536 1692 χείρονος
551 1657 596 1683 ἐπὶ
612 1657 643 1684 τὺ
655 1659 777 1694 κρεῖττον
796 1659 935 1694 βουληθεὶς

147 1703 295 1737 μεταδαλεϊ
305 1703 413 1738 ῥᾳδίως.

182 1747 255 1782 Στίχ.
278 1751 306 1778 ι’,
319 1751 363 1774 ια’.
380 1760 408 1766 -
425 1757 434 1773 ι
458 1748 606 1783 Ἐμίσησάν
623 1749 652 1775 ἐν
664 1749 762 1782 πύλαις
780 1750 934 1786 ἐλέγχοντα,

149 1792 193 1818 καὶ
209 1792 290 1826 λόγον
311 1793 383 1819 ὅσιον
402 1793 586 1826 ὲὸδελύξαντο.
606 1803 615 1820 ι
633 1795 763 1830 Ἀρχεται
784 1796 876 1823 λοιπὸν
895 1798 938 1823 ἐν-

148 1838 238 1865 τεῦθεν
253 1838 304 1870 τὰς
320 1839 493 1874 παρανομίας
513 1839 601 1867 αὐτῶν
619 1840 785 1876 ἐξηγεῖσθαι,
803 1842 872 1874 Τοὺς
887 1843 936 1878 μὲν

148 1880 192 1909 οὖν
213 1884 356 1918 προφήτας
374 1885 403 1910 ἐν
427 1884 567 1920 διορθώσει
587 1886 636 1917 τὰς
655 1887 827 1922 παρανομίας
847 1888 937 1915 αὐτῶν

149 1929 268 1963 ἐλέγχειν
290 1930 542 1964 προσταττομένους
557 1931 682 1965 ἐμίσουν·
704 1931 890 1960 ἐϐδελύττοντο
908 1934 936 1960 δὲ

149 1975 193 2000 καὶ
215 1975 358 2010 ὁπόσαπερ
373 1975 466 2008 ἔλεγον
486 1976 587 2008 αὐτοῖς.
610 1976 837 2011 συμϐουλεύοντες
855 1980 937 2014 χωρί-

149 2019 239 2051 ζεσθαι
256 2021 310 2055 μὲν
321 2020 375 2046 τῶν
390 2021 493 2053 κακῶν,
512 2021 648 2057 αἱρεῖσθαι
661 2022 689 2048 δὲ
711 2022 746 2050 τά
761 2024 890 2058 κρείττω·
905 2025 938 2051 τὸ

148 2065 175 2092 δὲ
186 2067 215 2092 ὲν
229 2066 329 2098 πύλαις
352 2065 424 2092 οὕτω
437 2067 536 2101 φησίνυ
554 2067 633 2099 Ἔθος
652 2065 686 2103 ἦν
706 2068 737 2094 τὸ
757 2069 870 2096 παλαιὸν
891 2071 939 2096 καὶ

149 2110 195 2142 τὰς
207 2111 261 2137 τῶν
269 2111 493 2145 ἀναγκαιοτάτων
503 2113 673 2147 πραγμάτων
683 2113 779 2148 βουλὰς
790 2115 853 2146 τοὺς
867 2115 937 2143 κατὰ

151 2157 222 2183 πόλιν
236 2158 265 2183 ἐν
279 2158 341 2188 ταῖς
353 2156 450 2189 πύλαις
463 2158 611 2184 ποιεῖσθαι·
625 2159 671 2185 καὶ
686 2160 740 2191 τοῖς
750 2159 857 2196 ἐχθροῖς
871 2170 936 2196 πρε-

151 2203 324 2238 σϐευομένοις
336 2203 399 2238 περί
414 2211 497 2235 ’τινος⁹
510 2203 577 2239 πρὸς
589 2204 686 2236 αὐτοὺς
702 2206 731 2231 ἐν
747 2206 860 2238 ἐκείνοις
870 2207 937 2233 ἀπο-

981 299 1072 323 autem
1093 295 1227 330 justitiam
1257 299 1339 330 atque
1357 295 1503 330 judicium,
1523 297 1595 332 qttod
1625 304 1673 332 pro
1691 297 1769 324 vobis

981 341 1101 375 regionis
1117 341 1198 376 hujus
1223 341 1322 369 incolis
1342 347 1459 374 exseret.
1477 351 1605 378 magnum
1629 347 1710 377 atque
1724 350 1774 370 ex-r

981 386 1085 414 celsum
1101 390 1129 414 et
1143 387 1219 414 omni
1244 387 1420 414 mirabilitate
1443 388 1564 423 plenum.
1580 388 1768 416 Confirmans-

981 438 1034 464 que
1049 431 1132 463 dicta,
1144 431 1198 458 ait:
1217 441 1227 456 ε
1243 431 1294 464 Qui
1315 432 1378 458 facit
1398 433 1536 464 omnia,et
1551 433 1739 460 transformat.
1755 441 1765 459 ι

983 476 1086 504 Revera
1107 477 1180 505 enim
1204 481 1230 504 et
1258 478 1349 504 omnia
1372 477 1461 505 facere
1475 486 1508 505 ex
1533 478 1628 510 nihilo.
1647 482 1675 506 et
1698 478 1767 505 facta

982 527 1176 556 transmutare,
1202 527 1232 550 ut
1259 523 1341 559 ue
1369 524 1497 557 voluerit,
1526 524 1652 558 expedite
1666 528 1766 559 potest.

985 577 995 594 ι
1017 567 1069 600 Qui
1087 569 1222 597 convertit
1233 569 1260 596 in
1277 577 1355 596 tuane
1369 569 1496 597 tenebras
1513 569 1619 601 mortis,
1643 573 1671 596 et
1695 570 1767 597 diem

982 617 1063 640 nocte
1070 613 1241 642 obtenebrat.
1263 623 1272 640 ι
1291 613 1349 649 Ipse
1361 618 1450 650 potest
1466 614 1589 641 mortalia
1603 614 1723 650 pericula
1739 615 1768 642 in

983 659 1156 693 splendidum
1178 659 1386 695 jucundumque
1404 660 1533 694 gaudium
1549 664 1726 692 convertere;
1742 665 1770 687 et

982 712 1030 732 eos
1042 705 1087 740 qui
1106 705 1132 732 in
1144 705 1290 740 splendore
1316 705 1419 732 versari
1434 705 1570 737 videntur,
1585 712 1768 732 aerumnarum

984 751 1105 778 tenebris
1121 751 1202 779 facile
1219 752 1345 779 obruere.
1361 750 1425 778 Vult
1439 751 1512 778 enim
1526 751 1576 778 hoc
1594 751 1654 778 loco
1675 759 1707 778 es
1724 758 1769 786 ge-

983 797 1122 824 neralibus
1136 797 1311 829 concludere.
1331 804 1413 832 posse
1430 796 1513 824 Deum
1528 805 1573 824 res
1586 803 1695 831 quoque
1710 796 1770 823 illo-
1826 799 1837 809 ‘

984 849 1044 869 rum
1062 850 1111 877 pro
1125 849 1176 870 suo
1192 842 1268 870 libito
1281 847 1469 874 commutare;
1484 846 1511 869 et
1526 842 1606 869 ntodo
1619 849 1651 869 ex
1670 849 1771 868 aet-tum

984 887 1026 914 nis
1039 888 1065 914 in
1077 887 1294 922 prosperitatem,
1310 887 1391 914 ntodo
1401 892 1462 915 cont
1468 895 1495 913 ra
1506 894 1539 915 ex
1552 887 1731 922 prosperitate
1742 887 1769 914 in

982 940 1130 960 :crumnam
1159 933 1320 960 transferre.
1339 943 1350 960 ι
1368 933 1420 966 Qui
1442 936 1523 960 vocat
1547 939 1646 967 aquam
1674 932 1769 963 maris.

982 983 1009 1006 et
1027 978 1142 1006 eﬂundit
1154 985 1236 1014 super
1249 978 1347 1007 faciem
1363 982 1454 1011 terra,
1465 977 1598 1006 Dominus
1613 977 1694 1009 Deus.
1714 985 1771 1005 -no~

983 1031 1044 1050 men
1065 1024 1089 1050 ei
1102 1022 1291 1059 Omnipotens.
1310 1033 1321 1050 ι
1339 1023 1410 1057 ipse.
1434 1024 1479 1059 qui
1498 1024 1582 1052 utaris
1593 1031 1692 1059 aquam
1723 1031 1770 1050 nu-

982 1069 1062 1096 bibus
1089 1069 1198 1100 attollit.
1213 1073 1241 1096 et
1267 1077 1314 1104 per
1346 1069 1503 1097 universam
1528 1073 1630 1097 terram
1655 1068 1771 1096 eﬂ'undit

982 1114 1053 1140 valet
1067 1121 1138 1141 nunc
1152 1114 1235 1141 etiam
1249 1113 1425 1149 Assyriorum
1437 1113 1599 1144 exercitum.
1615 1112 1772 1147 amplitudi-

983 1168 1045 1189 nem
1063 1161 1148 1188 maris
1160 1161 1321 1191 imitantem,
1332 1163 1429 1187 contra
1439 1167 1488 1188 vos
1504 1159 1544 1186 ira
1558 1166 1608 1187 sua
1619 1158 1769 1188 effundere.

983 1213 1045 1233 eutn
1065 1207 1103 1234 sit
1135 1206 1265 1234 Dominus
1289 1206 1470 1239 universalis,
1501 1210 1530 1233 et
1554 1204 1687 1240 quidquid
1718 1204 1771 1232 sibi

983 1252 1092 1279 libuerit
1108 1259 1237 1286 peragere
1248 1251 1351 1279 valens.
1367 1260 1377 1277 ι
1400 1250 1452 1284 Qui
1466 1250 1562 1278 dividit
1577 1249 1772 1278 contritionem

984 1304 1066 1332 super
1082 1296 1278 1328 fortitudinem,
1293 1299 1320 1323 et
1334 1296 1472 1323 miseriam
1498 1302 1581 1330 super
1594 1295 1771 1322 munitionem

984 1341 1105 1368 adducit.
1129 1351 1137 1366 ι
1153 1340 1213 1375 [pse
1226 1347 1382 1376 pressuram
1395 1340 1536 1367 molestam
1553 1339 1709 1371 sublevansl
1726 1347 1773 1364 vu-

984 1386 1055 1414 lidos
1071 1385 1158 1414 reddit
1172 1386 1254 1413 etiam
1272 1385 1344 1417 illos,
1361 1385 1407 1421 qui
1425 1385 1626 1413 calamitatibus
1649 1387 1714 1411 sunt
1729 1383 1773 1411 de-

983 1432 1080 1460 bilitati
1100 1441 1106 1458 :
1125 1431 1301 1466 vicissimque
1332 1431 1422 1459 subita
1451 1430 1561 1458 miseria
1589 1430 1711 1464 complet
1724 1429 1771 1464 qui

985 1476 1090 1510 magnis
1103 1475 1209 1503 viribus
1219 1475 1322 1510 pollere
1334 1474 1471 1502 videntur.
1487 1473 1513 1502 ls
1528 1481 1592 1501 cum
1605 1473 1705 1505 voluit,
1728 1481 1772 1501 res

985 1526 1090 1549 vestras
1103 1529 1119 1548 a
1141 1521 1253 1549 meliore
1278 1524 1349 1549 statu
1365 1520 1506 1548 transtulit
1527 1520 1561 1547 ad
1583 1519 1745 1547 deteriorem
1762 1528 1770 1546 :

949 1582 971 1610 ο
988 1574 1139 1602 rursusque
1153 1565 1294 1602 siquando
1304 1565 1432 1599 voluerit,
1443 1565 1470 1593 in
1487 1565 1628 1593 meliorem
1644 1564 1722 1592 facile
1735 1571 1773 1592 re-

987 1612 1105 1639 vocabit.

1024 1750 1107 1778 Vsus.
1132 1751 1177 1784 10,
1193 1751 1236 1778 il.
1257 1766 1294 1772 ——
1318 1760 1327 1776 ι
1356 1749 1426 1777 0dio
1454 1748 1608 1776 habuerunt
1639 1747 1665 1774 iu
1689 1748 1775 1782 portis

987 1802 1156 1831 arguentem,
1170 1800 1196 1824 et
1209 1804 1363 1824 sermonem
1372 1799 1498 1823 sanctum
1511 1793 1660 1821 abominati
1671 1797 1746 1820 sunt.
1761 1803 1771 1818 ι

988 1842 1094 1869 Abhinc
1111 1850 1208 1870 rursus
1223 1842 1319 1876 incipit
1334 1841 1493 1876 iniquitates
1508 1839 1616 1866 illorum
1626 1845 1773 1873 exponere.

988 1888 1138 1923 Prophetas
1148 1888 1265 1923 quidem,
1282 1891 1392 1921 peccata
1402 1887 1523 1920 ipsorum
1533 1891 1680 1919 coarguere
1694 1887 1776 1918 atque

988 1934 1132 1962 emendare
1150 1941 1164 1959 a
1175 1933 1230 1960 Deo
1242 1932 1345 1968 iussos,
1357 1931 1472 1958 oderant
1488 1939 1495 1957 :
1510 1933 1537 1956 et
1546 1927 1775 1957 abominabantur

988 1986 1158 2014 quaecunque
1170 1979 1197 2005 hi
1208 1977 1279 2013 apud
1292 1985 1340 2005 eos
1355 1974 1601 2006 concionabantur,
1636 1973 1773 2000 hortando

988 2024 1022 2052 ad
1039 2024 1166 2051 vitiorqu
1197 2023 1305 2058 fugam,
1334 2025 1362 2049 et
1389 2019 1498 2048 virtutis
1530 2025 1661 2046 amorem.
1689 2018 1776 2046 Dictio

989 2074 1079 2097 autem
1096 2069 1123 2096 in
1141 2069 1238 2104 portis,
1262 2069 1301 2096 sic
1318 2065 1501 2102 intelligenda.
1515 2063 1573 2092 Mos
1591 2063 1699 2099 priscus
1712 2063 1773 2095 fuit.

989 2115 1158 2150 gravissima:
1173 2114 1307 2148 cujusque
1317 2113 1356 2140 rei
1368 2110 1585 2139 consultationes
1600 2117 1614 2135 a
1630 2108 1776 2136 civibusiu

989 2159 1075 2194 portis
1088 2167 1113 2186 ut
1122 2159 1162 2186 bis
1175 2158 1243 2191 fieri;
1256 2161 1283 2184 ct
1292 2157 1411 2184 hostium
1420 2155 1503 2183 etiam
1513 2154 1547 2181 de
1555 2161 1585 2181 re
1596 2153 1686 2187 aliqua
1703 2153 1775 2187 lega-

989 2204 1121 2235 tionibus,
1132 2203 1210 2238 117
1220 2202 1314 2229 iisdem
1324 2203 1350 2229 in
1360 2201 1427 2228 locis
1433 2198 1609 2234 respondere.
1623 2197 1680 2225 lmo
1691 2199 1773 2225 etiam

151 2248 288 2281 κρίνεσθαι
306 2249 363 2279 τοῖς
376 2248 485 2280 τόποις’
500 2249 537 2283 (p.
555 2249 616 2282 H7)
637 2250 684 2276 καὶ
703 2250 734 2285 δὴ
754 2251 862 2283 καὶτὰς
879 2252 934 2286 μεί-

989 2249 1092 2284 tuajora
1101 2249 1203 2283 judicia
1217 2247 1317 2275 ibidem
1332 2246 1504 2276 exercebant.
1520 2247 1550 2271 ut
1563 2243 1670 2271 cunctis
1679 2243 1774 2271 urbem

150 2294 208 2325 ζους
228 2294 282 2320 τῶν
309 2293 423 2329 κρίσεων
439 2294 532 2321 αὐτόθι
560 2295 704 2328 ποιεῖσθαι,
727 2296 764 2328 ὡς
783 2296 816 2324 ἂν
834 2297 936 2325 ἅπασιν

149 2337 201 2367 τοῖς
221 2336 292 2363 κατὰ
307 2337 355 2372 τὴν
372 2337 449 2364 πόλιν
473 2338 585 2364 εἰσιοῦσι
602 2348 630 2365 τε
654 2340 701 2366 καὶ
718 2340 818 2374 ἐξιοῦσι
836 2341 870 2368 δι’
886 2334 936 2369 ab;

150 2380 196 2414 τῆς
215 2383 359 2417 καταφανῆ
377 2383 495 2416 γίγνοιτο
510 2383 544 2410 τὰ
562 2385 744 2420 πραττόμενα.
762 2386 812 2413 Διὰ
829 2387 907 2414 τοῦτο
922 2389 937 2414 ὀ

152 2427 282 2462 μακάριος
307 2427 381 2461 λέγει
400 2429 495 2454 Δαυῖδ·
512 2438 520 2454 t
541 2430 578 2456 Οὐ
601 2431 876 2467 καταισχυνθήσονται
897 2434 935 2460 ὅτ’

151 2469 182 2496 ἂν
198 2471 298 2498 λαλῶσι
320 2473 376 2504 τοῖς
395 2472 501 2508 ἐχθροῖς
525 2474 614 2501 αὐτῶν
628 2475 658 2502 ἐν
677 2475 774 2508 πύλαις
786 2483 793 2490 ⁸
816 2486 824 2502 t
841 2478 936 2513 ἐπειδὴ

151 2515 239 2542 αὐτόθι
247 2518 296 2548 τὰς
307 2518 467 2553 ἀποκρίσεις
474 2518 521 2551 τὰς
529 2520 596 2555 πρὸς
605 2521 668 2552 τοὺς
675 2521 772 2555 ἔξωθεν
786 2523 935 2550 ἐποιοῦντο·

153 2570 162 2585 ι
178 2562 228 2588 Καὶ
243 2563 405 2598 ἠδολέσχουν
420 2565 479 2591 κατ’
490 2565 557 2600 ἐμοῦ
575 2567 599 2593 οἱ
614 2567 763 2602 καθήμενοι
778 2570 806 2595 ἐν
823 2569 910 2604 πύλῃ’
925 2579 935 2595 t

151 2606 187 2638 ὡς
206 2608 297 2635 αὐτόθι
319 2609 368 2640 τὰς
391 2610 520 2642 πλείστας
543 2611 675 2639 εἰωθότων
693 2613 782 2640 αὐτῶν
802 2615 937 2642 ποιεῖσθαι

153 2652 284 2684 συνόδους.
309 2655 360 2680 Τὸν
380 2655 460 2681 αὑτὸν
473 2655 504 2691 δὴ
521 2657 620 2692 τρόπον
638 2658 754 2685 ἐνταῦθα
768 2660 830 2692 τοὺς
843 2661 872 2687 ὲν
886 2661 937 2687 πύ-

153 2696 209 2730 λαις
223 2699 386 2734 ἐλέγχοντας
407 2700 491 2734 λέγει,
503 2701 540 2733 ὡς
560 2701 592 2728 ἂν
611 2702 663 2730 τῶν
678 2705 826 2739 προφητῶν
844 2705 938 2732 αὐτόθι

153 2743 183 2768 τὰ
196 2744 265 2771 κατὰ
287 2745 401 2781 γνώμην
422 2745 497 2772 θείαν
513 2748 654 2782 κηρύττειν
672 2749 764 2781 αὐτοῖς
774 2751 938 2778 ἐσπουδακόυ

154 2797 214 2815 των·
232 2791 295 2817 ἔνθα
312 2791 343 2827 δὴ
367 2792 414 2818 καὶ
429 2792 510 2819 πᾶσιν
530 2793 634 2827 ἐγίνετο
653 2795 794 2831 καταφανῆ
815 2796 848 2823 τὰ
860 2796 935 2832 λεγό-

189 2877 209 2894 ⁸¹
229 2879 304 2908 l‘sal.
324 2888 419 2913 cam,
439 2881 465 2909 5,
505 2883 526 2897 ⁵²
544 2882 619 2912 I‘sul.
637 2891 733 2917 stztt,
758 2884 797 2911 15.

985 2295 1199 2331 ingredientibus
1205 2295 1246 2322 vel
1253 2293 1455 2329 egredientibus
1462 2293 1576 2318 tractata
1585 2289 1691 2323 negotia
1698 2289 1775 2316 inno-

985 2345 1131 2369 tescerent.
1148 2340 1295 2375 Propterea
1308 2339 1404 2367 beatus
1415 2337 1482 2364 dicit
1490 2335 1574 2362 David
1591 2343 1598 2361 :
1614 2344 1624 2360 ι
1638 2333 1697 2361 Non
1708 2342 1774 2362 cott-

986 2387 1132 2414 fundentur
1145 2394 1206 2413 eum
1221 2383 1491 2420 loquenturinimicis
1503 2382 1560 2410 suis
1573 2381 1600 2408 in
1616 2380 1734 2416 portis‘Il
1748 2389 1771 2406 ε»

985 2434 1048 2468 quia
1072 2433 1107 2460 ibi
1128 2432 1322 2467 responsiones
1347 2430 1448 2457 exteris
1469 2429 1581 2456 dabant.
1604 2429 1669 2455 Item
1687 2435 1693 2453 :
1713 2435 1723 2451 ι
1742 2425 1774 2452 Et

986 2479 1142 2513 garriebant
1157 2478 1289 2505 adversus
1297 2484 1340 2504 me
1355 2476 1400 2511 qui
1413 2475 1545 2504 sedebant
1564 2474 1590 2501 in
1606 2477 1683 2509 p0rta
1695 2473 1718 2488 "
1731 2481 1739 2504 ;
1762 2482 1770 2497 ι

986 2527 1080 2558 utpote
1095 2523 1141 2557 qui
1155 2523 1312 2557 plerumque
1327 2522 1382 2548 illic
1394 2525 1482 2548 cwttts
1499 2528 1565 2548 suos
1579 2519 1679 2546 habere
1699 2518 1771 2545 solt--

986 2569 1061 2596 iiaut.
1090 2568 1152 2596 Pari
1174 2575 1246 2596 nunc
1262 2568 1342 2595 modo
1361 2570 1506 2602 arguentes
1523 2567 1549 2593 in
1576 2565 1664 2601 pertis
1693 2564 1771 2594 dicit,

987 2615 1065 2650 quasi
1092 2614 1129 2642 ibi
1144 2618 1272 2642 curarent
1291 2613 1428 2648 propheta:
1444 2612 1595 2638 voluntates
1613 2610 1659 2637 Dei
1674 2609 1772 2644 pradi-

990 2668 1069 2692 care,
1084 2660 1130 2687 ubi
1140 2660 1247 2687 cunctis
1258 2667 1318 2694 quae
1333 2658 1493 2685 dicebautur
1504 2655 1647 2683 manifesta
1661 2655 1772 2683 fiebant.

991 2714 1079 2741 neque
1086 2705 1191 2733 civibus
1201 2709 1318 2736 tantum,
1325 2711 1419 2731 verum
1428 2703 1510 2730 etiatn
1518 2702 1620 2729 exteris
1628 2701 1650 2728 si
1663 2699 1773 2735 quando

993 2751 1026 2778 ad
1041 2751 1135 2778 urbem
1151 2751 1285 2778 venirent.
1299 2749 1401 2778 Deinde
1416 2748 1444 2776 itt
1461 2747 1638 2783 sequentibus
1656 2746 1689 2772 de
1716 2744 1753 2770 ini
1766 2759 1773 2764 -

989 2796 1142 2832 quitatibus
1173 2797 1228 2824 illis
1248 2795 1379 2830 l0quitur,
1405 2802 1474 2830 quas
1497 2797 1524 2821 et
1548 2797 1627 2820 antea
1654 2791 1773 2818 dixerat.
