1973 3066
198 181 253 209 275

783 186 958 215 TilliODOltl
981 186 1226 215 MOPSUESTENI'

1765 186 1824 214 εςο

201 250 210 265 1
233 240 346 273 Idcirco,
363 248 411 275 pro
422 248 455 268 co
472 241 543 275 quod
572 249 662 278 pugno
682 251 827 279 pauperem
844 247 981 280 percutie-

1037 255 1111 281 μενα,
1129 247 1159 273 οὐ
1179 248 1234 278 τοῖς
1251 247 1360 279 οἰκείοις
1375 247 1464 282 μόνον,
1481 247 1548 274 ἀλλὰ
1570 248 1616 273 καὶ
1634 248 1689 278 τοῖς
1708 246 1822 280 ἔξωθεν,

198 287 279 317 bulis.
289 290 315 312 et
329 285 400 312 dona
414 287 500 314 electa
516 288 662 323 accepistis
678 289 712 317 ab
728 297 772 323 eo,
783 290 881 319 domos
908 292 982 318 laevi-

198 336 261 367 εειιο
287 332 376 366 lapide
400 332 568 365 aadilicastis.
598 334 625 361 in
647 335 687 363 eis
717 343 771 363 non
793 336 980 364 habitabilis:

197 377 291 404 vineas
299 376 491 405 desiderabiles
505 378 658 413 plantastls,
672 385 700 408 et
714 380 806 408 vinum
818 388 912 408 carum
927 389 980 408 non

199 422 307 449 bibetis.
327 431 337 447 ι
358 423 491 455 Quoniam
505 425 575 451 mala
599 425 763 460 pauperibus
779 426 927 458 indixistis,
955 431 983 454 et

198 474 292 494 eorum
304 469 523 504 qtnequooplima
534 471 697 505 diripuistis,
705 472 831 507 aedesque
842 473 982 508 speciosas

198 520 232 539 ex
249 513 350 547 injust:
371 515 563 549 compilatione
585 515 878 548 adiﬁcastismecnou
902 525 982 553 agros

200 556 285 583 multa
300 558 444 585 sedulitate
455 559 632 593 excoluistis;
651 561 734 596 probe
749 562 848 589 scitote
865 569 914 590 vos
940 562 987 591 his

199 609 261 629 cum
279 603 411 637 lnjustitia
422 605 564 640 acquisitis
575 612 630 633 nou
647 605 796 634 truituros:
812 614 875 634 nam
892 615 942 635 nec
955 608 983 635 in

200 647 256 675 illis
279 647 409 677 domibus,
430 650 637 684 permanebitis,
664 650 753 687 neque
770 659 803 679 ex
826 652 983 688 lmjusmodi

200 693 273 728 agris
287 693 379 729 fruges
392 696 559 730 percipietis.

1029 293 1104 324 ὅπως
1124 293 1189 320 ποτε
1213 294 1254 325 εἰς
1272 294 1321 329 τὴν
1345 295 1422 322 πόλιν
1445 294 1668 329 ἀφικνουμένοις·
1688 292 1747 321 εἶτα
1770 295 1821 321 καὶ

1030 338 1146 373 καθεξῆς
1161 339 1209 371 τὰς
1228 340 1401 375 παρανομίας
1411 340 1497 374 λέγων
1508 340 1624 372 ὲκείνας,
1635 339 1667 370 ἃς
1678 340 1724 366 καὶ
1738 339 1815 374 πρόσ-

1031 382 1076 409 θεν
1101 384 1225 419 εἰρήκει·
1248 393 1257 410 1
1275 384 1325 411 Διὰ
1341 385 1420 412 τοῦτο
1441 385 1500 411 ἀνθῖ
1523 381 1560 411 ὧν
1583 384 1818 416 κατεκονδυλίζετε

1031 430 1148 464 πτωχὸν,
1158 431 1204 457 καὶ
1211 430 1284 466 δῶρα
1293 431 1410 458 ὲκλεκτὰ
1416 432 1541 464 ἐδέξασθε
1551 433 1614 467 παρ’
1624 431 1717 462 αὐτοῦ,
1728 431 1823 462 οἴκους

1030 473 1140 507 ξεστοὺς
1153 474 1353 510 ᾠκοδομήσατε,
1369 476 1416 502 καὶ
1425 476 1456 502 οὗ
1472 477 1509 512 μὴ
1522 477 1650 511 οίκήσητε
1667 476 1696 502 ἐν
1709 476 1823 506 αὐτοῖς’

1031 519 1193 554 ἀμπελῶνας
1207 520 1391 556 ὲπιθυμητοὺς
1402 521 1579 555 ὲφυτεύσατε,
1589 522 1637 548 καὶ
1647 521 1678 548 οὐ
1693 521 1730 556 μή
1738 521 1820 556 πίητε

1030 564 1076 590 τὸν
1091 561 1162 591 οἶνον
1176 565 1275 592 αὐτῶν.
1295 575 1306 592 ι
1329 566 1438 602 Ἐπειδὴ
1455 566 1612 602 ὲπετρίθετε
1626 567 1675 602 μὲν
1684 568 1740 598 τοῖς
1750 574 1820 593 πτω.

1031 610 1089 644 χοῑς
1108 609 1144 636 τὰ
1168 610 1252 642 κακὰ,
1269 610 1303 638 τὰ
1323 611 1453 638 κάλλιστα
1469 611 1497 638 δὲ
1517 611 1571 638 τῶν
1590 611 1653 646 παρ’
1673 611 1764 642 αὐτοῖς
1786 610 1826 637 δι’

1033 655 1165 690 ἁρπαγῆς
1188 656 1354 692 ποιούμενοι,
1380 656 1471 689 οἴκους
1491 666 1522 684 τε
1547 657 1695 693 εὐπρεπεῖς
1717 657 1750 683 ὲκ
1770 657 1824 692 τῆς

1035 699 1127 726 ἀδίκου
1144 702 1363 729 κατεσκευάσατε
1381 702 1522 737 συλλογῆς,
1539 703 1586 729 καὶ
1601 702 1633 738 δὴ
1652 702 1698 729 καὶ
1719 701 1825 736 ἀγροὺς

202 739 271 774 μετὰ
294 739 395 775 πολλῆς
417 740 610 777 ἑξειργάσασθε
634 743 683 778 τῆς
701 742 916 779 ἐπιμελείαςονεῦ
937 744 993 771 ἔστι
1009 745 1047 777 ὡς
1068 746 1118 773 οὐκ
1139 747 1306 774 ἀπολαύσετε
1323 747 1377 774 τῶν
1396 747 1482 779 οὕτως
1498 749 1528 781 ἐξ
1548 747 1654 778 ἀδικίας
1671 754 1824 782 περιγεγο-

201 785 284 812 νότων
302 786 381 821 ὑμῖν·
401 786 462 813 οὔτε
482 788 537 823 γὰρ
555 788 602 815 ἐπὶ
613 788 667 815 τῶν
681 789 762 816 οῐκων
780 791 886 826 μενεῖτε
903 790 1026 823 ἐκείνων,
1041 792 1103 819 οὔτε
1119 792 1169 828 μὲν
1181 793 1242 824 τοὺς
1262 792 1316 820 τῶν
1329 793 1456 820 τοιούτων
1470 792 1734 829 ἀγῴνιὺωδέξεσθε
1754 799 1823 827 καρ-

201 831 280 864 πούς.

238 880 321 909 Vens.
345 881 438 910 l2-l5.
460 897 495 902 -—
519 891 528 907 1
553 882 621 915 Quia
633 883 746 918 cognovi
776 884 861 912 multa
876 885 985 913 scelera

1069 883 1143 918 Στὶχ.
1168 883 1260 918 ιβ”-ιε’.
1284 897 1318 903 --
1342 892 1352 909 1
1372 883 1434 910 ’Ότι
1460 882 1546 918 έγνων
1571 882 1671 914 πολλὰς
1695 881 1825 912 ἀσθενείας

203 932 303 958 vestra,
317 931 345 955 et
366 928 463 963 gravia
486 933 602 964 peccata
625 933 716 958 vestra
742 939 750 957 :
774 931 910 966 justitiam
938 939 986 959 vos

202 974 407 1005 conculcantes.
420 974 585 1009 accipientes
601 979 678 1010 pacta
693 976 790 1011 pretia,
810 984 943 1012 pauperes
959 977 985 1004 in

202 1019 290 1053 portis
305 1019 498 1054 deprimentes.
526 1028 538 1046 ι
551 1019 629 1048 Haud
645 1028 688 1049 me
702 1021 768 1049 latet
785 1021 930 1048 multitudo
954 1029 987 1048 ac

203 1064 362 1098 magnitudo
375 1065 508 1092 scelerum
523 1068 550 1092 et
566 1069 742 1100 peccatorum
757 1069 922 1098 vestrorum,
939 1074 987 1093 nc-

202 1116 257 1143 que
265 1109 336 1143 quod
353 1116 465 1136 nmnera
480 1116 541 1136 cum
550 1109 658 1143 justilia
672 1110 873 1142 commutastis.
885 1110 986 1145 quibus

203 1155 332 1189 acceptis,
345 1161 495 1189 pauperum
506 1154 609 1188 judicia
626 1159 722 1182 contra
730 1156 870 1183 veritatem
885 1163 986 1190 praeva-

203 1199 280 1226 ricati
298 1199 375 1226 estis.
397 1199 486 1233 Atque
502 1198 545 1225 hic
561 1199 642 1225 etiam
665 1203 805 1233 portarum
823 1200 986 1227 mentionem

203 1244 304 1276 intulit,
317 1243 395 1278 juxta
413 1243 486 1279 quod
512 1248 592 1271 antea
612 1244 741 1271 diximus.
765 1254 774 1270 1
794 1244 856 1272 Ideo
880 1246 926 1279 qui
946 1246 985 1272 in-

203 1289 311 1324 telligit,
331 1293 453 1324 tempore
467 1289 514 1316 illo
531 1289 640 1322 tacebit,
672 1291 736 1324 quia
752 1293 859 1324 tempus
886 1291 986 1318 malum

202 1340 254 1362 esti.
286 1344 298 1360 ι
319 1334 389 1370 Ergo
404 1342 465 1362 cum
482 1342 561 1370 pcena
587 1335 729 1362 minaciter
759 1336 835 1363 vobis
859 1335 986 1371 pra'dicta

204 1380 353 1412 advenerit,
380 1380 402 1407 ii
421 1379 467 1414 qui
493 1379 642 1415 intelligere
673 1384 753 1415 prout
778 1387 827 1415 par
849 1381 930 1416 118
944 1385 987 1408 est

203 1424 304 1455 sciunt.
320 1423 542 1452 malorumveluti
555 1424 740 1459 magnitudine
749 1424 867 1457 attoniti,
882 1424 987 1452 malent

203 1469 340 1498 silentium
355 1469 436 1501 tueri,
449 1474 556 1504 tempus
580 1469 631 1496 hoc
645 1477 706 1497 esse
719 1473 846 1504 putantes
858 1478 913 1504 quo
940 1470 986 1496 illa

205 1517 283 1550 longe
304 1519 367 1542 ante
398 1515 530 1550 praedicta-
559 1519 690 1542 eventura
720 1519 808 1542 erant.
837 1524 847 1540 1
867 1515 986 1548 Quaerite

1037 928 1122 963 ὑμῶν,
1134 929 1179 954 καὶ
1193 928 1300 964 ἰσχυραὶ
1311 929 1341 955 αῖ
1347 928 1479 964 ἁμαρτίαι
1496 927 1582 963 ὑμῶν,
1598 927 1824 958 καταπατοῦντες

1034 973 1066 1001 τὸ
1077 973 1190 1006 δίκαιον,
1206 973 1389 1009 λαμϐάνοντες
1402 972 1574 1008 ἁλλάγματα,
1591 972 1643 999 καὶ-
1655 972 1773 1006 πένητας
1792 972 1827 998 ὲνσ

1036 1018 1134 1051 πύλαις
1147 1019 1326 1051 ἐκκλίνοντες.
1346 1027 1356 1045 ι
1378 1019 1447 1046 om
1460 1019 1514 1055 γάρ
1530 1027 1563 1054 με
1575 1018 1688 1053 λέληθεν
1701 1017 1732 1043 τὸ
1753 1017 1820 1051 πλῆ-

1037 1065 1083 1096 θος
1096 1065 1144 1092 καὶ
1159 1064 1189 1091 τὸ
1206 1064 1318 1099 μέγεθος
1335 1063 1393 1090 τῶν
1410 1071 1440 1090 τε
1455 1063 1586 1091 ἀσεϐειῶν
1606 1063 1653 1089 καὶ
1665 1061 1719 1089 τῶν
1733 1062 1823 1096 ἁμαρ·

1035 1110 1100 1137 τιῶν
1121 1110 1176 1136 τῶν
1192 1109 1350 1145 ὑμετέρων·
1364 1108 1420 1136 οὗθ’
1441 1108 1482 1136 ὅτι
1503 1108 1533 1135 τὸ
1549 1108 1653 1135 δίκαιον
1671 1107 1820 1142 amna:-

1034 1156 1114 1183 τεσθε
1133 1155 1297 1191 χρημάτων·
1313 1155 1350 1190 (p.
1367 1155 1429 1189 I78)
1449 1153 1467 1181 ἃ
1494 1154 1568 1189 παρὰ
1580 1153 1635 1180 τῶν
1658 1153 1826 1180 ἀδικούντων

1038 1201 1227 1236 κομιζόμενοι,
1244 1200 1294 1232 τὰς
1317 1200 1371 1227 τῶν
1387 1201 1510 1236 πενήτων
1526 1200 1632 1235 κρίσεις
1657 1200 1696 1231 είς
1710 1199 1822 1225 τούναν-

1036 1246 1091 1272 τίον
1116 1246 1243 1281 ὲτρέπετε
1269 1246 1321 1281 τῆς
1347 1245 1490 1281 ἀληθείαςο
1507 1244 1645 1272 κάνταῦθα
1660 1244 1688 1271 δὲ
1718 1243 1748 1270 τὸ
1769 1253 1777 1268 1
1792 1243 1827 1270 ὲν

1036 1291 1132 1323 mihi;
1144 1301 1153 1318 ι
1165 1291 1342 1327 προσέθηκεν.
1352 1291 1423 1318 κατὰ
1429 1291 1459 1318 τὸ
1468 1291 1583 1326 πρόσθεν
1592 1289 1734 1326 εἰρημένον
1745 1290 1820 1324 ἡμῖν.

1040 1347 1050 1363 1
1063 1337 1112 1363 Διὰ
1134 1336 1212 1363 τοῦτο
1230 1337 1244 1363 ὁ
1261 1336 1359 1363 συνιὼν
1373 1337 1401 1362 ὲν
1427 1335 1466 1371 τῷ
1495 1335 1582 1371 καιρῷ
1604 1334 1700 1369 ἐκείνῳ
1718 1333 1822 1366 σιωπήο

1037 1390 1128 1410 σεται·
1139 1382 1179 1409 δτι
1193 1383 1287 1418 καιρὸς
1303 1383 1420 1418 πονηρός
1429 1383 1496 1408 ἐστι.
1513 1391 1523 1408 υ
1546 1379 1721 1415 Ἐπαχθείσης
1733 1378 1823 1405 τοίνυν

1036 1428 1086 1462 τῆς
1095 1427 1291 1463 ἀπειλουμένης
1306 1428 1439 1463 τιμωρίας
1455 1427 1530 1463 ὑμῖν,
1541 1427 1659 1457 ἅπαντες
1679 1425 1705 1451 οἱ
1719 1424 1749 1451 τὸ
1763 1423 1823 1450 δέον

1039 1473 1163 1500 συνιέναι
1181 1470 1232 1499 οἶοί
1255 1481 1285 1499 τε
1313 1473 1400 1505 ὄντες,
1421 1472 1516 1508 ὥσπερ
1533 1471 1752 1506 ἐκπεπληγμένοι
1776 1470 1823 1496 ἐπὶ

1037 1517 1075 1552 τῷ
1095 1518 1205 1553 μεγέθει
1222 1518 1277 1545 τῶν
1293 1518 1396 1550 κακῶν,
1410 1517 1531 1550 ἀξιοῦσιν
1545 1517 1658 1553 ἡσυχίαν
1675 1517 1822 1551 παρεῖναι,

206 1561 304 1588 bonum
320 1565 347 1587 et
365 1567 419 1587 non
434 1560 546 1593 malum,
560 1563 591 1587 ut
603 1560 718 1593 vivatis;
735 1564 761 1588 et
775 1561 816 1588 sic
829 1560 880 1588 erit
895 1560 987 1587 vobis-

1037 1562 1083 1588 τὸν
1100 1562 1195 1597 καιρὸν
1214 1561 1393 1597 ὑπειληφότες
1420 1561 1481 1588 καθ’
1495 1561 1525 1588 δν
1549 1560 1658 1587 ἔσεσθαι
1682 1558 1823 1596 πόρρωθεν

204 1613 265 1632 cum
297 1605 425 1633 Dominus
446 1605 515 1633 Deus
549 1606 733 1641 omnipotens.
760 1605 837 1633 Sicut
867 1605 987 1638 dixistis,

204 1651 277 1679 odite
299 1651 399 1678 malum
424 1655 451 1679 et
473 1651 578 1686 diligite
603 1651 714 1684 bonum,
747 1655 774 1679 et
793 1651 928 1679 restituite
961 1652 988 1678 in

205 1696 290 1730 portis
315 1696 472 1731 judicium:
503 1701 532 1724 ut
564 1697 725 1724 misereatur
758 1696 889 1724 Dominus
918 1696 989 1724 Deus

204 1742 375 1778 omnipotens
412 1743 586 1778 reliquiarmn
614 1742 736 1777 Joseplii.
755 1752 764 1767 ι
797 1741 988 1769 Verumtamen

205 1787 326 1822 quandiu
346 1791 453 1822 tempus
481 1792 617 1823 superest,
631 1788 745 1816 consqu
768 1788 845 1815 vobis
862 1788 989 1815 onmibus

207 1836 236 1860 ut
253 1840 268 1860 a
282 1833 349 1860 vitio
371 1833 514 1865 recedatis,
531 1839 560 1861 et
576 1835 702 1861 virtutem
714 1834 927 1868 amplectamini.
943 1833 989 1862 Sic

205 1879 277 1906 enim
292 1879 368 1907 vobis
383 1880 522 1914 continget
544 1880 726 1915 prosperitate
754 1879 820 1912 frui,
840 1879 895 1907 Deo
911 1887 988 1907 suam

205 1927 350 1956 prazstante
374 1924 497 1956 tutelam,
527 1928 669 1959 propterea
694 1925 766 1959 quod
792 1925 906 1952 honesto
928 1928 988 1952 stu-

205 1969 311 2001 dentes,
324 1977 339 1995 a
350 1969 483 1997 deteriore
491 1970 534 1997 via
546 1970 681 1998 resilistis.
694 1969 728 1997 Et
741 1970 764 1998 si
778 1974 868 1998 vetere
886 1975 989 1998 mutata

206 2015 338 2042 sententia
363 2016 390 2042 in
423 2015 509 2050 portis
538 2023 614 2043 more
640 2016 721 2044 solito
745 2016 822 2050 justa
847 2017 990 2045 volueritis

205 2068 333 2089 exercere
358 2061 471 2096 judicia,
491 2062 696 2096 consequemini
723 2063 843 2090 divinam
868 2063 991 2091 clemen-

205 2107 282 2138 tiam,
301 2113 362 2141 quae
388 2107 520 2141 plurimos
540 2111 662 2135 vestrum
685 2107 809 2135 salvabit.
840 2107 989 2143 Josephmn

205 2156 293 2179 autem
322 2152 367 2179 hic
387 2152 455 2180 dicit
473 2152 566 2180 decem
597 2153 696 2184 tribus.
721 2161 737 2181 a
757 2155 893 2189 praecipua
919 2155 990 2182 inter

206 2197 277 2230 illas,
292 2196 429 2232 Epitraimi
441 2197 570 2233 dico,qui
584 2197 655 2226 titius
667 2198 777 2234 Iosephi
795 2199 857 2227 (uit.

1041 1607 1196 1642 μεμήνυται
1210 1607 1307 1634 ταῦτα,
1328 1617 1337 1633 1
1361 1606 1547 1642 Ἐκζητήσατε
1561 1606 1592 1632 τὸ
1605 1605 1697 1637 καλὸν,
1717 1605 1765 1631 καὶ
1785 1603 1823 1638 μὴ

1039 1653 1070 1679 τὸ
1097 1654 1224 1688 πονηρὸν,
1256 1654 1330 1685 ὅπως
1355 1653 1474 1688 ζήσητε·
1495 1652 1541 1679 καὶ
1568 1651 1643 1678 ἔσται
1664 1650 1722 1685 μεθ’
1747 1650 1824 1684 ὑμῶν

1039 1698 1125 1729 οὕτως
1154 1698 1254 1733 Κύριος
1279 1699 1294 1724 ὁ
1321 1698 1387 1729 Θεὸς
1405 1699 1419 1725 ό
1442 1697 1649 1732 παντοκράτωρ,
1670 1696 1701 1722 ὃν
1723 1695 1824 1731 τρόπον

1040 1745 1134 1771 εἴπατε
1145 1752 1152 1760 ·
1172 1744 1374 1780 Μεμισήκαμεν
1388 1744 1422 1770 τὰ
1445 1743 1561 1779 πονηρὰ.
1580 1743 1629 1770 καὶ
1641 1743 1823 1778 ἠγαπήκαμεν

1039 1789 1074 1817 τὰ
1098 1789 1179 1822 καλὰ,
1210 1789 1257 1816 καὶ
1276 1789 1519 1825 ἁποκαταστήσατε
1546 1789 1576 1816 ὲν
1603 1788 1699 1820 πύλαις
1725 1789 1828 1823 κρῖμα,

1039 1835 1113 1866 ὅπως
1128 1834 1226 1871 ἐλεήσῃ
1241 1835 1343 1870 Κύριος
1355 1836 1370 1862 ό
1385 1835 1451 1866 Θεὸς
1463 1835 1477 1860 ὁ
1492 1834 1687 1870 παντοκράτωρ
1701 1834 1764 1865 τοὺς
1774 1842 1823 1860 κα-

1040 1879 1184 1911 ταλοίπους
1199 1879 1247 1906 τοῦ
1266 1880 1377 1915 Ἰωσήφ.
1398 1889 1407 1905 ι
1433 1879 1514 1906 Ἀλλὰ
1537 1879 1591 1915 γὰρ
1615 1880 1643 1905 ὲν
1658 1879 1713 1914 ὅσῳ
1729 1878 1823 1905 τούτου

1040 1926 1144 1961 καιρὸς,
1174 1925 1349 1960 συμϐουλεύω
1372 1926 1454 1953 πᾶσιν
1474 1926 1623 1960 ἀποστῆναι
1639 1925 1688 1960 μὲν
1703 1924 1751 1951 τοῦ
1766 1924 1822 1959 χεί-

1041 1979 1125 2007 ρονος,
1139 1971 1246 1998 ἑλέσθαι
1257 1971 1285 1998 δὲ
1298 1971 1328 1997 τὸ
1342 1972 1465 2007 κρεῖττον
1475 1979 1482 1986 δ
1499 1971 1571 1997 οὓτω
1585 1970 1639 2006 γὰρ
1657 1970 1721 2006 ὑμῖν
1739 1978 1824 2006 προσ-

1039 2017 1115 2044 έσται
1130 2016 1184 2043 τῶν
1196 2016 1306 2050 ἀγαθῶν
1321 2017 1338 2052 ή
1350 2016 1512 2049 ἀπόλαυσις,
1524 2015 1571 2043 τοῦ
1583 2015 1649 2042 Θεοῦ
1661 2015 1709 2051 τὴν
1720 2014 1825 2042 οἰκείαν

1040 2062 1205 2098 παρέχοντος
1225 2062 1399 2097 κηδεμονίαν,
1421 2062 1491 2097 ὑπὲρ
1509 2058 1546 2089 ὧν
1563 2061 1684 2097 ἑλόμενοι
1695 2061 1730 2087 τὰ
1743 2060 1823 2092 καλὰ,

1039 2108 1231 2144 ἀπεστράνρητε
1253 2108 1287 2134 τὰ
1303 2108 1404 2143 χείρων
1421 2108 1469 2135 καὶ
1488 2107 1516 2134 εῐ
1528 2115 1560 2141 γε
1573 2107 1623 2143 τὴν
1641 2106 1758 2133 παλαιὰν
1775 2106 1824 2132 ἀλ-

1039 2153 1169 2186 λάξαντες
1189 2153 1319 2188 γνώμην,
1347 2154 1376 2180 ἐν
1390 2153 1450 2185 ταῖς
1471 2152 1571 2184 πύλαις
1592 2152 1662 2178 κατὰ
1684 2151 1714 2178 τὸ
1730 2150 1824 2182 εἰωθὸς

1039 2199 1093 2231 τὰς,
1107 2199 1210 2234 κρίσεις
1227 2198 1332 2225 ἐθέλετε
1349 2198 1482 2225 ποιεῖσθαι
1500 2197 1617 2228 δικαίας,
1634 2195 1760 2229 τεύξεσθε
1775 2197 1825 2230 τῆς

206 2242 282 2274 θείας
302 2243 505 2278 φιλανθρωπίας
525 2244 729 2281 περισωζούσης
751 2245 828 2280 ὑμῶν
853 2246 916 2276 τοὺς
933 2245 1094 2276 πλείστους’
1119 2245 1162 2279 (p.
1188 2244 1257 2280 179)
1282 2244 1379 2279 Ἰωσὴφ
1402 2244 1430 2270 δὲ
1451 2243 1567 2270 ἐνταῦθα
1590 2243 1639 2275 τὰς
1661 2243 1726 2269 δέκα
1752 2242 1824 2276 λέγει

206 2288 302 2324 φυλὰς,
317 2289 370 2315 ἀπὸ
388 2289 436 2324 τῆς
449 2289 604 2325 ἡγουμένης
620 2291 649 2317 ὲν
667 2288 774 2324 αὐτοῖς,
786 2291 836 2325 τῆς
850 2291 897 2318 τοῦ
920 2291 1038 2327 Ἐφραῗμ
1051 2290 1130 2323 λέγω,
1142 2290 1175 2321 ὃς
1185 2287 1218 2325 ἦν
1230 2289 1287 2321 υίὸς
1302 2289 1349 2316 τοῦ
1368 2289 1476 2325 Ἰωσήφ.

242 2335 324 2362 Vens.
341 2335 435 2363 lli-l8.
451 2349 485 2356 —-
503 2344 513 2361 ι
531 2335 676 2370 Propterea
695 2336 760 2363 dicit
773 2336 903 2364 Dominus
919 2336 987 2364 Deus

1078 2337 1152 2370 Στίχ.
1168 2339 1265 2371 ις’-ιη’.
1279 2350 1314 2355 -
1329 2344 1339 2360 1
1357 2335 1406 2361 Διὰ
1429 2335 1508 2361 τοῦτο
1522 2334 1585 2361 τάδε
1607 2335 1680 2369 λέγει
1700 2334 1825 2370 Κύριοςό

205 2382 380 2416 omnipotens
408 2391 415 2408 :
447 2380 478 2409 In
491 2381 620 2410 omnibus
646 2382 744 2417 plateis
760 2382 941 2417 planctus,et
964 2383 991 2410 in

207 2428 334 2455 omnibus
353 2427 404 2455 viis
424 2428 531 2455 dicetur
551 2427 718 2457 lamentatio.
752 2429 808 2456 vae!
825 2429 882 2456 uel
902 2439 912 2455 ι
939 2429 993 2457 Sed

206 2473 270 2508 quia
288 2473 431 2507 praedictas
444 2473 606 2501 monitiones
623 2474 699 2508 pensi
713 2481 767 2500 non
782 2474 926 2507 habuistis,
951 2475 993 2501 la-

207 2519 401 2545 mentationum
414 2526 446 2546 ac
465 2519 620 2553 planctuum
640 2520 717 2554 plena
736 2519 789 2547 erit
815 2521 881 2547 urbs
897 2523 923 2547 et
948 2527 994 2547 re-

207 2564 262 2599 gio,
291 2569 400 2599 propter
413 2565 492 2592 editae
506 2565 541 2592 ab
556 2565 681 2593 hostibus
708 2565 808 2601 stragis
823 2566 990 2601 magnitudi-

208 2617 279 2638 nem.
298 2619 307 2635 1
324 2609 470 2637 Vocabitur
498 2611 617 2646 agricola
629 2612 661 2638 ad
679 2612 780 2638 luctum
803 2616 829 2639 et
845 2612 992 2647 planctum.

207 2661 235 2684 et
259 2656 292 2683 ad
305 2656 365 2683 illos
379 2656 423 2691 qui
437 2657 578 2683 lamentari
604 2657 695 2684 sciunt
706 2678 714 2686 .
733 2662 760 2685 et
775 2658 802 2684 in
815 2658 923 2685 cunctis
942 2658 993 2685 viis

207 2702 350 2737 planctus;
380 2702 443 2736 quia
454 2703 579 2729 transibo
593 2710 641 2737 por
655 2703 773 2730 medium
791 2703 840 2735 tui.
856 2703 923 2730 dicit
941 2703 994 2730 Dn-

208 2747 308 2774 minus.
329 2756 338 2772 ι
367 2746 500 2782 Agricola:
524 2747 606 2774 etiam
634 2747 737 2775 omisso
765 2748 865 2782 agresti
897 2755 990 2782 opere,

209 2791 362 2826 planctibus
386 2793 468 2819 variis
496 2796 523 2819 et
536 2792 658 2820 luctibus:
692 2796 719 2819 et
751 2792 991 2820 lamentationibus

209 2839 422 2872 occupahuutur,
447 2838 548 2866 editam
568 2838 648 2865 simul
666 2839 788 2872 lugentes
809 2838 843 2865 ab
867 2839 991 2866 hostibus

209 2888 375 2919 Strngcm,et
388 2888 468 2912 terra;
481 2883 738 2912 infructuositmcm.
762 2883 920 2913 ll_.'ccntttctn
939 2892 984 2921 p.1-

1040 2381 1107 2413 Θεὸς
1121 2382 1135 2407 ό
1147 2381 1343 2416 παντοκράτωρ
1354 2386 1363 2394 ⁸
1380 2380 1424 2407 Ἑν
1434 2379 1535 2412 πάσαις
1549 2379 1687 2412 πλατείαις
1700 2380 1824 2412 κοπετὸς,

1041 2425 1088 2452 καὶ
1106 2426 1136 2452 ὲν
1160 2425 1260 2457 πάσαις
1275 2426 1335 2456 ταῖς
1360 2424 1430 2456 ὸδοίς
1451 2424 1599 2459 ῥηθήσεται
1618 2423 1726 2459 θρῆνος,
1738 2424 1824 2457 Οὐαὶ,

1040 2471 1110 2499 οὐαί.
1130 2480 1140 2497 ι
1172 2470 1279 2505 Ἐπειδὴ
1298 2470 1327 2498 δὲ
1349 2471 1380 2497 οὐ
1397 2471 1499 2497 τούτων
1523 2471 1586 2506 ὑμῖν
1609 2471 1696 2504 λόγος,
1717 2470 1825 2506 θρήνων

1041 2516 1088 2544 καὶ
1103 2517 1224 2543 κοπετῶν
1241 2516 1315 2543 ἔσται
1332 2515 1417 2551 μεστὰ
1427 2516 1461 2542 τά
1475 2525 1504 2542 τε
1518 2516 1589 2542 κατὰ
1604 2515 1679 2542 πόλιν
1695 2516 1742 2542 καὶ
1755 2516 1826 2543 κατὰ

1042 2561 1143 2597 χώραν,
1170 2562 1225 2589 ἀπὸ
1242 2561 1289 2588 τοῦ
1310 2561 1428 2596 πλήθους
1454 2562 1505 2596 τῆς
1520 2561 1665 2597 γινομένης
1693 2561 1746 2591 ὑπὸ
1771 2562 1825 2588 τῶν

1043 2608 1178 2643 πολεμίων
1192 2609 1307 2643 σφαγῆς.
1326 2617 1335 2633 1
1351 2608 1525 2643 κληθήσεται
1536 2608 1658 2643 γεωργὸς
1672 2608 1712 2639 είς
1729 2607 1825 2638 πένθος

1043 2655 1090 2681 καὶ
1121 2655 1159 2686 εἰς
1186 2654 1300 2681 κοπετὸν
1327 2654 1373 2680 καὶ
1391 2655 1430 2685 είς
1449 2653 1553 2684 εἰδότας
1579 2653 1697 2689 θρῆνον·
1724 2653 1770 2681 καὶ
1797 2653 1825 2679 ὲν

1043 2700 1143 2731 πάσαις
1161 2699 1230 2731 ὁδοῖς
1253 2699 1383 2731 κοπετός·
1407 2699 1473 2725 διότι
1492 2698 1664 2734 διελεύσομαι
1685 2698 1729 2725 διὰ
1743 2698 1826 2733 μέσον

1044 2754 1101 2778 σου,
1116 2745 1190 2780 λέγει
1211 2745 1320 2780 Κύριος.
1337 2755 1345 2771 ι
1364 2745 1419 2771 Καὶ
1441 2743 1559 2780 γεωργοὶ
1569 2744 1597 2770 δὲ
1611 2744 1665 2771 τῶν
1682 2744 1753 2771 κατὰ
1776 2743 1827 2779 γῆν

1044 2792 1173 2827 ἀφέμενοι
1187 2791 1286 2828 ἔργων,
1304 2791 1367 2827 περὶ
1389 2790 1520 2822 κοπετοὺς
1539 2790 1586 2816 καὶ
1601 2790 1684 2825 πένθη
1698 2791 1744 2816 καὶ
1762 2790 1827 2825 θρή-

1044 2846 1097 2864 νων
1123 2837 1353 2873 ἀσχοληθήσονται
1370 2835 1517 2867 ποικιλίαν,
1542 2836 1591 2871 τήν
1605 2844 1634 2862 τε
1654 2835 1761 2871 σφαγὴν
1775 2835 1829 2862 τῶν

1045 2883 1181 2911 πολεμίων
1201 2884 1246 2910 καὶ
1270 2882 1316 2917 τῆς
1341 2882 1390 2917 γῆς
1407 2880 1455 2916 τὴν
1479 2880 1620 2915 ἀκαρπίαν
1639 2880 1710 2907 κατὰ
1731 2881 1831 2911 norint
