1973 3066
183 149 238 177 97':

705 149 983 181 COMllENTARlUS
996 150 1028 177 IN
1050 150 1152 178 ASIOSI
1171 150 1247 178 CAP.
1270 151 1298 178 V.

1757 151 1812 180 τις

185 207 362 243 Θρηνοῦντες·
381 208 467 236 ταῦτα
489 209 517 236 δὲ
539 209 676 236 πείσονται
699 211 766 237 Θεοῦ
784 212 828 238 διὰ
852 212 906 239 τῶν
920 221 966 238 πο-

1021 211 1132 244 tientur,
1150 212 1205 240 Deo
1219 221 1266 247 per
1278 213 1381 240 medios
1395 213 1459 240 illos
1480 220 1542 239 cum
1569 214 1691 240 exercitu
1717 211 1811 240 hostili

181 252 287 287 λεμίων
303 255 342 285 εἰς
359 254 457 289 μέσους
468 254 564 286 α’τοὺς
579 256 718 287 εἰσιόντος,
737 258 784 283 καὶ
801 259 858 289 τοῖς
879 258 970 284 τοσού-

182 308 241 330 τοις
266 300 314 327 καὶ
331 300 502 334 τηλικούτοις
523 301 732 337 περιϐάλλοντος
747 305 853 335 κακοῖς.
876 313 886 328 ι
904 304 970 330 Οὐαὶ

183 346 208 371 οἱ
234 345 430 380 ἐπιθυμοῦντες
457 346 505 382 τὴν
529 347 638 382 ἡμέραν
664 348 784 383 Κυρίου·
812 350 859 376 καὶ
881 350 925 376 ἵνα
943 350 970 376 τί

184 393 250 427 ὑμῖν
278 393 347 428 αὕτη
376 392 502 428 ἠήμέρι
526 393 574 420 τοῦ
600 393 720 429 Κυρίου;
745 393 793 420 καὶ
819 393 890 429 αὕτη
912 395 970 421 ἐστὶ

183 439 280 469 σκότος
301 439 349 465 καὶ
368 439 399 465 οὐ
418 439 487 473 φῶς.
507 448 518 464 ο
539 439 647 474 Ἐπειδὴ
666 439 720 475 γὰρ
741 439 834 466 πολλοὶ
855 439 922 474 πρὸς
940 439 970 466 τὸ

182 485 275 518 χεῖρον
288 484 428 516 παντελῶς
441 484 670 520 ἐπιτετραμμένοι,
683 484 784 511 ὡσανεὶ
799 484 970 520 ψευδομένων

182 532 226 565 ἐφ’
239 529 280 562 οἷς
295 532 412 567 ἐμήνυον
425 531 480 558 τῶν
495 531 653 567 προφητῶν,
667 532 788 567 ἐτόλμων
806 531 894 566 λέγειν
907 553 915 565 ,
929 531 970 558 ὃτι

188 577 305 603 Ἐλθέτω
317 577 350 612 δὴ
365 577 399 604 τὰ
415 577 489 604 κακὰ
504 577 522 604 ἃ
536 577 605 611 φατὲ
624 577 671 604 καὶ
688 577 820 612 μηνύετε,
841 577 866 603 εί
879 577 911 612 δή
927 585 969 608 τις

180 621 300 657 ἀλήθεια
324 622 452 657 πρόσεστι
473 623 530 653 τοῖς
559 622 649 656 λόγοις
673 622 764 657 ὑμῶν·
782 621 861 648 τοῦτο
876 622 968 656 λέγει·

189 668 390 700 Ἐλεεινότατοι,
406 669 500 704 φησὶν,
512 668 577 695 ἐστὲ
600 668 651 704 τὴν
660 668 768 704 ἡμέραν
778 668 815 703 (p.
829 668 970 702 180)ὲκεί-

181 721 231 747 νην
259 713 468 748 ἐπιζητοῦντες,
499 715 532 750 ἢν
544 714 575 740 οὐ
602 714 775 746 πιστεύοντες
797 713 968 746 ἐλεύσεσθαι,

182 758 289 792 ὄψεσθε
304 760 337 794 τῇ
354 759 448 796 πείρᾳ,
468 759 583 795 ζοφερὸν
596 760 660 795 ὑμῖν
675 759 714 794 τῷ
732 759 830 794 πλήθει
846 759 901 787 τῶν
918 768 966 786 κα-

181 804 240 831 κῶν
268 805 423 839 ἐπάγουσαν
454 805 566 837 σκότος·
581 803 643 832 εἶτα
662 806 709 832 καὶ
733 805 912 840 ὑποδείγματι
938 805 970 831 τὸ

182 850 329 886 εἰρημένον
342 851 531 886 πιστούμενος.

217 938 290 973 Στίχ.
305 938 404 972 ιϐ’-κγ’.
419 953 456 959 -
470 948 484 963 ‹
505 939 554 965 Ὃν
572 938 671 974 τρόπον
684 938 732 964 ἐὰν
745 939 851 974 ἐκφύγῃ
864 939 967 974 ἀνθρω-

181 993 231 1015 ero;
245 985 277 1011 ἐκ
302 983 447 1019 προσώπου
465 984 513 1010 τοῦ
530 984 646 1015 λέοντος,
663 985 711 1010 καὶ
731 985 839 1020 ἐμπέσῃ
852 984 926 1020 αὑτῷ
949 986 966 1019 ἡ

181 1030 300 1064 aputu:
314 1030 362 1056 καὶ
382 1030 536 1065 είσπηδήσῃ
550 1032 591 1061 είς
606 1030 652 1057 τὸν
666 1029 749 1063 οἷκον,
771 1031 818 1057 καὶ
833 1031 967 1068 ἀπερείσῃ

181 1075 230 1106 τὰς
251 1076 344 1110 χεῖρας
363 1074 446 1101 αὑτοῦ
468 1075 516 1101 ἐπὶ
534 1075 580 1102 τὸν
605 1077 712 1110 τοῖχον,
732 1076 780 1102 καὶ
802 1075 872 1112 δάκῃ
886 1076 967 1102 αὑτὸν

181 1121 256 1156 ὅφις*
269 1121 329 1155 οὐχὶ
345 1120 441 1152 σκότος
457 1121 474 1155 ἡ
490 1121 582 1156 ἡμέρα
596 1121 644 1148 τοῦ
659 1122 771 1157 Κυρίου,
786 1122 833 1149 καὶ
846 1123 877 1148 οὺ
891 1122 966 1156 φῶς;

181 1166 228 1192 καὶ
251 1166 348 1200 γνόφος
369 1166 420 1192 οὑκ
443 1165 513 1200 ἔχων
536 1166 636 1200 φέγγος
651 1166 752 1202 αὐτῆς
772 1177 782 1193 ι
808 1167 847 1193 Δι’
861 1167 967 1194 ὑποδεί-

180 1219 284 1246 γματος
308 1210 363 1246 γὰρ
379 1210 517 1246 ἠϐουλήθη
539 1211 588 1246 τῆς
612 1212 718 1246 ἡμέρας
731 1212 783 1248 τῂν
796 1213 967 1248 χαλεπότητα

180 1255 321 1288 ἐπιδεῖξαι.
356 1256 401 1287 Ὠς
430 1256 485 1291 γὰρ
509 1256 538 1282 εί
560 1265 613 1287 τις,
645 1257 728 1292 φησὶ,
752 1258 812 1284 καθ’
831 1258 889 1284 ὁδὸν
917 1259 967 1293 μὲν

179 1299 298 1331 ἀκούσας
310 1300 415 1332 λέοντος
430 1300 540 1334 ἔφοδον,
558 1301 604 1327 ἐπὶ
616 1301 665 1335 τὴν
682 1301 759 1328 πόλιν
780 1302 965 1338 καταδράμοι·

180 1345 306 1379 ἐμπεσὼν
319 1345 347 1371 δὲ
360 1346 454 1381 ἄρκτῳ
467 1345 536 1372 κατὰ
550 1346 598 1382 τὴνΙ
611 1346 687 1373 πόλιν
706 1347 769 1378 τοὺς
781 1347 967 1382 ἐμπίπτοντας

178 1392 375 1427 λυμαινομένη,
388 1392 434 1418 ἐπὶ
445 1392 495 1427 τὴν
508 1392 597 1419 οὶκίαν
609 1392 777 1428 εἰσπηδήσας
791 1393 840 1428 τὴν
851 1393 965 1426 οἰκείαν,

179 1438 256 1464 λύσιν
271 1437 398 1472 εὑρέσθαι
411 1437 474 1464 τινὰ
483 1437 536 1463 τῶν
547 1437 640 1465 γακῶν
654 1437 766 1474 ἐλπίζῃ·
781 1436 840 1464 εἷτά
853 1448 910 1470 πως
921 1439 966 1465 ἐπί

178 1492 231 1510 τινι
259 1484 340 1519 χρείᾳ
363 1483 402 1519 τῷ
431 1484 513 1518 τοίχῳ
542 1483 724 1518 προσαγαγὼν
752 1484 801 1519 τὴν
821 1486 900 1519 χεῖρα
916 1486 967 1520 τὴν

178 1529 292 1560 οἰκ-ίαν,
310 1529 407 1564 ἀθρόον
426 1529 479 1555 ὑπὸ
492 1529 582 1562 ὄφεως
599 1529 720 1565 δηχθείη,
733 1529 785 1555 οὐκ
806 1530 913 1566 ἀνάγκη
927 1530 967 1566 τῷ

1021 260 1192 290 transeunte;
1223 263 1250 285 et
1279 259 1379 286 talibus
1402 259 1538 294 tantisque
1569 259 1648 287 malis
1667 259 1810 287 obruente.

1024 312 1034 328 ι
1051 302 1096 330 Va:
1110 304 1329 332 desiderantibus
1347 305 1418 332 viam
1445 305 1568 332 Domini!
1584 305 1639 332 Cur
1654 305 1731 333 vobis
1752 305 1810 333 hinc

1021 347 1080 375 dies
1106 348 1233 376 Domini?
1250 349 1310 384 Ipsa
1330 350 1439 384 quidem
1454 350 1526 377 haud
1537 351 1581 377 lux
1595 354 1648 382 est,
1668 350 1748 385 119
1762 350 1809 378 sed

1019 394 1149 422 tenebrat.
1163 404 1172 420 ι
1184 394 1317 428 Quoniam
1327 395 1578 429 multiimprobitati
1589 404 1701 431 prorsus
1712 396 1808 430 dediti,

1021 439 1100 473 quasi
1116 439 1183 466 falsa
1204 440 1342 474 prophetat
1355 440 1578 470 vaticinarentnr.
1605 442 1696 469 dicere
1721 443 1806 470 aude-

1021 484 1107 512 bant:
1126 485 1240 512 Veniant
1255 493 1321 512 sane
1330 493 1392 520 quae
1410 493 1458 513 vos
1485 485 1578 514 dicitis
1599 494 1631 513 ac
1647 487 1807 522 portenditis

1021 529 1102 561 mala,
1119 529 1141 556 si
1154 535 1228 557 certe
1243 529 1333 557 verbis
1345 530 1445 557 vestris
1455 528 1578 557 veritatis
1593 530 1695 566 aliquid
1713 532 1783 559 inest
1796 541 1805 565 ;

1021 574 1059 600 ait
1071 582 1144 601 nunc
1158 575 1289 610 propheta
1306 584 1314 602 :
1338 575 1506 603 Miserabilcs
1520 576 1641 610 apprime
1657 577 1735 610 estis;
1758 579 1805 613 qui

1020 619 1092 646 diem
1108 619 1180 647 illam
1191 621 1327 656 expetitis.
1340 628 1420 656 quam
1431 624 1573 648 venturam
1589 629 1642 648 non
1653 622 1806 656 credentes.

1019 665 1207 698 experimento
1231 665 1360 693 videbitis
1378 671 1496 700 quantas
1519 666 1596 694 vobis
1611 674 1659 701 per
1672 667 1804 694 malorum

1020 709 1221 737 multitudinem
1233 710 1350 738 adducet
1363 711 1499 738 tenebras.
1514 710 1616 739 Deinde
1627 711 1806 740 similitudine

1017 755 1102 783 etiam
1113 756 1216 784 dictum
1226 764 1307 784 suum
1321 756 1505 790 conﬁrmans:

1055 936 1136 963 Vens.
1155 937 1249 964 19-25.
1269 946 1318 962 -ι
1331 937 1576 970 Quemadmodum,
1598 937 1695 972 inquit,
1712 937 1735 964 si
1760 937 1804 963 lu~

1017 983 1073 1018 εἰει
1090 982 1171 1010 homo
1185 990 1200 1009 a
1219 983 1290 1011 facie
1311 983 1410 1015 leonis,
1437 988 1464 1011 et
1482 986 1610 1010 occurrat
1632 983 1656 1010 ei
1672 990 1735 1010 ursa
1754 993 1761 1014 ;
1777 986 1804 1009 et

1018 1028 1128 1056 festinet
1153 1029 1258 1064 ingredi
1270 1029 1394 1063 domum,
1414 1034 1441 1058 et
1454 1030 1518 1057 dum
1538 1030 1664 1057 innititur
1679 1030 1804 1056 manibus

1017 1074 1075 1101 Suis
1089 1082 1171 1109 super
1195 1075 1336 1109 parietem,
1360 1075 1481 1103 mordeat
1495 1083 1557 1103 eum
1585 1075 1713 1108 coluber;
1731 1083 1803 1102 nun-

1017 1119 1082 1154 quid
1098 1127 1151 1147 non
1161 1121 1281 1148 tenebrat
1289 1120 1348 1148 dies
1361 1120 1479 1150 Domini.
1491 1125 1518 1148 et
1531 1128 1585 1148 non
1600 1121 1667 1147 hrx!
1682 1121 1802 1156 ctealign

1016 1170 1041 1192 et
1063 1173 1117 1192 non
1137 1166 1266 1201 splendor
1287 1167 1313 1193 in
1337 1167 1389 1194 ea?
1410 1175 1420 1192 ›
1440 1166 1495 1194 Hac
1521 1166 1702 1194 similitudine
1716 1166 1803 1194 voluit

1016 1210 1069 1238 diei
1087 1211 1160 1239 illius
1184 1211 1384 1239 terribilitatem
1407 1212 1561 1240 ostendere.
1587 1211 1686 1245 Veluti,
1703 1212 1802 1247 inquit.

1016 1258 1040 1285 si
1055 1257 1116 1292 quis
1146 1257 1173 1284 in
1208 1259 1249 1285 via
1280 1258 1394 1286 audiens
1422 1258 1508 1286 leonis
1531 1258 1681 1290 incursum,
1708 1259 1801 1285 urbem

1016 1309 1112 1330 versus
1147 1302 1292 1337 dil'ugial:
1318 1306 1430 1337 tumque
1453 1303 1480 1330 in
1510 1310 1613 1334 ursam.
1643 1311 1704 1338 qua:
1729 1303 1802 1329 circa

1017 1348 1111 1375 urbem
1133 1352 1311 1376 occurrentes
1330 1348 1459 1379 laniabat,
1481 1349 1615 1380 incidens,
1641 1349 1669 1375 in
1691 1348 1801 1375 domum

1017 1400 1094 1420 suam
1107 1392 1231 1427 spontali
1250 1393 1351 1420 vitandi
1367 1397 1507 1428 properet;
1530 1401 1645 1428 moxque
1661 1393 1696 1420 ibi
1713 1400 1804 1420 neces-

1016 1438 1097 1465 sitate
1109 1438 1199 1473 aliqua
1224 1438 1317 1472 parieti
1338 1446 1446 1465 manum
1471 1446 1548 1465 suam
1570 1438 1733 1473 impingens,
1760 1445 1803 1463 re-

1018 1487 1099 1518 pentc
1109 1491 1124 1510 a
1135 1483 1247 1511 colubro
1258 1483 1433 1516 mordeatur;
1448 1491 1538 1510 nonne
1560 1483 1635 1515 huic,
1660 1487 1721 1518 post
1747 1487 1804 1510 tan-

1018 1533 1073 1555 tam
1094 1529 1227 1555 malorum
1253 1528 1446 1563 experientiam
1463 1532 1622 1563 Lamumque
1636 1529 1800 1563 periculum.

179 1573 292 1608 τοιούτῳ
316 1573 384 1608 μετὰ
400 1573 534 1608 τοσαύτην
550 1573 647 1608 πεῖραν
668 1573 762 1600 κακῶν
785 1575 832 1600 καὶ
851 1574 965 1610 θόρυϐον

1019 1574 1166 1602 inevitabili
1180 1574 1288 1602 demmn
1299 1574 1404 1602 colubri
1421 1581 1515 1601 intorsu
1538 1574 1604 1606 icto.
1633 1574 1702 1602 diem
1717 1575 1801 1606 illam.

179 1619 323 1651 τοσοῦτον,
350 1619 464 1654 ἀφύκτῳ
493 1620 715 1654 περιπεπτωκότι
741 1621 774 1655 τῇ
803 1619 894 1655 πληγῇ
917 1620 964 1647 τοῦ

179 1665 278 1698 δφεως.
294 1665 388 1696 σκότος
399 1662 468 1691 εἶναι
483 1665 532 1700 τὴν
543 1665 649 1700 ἑτέροις
660 1665 826 1700 φαινομένην
841 1665 964 1701 ἡμέραν;

179 1710 240 1736 οὐδὲ
251 1710 343 1745 διορᾷν
365 1710 457 1745 μέντοι
471 1711 526 1737 τῶν
546 1711 688 1745 παρόντων
701 1712 733 1737 ἐκ
751 1710 805 1737 τῶν
819 1711 966 1747 ὀφθαλμῶν

179 1755 278 1790 ὁρῶντι
292 1756 345 1782 τῶν
367 1756 492 1788 οἰκείων;
514 1758 552 1790 (p.
565 1756 627 1790 181)
650 1756 722 1783 οὕτω
743 1756 776 1791 δὴ
796 1757 843 1783 καὶ
867 1757 964 1791 ὑμεῖς,

180 1801 271 1836 φησὶν,
288 1801 453 1832 ἀκούσαντες
482 1801 531 1836 μὲν
555 1801 724 1835 πανταχόθεν
744 1801 798 1828 τῶν
830 1801 966 1835 πολεμίων

179 1847 229 1882 τὴν
252 1846 344 1880 ἔφοδον
369 1847 415 1873 ἐπὶ
429 1846 476 1882 τὴν
498 1847 575 1873 πόλιν
593 1846 781 1873 είσελεύσεσθε
794 1855 800 1861 ·
819 1847 851 1873 ἐκ
873 1846 901 1872 δὲ
917 1847 965 1874 τοῦ

180 1892 240 1918 κατ’
255 1892 341 1926 αὐτὴν
359 1891 473 1928 θορύϐου
483 1892 709 1928 διαταραχθέντες
721 1912 728 1924 ,
744 1893 774 1920 ὃν
791 1893 899 1928 ἀνάγκη
912 1893 966 1919 τῶν

180 1937 315 1970 πολεμίων
328 1937 488 1972 ἐφεστώτων
499 1937 622 1972 γίνεσθαι
632 1938 661 1965 ὲν
669 1938 749 1973 αὐτῇ,
757 1939 798 1969 είς
805 1939 867 1969 τοὺς
875 1938 966 1970 οἴκους

180 1983 363 2010 είσελεύσεσθε
385 1984 449 2015 τοὺς
462 1983 592 2015 οἰκείους,
609 1984 752 2019 περιέσται
767 1983 795 2009 δὲ
809 1983 888 2010 οὐθὲν
904 1982 967 2010 οὐδὲ

181 2029 322 2056 ἔχ’τούτου
341 2029 422 2056 πλέον
439 2030 513 2065 ὑμῖν,
531 2030 564 2056 ὲκ
576 2029 630 2056 τῶν
645 2029 738 2065 μυχῶν
748 2029 798 2064 τὴς
809 2029 899 2060 οἰκίας
918 2030 966 2055 ἐπὶ

179 2075 228 2110 τὴν
243 2075 431 2111 αἰχμαλωσίαν
450 2075 614 2108 ὲξελκόντων
641 2075 713 2110 ὑμᾶς
736 2075 789 2102 τῶν
808 2075 963 2110 πολεμίων.

181 2120 242 2152 Πῶς
263 2120 295 2156 δὴ
308 2121 365 2152 τοῖς
385 2120 472 2147 ταῦτα
485 2120 644 2155 πάσχουσιν,
661 2120 690 2146 οὐ
708 2119 804 2157 σκότος
827 2117 896 2146 εἶναι
920 2119 966 2145 τὸν

180 2167 273 2200 καιρὸν
287 2167 391 2193 ἐκεῖνον
407 2167 529 2201 ἀνάγκης
550 2163 617 2193 Εἶτα
630 2166 669 2197 εἰς
682 2165 732 2201 τὴν
747 2166 796 2200 τῆς
812 2165 966 2201 μοχθηρίας

179 2212 267 2238 αὐτῶν
282 2212 419 2245 ἀπόδειξιν
433 2212 545 2245 ἐπάγει’
566 2221 575 2237 ι
590 2211 755 2247 Μεμίσηκα,
768 2210 900 2245 ἁπῶσμαι
917 2211 965 2242 τὰς

1016 1627 1076 1654 quae
1094 1620 1200 1647 caeteris
1214 1619 1263 1646 lux
1282 1623 1412 1654 apparet,
1443 1619 1570 1646 tenebras
1591 1618 1676 1646 videri
1692 1627 1802 1646 necess:

1015 1665 1077 1693 cst?
1104 1665 1140 1694 ita
1157 1669 1186 1691 ut
1204 1664 1271 1691 nihil
1288 1672 1381 1691 coram
1403 1664 1526 1691 oblatum
1543 1669 1654 1699 propter
1669 1664 1800 1691 malormn

1017 1710 1158 1746 angustias
1166 1714 1271 1742 cernat,
1286 1713 1399 1736 mortem
1415 1716 1478 1735 vero
1505 1709 1698 1744 propemodum
1714 1710 1802 1735 oculis

1016 1758 1073 1785 suis
1087 1762 1246 1791 pra-sententi
1273 1756 1394 1790 spectet?
1416 1755 1462 1782 Sic
1489 1756 1600 1782 omnino
1625 1762 1686 1786 vos,
1700 1754 1800 1789 inquit,

1016 1802 1108 1829 audita
1124 1802 1242 1829 hostium
1259 1809 1465 1836 quaqueversus
1476 1801 1643 1832 incursione,
1657 1801 1691 1828 ad
1706 1801 1801 1828 urbem

1017 1852 1121 1875 vosmet
1140 1848 1292 1882 recipietis:
1324 1847 1359 1874 ibi
1377 1854 1442 1874 vero
1458 1847 1575 1874 tumultu
1589 1847 1701 1877 turbati.
1720 1855 1801 1882 quem

1017 1893 1075 1920 Iieri
1100 1893 1306 1920 imminentibus
1333 1892 1457 1918 hostibus
1484 1899 1597 1918 necesse
1631 1897 1684 1924 est,
1704 1891 1801 1918 domos

1016 1941 1120 1965 vestras
1142 1937 1300 1968 introibitis,
1329 1936 1376 1964 sed
1405 1944 1439 1962 ne
1467 1935 1493 1962 id
1509 1935 1618 1970 quidem
1643 1936 1703 1970 plus
1726 1936 1803 1962 vobis

1017 1982 1157 2018 proderit:
1175 1990 1207 2009 ex
1219 1982 1327 2017 angulis
1341 1981 1414 2008 enim
1432 1981 1531 2008 aedium
1555 1984 1695 2008 extractos
1717 1980 1802 2008 abdu-

1016 2032 1079 2056 ccnt
1096 2035 1146 2055 vos
1158 2027 1251 2054 hostes
1266 2027 1293 2053 in
1306 2026 1508 2060 captivitatem;
1532 2025 1588 2059 jam
1605 2033 1669 2053 vero
1678 2025 1742 2053 talia
1756 2033 1801 2060 pa-

1016 2073 1158 2105 tientibus,
1174 2071 1238 2106 quid
1257 2072 1284 2099 ni
1306 2071 1435 2099 tenebras
1449 2070 1519 2098 diem
1543 2071 1616 2097 illam
1643 2070 1728 2099 videri
1750 2079 1801 2099 na-

1017 2125 1094 2146 cesse
1106 2117 1158 2144 erit
1180 2118 1192 2143 ?
1207 2117 1337 2144 Posthinc
1351 2116 1386 2143 ob
1403 2117 1509 2143 illorum
1534 2115 1737 2151 improbitatem
1753 2117 1800 2142 dc-

1017 2163 1233 2194 monstrandam,
1250 2162 1343 2189 addit:
1363 2171 1373 2187 ι
1388 2161 1455 2194 Odi,
1470 2162 1556 2197 repuli
1568 2161 1728 2189 festivitates
1756 2170 1803 2190 ve-

1017 2214 1100 2241 stras,
1112 2214 1140 2236 et
1158 2217 1213 2236 non
1231 2208 1310 2244 12o
1323 2207 1460 2234 odorabor
1479 2209 1506 2235 in
1522 2208 1639 2235 coetibus
1658 2208 1767 2236 vestris.
1787 2217 1796 2233 ι

179 2258 274 2294 ἑορτὰς
288 2258 376 2293 ὑμῶν,
394 2258 441 2285 καὶ
457 2258 487 2284 οὐ
505 2258 543 2293 μὴ
563 2257 708 2293 ὸσφρανθῶ
723 2258 752 2284 ἐν
767 2258 827 2289 ταῖς
841 2257 965 2292 πανηγύ-

1019 2255 1132 2290 Propter
1148 2262 1253 2282 morqu
1269 2257 1422 2281 vestrorum
1442 2253 1653 2288 improbitatem,
1671 2253 1802 2283 solemni-

181 2312 253 2337 ρεσιν
266 2303 352 2338 ὑμῶν.
367 2313 377 2328 ι
395 2303 444 2329 Διά
454 2304 482 2330 δὲ
491 2303 540 2338 τὴν
548 2303 594 2330 τοῦ
606 2303 706 2339 τρόπου
715 2302 867 2338 μοχθηρίαν
877 2303 964 2337 ὑμῶν,

179 2349 225 2375 καὶ
238 2349 286 2380 τὰς
299 2349 395 2384 ἑορτὰς
411 2348 444 2380 ἃς
460 2348 594 2375 ἐπιτελεῖν
608 2348 654 2374 ἐπὶ
666 2349 733 2383 τιμῇ
752 2348 854 2375 δοκεῖτε
864 2349 898 2383 τῇ
912 2349 964 2383 ἐμῇ

179 2394 221 2420 διὰ
234 2395 328 2429 μίσους
340 2395 404 2429 ἔχω.
419 2396 466 2421 καὶ
475 2395 506 2421 οὐ
521 2394 667 2429 προσίεμαι
679 2393 790 2425 ταύτας.
806 2403 815 2419 ι
833 2394 904 2420 Διότι
919 2394 966 2420 ἐὰν

180 2440 309 2475 ἐνέγκητε
335 2449 380 2475 μοι
402 2440 617 2475 ὁλοκαυτώματα
638 2441 685 2466 καὶ
707 2439 803 2471 θυσίας
819 2439 894 2474 ὑμῶν
908 2459 915 2471 ,
934 2439 965 2465 οὐ

184 2486 378 2521 προσδέξημαι·
401 2486 448 2512 καὶ
466 2486 614 2521 σωτηρίους
634 2485 794 2520 ἐπιφανείας
819 2484 896 2520 ὑμῶν
916 2484 966 2510 οὐκ

179 2531 371 2566 ἐπιϐλέψομαι.
390 2541 400 2557 ›
431 2532 489 2558 Κᾶν
514 2532 610 2562 Θυσίας
633 2529 683 2557 ,οὖν
707 2531 724 2563 ἢ
752 2529 966 2566 ὁλοκαυτώματα

181 2578 364 2612 προσφέρητε,
377 2577 426 2612 τὴν
441 2579 473 2604 ὲκ
488 2578 536 2613 τῆς
551 2577 712 2611 ἐπιφανείας
732 2578 781 2611 τῆς
795 2576 864 2611 ἐμῆς
878 2585 965 2610 σωτη-

180 2622 242 2657 ρίαν
257 2623 412 2654 ἐλπίζοντες
422 2623 466 2650 διά
476 2624 578 2650 τούτων
593 2623 694 2654 λαϐεῖν,
705 2622 765 2649 οὔτε
775 2622 895 2657 δέξομαι,
906 2622 964 2648 ἀλλ’

179 2669 236 2695 οὐδὲ
253 2669 377 2705 προσέξω
400 2671 455 2700 τοῖς
471 2669 625 2704 γινομένοις
644 2669 722 2700 ὅλως.
745 2668 777 2694 Τί
795 2665 860 2699 οὖν;
881 2677 889 2692 ι
906 2668 964 2694 Με-

180 2715 312 2749 τάστησον
340 2716 388 2742 ἀπ’
416 2716 483 2750 ἐμοῦ
507 2714 574 2751 ἦχον
600 2716 675 2751 ᾠδῶν
699 2723 746 2741 σου
760 2734 767 2745 ,
791 2714 837 2741 καὶ
858 2713 965 2748 ψαλμὸν

179 2760 300 2794 ὀργάνων
328 2770 375 2787 σου
400 2761 450 2788 οὐκ
466 2761 629 2797 ἀκούσομαι.
648 2771 657 2786 ν
679 2760 783 2786 Παῦσαι
797 2759 829 2793 δὴ
848 2761 895 2785 καὶ
916 2759 965 2790 τὰς

179 2807 211 2831 ἐι
223 2806 277 2832 τῶν
289 2804 405 2841 ψαλμῶν
415 2807 486 2841 ᾠδὰς
507 2809 550 2835 ἐπ’
561 2808 622 2843 ἐμοὶ
632 2806 802 2842 ποιούμενος,
820 2805 880 2833 ἐπεὶ
897 2805 966 2840 μηδὲ

180 2851 273 2878 τούτου
287 2861 333 2888 μοι
345 2851 433 2886 λόγος.

1017 2305 1087 2328 tates
1098 2301 1180 2327 etiam
1192 2307 1260 2334 quas
1270 2299 1303 2326 ad
1317 2299 1369 2326 mei
1383 2298 1514 2325 honorem
1527 2297 1666 2325 celebrare
1676 2297 1800 2328 creditis,

1018 2346 1081 2373 odio
1092 2345 1189 2378 habeo,
1210 2352 1298 2379 neque
1317 2352 1364 2371 eas
1376 2343 1492 2379 excipio.
1512 2352 1520 2368 ι
1538 2342 1616 2375 Quod
1637 2344 1659 2370 si
1672 2342 1741 2372 mihi
1755 2343 1802 2369 ob-

1017 2392 1135 2419 tuleritis
1147 2391 1308 2418 holocausta
1324 2395 1351 2417 et
1364 2390 1500 2417 sacriﬁcia
1513 2393 1615 2421 vestra,
1629 2396 1684 2416 non
1711 2389 1801 2416 susci-

1016 2438 1099 2472 piam,
1111 2441 1138 2465 et
1147 2437 1267 2464 salutare
1278 2440 1440 2471 conspectus
1452 2436 1534 2463 vestri
1544 2443 1599 2465 non
1614 2435 1767 2469 respiciam.
1788 2444 1797 2460 ι

1018 2481 1129 2509 Etiamsi
1147 2482 1229 2516 igitur
1244 2481 1377 2508 sacriﬁcia
1395 2481 1435 2508 vel
1462 2480 1620 2509 holocausta
1633 2479 1800 2510 obtuleritis,

1015 2528 1130 2554 salutem
1152 2535 1183 2554 ex
1215 2530 1341 2561 respectu
1356 2533 1415 2554 meo
1436 2529 1577 2560 sperantes
1588 2525 1623 2553 ob
1641 2526 1698 2552 haec
1716 2525 1801 2559 impe-

1012 2577 1096 2605 trare,
1112 2580 1164 2601 non
1178 2572 1329 2603 admittam,
1343 2579 1430 2606 neque
1438 2571 1570 2606 quidquid
1586 2571 1705 2599 feceritis
1721 2571 1798 2606 pensi

1013 2619 1128 2647 habebo.
1146 2618 1216 2651 Quid
1229 2618 1312 2652 ergo?
1335 2627 1344 2643 ι
1366 2617 1496 2645 Transfer
1510 2626 1524 2644 a
1539 2625 1582 2645 me
1596 2617 1715 2645 sonitum
1736 2624 1798 2643 car—

1016 2666 1120 2692 minum
1137 2668 1261 2696 tuorum;
1293 2664 1425 2698 psalmum
1443 2671 1606 2698 organorum
1623 2668 1730 2690 tuovum
1745 2670 1798 2689 "(NI

1016 2709 1135 2737 audiam.
1153 2718 1162 2735 ι
1180 2709 1278 2736 Desine
1291 2709 1459 2744 psalmorum
1473 2710 1595 2736 carmina
1612 2708 1679 2735 mihi
1692 2715 1801 2743 compo—

1017 2756 1228 2791 nere,quoniam
1242 2763 1276 2783 ne
1292 2756 1349 2782 lucc
1365 2754 1473 2790 quidem
1487 2755 1552 2781 mihi
1568 2753 1645 2782 cordi
1663 2757 1738 2782 sunt.
