  <div class='ocr_page' id='page_1' title='image "/cluster/home/n/w/nwhite01/storage/ocr_20150623/66/njp.32101077772695/156.png"; bbox 0 0 1973 3066; ppageno 0'>
   <div class='ocr_carea' id='block_1_1' title="bbox 184 147 237 175">
    <p class='ocr_par' dir='ltr' id='par_1_1' title="bbox 184 147 237 175">
     <span class='ocr_line' id='line_1_1' title="bbox 184 147 237 175; baseline 0 0"><span class='ocrx_word' id='word_1_1' title='bbox 184 147 237 175; x_wconf 72' lang='grc'><strong>231</strong></span> 
     </span>
    </p>
   </div>
   <div class='ocr_carea' id='block_1_2' title="bbox 715 150 1324 182">
    <p class='ocr_par' dir='ltr' id='par_1_2' title="bbox 715 150 1324 182">
     <span class='ocr_line' id='line_1_2' title="bbox 715 150 1324 182; baseline 0.005 -4"><span class='ocrx_word' id='word_1_2' title='bbox 715 150 991 179; x_wconf 67' lang='lat' dir='ltr'><strong>COMMENTARIUS</strong></span> <span class='ocrx_word' id='word_1_3' title='bbox 1005 151 1037 179; x_wconf 81' lang='lat' dir='ltr'><strong>IN</strong></span> <span class='ocrx_word' id='word_1_4' title='bbox 1057 151 1162 180; x_wconf 82' lang='lat' dir='ltr'><strong>AMOSI</strong></span> <span class='ocrx_word' id='word_1_5' title='bbox 1181 152 1248 180; x_wconf 75' lang='lat' dir='ltr'><strong>CAP</strong></span> <span class='ocrx_word' id='word_1_6' title='bbox 1279 152 1324 182; x_wconf 71' lang='lat' dir='ltr'><strong>Vl.</strong></span> 
     </span>
    </p>
   </div>
   <div class='ocr_carea' id='block_1_3' title="bbox 1760 151 1815 182">
    <p class='ocr_par' dir='ltr' id='par_1_3' title="bbox 1760 151 1815 182">
     <span class='ocr_line' id='line_1_3' title="bbox 1760 151 1815 182; baseline 0.036 -2"><span class='ocrx_word' id='word_1_7' title='bbox 1760 151 1815 182; x_wconf 67' lang='grc'><strong>28⁵3</strong></span> 
     </span>
    </p>
   </div>
   <div class='ocr_carea' id='block_1_4' title="bbox 186 208 974 247">
    <p class='ocr_par' dir='ltr' id='par_1_4' title="bbox 186 208 972 246">
     <span class='ocr_line' id='line_1_4' title="bbox 186 208 972 246; baseline 0.005 -13"><span class='ocrx_word' id='word_1_8' title='bbox 186 208 324 243; x_wconf 80' lang='grc' dir='ltr'>παρέσχεν</span> <span class='ocrx_word' id='word_1_9' title='bbox 338 208 412 243; x_wconf 82' lang='grc' dir='ltr'>ὑμῖν·</span> <span class='ocrx_word' id='word_1_10' title='bbox 431 209 479 235; x_wconf 80' lang='grc' dir='ltr'>καὶ</span> <span class='ocrx_word' id='word_1_11' title='bbox 491 209 598 242; x_wconf 71' lang='grc' dir='ltr'>δεικνὺς</span> <span class='ocrx_word' id='word_1_12' title='bbox 611 210 660 244; x_wconf 80' lang='grc' dir='ltr'>τῆς</span> <span class='ocrx_word' id='word_1_13' title='bbox 675 210 750 242; x_wconf 77' lang='grc' dir='ltr'>θείας</span> <span class='ocrx_word' id='word_1_14' title='bbox 764 210 869 246; x_wconf 75' lang='grc' dir='ltr'>δωρεᾶς</span> <span class='ocrx_word' id='word_1_15' title='bbox 879 211 908 238; x_wconf 73' lang='grc' dir='ltr'>τὸ</span> <span class='ocrx_word' id='word_1_16' title='bbox 924 212 972 246; x_wconf 85' lang='grc' dir='ltr'>μέ-</span> 
     </span>
    </p>
   </div>
   <div class='ocr_carea' id='block_1_5' title="bbox 1026 208 1815 247">
    <p class='ocr_par' dir='ltr' id='par_1_5' title="bbox 1026 210 1815 247">
     <span class='ocr_line' id='line_1_5' title="bbox 1026 210 1815 247; baseline 0 -9"><span class='ocrx_word' id='word_1_17' title='bbox 1026 211 1122 238; x_wconf 85' lang='lat' dir='ltr'><strong>Emath</strong></span> <span class='ocrx_word' id='word_1_18' title='bbox 1149 219 1296 247; x_wconf 84' lang='lat' dir='ltr'><strong>magnam;</strong></span> <span class='ocrx_word' id='word_1_19' title='bbox 1323 216 1351 240; x_wconf 88' lang='lat' dir='ltr'><strong>et</strong></span> <span class='ocrx_word' id='word_1_20' title='bbox 1377 210 1533 240; x_wconf 67' lang='lat' dir='ltr'><strong>descendite</strong></span> <span class='ocrx_word' id='word_1_21' title='bbox 1560 212 1636 240; x_wconf 88' lang='lat' dir='ltr'><strong>illinc</strong></span> <span class='ocrx_word' id='word_1_22' title='bbox 1661 212 1687 239; x_wconf 94' lang='lat' dir='ltr'><strong>in</strong></span> <span class='ocrx_word' id='word_1_23' title='bbox 1714 215 1815 239; x_wconf 83' lang='lat' dir='ltr'><strong>ten-am</strong></span> 
     </span>
    </p>
   </div>
   <div class='ocr_carea' id='block_1_6' title="bbox 186 253 976 290">
    <p class='ocr_par' dir='ltr' id='par_1_6' title="bbox 186 253 976 290">
     <span class='ocr_line' id='line_1_6' title="bbox 186 253 976 290; baseline 0.005 -12"><span class='ocrx_word' id='word_1_24' title='bbox 186 253 267 286; x_wconf 83' lang='grc' dir='ltr'>γεοος</span> <span class='ocrx_word' id='word_1_25' title='bbox 289 253 388 280; x_wconf 79' lang='grc' dir='ltr'>ὁπόσον</span> <span class='ocrx_word' id='word_1_26' title='bbox 412 254 480 285; x_wconf 80' lang='grc' dir='ltr'>ἐστὶ,</span> <span class='ocrx_word' id='word_1_27' title='bbox 507 265 517 280; x_wconf 75' lang='grc' dir='ltr'><strong>ι</strong></span> <span class='ocrx_word' id='word_1_28' title='bbox 532 255 647 290; x_wconf 78' lang='grc' dir='ltr'>Διάϐητε</span> <span class='ocrx_word' id='word_1_29' title='bbox 669 256 768 287; x_wconf 80' lang='grc' dir='ltr'>πάντες</span> <span class='ocrx_word' id='word_1_30' title='bbox 790 257 837 283; x_wconf 83' lang='grc' dir='ltr'><strong>καὶ</strong></span> <span class='ocrx_word' id='word_1_31' title='bbox 853 257 921 283; x_wconf 81' lang='grc' dir='ltr'>ῐδετε</span> <span class='ocrx_word' id='word_1_32' title='bbox 936 258 976 288; x_wconf 84' lang='grc' dir='ltr'><strong>είς</strong></span> 
     </span>
    </p>
   </div>
   <div class='ocr_carea' id='block_1_7' title="bbox 187 299 977 337">
    <p class='ocr_par' dir='ltr' id='par_1_7' title="bbox 187 299 977 337">
     <span class='ocr_line' id='line_1_7' title="bbox 187 299 977 337; baseline 0.006 -13"><span class='ocrx_word' id='word_1_33' title='bbox 187 299 324 334; x_wconf 79' lang='grc' dir='ltr'>Χαλάνην,</span> <span class='ocrx_word' id='word_1_34' title='bbox 341 301 387 326; x_wconf 72' lang='grc' dir='ltr'>καὶ</span> <span class='ocrx_word' id='word_1_35' title='bbox 407 300 525 327; x_wconf 77' lang='grc' dir='ltr'>διέλοετε</span> <span class='ocrx_word' id='word_1_36' title='bbox 542 301 646 327; x_wconf 80' lang='grc' dir='ltr'>ἐκεῖθεν</span> <span class='ocrx_word' id='word_1_37' title='bbox 661 303 701 333; x_wconf 81' lang='grc' dir='ltr'><strong>είς</strong></span> <span class='ocrx_word' id='word_1_38' title='bbox 717 301 809 336; x_wconf 81' lang='grc' dir='ltr'>Δίθὰμ</span> <span class='ocrx_word' id='word_1_39' title='bbox 824 302 873 336; x_wconf 78' lang='grc' dir='ltr'>τὴν</span> <span class='ocrx_word' id='word_1_40' title='bbox 891 303 977 337; x_wconf 80' lang='grc' dir='ltr'>μεγά-</span> 
     </span>
    </p>
   </div>
   <div class='ocr_carea' id='block_1_8' title="bbox 187 344 975 382">
    <p class='ocr_par' dir='ltr' id='par_1_8' title="bbox 187 344 975 382">
     <span class='ocr_line' id='line_1_8' title="bbox 187 344 975 382; baseline 0.005 -12"><span class='ocrx_word' id='word_1_41' title='bbox 187 345 247 379; x_wconf 69' lang='grc' dir='ltr'>λειῖν,</span> <span class='ocrx_word' id='word_1_42' title='bbox 265 344 313 370; x_wconf 77' lang='grc' dir='ltr'>καὶ</span> <span class='ocrx_word' id='word_1_43' title='bbox 336 345 474 380; x_wconf 73' lang='grc' dir='ltr'>κατὰὗητε</span> <span class='ocrx_word' id='word_1_44' title='bbox 498 346 602 372; x_wconf 80' lang='grc' dir='ltr'>ἐκεῖθεν</span> <span class='ocrx_word' id='word_1_45' title='bbox 616 348 656 378; x_wconf 80' lang='grc' dir='ltr'>εἰς</span> <span class='ocrx_word' id='word_1_46' title='bbox 674 347 725 381; x_wconf 80' lang='grc' dir='ltr'>γῆν</span> <span class='ocrx_word' id='word_1_47' title='bbox 739 348 792 373; x_wconf 84' lang='grc' dir='ltr'><strong>τῶν</strong></span> <span class='ocrx_word' id='word_1_48' title='bbox 809 348 975 382; x_wconf 76' lang='grc' dir='ltr'>ἀλλοφύλων,</span> 
     </span>
    </p>
   </div>
   <div class='ocr_carea' id='block_1_9' title="bbox 187 389 976 426">
    <p class='ocr_par' dir='ltr' id='par_1_9' title="bbox 187 389 976 426">
     <span class='ocr_line' id='line_1_9' title="bbox 187 389 976 426; baseline 0.005 -12"><span class='ocrx_word' id='word_1_49' title='bbox 187 389 237 419; x_wconf 76' lang='grc' dir='ltr'><strong>τὰς</strong></span> <span class='ocrx_word' id='word_1_50' title='bbox 257 389 405 424; x_wconf 75' lang='grc' dir='ltr'><strong>κρατίστας</strong></span> <span class='ocrx_word' id='word_1_51' title='bbox 421 391 453 417; x_wconf 83' lang='grc' dir='ltr'><strong>ἐκ</strong></span> <span class='ocrx_word' id='word_1_52' title='bbox 470 391 565 417; x_wconf 82' lang='grc' dir='ltr'><strong>πασῶν</strong></span> <span class='ocrx_word' id='word_1_53' title='bbox 586 391 640 417; x_wconf 88' lang='grc' dir='ltr'><strong>τῶν</strong></span> <span class='ocrx_word' id='word_1_54' title='bbox 660 391 802 426; x_wconf 80' lang='grc' dir='ltr'>βασιλειῶν</span> <span class='ocrx_word' id='word_1_55' title='bbox 827 392 934 424; x_wconf 75' lang='grc' dir='ltr'>τούτων,</span> <span class='ocrx_word' id='word_1_56' title='bbox 951 394 976 418; x_wconf 74' lang='grc' dir='ltr'>εἰ</span> 
     </span>
    </p>
   </div>
   <div class='ocr_carea' id='block_1_10' title="bbox 187 433 974 472">
    <p class='ocr_par' dir='ltr' id='par_1_10' title="bbox 187 433 974 472">
     <span class='ocr_line' id='line_1_10' title="bbox 187 433 974 472; baseline 0.004 -12"><span class='ocrx_word' id='word_1_57' title='bbox 187 433 299 460; x_wconf 82' lang='grc' dir='ltr'>πλείονά</span> <span class='ocrx_word' id='word_1_58' title='bbox 321 435 379 461; x_wconf 85' lang='grc' dir='ltr'>ἐστι</span> <span class='ocrx_word' id='word_1_59' title='bbox 393 435 428 461; x_wconf 80' lang='grc' dir='ltr'><strong>τὰ</strong></span> <span class='ocrx_word' id='word_1_60' title='bbox 443 436 504 471; x_wconf 79' lang='grc' dir='ltr'>ὅρια</span> <span class='ocrx_word' id='word_1_61' title='bbox 518 435 607 462; x_wconf 79' lang='grc' dir='ltr'>αὐτῶν</span> <span class='ocrx_word' id='word_1_62' title='bbox 627 436 680 463; x_wconf 87' lang='grc' dir='ltr'><strong>τῶν</strong></span> <span class='ocrx_word' id='word_1_63' title='bbox 702 436 840 471; x_wconf 78' lang='grc' dir='ltr'>ὑμετέρων</span> <span class='ocrx_word' id='word_1_64' title='bbox 856 437 947 472; x_wconf 83' lang='grc' dir='ltr'>ὁρίων.</span> <span class='ocrx_word' id='word_1_65' title='bbox 964 447 974 464; x_wconf 73' lang='grc' dir='ltr'><strong>ι</strong></span> 
     </span>
    </p>
   </div>
   <div class='ocr_carea' id='block_1_11' title="bbox 187 480 977 517">
    <p class='ocr_par' dir='ltr' id='par_1_11' title="bbox 187 480 977 517">
     <span class='ocr_line' id='line_1_11' title="bbox 187 480 977 517; baseline 0.005 -11"><span class='ocrx_word' id='word_1_66' title='bbox 187 480 347 516; x_wconf 86' lang='grc' dir='ltr'>Περιέλθετε</span> <span class='ocrx_word' id='word_1_67' title='bbox 362 481 427 516; x_wconf 80' lang='grc' dir='ltr'>γὰρ,</span> <span class='ocrx_word' id='word_1_68' title='bbox 437 482 513 517; x_wconf 74' lang='grc' dir='ltr'>φησὶ.</span> <span class='ocrx_word' id='word_1_69' title='bbox 527 482 581 508; x_wconf 82' lang='grc' dir='ltr'><strong>τῶν</strong></span> <span class='ocrx_word' id='word_1_70' title='bbox 596 491 624 508; x_wconf 90' lang='grc' dir='ltr'><strong>τε</strong></span> <span class='ocrx_word' id='word_1_71' title='bbox 640 482 794 516; x_wconf 71' lang='grc' dir='ltr'><strong>ἀλλοφύλων</strong></span> <span class='ocrx_word' id='word_1_72' title='bbox 808 483 854 509; x_wconf 69' lang='grc' dir='ltr'>καὶ</span> <span class='ocrx_word' id='word_1_73' title='bbox 869 483 977 510; x_wconf 79' lang='grc' dir='ltr'>πάντων</span> 
     </span>
    </p>
   </div>
   <div class='ocr_carea' id='block_1_12' title="bbox 186 525 977 564">
    <p class='ocr_par' dir='ltr' id='par_1_12' title="bbox 186 525 977 564">
     <span class='ocr_line' id='line_1_12' title="bbox 186 525 977 564; baseline 0.004 -12"><span class='ocrx_word' id='word_1_74' title='bbox 186 525 218 561; x_wconf 80' lang='grc' dir='ltr'>δὴ</span> <span class='ocrx_word' id='word_1_75' title='bbox 232 526 287 553; x_wconf 86' lang='grc' dir='ltr'><strong>τῶν</strong></span> <span class='ocrx_word' id='word_1_76' title='bbox 300 527 448 562; x_wconf 81' lang='grc' dir='ltr'>περιοίκων</span> <span class='ocrx_word' id='word_1_77' title='bbox 461 528 511 563; x_wconf 84' lang='grc' dir='ltr'>τὴν</span> <span class='ocrx_word' id='word_1_78' title='bbox 525 528 617 563; x_wconf 87' lang='grc' dir='ltr'>χώραν</span> <span class='ocrx_word' id='word_1_79' title='bbox 630 536 638 543; x_wconf 90' lang='grc'><strong>·</strong></span> <span class='ocrx_word' id='word_1_80' title='bbox 663 528 710 555; x_wconf 69' lang='grc' dir='ltr'>καὶ</span> <span class='ocrx_word' id='word_1_81' title='bbox 726 527 758 563; x_wconf 83' lang='grc' dir='ltr'>δὴ</span> <span class='ocrx_word' id='word_1_82' title='bbox 773 528 820 555; x_wconf 76' lang='grc' dir='ltr'>καὶ</span> <span class='ocrx_word' id='word_1_83' title='bbox 833 528 883 560; x_wconf 83' lang='grc' dir='ltr'><strong>τὰς</strong></span> <span class='ocrx_word' id='word_1_84' title='bbox 900 529 977 564; x_wconf 82' lang='grc' dir='ltr'>μεγί-</span> 
     </span>
    </p>
   </div>
   <div class='ocr_carea' id='block_1_13' title="bbox 187 572 975 610">
    <p class='ocr_par' dir='ltr' id='par_1_13' title="bbox 187 572 975 610">
     <span class='ocr_line' id='line_1_13' title="bbox 187 572 975 610; baseline 0.001 -11"><span class='ocrx_word' id='word_1_85' title='bbox 187 581 253 604; x_wconf 86' lang='grc' dir='ltr'>στας</span> <span class='ocrx_word' id='word_1_86' title='bbox 275 572 331 600; x_wconf 83' lang='grc' dir='ltr'><strong>τῶν</strong></span> <span class='ocrx_word' id='word_1_87' title='bbox 346 574 375 599; x_wconf 90' lang='grc' dir='ltr'><strong>ἐν</strong></span> <span class='ocrx_word' id='word_1_88' title='bbox 390 574 483 605; x_wconf 83' lang='grc' dir='ltr'>αὐτοῖς</span> <span class='ocrx_word' id='word_1_89' title='bbox 499 573 603 600; x_wconf 82' lang='grc' dir='ltr'>πόλεων</span> <span class='ocrx_word' id='word_1_90' title='bbox 621 574 730 606; x_wconf 78' lang='grc' dir='ltr'>ἰδόντες,</span> <span class='ocrx_word' id='word_1_91' title='bbox 744 574 910 609; x_wconf 83' lang='grc' dir='ltr'>δοκιμάσατε</span> <span class='ocrx_word' id='word_1_92' title='bbox 925 575 975 610; x_wconf 83' lang='grc' dir='ltr'>τῆς</span> 
     </span>
    </p>
   </div>
   <div class='ocr_carea' id='block_1_14' title="bbox 186 617 973 654">
    <p class='ocr_par' dir='ltr' id='par_1_14' title="bbox 186 617 973 654">
     <span class='ocr_line' id='line_1_14' title="bbox 186 617 973 654; baseline 0.005 -12"><span class='ocrx_word' id='word_1_93' title='bbox 186 625 215 643; x_wconf 86' lang='grc' dir='ltr'><strong>τε</strong></span> <span class='ocrx_word' id='word_1_94' title='bbox 232 617 324 652; x_wconf 81' lang='grc' dir='ltr'>χώρας</span> <span class='ocrx_word' id='word_1_95' title='bbox 347 618 396 652; x_wconf 80' lang='grc' dir='ltr'>τῆς</span> <span class='ocrx_word' id='word_1_96' title='bbox 412 619 548 654; x_wconf 80' lang='grc' dir='ltr'><strong>ὑμετέρας</strong></span> <span class='ocrx_word' id='word_1_97' title='bbox 565 618 595 645; x_wconf 83' lang='grc' dir='ltr'><strong>τὸ</strong></span> <span class='ocrx_word' id='word_1_98' title='bbox 613 619 726 654; x_wconf 84' lang='grc' dir='ltr'>μέγεθος</span> <span class='ocrx_word' id='word_1_99' title='bbox 750 619 797 646; x_wconf 74' lang='grc' dir='ltr'>καὶ</span> <span class='ocrx_word' id='word_1_100' title='bbox 819 620 849 646; x_wconf 80' lang='grc' dir='ltr'><strong>τὺ</strong></span> <span class='ocrx_word' id='word_1_101' title='bbox 861 619 973 651; x_wconf 80' lang='grc' dir='ltr'>πλάτος,</span> 
     </span>
    </p>
   </div>
   <div class='ocr_carea' id='block_1_15' title="bbox 187 661 973 699">
    <p class='ocr_par' dir='ltr' id='par_1_15' title="bbox 187 661 973 699">
     <span class='ocr_line' id='line_1_15' title="bbox 187 661 973 699; baseline 0.005 -13"><span class='ocrx_word' id='word_1_102' title='bbox 187 661 234 687; x_wconf 80' lang='grc' dir='ltr'>καὶ</span> <span class='ocrx_word' id='word_1_103' title='bbox 247 661 280 696; x_wconf 83' lang='grc' dir='ltr'>δὴ</span> <span class='ocrx_word' id='word_1_104' title='bbox 293 662 340 688; x_wconf 77' lang='grc' dir='ltr'>καὶ</span> <span class='ocrx_word' id='word_1_105' title='bbox 354 663 402 697; x_wconf 82' lang='grc' dir='ltr'>τῆς</span> <span class='ocrx_word' id='word_1_106' title='bbox 410 662 520 691; x_wconf 75' lang='grc' dir='ltr'>ἐκείνων</span> <span class='ocrx_word' id='word_1_107' title='bbox 531 663 584 694; x_wconf 81' lang='grc' dir='ltr'><strong>’ὡς</strong></span> <span class='ocrx_word' id='word_1_108' title='bbox 599 663 632 690; x_wconf 80' lang='grc' dir='ltr'>ἂν</span> <span class='ocrx_word' id='word_1_109' title='bbox 647 663 679 690; x_wconf 77' lang='grc' dir='ltr'><strong>ἐκ</strong></span> <span class='ocrx_word' id='word_1_110' title='bbox 696 663 872 698; x_wconf 75' lang='grc' dir='ltr'><strong>παραθέσεως</strong></span> <span class='ocrx_word' id='word_1_111' title='bbox 882 664 973 699; x_wconf 73' lang='grc' dir='ltr'>γνοίη-</span> 
     </span>
    </p>
   </div>
   <div class='ocr_carea' id='block_1_16' title="bbox 1025 256 1817 294">
    <p class='ocr_par' dir='ltr' id='par_1_16' title="bbox 1025 256 1817 294">
     <span class='ocr_line' id='line_1_16' title="bbox 1025 256 1817 294; baseline 0.001 -12"><span class='ocrx_word' id='word_1_112' title='bbox 1025 257 1253 291; x_wconf 75' lang='lat' dir='ltr'><strong>alienigenarum,</strong></span> <span class='ocrx_word' id='word_1_113' title='bbox 1270 261 1297 284; x_wconf 82' lang='lat' dir='ltr'><strong>et</strong></span> <span class='ocrx_word' id='word_1_114' title='bbox 1313 256 1346 284; x_wconf 83' lang='lat' dir='ltr'><strong>ad</strong></span> <span class='ocrx_word' id='word_1_115' title='bbox 1359 259 1460 292; x_wconf 89' lang='lat' dir='ltr'><strong>optima</strong></span> <span class='ocrx_word' id='word_1_116' title='bbox 1474 266 1587 293; x_wconf 68' lang='lat' dir='ltr'><strong>quaeque</strong></span> <span class='ocrx_word' id='word_1_117' title='bbox 1604 258 1680 294; x_wconf 83' lang='lat' dir='ltr'><strong>regni</strong></span> <span class='ocrx_word' id='word_1_118' title='bbox 1695 257 1792 283; x_wconf 88' lang='lat' dir='ltr'><strong>horqu</strong></span> <span class='ocrx_word' id='word_1_119' title='bbox 1805 265 1817 290; x_wconf 74' lang='grc' dir='ltr'><strong>ς</strong></span> 
     </span>
    </p>
   </div>
   <div class='ocr_carea' id='block_1_17' title="bbox 1024 302 1813 330">
    <p class='ocr_par' dir='ltr' id='par_1_17' title="bbox 1024 302 1813 330">
     <span class='ocr_line' id='line_1_17' title="bbox 1024 302 1813 330; baseline -0.001 -2"><span class='ocrx_word' id='word_1_120' title='bbox 1024 302 1047 329; x_wconf 79' lang='lat' dir='ltr'><strong>si</strong></span> <span class='ocrx_word' id='word_1_121' title='bbox 1063 302 1175 329; x_wconf 89' lang='lat' dir='ltr'><strong>latiores</strong></span> <span class='ocrx_word' id='word_1_122' title='bbox 1191 302 1299 329; x_wconf 84' lang='lat' dir='ltr'><strong>termini</strong></span> <span class='ocrx_word' id='word_1_123' title='bbox 1323 303 1563 330; x_wconf 89' lang='lat' dir='ltr'><strong>eornm.terminis</strong></span> <span class='ocrx_word' id='word_1_124' title='bbox 1578 303 1677 330; x_wconf 82' lang='lat' dir='ltr'><strong>vestris</strong></span> <span class='ocrx_word' id='word_1_125' title='bbox 1699 305 1775 329; x_wconf 87' lang='lat' dir='ltr'><strong>sunt.</strong></span> <span class='ocrx_word' id='word_1_126' title='bbox 1799 311 1813 327; x_wconf 64' lang='grc' dir='ltr'><em>μ</em></span> 
     </span>
    </p>
   </div>
   <div class='ocr_carea' id='block_1_18' title="bbox 1024 347 1815 383">
    <p class='ocr_par' dir='ltr' id='par_1_18' title="bbox 1024 347 1815 383">
     <span class='ocr_line' id='line_1_18' title="bbox 1024 347 1815 383; baseline 0 -9"><span class='ocrx_word' id='word_1_127' title='bbox 1024 347 1172 383; x_wconf 79' lang='lat' dir='ltr'><strong>Peragrate</strong></span> <span class='ocrx_word' id='word_1_128' title='bbox 1189 348 1469 383; x_wconf 67' lang='lat' dir='ltr'><strong>122enim,inqnit,</strong></span> <span class='ocrx_word' id='word_1_129' title='bbox 1485 349 1697 383; x_wconf 76' lang='lat' dir='ltr'><strong>alienigenarum</strong></span> <span class='ocrx_word' id='word_1_130' title='bbox 1709 351 1737 375; x_wconf 89' lang='lat' dir='ltr'><strong>et</strong></span> <span class='ocrx_word' id='word_1_131' title='bbox 1751 348 1815 374; x_wconf 83' lang='lat' dir='ltr'><strong>lini—</strong></span> 
     </span>
    </p>
   </div>
   <div class='ocr_carea' id='block_1_19' title="bbox 1026 393 1815 429">
    <p class='ocr_par' dir='ltr' id='par_1_19' title="bbox 1026 393 1815 429">
     <span class='ocr_line' id='line_1_19' title="bbox 1026 393 1815 429; baseline 0 -9"><span class='ocrx_word' id='word_1_132' title='bbox 1026 394 1156 421; x_wconf 91' lang='lat' dir='ltr'><strong>timorum</strong></span> <span class='ocrx_word' id='word_1_133' title='bbox 1180 394 1303 421; x_wconf 88' lang='lat' dir='ltr'><strong>omnium</strong></span> <span class='ocrx_word' id='word_1_134' title='bbox 1329 394 1486 429; x_wconf 76' lang='lat' dir='ltr'><strong>regionem;</strong></span> <span class='ocrx_word' id='word_1_135' title='bbox 1514 398 1541 422; x_wconf 91' lang='lat' dir='ltr'><strong>et</strong></span> <span class='ocrx_word' id='word_1_136' title='bbox 1562 400 1706 429; x_wconf 89' lang='lat' dir='ltr'><strong>postquam</strong></span> <span class='ocrx_word' id='word_1_137' title='bbox 1728 393 1815 421; x_wconf 75' lang='lat' dir='ltr'><strong>maxi—</strong></span> 
     </span>
    </p>
   </div>
   <div class='ocr_carea' id='block_1_20' title="bbox 1025 440 1815 475">
    <p class='ocr_par' dir='ltr' id='par_1_20' title="bbox 1025 440 1815 475">
     <span class='ocr_line' id='line_1_20' title="bbox 1025 440 1815 475; baseline 0.001 -9"><span class='ocrx_word' id='word_1_138' title='bbox 1025 447 1086 467; x_wconf 89' lang='lat' dir='ltr'><strong>mas</strong></span> <span class='ocrx_word' id='word_1_139' title='bbox 1109 440 1230 475; x_wconf 83' lang='lat' dir='ltr'><strong>ipsorum</strong></span> <span class='ocrx_word' id='word_1_140' title='bbox 1247 441 1329 468; x_wconf 89' lang='lat' dir='ltr'><strong>nrbes</strong></span> <span class='ocrx_word' id='word_1_141' title='bbox 1344 440 1540 471; x_wconf 86' lang='lat' dir='ltr'><strong>lustraveritis,</strong></span> <span class='ocrx_word' id='word_1_142' title='bbox 1559 440 1691 467; x_wconf 82' lang='lat' dir='ltr'><strong>:cstimate</strong></span> <span class='ocrx_word' id='word_1_143' title='bbox 1715 444 1815 467; x_wconf 74' lang='lat' dir='ltr'><strong>vestra:</strong></span> 
     </span>
    </p>
   </div>
   <div class='ocr_carea' id='block_1_21' title="bbox 1025 485 1813 521">
    <p class='ocr_par' dir='ltr' id='par_1_21' title="bbox 1025 485 1813 521">
     <span class='ocr_line' id='line_1_21' title="bbox 1025 485 1813 521; baseline 0 -10"><span class='ocrx_word' id='word_1_144' title='bbox 1025 485 1150 520; x_wconf 92' lang='lat' dir='ltr'><strong>regionis</strong></span> <span class='ocrx_word' id='word_1_145' title='bbox 1173 485 1390 521; x_wconf 79' lang='lat' dir='ltr'><strong>magnitudinem</strong></span> <span class='ocrx_word' id='word_1_146' title='bbox 1417 493 1448 512; x_wconf 90' lang='lat' dir='ltr'><strong>ac</strong></span> <span class='ocrx_word' id='word_1_147' title='bbox 1476 485 1648 512; x_wconf 91' lang='lat' dir='ltr'><strong>latitudinem</strong></span> <span class='ocrx_word' id='word_1_148' title='bbox 1675 493 1730 519; x_wconf 77' lang='lat' dir='ltr'><strong>pra:</strong></span> <span class='ocrx_word' id='word_1_149' title='bbox 1747 485 1813 518; x_wconf 89' lang='lat' dir='ltr'><strong>illis,</strong></span> 
     </span>
    </p>
   </div>
   <div class='ocr_carea' id='block_1_22' title="bbox 1024 530 1814 564">
    <p class='ocr_par' dir='ltr' id='par_1_22' title="bbox 1024 530 1814 564">
     <span class='ocr_line' id='line_1_22' title="bbox 1024 530 1814 564; baseline 0.001 -8"><span class='ocrx_word' id='word_1_150' title='bbox 1024 533 1055 556; x_wconf 88' lang='lat' dir='ltr'><strong>ut</strong></span> <span class='ocrx_word' id='word_1_151' title='bbox 1072 530 1258 564; x_wconf 83' lang='lat' dir='ltr'><strong>comparando</strong></span> <span class='ocrx_word' id='word_1_152' title='bbox 1282 531 1414 561; x_wconf 86' lang='lat' dir='ltr'><strong>noscatis,</strong></span> <span class='ocrx_word' id='word_1_153' title='bbox 1434 532 1563 564; x_wconf 77' lang='lat' dir='ltr'><strong>quantam</strong></span> <span class='ocrx_word' id='word_1_154' title='bbox 1587 530 1664 556; x_wconf 83' lang='lat' dir='ltr'><strong>vobis</strong></span> <span class='ocrx_word' id='word_1_155' title='bbox 1690 537 1744 564; x_wconf 81' lang='lat' dir='ltr'><strong>prze</strong></span> <span class='ocrx_word' id='word_1_156' title='bbox 1759 530 1814 557; x_wconf 81' lang='lat' dir='ltr'><strong>illis</strong></span> 
     </span>
    </p>
   </div>
   <div class='ocr_carea' id='block_1_23' title="bbox 1022 575 1812 607">
    <p class='ocr_par' dir='ltr' id='par_1_23' title="bbox 1022 575 1812 607">
     <span class='ocr_line' id='line_1_23' title="bbox 1022 575 1812 607; baseline 0.003 -6"><span class='ocrx_word' id='word_1_157' title='bbox 1022 575 1152 602; x_wconf 90' lang='lat' dir='ltr'><strong>omnibus</strong></span> <span class='ocrx_word' id='word_1_158' title='bbox 1167 575 1200 602; x_wconf 90' lang='lat' dir='ltr'><strong>ad</strong></span> <span class='ocrx_word' id='word_1_159' title='bbox 1222 575 1403 603; x_wconf 85' lang='lat' dir='ltr'><strong>habitandum</strong></span> <span class='ocrx_word' id='word_1_160' title='bbox 1428 579 1528 602; x_wconf 88' lang='lat' dir='ltr'><strong>terram</strong></span> <span class='ocrx_word' id='word_1_161' title='bbox 1546 575 1723 607; x_wconf 79' lang='lat' dir='ltr'><strong>concesserit,</strong></span> <span class='ocrx_word' id='word_1_162' title='bbox 1739 580 1767 602; x_wconf 89' lang='lat' dir='ltr'><strong>ut</strong></span> <span class='ocrx_word' id='word_1_163' title='bbox 1783 576 1812 603; x_wconf 93' lang='lat' dir='ltr'><strong>in</strong></span> 
     </span>
    </p>
   </div>
   <div class='ocr_carea' id='block_1_24' title="bbox 1024 619 1815 655">
    <p class='ocr_par' dir='ltr' id='par_1_24' title="bbox 1024 619 1815 655">
     <span class='ocr_line' id='line_1_24' title="bbox 1024 619 1815 655; baseline 0.001 -9"><span class='ocrx_word' id='word_1_164' title='bbox 1024 627 1056 647; x_wconf 89' lang='lat' dir='ltr'><strong>ea</strong></span> <span class='ocrx_word' id='word_1_165' title='bbox 1074 621 1194 655; x_wconf 80' lang='lat' dir='ltr'><strong>spatiose</strong></span> <span class='ocrx_word' id='word_1_166' title='bbox 1208 621 1356 648; x_wconf 86' lang='lat' dir='ltr'><strong>admodum</strong></span> <span class='ocrx_word' id='word_1_167' title='bbox 1373 621 1458 648; x_wconf 89' lang='lat' dir='ltr'><strong>vitam</strong></span> <span class='ocrx_word' id='word_1_168' title='bbox 1473 619 1619 655; x_wconf 86' lang='lat' dir='ltr'><strong>degeretis.</strong></span> <span class='ocrx_word' id='word_1_169' title='bbox 1639 621 1737 648; x_wconf 74' lang='lat' dir='ltr'><strong>P05tea</strong></span> <span class='ocrx_word' id='word_1_170' title='bbox 1754 627 1815 647; x_wconf 89' lang='lat' dir='ltr'><strong>rur-</strong></span> 
     </span>
    </p>
   </div>
   <div class='ocr_carea' id='block_1_25' title="bbox 1026 666 1619 701">
    <p class='ocr_par' dir='ltr' id='par_1_25' title="bbox 1026 666 1619 701">
     <span class='ocr_line' id='line_1_25' title="bbox 1026 666 1619 701; baseline 0 -9"><span class='ocrx_word' id='word_1_171' title='bbox 1026 673 1074 693; x_wconf 88' lang='lat' dir='ltr'><strong>sus</strong></span> <span class='ocrx_word' id='word_1_172' title='bbox 1091 666 1230 701; x_wconf 88' lang='lat' dir='ltr'><strong>improbos</strong></span> <span class='ocrx_word' id='word_1_173' title='bbox 1245 667 1354 694; x_wconf 90' lang='lat' dir='ltr'><strong>illorum</strong></span> <span class='ocrx_word' id='word_1_174' title='bbox 1373 670 1452 694; x_wconf 90' lang='lat' dir='ltr'><strong>actus</strong></span> <span class='ocrx_word' id='word_1_175' title='bbox 1469 666 1619 701; x_wconf 79' lang='lat' dir='ltr'><strong>vituperat.</strong></span> 
     </span>
    </p>
   </div>
   <div class='ocr_carea' id='block_1_26' title="bbox 185 709 1816 750">
    <p class='ocr_par' dir='ltr' id='par_1_26' title="bbox 185 709 1816 750">
     <span class='ocr_line' id='line_1_26' title="bbox 185 709 1816 750; baseline 0.001 -15"><span class='ocrx_word' id='word_1_176' title='bbox 185 717 216 734; x_wconf 83' lang='grc' dir='ltr'><strong>τε</strong></span> <span class='ocrx_word' id='word_1_177' title='bbox 233 709 299 744; x_wconf 82' lang='grc' dir='ltr'>ὅσην</span> <span class='ocrx_word' id='word_1_178' title='bbox 322 710 386 745; x_wconf 76' lang='grc' dir='ltr'>ὑμῖν</span> <span class='ocrx_word' id='word_1_179' title='bbox 407 711 482 746; x_wconf 82' lang='grc' dir='ltr'>παρὰ</span> <span class='ocrx_word' id='word_1_180' title='bbox 499 710 603 742; x_wconf 78' lang='grc' dir='ltr'>πάντας</span> <span class='ocrx_word' id='word_1_181' title='bbox 624 711 746 743; x_wconf 84' lang='grc' dir='ltr'>ἐκείνους</span> <span class='ocrx_word' id='word_1_182' title='bbox 767 713 808 742; x_wconf 70' lang='grc' dir='ltr'><strong>είς</strong></span> <span class='ocrx_word' id='word_1_183' title='bbox 831 711 938 746; x_wconf 77' lang='grc' dir='ltr'>οἴκησιν</span> <span class='ocrx_word' id='word_1_184' title='bbox 958 712 1058 739; x_wconf 82' lang='grc' dir='ltr'>δέδωκε</span> <span class='ocrx_word' id='word_1_185' title='bbox 1080 713 1142 748; x_wconf 80' lang='grc' dir='ltr'>γῆν,</span> <span class='ocrx_word' id='word_1_186' title='bbox 1163 714 1201 746; x_wconf 69' lang='grc' dir='ltr'>ὡς</span> <span class='ocrx_word' id='word_1_187' title='bbox 1221 714 1254 740; x_wconf 81' lang='grc' dir='ltr'>ἂν</span> <span class='ocrx_word' id='word_1_188' title='bbox 1276 713 1344 750; x_wconf 77' lang='grc' dir='ltr'>μετὰ</span> <span class='ocrx_word' id='word_1_189' title='bbox 1361 713 1460 749; x_wconf 81' lang='grc' dir='ltr'>πολλῆς</span> <span class='ocrx_word' id='word_1_190' title='bbox 1479 713 1523 740; x_wconf 83' lang='grc' dir='ltr'>ἐπ’</span> <span class='ocrx_word' id='word_1_191' title='bbox 1537 713 1621 748; x_wconf 76' lang='grc' dir='ltr'>αὐτῆς</span> <span class='ocrx_word' id='word_1_192' title='bbox 1636 712 1753 747; x_wconf 83' lang='grc' dir='ltr'>διάγοιτε</span> <span class='ocrx_word' id='word_1_193' title='bbox 1765 712 1816 746; x_wconf 80' lang='grc' dir='ltr'>τῆς</span> 
     </span>
    </p>
   </div>
   <div class='ocr_carea' id='block_1_27' title="bbox 186 755 1128 795">
    <p class='ocr_par' dir='ltr' id='par_1_27' title="bbox 186 755 1128 795">
     <span class='ocr_line' id='line_1_27' title="bbox 186 755 1128 795; baseline 0.005 -13"><span class='ocrx_word' id='word_1_194' title='bbox 186 756 357 792; x_wconf 73' lang='grc' dir='ltr'>εὐρυχωρίας</span> <span class='ocrx_word' id='word_1_195' title='bbox 368 766 374 772; x_wconf 93' lang='grc'><strong>·</strong></span> <span class='ocrx_word' id='word_1_196' title='bbox 393 755 452 784; x_wconf 83' lang='grc' dir='ltr'>εἶτα</span> <span class='ocrx_word' id='word_1_197' title='bbox 468 758 548 784; x_wconf 73' lang='grc' dir='ltr'>πάλιν</span> <span class='ocrx_word' id='word_1_198' title='bbox 561 758 683 790; x_wconf 79' lang='grc' dir='ltr'>ὀνειδίζει</span> <span class='ocrx_word' id='word_1_199' title='bbox 697 758 745 790; x_wconf 87' lang='grc' dir='ltr'><strong>τὰς</strong></span> <span class='ocrx_word' id='word_1_200' title='bbox 763 759 879 791; x_wconf 82' lang='grc' dir='ltr'><strong>ἀτόπους</strong></span> <span class='ocrx_word' id='word_1_201' title='bbox 896 759 1010 795; x_wconf 77' lang='grc' dir='ltr'>πράξεις</span> <span class='ocrx_word' id='word_1_202' title='bbox 1026 760 1128 793; x_wconf 80' lang='grc' dir='ltr'>αὐτοῖς.</span> 
     </span>
    </p>
   </div>
   <div class='ocr_carea' id='block_1_28' title="bbox 223 801 974 841">
    <p class='ocr_par' dir='ltr' id='par_1_28' title="bbox 223 801 968 841">
     <span class='ocr_line' id='line_1_28' title="bbox 223 801 968 841; baseline 0.005 -13"><span class='ocrx_word' id='word_1_203' title='bbox 223 802 294 836; x_wconf 84' lang='grc' dir='ltr'>Στίχ.</span> <span class='ocrx_word' id='word_1_204' title='bbox 312 801 384 837; x_wconf 78' lang='grc' dir='ltr'><strong>γ’-η’.</strong></span> <span class='ocrx_word' id='word_1_205' title='bbox 401 818 437 823; x_wconf 89' lang='lat'><strong>——</strong></span> <span class='ocrx_word' id='word_1_206' title='bbox 452 812 461 828; x_wconf 85' lang='grc' dir='ltr'><strong>ι</strong></span> <span class='ocrx_word' id='word_1_207' title='bbox 473 803 504 830; x_wconf 75' lang='grc' dir='ltr'>οξ</span> <span class='ocrx_word' id='word_1_208' title='bbox 519 803 661 838; x_wconf 81' lang='grc' dir='ltr'>ἐρχόμενοι</span> <span class='ocrx_word' id='word_1_209' title='bbox 684 804 725 836; x_wconf 79' lang='grc' dir='ltr'><strong>είς</strong></span> <span class='ocrx_word' id='word_1_210' title='bbox 741 804 848 841; x_wconf 79' lang='grc' dir='ltr'>ἡμέραν</span> <span class='ocrx_word' id='word_1_211' title='bbox 868 805 968 839; x_wconf 78' lang='grc' dir='ltr'>κακὴν,</span> 
     </span>
    </p>
   </div>
   <div class='ocr_carea' id='block_1_29' title="bbox 1026 801 1816 841">
    <p class='ocr_par' dir='ltr' id='par_1_29' title="bbox 1056 805 1816 839">
     <span class='ocr_line' id='line_1_29' title="bbox 1056 805 1816 839; baseline -0.003 -7"><span class='ocrx_word' id='word_1_212' title='bbox 1056 806 1140 834; x_wconf 79' lang='lat' dir='ltr'><strong>Vsus.</strong></span> <span class='ocrx_word' id='word_1_213' title='bbox 1157 806 1216 834; x_wconf 76' lang='lat'><strong>5-8.</strong></span> <span class='ocrx_word' id='word_1_214' title='bbox 1231 822 1265 827; x_wconf 91' lang='lat'><strong>—</strong></span> <span class='ocrx_word' id='word_1_215' title='bbox 1284 815 1295 832; x_wconf 76' lang='grc' dir='ltr'><strong>ι</strong></span> <span class='ocrx_word' id='word_1_216' title='bbox 1317 805 1466 834; x_wconf 83' lang='lat' dir='ltr'><strong>Venientes</strong></span> <span class='ocrx_word' id='word_1_217' title='bbox 1484 806 1512 833; x_wconf 91' lang='lat' dir='ltr'><strong>in</strong></span> <span class='ocrx_word' id='word_1_218' title='bbox 1531 805 1604 834; x_wconf 83' lang='lat' dir='ltr'><strong>diem</strong></span> <span class='ocrx_word' id='word_1_219' title='bbox 1623 805 1734 836; x_wconf 84' lang='lat' dir='ltr'><strong>malam,</strong></span> <span class='ocrx_word' id='word_1_220' title='bbox 1750 811 1816 839; x_wconf 90' lang='lat' dir='ltr'><strong>pro-</strong></span> 
     </span>
    </p>
   </div>
   <div class='ocr_carea' id='block_1_30' title="bbox 186 848 971 885">
    <p class='ocr_par' dir='ltr' id='par_1_30' title="bbox 186 848 971 885">
     <span class='ocr_line' id='line_1_30' title="bbox 186 848 971 885; baseline 0.001 -9"><span class='ocrx_word' id='word_1_221' title='bbox 186 849 212 876; x_wconf 83' lang='grc' dir='ltr'>οῐ</span> <span class='ocrx_word' id='word_1_222' title='bbox 231 848 383 882; x_wconf 72' lang='grc' dir='ltr'><strong>ἐγγίζοντες</strong></span> <span class='ocrx_word' id='word_1_223' title='bbox 408 849 455 876; x_wconf 80' lang='grc' dir='ltr'>καὶ</span> <span class='ocrx_word' id='word_1_224' title='bbox 479 849 661 884; x_wconf 74' lang='grc' dir='ltr'>ἐφαπτόμενοι</span> <span class='ocrx_word' id='word_1_225' title='bbox 683 849 829 877; x_wconf 78' lang='grc' dir='ltr'>Σαόϐἀτων</span> <span class='ocrx_word' id='word_1_226' title='bbox 846 850 951 885; x_wconf 81' lang='grc' dir='ltr'>ψευδῶν</span> <span class='ocrx_word' id='word_1_227' title='bbox 963 860 971 866; x_wconf 87' lang='grc'>·</span> 
     </span>
    </p>
   </div>
   <div class='ocr_carea' id='block_1_31' title="bbox 186 895 974 929">
    <p class='ocr_par' dir='ltr' id='par_1_31' title="bbox 186 895 974 929">
     <span class='ocr_line' id='line_1_31' title="bbox 186 895 974 929; baseline 0.003 -8"><span class='ocrx_word' id='word_1_228' title='bbox 186 895 212 921; x_wconf 80' lang='grc' dir='ltr'>οὶ</span> <span class='ocrx_word' id='word_1_229' title='bbox 225 895 400 926; x_wconf 74' lang='grc' dir='ltr'><strong>καθεύδοντες</strong></span> <span class='ocrx_word' id='word_1_230' title='bbox 415 895 461 921; x_wconf 79' lang='grc' dir='ltr'>ἐπὶ</span> <span class='ocrx_word' id='word_1_231' title='bbox 478 895 576 922; x_wconf 85' lang='grc' dir='ltr'>κλινῶν</span> <span class='ocrx_word' id='word_1_232' title='bbox 593 895 774 929; x_wconf 79' lang='grc' dir='ltr'>ἐλεφαντίνων</span> <span class='ocrx_word' id='word_1_233' title='bbox 787 917 795 928; x_wconf 86' lang='grc'>,</span> <span class='ocrx_word' id='word_1_234' title='bbox 819 897 866 923; x_wconf 82' lang='grc' dir='ltr'>καὶ</span> <span class='ocrx_word' id='word_1_235' title='bbox 888 905 974 923; x_wconf 82' lang='grc' dir='ltr'>κατα-</span> 
     </span>
    </p>
   </div>
   <div class='ocr_carea' id='block_1_32' title="bbox 188 941 972 976">
    <p class='ocr_par' dir='ltr' id='par_1_32' title="bbox 188 941 972 976">
     <span class='ocr_line' id='line_1_32' title="bbox 188 941 972 976; baseline 0.001 -9"><span class='ocrx_word' id='word_1_236' title='bbox 188 941 378 973; x_wconf 84' lang='grc' dir='ltr'>σπαταλῶντες</span> <span class='ocrx_word' id='word_1_237' title='bbox 387 941 432 967; x_wconf 74' lang='grc' dir='ltr'>ἐπὶ</span> <span class='ocrx_word' id='word_1_238' title='bbox 446 942 506 972; x_wconf 87' lang='grc' dir='ltr'>ταῖς</span> <span class='ocrx_word' id='word_1_239' title='bbox 520 942 674 976; x_wconf 82' lang='grc' dir='ltr'>στρωμναῖς</span> <span class='ocrx_word' id='word_1_240' title='bbox 692 941 781 968; x_wconf 84' lang='grc' dir='ltr'>αὐτῶν</span> <span class='ocrx_word' id='word_1_241' title='bbox 792 950 799 958; x_wconf 89' lang='grc'>·</span> <span class='ocrx_word' id='word_1_242' title='bbox 823 943 848 968; x_wconf 89' lang='grc' dir='ltr'>οἱ</span> <span class='ocrx_word' id='word_1_243' title='bbox 869 942 972 968; x_wconf 83' lang='grc' dir='ltr'>ἐσθίον-</span> 
     </span>
    </p>
   </div>
   <div class='ocr_carea' id='block_1_33' title="bbox 186 985 973 1022">
    <p class='ocr_par' dir='ltr' id='par_1_33' title="bbox 186 985 973 1022">
     <span class='ocr_line' id='line_1_33' title="bbox 186 985 973 1022; baseline 0.001 -10"><span class='ocrx_word' id='word_1_244' title='bbox 186 995 232 1018; x_wconf 86' lang='grc' dir='ltr'><strong>τες</strong></span> <span class='ocrx_word' id='word_1_245' title='bbox 258 986 368 1021; x_wconf 77' lang='grc' dir='ltr'>ἐρίφους</span> <span class='ocrx_word' id='word_1_246' title='bbox 389 988 422 1013; x_wconf 80' lang='grc' dir='ltr'><strong>ἐκ</strong></span> <span class='ocrx_word' id='word_1_247' title='bbox 451 985 592 1021; x_wconf 78' lang='grc' dir='ltr'>ποιμνίων,</span> <span class='ocrx_word' id='word_1_248' title='bbox 611 987 658 1013; x_wconf 75' lang='grc' dir='ltr'>καὶ</span> <span class='ocrx_word' id='word_1_249' title='bbox 684 987 819 1022; x_wconf 77' lang='grc' dir='ltr'>μοσχάρια</span> <span class='ocrx_word' id='word_1_250' title='bbox 841 988 873 1014; x_wconf 82' lang='grc' dir='ltr'><strong>ἐκ</strong></span> <span class='ocrx_word' id='word_1_251' title='bbox 890 987 973 1022; x_wconf 82' lang='grc' dir='ltr'>μέσου</span> 
     </span>
    </p>
   </div>
   <div class='ocr_carea' id='block_1_34' title="bbox 189 1032 974 1068">
    <p class='ocr_par' dir='ltr' id='par_1_34' title="bbox 189 1032 974 1068">
     <span class='ocr_line' id='line_1_34' title="bbox 189 1032 974 1068; baseline 0 -10"><span class='ocrx_word' id='word_1_252' title='bbox 189 1032 334 1066; x_wconf 84' lang='grc' dir='ltr'>βουκολίων</span> <span class='ocrx_word' id='word_1_253' title='bbox 347 1032 488 1067; x_wconf 72' lang='grc' dir='ltr'>γαλαθηνὰ</span> <span class='ocrx_word' id='word_1_254' title='bbox 496 1040 502 1047; x_wconf 91' lang='grc'><strong>·</strong></span> <span class='ocrx_word' id='word_1_255' title='bbox 517 1033 542 1058; x_wconf 82' lang='grc' dir='ltr'><strong>οἱ</strong></span> <span class='ocrx_word' id='word_1_256' title='bbox 555 1032 762 1068; x_wconf 72' lang='grc' dir='ltr'>ἐπικροτοῦντες</span> <span class='ocrx_word' id='word_1_257' title='bbox 776 1032 844 1068; x_wconf 80' lang='grc' dir='ltr'>πρὸς</span> <span class='ocrx_word' id='word_1_258' title='bbox 854 1032 904 1068; x_wconf 81' lang='grc' dir='ltr'>τὴν</span> <span class='ocrx_word' id='word_1_259' title='bbox 917 1041 974 1066; x_wconf 76' lang='grc' dir='ltr'>φω-</span> 
     </span>
    </p>
   </div>
   <div class='ocr_carea' id='block_1_35' title="bbox 188 1077 974 1113">
    <p class='ocr_par' dir='ltr' id='par_1_35' title="bbox 188 1077 974 1113">
     <span class='ocr_line' id='line_1_35' title="bbox 188 1077 974 1113; baseline 0.003 -11"><span class='ocrx_word' id='word_1_260' title='bbox 188 1077 236 1112; x_wconf 84' lang='grc' dir='ltr'>νὴν</span> <span class='ocrx_word' id='word_1_261' title='bbox 252 1077 305 1103; x_wconf 76' lang='grc' dir='ltr'><strong>τῶν</strong></span> <span class='ocrx_word' id='word_1_262' title='bbox 318 1077 452 1112; x_wconf 80' lang='grc' dir='ltr'>ὀργάνων,</span> <span class='ocrx_word' id='word_1_263' title='bbox 467 1078 505 1110; x_wconf 81' lang='grc' dir='ltr'>ὡς</span> <span class='ocrx_word' id='word_1_264' title='bbox 519 1079 623 1105; x_wconf 77' lang='grc' dir='ltr'>ἑστῶτα</span> <span class='ocrx_word' id='word_1_265' title='bbox 639 1078 796 1111; x_wconf 76' lang='grc' dir='ltr'>ἐλογίσαντο</span> <span class='ocrx_word' id='word_1_266' title='bbox 809 1078 856 1104; x_wconf 74' lang='grc' dir='ltr'>καὶ</span> <span class='ocrx_word' id='word_1_267' title='bbox 874 1078 922 1113; x_wconf 80' lang='grc' dir='ltr'>οὐχ</span> <span class='ocrx_word' id='word_1_268' title='bbox 936 1078 974 1109; x_wconf 87' lang='grc' dir='ltr'>ὠς</span> 
     </span>
    </p>
   </div>
   <div class='ocr_carea' id='block_1_36' title="bbox 189 1121 972 1158">
    <p class='ocr_par' dir='ltr' id='par_1_36' title="bbox 189 1121 972 1158">
     <span class='ocr_line' id='line_1_36' title="bbox 189 1121 972 1158; baseline 0.003 -11"><span class='ocrx_word' id='word_1_269' title='bbox 189 1122 332 1155; x_wconf 71' lang='grc' dir='ltr'><strong>φεύγοντα⁸</strong></span> <span class='ocrx_word' id='word_1_270' title='bbox 349 1122 386 1156; x_wconf 89' lang='lat' dir='ltr'><strong>(p.</strong></span> <span class='ocrx_word' id='word_1_271' title='bbox 401 1122 462 1156; x_wconf 82' lang='grc'><strong>185)</strong></span> <span class='ocrx_word' id='word_1_272' title='bbox 480 1123 505 1148; x_wconf 84' lang='grc' dir='ltr'>οἱ</span> <span class='ocrx_word' id='word_1_273' title='bbox 517 1122 639 1154; x_wconf 81' lang='grc' dir='ltr'>πίνοντες</span> <span class='ocrx_word' id='word_1_274' title='bbox 651 1123 696 1149; x_wconf 76' lang='grc' dir='ltr'>τὸν</span> <span class='ocrx_word' id='word_1_275' title='bbox 709 1123 877 1158; x_wconf 84' lang='grc' dir='ltr'>διυλισμένον</span> <span class='ocrx_word' id='word_1_276' title='bbox 891 1121 972 1154; x_wconf 82' lang='grc' dir='ltr'>οἶνον,</span> 
     </span>
    </p>
   </div>
   <div class='ocr_carea' id='block_1_37' title="bbox 188 1166 974 1203">
    <p class='ocr_par' dir='ltr' id='par_1_37' title="bbox 188 1166 974 1203">
     <span class='ocr_line' id='line_1_37' title="bbox 188 1166 974 1203; baseline 0.003 -11"><span class='ocrx_word' id='word_1_277' title='bbox 188 1168 236 1193; x_wconf 81' lang='grc' dir='ltr'><strong>καὶ</strong></span> <span class='ocrx_word' id='word_1_278' title='bbox 246 1167 280 1193; x_wconf 72' lang='grc' dir='ltr'><strong>τὰ</strong></span> <span class='ocrx_word' id='word_1_279' title='bbox 295 1166 391 1202; x_wconf 79' lang='grc' dir='ltr'>πρῶτα</span> <span class='ocrx_word' id='word_1_280' title='bbox 407 1167 480 1203; x_wconf 84' lang='grc' dir='ltr'>μύρα</span> <span class='ocrx_word' id='word_1_281' title='bbox 494 1169 647 1203; x_wconf 74' lang='grc' dir='ltr'><strong>χριόμενοι⁸</strong></span> <span class='ocrx_word' id='word_1_282' title='bbox 663 1169 708 1195; x_wconf 57' lang='grc' dir='ltr'><strong>καὶ¹</strong></span> <span class='ocrx_word' id='word_1_283' title='bbox 725 1169 775 1194; x_wconf 78' lang='grc' dir='ltr'>οὐκ</span> <span class='ocrx_word' id='word_1_284' title='bbox 791 1168 910 1203; x_wconf 78' lang='grc' dir='ltr'>ἔπασχον</span> <span class='ocrx_word' id='word_1_285' title='bbox 928 1169 974 1194; x_wconf 79' lang='grc' dir='ltr'>ἐπὶ</span> 
     </span>
    </p>
   </div>
   <div class='ocr_carea' id='block_1_38' title="bbox 187 1212 974 1249">
    <p class='ocr_par' dir='ltr' id='par_1_38' title="bbox 187 1212 974 1249">
     <span class='ocr_line' id='line_1_38' title="bbox 187 1212 974 1249; baseline 0.003 -11"><span class='ocrx_word' id='word_1_286' title='bbox 187 1215 220 1248; x_wconf 83' lang='grc' dir='ltr'>τῇ</span> <span class='ocrx_word' id='word_1_287' title='bbox 236 1213 364 1247; x_wconf 76' lang='grc' dir='ltr'>συντριϐῇ</span> <span class='ocrx_word' id='word_1_288' title='bbox 384 1212 430 1238; x_wconf 85' lang='grc' dir='ltr'>τοῦ</span> <span class='ocrx_word' id='word_1_289' title='bbox 452 1213 558 1248; x_wconf 83' lang='grc' dir='ltr'>Ἰωσήφ.</span> <span class='ocrx_word' id='word_1_290' title='bbox 576 1223 586 1239; x_wconf 77' lang='grc' dir='ltr'><strong>ι</strong></span> <span class='ocrx_word' id='word_1_291' title='bbox 610 1214 688 1241; x_wconf 78' lang='grc' dir='ltr'>Ἀλλὰ</span> <span class='ocrx_word' id='word_1_292' title='bbox 701 1213 755 1249; x_wconf 79' lang='grc' dir='ltr'>γὰρ</span> <span class='ocrx_word' id='word_1_293' title='bbox 768 1214 846 1249; x_wconf 85' lang='grc' dir='ltr'>ὑμεῖς</span> <span class='ocrx_word' id='word_1_294' title='bbox 859 1215 898 1245; x_wconf 79' lang='grc' dir='ltr'>εἰς</span> <span class='ocrx_word' id='word_1_295' title='bbox 915 1215 974 1240; x_wconf 84' lang='grc' dir='ltr'>πεῐ-</span> 
     </span>
    </p>
   </div>
   <div class='ocr_carea' id='block_1_39' title="bbox 189 1258 976 1295">
    <p class='ocr_par' dir='ltr' id='par_1_39' title="bbox 189 1258 976 1295">
     <span class='ocr_line' id='line_1_39' title="bbox 189 1258 976 1295; baseline 0.003 -11"><span class='ocrx_word' id='word_1_296' title='bbox 189 1267 239 1293; x_wconf 78' lang='grc' dir='ltr'><strong>ραν</strong></span> <span class='ocrx_word' id='word_1_297' title='bbox 253 1258 395 1285; x_wconf 78' lang='grc' dir='ltr'>ἐλεύσεσθε</span> <span class='ocrx_word' id='word_1_298' title='bbox 411 1259 460 1293; x_wconf 81' lang='grc' dir='ltr'>τῆς</span> <span class='ocrx_word' id='word_1_299' title='bbox 474 1259 580 1294; x_wconf 81' lang='grc' dir='ltr'>ἡμέρας</span> <span class='ocrx_word' id='word_1_300' title='bbox 593 1260 710 1294; x_wconf 74' lang='grc' dir='ltr'>ἐκείνης,</span> <span class='ocrx_word' id='word_1_301' title='bbox 730 1261 747 1295; x_wconf 79' lang='grc' dir='ltr'>ἦ</span> <span class='ocrx_word' id='word_1_302' title='bbox 768 1260 894 1295; x_wconf 83' lang='grc' dir='ltr'>μέγιστον</span> <span class='ocrx_word' id='word_1_303' title='bbox 910 1260 976 1294; x_wconf 87' lang='grc' dir='ltr'>ύμῖν</span> 
     </span>
    </p>
   </div>
   <div class='ocr_carea' id='block_1_40' title="bbox 187 1303 973 1340">
    <p class='ocr_par' dir='ltr' id='par_1_40' title="bbox 187 1303 973 1340">
     <span class='ocr_line' id='line_1_40' title="bbox 187 1303 973 1340; baseline 0.005 -12"><span class='ocrx_word' id='word_1_304' title='bbox 187 1303 272 1337; x_wconf 74' lang='grc' dir='ltr'>ἐσμὸν</span> <span class='ocrx_word' id='word_1_305' title='bbox 287 1303 384 1336; x_wconf 76' lang='grc' dir='ltr'>ἐπάγει</span> <span class='ocrx_word' id='word_1_306' title='bbox 399 1305 491 1330; x_wconf 84' lang='grc' dir='ltr'>κακῶν</span> <span class='ocrx_word' id='word_1_307' title='bbox 504 1313 510 1320; x_wconf 88' lang='grc'><strong>·</strong></span> <span class='ocrx_word' id='word_1_308' title='bbox 536 1304 561 1330; x_wconf 83' lang='grc' dir='ltr'>οἳ</span> <span class='ocrx_word' id='word_1_309' title='bbox 582 1304 616 1331; x_wconf 75' lang='grc' dir='ltr'><strong>τὰ</strong></span> <span class='ocrx_word' id='word_1_310' title='bbox 630 1305 678 1340; x_wconf 81' lang='grc' dir='ltr'>μὲν</span> <span class='ocrx_word' id='word_1_311' title='bbox 700 1305 827 1332; x_wconf 73' lang='grc' dir='ltr'>Σάὸϐατα</span> <span class='ocrx_word' id='word_1_312' title='bbox 852 1306 973 1339; x_wconf 78' lang='grc' dir='ltr'>μετιέναι</span> 
     </span>
    </p>
   </div>
   <div class='ocr_carea' id='block_1_41' title="bbox 188 1349 975 1383">
    <p class='ocr_par' dir='ltr' id='par_1_41' title="bbox 188 1349 975 1383">
     <span class='ocr_line' id='line_1_41' title="bbox 188 1349 975 1383; baseline 0.003 -9"><span class='ocrx_word' id='word_1_313' title='bbox 188 1349 392 1383; x_wconf 70' lang='grc' dir='ltr'>προσποιεῖσθε,</span> <span class='ocrx_word' id='word_1_314' title='bbox 408 1350 458 1376; x_wconf 70' lang='grc' dir='ltr'>οὐκ</span> <span class='ocrx_word' id='word_1_315' title='bbox 481 1350 620 1381; x_wconf 78' lang='grc' dir='ltr'>εὐσεϐείας</span> <span class='ocrx_word' id='word_1_316' title='bbox 643 1350 749 1379; x_wconf 77' lang='grc' dir='ltr'>ἕνεκεν.</span> <span class='ocrx_word' id='word_1_317' title='bbox 775 1350 832 1376; x_wconf 83' lang='grc' dir='ltr'>ἀλλ’</span> <span class='ocrx_word' id='word_1_318' title='bbox 851 1350 920 1376; x_wconf 79' lang='grc' dir='ltr'>ὥστε</span> <span class='ocrx_word' id='word_1_319' title='bbox 935 1352 975 1382; x_wconf 87' lang='grc' dir='ltr'>εἰς</span> 
     </span>
    </p>
   </div>
   <div class='ocr_carea' id='block_1_42' title="bbox 188 1393 974 1430">
    <p class='ocr_par' dir='ltr' id='par_1_42' title="bbox 188 1393 974 1430">
     <span class='ocr_line' id='line_1_42' title="bbox 188 1393 974 1430; baseline 0.001 -11"><span class='ocrx_word' id='word_1_320' title='bbox 188 1393 358 1428; x_wconf 82' lang='grc' dir='ltr'>παρανομίαν</span> <span class='ocrx_word' id='word_1_321' title='bbox 373 1394 597 1429; x_wconf 74' lang='grc' dir='ltr'>καταχρήσασθαι</span> <span class='ocrx_word' id='word_1_322' title='bbox 615 1396 647 1430; x_wconf 78' lang='grc' dir='ltr'>τῇ</span> <span class='ocrx_word' id='word_1_323' title='bbox 664 1394 757 1430; x_wconf 75' lang='grc' dir='ltr'>ἀργίᾳ·</span> <span class='ocrx_word' id='word_1_324' title='bbox 772 1394 855 1421; x_wconf 80' lang='grc' dir='ltr'>πολὺν</span> <span class='ocrx_word' id='word_1_325' title='bbox 867 1395 895 1421; x_wconf 87' lang='grc' dir='ltr'><strong>δέ</strong></span> <span class='ocrx_word' id='word_1_326' title='bbox 910 1394 974 1428; x_wconf 82' lang='grc' dir='ltr'>ἄχρι</span> 
     </span>
    </p>
   </div>
   <div class='ocr_carea' id='block_1_43' title="bbox 186 1439 975 1476">
    <p class='ocr_par' dir='ltr' id='par_1_43' title="bbox 186 1439 975 1476">
     <span class='ocr_line' id='line_1_43' title="bbox 186 1439 975 1476; baseline -0.001 -10"><span class='ocrx_word' id='word_1_327' title='bbox 186 1439 241 1466; x_wconf 84' lang='grc' dir='ltr'><strong>τῶν</strong></span> <span class='ocrx_word' id='word_1_328' title='bbox 251 1439 348 1466; x_wconf 83' lang='grc' dir='ltr'>κλινῶν</span> <span class='ocrx_word' id='word_1_329' title='bbox 361 1440 408 1467; x_wconf 70' lang='grc' dir='ltr'>καὶ</span> <span class='ocrx_word' id='word_1_330' title='bbox 420 1441 470 1475; x_wconf 84' lang='grc' dir='ltr'>τῆς</span> <span class='ocrx_word' id='word_1_331' title='bbox 484 1441 514 1466; x_wconf 85' lang='grc' dir='ltr'><strong>ἐν</strong></span> <span class='ocrx_word' id='word_1_332' title='bbox 523 1442 618 1472; x_wconf 77' lang='grc' dir='ltr'>αὐταῖς</span> <span class='ocrx_word' id='word_1_333' title='bbox 632 1441 778 1476; x_wconf 82' lang='grc' dir='ltr'>στρωμνῆς</span> <span class='ocrx_word' id='word_1_334' title='bbox 791 1441 838 1467; x_wconf 85' lang='grc' dir='ltr'><strong>τόν</strong></span> <span class='ocrx_word' id='word_1_335' title='bbox 850 1449 880 1466; x_wconf 90' lang='grc' dir='ltr'><strong>τε</strong></span> <span class='ocrx_word' id='word_1_336' title='bbox 895 1440 975 1466; x_wconf 82' lang='grc' dir='ltr'>πλοῦ-</span> 
     </span>
    </p>
   </div>
   <div class='ocr_carea' id='block_1_44' title="bbox 186 1485 975 1522">
    <p class='ocr_par' dir='ltr' id='par_1_44' title="bbox 186 1485 975 1522">
     <span class='ocr_line' id='line_1_44' title="bbox 186 1485 975 1522; baseline 0 -11"><span class='ocrx_word' id='word_1_337' title='bbox 186 1493 232 1511; x_wconf 80' lang='grc' dir='ltr'><strong>τον</strong></span> <span class='ocrx_word' id='word_1_338' title='bbox 250 1485 464 1521; x_wconf 79' lang='grc' dir='ltr'>ἐπιδεικνύμενοι</span> <span class='ocrx_word' id='word_1_339' title='bbox 481 1487 527 1513; x_wconf 79' lang='grc' dir='ltr'>καὶ</span> <span class='ocrx_word' id='word_1_340' title='bbox 550 1486 599 1522; x_wconf 83' lang='grc' dir='ltr'>τὴν</span> <span class='ocrx_word' id='word_1_341' title='bbox 620 1486 774 1520; x_wconf 79' lang='grc' dir='ltr'>ἀσέλγειαν,</span> <span class='ocrx_word' id='word_1_342' title='bbox 798 1487 830 1513; x_wconf 84' lang='grc' dir='ltr'><strong>ἐκ</strong></span> <span class='ocrx_word' id='word_1_343' title='bbox 853 1486 901 1520; x_wconf 78' lang='grc' dir='ltr'><strong>τῆς</strong></span> <span class='ocrx_word' id='word_1_344' title='bbox 921 1486 975 1512; x_wconf 84' lang='grc' dir='ltr'><strong>τῶν</strong></span> 
     </span>
    </p>
   </div>
   <div class='ocr_carea' id='block_1_45' title="bbox 188 1531 976 1567">
    <p class='ocr_par' dir='ltr' id='par_1_45' title="bbox 188 1531 976 1567">
     <span class='ocr_line' id='line_1_45' title="bbox 188 1531 976 1567; baseline 0.001 -10"><span class='ocrx_word' id='word_1_345' title='bbox 188 1531 311 1564; x_wconf 79' lang='grc' dir='ltr'>πενήτων</span> <span class='ocrx_word' id='word_1_346' title='bbox 327 1531 465 1566; x_wconf 80' lang='grc' dir='ltr'>ἁρπαγῆς,</span> <span class='ocrx_word' id='word_1_347' title='bbox 480 1532 591 1566; x_wconf 78' lang='grc' dir='ltr'>ἐρίφους</span> <span class='ocrx_word' id='word_1_348' title='bbox 611 1541 641 1558; x_wconf 86' lang='grc' dir='ltr'><strong>τε</strong></span> <span class='ocrx_word' id='word_1_349' title='bbox 662 1533 709 1559; x_wconf 79' lang='grc' dir='ltr'>καὶ</span> <span class='ocrx_word' id='word_1_350' title='bbox 723 1532 786 1567; x_wconf 79' lang='grc' dir='ltr'>βόας</span> <span class='ocrx_word' id='word_1_351' title='bbox 803 1532 849 1558; x_wconf 85' lang='grc' dir='ltr'>καί</span> <span class='ocrx_word' id='word_1_352' title='bbox 863 1533 976 1558; x_wconf 74' lang='grc' dir='ltr'>παντοῖα</span> 
     </span>
    </p>
   </div>
   <div class='ocr_carea' id='block_1_46' title="bbox 188 1576 976 1613">
    <p class='ocr_par' dir='ltr' id='par_1_46' title="bbox 188 1576 976 1613">
     <span class='ocr_line' id='line_1_46' title="bbox 188 1576 976 1613; baseline 0.001 -11"><span class='ocrx_word' id='word_1_353' title='bbox 188 1577 386 1611; x_wconf 69' lang='grc' dir='ltr'>κατεσφάττετε</span> <span class='ocrx_word' id='word_1_354' title='bbox 406 1576 464 1608; x_wconf 83' lang='grc' dir='ltr'>ζῶα</span> <span class='ocrx_word' id='word_1_355' title='bbox 504 1578 626 1613; x_wconf 84' lang='grc' dir='ltr'>ὀργάνων</span> <span class='ocrx_word' id='word_1_356' title='bbox 649 1587 679 1604; x_wconf 86' lang='grc' dir='ltr'><strong>τε</strong></span> <span class='ocrx_word' id='word_1_357' title='bbox 702 1578 785 1613; x_wconf 83' lang='grc' dir='ltr'>ᾠδαῖς</span> <span class='ocrx_word' id='word_1_358' title='bbox 807 1578 854 1604; x_wconf 72' lang='grc' dir='ltr'>καὶ</span> <span class='ocrx_word' id='word_1_359' title='bbox 870 1577 976 1612; x_wconf 83' lang='grc' dir='ltr'>κρότοις</span> 
     </span>
    </p>
   </div>
   <div class='ocr_carea' id='block_1_47' title="bbox 188 1621 975 1659">
    <p class='ocr_par' dir='ltr' id='par_1_47' title="bbox 188 1621 975 1659">
     <span class='ocr_line' id='line_1_47' title="bbox 188 1621 975 1659; baseline 0.001 -11"><span class='ocrx_word' id='word_1_360' title='bbox 188 1622 350 1657; x_wconf 74' lang='grc' dir='ltr'>κεχρημένοι</span> <span class='ocrx_word' id='word_1_361' title='bbox 362 1623 472 1658; x_wconf 74' lang='grc' dir='ltr'><strong>χειρῶν⁸</strong></span> <span class='ocrx_word' id='word_1_362' title='bbox 484 1621 554 1649; x_wconf 78' lang='grc' dir='ltr'>οἶνόν</span> <span class='ocrx_word' id='word_1_363' title='bbox 567 1632 596 1650; x_wconf 89' lang='grc' dir='ltr'><strong>τε</strong></span> <span class='ocrx_word' id='word_1_364' title='bbox 609 1623 796 1659; x_wconf 76' lang='grc' dir='ltr'>προσφέρεσοε</span> <span class='ocrx_word' id='word_1_365' title='bbox 807 1623 975 1657; x_wconf 79' lang='grc' dir='ltr'>διυλισμένον</span> 
     </span>
    </p>
   </div>
   <div class='ocr_carea' id='block_1_48' title="bbox 188 1668 974 1704">
    <p class='ocr_par' dir='ltr' id='par_1_48' title="bbox 188 1668 974 1704">
     <span class='ocr_line' id='line_1_48' title="bbox 188 1668 974 1704; baseline 0.001 -10"><span class='ocrx_word' id='word_1_366' title='bbox 188 1669 226 1700; x_wconf 83' lang='grc' dir='ltr'>ὠς</span> <span class='ocrx_word' id='word_1_367' title='bbox 239 1668 271 1695; x_wconf 83' lang='grc' dir='ltr'>ἂν</span> <span class='ocrx_word' id='word_1_368' title='bbox 287 1668 406 1700; x_wconf 80' lang='grc' dir='ltr'>πλείονος</span> <span class='ocrx_word' id='word_1_369' title='bbox 429 1669 493 1703; x_wconf 83' lang='grc' dir='ltr'>ὑμῖν</span> <span class='ocrx_word' id='word_1_370' title='bbox 517 1669 695 1704; x_wconf 78' lang='grc' dir='ltr'>ἐμφορεῖσθαι</span> <span class='ocrx_word' id='word_1_371' title='bbox 718 1669 829 1696; x_wconf 80' lang='grc' dir='ltr'>δυνατὸν</span> <span class='ocrx_word' id='word_1_372' title='bbox 844 1669 955 1704; x_wconf 85' lang='grc' dir='ltr'>ὑπάρχῃ</span> <span class='ocrx_word' id='word_1_373' title='bbox 968 1677 974 1682; x_wconf 94' lang='grc'><strong>·</strong></span> 
     </span>
    </p>
   </div>
   <div class='ocr_carea' id='block_1_49' title="bbox 189 1714 976 1750">
    <p class='ocr_par' dir='ltr' id='par_1_49' title="bbox 189 1714 976 1750">
     <span class='ocr_line' id='line_1_49' title="bbox 189 1714 976 1750; baseline 0 -10"><span class='ocrx_word' id='word_1_374' title='bbox 189 1715 236 1741; x_wconf 78' lang='grc' dir='ltr'>καὶ</span> <span class='ocrx_word' id='word_1_375' title='bbox 250 1715 282 1750; x_wconf 86' lang='grc' dir='ltr'>δὴ</span> <span class='ocrx_word' id='word_1_376' title='bbox 305 1715 354 1741; x_wconf 79' lang='grc' dir='ltr'>καὶ</span> <span class='ocrx_word' id='word_1_377' title='bbox 368 1714 466 1750; x_wconf 89' lang='grc' dir='ltr'>μύροις</span> <span class='ocrx_word' id='word_1_378' title='bbox 479 1715 661 1750; x_wconf 74' lang='grc' dir='ltr'>καταχρίεσθε</span> <span class='ocrx_word' id='word_1_379' title='bbox 680 1714 816 1745; x_wconf 80' lang='grc' dir='ltr'>ἐκλεκτοῖς</span> <span class='ocrx_word' id='word_1_380' title='bbox 826 1723 833 1730; x_wconf 88' lang='grc'><strong>·</strong></span> <span class='ocrx_word' id='word_1_381' title='bbox 851 1716 898 1741; x_wconf 85' lang='grc' dir='ltr'><strong>καὶ</strong></span> <span class='ocrx_word' id='word_1_382' title='bbox 911 1714 976 1740; x_wconf 82' lang='grc' dir='ltr'><strong>ταῦ-</strong></span> 
     </span>
    </p>
   </div>
   <div class='ocr_carea' id='block_1_50' title="bbox 188 1759 976 1795">
    <p class='ocr_par' dir='ltr' id='par_1_50' title="bbox 188 1759 976 1795">
     <span class='ocr_line' id='line_1_50' title="bbox 188 1759 976 1795; baseline 0.001 -10"><span class='ocrx_word' id='word_1_383' title='bbox 188 1767 223 1786; x_wconf 84' lang='grc' dir='ltr'><strong>τα</strong></span> <span class='ocrx_word' id='word_1_384' title='bbox 235 1759 267 1794; x_wconf 85' lang='grc' dir='ltr'>δὴ</span> <span class='ocrx_word' id='word_1_385' title='bbox 285 1759 422 1794; x_wconf 78' lang='grc' dir='ltr'>μετῄειτε,</span> <span class='ocrx_word' id='word_1_386' title='bbox 435 1759 572 1794; x_wconf 83' lang='grc' dir='ltr'>διαμένειν</span> <span class='ocrx_word' id='word_1_387' title='bbox 587 1760 652 1794; x_wconf 82' lang='grc' dir='ltr'>ὑμῖν</span> <span class='ocrx_word' id='word_1_388' title='bbox 665 1760 713 1795; x_wconf 81' lang='grc' dir='ltr'>τὴν</span> <span class='ocrx_word' id='word_1_389' title='bbox 728 1760 876 1787; x_wconf 82' lang='grc' dir='ltr'>ἀπόλαυσιν</span> <span class='ocrx_word' id='word_1_390' title='bbox 885 1760 976 1786; x_wconf 77' lang='grc' dir='ltr'>αὐτῶν</span> 
     </span>
    </p>
   </div>
   <div class='ocr_carea' id='block_1_51' title="bbox 190 1804 974 1841">
    <p class='ocr_par' dir='ltr' id='par_1_51' title="bbox 190 1804 974 1841">
     <span class='ocr_line' id='line_1_51' title="bbox 190 1804 974 1841; baseline 0.001 -10"><span class='ocrx_word' id='word_1_391' title='bbox 190 1804 402 1839; x_wconf 77' lang='grc' dir='ltr'>προσδοκῶντες,</span> <span class='ocrx_word' id='word_1_392' title='bbox 414 1805 461 1831; x_wconf 77' lang='grc' dir='ltr'>καὶ</span> <span class='ocrx_word' id='word_1_393' title='bbox 471 1805 531 1832; x_wconf 79' lang='grc' dir='ltr'>οὐδὲ</span> <span class='ocrx_word' id='word_1_394' title='bbox 548 1805 657 1833; x_wconf 83' lang='grc' dir='ltr'>πώποτε</span> <span class='ocrx_word' id='word_1_395' title='bbox 671 1805 748 1841; x_wconf 86' lang='grc' dir='ltr'>ὑμῶν</span> <span class='ocrx_word' id='word_1_396' title='bbox 760 1805 974 1841; x_wconf 77' lang='grc' dir='ltr'>ἀποστήσεσθαι,</span> 
     </span>
    </p>
   </div>
   <div class='ocr_carea' id='block_1_52' title="bbox 189 1849 973 1885">
    <p class='ocr_par' dir='ltr' id='par_1_52' title="bbox 189 1849 973 1885">
     <span class='ocr_line' id='line_1_52' title="bbox 189 1849 973 1885; baseline 0.003 -10"><span class='ocrx_word' id='word_1_397' title='bbox 189 1850 238 1876; x_wconf 73' lang='grc' dir='ltr'>οὐκ</span> <span class='ocrx_word' id='word_1_398' title='bbox 254 1849 474 1884; x_wconf 79' lang='grc' dir='ltr'>ἀναλογιζόμενοί</span> <span class='ocrx_word' id='word_1_399' title='bbox 497 1859 527 1877; x_wconf 87' lang='grc' dir='ltr'><strong>τε</strong></span> <span class='ocrx_word' id='word_1_400' title='bbox 550 1851 610 1877; x_wconf 81' lang='grc' dir='ltr'>οἵαν</span> <span class='ocrx_word' id='word_1_401' title='bbox 629 1850 689 1877; x_wconf 84' lang='grc' dir='ltr'>τινὰ</span> <span class='ocrx_word' id='word_1_402' title='bbox 709 1851 778 1885; x_wconf 79' lang='grc' dir='ltr'>ὑπὲρ</span> <span class='ocrx_word' id='word_1_403' title='bbox 794 1851 895 1877; x_wconf 72' lang='grc' dir='ltr'>τούτων</span> <span class='ocrx_word' id='word_1_404' title='bbox 908 1852 973 1877; x_wconf 86' lang='grc' dir='ltr'>ὑπο-</span> 
     </span>
    </p>
   </div>
   <div class='ocr_carea' id='block_1_53' title="bbox 191 1895 976 1932">
    <p class='ocr_par' dir='ltr' id='par_1_53' title="bbox 191 1895 976 1932">
     <span class='ocr_line' id='line_1_53' title="bbox 191 1895 976 1932; baseline 0.004 -12"><span class='ocrx_word' id='word_1_405' title='bbox 191 1895 295 1930; x_wconf 70' lang='grc' dir='ltr'>μενεῖτε</span> <span class='ocrx_word' id='word_1_406' title='bbox 316 1896 366 1929; x_wconf 76' lang='grc' dir='ltr'><strong>τὴν</strong></span> <span class='ocrx_word' id='word_1_407' title='bbox 389 1896 525 1931; x_wconf 76' lang='grc' dir='ltr'>τιμωρίαν</span> <span class='ocrx_word' id='word_1_408' title='bbox 539 1904 545 1910; x_wconf 78' lang='grc'>³</span> <span class='ocrx_word' id='word_1_409' title='bbox 572 1896 718 1931; x_wconf 80' lang='grc' dir='ltr'>συντριϐὴν</span> <span class='ocrx_word' id='word_1_410' title='bbox 737 1897 791 1931; x_wconf 77' lang='grc' dir='ltr'><strong>γὰρ</strong></span> <span class='ocrx_word' id='word_1_411' title='bbox 805 1896 851 1922; x_wconf 82' lang='grc' dir='ltr'>τοῦ</span> <span class='ocrx_word' id='word_1_412' title='bbox 878 1897 976 1932; x_wconf 68' lang='grc' dir='ltr'>Ἰωσὴφ</span> 
     </span>
    </p>
   </div>
   <div class='ocr_carea' id='block_1_54' title="bbox 190 1939 976 1975">
    <p class='ocr_par' dir='ltr' id='par_1_54' title="bbox 190 1939 976 1975">
     <span class='ocr_line' id='line_1_54' title="bbox 190 1939 976 1975; baseline 0.003 -10"><span class='ocrx_word' id='word_1_413' title='bbox 190 1939 327 1966; x_wconf 75' lang='grc' dir='ltr'>κάνταῦθα</span> <span class='ocrx_word' id='word_1_414' title='bbox 343 1939 424 1966; x_wconf 80' lang='grc' dir='ltr'>πάλιν</span> <span class='ocrx_word' id='word_1_415' title='bbox 441 1940 496 1967; x_wconf 78' lang='grc' dir='ltr'><strong>ἀπὸ</strong></span> <span class='ocrx_word' id='word_1_416' title='bbox 510 1940 609 1975; x_wconf 82' lang='grc' dir='ltr'>μέρους</span> <span class='ocrx_word' id='word_1_417' title='bbox 622 1941 684 1972; x_wconf 74' lang='grc' dir='ltr'>τοὺς</span> <span class='ocrx_word' id='word_1_418' title='bbox 703 1941 805 1972; x_wconf 78' lang='grc' dir='ltr'>πάντας</span> <span class='ocrx_word' id='word_1_419' title='bbox 821 1941 893 1974; x_wconf 80' lang='grc' dir='ltr'>λέγει</span> <span class='ocrx_word' id='word_1_420' title='bbox 907 1949 914 1956; x_wconf 90' lang='grc'><strong>·</strong></span> <span class='ocrx_word' id='word_1_421' title='bbox 933 1941 976 1967; x_wconf 85' lang='grc' dir='ltr'><strong>ἴνα</strong></span> 
     </span>
    </p>
   </div>
   <div class='ocr_carea' id='block_1_55' title="bbox 190 1985 975 2021">
    <p class='ocr_par' dir='ltr' id='par_1_55' title="bbox 190 1985 975 2021">
     <span class='ocr_line' id='line_1_55' title="bbox 190 1985 975 2021; baseline 0.001 -10"><span class='ocrx_word' id='word_1_422' title='bbox 190 1985 264 2020; x_wconf 79' lang='grc' dir='ltr'>εἴπῃ.</span> <span class='ocrx_word' id='word_1_423' title='bbox 280 1985 320 2010; x_wconf 78' lang='grc' dir='ltr'>ὅτι</span> <span class='ocrx_word' id='word_1_424' title='bbox 338 1985 384 2016; x_wconf 81' lang='grc' dir='ltr'>Εἰς</span> <span class='ocrx_word' id='word_1_425' title='bbox 399 1985 504 2012; x_wconf 76' lang='grc' dir='ltr'>ἔννοιαν</span> <span class='ocrx_word' id='word_1_426' title='bbox 520 1986 551 2012; x_wconf 80' lang='grc' dir='ltr'>οὐ</span> <span class='ocrx_word' id='word_1_427' title='bbox 570 1986 722 2020; x_wconf 74' lang='grc' dir='ltr'>λαμϐάνετε</span> <span class='ocrx_word' id='word_1_428' title='bbox 738 1986 787 2021; x_wconf 82' lang='grc' dir='ltr'>τὴν</span> <span class='ocrx_word' id='word_1_429' title='bbox 803 1986 850 2013; x_wconf 89' lang='grc' dir='ltr'>νῦν</span> <span class='ocrx_word' id='word_1_430' title='bbox 868 1994 975 2021; x_wconf 89' lang='grc' dir='ltr'>συντρι-</span> 
     </span>
    </p>
   </div>
   <div class='ocr_carea' id='block_1_56' title="bbox 191 2029 976 2066">
    <p class='ocr_par' dir='ltr' id='par_1_56' title="bbox 191 2029 976 2066">
     <span class='ocr_line' id='line_1_56' title="bbox 191 2029 976 2066; baseline 0.004 -12"><span class='ocrx_word' id='word_1_431' title='bbox 191 2030 250 2064; x_wconf 75' lang='grc' dir='ltr'><strong>ϐὴν,</strong></span> <span class='ocrx_word' id='word_1_432' title='bbox 268 2030 300 2064; x_wconf 83' lang='grc' dir='ltr'>ἢν</span> <span class='ocrx_word' id='word_1_433' title='bbox 311 2029 381 2064; x_wconf 85' lang='grc' dir='ltr'>ὺπέρ</span> <span class='ocrx_word' id='word_1_434' title='bbox 394 2030 495 2056; x_wconf 81' lang='grc' dir='ltr'>τούτων</span> <span class='ocrx_word' id='word_1_435' title='bbox 507 2030 676 2066; x_wconf 82' lang='grc' dir='ltr'>ὑπομενεῖτε.</span> <span class='ocrx_word' id='word_1_436' title='bbox 693 2031 730 2065; x_wconf 90' lang='lat' dir='ltr'><strong>(p.</strong></span> <span class='ocrx_word' id='word_1_437' title='bbox 744 2031 806 2064; x_wconf 71' lang='lat'><strong>186)</strong></span> <span class='ocrx_word' id='word_1_438' title='bbox 824 2031 886 2057; x_wconf 77' lang='grc' dir='ltr'><strong>«Διά</strong></span> <span class='ocrx_word' id='word_1_439' title='bbox 897 2031 976 2057; x_wconf 79' lang='grc' dir='ltr'>τοῦτο</span> 
     </span>
    </p>
   </div>
   <div class='ocr_carea' id='block_1_57' title="bbox 191 2074 974 2111">
    <p class='ocr_par' dir='ltr' id='par_1_57' title="bbox 191 2074 974 2111">
     <span class='ocr_line' id='line_1_57' title="bbox 191 2074 974 2111; baseline 0.003 -10"><span class='ocrx_word' id='word_1_440' title='bbox 191 2074 237 2101; x_wconf 77' lang='grc' dir='ltr'>νῦν</span> <span class='ocrx_word' id='word_1_441' title='bbox 249 2075 417 2110; x_wconf 76' lang='grc' dir='ltr'>αἰχμάλωτοι</span> <span class='ocrx_word' id='word_1_442' title='bbox 431 2075 536 2102; x_wconf 78' lang='grc' dir='ltr'>ἔσονται</span> <span class='ocrx_word' id='word_1_443' title='bbox 548 2077 596 2102; x_wconf 75' lang='grc' dir='ltr'>ἀπ’</span> <span class='ocrx_word' id='word_1_444' title='bbox 608 2077 694 2111; x_wconf 82' lang='grc' dir='ltr'>ἀρχῆς</span> <span class='ocrx_word' id='word_1_445' title='bbox 705 2076 854 2108; x_wconf 82' lang='grc' dir='ltr'>δυναστῶν,</span> <span class='ocrx_word' id='word_1_446' title='bbox 869 2078 916 2104; x_wconf 82' lang='grc' dir='ltr'>καὶ</span> <span class='ocrx_word' id='word_1_447' title='bbox 930 2076 974 2108; x_wconf 79' lang='grc' dir='ltr'><strong>ἐξ-</strong></span> 
     </span>
    </p>
   </div>
   <div class='ocr_carea' id='block_1_58' title="bbox 191 2120 976 2156">
    <p class='ocr_par' dir='ltr' id='par_1_58' title="bbox 191 2120 976 2156">
     <span class='ocr_line' id='line_1_58' title="bbox 191 2120 976 2156; baseline 0.003 -10"><span class='ocrx_word' id='word_1_448' title='bbox 191 2120 338 2155; x_wconf 77' lang='grc' dir='ltr'>αρθήσεται</span> <span class='ocrx_word' id='word_1_449' title='bbox 348 2121 528 2156; x_wconf 81' lang='grc' dir='ltr'>χρεμετισμὸς</span> <span class='ocrx_word' id='word_1_450' title='bbox 539 2121 631 2148; x_wconf 83' lang='grc' dir='ltr'>ἵππων</span> <span class='ocrx_word' id='word_1_451' title='bbox 642 2121 671 2153; x_wconf 82' lang='grc' dir='ltr'>ἐξ</span> <span class='ocrx_word' id='word_1_452' title='bbox 688 2122 815 2156; x_wconf 84' lang='grc' dir='ltr'>Ἐφραίμ·</span> <span class='ocrx_word' id='word_1_453' title='bbox 833 2122 875 2148; x_wconf 84' lang='grc' dir='ltr'>ὅτι</span> <span class='ocrx_word' id='word_1_454' title='bbox 885 2121 976 2156; x_wconf 76' lang='grc' dir='ltr'>ὤμοσε</span> 
     </span>
    </p>
   </div>
   <div class='ocr_carea' id='block_1_59' title="bbox 192 2165 973 2202">
    <p class='ocr_par' dir='ltr' id='par_1_59' title="bbox 192 2165 973 2202">
     <span class='ocr_line' id='line_1_59' title="bbox 192 2165 973 2202; baseline 0 -11"><span class='ocrx_word' id='word_1_455' title='bbox 192 2165 293 2200; x_wconf 81' lang='grc' dir='ltr'>Κύριος</span> <span class='ocrx_word' id='word_1_456' title='bbox 307 2166 367 2192; x_wconf 77' lang='grc' dir='ltr'>καθ’</span> <span class='ocrx_word' id='word_1_457' title='bbox 388 2166 485 2192; x_wconf 81' lang='grc' dir='ltr'>ἐαυτοῦ</span> <span class='ocrx_word' id='word_1_458' title='bbox 497 2165 585 2200; x_wconf 83' lang='grc' dir='ltr'>λέγων</span> <span class='ocrx_word' id='word_1_459' title='bbox 595 2175 602 2181; x_wconf 91' lang='grc'><strong>·</strong></span> <span class='ocrx_word' id='word_1_460' title='bbox 621 2166 722 2202; x_wconf 85' lang='grc' dir='ltr'>Κύριος</span> <span class='ocrx_word' id='word_1_461' title='bbox 736 2166 751 2192; x_wconf 87' lang='grc' dir='ltr'><strong>ὀ</strong></span> <span class='ocrx_word' id='word_1_462' title='bbox 763 2166 828 2198; x_wconf 79' lang='grc' dir='ltr'>Θεὸς</span> <span class='ocrx_word' id='word_1_463' title='bbox 855 2166 909 2192; x_wconf 89' lang='grc' dir='ltr'><strong>τῶν</strong></span> <span class='ocrx_word' id='word_1_464' title='bbox 931 2166 973 2191; x_wconf 82' lang='grc' dir='ltr'>δυ·</span> 
     </span>
    </p>
   </div>
   <div class='ocr_carea' id='block_1_60' title="bbox 194 2211 975 2246">
    <p class='ocr_par' dir='ltr' id='par_1_60' title="bbox 194 2211 975 2246">
     <span class='ocr_line' id='line_1_60' title="bbox 194 2211 975 2246; baseline 0 -9"><span class='ocrx_word' id='word_1_465' title='bbox 194 2211 318 2246; x_wconf 76' lang='grc' dir='ltr'>νάμεων,</span> <span class='ocrx_word' id='word_1_466' title='bbox 342 2211 409 2238; x_wconf 84' lang='grc' dir='ltr'>διότι</span> <span class='ocrx_word' id='word_1_467' title='bbox 434 2211 611 2246; x_wconf 77' lang='grc' dir='ltr'>βδελύσσομαι</span> <span class='ocrx_word' id='word_1_468' title='bbox 630 2212 685 2246; x_wconf 79' lang='grc' dir='ltr'>ἐγὼ</span> <span class='ocrx_word' id='word_1_469' title='bbox 711 2212 799 2238; x_wconf 79' lang='grc' dir='ltr'>πᾶσαν</span> <span class='ocrx_word' id='word_1_470' title='bbox 823 2212 872 2246; x_wconf 83' lang='grc' dir='ltr'>τὴν</span> <span class='ocrx_word' id='word_1_471' title='bbox 897 2211 975 2246; x_wconf 75' lang='grc' dir='ltr'>ὓϐριν</span> 
     </span>
    </p>
   </div>
   <div class='ocr_carea' id='block_1_61' title="bbox 198 2255 976 2292">
    <p class='ocr_par' dir='ltr' id='par_1_61' title="bbox 198 2255 976 2292">
     <span class='ocr_line' id='line_1_61' title="bbox 198 2255 976 2292; baseline 0 -10"><span class='ocrx_word' id='word_1_472' title='bbox 198 2255 302 2288; x_wconf 67' lang='grc' dir='ltr'>Ἰακὼὸ,</span> <span class='ocrx_word' id='word_1_473' title='bbox 319 2257 366 2283; x_wconf 78' lang='grc' dir='ltr'><strong>καὶ</strong></span> <span class='ocrx_word' id='word_1_474' title='bbox 379 2256 429 2288; x_wconf 71' lang='grc' dir='ltr'><strong>τὰς</strong></span> <span class='ocrx_word' id='word_1_475' title='bbox 444 2256 536 2292; x_wconf 83' lang='grc' dir='ltr'>χώρας</span> <span class='ocrx_word' id='word_1_476' title='bbox 549 2257 631 2283; x_wconf 73' lang='grc' dir='ltr'>αὐτοϋ</span> <span class='ocrx_word' id='word_1_477' title='bbox 647 2257 798 2292; x_wconf 77' lang='grc' dir='ltr'>μεμίσηκα,</span> <span class='ocrx_word' id='word_1_478' title='bbox 815 2257 862 2283; x_wconf 83' lang='grc' dir='ltr'><strong>καὶ</strong></span> <span class='ocrx_word' id='word_1_479' title='bbox 886 2256 976 2292; x_wconf 78' lang='grc' dir='ltr'>ἐξαρῶ</span> 
     </span>
    </p>
   </div>
   <div class='ocr_carea' id='block_1_62' title="bbox 193 2301 976 2337">
    <p class='ocr_par' dir='ltr' id='par_1_62' title="bbox 193 2301 976 2337">
     <span class='ocr_line' id='line_1_62' title="bbox 193 2301 976 2337; baseline 0.003 -11"><span class='ocrx_word' id='word_1_480' title='bbox 193 2301 266 2326; x_wconf 70' lang='grc' dir='ltr'>πόλιν</span> <span class='ocrx_word' id='word_1_481' title='bbox 283 2301 330 2327; x_wconf 69' lang='grc' dir='ltr'>σὺν</span> <span class='ocrx_word' id='word_1_482' title='bbox 345 2301 412 2327; x_wconf 77' lang='grc' dir='ltr'>πᾶσι</span> <span class='ocrx_word' id='word_1_483' title='bbox 424 2302 479 2333; x_wconf 81' lang='grc' dir='ltr'>τοῖς</span> <span class='ocrx_word' id='word_1_484' title='bbox 488 2302 659 2328; x_wconf 76' lang='grc' dir='ltr'>κατοικοῦσιν</span> <span class='ocrx_word' id='word_1_485' title='bbox 673 2302 783 2336; x_wconf 79' lang='grc' dir='ltr'>αὐτήν.»</span> <span class='ocrx_word' id='word_1_486' title='bbox 804 2301 910 2336; x_wconf 80' lang='grc' dir='ltr'>Ἐπειδὴ</span> <span class='ocrx_word' id='word_1_487' title='bbox 922 2301 976 2337; x_wconf 72' lang='grc' dir='ltr'><strong>γὰρ</strong></span> 
     </span>
    </p>
   </div>
   <div class='ocr_carea' id='block_1_63' title="bbox 192 2345 975 2383">
    <p class='ocr_par' dir='ltr' id='par_1_63' title="bbox 192 2345 975 2383">
     <span class='ocr_line' id='line_1_63' title="bbox 192 2345 975 2383; baseline 0.004 -13"><span class='ocrx_word' id='word_1_488' title='bbox 192 2345 283 2372; x_wconf 68' lang='grc' dir='ltr'>οὐδένα</span> <span class='ocrx_word' id='word_1_489' title='bbox 308 2346 386 2376; x_wconf 78' lang='grc' dir='ltr'>λόγον</span> <span class='ocrx_word' id='word_1_490' title='bbox 408 2346 460 2372; x_wconf 84' lang='grc' dir='ltr'><strong>τῶν</strong></span> <span class='ocrx_word' id='word_1_491' title='bbox 477 2347 679 2382; x_wconf 79' lang='grc' dir='ltr'>ἀπειλουμένων</span> <span class='ocrx_word' id='word_1_492' title='bbox 696 2347 814 2374; x_wconf 80' lang='grc' dir='ltr'>ποιεῖσθε</span> <span class='ocrx_word' id='word_1_493' title='bbox 828 2367 835 2379; x_wconf 84' lang='grc'><em>,</em></span> <span class='ocrx_word' id='word_1_494' title='bbox 859 2348 926 2383; x_wconf 78' lang='grc' dir='ltr'>αὐτῇ</span> <span class='ocrx_word' id='word_1_495' title='bbox 943 2349 975 2383; x_wconf 83' lang='grc' dir='ltr'>τῇ</span> 
     </span>
    </p>
   </div>
   <div class='ocr_carea' id='block_1_64' title="bbox 192 2391 975 2428">
    <p class='ocr_par' dir='ltr' id='par_1_64' title="bbox 192 2391 975 2428">
     <span class='ocr_line' id='line_1_64' title="bbox 192 2391 975 2428; baseline 0.005 -13"><span class='ocrx_word' id='word_1_496' title='bbox 192 2391 272 2426; x_wconf 63' lang='grc' dir='ltr'>πείρᾳ</span> <span class='ocrx_word' id='word_1_497' title='bbox 285 2391 420 2424; x_wconf 82' lang='grc' dir='ltr'>γνώσεσθε</span> <span class='ocrx_word' id='word_1_498' title='bbox 433 2393 485 2418; x_wconf 86' lang='grc' dir='ltr'><strong>τῶν</strong></span> <span class='ocrx_word' id='word_1_499' title='bbox 498 2393 672 2428; x_wconf 80' lang='grc' dir='ltr'>μηνυομένων</span> <span class='ocrx_word' id='word_1_500' title='bbox 688 2392 737 2428; x_wconf 81' lang='grc' dir='ltr'><strong>τὴν</strong></span> <span class='ocrx_word' id='word_1_501' title='bbox 756 2393 893 2428; x_wconf 82' lang='grc' dir='ltr'>ἀλήθειαν·</span> <span class='ocrx_word' id='word_1_502' title='bbox 923 2393 975 2419; x_wconf 86' lang='grc' dir='ltr'>ἀπ-</span> 
     </span>
    </p>
   </div>
   <div class='ocr_carea' id='block_1_65' title="bbox 193 2436 975 2474">
    <p class='ocr_par' dir='ltr' id='par_1_65' title="bbox 193 2436 975 2474">
     <span class='ocr_line' id='line_1_65' title="bbox 193 2436 975 2474; baseline 0.004 -13"><span class='ocrx_word' id='word_1_503' title='bbox 193 2436 345 2470; x_wconf 77' lang='grc' dir='ltr'>αχθήσεσθε</span> <span class='ocrx_word' id='word_1_504' title='bbox 361 2437 414 2472; x_wconf 76' lang='grc' dir='ltr'><strong>γὰρ</strong></span> <span class='ocrx_word' id='word_1_505' title='bbox 437 2438 554 2469; x_wconf 72' lang='grc' dir='ltr'>ἅπαντες</span> <span class='ocrx_word' id='word_1_506' title='bbox 570 2439 735 2473; x_wconf 76' lang='grc' dir='ltr'>αἰχμάλωτοι</span> <span class='ocrx_word' id='word_1_507' title='bbox 761 2439 813 2465; x_wconf 73' lang='grc' dir='ltr'><strong>ὑπὸ</strong></span> <span class='ocrx_word' id='word_1_508' title='bbox 839 2439 975 2474; x_wconf 80' lang='grc' dir='ltr'>ἀρχόντων</span> 
     </span>
    </p>
   </div>
   <div class='ocr_carea' id='block_1_66' title="bbox 193 2481 976 2519">
    <p class='ocr_par' dir='ltr' id='par_1_66' title="bbox 193 2481 976 2519">
     <span class='ocr_line' id='line_1_66' title="bbox 193 2481 976 2519; baseline 0.004 -12"><span class='ocrx_word' id='word_1_509' title='bbox 193 2481 304 2517; x_wconf 79' lang='grc' dir='ltr'>δύναμιν</span> <span class='ocrx_word' id='word_1_510' title='bbox 337 2483 576 2518; x_wconf 77' lang='grc' dir='ltr'>περιϐεῦλημένων</span> <span class='ocrx_word' id='word_1_511' title='bbox 607 2483 726 2519; x_wconf 77' lang='grc' dir='ltr'>πολλήν·</span> <span class='ocrx_word' id='word_1_512' title='bbox 755 2483 826 2510; x_wconf 78' lang='grc' dir='ltr'>ὥστε</span> <span class='ocrx_word' id='word_1_513' title='bbox 856 2484 904 2510; x_wconf 80' lang='grc' dir='ltr'>καὶ</span> <span class='ocrx_word' id='word_1_514' title='bbox 927 2483 976 2518; x_wconf 85' lang='grc' dir='ltr'>τὴν</span> 
     </span>
    </p>
   </div>
   <div class='ocr_carea' id='block_1_67' title="bbox 194 2527 977 2563">
    <p class='ocr_par' dir='ltr' id='par_1_67' title="bbox 194 2527 977 2563">
     <span class='ocr_line' id='line_1_67' title="bbox 194 2527 977 2563; baseline 0.005 -12"><span class='ocrx_word' id='word_1_515' title='bbox 194 2527 368 2562; x_wconf 78' lang='grc' dir='ltr'>παρασκευὴν</span> <span class='ocrx_word' id='word_1_516' title='bbox 392 2529 455 2562; x_wconf 85' lang='grc' dir='ltr'>ὑμῖν</span> <span class='ocrx_word' id='word_1_517' title='bbox 478 2529 528 2563; x_wconf 76' lang='grc' dir='ltr'>τὴν</span> <span class='ocrx_word' id='word_1_518' title='bbox 550 2529 699 2563; x_wconf 77' lang='grc' dir='ltr'>πολεμικὴν</span> <span class='ocrx_word' id='word_1_519' title='bbox 728 2529 776 2555; x_wconf 62' lang='grc' dir='ltr'>σὺν</span> <span class='ocrx_word' id='word_1_520' title='bbox 801 2530 855 2560; x_wconf 86' lang='grc' dir='ltr'>τοῖς</span> <span class='ocrx_word' id='word_1_521' title='bbox 883 2529 977 2560; x_wconf 67' lang='grc' dir='ltr'>ἵπποις</span> 
     </span>
    </p>
   </div>
   <div class='ocr_carea' id='block_1_68' title="bbox 194 2571 976 2609">
    <p class='ocr_par' dir='ltr' id='par_1_68' title="bbox 194 2571 976 2609">
     <span class='ocr_line' id='line_1_68' title="bbox 194 2571 976 2609; baseline 0.004 -12"><span class='ocrx_word' id='word_1_522' title='bbox 194 2571 372 2606; x_wconf 74' lang='grc' dir='ltr'>ἀφανισθῆναι</span> <span class='ocrx_word' id='word_1_523' title='bbox 389 2573 537 2606; x_wconf 65' lang='grc' dir='ltr'>παντελῶς</span> <span class='ocrx_word' id='word_1_524' title='bbox 553 2574 647 2609; x_wconf 81' lang='grc' dir='ltr'>ἐπειδὴ</span> <span class='ocrx_word' id='word_1_525' title='bbox 659 2574 713 2609; x_wconf 73' lang='grc' dir='ltr'><strong>γὰρ</strong></span> <span class='ocrx_word' id='word_1_526' title='bbox 731 2575 820 2601; x_wconf 72' lang='grc' dir='ltr'>πᾶσαν</span> <span class='ocrx_word' id='word_1_527' title='bbox 836 2574 914 2609; x_wconf 78' lang='grc' dir='ltr'>ὑμῶν</span> <span class='ocrx_word' id='word_1_528' title='bbox 928 2575 976 2608; x_wconf 79' lang='grc' dir='ltr'>τὴν</span> 
     </span>
    </p>
   </div>
   <div class='ocr_carea' id='block_1_69' title="bbox 194 2617 976 2654">
    <p class='ocr_par' dir='ltr' id='par_1_69' title="bbox 194 2617 976 2654">
     <span class='ocr_line' id='line_1_69' title="bbox 194 2617 976 2654; baseline 0.006 -14"><span class='ocrx_word' id='word_1_529' title='bbox 194 2617 363 2650; x_wconf 84' lang='grc' dir='ltr'>παρανομίαν</span> <span class='ocrx_word' id='word_1_530' title='bbox 377 2617 545 2652; x_wconf 76' lang='grc' dir='ltr'>βδελύττεται</span> <span class='ocrx_word' id='word_1_531' title='bbox 557 2618 633 2649; x_wconf 77' lang='grc' dir='ltr'>Θεὸς,</span> <span class='ocrx_word' id='word_1_532' title='bbox 649 2619 682 2653; x_wconf 82' lang='grc' dir='ltr'>ἣν</span> <span class='ocrx_word' id='word_1_533' title='bbox 698 2618 740 2652; x_wconf 76' lang='grc' dir='ltr'>ἐφ’</span> <span class='ocrx_word' id='word_1_534' title='bbox 758 2617 834 2654; x_wconf 71' lang='grc' dir='ltr'>ὕϐρει</span> <span class='ocrx_word' id='word_1_535' title='bbox 851 2627 882 2652; x_wconf 85' lang='grc' dir='ltr'><strong>γε</strong></span> <span class='ocrx_word' id='word_1_536' title='bbox 895 2619 976 2645; x_wconf 80' lang='grc' dir='ltr'>αὑτοῦ</span> 
     </span>
    </p>
   </div>
   <div class='ocr_carea' id='block_1_70' title="bbox 194 2660 976 2699">
    <p class='ocr_par' dir='ltr' id='par_1_70' title="bbox 194 2660 976 2699">
     <span class='ocr_line' id='line_1_70' title="bbox 194 2660 976 2699; baseline 0.005 -13"><span class='ocrx_word' id='word_1_537' title='bbox 194 2660 312 2696; x_wconf 75' lang='grc' dir='ltr'>πληροῦν</span> <span class='ocrx_word' id='word_1_538' title='bbox 326 2663 375 2689; x_wconf 75' lang='grc' dir='ltr'>οὐκ</span> <span class='ocrx_word' id='word_1_539' title='bbox 390 2664 492 2690; x_wconf 83' lang='grc' dir='ltr'>ὀκνεῖτε</span> <span class='ocrx_word' id='word_1_540' title='bbox 518 2664 591 2691; x_wconf 87' lang='grc' dir='ltr'>ὥστε</span> <span class='ocrx_word' id='word_1_541' title='bbox 608 2664 654 2690; x_wconf 82' lang='grc' dir='ltr'>καὶ</span> <span class='ocrx_word' id='word_1_542' title='bbox 669 2663 717 2695; x_wconf 72' lang='grc' dir='ltr'><strong>τὰς</strong></span> <span class='ocrx_word' id='word_1_543' title='bbox 734 2664 824 2695; x_wconf 84' lang='grc' dir='ltr'>πόλεις</span> <span class='ocrx_word' id='word_1_544' title='bbox 837 2665 914 2699; x_wconf 83' lang='grc' dir='ltr'>ὑμῶν</span> <span class='ocrx_word' id='word_1_545' title='bbox 929 2665 976 2690; x_wconf 76' lang='grc' dir='ltr'>καὶ</span> 
     </span>
    </p>
   </div>
   <div class='ocr_carea' id='block_1_71' title="bbox 1024 849 1816 887">
    <p class='ocr_par' dir='ltr' id='par_1_71' title="bbox 1024 849 1816 887">
     <span class='ocr_line' id='line_1_71' title="bbox 1024 849 1816 887; baseline -0.005 -8"><span class='ocrx_word' id='word_1_546' title='bbox 1024 852 1188 887; x_wconf 83' lang='lat' dir='ltr'><strong>pinquantes</strong></span> <span class='ocrx_word' id='word_1_547' title='bbox 1211 856 1238 880; x_wconf 89' lang='lat' dir='ltr'><strong>et</strong></span> <span class='ocrx_word' id='word_1_548' title='bbox 1252 852 1419 887; x_wconf 81' lang='lat' dir='ltr'><strong>attingeutes</strong></span> <span class='ocrx_word' id='word_1_549' title='bbox 1435 852 1503 879; x_wconf 84' lang='lat' dir='ltr'><strong>falsa</strong></span> <span class='ocrx_word' id='word_1_550' title='bbox 1520 851 1657 883; x_wconf 86' lang='lat' dir='ltr'><strong>Sabbata;</strong></span> <span class='ocrx_word' id='word_1_551' title='bbox 1676 849 1816 876; x_wconf 81' lang='lat' dir='ltr'><strong>dormien-</strong></span> 
     </span>
    </p>
   </div>
   <div class='ocr_carea' id='block_1_72' title="bbox 1023 895 1815 930">
    <p class='ocr_par' dir='ltr' id='par_1_72' title="bbox 1023 895 1815 930">
     <span class='ocr_line' id='line_1_72' title="bbox 1023 895 1815 930; baseline -0.005 -5"><span class='ocrx_word' id='word_1_552' title='bbox 1023 901 1066 925; x_wconf 88' lang='lat' dir='ltr'><strong>tes</strong></span> <span class='ocrx_word' id='word_1_553' title='bbox 1091 898 1119 924; x_wconf 91' lang='lat' dir='ltr'><strong>in</strong></span> <span class='ocrx_word' id='word_1_554' title='bbox 1146 897 1225 925; x_wconf 83' lang='lat' dir='ltr'><strong>lectis</strong></span> <span class='ocrx_word' id='word_1_555' title='bbox 1239 898 1385 930; x_wconf 86' lang='lat' dir='ltr'><strong>eburneis,</strong></span> <span class='ocrx_word' id='word_1_556' title='bbox 1411 902 1438 925; x_wconf 89' lang='lat' dir='ltr'><strong>et</strong></span> <span class='ocrx_word' id='word_1_557' title='bbox 1466 897 1641 924; x_wconf 86' lang='lat' dir='ltr'><strong>lascivienles</strong></span> <span class='ocrx_word' id='word_1_558' title='bbox 1667 895 1694 922; x_wconf 93' lang='lat' dir='ltr'><strong>in</strong></span> <span class='ocrx_word' id='word_1_559' title='bbox 1721 895 1815 922; x_wconf 85' lang='lat' dir='ltr'><strong>stratis</strong></span> 
     </span>
    </p>
   </div>
   <div class='ocr_carea' id='block_1_73' title="bbox 1024 941 1818 977">
    <p class='ocr_par' dir='ltr' id='par_1_73' title="bbox 1024 941 1818 977">
     <span class='ocr_line' id='line_1_73' title="bbox 1024 941 1818 977; baseline -0.008 -6"><span class='ocrx_word' id='word_1_560' title='bbox 1024 944 1103 977; x_wconf 89' lang='lat' dir='ltr'><strong>suis;</strong></span> <span class='ocrx_word' id='word_1_561' title='bbox 1118 943 1295 971; x_wconf 87' lang='lat' dir='ltr'><strong>comedentes</strong></span> <span class='ocrx_word' id='word_1_562' title='bbox 1316 943 1408 971; x_wconf 65' lang='lat' dir='ltr'><strong>haedos</strong></span> <span class='ocrx_word' id='word_1_563' title='bbox 1429 943 1463 970; x_wconf 91' lang='lat' dir='ltr'><strong>de</strong></span> <span class='ocrx_word' id='word_1_564' title='bbox 1482 942 1623 977; x_wconf 75' lang='lat' dir='ltr'><strong>gregibus,</strong></span> <span class='ocrx_word' id='word_1_565' title='bbox 1640 944 1666 968; x_wconf 90' lang='lat' dir='ltr'><strong>et</strong></span> <span class='ocrx_word' id='word_1_566' title='bbox 1684 941 1818 968; x_wconf 77' lang='lat' dir='ltr'><strong>lactentes</strong></span> 
     </span>
    </p>
   </div>
   <div class='ocr_carea' id='block_1_74' title="bbox 1023 985 1816 1022">
    <p class='ocr_par' dir='ltr' id='par_1_74' title="bbox 1023 985 1816 1022">
     <span class='ocr_line' id='line_1_74' title="bbox 1023 985 1816 1022; baseline -0.005 -6"><span class='ocrx_word' id='word_1_567' title='bbox 1023 989 1125 1016; x_wconf 83' lang='lat' dir='ltr'><strong>vitulos</strong></span> <span class='ocrx_word' id='word_1_568' title='bbox 1141 988 1175 1015; x_wconf 89' lang='lat' dir='ltr'><strong>de</strong></span> <span class='ocrx_word' id='word_1_569' title='bbox 1196 989 1286 1016; x_wconf 91' lang='lat' dir='ltr'><strong>medio</strong></span> <span class='ocrx_word' id='word_1_570' title='bbox 1307 992 1512 1021; x_wconf 87' lang='lat' dir='ltr'><strong>armentorum;</strong></span> <span class='ocrx_word' id='word_1_571' title='bbox 1536 987 1699 1022; x_wconf 86' lang='lat' dir='ltr'><strong>plaudentes</strong></span> <span class='ocrx_word' id='word_1_572' title='bbox 1720 985 1754 1012; x_wconf 90' lang='lat' dir='ltr'><strong>ad</strong></span> <span class='ocrx_word' id='word_1_573' title='bbox 1767 993 1816 1012; x_wconf 91' lang='lat' dir='ltr'><strong>vo-</strong></span> 
     </span>
    </p>
   </div>
   <div class='ocr_carea' id='block_1_75' title="bbox 1023 1031 1816 1069">
    <p class='ocr_par' dir='ltr' id='par_1_75' title="bbox 1023 1031 1816 1069">
     <span class='ocr_line' id='line_1_75' title="bbox 1023 1031 1816 1069; baseline -0.006 -8"><span class='ocrx_word' id='word_1_574' title='bbox 1023 1042 1081 1062; x_wconf 90' lang='lat' dir='ltr'><strong>cem</strong></span> <span class='ocrx_word' id='word_1_575' title='bbox 1102 1041 1280 1069; x_wconf 84' lang='lat' dir='ltr'><strong>organorum,</strong></span> <span class='ocrx_word' id='word_1_576' title='bbox 1297 1034 1376 1069; x_wconf 86' lang='lat' dir='ltr'><strong>quasi</strong></span> <span class='ocrx_word' id='word_1_577' title='bbox 1391 1033 1504 1061; x_wconf 87' lang='lat' dir='ltr'><strong>stabiles</strong></span> <span class='ocrx_word' id='word_1_578' title='bbox 1520 1040 1565 1060; x_wconf 88' lang='lat' dir='ltr'><strong>res</strong></span> <span class='ocrx_word' id='word_1_579' title='bbox 1579 1031 1773 1059; x_wconf 81' lang='lat' dir='ltr'><strong>existimarunt</strong></span> <span class='ocrx_word' id='word_1_580' title='bbox 1789 1034 1816 1057; x_wconf 89' lang='lat' dir='ltr'><strong>et</strong></span> 
     </span>
    </p>
   </div>
   <div class='ocr_carea' id='block_1_76' title="bbox 1024 1077 1812 1114">
    <p class='ocr_par' dir='ltr' id='par_1_76' title="bbox 1024 1077 1812 1114">
     <span class='ocr_line' id='line_1_76' title="bbox 1024 1077 1812 1114; baseline -0.005 -8"><span class='ocrx_word' id='word_1_581' title='bbox 1024 1087 1078 1107; x_wconf 88' lang='lat' dir='ltr'><strong>non</strong></span> <span class='ocrx_word' id='word_1_582' title='bbox 1098 1079 1226 1114; x_wconf 78' lang='lat' dir='ltr'><strong>fugaces;</strong></span> <span class='ocrx_word' id='word_1_583' title='bbox 1251 1079 1377 1107; x_wconf 85' lang='lat' dir='ltr'><strong>bibentes</strong></span> <span class='ocrx_word' id='word_1_584' title='bbox 1399 1079 1493 1106; x_wconf 87' lang='lat' dir='ltr'><strong>vinum</strong></span> <span class='ocrx_word' id='word_1_585' title='bbox 1514 1077 1687 1108; x_wconf 69' lang='lat' dir='ltr'><strong>deﬂecatum,</strong></span> <span class='ocrx_word' id='word_1_586' title='bbox 1714 1079 1742 1104; x_wconf 90' lang='lat' dir='ltr'><strong>et</strong></span> <span class='ocrx_word' id='word_1_587' title='bbox 1758 1083 1812 1102; x_wconf 88' lang='lat' dir='ltr'><strong>un--</strong></span> 
     </span>
    </p>
   </div>
   <div class='ocr_carea' id='block_1_77' title="bbox 1025 1122 1816 1160">
    <p class='ocr_par' dir='ltr' id='par_1_77' title="bbox 1025 1122 1816 1160">
     <span class='ocr_line' id='line_1_77' title="bbox 1025 1122 1816 1160; baseline -0.006 -8"><span class='ocrx_word' id='word_1_588' title='bbox 1025 1126 1137 1160; x_wconf 82' lang='lat' dir='ltr'><strong>gnentis</strong></span> <span class='ocrx_word' id='word_1_589' title='bbox 1150 1125 1248 1160; x_wconf 84' lang='lat' dir='ltr'><strong>primis</strong></span> <span class='ocrx_word' id='word_1_590' title='bbox 1264 1124 1389 1159; x_wconf 85' lang='lat' dir='ltr'><strong>peruncti</strong></span> <span class='ocrx_word' id='word_1_591' title='bbox 1402 1132 1409 1157; x_wconf 92' lang='lat'><strong>;</strong></span> <span class='ocrx_word' id='word_1_592' title='bbox 1424 1128 1451 1151; x_wconf 91' lang='lat' dir='ltr'><strong>et</strong></span> <span class='ocrx_word' id='word_1_593' title='bbox 1464 1123 1530 1150; x_wconf 90' lang='lat' dir='ltr'><strong>nihil</strong></span> <span class='ocrx_word' id='word_1_594' title='bbox 1542 1122 1717 1158; x_wconf 86' lang='lat' dir='ltr'><strong>patiebantur</strong></span> <span class='ocrx_word' id='word_1_595' title='bbox 1731 1128 1816 1155; x_wconf 82' lang='lat' dir='ltr'><strong>super</strong></span> 
     </span>
    </p>
   </div>
   <div class='ocr_carea' id='block_1_78' title="bbox 1022 1166 1812 1205">
    <p class='ocr_par' dir='ltr' id='par_1_78' title="bbox 1022 1166 1812 1205">
     <span class='ocr_line' id='line_1_78' title="bbox 1022 1166 1812 1205; baseline -0.008 -7"><span class='ocrx_word' id='word_1_596' title='bbox 1022 1170 1134 1205; x_wconf 73' lang='lat' dir='ltr'><strong>Iosephi</strong></span> <span class='ocrx_word' id='word_1_597' title='bbox 1151 1170 1326 1197; x_wconf 87' lang='lat' dir='ltr'><strong>contritione.</strong></span> <span class='ocrx_word' id='word_1_598' title='bbox 1350 1178 1359 1194; x_wconf 84' lang='grc' dir='ltr'><strong>ι</strong></span> <span class='ocrx_word' id='word_1_599' title='bbox 1379 1169 1570 1196; x_wconf 80' lang='lat' dir='ltr'><strong>Verumtamen</strong></span> <span class='ocrx_word' id='word_1_600' title='bbox 1587 1175 1636 1194; x_wconf 91' lang='lat' dir='ltr'><strong>vos</strong></span> <span class='ocrx_word' id='word_1_601' title='bbox 1650 1166 1721 1194; x_wconf 85' lang='lat' dir='ltr'><strong>diem</strong></span> <span class='ocrx_word' id='word_1_602' title='bbox 1738 1167 1812 1193; x_wconf 84' lang='lat' dir='ltr'><strong>illam</strong></span> 
     </span>
    </p>
   </div>
   <div class='ocr_carea' id='block_1_79' title="bbox 1023 1213 1815 1250">
    <p class='ocr_par' dir='ltr' id='par_1_79' title="bbox 1023 1213 1815 1250">
     <span class='ocr_line' id='line_1_79' title="bbox 1023 1213 1815 1250; baseline -0.006 -7"><span class='ocrx_word' id='word_1_603' title='bbox 1023 1216 1213 1250; x_wconf 75' lang='lat' dir='ltr'><strong>experiemini,</strong></span> <span class='ocrx_word' id='word_1_604' title='bbox 1232 1223 1292 1249; x_wconf 55' lang='lat' dir='ltr'><strong>quae</strong></span> <span class='ocrx_word' id='word_1_605' title='bbox 1315 1215 1464 1241; x_wconf 85' lang='lat' dir='ltr'><strong>maximum</strong></span> <span class='ocrx_word' id='word_1_606' title='bbox 1490 1214 1568 1240; x_wconf 86' lang='lat' dir='ltr'><strong>vobis</strong></span> <span class='ocrx_word' id='word_1_607' title='bbox 1594 1213 1727 1240; x_wconf 88' lang='lat' dir='ltr'><strong>malorum</strong></span> <span class='ocrx_word' id='word_1_608' title='bbox 1750 1219 1815 1238; x_wconf 80' lang='lat' dir='ltr'><strong>exa-</strong></span> 
     </span>
    </p>
   </div>
   <div class='ocr_carea' id='block_1_80' title="bbox 1025 1257 1816 1295">
    <p class='ocr_par' dir='ltr' id='par_1_80' title="bbox 1025 1257 1816 1295">
     <span class='ocr_line' id='line_1_80' title="bbox 1025 1257 1816 1295; baseline -0.009 -6"><span class='ocrx_word' id='word_1_609' title='bbox 1025 1270 1086 1289; x_wconf 88' lang='lat' dir='ltr'><strong>men</strong></span> <span class='ocrx_word' id='word_1_610' title='bbox 1099 1261 1215 1288; x_wconf 90' lang='lat' dir='ltr'><strong>adducet</strong></span> <span class='ocrx_word' id='word_1_611' title='bbox 1228 1270 1235 1288; x_wconf 84' lang='lat'><strong>:</strong></span> <span class='ocrx_word' id='word_1_612' title='bbox 1249 1260 1295 1295; x_wconf 89' lang='lat' dir='ltr'><strong>qui</strong></span> <span class='ocrx_word' id='word_1_613' title='bbox 1311 1260 1429 1288; x_wconf 88' lang='lat' dir='ltr'><strong>Sabbata</strong></span> <span class='ocrx_word' id='word_1_614' title='bbox 1442 1260 1589 1286; x_wconf 89' lang='lat' dir='ltr'><strong>observare</strong></span> <span class='ocrx_word' id='word_1_615' title='bbox 1601 1257 1747 1287; x_wconf 82' lang='lat' dir='ltr'><strong>simulatis.</strong></span> <span class='ocrx_word' id='word_1_616' title='bbox 1761 1264 1816 1284; x_wconf 86' lang='lat' dir='ltr'><strong>non</strong></span> 
     </span>
    </p>
   </div>
   <div class='ocr_carea' id='block_1_81' title="bbox 1025 1302 1816 1341">
    <p class='ocr_par' dir='ltr' id='par_1_81' title="bbox 1025 1302 1816 1341">
     <span class='ocr_line' id='line_1_81' title="bbox 1025 1302 1816 1341; baseline -0.009 -7"><span class='ocrx_word' id='word_1_617' title='bbox 1025 1307 1165 1341; x_wconf 79' lang='lat' dir='ltr'><strong>religionis</strong></span> <span class='ocrx_word' id='word_1_618' title='bbox 1181 1307 1282 1341; x_wconf 85' lang='lat' dir='ltr'><strong>gratia,</strong></span> <span class='ocrx_word' id='word_1_619' title='bbox 1296 1306 1343 1333; x_wconf 86' lang='lat' dir='ltr'><strong>sed</strong></span> <span class='ocrx_word' id='word_1_620' title='bbox 1362 1310 1390 1332; x_wconf 91' lang='lat' dir='ltr'><strong>ut</strong></span> <span class='ocrx_word' id='word_1_621' title='bbox 1405 1305 1438 1331; x_wconf 86' lang='lat' dir='ltr'><strong>ad</strong></span> <span class='ocrx_word' id='word_1_622' title='bbox 1458 1304 1627 1338; x_wconf 90' lang='lat' dir='ltr'><strong>peccandum</strong></span> <span class='ocrx_word' id='word_1_623' title='bbox 1646 1302 1703 1330; x_wconf 89' lang='lat' dir='ltr'><strong>otio</strong></span> <span class='ocrx_word' id='word_1_624' title='bbox 1718 1302 1816 1329; x_wconf 86' lang='lat' dir='ltr'><strong>abuta-</strong></span> 
     </span>
    </p>
   </div>
   <div class='ocr_carea' id='block_1_82' title="bbox 1024 1347 1816 1386">
    <p class='ocr_par' dir='ltr' id='par_1_82' title="bbox 1024 1347 1816 1386">
     <span class='ocr_line' id='line_1_82' title="bbox 1024 1347 1816 1386; baseline -0.008 -7"><span class='ocrx_word' id='word_1_625' title='bbox 1024 1353 1110 1385; x_wconf 86' lang='lat' dir='ltr'><strong>mini;</strong></span> <span class='ocrx_word' id='word_1_626' title='bbox 1137 1353 1252 1379; x_wconf 89' lang='lat' dir='ltr'><strong>multum</strong></span> <span class='ocrx_word' id='word_1_627' title='bbox 1279 1352 1393 1386; x_wconf 83' lang='lat' dir='ltr'><strong>insuper</strong></span> <span class='ocrx_word' id='word_1_628' title='bbox 1413 1350 1440 1377; x_wconf 92' lang='lat' dir='ltr'><strong>in</strong></span> <span class='ocrx_word' id='word_1_629' title='bbox 1457 1349 1535 1377; x_wconf 88' lang='lat' dir='ltr'><strong>lectis</strong></span> <span class='ocrx_word' id='word_1_630' title='bbox 1552 1349 1633 1376; x_wconf 88' lang='lat' dir='ltr'><strong>etiam</strong></span> <span class='ocrx_word' id='word_1_631' title='bbox 1665 1347 1816 1383; x_wconf 85' lang='lat' dir='ltr'><strong>stratisque</strong></span> 
     </span>
    </p>
   </div>
   <div class='ocr_carea' id='block_1_83' title="bbox 1025 1394 1818 1431">
    <p class='ocr_par' dir='ltr' id='par_1_83' title="bbox 1025 1394 1818 1431">
     <span class='ocr_line' id='line_1_83' title="bbox 1025 1394 1818 1431; baseline -0.008 -7"><span class='ocrx_word' id='word_1_632' title='bbox 1025 1398 1118 1425; x_wconf 78' lang='lat' dir='ltr'><strong>luxum</strong></span> <span class='ocrx_word' id='word_1_633' title='bbox 1136 1398 1333 1431; x_wconf 88' lang='lat' dir='ltr'><strong>lasciviamque</strong></span> <span class='ocrx_word' id='word_1_634' title='bbox 1347 1404 1380 1423; x_wconf 80' lang='lat' dir='ltr'><strong>ex</strong></span> <span class='ocrx_word' id='word_1_635' title='bbox 1397 1402 1547 1431; x_wconf 91' lang='lat' dir='ltr'><strong>pauperum</strong></span> <span class='ocrx_word' id='word_1_636' title='bbox 1564 1394 1661 1428; x_wconf 85' lang='lat' dir='ltr'><strong>rapina</strong></span> <span class='ocrx_word' id='word_1_637' title='bbox 1675 1398 1818 1420; x_wconf 88' lang='lat' dir='ltr'><strong>ostentan-</strong></span> 
     </span>
    </p>
   </div>
   <div class='ocr_carea' id='block_1_84' title="bbox 1025 1438 1817 1477">
    <p class='ocr_par' dir='ltr' id='par_1_84' title="bbox 1025 1438 1817 1477">
     <span class='ocr_line' id='line_1_84' title="bbox 1025 1438 1817 1477; baseline -0.009 -7"><span class='ocrx_word' id='word_1_638' title='bbox 1025 1449 1076 1474; x_wconf 87' lang='lat' dir='ltr'><strong>tes.</strong></span> <span class='ocrx_word' id='word_1_639' title='bbox 1095 1443 1233 1470; x_wconf 61' lang='lat' dir='ltr'><strong>haedorum</strong></span> <span class='ocrx_word' id='word_1_640' title='bbox 1249 1449 1358 1477; x_wconf 86' lang='lat' dir='ltr'><strong>quoque</strong></span> <span class='ocrx_word' id='word_1_641' title='bbox 1372 1449 1405 1468; x_wconf 86' lang='lat' dir='ltr'><strong>ac</strong></span> <span class='ocrx_word' id='word_1_642' title='bbox 1420 1441 1513 1473; x_wconf 83' lang='lat' dir='ltr'><strong>boum,</strong></span> <span class='ocrx_word' id='word_1_643' title='bbox 1527 1443 1552 1467; x_wconf 87' lang='lat' dir='ltr'><strong>et</strong></span> <span class='ocrx_word' id='word_1_644' title='bbox 1569 1438 1692 1474; x_wconf 85' lang='lat' dir='ltr'><strong>cujusvis</strong></span> <span class='ocrx_word' id='word_1_645' title='bbox 1707 1438 1817 1470; x_wconf 75' lang='lat' dir='ltr'><strong>generis</strong></span> 
     </span>
    </p>
   </div>
   <div class='ocr_carea' id='block_1_85' title="bbox 1026 1484 1814 1518">
    <p class='ocr_par' dir='ltr' id='par_1_85' title="bbox 1026 1484 1814 1518">
     <span class='ocr_line' id='line_1_85' title="bbox 1026 1484 1814 1518; baseline -0.008 -4"><span class='ocrx_word' id='word_1_646' title='bbox 1026 1487 1184 1514; x_wconf 83' lang='lat' dir='ltr'><strong>animalium</strong></span> <span class='ocrx_word' id='word_1_647' title='bbox 1195 1486 1339 1513; x_wconf 84' lang='lat' dir='ltr'><strong>macellum</strong></span> <span class='ocrx_word' id='word_1_648' title='bbox 1355 1485 1492 1512; x_wconf 92' lang='lat' dir='ltr'><strong>instruitis</strong></span> <span class='ocrx_word' id='word_1_649' title='bbox 1504 1493 1512 1518; x_wconf 85' lang='lat'><strong>;</strong></span> <span class='ocrx_word' id='word_1_650' title='bbox 1524 1487 1552 1511; x_wconf 89' lang='lat' dir='ltr'><strong>et</strong></span> <span class='ocrx_word' id='word_1_651' title='bbox 1568 1484 1638 1511; x_wconf 87' lang='lat' dir='ltr'><strong>inter</strong></span> <span class='ocrx_word' id='word_1_652' title='bbox 1649 1489 1814 1517; x_wconf 85' lang='lat' dir='ltr'><strong>organorum</strong></span> 
     </span>
    </p>
   </div>
   <div class='ocr_carea' id='block_1_86' title="bbox 1026 1527 1817 1566">
    <p class='ocr_par' dir='ltr' id='par_1_86' title="bbox 1026 1527 1817 1566">
     <span class='ocr_line' id='line_1_86' title="bbox 1026 1527 1817 1566; baseline -0.01 -6"><span class='ocrx_word' id='word_1_653' title='bbox 1026 1534 1134 1560; x_wconf 84' lang='lat' dir='ltr'><strong>cantica</strong></span> <span class='ocrx_word' id='word_1_654' title='bbox 1150 1537 1177 1559; x_wconf 84' lang='lat' dir='ltr'><strong>et</strong></span> <span class='ocrx_word' id='word_1_655' title='bbox 1192 1539 1323 1559; x_wconf 91' lang='lat' dir='ltr'><strong>manuum</strong></span> <span class='ocrx_word' id='word_1_656' title='bbox 1340 1531 1452 1566; x_wconf 83' lang='lat' dir='ltr'><strong>plausus</strong></span> <span class='ocrx_word' id='word_1_657' title='bbox 1469 1531 1563 1557; x_wconf 86' lang='lat' dir='ltr'><strong>vinum</strong></span> <span class='ocrx_word' id='word_1_658' title='bbox 1581 1529 1719 1564; x_wconf 90' lang='lat' dir='ltr'><strong>apponitis</strong></span> <span class='ocrx_word' id='word_1_659' title='bbox 1734 1527 1817 1554; x_wconf 62' lang='lat' dir='ltr'><strong>delin-</strong></span> 
     </span>
    </p>
   </div>
   <div class='ocr_carea' id='block_1_87' title="bbox 1025 1574 1816 1612">
    <p class='ocr_par' dir='ltr' id='par_1_87' title="bbox 1025 1574 1816 1612">
     <span class='ocr_line' id='line_1_87' title="bbox 1025 1574 1816 1612; baseline -0.008 -8"><span class='ocrx_word' id='word_1_660' title='bbox 1025 1583 1127 1608; x_wconf 84' lang='lat' dir='ltr'><strong>catum.</strong></span> <span class='ocrx_word' id='word_1_661' title='bbox 1151 1585 1206 1612; x_wconf 89' lang='lat' dir='ltr'><strong>quo</strong></span> <span class='ocrx_word' id='word_1_662' title='bbox 1231 1577 1323 1605; x_wconf 88' lang='lat' dir='ltr'><strong>bibere</strong></span> <span class='ocrx_word' id='word_1_663' title='bbox 1347 1576 1451 1611; x_wconf 81' lang='lat' dir='ltr'><strong>largius</strong></span> <span class='ocrx_word' id='word_1_664' title='bbox 1473 1575 1603 1610; x_wconf 86' lang='lat' dir='ltr'><strong>possitis;</strong></span> <span class='ocrx_word' id='word_1_665' title='bbox 1628 1574 1745 1608; x_wconf 87' lang='lat' dir='ltr'><strong>denique</strong></span> <span class='ocrx_word' id='word_1_666' title='bbox 1766 1580 1816 1599; x_wconf 92' lang='lat' dir='ltr'><strong>nn-</strong></span> 
     </span>
    </p>
   </div>
   <div class='ocr_carea' id='block_1_88' title="bbox 1026 1617 1818 1658">
    <p class='ocr_par' dir='ltr' id='par_1_88' title="bbox 1026 1617 1818 1658">
     <span class='ocr_line' id='line_1_88' title="bbox 1026 1617 1818 1658; baseline -0.008 -8"><span class='ocrx_word' id='word_1_667' title='bbox 1026 1624 1134 1658; x_wconf 81' lang='lat' dir='ltr'><strong>guentis</strong></span> <span class='ocrx_word' id='word_1_668' title='bbox 1148 1630 1255 1657; x_wconf 83' lang='lat' dir='ltr'><strong>quoque</strong></span> <span class='ocrx_word' id='word_1_669' title='bbox 1272 1621 1382 1649; x_wconf 86' lang='lat' dir='ltr'><strong>selectis</strong></span> <span class='ocrx_word' id='word_1_670' title='bbox 1396 1621 1540 1655; x_wconf 81' lang='lat' dir='ltr'><strong>ungimini.</strong></span> <span class='ocrx_word' id='word_1_671' title='bbox 1554 1619 1616 1648; x_wconf 60' lang='lat' dir='ltr'><strong>llaec</strong></span> <span class='ocrx_word' id='word_1_672' title='bbox 1628 1623 1718 1646; x_wconf 88' lang='lat' dir='ltr'><strong>autem</strong></span> <span class='ocrx_word' id='word_1_673' title='bbox 1734 1617 1818 1645; x_wconf 76' lang='lat' dir='ltr'><strong>facie-</strong></span> 
     </span>
    </p>
   </div>
   <div class='ocr_carea' id='block_1_89' title="bbox 1027 1665 1816 1702">
    <p class='ocr_par' dir='ltr' id='par_1_89' title="bbox 1027 1665 1816 1702">
     <span class='ocr_line' id='line_1_89' title="bbox 1027 1665 1816 1702; baseline -0.008 -8"><span class='ocrx_word' id='word_1_674' title='bbox 1027 1668 1108 1698; x_wconf 86' lang='lat' dir='ltr'><strong>batis.</strong></span> <span class='ocrx_word' id='word_1_675' title='bbox 1125 1671 1268 1702; x_wconf 87' lang='lat' dir='ltr'><strong>sperantes</strong></span> <span class='ocrx_word' id='word_1_676' title='bbox 1279 1670 1450 1693; x_wconf 83' lang='lat' dir='ltr'><strong>constantem</strong></span> <span class='ocrx_word' id='word_1_677' title='bbox 1467 1665 1576 1692; x_wconf 88' lang='lat' dir='ltr'><strong>illorum</strong></span> <span class='ocrx_word' id='word_1_678' title='bbox 1593 1671 1684 1695; x_wconf 75' lang='lat' dir='ltr'><strong>usum,</strong></span> <span class='ocrx_word' id='word_1_679' title='bbox 1704 1667 1731 1690; x_wconf 91' lang='lat' dir='ltr'><strong>et</strong></span> <span class='ocrx_word' id='word_1_680' title='bbox 1745 1670 1816 1689; x_wconf 86' lang='lat' dir='ltr'><strong>nuu-</strong></span> 
     </span>
    </p>
   </div>
   <div class='ocr_carea' id='block_1_90' title="bbox 1025 1707 1815 1747">
    <p class='ocr_par' dir='ltr' id='par_1_90' title="bbox 1025 1707 1815 1747">
     <span class='ocr_line' id='line_1_90' title="bbox 1025 1707 1815 1747; baseline -0.006 -8"><span class='ocrx_word' id='word_1_681' title='bbox 1025 1720 1106 1747; x_wconf 88' lang='lat' dir='ltr'><strong>qnam</strong></span> <span class='ocrx_word' id='word_1_682' title='bbox 1122 1712 1198 1739; x_wconf 87' lang='lat' dir='ltr'><strong>vobis</strong></span> <span class='ocrx_word' id='word_1_683' title='bbox 1209 1712 1382 1744; x_wconf 78' lang='lat' dir='ltr'><strong>defuturum;</strong></span> <span class='ocrx_word' id='word_1_684' title='bbox 1399 1717 1447 1738; x_wconf 90' lang='lat' dir='ltr'><strong>nec</strong></span> <span class='ocrx_word' id='word_1_685' title='bbox 1463 1714 1591 1744; x_wconf 79' lang='lat' dir='ltr'><strong>reputare</strong></span> <span class='ocrx_word' id='word_1_686' title='bbox 1606 1707 1735 1736; x_wconf 83' lang='lat' dir='ltr'><strong>voluistis</strong></span> <span class='ocrx_word' id='word_1_687' title='bbox 1746 1716 1815 1743; x_wconf 90' lang='lat' dir='ltr'><strong>qna-</strong></span> 
     </span>
    </p>
   </div>
   <div class='ocr_carea' id='block_1_91' title="bbox 1026 1753 1814 1792">
    <p class='ocr_par' dir='ltr' id='par_1_91' title="bbox 1026 1753 1814 1792">
     <span class='ocr_line' id='line_1_91' title="bbox 1026 1753 1814 1792; baseline -0.008 -8"><span class='ocrx_word' id='word_1_688' title='bbox 1026 1759 1060 1785; x_wconf 87' lang='lat' dir='ltr'><strong>lis</strong></span> <span class='ocrx_word' id='word_1_689' title='bbox 1079 1762 1107 1783; x_wconf 86' lang='lat' dir='ltr'><strong>et</strong></span> <span class='ocrx_word' id='word_1_690' title='bbox 1129 1762 1230 1792; x_wconf 86' lang='lat' dir='ltr'><strong>quanta</strong></span> <span class='ocrx_word' id='word_1_691' title='bbox 1255 1756 1334 1783; x_wconf 88' lang='lat' dir='ltr'><strong>vobis</strong></span> <span class='ocrx_word' id='word_1_692' title='bbox 1354 1763 1435 1790; x_wconf 60' lang='lat' dir='ltr'><strong>poena</strong></span> <span class='ocrx_word' id='word_1_693' title='bbox 1461 1755 1531 1782; x_wconf 84' lang='lat' dir='ltr'><strong>foret</strong></span> <span class='ocrx_word' id='word_1_694' title='bbox 1555 1754 1722 1782; x_wconf 87' lang='lat' dir='ltr'><strong>sustinenda.</strong></span> <span class='ocrx_word' id='word_1_695' title='bbox 1748 1753 1814 1779; x_wconf 81' lang='lat' dir='ltr'><strong>Nam</strong></span> 
     </span>
    </p>
   </div>
   <div class='ocr_carea' id='block_1_92' title="bbox 1024 1799 1817 1836">
    <p class='ocr_par' dir='ltr' id='par_1_92' title="bbox 1024 1799 1817 1836">
     <span class='ocr_line' id='line_1_92' title="bbox 1024 1799 1817 1836; baseline -0.006 -7"><span class='ocrx_word' id='word_1_696' title='bbox 1024 1802 1135 1836; x_wconf 75' lang='lat' dir='ltr'><strong>Josepbi</strong></span> <span class='ocrx_word' id='word_1_697' title='bbox 1151 1801 1346 1828; x_wconf 87' lang='lat' dir='ltr'><strong>contritionem</strong></span> <span class='ocrx_word' id='word_1_698' title='bbox 1364 1801 1408 1828; x_wconf 86' lang='lat' dir='ltr'><strong>hic</strong></span> <span class='ocrx_word' id='word_1_699' title='bbox 1424 1807 1533 1835; x_wconf 87' lang='lat' dir='ltr'><strong>quoque</strong></span> <span class='ocrx_word' id='word_1_700' title='bbox 1551 1799 1620 1826; x_wconf 92' lang='lat' dir='ltr'><strong>dicit</strong></span> <span class='ocrx_word' id='word_1_701' title='bbox 1637 1803 1741 1833; x_wconf 90' lang='lat' dir='ltr'><strong>partem</strong></span> <span class='ocrx_word' id='word_1_702' title='bbox 1767 1806 1817 1833; x_wconf 93' lang='lat' dir='ltr'><strong>pro</strong></span> 
     </span>
    </p>
   </div>
   <div class='ocr_carea' id='block_1_93' title="bbox 1027 1845 1816 1880">
    <p class='ocr_par' dir='ltr' id='par_1_93' title="bbox 1027 1845 1816 1880">
     <span class='ocr_line' id='line_1_93' title="bbox 1027 1845 1816 1880; baseline -0.006 -6"><span class='ocrx_word' id='word_1_703' title='bbox 1027 1848 1126 1876; x_wconf 83' lang='lat' dir='ltr'><strong>lsraelc</strong></span> <span class='ocrx_word' id='word_1_704' title='bbox 1144 1851 1218 1880; x_wconf 89' lang='lat' dir='ltr'><strong>toto;</strong></span> <span class='ocrx_word' id='word_1_705' title='bbox 1238 1847 1264 1874; x_wconf 88' lang='lat' dir='ltr'><strong>id</strong></span> <span class='ocrx_word' id='word_1_706' title='bbox 1285 1851 1339 1879; x_wconf 87' lang='lat' dir='ltr'><strong>est,</strong></span> <span class='ocrx_word' id='word_1_707' title='bbox 1364 1847 1392 1873; x_wconf 93' lang='lat' dir='ltr'><strong>in</strong></span> <span class='ocrx_word' id='word_1_708' title='bbox 1418 1849 1536 1873; x_wconf 88' lang='lat' dir='ltr'><strong>mentem</strong></span> <span class='ocrx_word' id='word_1_709' title='bbox 1562 1845 1640 1872; x_wconf 85' lang='lat' dir='ltr'><strong>vobis</strong></span> <span class='ocrx_word' id='word_1_710' title='bbox 1662 1852 1715 1871; x_wconf 88' lang='lat' dir='ltr'><strong>non</strong></span> <span class='ocrx_word' id='word_1_711' title='bbox 1741 1845 1816 1870; x_wconf 82' lang='lat' dir='ltr'><strong>venit</strong></span> 
     </span>
    </p>
   </div>
   <div class='ocr_carea' id='block_1_94' title="bbox 1026 1888 1817 1927">
    <p class='ocr_par' dir='ltr' id='par_1_94' title="bbox 1026 1888 1817 1927">
     <span class='ocr_line' id='line_1_94' title="bbox 1026 1888 1817 1927; baseline -0.006 -7"><span class='ocrx_word' id='word_1_712' title='bbox 1026 1893 1212 1924; x_wconf 77' lang='lat' dir='ltr'><strong>contritionis,</strong></span> <span class='ocrx_word' id='word_1_713' title='bbox 1227 1900 1309 1927; x_wconf 74' lang='lat' dir='ltr'><strong>quam</strong></span> <span class='ocrx_word' id='word_1_714' title='bbox 1321 1899 1393 1919; x_wconf 90' lang='lat' dir='ltr'><strong>nunc</strong></span> <span class='ocrx_word' id='word_1_715' title='bbox 1408 1899 1439 1918; x_wconf 88' lang='lat' dir='ltr'><strong>ea</strong></span> <span class='ocrx_word' id='word_1_716' title='bbox 1452 1895 1562 1925; x_wconf 88' lang='lat' dir='ltr'><strong>propter</strong></span> <span class='ocrx_word' id='word_1_717' title='bbox 1577 1889 1714 1925; x_wconf 90' lang='lat' dir='ltr'><strong>patimini.</strong></span> <span class='ocrx_word' id='word_1_718' title='bbox 1729 1898 1738 1914; x_wconf 81' lang='grc' dir='ltr'><strong>ι</strong></span> <span class='ocrx_word' id='word_1_719' title='bbox 1754 1888 1817 1915; x_wconf 81' lang='grc' dir='ltr'>1ι¹ιιο</span> 
     </span>
    </p>
   </div>
   <div class='ocr_carea' id='block_1_95' title="bbox 1026 1935 1815 1972">
    <p class='ocr_par' dir='ltr' id='par_1_95' title="bbox 1026 1935 1815 1972">
     <span class='ocr_line' id='line_1_95' title="bbox 1026 1935 1815 1972; baseline -0.006 -8"><span class='ocrx_word' id='word_1_720' title='bbox 1026 1944 1099 1964; x_wconf 88' lang='lat' dir='ltr'><strong>nunc</strong></span> <span class='ocrx_word' id='word_1_721' title='bbox 1117 1937 1216 1972; x_wconf 83' lang='lat' dir='ltr'><strong>captivi</strong></span> <span class='ocrx_word' id='word_1_722' title='bbox 1239 1941 1321 1964; x_wconf 84' lang='lat' dir='ltr'><strong>erunt</strong></span> <span class='ocrx_word' id='word_1_723' title='bbox 1334 1937 1386 1963; x_wconf 87' lang='lat' dir='ltr'><strong>sub</strong></span> <span class='ocrx_word' id='word_1_724' title='bbox 1404 1935 1558 1970; x_wconf 85' lang='lat' dir='ltr'><strong>principatu</strong></span> <span class='ocrx_word' id='word_1_725' title='bbox 1575 1935 1771 1969; x_wconf 85' lang='lat' dir='ltr'><strong>dynastarum;</strong></span> <span class='ocrx_word' id='word_1_726' title='bbox 1788 1938 1815 1960; x_wconf 87' lang='lat' dir='ltr'><strong>et</strong></span> 
     </span>
    </p>
   </div>
   <div class='ocr_carea' id='block_1_96' title="bbox 1026 1978 1816 2016">
    <p class='ocr_par' dir='ltr' id='par_1_96' title="bbox 1026 1978 1816 2016">
     <span class='ocr_line' id='line_1_96' title="bbox 1026 1978 1816 2016; baseline -0.005 -6"><span class='ocrx_word' id='word_1_727' title='bbox 1026 1982 1164 2010; x_wconf 79' lang='lat' dir='ltr'><strong>auferetur</strong></span> <span class='ocrx_word' id='word_1_728' title='bbox 1191 1982 1314 2009; x_wconf 89' lang='lat' dir='ltr'><strong>hinnitus</strong></span> <span class='ocrx_word' id='word_1_729' title='bbox 1338 1988 1472 2016; x_wconf 88' lang='lat' dir='ltr'><strong>equorum</strong></span> <span class='ocrx_word' id='word_1_730' title='bbox 1498 1988 1532 2007; x_wconf 76' lang='lat' dir='ltr'><strong>ex</strong></span> <span class='ocrx_word' id='word_1_731' title='bbox 1558 1979 1716 2013; x_wconf 85' lang='lat' dir='ltr'><strong>Ephraimo.</strong></span> <span class='ocrx_word' id='word_1_732' title='bbox 1746 1978 1816 2010; x_wconf 71' lang='lat' dir='ltr'><strong>Quia</strong></span> 
     </span>
    </p>
   </div>
   <div class='ocr_carea' id='block_1_97' title="bbox 1026 2024 1817 2065">
    <p class='ocr_par' dir='ltr' id='par_1_97' title="bbox 1026 2024 1817 2065">
     <span class='ocr_line' id='line_1_97' title="bbox 1026 2024 1817 2065; baseline -0.005 -9"><span class='ocrx_word' id='word_1_733' title='bbox 1026 2031 1130 2065; x_wconf 86' lang='lat' dir='ltr'><strong>jnravit</strong></span> <span class='ocrx_word' id='word_1_734' title='bbox 1144 2028 1277 2055; x_wconf 87' lang='lat' dir='ltr'><strong>Dominus</strong></span> <span class='ocrx_word' id='word_1_735' title='bbox 1294 2035 1341 2063; x_wconf 88' lang='lat' dir='ltr'><strong>per</strong></span> <span class='ocrx_word' id='word_1_736' title='bbox 1365 2027 1542 2061; x_wconf 85' lang='lat' dir='ltr'><strong>semetipsum</strong></span> <span class='ocrx_word' id='word_1_737' title='bbox 1552 2025 1666 2053; x_wconf 84' lang='lat' dir='ltr'><strong>dicens:</strong></span> <span class='ocrx_word' id='word_1_738' title='bbox 1686 2024 1817 2052; x_wconf 71' lang='lat' dir='ltr'><strong>Dominus</strong></span> 
     </span>
    </p>
   </div>
   <div class='ocr_carea' id='block_1_98' title="bbox 1029 2070 1816 2109">
    <p class='ocr_par' dir='ltr' id='par_1_98' title="bbox 1029 2070 1816 2109">
     <span class='ocr_line' id='line_1_98' title="bbox 1029 2070 1816 2109; baseline -0.008 -8"><span class='ocrx_word' id='word_1_739' title='bbox 1029 2076 1098 2103; x_wconf 86' lang='lat' dir='ltr'><strong>Deus</strong></span> <span class='ocrx_word' id='word_1_740' title='bbox 1123 2074 1201 2109; x_wconf 75' lang='lat'><strong>123</strong></span> <span class='ocrx_word' id='word_1_741' title='bbox 1218 2073 1362 2104; x_wconf 80' lang='lat' dir='ltr'><strong>virtutu-m,</strong></span> <span class='ocrx_word' id='word_1_742' title='bbox 1386 2072 1531 2100; x_wconf 76' lang='lat' dir='ltr'><strong>abominor</strong></span> <span class='ocrx_word' id='word_1_743' title='bbox 1549 2078 1602 2106; x_wconf 83' lang='lat' dir='ltr'><strong>ego</strong></span> <span class='ocrx_word' id='word_1_744' title='bbox 1621 2070 1816 2097; x_wconf 88' lang='lat' dir='ltr'><strong>contumeliam</strong></span> 
     </span>
    </p>
   </div>
   <div class='ocr_carea' id='block_1_99' title="bbox 1026 2116 1816 2154">
    <p class='ocr_par' dir='ltr' id='par_1_99' title="bbox 1026 2116 1816 2154">
     <span class='ocr_line' id='line_1_99' title="bbox 1026 2116 1816 2154; baseline -0.006 -7"><span class='ocrx_word' id='word_1_745' title='bbox 1026 2121 1133 2152; x_wconf 79' lang='lat' dir='ltr'><strong>Jacobi,</strong></span> <span class='ocrx_word' id='word_1_746' title='bbox 1161 2124 1188 2146; x_wconf 82' lang='lat' dir='ltr'><strong>et</strong></span> <span class='ocrx_word' id='word_1_747' title='bbox 1220 2119 1347 2154; x_wconf 87' lang='lat' dir='ltr'><strong>regiones</strong></span> <span class='ocrx_word' id='word_1_748' title='bbox 1377 2117 1500 2152; x_wconf 85' lang='lat' dir='ltr'><strong>ejusdem</strong></span> <span class='ocrx_word' id='word_1_749' title='bbox 1530 2116 1585 2149; x_wconf 81' lang='lat' dir='ltr'><strong>odi,</strong></span> <span class='ocrx_word' id='word_1_750' title='bbox 1622 2116 1816 2149; x_wconf 81' lang='lat' dir='ltr'><strong>destruamqne</strong></span> 
     </span>
    </p>
   </div>
   <div class='ocr_carea' id='block_1_100' title="bbox 1027 2160 1816 2196">
    <p class='ocr_par' dir='ltr' id='par_1_100' title="bbox 1027 2160 1816 2196">
     <span class='ocr_line' id='line_1_100' title="bbox 1027 2160 1816 2196; baseline -0.009 -3"><span class='ocrx_word' id='word_1_751' title='bbox 1027 2167 1121 2194; x_wconf 88' lang='lat' dir='ltr'><strong>urbem</strong></span> <span class='ocrx_word' id='word_1_752' title='bbox 1147 2172 1210 2192; x_wconf 87' lang='lat' dir='ltr'><strong>cum</strong></span> <span class='ocrx_word' id='word_1_753' title='bbox 1234 2164 1362 2191; x_wconf 90' lang='lat' dir='ltr'><strong>omnibus</strong></span> <span class='ocrx_word' id='word_1_754' title='bbox 1384 2162 1569 2190; x_wconf 84' lang='lat' dir='ltr'><strong>incolentibus</strong></span> <span class='ocrx_word' id='word_1_755' title='bbox 1596 2162 1693 2196; x_wconf 88' lang='lat' dir='ltr'><strong>ipsam.</strong></span> <span class='ocrx_word' id='word_1_756' title='bbox 1716 2169 1726 2186; x_wconf 77' lang='grc' dir='ltr'><strong>ι</strong></span> <span class='ocrx_word' id='word_1_757' title='bbox 1746 2160 1816 2193; x_wconf 84' lang='lat' dir='ltr'><strong>Quia</strong></span> 
     </span>
    </p>
   </div>
   <div class='ocr_carea' id='block_1_101' title="bbox 1027 2207 1817 2243">
    <p class='ocr_par' dir='ltr' id='par_1_101' title="bbox 1027 2207 1817 2243">
     <span class='ocr_line' id='line_1_101' title="bbox 1027 2207 1817 2243; baseline -0.008 -5"><span class='ocrx_word' id='word_1_758' title='bbox 1027 2212 1117 2239; x_wconf 88' lang='lat' dir='ltr'><strong>minas</strong></span> <span class='ocrx_word' id='word_1_759' title='bbox 1141 2209 1219 2237; x_wconf 86' lang='lat' dir='ltr'><strong>ﬂocci</strong></span> <span class='ocrx_word' id='word_1_760' title='bbox 1251 2209 1351 2239; x_wconf 77' lang='lat' dir='ltr'><strong>facitis.</strong></span> <span class='ocrx_word' id='word_1_761' title='bbox 1380 2208 1567 2243; x_wconf 79' lang='lat' dir='ltr'><strong>experimento</strong></span> <span class='ocrx_word' id='word_1_762' title='bbox 1597 2207 1657 2241; x_wconf 90' lang='lat' dir='ltr'><strong>ipso</strong></span> <span class='ocrx_word' id='word_1_763' title='bbox 1683 2214 1817 2241; x_wconf 76' lang='lat' dir='ltr'><strong>agnosce-</strong></span> 
     </span>
    </p>
   </div>
   <div class='ocr_carea' id='block_1_102' title="bbox 1027 2251 1814 2292">
    <p class='ocr_par' dir='ltr' id='par_1_102' title="bbox 1027 2251 1814 2292">
     <span class='ocr_line' id='line_1_102' title="bbox 1027 2251 1814 2292; baseline -0.01 -7"><span class='ocrx_word' id='word_1_764' title='bbox 1027 2259 1064 2285; x_wconf 83' lang='lat' dir='ltr'><strong>tis</strong></span> <span class='ocrx_word' id='word_1_765' title='bbox 1075 2257 1283 2292; x_wconf 67' lang='lat' dir='ltr'><strong>praedictionum</strong></span> <span class='ocrx_word' id='word_1_766' title='bbox 1297 2255 1457 2287; x_wconf 83' lang='lat' dir='ltr'><strong>veritatem;</strong></span> <span class='ocrx_word' id='word_1_767' title='bbox 1470 2253 1616 2288; x_wconf 83' lang='lat' dir='ltr'><strong>abigemiui</strong></span> <span class='ocrx_word' id='word_1_768' title='bbox 1628 2253 1700 2280; x_wconf 89' lang='lat' dir='ltr'><strong>enim</strong></span> <span class='ocrx_word' id='word_1_769' title='bbox 1715 2251 1814 2285; x_wconf 83' lang='lat' dir='ltr'><strong>captivi</strong></span> 
     </span>
    </p>
   </div>
   <div class='ocr_carea' id='block_1_103' title="bbox 1028 2296 1814 2335">
    <p class='ocr_par' dir='ltr' id='par_1_103' title="bbox 1028 2296 1814 2335">
     <span class='ocr_line' id='line_1_103' title="bbox 1028 2296 1814 2335; baseline -0.009 -7"><span class='ocrx_word' id='word_1_770' title='bbox 1028 2308 1123 2328; x_wconf 89' lang='lat' dir='ltr'><strong>omnes</strong></span> <span class='ocrx_word' id='word_1_771' title='bbox 1142 2300 1193 2328; x_wconf 89' lang='lat' dir='ltr'><strong>sub</strong></span> <span class='ocrx_word' id='word_1_772' title='bbox 1216 2299 1385 2335; x_wconf 87' lang='lat' dir='ltr'><strong>principibus</strong></span> <span class='ocrx_word' id='word_1_773' title='bbox 1401 2305 1498 2332; x_wconf 84' lang='lat' dir='ltr'><strong>magna</strong></span> <span class='ocrx_word' id='word_1_774' title='bbox 1517 2302 1651 2333; x_wconf 83' lang='lat' dir='ltr'><strong>potestate</strong></span> <span class='ocrx_word' id='word_1_775' title='bbox 1676 2296 1814 2331; x_wconf 66' lang='lat' dir='ltr'><strong>praeditis;</strong></span> 
     </span>
    </p>
   </div>
   <div class='ocr_carea' id='block_1_104' title="bbox 1027 2342 1815 2382">
    <p class='ocr_par' dir='ltr' id='par_1_104' title="bbox 1027 2342 1815 2382">
     <span class='ocr_line' id='line_1_104' title="bbox 1027 2342 1815 2382; baseline -0.009 -8"><span class='ocrx_word' id='word_1_776' title='bbox 1027 2355 1112 2382; x_wconf 85' lang='lat' dir='ltr'><strong>quare</strong></span> <span class='ocrx_word' id='word_1_777' title='bbox 1127 2347 1217 2374; x_wconf 90' lang='lat' dir='ltr'><strong>omnis</strong></span> <span class='ocrx_word' id='word_1_778' title='bbox 1238 2349 1329 2373; x_wconf 78' lang='lat' dir='ltr'><strong>vester</strong></span> <span class='ocrx_word' id='word_1_779' title='bbox 1350 2349 1498 2380; x_wconf 88' lang='lat' dir='ltr'><strong>apparatus</strong></span> <span class='ocrx_word' id='word_1_780' title='bbox 1520 2344 1636 2371; x_wconf 87' lang='lat' dir='ltr'><strong>bellicus</strong></span> <span class='ocrx_word' id='word_1_781' title='bbox 1657 2350 1718 2369; x_wconf 89' lang='lat' dir='ltr'><strong>cum</strong></span> <span class='ocrx_word' id='word_1_782' title='bbox 1737 2342 1815 2376; x_wconf 84' lang='lat' dir='ltr'><strong>equis</strong></span> 
     </span>
    </p>
   </div>
   <div class='ocr_carea' id='block_1_105' title="bbox 1024 2390 1812 2428">
    <p class='ocr_par' dir='ltr' id='par_1_105' title="bbox 1024 2390 1812 2428">
     <span class='ocr_line' id='line_1_105' title="bbox 1024 2390 1812 2428; baseline -0.008 -8"><span class='ocrx_word' id='word_1_783' title='bbox 1024 2401 1139 2428; x_wconf 83' lang='lat' dir='ltr'><strong>prorsus</strong></span> <span class='ocrx_word' id='word_1_784' title='bbox 1156 2391 1310 2427; x_wconf 87' lang='lat' dir='ltr'><strong>disperibit.</strong></span> <span class='ocrx_word' id='word_1_785' title='bbox 1325 2390 1390 2417; x_wconf 85' lang='lat' dir='ltr'><strong>Nam</strong></span> <span class='ocrx_word' id='word_1_786' title='bbox 1410 2390 1473 2425; x_wconf 87' lang='lat' dir='ltr'><strong>quia</strong></span> <span class='ocrx_word' id='word_1_787' title='bbox 1498 2394 1616 2417; x_wconf 87' lang='lat' dir='ltr'><strong>vestram</strong></span> <span class='ocrx_word' id='word_1_788' title='bbox 1637 2395 1745 2415; x_wconf 92' lang='lat' dir='ltr'><strong>omnem</strong></span> <span class='ocrx_word' id='word_1_789' title='bbox 1766 2395 1812 2414; x_wconf 83' lang='lat' dir='ltr'><strong>no-</strong></span> 
     </span>
    </p>
   </div>
   <div class='ocr_carea' id='block_1_106' title="bbox 1025 2434 1816 2473">
    <p class='ocr_par' dir='ltr' id='par_1_106' title="bbox 1025 2434 1816 2473">
     <span class='ocr_line' id='line_1_106' title="bbox 1025 2434 1816 2473; baseline -0.009 -8"><span class='ocrx_word' id='word_1_790' title='bbox 1025 2439 1138 2473; x_wconf 87' lang='lat' dir='ltr'><strong>qnitiam</strong></span> <span class='ocrx_word' id='word_1_791' title='bbox 1164 2437 1338 2464; x_wconf 87' lang='lat' dir='ltr'><strong>abominatur</strong></span> <span class='ocrx_word' id='word_1_792' title='bbox 1364 2436 1447 2469; x_wconf 83' lang='lat' dir='ltr'><strong>Deus,</strong></span> <span class='ocrx_word' id='word_1_793' title='bbox 1473 2443 1553 2470; x_wconf 89' lang='lat' dir='ltr'><strong>quam</strong></span> <span class='ocrx_word' id='word_1_794' title='bbox 1580 2435 1606 2461; x_wconf 94' lang='lat' dir='ltr'><strong>in</strong></span> <span class='ocrx_word' id='word_1_795' title='bbox 1629 2434 1690 2468; x_wconf 80' lang='lat' dir='ltr'><strong>ejus</strong></span> <span class='ocrx_word' id='word_1_796' title='bbox 1718 2437 1816 2460; x_wconf 83' lang='lat' dir='ltr'><strong>cnnln-</strong></span> 
     </span>
    </p>
   </div>
   <div class='ocr_carea' id='block_1_107' title="bbox 1025 2479 1816 2512">
    <p class='ocr_par' dir='ltr' id='par_1_107' title="bbox 1025 2479 1816 2512">
     <span class='ocr_line' id='line_1_107' title="bbox 1025 2479 1816 2512; baseline -0.005 -3"><span class='ocrx_word' id='word_1_797' title='bbox 1025 2483 1132 2510; x_wconf 85' lang='lat' dir='ltr'><strong>meliam</strong></span> <span class='ocrx_word' id='word_1_798' title='bbox 1154 2489 1346 2510; x_wconf 87' lang='lat' dir='ltr'><strong>consnnnnare</strong></span> <span class='ocrx_word' id='word_1_799' title='bbox 1372 2489 1425 2508; x_wconf 92' lang='lat' dir='ltr'><strong>non</strong></span> <span class='ocrx_word' id='word_1_800' title='bbox 1451 2480 1593 2512; x_wconf 89' lang='lat' dir='ltr'><strong>dubitatis,</strong></span> <span class='ocrx_word' id='word_1_801' title='bbox 1623 2480 1659 2506; x_wconf 88' lang='lat' dir='ltr'><strong>ita</strong></span> <span class='ocrx_word' id='word_1_802' title='bbox 1681 2484 1710 2506; x_wconf 90' lang='lat' dir='ltr'><strong>ut</strong></span> <span class='ocrx_word' id='word_1_803' title='bbox 1734 2479 1816 2506; x_wconf 83' lang='lat' dir='ltr'><strong>urbes</strong></span> 
     </span>
    </p>
   </div>
   <div class='ocr_carea' id='block_1_108' title="bbox 1026 2525 1816 2563">
    <p class='ocr_par' dir='ltr' id='par_1_108' title="bbox 1026 2525 1816 2563">
     <span class='ocr_line' id='line_1_108' title="bbox 1026 2525 1816 2563; baseline -0.008 -8"><span class='ocrx_word' id='word_1_804' title='bbox 1026 2536 1101 2563; x_wconf 66' lang='lat' dir='ltr'><strong>mque</strong></span> <span class='ocrx_word' id='word_1_805' title='bbox 1115 2536 1146 2555; x_wconf 87' lang='lat' dir='ltr'><strong>ac</strong></span> <span class='ocrx_word' id='word_1_806' title='bbox 1161 2529 1286 2563; x_wconf 84' lang='lat' dir='ltr'><strong>regiones</strong></span> <span class='ocrx_word' id='word_1_807' title='bbox 1302 2527 1452 2554; x_wconf 87' lang='lat' dir='ltr'><strong>sceleribus</strong></span> <span class='ocrx_word' id='word_1_808' title='bbox 1470 2527 1512 2553; x_wconf 91' lang='lat' dir='ltr'><strong>his</strong></span> <span class='ocrx_word' id='word_1_809' title='bbox 1526 2526 1690 2557; x_wconf 84' lang='lat' dir='ltr'><strong>redundent,</strong></span> <span class='ocrx_word' id='word_1_810' title='bbox 1718 2525 1816 2552; x_wconf 78' lang='lat' dir='ltr'><strong>merito</strong></span> 
     </span>
    </p>
   </div>
   <div class='ocr_carea' id='block_1_109' title="bbox 1030 2569 1815 2605">
    <p class='ocr_par' dir='ltr' id='par_1_109' title="bbox 1030 2569 1815 2605">
     <span class='ocr_line' id='line_1_109' title="bbox 1030 2569 1815 2605; baseline -0.006 -5"><span class='ocrx_word' id='word_1_811' title='bbox 1030 2575 1112 2601; x_wconf 89' lang='lat' dir='ltr'><strong>nrbes</strong></span> <span class='ocrx_word' id='word_1_812' title='bbox 1126 2578 1231 2601; x_wconf 85' lang='lat' dir='ltr'><strong>vestras</strong></span> <span class='ocrx_word' id='word_1_813' title='bbox 1252 2581 1347 2600; x_wconf 87' lang='lat' dir='ltr'><strong>omnes</strong></span> <span class='ocrx_word' id='word_1_814' title='bbox 1364 2579 1396 2598; x_wconf 88' lang='lat' dir='ltr'><strong>ac</strong></span> <span class='ocrx_word' id='word_1_815' title='bbox 1421 2571 1546 2605; x_wconf 86' lang='lat' dir='ltr'><strong>regiones</strong></span> <span class='ocrx_word' id='word_1_816' title='bbox 1566 2578 1628 2598; x_wconf 92' lang='lat' dir='ltr'><strong>cum</strong></span> <span class='ocrx_word' id='word_1_817' title='bbox 1653 2569 1752 2597; x_wconf 87' lang='lat' dir='ltr'><strong>incolis</strong></span> <span class='ocrx_word' id='word_1_818' title='bbox 1767 2576 1815 2595; x_wconf 84' lang='lat' dir='ltr'><strong>va—</strong></span> 
     </span>
    </p>
   </div>
   <div class='ocr_carea' id='block_1_110' title="bbox 1029 2615 1816 2650">
    <p class='ocr_par' dir='ltr' id='par_1_110' title="bbox 1029 2615 1816 2650">
     <span class='ocr_line' id='line_1_110' title="bbox 1029 2615 1816 2650; baseline -0.006 -4"><span class='ocrx_word' id='word_1_819' title='bbox 1029 2620 1124 2647; x_wconf 75' lang='lat' dir='ltr'><strong>stabit.</strong></span> <span class='ocrx_word' id='word_1_820' title='bbox 1151 2619 1251 2646; x_wconf 73' lang='lat' dir='ltr'><strong>Deinde</strong></span> <span class='ocrx_word' id='word_1_821' title='bbox 1265 2619 1301 2645; x_wconf 90' lang='lat' dir='ltr'><strong>ob</strong></span> <span class='ocrx_word' id='word_1_822' title='bbox 1315 2618 1512 2646; x_wconf 87' lang='lat' dir='ltr'><strong>ostendendam</strong></span> <span class='ocrx_word' id='word_1_823' title='bbox 1529 2616 1686 2645; x_wconf 86' lang='lat' dir='ltr'><strong>solitudinis</strong></span> <span class='ocrx_word' id='word_1_824' title='bbox 1710 2615 1816 2650; x_wconf 72' lang='lat' dir='ltr'><strong>magni-</strong></span> 
     </span>
    </p>
   </div>
   <div class='ocr_carea' id='block_1_111' title="bbox 1030 2664 1220 2691">
    <p class='ocr_par' dir='ltr' id='par_1_111' title="bbox 1030 2664 1220 2691">
     <span class='ocr_line' id='line_1_111' title="bbox 1030 2664 1220 2691; baseline -0.005 0"><span class='ocrx_word' id='word_1_825' title='bbox 1030 2665 1149 2691; x_wconf 66' lang='lat' dir='ltr'><strong>tudinem</strong></span> <span class='ocrx_word' id='word_1_826' title='bbox 1166 2664 1220 2690; x_wconf 86' lang='lat' dir='ltr'><strong>ait:</strong></span> 
     </span>
    </p>
   </div>
   <div class='ocr_carea' id='block_1_112' title="bbox 194 2704 1814 2746">
    <p class='ocr_par' dir='ltr' id='par_1_112' title="bbox 194 2704 1814 2746">
     <span class='ocr_line' id='line_1_112' title="bbox 194 2704 1814 2746; baseline -0.005 -8"><span class='ocrx_word' id='word_1_827' title='bbox 194 2706 242 2738; x_wconf 75' lang='grc' dir='ltr'>τὰς</span> <span class='ocrx_word' id='word_1_828' title='bbox 254 2707 345 2742; x_wconf 81' lang='grc' dir='ltr'>χώρας</span> <span class='ocrx_word' id='word_1_829' title='bbox 357 2709 406 2742; x_wconf 81' lang='grc' dir='ltr'>τῆς</span> <span class='ocrx_word' id='word_1_830' title='bbox 423 2709 549 2741; x_wconf 76' lang='grc' dir='ltr'>ἀσεϐείας</span> <span class='ocrx_word' id='word_1_831' title='bbox 564 2709 760 2743; x_wconf 76' lang='grc' dir='ltr'>πεπληρῶσθαι</span> <span class='ocrx_word' id='word_1_832' title='bbox 772 2709 882 2746; x_wconf 82' lang='grc' dir='ltr'>ταύτης,</span> <span class='ocrx_word' id='word_1_833' title='bbox 904 2710 1014 2741; x_wconf 79' lang='grc' dir='ltr'>εἰκότως</span> <span class='ocrx_word' id='word_1_834' title='bbox 1031 2710 1137 2740; x_wconf 72' lang='grc' dir='ltr'>ἁπάσας</span> <span class='ocrx_word' id='word_1_835' title='bbox 1155 2708 1231 2743; x_wconf 79' lang='grc' dir='ltr'>ὑμῶν</span> <span class='ocrx_word' id='word_1_836' title='bbox 1246 2707 1294 2734; x_wconf 77' lang='grc' dir='ltr'><strong>σὺν</strong></span> <span class='ocrx_word' id='word_1_837' title='bbox 1313 2708 1373 2738; x_wconf 82' lang='grc' dir='ltr'>ταῖς</span> <span class='ocrx_word' id='word_1_838' title='bbox 1387 2706 1489 2742; x_wconf 82' lang='grc' dir='ltr'>χώραις</span> <span class='ocrx_word' id='word_1_839' title='bbox 1505 2706 1554 2738; x_wconf 74' lang='grc' dir='ltr'><strong>τὰς</strong></span> <span class='ocrx_word' id='word_1_840' title='bbox 1568 2705 1661 2737; x_wconf 86' lang='grc' dir='ltr'>πόλεις</span> <span class='ocrx_word' id='word_1_841' title='bbox 1676 2705 1745 2740; x_wconf 85' lang='grc' dir='ltr'>μετὰ</span> <span class='ocrx_word' id='word_1_842' title='bbox 1760 2704 1814 2731; x_wconf 81' lang='grc' dir='ltr'><strong>τῶν</strong></span> 
     </span>
    </p>
   </div>
   <div class='ocr_carea' id='block_1_113' title="bbox 194 2751 1301 2788">
    <p class='ocr_par' dir='ltr' id='par_1_113' title="bbox 194 2751 1301 2788">
     <span class='ocr_line' id='line_1_113' title="bbox 194 2751 1301 2788; baseline 0.001 -12"><span class='ocrx_word' id='word_1_843' title='bbox 194 2751 337 2777; x_wconf 77' lang='grc' dir='ltr'>οἰκούντων</span> <span class='ocrx_word' id='word_1_844' title='bbox 352 2753 474 2785; x_wconf 81' lang='grc' dir='ltr'>ἁφανιεῖ·</span> <span class='ocrx_word' id='word_1_845' title='bbox 496 2751 554 2779; x_wconf 80' lang='grc' dir='ltr'>εἶτα</span> <span class='ocrx_word' id='word_1_846' title='bbox 568 2752 608 2782; x_wconf 89' lang='grc' dir='ltr'><strong>εἰς</strong></span> <span class='ocrx_word' id='word_1_847' title='bbox 621 2751 756 2783; x_wconf 79' lang='grc' dir='ltr'>ἀπόδειξιν</span> <span class='ocrx_word' id='word_1_848' title='bbox 770 2753 816 2780; x_wconf 79' lang='grc' dir='ltr'>τοῦ</span> <span class='ocrx_word' id='word_1_849' title='bbox 829 2753 958 2788; x_wconf 81' lang='grc' dir='ltr'>μεγέθους</span> <span class='ocrx_word' id='word_1_850' title='bbox 972 2754 1021 2788; x_wconf 79' lang='grc' dir='ltr'>τῆς</span> <span class='ocrx_word' id='word_1_851' title='bbox 1035 2753 1199 2787; x_wconf 67' lang='grc' dir='ltr'>ἐρημώσεως</span> <span class='ocrx_word' id='word_1_852' title='bbox 1211 2753 1284 2785; x_wconf 81' lang='grc' dir='ltr'>λέγει</span> <span class='ocrx_word' id='word_1_853' title='bbox 1294 2759 1301 2766; x_wconf 95' lang='grc'><strong>·</strong></span> 
     </span>
    </p>
   </div>
   <div class='ocr_carea' id='block_1_114' title="bbox 229 2798 975 2834">
    <p class='ocr_par' dir='ltr' id='par_1_114' title="bbox 229 2798 975 2834">
     <span class='ocr_line' id='line_1_114' title="bbox 229 2798 975 2834; baseline 0.004 -11"><span class='ocrx_word' id='word_1_854' title='bbox 229 2798 302 2832; x_wconf 78' lang='grc' dir='ltr'><strong>Στῖχ.</strong></span> <span class='ocrx_word' id='word_1_855' title='bbox 319 2798 353 2830; x_wconf 82' lang='grc' dir='ltr'><strong>θ’.</strong></span> <span class='ocrx_word' id='word_1_856' title='bbox 371 2798 395 2825; x_wconf 91' lang='grc' dir='ltr'><strong>ι’.</strong></span> <span class='ocrx_word' id='word_1_857' title='bbox 417 2814 450 2819; x_wconf 90' lang='lat'><strong>-——</strong></span> <span class='ocrx_word' id='word_1_858' title='bbox 468 2809 476 2824; x_wconf 83' lang='grc' dir='ltr'><strong>ι</strong></span> <span class='ocrx_word' id='word_1_859' title='bbox 489 2800 544 2826; x_wconf 75' lang='grc' dir='ltr'><strong>Καὶ</strong></span> <span class='ocrx_word' id='word_1_860' title='bbox 559 2799 635 2826; x_wconf 77' lang='grc' dir='ltr'>ἔσται</span> <span class='ocrx_word' id='word_1_861' title='bbox 649 2799 696 2826; x_wconf 82' lang='grc' dir='ltr'><strong>ἐὰν</strong></span> <span class='ocrx_word' id='word_1_862' title='bbox 711 2799 894 2834; x_wconf 66' lang='grc' dir='ltr'>ἀπολειςρθῶσι</span> <span class='ocrx_word' id='word_1_863' title='bbox 911 2801 975 2827; x_wconf 81' lang='grc' dir='ltr'>δέκα</span> 
     </span>
    </p>
   </div>
   <div class='ocr_carea' id='block_1_115' title="bbox 193 2841 976 2882">
    <p class='ocr_par' dir='ltr' id='par_1_115' title="bbox 193 2841 976 2882">
     <span class='ocr_line' id='line_1_115' title="bbox 193 2841 976 2882; baseline -0.001 -10"><span class='ocrx_word' id='word_1_864' title='bbox 193 2841 288 2880; x_wconf 67' lang='grc' dir='ltr'>ἄνδρες</span> <span class='ocrx_word' id='word_1_865' title='bbox 306 2845 335 2871; x_wconf 81' lang='grc' dir='ltr'><strong>ἐν</strong></span> <span class='ocrx_word' id='word_1_866' title='bbox 349 2844 422 2880; x_wconf 73' lang='grc' dir='ltr'>οἰκία</span> <span class='ocrx_word' id='word_1_867' title='bbox 437 2845 502 2880; x_wconf 79' lang='grc' dir='ltr'>μιᾷ,</span> <span class='ocrx_word' id='word_1_868' title='bbox 521 2844 734 2872; x_wconf 75' lang='grc' dir='ltr'>ἀποθανοῦνται·</span> <span class='ocrx_word' id='word_1_869' title='bbox 753 2846 798 2872; x_wconf 78' lang='grc' dir='ltr'>καὶ</span> <span class='ocrx_word' id='word_1_870' title='bbox 814 2846 976 2882; x_wconf 59' lang='grc' dir='ltr'>ὑπολειςῡή-</span> 
     </span>
    </p>
   </div>
   <div class='ocr_carea' id='block_1_116' title="bbox 1067 2797 1813 2830">
    <p class='ocr_par' dir='ltr' id='par_1_116' title="bbox 1067 2797 1813 2830">
     <span class='ocr_line' id='line_1_116' title="bbox 1067 2797 1813 2830; baseline -0.004 -4"><span class='ocrx_word' id='word_1_871' title='bbox 1067 2801 1147 2827; x_wconf 74' lang='lat' dir='ltr'><strong>\&#39;r.us.</strong></span> <span class='ocrx_word' id='word_1_872' title='bbox 1166 2800 1193 2830; x_wconf 86' lang='lat'><strong>9,</strong></span> <span class='ocrx_word' id='word_1_873' title='bbox 1214 2800 1257 2825; x_wconf 81' lang='grc'><strong>10.</strong></span> <span class='ocrx_word' id='word_1_874' title='bbox 1276 2814 1308 2818; x_wconf 91' lang='grc'><strong><em>-</em></strong></span> <span class='ocrx_word' id='word_1_875' title='bbox 1325 2809 1334 2825; x_wconf 81' lang='grc' dir='ltr'><strong>ι</strong></span> <span class='ocrx_word' id='word_1_876' title='bbox 1355 2799 1388 2825; x_wconf 73' lang='lat' dir='ltr'><strong>Et</strong></span> <span class='ocrx_word' id='word_1_877' title='bbox 1406 2799 1467 2830; x_wconf 85' lang='lat' dir='ltr'><strong>crit,</strong></span> <span class='ocrx_word' id='word_1_878' title='bbox 1486 2802 1509 2829; x_wconf 88' lang='lat' dir='ltr'><strong>si</strong></span> <span class='ocrx_word' id='word_1_879' title='bbox 1526 2798 1706 2826; x_wconf 81' lang='lat' dir='ltr'><strong>I&#39;cmauserint</strong></span> <span class='ocrx_word' id='word_1_880' title='bbox 1721 2797 1813 2823; x_wconf 70' lang='lat' dir='ltr'><strong>tict‘t‘tn</strong></span> 
     </span>
    </p>
   </div>
   <div class='ocr_carea' id='block_1_117' title="bbox 1031 2842 1813 2880">
    <p class='ocr_par' dir='ltr' id='par_1_117' title="bbox 1031 2842 1813 2880">
     <span class='ocr_line' id='line_1_117' title="bbox 1031 2842 1813 2880; baseline -0.005 -8"><span class='ocrx_word' id='word_1_881' title='bbox 1031 2847 1080 2873; x_wconf 62' lang='lat' dir='ltr'><strong>\“ri</strong></span> <span class='ocrx_word' id='word_1_882' title='bbox 1091 2847 1116 2873; x_wconf 95' lang='lat' dir='ltr'><strong>in</strong></span> <span class='ocrx_word' id='word_1_883' title='bbox 1127 2854 1179 2874; x_wconf 86' lang='lat' dir='ltr'><strong>una</strong></span> <span class='ocrx_word' id='word_1_884' title='bbox 1190 2846 1280 2880; x_wconf 88' lang='lat' dir='ltr'><strong>domo,</strong></span> <span class='ocrx_word' id='word_1_885' title='bbox 1295 2845 1463 2878; x_wconf 86' lang='lat' dir='ltr'><strong>morientur;</strong></span> <span class='ocrx_word' id='word_1_886' title='bbox 1475 2849 1501 2871; x_wconf 86' lang='lat' dir='ltr'><strong>ct</strong></span> <span class='ocrx_word' id='word_1_887' title='bbox 1512 2844 1688 2872; x_wconf 83' lang='lat' dir='ltr'><strong>remanebunt</strong></span> <span class='ocrx_word' id='word_1_888' title='bbox 1701 2842 1813 2876; x_wconf 81' lang='lat' dir='ltr'><strong>rcliqni;</strong></span> 
     </span>
    </p>
   </div>
  </div>
