1973 3066
155 142 209 169 235

751 145 927 174 THEODORI
946 144 1188 174 MOPSUESTENI

1733 146 1789 175 εει

153 207 184 231 et
198 205 307 231 sument
321 201 465 230 domestici
479 209 596 236 eorum;
614 206 640 230 et
656 203 833 232 conabuntur
850 204 946 232 eﬂ‘crrc

1005 214 1089 232 τονται
1104 205 1128 231 oi
1144 204 1312 236 κατάλοιποι,
1331 204 1377 231 καὶ
1392 205 1521 240 λήψονται
1535 206 1559 231 ot
1575 206 1670 232 οἰκεῖοι
1685 206 1786 233 αὐτῶν·

156 251 239 278 domo
252 258 316 278 ossa
331 256 444 281 eorum;
461 254 488 275 et
503 248 574 275 dicet
587 249 621 276 iis
638 249 685 284 qui
701 254 822 284 praesunt
834 250 946 278 domui:

155 295 226 323 Num
242 296 331 322 adhuc
344 293 417 329 apud
432 298 458 321 te
474 293 537 321 est?
551 293 583 320 Et
598 293 670 322 dicet
684 304 691 321 ε
705 294 894 330 Nequaquam.
912 295 946 323 Et

153 341 250 369 dicet:
282 340 362 372 Tace.
388 344 418 367 ut
442 348 497 367 non
521 340 647 368 nomines
672 348 771 368 nomen
795 341 914 369 Domini.
934 352 944 368 ι

155 387 281 414 Profecto
294 385 337 413 his
350 385 434 413 dictis
453 386 526 414 inest
539 386 695 415 obscuritas
709 388 794 415 multa
811 389 844 415 ad
857 389 948 424 expla-

155 432 295 465 nandnm;
310 431 471 466 videturque
485 433 560 460 locus
572 433 671 460 similis
697 433 735 460 illi
752 434 779 461 in
799 433 898 463 Genesi
913 435 948 468 ",

155 479 203 506 ubi
213 478 247 505 de
263 478 447 506 conventione
461 487 553 507 sermo
567 483 610 507 est
624 479 726 507 Labani
739 484 767 507 et
777 480 870 508 Jacobi
879 481 950 509 inter

153 533 195 557 se,
210 525 285 552 circa
297 525 388 552 ovium
397 530 503 560 partus.
518 529 595 553 utros
611 525 708 553 horum
723 526 767 554 hic
780 527 822 554 vel
837 527 884 555 ille
899 527 947 554 ha-

154 571 249 603 beret;
264 578 326 598 nam
343 575 419 598 certe
440 574 468 598 et
486 570 553 598 illud
571 570 679 598 laborat
702 571 730 599 in
743 572 835 600 verbis
851 573 951 600 obscu-

161 617 254 648 ritate,
275 624 326 644 nec
343 616 397 645 nisi
415 616 632 651 interpretando.
650 625 749 646 sensus
763 618 824 652 ejus
838 618 951 646 deduci-

156 667 203 688 tur
217 661 251 688 ad
265 662 431 689 claritatem.
448 661 561 696 Oportet
578 667 670 689 autem
684 667 712 690 et
725 662 870 698 praesentis
883 662 950 690 dicti

156 715 269 736 sensum
294 714 442 742 exponere,
463 707 582 735 obscura
607 707 730 735 dictione
752 707 832 736 nobis
847 707 950 735 recita-

156 759 225 780 tum.
242 753 376 780 Nimirum
391 753 449 781 hac
463 753 501 780 ait
520 753 661 788 propheta,
678 753 839 788 significare
855 753 951 781 volens

157 798 303 825 maximam
329 797 388 826 fore
407 797 574 829 vastitatem.
598 797 666 825 Nam
690 805 773 833 saepe,
796 798 896 834 inquit,
923 799 955 826 ine

156 843 247 879 ampla
267 851 299 871 ac
311 851 458 871 numerosa
471 843 576 871 familia
591 844 632 871 vix
654 843 750 872 decem
769 844 952 872 remanebunt

999 250 1046 277 καὶ
1063 249 1250 285 παραὸιῶνται
1273 249 1320 276 τοῦ
1342 250 1495 284 ἐξενεγκεῖν
1517 250 1552 276 τὰ
1571 251 1638 277 ὀστᾶ
1651 251 1742 278 αὐτῶν
1756 253 1789 278 ἐκ

998 294 1045 321 τοῦ
1061 295 1137 322 οτκου
1147 302 1154 310 ·
1176 295 1225 322 καὶ
1241 295 1299 330 ἐρεῖ
1312 296 1368 326 τοῖς
1381 294 1563 330 προεστηκόσι
1572 294 1619 320 τοῦ
1629 297 1706 323 οἴκου
1718 306 1727 313 ·
1755 298 1789 324 El

999 340 1039 367 έτι
1053 341 1171 376 ὑπάρχει
1186 339 1261 375 παρά
1275 340 1317 367 σοί
1330 348 1337 356 ”
1361 341 1408 367 καὶ
1420 342 1478 376 ὲρεί
1487 349 1494 357 ’
1510 341 1610 368 Οὐκέτι
1622 350 1630 358 ·
1652 343 1698 369 καὶ
1711 344 1769 378 ἐρεῖ
1780 351 1788 358 ο

1000 386 1068 421 Σίγα
1082 394 1090 402 ·
1120 386 1216 413 ἕνεκεν
1232 386 1281 413 τοῦ
1298 385 1336 422 μὴ
1348 386 1483 422 ὀνομάσαι
1502 387 1532 414 τὸ
1544 387 1630 423 ὄνομα
1646 389 1759 425 Κυρίου.
1776 399 1787 415 ο

1000 432 1038 468 (p.
1051 432 1121 469 187)-
1137 433 1216 460 Ἔστι
1234 432 1284 468 μὲν
1297 433 1329 459 ὲκ
1342 432 1392 467 τῆς
1407 433 1556 468 ἑρμηνείας
1572 434 1691 469 ἀσάφεια
1704 435 1791 472 πολλὴ

1000 479 1233 514 συμπεπλεγμένη
1246 479 1285 514 τῷ
1302 478 1393 514 ῥητῷ·
1411 479 1459 505 καὶ
1472 479 1601 516 παρέοικέ
1615 488 1645 506 τε
1659 480 1698 516 τῷ
1713 481 1742 508 ὲν
1755 483 1790 517 τῇ

1001 525 1099 556 κτίσει,
1113 524 1178 550 ἔνθα
1192 524 1258 559 περὶ
1271 524 1325 550 τῶν
1339 524 1483 559 συνθηκῶν
1503 525 1588 559 λέγει,
1606 525 1640 557 ἀς
1655 526 1750 554 Λάδαν
1759 520 1792 553 τὲ

1001 570 1049 596 καὶ
1070 569 1167 596 Ἰακὼὸ
1183 570 1348 604 ἐποιήσαντο
1371 569 1439 605 πρὸς
1452 569 1593 605 ἀλλήλους,
1617 571 1664 598 ἐπὶ
1682 571 1722 606 τῷ
1737 572 1792 598 τῶν

1001 616 1143 652 προϐάτων
1156 616 1191 643 τά
1204 616 1362 651 τικτόμενα,
1372 616 1407 643 τὰ
1420 616 1469 651 μὲν
1486 616 1590 649 τοῦτον,
1604 616 1638 644 τὰ
1651 617 1675 643 δ’
1688 618 1792 644 ἐκεῖνον

1003 662 1088 697 ἔχειν·
1104 663 1167 689 ἐπεὶ
1179 663 1288 689 κάκεῖνο
1302 661 1408 696 ἀσαφὲς
1421 663 1471 698 μέν
1482 662 1557 690 ἐστιν
1577 663 1606 689 ὲν
1620 664 1653 698 τῇ
1667 662 1739 695 λέξει
1751 671 1758 679 ·
1778 665 1793 690 6

1000 707 1030 734 δὲ
1044 707 1107 739 νοῦς
1123 707 1170 734 ἐπὶ
1184 707 1233 744 τῆς
1256 708 1404 744 ἑρμηνείας
1425 708 1532 744 δέχεται
1553 709 1604 744 τὴν
1623 709 1771 744 σαφήνειαν
1782 717 1790 724 ·

1001 752 1108 788 ἀνάγκη
1131 753 1160 780 δὲ
1184 753 1231 780 καὶ
1256 752 1353 780 τούτου
1373 753 1419 780 τὸν
1444 753 1506 781 νοῦν
1523 753 1660 786 ἐκθεῖναι,
1680 755 1794 789 ἀσαφῶς

1002 798 1168 834 δηλούμενον
1185 800 1214 826 ὲν
1227 800 1260 835 τῇ
1279 799 1351 832 λέξει
1365 808 1372 815 ·
1397 799 1521 835 βούλεται
1533 800 1587 836 γὰρ
1604 801 1644 832 είς
1658 801 1794 834 ἀπόδειξιν

1001 845 1051 879 τῆς
1065 844 1293 880 καταληψομένης
1308 845 1406 877 αὐτοὺς
1425 846 1543 881 ἐρημίας
1563 846 1601 878 ὡς
1623 847 1694 880 ἄγαν
1709 846 1794 882 οὖσης

158 877 295 922 homines,
309 890 417 918 cmteris
432 890 497 918 belli
510 889 688 917 multifariam
705 890 868 923 interfectis,
882 898 952 926 quo-

1006 877 1137 926 μεγίστης
1147 877 1226 917 τούτο
1237 877 1335 924 εἰπεῖν,
1348 892 1389 918 ὅτι
1401 877 1544 924 Πολλάκις,
1559 877 1654 927 φησὶν,
1664 893 1693 926 ἐξ
1705 877 1794 924 οἰκίας

160 936 243 964 modo
268 942 294 964 et
314 937 342 964 in
361 936 552 971 superioribus
574 937 653 970 dixit,
665 936 699 964 de
718 941 827 964 centum
857 936 952 964 decem

159 982 372 1017 superfuturus;
394 987 422 1010 et
438 983 473 1010 de
486 983 570 1015 mille.
589 987 712 1010 centum.
730 982 800 1010 Tum
823 983 951 1015 mortuis,

158 1028 263 1062 inquit,
278 1029 396 1060 caneris,
413 1028 430 1055 ii
444 1028 492 1063 qui
509 1028 841 1063 superfuerint,sedulam
850 1028 954 1056 dabunt

157 1081 270 1108 operam
285 1078 314 1100 ut
331 1073 423 1101 omnia
438 1075 642 1101 exstinctorum
662 1081 779 1109 corpora
803 1081 864 1109 qua:
878 1075 954 1102 intus

154 1117 260 1152 jacent.
285 1117 400 1145 efferant
421 1125 453 1145 ac
471 1119 620 1153 sepultura:
639 1119 759 1146 tradant.
784 1118 841 1146 Hoc
861 1124 953 1146 autem

158 1164 208 1196 ait,
228 1164 291 1199 quia
308 1164 477 1192 multimodis
499 1164 580 1200 125.
604 1165 631 1192 in
655 1165 726 1192 bello
749 1171 856 1201 strages
872 1166 950 1198 iinnt,

158 1216 185 1237 et
205 1211 280 1237 varie
297 1210 383 1238 occisi
399 1211 426 1238 in
442 1211 560 1239 diversis
582 1211 682 1238 aedium
699 1212 823 1246 partibus
838 1212 931 1246 jacent
945 1221 952 1239 :

158 1255 314 1291 acciditque
339 1257 489 1287 interdum,
519 1261 550 1284 ut
573 1257 626 1284 hoc
653 1265 745 1284 rerum
771 1261 842 1284 statu
863 1263 955 1292 partes

158 1310 270 1338 quoque
285 1303 384 1330 aedium
395 1303 535 1330 nonnulla
551 1304 744 1331 convellantur
756 1309 783 1331 et
800 1305 826 1332 in
839 1312 954 1339 corpora

158 1349 302 1376 decidant.
318 1348 381 1376 Ideo
394 1349 487 1382 etiam,
509 1354 655 1381 conantur,
673 1349 762 1382 dixit;
776 1353 807 1376 ut
819 1350 955 1385 signiticet

160 1395 328 1422 laboriosum
359 1403 410 1423 nec
435 1395 517 1422 facile
537 1395 639 1423 habere
662 1396 803 1431 negotium
828 1404 876 1424 eos
906 1396 954 1431 qui

158 1440 294 1468 cadavera
328 1441 421 1468 omnia
453 1441 586 1468 mandare
618 1441 766 1476 sepulturae
801 1442 950 1470 voluerint.

160 1486 263 1514 Deinde
281 1487 341 1514 ait:
367 1486 531 1514 lassitudine
549 1486 669 1514 confecti
696 1488 732 1515 ob
751 1487 886 1515 clatorum
909 1495 955 1515 ca-

158 1532 290 1559 daverum
303 1532 518 1564 multitudinem.
534 1533 615 1560 verba
628 1533 752 1568 quaedam
769 1534 879 1566 facient,
896 1542 954 1560 mu-
969 1545 992 1574 ο

160 1581 209 1604 tuo
225 1578 404 1610 altercantes,
421 1586 485 1605 num
500 1579 593 1605 omnia
607 1582 751 1613 exportata
762 1579 818 1606 sint
829 1587 955 1614 corpora,

161 1631 196 1649 an
212 1623 303 1650 adhuc
323 1623 416 1658 aliqua
432 1623 570 1659 insepulta
584 1624 713 1658 iaceant;
732 1628 760 1651 et
779 1624 889 1659 quidem
905 1624 955 1650 do-

161 1669 216 1695 mui
233 1669 412 1703 praesidentes
433 1669 546 1697 denotat
560 1669 621 1696 illos
636 1669 682 1704 qui
700 1677 733 1696 ex
757 1670 886 1697 universo
905 1677 956 1696 nu-

161 1722 249 1746 mero,
269 1714 363 1742 decem
379 1720 589 1743 remanserant:
603 1715 682 1751 quasi
699 1723 765 1750 ergo
783 1716 886 1743 mutuis
899 1724 958 1744 ser—

163 1760 292 1787 monibus
312 1760 349 1787 ita
372 1760 516 1795 loquentes
537 1760 703 1788 introducit.
726 1760 876 1795 Pastquam
892 1769 957 1788 vero

162 1810 261 1833 cuncta
278 1805 376 1833 eil'erre
391 1810 418 1833 et
436 1807 554 1841 sepelire
576 1807 711 1834 cadavera
732 1807 882 1842 potuerint,
899 1812 956 1835 tum

162 1851 272 1879 demum
285 1852 392 1879 nullum
410 1852 466 1887 jam
481 1860 624 1880 remanere
641 1853 675 1881 de
692 1854 836 1882 exstinctis
855 1861 958 1889 cogno-

162 1901 250 1929 scent,
275 1897 339 1925 dum
363 1898 448 1925 altum
472 1898 570 1925 aedium
591 1899 732 1926 silentium
758 1899 899 1930 videbunt.
921 1900 958 1927 ob

163 1937 320 1970 occisorum
342 1944 545 1972 multitudinem
559 1949 587 1972 et
608 1945 806 1979 inquilinorum
832 1945 958 1973 solitudi-

162 1996 237 2022 nem,
253 1990 348 2024 paucis
364 1989 512 2017 admodum
527 1990 631 2017 relictis
647 1991 674 2017 in
693 1995 746 2016 tam
763 1998 861 2025 magna
875 1989 958 2017 domo

162 2039 294 2070 tantoque
310 2036 492 2063 habitantium
512 2043 637 2063 numero.
663 2036 754 2068 Quare
774 2036 904 2063 taciturni
930 2036 957 2062 in

162 2081 265 2109 talibus
278 2082 417 2116 tantisque
432 2082 512 2110 malis
527 2081 607 2114 flent;
621 2088 654 2108 ac
670 2089 753 2116 prope
767 2082 867 2108 amissa
879 2089 956 2112 voce.

163 2132 274 2162 propter
291 2136 420 2156 mrumna:
444 2136 578 2156 summam
595 2128 769 2164 gravitatem,
791 2132 882 2155 mente
899 2132 957 2154 tum

162 2173 316 2205 revolvent.
340 2181 466 2209 quamam
487 2180 542 2201 tam
564 2175 685 2201 diromm
714 2173 848 2200 malorum
872 2179 956 2200 causa

1005 936 1136 970 μεγίστης
1147 936 1360 972 πολυανθρώπου
1373 938 1452 972 μόγις
1463 938 1706 973 ὑπολειφθήσονται
1716 938 1797 971 δέκα,

1003 981 1058 1008 τῶν
1077 981 1179 1008 λοιπῶν
1200 983 1399 1018 ἀναιρεθέντων
1417 985 1446 1010 ὲν
1466 983 1505 1019 τῷ
1519 984 1629 1019 πολέμῳ
1644 984 1793 1016 ποικίλωςο

1004 1025 1058 1055 οἷόν
1073 1037 1099 1054 τι
1113 1028 1160 1055 καί.
1176 1029 1204 1055 έν
1222 1030 1277 1060 τοῖς
1295 1029 1443 1064 ἀνωτέροις
1458 1029 1551 1064 φησὶν,
1572 1030 1613 1056 ὅτι
1630 1029 1662 1056 ὲκ
1678 1030 1728 1064 μέν
1741 1030 1796 1056 τῶν

1004 1074 1112 1106 ἑκατὸν,
1133 1074 1200 1101 δέκα
1225 1074 1351 1110 μενοῦσιν
1363 1083 1371 1090 ·
1398 1076 1495 1102 ἑκατὸν
1511 1075 1551 1107 δὲ,
1576 1077 1609 1102 ἐκ
1623 1076 1677 1102 τῶν
1690 1076 1794 1111 χιλίων.

1005 1117 1082 1151 Εἶτα,
1098 1120 1191 1155 φησὶν,
1205 1119 1395 1147 ἀποθανόντων
1408 1120 1443 1146 τὰ
1456 1119 1572 1155 σώματα
1583 1120 1629 1147 καὶ
1644 1120 1717 1147 ἔνδον
1738 1129 1794 1147 κει-

1006 1166 1093 1201 μένων
1108 1166 1261 1200 ἐξενεγκεῖν
1284 1174 1314 1192 τε
1338 1166 1385 1193 καὶ
1410 1166 1579 1202 παραδοῦναι
1599 1167 1691 1201 ταφῇ·
1717 1166 1797 1192 τοῦτο

1004 1212 1032 1238 δὲ
1046 1211 1119 1246 λέγει
1134 1212 1171 1244 ὡς
1188 1211 1234 1238 καὶ
1253 1211 1300 1238 τοῦ
1316 1211 1435 1247 πολέμου
1454 1211 1642 1247 πολυτρόπους
1655 1211 1797 1244 ποιοῦντος

1004 1257 1053 1289 τὰς
1067 1258 1184 1292 σφαγὰς,
1204 1258 1252 1284 καὶ
1266 1257 1322 1284 τῶν
1335 1257 1540 1293 ἀναιρουμένων
1552 1257 1682 1289 ποικίλως
1697 1258 1726 1283 έν
1738 1258 1798 1284 δια-

1005 1303 1098 1339 φόροις
1109 1303 1205 1339 μέρεσι
1217 1303 1266 1338 τῆς
1297 1303 1386 1334 οἰκίας
1396 1302 1539 1337 κειμένων·
1554 1303 1592 1335 ὡς
1605 1304 1634 1329 ὲν
1648 1302 1761 1339 τοιαύτῃ
1769 1304 1798 1330 δὲ

1006 1350 1173 1375 καταστάσει
1198 1349 1246 1376 καί
1263 1358 1346 1375 τινων
1358 1348 1412 1376 τῶν
1426 1349 1476 1383 τῆς
1487 1349 1577 1381 οἰκίας
1598 1349 1689 1385 μερῶν
1713 1358 1799 1376 κατα-

1006 1395 1158 1430 σπωμένων
1171 1404 1203 1422 τε
1221 1395 1269 1422 καὶ
1288 1395 1444 1422 πιπτόντων
1457 1396 1514 1427 τοῖς
1530 1394 1656 1430 σώμασι’
1682 1396 1721 1430 (p.
1736 1395 1798 1430 188)

1005 1439 1045 1466 διὸ
1068 1440 1115 1467 καὶ
1130 1440 1171 1472 τδ,
1189 1440 1402 1475 παραϐιῶνται,
1419 1438 1497 1467 εἶπεν
1508 1448 1514 1454 ·
1534 1441 1642 1472 δεικνὺς
1652 1441 1692 1467 ὅτι
1709 1449 1799 1476 παρα-

1005 1486 1184 1522 δεὸιασμένον
1207 1487 1255 1514 καὶ
1271 1488 1322 1514 οὐκ
1345 1486 1456 1513 εὔκολον
1479 1487 1648 1522 ἐπιχειροῦσι
1669 1488 1799 1522 πρᾶγμα,

1007 1532 1040 1558 τά
1066 1532 1180 1568 σώματα
1201 1533 1310 1560 ἅπαντα
1331 1532 1489 1568 βουλόμενοι
1513 1534 1585 1568 ταφῇ
1609 1533 1775 1569 παραδοῦναι
1789 1543 1795 1548 ·

1007 1576 1068 1605 εἶτά
1079 1587 1171 1614 φησιν·
1193 1578 1368 1610 ’Δπειπόντες
1384 1578 1453 1614 πρὸς
1474 1579 1504 1605 τδ
1527 1578 1582 1604 τῶν
1604 1579 1799 1613 ἐξενεχθέντων

1007 1623 1109 1658 πλῆθος
1133 1624 1259 1660 νεκρῶν,
1285 1623 1380 1657 λόγους
1404 1624 1436 1658 δή
1456 1632 1531 1655 τινας
1548 1624 1707 1658 ποιήσονται
1731 1623 1799 1658 πρὸς

1006 1669 1139 1704 ἀλλήλους
1151 1669 1426 1704 διαμφισϐητοῦντες·
1450 1670 1504 1696 εἴτε
1520 1669 1575 1705 ἄρα
1602 1669 1691 1696 πάντα
1706 1668 1800 1703 ἐξενή-

1007 1715 1163 1748 νεγκταιτὰ
1178 1714 1303 1749 σώματα,
1318 1713 1373 1740 εῐτε
1390 1715 1437 1740 καὶ
1450 1713 1490 1740 ἔτι
1501 1714 1542 1748 εἴη
1559 1715 1672 1749 κείμενα
1687 1714 1778 1747 ἄταφα
1788 1721 1796 1728 ⁴

1007 1760 1209 1796 προεστηκότας
1222 1758 1275 1793 γὰρ
1297 1759 1346 1794 τῆς
1368 1759 1457 1790 οἰκίας
1480 1759 1579 1791 αὐτοὺς
1603 1759 1666 1791 τοὺς
1690 1759 1799 1785 ὑπολει-

1007 1805 1122 1840 φθέντας
1139 1804 1169 1837 ἐξ
1188 1805 1316 1832 ἁπάντων
1330 1804 1403 1838 λέγει
1416 1805 1480 1836 τοὺς
1498 1805 1574 1837 δέκα,
1590 1802 1646 1831 οἷον
1658 1805 1746 1830 εἰπεῖν
1760 1804 1799 1836 ὡς

1007 1850 1041 1876 ἀν
1054 1850 1123 1885 πρὸς
1138 1849 1270 1884 ἀλλήλους
1284 1850 1414 1884 ἐροῦντας
1429 1858 1459 1875 τε
1475 1849 1578 1876 ταῦτα·
1594 1849 1680 1876 ὲπειδ¹
1695 1849 1728 1875 ἂν
1742 1848 1798 1883 γὰρ

1007 1897 1098 1927 αὐτοῖς
1111 1895 1257 1931 ἐγγένηταί
1276 1904 1334 1928 πως
1352 1896 1440 1922 πάντα
1454 1904 1484 1922 τε
1499 1895 1625 1921 ὲκὸαλεῖν
1647 1895 1695 1921 καὶ
1723 1895 1798 1930 ταφῇ

1008 1943 1175 1978 παραδοῦναι
1192 1943 1227 1969 τὰ
1241 1941 1366 1977 σώματα,
1386 1941 1536 1976 γνώσονται
1554 1942 1602 1977 μὲν
1614 1941 1705 1968 ούκέτι
1719 1941 1800 1972 ὄντας

1007 1989 1129 2023 νεκρούς·
1144 1988 1262 2023 ὁρῶντες
1276 1988 1331 2023 γὰρ
1342 1988 1393 2023 τὴν
1407 1987 1577 2022 κατέχουσαν
1588 1988 1634 2014 τὸν
1652 1985 1726 2014 οἷκον
1738 1988 1800 2021 ἡσυ-

1007 2035 1069 2069 χίαν
1085 2034 1117 2061 ἔκ
1133 2043 1163 2060 τε
1178 2033 1225 2060 τοῦ
1240 2034 1360 2069 πλήθους
1371 2034 1426 2061 τῶν
1439 2033 1617 2060 ἀπολωλότων
1628 2034 1735 2068 καὶτῆς
1744 2034 1799 2060 τῶν

1007 2080 1154 2107 οἰκούντων
1173 2080 1303 2116 ἐρημίας,
1319 2081 1389 2114 ἄγαν
1412 2080 1635 2114 ὑπολειφθέντων
1651 2079 1750 2113 ὀλίγων
1769 2080 1799 2112 ἐξ

1007 2126 1095 2157 οἰκίας
1115 2134 1146 2151 τε
1161 2125 1296 2161 τοσαύτης
1311 2126 1358 2152 καὶ
1377 2125 1496 2160 πλήθους
1513 2125 1568 2151 τῶν
1590 2125 1735 2151 οἰκούντων
1750 2126 1799 2151 αὑ-

1008 2173 1058 2208 τήν
1070 2181 1076 2187 ·
1094 2173 1184 2208 σιωπῇ
1201 2172 1230 2199 δέ
1247 2181 1299 2198 τινι
1314 2171 1528 2206 κατασχεθέντες
1542 2171 1589 2197 ἐπὶ
1601 2171 1737 2202 τοσούτοις
1751 2172 1799 2197 καὶ

161 2219 327 2247 exstiterit:
355 2220 428 2255 quod
453 2228 569 2256 ueinpe.
597 2220 689 2248 divino
711 2220 787 2247 cultu
815 2219 953 2255 neglecto,

1007 2218 1178 2254 τηλικούτοις
1199 2218 1324 2252 γεγονόσι
1339 2219 1450 2249 κακοῖς·
1466 2218 1512 2244 καὶ
1530 2217 1611 2252 μόνον
1625 2217 1676 2243 ούκ
1692 2216 1799 2254 ἀφωνία

161 2270 373 2302 contemptoque
390 2267 555 2295 universalis
571 2267 679 2295 Domini
697 2267 816 2299 nomine,
833 2267 914 2294 idolis
923 2275 953 2294 se

162 2312 329 2346 :uldixerint,
350 2313 454 2341 idcirco
471 2314 529 2341 hanc
550 2313 600 2341 sibi
620 2313 747 2341 evenisse
767 2313 849 2344 mala,
865 2313 953 2348 captio

162 2358 284 2391 vitatem,
305 2359 405 2387 mdium
425 2361 545 2391 ruinam,
572 2360 778 2387 interfectorum
803 2359 954 2386 multitudi-

162 2410 235 2436 nem,
252 2404 436 2432 habitantium
452 2406 641 2433 solitudinem.
658 2404 740 2432 Addit
751 2412 815 2440 ergo
828 2405 905 2440 quasi
918 2405 952 2432 ad

160 2449 300 2476 dictorum
319 2451 555 2479 confirmationem
571 2459 579 2479 :

1005 2264 1153 2299 ληφθέντες
1166 2264 1211 2290 διὰ
1221 2264 1271 2298 τὴν
1292 2263 1346 2290 τῶν
1359 2262 1561 2298 ἐπεληλυθότων
1573 2263 1668 2289 κακῶν
1683 2263 1800 2297 ὑπερσο-

1006 2310 1066 2346 λὴν,
1085 2309 1290 2343 ἀναλογιοῦνται
1307 2308 1367 2334 τότε
1381 2308 1414 2343 δὴ
1429 2308 1483 2334 τῶν
1499 2307 1649 2342 γεγονότων
1664 2308 1799 2334 τοσούτων

1007 2357 1054 2383 καὶ
1065 2354 1232 2391 τηλικούτων
1242 2353 1334 2381 κακῶν
1349 2354 1398 2387 τὴν
1411 2353 1510 2379 αἰτίαν·
1524 2353 1571 2379 καὶ
1582 2353 1622 2379 ὅτι
1636 2353 1706 2387 ὑπὲρ
1717 2349 1754 2378 ὧν
1764 2353 1798 2379 δι’

1007 2403 1136 2438 ἀμελείας
1149 2401 1227 2436 ἔσχον
1241 2400 1289 2435 τὴν
1301 2399 1347 2425 τοῦ
1360 2399 1438 2425 Θείου
1451 2399 1609 2435 θεραπείαν,
1622 2398 1798 2432 ἁπωοάμενοί

1007 2458 1036 2476 τε
1051 2449 1101 2483 τὴν
1117 2446 1265 2482 ὀνομασίαν
1287 2445 1334 2472 τοῦ
1357 2446 1465 2472 πάντων
1482 2445 1596 2480 Κυρίου,
1615 2444 1797 2480 προσανέτχην

161 2497 292 2529 είδὼλοις.
309 2498 348 2533 (p.
367 2499 428 2534 189)
441 2499 527 2525 ταῦτα
540 2499 572 2534 δὴ
593 2498 684 2530 αὐτοῖς
703 2498 852 2533 ἐπελήλυθε
871 2498 906 2525 τὰ
927 2498 1011 2530 κακὰ,
1028 2495 1202 2532 αἰχμαλωσία
1217 2502 1258 2526 τε,
1275 2494 1321 2519 καὶ
1334 2493 1415 2518 οἴκων
1431 2492 1617 2524 κατάπτωσις,
1634 2491 1681 2516 καὶ
1696 2490 1798 2525 πλῆθος

162 2543 371 2579 ἀναιρεθέντων,
388 2545 434 2571 καὶ
447 2545 593 2572 οἰκούντων
610 2545 720 2581 ἐρημία·
735 2546 833 2580 ἐπάγει
847 2545 912 2580 γοῦν
926 2545 1020 2580 ὥσπερ
1036 2545 1075 2575 εἰς
1091 2542 1235 2578 βεϐαίωσιν
1250 2541 1304 2567 τῶν
1317 2538 1480 2575 εἰρημένων·

200 2632 283 2660 Vnus.
298 2632 390 2660 il-l5.
402 2649 436 2653 ——
451 2643 460 2659 ε
477 2633 542 2662 Ideo
556 2642 620 2662 ecce
634 2634 766 2662 Dominus
781 2635 902 2668 mandat,
925 2640 953 2662 et

164 2679 299 2715 percutiet
323 2679 434 2706 domum
453 2687 578 2715 magnam
600 2681 699 2710 ruinis.
716 2685 743 2709 et
766 2681 875 2708 domum
891 2688 952 2715 par-

165 2734 226 2752 vam
242 2725 434 2753 scissionibus.
456 2735 465 2752 ›
480 2726 563 2759 Quasi
576 2734 689 2754 causam
704 2727 810 2758 dicens,
825 2734 875 2753 cur
894 2730 953 2753 tan-

164 2773 211 2799 tus
222 2769 332 2797 futurus
351 2770 387 2797 sit
406 2770 483 2798 labor
497 2775 668 2800 mortuorum
691 2779 807 2807 corpora
825 2771 954 2799 cﬂ'crcndi

199 2875 222 2891 “
250 2874 317 2902 Gen.
348 2882 411 2908 xxx,
431 2874 476 2902 2|.

1039 2633 1116 2668 Στίχ.
1140 2635 1230 2666 ια’-ιγ’.
1256 2646 1291 2652 ——-
1317 2630 1408 2656 «Διότι
1431 2629 1485 2656 ἰδοὺ
1506 2629 1608 2664 Κύριος
1631 2626 1795 2659 ἐντέλλεται,

1007 2681 1053 2708 καὶ
1075 2678 1192 2711 πατάξει
1206 2677 1251 2704 τὸν
1274 2674 1348 2703 οἷκον
1363 2675 1410 2701 τὸν
1426 2674 1512 2710 μέγαν
1529 2675 1676 2709 θλάσμασι,
1692 2674 1737 2699 καὶ
1751 2673 1796 2698 τὸν

1007 2723 1080 2752 οἶκον
1092 2725 1137 2750 τὸν
1156 2723 1253 2758 μικρὸν
1268 2723 1431 2758 ρήγμασιν.)
1454 2721 1498 2752 Ὧς
1515 2721 1570 2756 γὰρ
1586 2720 1634 2755 τὴν
1650 2720 1739 2746 αἰτίαν
1752 2717 1795 2743 λέα-

1009 2780 1074 2805 γων,
1091 2770 1123 2797 δι’
1139 2769 1171 2805 ἦν
1188 2768 1314 2799 τοσοῦτος
1327 2767 1402 2793 ἔσται
1416 2766 1496 2798 πόνος
1509 2766 1554 2792 τοῦ
1570 2766 1603 2793 τὰ
1619 2765 1733 2800 σώματα
1743 2763 1796 2790 τῶν
