1973 3066
195 138 250 166 9.83

716 147 988 178 C(MMENTARIUS
1005 151 1038 178 IN
1057 151 1160 180 AMOSI
1174 152 1249 179 (Ἇῐ).
1279 152 1321 180 VI.

1759 152 1812 179 986

196 198 386 247 ἀποθανόντων
401 201 571 237 ἐξενεχθέντα
587 205 771 242 παραδοθῆναι
784 211 866 244 ταφῇ,
882 211 980 246 Προσέ-

1033 219 1064 238 ac
1083 212 1228 246 sepultura:
1244 212 1378 243 tradendi;
1394 216 1534 246 propterea
1551 211 1632 243 Deus.
1650 211 1749 247 inquit,
1765 212 1812 238 (Ιο-

195 244 272 276 ταξε,
287 246 379 280 φησὶν,
392 248 407 273 ὀ
420 247 496 280 Θεὸς,
512 249 560 275 καὶ
569 249 612 276 διὰ
625 250 704 278 τοῦτο
712 253 800 279 πάντα
808 251 881 280 οἰκον
893 244 979 289 μέγαν

195 298 227 335 τε
243 290 313 326 [καὶ]
329 292 436 327 μικρὸν,
459 293 504 320 τὸν
528 294 577 328 μὲν
594 298 720 331 μερικαῖς
739 299 893 333 παραδώσει
916 300 979 335 βλά-

196 334 268 366 εαις’
284 335 362 362 τοῦτο
373 337 423 372 γὰρ
435 337 517 372 λέγει,
528 338 671 374 ,ρήγμασισ
686 341 732 368 τδν
747 343 774 369 δὲ
786 345 842 375 τοῖς
853 344 977 371 καθόλου·

196 379 227 406 τὺ
241 380 304 416 γὰρ,
320 382 482 417 θλάσμασι.
498 384 577 412 τοῦτο
592 386 675 421 δηλοῖ·
690 388 721 413 οὒ
737 388 791 424 γὰρ
804 389 881 416 τοῦτο
893 390 977 424 λέγει,

196 425 238 452 ὅτι
251 426 297 453 τδν
316 428 365 462 μὲν
378 428 464 463 μέγαν
480 430 624 466 θλάσμασι,
642 432 686 460 τὸν
704 433 732 460 δὲ
747 435 848 471 μικρὸν
858 436 978 471 ρήγμασι

196 472 341 499 ιτα-τάπερ
359 473 416 500 ἀλλ’
429 475 469 501 ὃτι
482 475 543 502 οὔτε
560 477 646 512 μέγας
660 477 734 511 οἰκος
747 479 917 514 διαφεύξεται
929 482 978 518 τὴν

195 517 342 552 τιμωρίαν,
357 518 418 546 οὔτε
432 520 547 556 βραχύς·
561 521 697 559 διαφόρως
712 524 751 556 δὲ,
773 525 797 551 οἱ
812 526 862 560 μὲν
879 527 911 553 ἐκ
931 527 979 562 μέ-

198 570 262 597 ρους
277 564 397 597 δέξονται
412 565 460 601 τὴν
475 566 585 602 βλάϐην,
597 569 621 594 οἱ
632 569 660 595 δὲ
675 569 721 596 καί
737 571 978 607 κατενεχθήσονται

197 608 337 641 παντελῶς
348 618 356 625 ·
373 608 417 637 οἷα
431 611 463 646 δὴ
482 612 604 646 γίνεσθαι
620 614 742 649 πέφυκεν
760 616 790 642 ἐν
805 616 915 652 πολέμῳ
930 617 979 644 καὶ

197 654 341 690 πολιορκίᾳ
359 656 453 692 πολλῇ.
472 658 526 685 Καὶ
542 659 572 686 τὺ
585 659 639 687 τῶν
653 661 804 696 εἰρημένων
815 662 979 699 ἀναντίρρη-

197 709 242 727 τον
254 701 360 734 δεικνὺς
370 704 475 738 ἐπάγει·
495 705 541 732 «Εἰ
552 705 693 738 διώξονται
707 707 736 734 ἐν
746 707 859 743 πέτραις
871 708 958 736 ἵπποι.
966 718 975 735 ι

204 746 273 773 Ἀλλ’
282 747 344 774 οὔτε
361 748 461 780 ἵππους
472 758 514 782 τις
524 751 594 778 κατὰ
603 752 710 787 πετρῶν
724 752 845 780 ὲλάσειεν
860 753 904 786 ἂν,
920 753 977 780 ἀλλ’

197 791 260 818 ἐνθα
277 795 415 829 συνεργεῖν
438 795 484 822 τὸν
505 796 586 823 τόπον
614 797 754 832 συμϐαίνει
770 797 809 833 τῷ
824 798 916 834 δρόμῳ
931 799 978 826 ἵπ-

198 845 267 863 πωνθ
283 837 339 864 οὒτ’
350 839 383 866 ἃν
392 840 456 875 ὑμῖν
472 841 615 875 ἐπεγένετο
629 842 725 874 ταῦτα,
738 843 763 870 εἰ
777 843 814 879 μὴ
826 843 875 879 τὴν
887 844 977 871 αἰτίαν

1032 265 1090 284 mos
1105 265 1200 285 omnes
1222 265 1269 285 seu
1288 265 1399 292 magnas
1416 266 1463 285 seu
1477 266 1583 292 parvas.
1600 259 1698 293 partiti:
1721 258 1813 292 aliquo

1031 302 1195 330 detrimento
1214 303 1326 336 alliciet;
1346 302 1373 330 id
1394 303 1466 329 enim
1482 303 1627 330 denotatur
1639 303 1718 338 125
1730 305 1812 330 verbo

1032 347 1211 375 scissionibus
1222 356 1230 381 ;
1242 347 1509 382 partimuniversali,
1522 356 1583 375 nam
1602 348 1713 375 verbum
1726 348 1812 376 nuinis

1032 393 1084 420 hoc
1093 393 1168 420 dicit.
1180 392 1273 427 Neque
1283 398 1373 420 tamen
1381 392 1468 420 divise
1478 393 1554 425 dicit,
1565 393 1674 420 domum
1686 401 1811 429 magnam

1032 439 1130 470 ruinis,
1149 446 1259 474 parvam
1278 439 1458 466 scissionibus
1479 440 1629 473 percutiet;
1647 438 1705 470 sed,
1724 446 1813 473 neque

1031 492 1156 519 magnam
1166 483 1289 515 domum,
1306 491 1394 518 neque
1401 483 1524 518 exiguam
1534 483 1635 518 absque
1644 490 1723 518 ptent:
1735 483 1793 510 fore
1803 493 1810 510 :

1031 534 1158 557 caeterum
1176 529 1293 561 diverse,
1311 529 1378 556 alias
1394 529 1502 564 quidem
1515 529 1608 556 domos
1618 528 1813 556 detrimentum

1030 581 1172 609 passurus,
1184 573 1251 601 alias
1262 574 1372 600 omnino
1384 572 1441 600 fore
1457 573 1676 607 prosterncndas,
1690 577 1770 607 prout
1784 573 1811 600 in

1031 618 1102 646 bello
1115 618 1297 653 diuturnaque
1314 617 1455 645 obsidione
1467 617 1603 645 usuvenit‘.
1625 616 1657 643 Et
1675 617 1810 644 dictorum

1030 663 1217 691 certitudinem
1229 663 1385 696 ostendens,
1407 662 1541 692 subditzt
1565 661 1594 689 Si
1615 667 1813 696 persequentur

1031 710 1058 736 in
1080 709 1164 744 petris
1177 709 1251 744 equi.
1270 717 1279 734 ι
1294 708 1377 736 Nemo
1393 712 1467 735 certe
1477 715 1562 742 equos
1576 715 1624 742 per
1638 711 1728 742 petras
1741 711 1811 741 aget.

1031 755 1078 781 sed
1101 754 1166 781 illuc
1181 754 1271 788 potius
1288 753 1333 780 ubi
1356 753 1433 781 locus
1455 753 1545 780 favere
1568 759 1702 787 equorum
1719 752 1811 779 cursui

1031 804 1129 835 potest.
1144 799 1189 827 Sic
1204 807 1239 828 ne
1258 800 1335 827 vobis
1352 799 1460 834 quidem
1475 799 1532 827 hazc
1548 799 1737 834 contigissent,
1760 798 1812 826 nisi

1031 852 1113 873 causa
1133 844 1250 880 patiendi
1271 853 1302 872 ea
1324 852 1371 879 per
1386 852 1436 871 vos
1457 845 1615 872 exstitisset.
1634 853 1644 869 ι
1671 843 1699 870 Si
1718 844 1814 870 retice-

198 884 273 910 αὒτοὶ
288 885 439 921 παρέσχετε
452 887 499 913 τοῦ
518 887 632 915 τοιαῦτα
645 889 751 916 παθεῖν.
770 898 779 915 ι
790 889 822 915 Εἰ
837 897 978 925 παρασιυμ

1033 892 1097 918 bunt
1111 891 1144 917 ad
1163 889 1287 917 feminas.
1308 899 1317 915 ›
1338 888 1429 924 Neque
1441 888 1562 923 profecto
1576 889 1603 915 in
1625 888 1713 915 medio
1738 888 1814 914 feini-

197 930 328 965 πήσονται
341 931 370 958 ἐν
383 931 529 967 θηλείαις.»
547 934 585 968 (p.
597 934 660 969 190)
676 935 714 961 Οὐ
725 935 773 970 μὲν
787 934 847 961 οῡδέ
860 935 889 962 ἐν
901 934 978 970 μέσῳ

197 977 310 1011 θηλειῶν
327 977 404 1004 ἰπποι
414 978 564 1012 γεγονότες,
584 979 699 1015 ἡσυχίαν
721 980 858 1014 ἀγάγοιεν.
876 987 979 1014 παρου-

197 1022 251 1049 σῶν
263 1023 317 1050 τῶν
329 1023 456 1056 δέξασθαι
463 1024 512 1060 τὴν
521 1024 549 1057 ἐξ
560 1025 648 1051 αὐτῶν
656 1025 744 1060 ὁρμὴν
756 1026 819 1052 οἴων
828 1033 858 1051 τε
877 1024 976 1051 οὐσῶν“

197 1067 266 1094 ὥστε
277 1067 336 1094 οὐδὲ
355 1068 417 1099 τοὺς
430 1069 574 1104 πολεμίους
587 1070 702 1105 ἡσυχίαν
713 1071 828 1104 ἀγαγεῖν
849 1070 891 1104 ἐφ’
913 1069 978 1104 ὑμῖν

197 1113 316 1145 δυνατὸν.
336 1115 384 1149 τὴν
403 1114 529 1150 ἀφορμὴν
547 1115 590 1142 δια
607 1115 656 1150 τῆς
678 1116 849 1151 παρανομίας
865 1115 978 1143 δεδωκό-

1028 944 1125 964 narum
1139 936 1201 970 equi
1213 936 1364 970 quiescent,
1378 935 1557 970 pnesentibus
1571 934 1624 961 illis
1637 942 1696 968 qua:
1706 934 1813 961 illorqu

1028 982 1158 1017 impetum
1174 982 1315 1009 admittere
1336 984 1461 1016 possunt.
1489 980 1535 1007 Sic
1556 988 1645 1015 neque
1662 980 1755 1007 hostes
1778 979 1813 1005 ad

1029 1033 1076 1053 vos
1102 1025 1311 1061 aggrediendum
1333 1025 1435 1053 inertes
1455 1029 1545 1057 erunt,
1569 1024 1668 1052 vestris
1691 1024 1813 1058 peccatis

1027 1071 1197 1099 occasionem
1212 1070 1393 1105 praebentibus
1409 1074 1438 1097 ut
1450 1071 1486 1097 ita
1499 1074 1594 1097 contra
1609 1077 1656 1096 vos
1667 1077 1696 1096 se
1706 1072 1811 1103 gerant.

1029 1127 1040 1144 ι
1054 1117 1122 1151 Quia
1137 1117 1312 1144 convertistis
1328 1117 1354 1143 in
1367 1116 1486 1143 furerent
1499 1115 1644 1150 judicium,
1659 1118 1686 1142 et
1695 1113 1813 1141 fructum

197 1168 250 1185 των
275 1159 351 1194 ὑμῶν
374 1159 420 1187 τοῦ
448 1160 559 1188 τοιαῦτα
583 1161 710 1196 γενέσθαι
736 1162 801 1197 παρ’
825 1161 914 1188 αὐτῶν
937 1162 976 1194 εἰς

1033 1163 1139 1196 iustitize
1162 1163 1190 1189 in
1206 1161 1426 1189 amaritudinem.
1446 1170 1455 1186 ι
1474 1160 1552 1188 Nunc
1575 1168 1621 1191 en,
1646 1159 1745 1194 inquit,
1770 1168 1815 1185 ve-

197 1204 279 1240 ὑμᾶς.
295 1214 304 1231 ‹
321 1205 382 1232 Ὅτι
397 1206 575 1242 ἐξεστρέψατε
587 1207 627 1239 εἰς
643 1207 727 1243 θυμὸν
741 1209 836 1244 κρῖμα,
847 1209 893 1235 καὶ
907 1217 976 1243 καρ-

197 1248 247 1275 πὸν
257 1249 428 1285 δικαιοσύνης
442 1250 482 1282 εἰς
501 1251 622 1286 πικρίαν.
639 1260 648 1276 ι
669 1251 726 1278 Νῦν
739 1251 806 1287 γὰρ,
820 1251 911 1286 φησὶν,
928 1251 977 1285 ἀφ’

197 1290 235 1320 ὧν
248 1293 438 1328 διεπράξασθε,
454 1295 580 1322 πείσεσθε
613 1297 736 1328 τοιαῦτα,
757 1297 797 1328 εἰς
812 1296 896 1332 ὀργὴν
914 1304 978 1330 συγ-

197 1340 357 1375 κινήσαντες
370 1341 416 1367 τὸν
432 1340 508 1374 Θεὸν,
524 1341 593 1368 ὥστε
610 1342 701 1378 κρῖναί
715 1350 744 1368 τε
760 1342 794 1369 τὰ
811 1342 871 1369 καθ’
887 1342 977 1378 ὑμᾶς’

197 1385 245 1411 καὶ
267 1385 359 1421 ἐπειδὴ
375 1386 483 1414 δικαίαν
504 1385 574 1414 οἶδεν
591 1387 738 1423 ὑφέξοντας
759 1388 808 1424 τὴν
829 1387 977 1423 τιμωρίαν,

197 1429 245 1466 τὴν
254 1431 388 1468 τοσαύτην
397 1433 546 1467 ἐπαγαγεῖν
556 1433 619 1468 ὑμῖν
629 1433 682 1460 τῶν
693 1433 786 1460 κακῶν
794 1433 842 1469 τὴν
854 1433 976 1469 πικρίαν·

196 1475 270 1510 λέγει
288 1477 316 1504 δὲ
335 1478 415 1505 πάλιν
432 1478 526 1506 καὶτὰ
542 1479 606 1514 παρ’
620 1479 710 1506 αὐτῶν
725 1479 755 1505 οὐ
772 1479 885 1510 δεόντως
906 1479 980 1513 γινό-

200 1530 277 1556 μενα,
297 1523 368 1558 ὑπὲρ
381 1520 419 1550 ὧν
432 1523 464 1559 δὴ
486 1524 521 1551 τὰ
535 1524 722 1560 προρρηθέντα
741 1524 914 1551 ἐπελεύσεται
931 1524 979 1551 αὒ-

1028 1209 1094 1236 stris
1109 1208 1190 1243 digna
1206 1207 1285 1234 factis
1298 1207 1357 1234 haec
1372 1206 1523 1241 patiemini,
1541 1205 1596 1234 Deo
1611 1205 1645 1232 ad
1659 1205 1727 1233 iram
1740 1212 1815 1232 com-

1028 1258 1103 1282 moto
1128 1258 1159 1280 ut
1179 1252 1282 1288 judicio
1306 1251 1340 1280 de
1361 1252 1438 1280 vobis
1462 1251 1604 1284 decernat,
1625 1255 1652 1279 et
1674 1251 1739 1286 quia
1766 1258 1816 1281 vos

1028 1307 1136 1336 pcenam
1159 1298 1270 1326 meritos
1292 1299 1355 1332 scit,
1373 1299 1444 1326 hanc
1467 1298 1600 1325 malorum
1620 1297 1697 1325 vobis
1716 1297 1815 1326 inferet

1028 1344 1247 1373 amaritudinem.
1270 1343 1331 1371 Mox
1357 1343 1448 1370 denuo
1471 1343 1615 1370 inhoneste
1637 1342 1672 1369 ab
1698 1342 1733 1369 iis
1754 1345 1816 1367 acta

1027 1389 1146 1420 reeitat,
1173 1395 1290 1422 quorum
1320 1394 1404 1414 causa
1432 1386 1563 1421 praedicta
1587 1386 1659 1413 mala
1680 1386 1814 1412 evenient.

1032 1444 1041 1460 ι
1053 1433 1104 1467 Qui
1114 1432 1187 1460 nullo
1195 1433 1264 1459 bono
1273 1431 1356 1458 verbo
1363 1430 1502 1462 lzetamini,
1509 1428 1668 1465 quidicitis:
1679 1428 1773 1456 Nonne
1783 1436 1818 1455 ex

1029 1484 1122 1507 nostra
1139 1477 1298 1505 fortitudine
1310 1483 1414 1503 cornua
1426 1474 1579 1502 habemus?
1596 1483 1605 1500 ι
1619 1473 1816 1508 Prophetarum

1031 1523 1155 1552 consiliis
1178 1531 1233 1551 non
1253 1522 1336 1550 vultis
1360 1521 1523 1553 auscultare,
1537 1520 1583 1555 qui
1608 1527 1656 1546 vos
1675 1524 1817 1555 peccantes

197 1570 252 1600 τοῖς
264 1569 346 1596 κακά·
365 1571 410 1597 «Ol
424 1558 684 1607 εὐφραινόμενοι-ἐπ’
695 1571 781 1599 οὐδενὶ
790 1571 862 1606 λόγῳ
873 1570 978 1606 ἀγαθῷ,

1033 1567 1292 1599 commonefaciunt,
1306 1571 1388 1601 atque
1403 1567 1436 1593 ad
1452 1567 1598 1593 honestum
1614 1568 1752 1595 remeant,
1768 1564 1816 1591 sed

197 1615 222 1640 oi
234 1615 374 1648 λέγοντες·
390 1616 446 1642 Οὐκ
459 1617 488 1643 ἐν
502 1618 535 1652 τῇ
552 1617 711 1652 ἰσχύῐὴμῶν
724 1617 822 1653 ἔχομεν
833 1617 953 1653 κέρατα;
968 1626 978 1643 ι

198 1660 265 1692 Ταῖς
285 1661 335 1696 μὲν
356 1661 410 1697 γὰρ
423 1663 477 1689 τῶν
490 1663 636 1698 προφητῶν
654 1663 818 1699 συμϐουλαῖς
838 1663 981 1699 προσέχειν

199 1707 248 1733 οὐκ
265 1707 369 1734 ἐθέλετε
388 1708 648 1744 ὑπομιμνησκόντων
672 1709 745 1744 ὑμᾶς
763 1709 980 1744 ἁμαρτάνοντας,

199 1753 247 1779 καὶ
261 1752 450 1787 ἐπαναγόντων
473 1754 519 1781 ἐπὶ
532 1754 562 1781 τὸ
576 1754 645 1782 δέον·
665 1756 699 1790 τῇ
713 1755 741 1781 δέ
762 1755 850 1790 οἰκείᾳ
868 1755 982 1791 δυνάμει

1029 1615 1128 1643 vestris
1158 1614 1263 1641 viribus
1296 1620 1404 1648 semper
1435 1612 1586 1639 tribuentes
1621 1611 1654 1638 de
1692 1610 1817 1638 hostibus

1030 1660 1138 1690 cunctis
1151 1659 1308 1691 victoriam,
1324 1658 1399 1685 nihili
1414 1657 1559 1685 aestimatis
1578 1656 1714 1684 minarum
1730 1657 1817 1691 gravi-

1030 1713 1123 1739 tatem.
1137 1707 1214 1743 quasi
1231 1713 1305 1733 nunc
1317 1712 1427 1740 quoque
1436 1703 1570 1731 obsistere
1585 1702 1711 1731 hostibus
1729 1703 1818 1730 valea-

1031 1755 1077 1782 tis.
1095 1754 1166 1787 Quid
1178 1753 1266 1788 ergo?

199 1795 370 1832 λογισάμενοι
390 1797 420 1824 τὸ
442 1798 555 1826 πάντοτε
579 1799 687 1826 πάντων
709 1800 908 1835 κεκρατηκέναι
934 1799 988 1826 τῶν
1010 1798 1131 1835 ἐχθρῶν,
1152 1799 1181 1825 ἐν
1203 1797 1291 1824 οὐδενὶ
1319 1796 1374 1823 τῶν
1404 1795 1606 1832 ἀπειλουμένων
1639 1793 1746 1821 τίθεσθε
1768 1794 1818 1827 τὴν

201 1842 346 1879 βαρύτητα,
361 1844 398 1876 ῶς
415 1844 448 1872 ἂν
461 1845 607 1880 ἀρκοῦντες
628 1847 675 1873 καὶ
695 1846 742 1874 νῦν
755 1847 911 1882 ἀντιστῆναι
924 1848 980 1878 τοῖς
994 1845 1141 1881 πολεμίοις.
1160 1844 1192 1871 Τί
1206 1842 1270 1876 οὖν;

235 1889 307 1923 Στίχ.
328 1889 368 1915 ιδ’.
380 1904 416 1909 -—
429 1899 439 1916 ι
458 1891 529 1917 Διὸτι
549 1891 602 1917 ἰδοὺ
615 1892 671 1925 ἐγὼ
686 1892 821 1927 ἐπεγείρω
836 1891 878 1926 ἐφ’
892 1892 980 1926 ὑμᾶς,

199 1931 273 1965 οἶκος
294 1934 411 1970 Ἰσραὴλ,
429 1935 496 1970 φησί
510 1936 611 1971 Κύριος
624 1937 639 1962 ὁ
655 1936 731 1970 Θεὸς,
749 1937 882 1972 στρατιῶν
894 1937 980 1968 έθνοςσ

201 1980 248 2005 καὶ
261 1979 434 2014 ἐκθλίψουσιν
449 1980 522 2016 ὑμᾶς
543 1981 590 2009 τοῦ
612 1982 650 2018 μὴ
671 1982 800 2009 εἰσελθεῖν
817 1983 857 2014 εἰς
878 1982 980 2018 Δίμὰθ,

202 2025 246 2058 (p.
275 2025 343 2060 191)
367 2026 414 2052 καὶ
439 2026 492 2058 ἕως
512 2026 558 2053 τοῦ
583 2027 733 2063 χειμάρρου
755 2027 810 2055 τῶν
830 2027 949 2064 δυσμῶν.
968 2037 978 2054 ι

206 2070 289 2105 Ὑπὲρ
301 2070 333 2106 δὴ
343 2070 444 2105 ταύτης
457 2071 544 2106 ὑμῶν,
555 2072 632 2107 φησὶ,
644 2072 694 2107 τῆς
707 2072 829 2108 γνώμης,
843 2073 857 2099 ὁ
873 2073 982 2100 πάντων

201 2118 254 2144 τῶν
270 2118 424 2154 ἁπανταχοῦ
446 2118 567 2146 δυνατῶν
583 2118 692 2154 Κύριος,
710 2119 836 2155 ἐπεγερεῖ
854 2119 917 2150 τοὺς
934 2128 982 2145 πο-

201 2163 309 2198 λεμίους
324 2165 405 2199 ὑμῖν,
423 2164 554 2204 μεγίστην
575 2164 724 2196 ἐπάξοντας
744 2164 798 2191 τῶν
819 2164 912 2191 κακῶν
934 2164 983 2199 τὴν

202 2210 310 2244 πεῖραν,
325 2209 363 2240 ὡς
377 2209 431 2236 ἀπὸ
454 2201 543 2244 Ᾰίμὰθ
558 2209 648 2244 (λέγει
663 2209 692 2235 δὲ
709 2209 790 2236 τόπον
812 2209 894 2246 ὁρίων
914 2218 981 2246 προ·
998 2201 1019 2228 Ῑ)

202 2256 325 2290 κείμενον
338 2255 392 2282 τῶν
405 2255 495 2287 αὐτοῖς
505 2256 714 2291 προσηκόντων)
724 2256 788 2291 ἄχρι
800 2257 916 2292 πέρατος
930 2256 984 2283 τῶν

202 2302 284 2337 ὁρίων
298 2301 375 2336 ὑμῶν
388 2301 509 2334 ἅπαντας
524 2303 663 2337 περισχεῖν
675 2302 705 2329 τὸ
721 2302 814 2329 κακόν·
831 2302 904 2335 λέγει
919 2301 984 2336 γοῦν

203 2348 232 2372 ὲν
255 2348 314 2378 ταῖς
335 2346 488 2379 Βασιλείαις
505 2347 569 2382 περὶ
595 2346 735 2382 ’Ῑεροὸοὰμ
749 2347 795 2373 τοῦ
822 2347 915 2379 Ἰωὰς,
938 2347 981 2381 ἐφ’

202 2388 286 2426 οὗπερ
302 2391 348 2418 καὶ
364 2392 379 2418 ὁ
394 2393 536 2427 προφήτης
552 2391 662 2425 γέγονεν
676 2387 754 2423 οὗτος
776 2391 872 2423 αὐτός’
890 2401 899 2417 ι
921 2392 984 2418 Ἀπ-

202 2437 368 2472 εκατέστησε
384 2438 414 2464 τὸ
430 2438 503 2473 ὄριον
522 2437 630 2473 Ἰσραὴλ
646 2437 699 2464 ἀπὸ
711 2437 813 2464 εἰσόδου
829 2437 918 2472 Αἰμὰο
931 2437 984 2469 ἓως

203 2484 251 2517 τῆς
275 2483 411 2518 θαλάσσης
425 2483 476 2517 τῆς
500 2483 567 2519 πρὸς
584 2484 711 2518 ἑσπέραν.
725 2492 734 2509 ι
759 2483 803 2514 Ὠς
825 2483 902 2518 δῆλον
916 2482 984 2509 εἶναι

205 2530 245 2555 ὅτι
259 2530 361 2565 πέρατα
374 2529 428 2556 τῶν
446 2528 649 2565 Ἱσραηλιτικῶν
661 2529 743 2563 ὁρίων
757 2526 792 2565 ἧν
808 2528 841 2555 τὰ
854 2530 913 2560 ταῖς
928 2528 985 2554 ὀνο-

207 2574 315 2608 μασίαις
338 2574 490 2610 δηλούμενα
511 2573 640 2605 ταύταις⁴
661 2574 784 2609 βούλεται
807 2574 861 2609 γὰρ
883 2574 985 2606 εἰπεῖν,

204 2620 244 2645 ὁτι
270 2619 389 2647 Ἐκεῖθεν
404 2619 556 2655 ἀρξάμενον
571 2619 601 2645 τὸ
620 2619 703 2646 κακὸν
724 2619 827 2650 πάντας
849 2619 920 2654 ὑμᾶς
936 2620 984 2645 ἐπ-

204 2664 352 2695 ελεύσεται,
367 2665 405 2696 ὼς
420 2665 532 2700 μηδενὸς
546 2663 704 2699 δυνηθέντος
718 2664 771 2690 τῶν
788 2663 924 2699 πολεμίων
937 2662 986 2694 τὰς

204 2710 297 2744 χεῖρας
312 2709 464 2744 διαφυγεῖν,
476 2709 505 2741 ἐξ
515 2709 605 2735 αὐτῶν
617 2709 670 2735 τῶν
682 2708 849 2744 πραγμάτων
861 2708 985 2743 αἴσθησιν

204 2754 274 2789 ὑμᾶς
288 2754 398 2787 λαϐεῖν,
415 2755 456 2781 ὄτι
475 2754 535 2781 οὔτε
551 2753 682 2790 πρότερόν
699 2763 724 2780 τι
741 2753 810 2780 κατὰ
833 2754 886 2781 τῶν
905 2754 983 2780 toil:—

240 2841 264 2861 “
285 2850 310 2869 tv
331 2841 386 2878 ιίιε
432 2851 488 2877 xiv,
515 2844 560 2871 ‘25.

1070 1890 1152 1917 Vens.
1169 1889 1212 1916 M.
1226 1903 1262 1908 —
1275 1897 1286 1914 ε
1300 1887 1404 1914 Idcirco
1426 1894 1460 1913 en
1485 1893 1535 1921 ego
1559 1883 1663 1912 snscito
1685 1883 1818 1910 adversus

1034 1945 1093 1968 vos,
1114 1936 1212 1963 domus
1234 1933 1355 1963 lsraelis.
1377 1932 1496 1966 gentium
1519 1929 1680 1960 exercitum,
1700 1928 1746 1962 qui
1769 1935 1818 1954 vos

1034 1985 1188 2012 conterent,
1210 1979 1356 2015 quominus
1381 1975 1573 2012 ingrediamini
1600 1976 1627 2001 in
1645 1973 1766 2004 Emath,
1791 1977 1818 1999 et

1035 2034 1122 2062 usque
1143 2025 1175 2053 ad
1199 2023 1349 2052 occidentis
1374 2025 1533 2049 torrentem.
1552 2029 1562 2046 ›
1596 2019 1676 2054 126
1699 2017 1740 2045 0b
1769 2018 1818 2044 has

1033 2080 1099 2108 ergo
1120 2070 1300 2106 c03itationes
1322 2071 1438 2099 vestras,
1461 2065 1582 2093 omnium
1602 2067 1736 2099 quotquot
1758 2062 1819 2089 ubi-

1035 2125 1089 2153 que
1105 2119 1170 2144 sunt
1192 2113 1345 2150 potentium
1362 2112 1506 2143 Dominus,
1520 2110 1616 2138 hostes
1631 2109 1710 2137 vobis
1730 2109 1819 2137 susci-

1035 2163 1113 2195 tabit,
1130 2161 1176 2197 qui
1193 2161 1339 2187 maximam
1359 2158 1437 2185 vobis
1450 2157 1583 2184 malorum
1598 2156 1652 2183 vim
1671 2154 1817 2184 adducent.

1034 2209 1071 2235 ita
1090 2211 1118 2234 ut
1143 2207 1177 2234 ab
1200 2204 1310 2233 Emath
1328 2203 1407 2239 (dicit
1422 2206 1513 2230 autem
1539 2202 1628 2229 locum
1647 2200 1817 2228 terminalem

1033 2252 1155 2281 ﬁnitimis
1177 2251 1285 2278 illormn
1307 2247 1457 2284 obiectum)
1482 2254 1571 2282 usque
1593 2246 1627 2273 ad
1656 2245 1750 2272 [inium
1773 2252 1820 2271 ve-

1032 2304 1151 2328 strorum
1172 2296 1383 2326 exlremitatem,
1407 2293 1570 2321 universalis
1589 2291 1680 2319 futura
1695 2291 1731 2318 sit
1745 2290 1819 2317 cala-

1035 2344 1128 2372 mitas.
1148 2342 1218 2377 Ergo
1242 2340 1364 2376 loquitur
1377 2339 1429 2367 sub
1451 2338 1544 2373 regnis
1564 2336 1720 2364 Jeroboami
1737 2334 1820 2362 Joaso

1036 2389 1132 2425 geniti,
1146 2388 1225 2422 cujus
1244 2393 1341 2421 reapse
1353 2388 1433 2412 aetate
1451 2384 1496 2410 hic
1515 2384 1573 2418 ipse
1587 2381 1718 2417 propheta
1734 2379 1817 2406 vixit:

1039 2424 1048 2461 ζ
1067 2433 1215 2461 Constituit
1229 2428 1503 2467 (Jeroboamus'Joasi
1523 2427 1605 2459 ﬁlius)
1624 2428 1692 2453 lines
1710 2424 1818 2452 lsraelis

1037 2480 1071 2508 ab
1086 2478 1198 2506 introitu
1212 2475 1332 2508 Emath,
1343 2481 1429 2509 usque
1443 2473 1475 2500 ad
1487 2479 1563 2499 mare
1579 2470 1748 2498 occidentale
1757 2470 1791 2501 ",
1807 2479 1817 2494 ι

1039 2526 1076 2553 ita
1101 2528 1131 2552 ut
1160 2526 1266 2551 constet
1292 2522 1359 2549 lines
1384 2518 1548 2547 lsraeliticos
1565 2517 1672 2548 fuisse,
1698 2516 1744 2551 qui
1775 2515 1819 2542 his

1039 2569 1194 2598 nominibus
1221 2568 1395 2595 denotamur.
1420 2563 1516 2591 Dicere
1537 2566 1628 2590 autem
1655 2561 1725 2593 vult,
1749 2560 1821 2587 mala

1041 2617 1117 2644 illinc
1132 2613 1212 2641 initio
1227 2612 1322 2643 ducto,
1334 2618 1383 2637 vos
1401 2616 1510 2644 quoque
1532 2614 1628 2635 omnes
1648 2609 1820 2640 correptum.

1042 2661 1105 2696 quia
1123 2666 1204 2686 nemo
1220 2657 1341 2684 hostium
1356 2662 1454 2682 manus
1472 2652 1588 2680 evadere
1607 2651 1715 2686 poterit.
1731 2651 1820 2683 Atque

1041 2693 1102 2733 hinc
1117 2712 1150 2731 ex
1169 2703 1250 2729 rebus
1271 2701 1339 2736 ipsis
1354 2698 1539 2734 cognoscetis,
1557 2704 1592 2723 ne
1605 2694 1742 2731 prmterilo
1757 2693 1824 2727 qui-

1037 2752 1097 2779 dem
1116 2755 1237 2784 tempore
1255 2745 1402 2782 quidquam
1423 2751 1480 2777 vos,
1502 2743 1606 2777 absque
1628 2740 1674 2767 Dei
1690 2738 1823 2774 potentia.
