1973 3066
1340 117 1344 123 ³
1368 118 1462 132 *βαρύ
1476 114 1519 134 ,νὺ

149 145 201 174 287
741 142 914 173 THEODORI
933 137 955 171 Μ

1006 142 1173 172 SUES'I‘ENI
1382 131 1385 132 ⁷
1479 131 1485 134 ’
1718 131 1770 164 es:

151 205 281 232 adversus
297 205 391 232 hostes
410 204 537 232 valuisse.
552 199 622 232 Ecce
640 201 712 232 enim
725 211 810 237 nunc,
826 204 934 232 subtra-
951 225 955 236 Α

1006 201 1056 228 ,ίων
1069 200 1130 235 δίχα
1143 201 1192 235 τῆς
1208 199 1281 231 θείας
1299 200 1426 235 ἰσχύσατε
1443 198 1543 234 ῥοπῆς·
1559 196 1606 223 καὶ
1619 195 1668 245 νιξν
1683 196 1718 245 ἐν.
1727 203 1770 245 1:;

151 255 196 277 cto
218 251 290 277 illius
306 251 419 280 auxilio,
437 251 464 276 in
481 254 556 278 tanta
578 251 711 278 malorum
730 258 857 286 pressura
874 258 936 278 ver-

1006 247 1074 282 αὑτῃ
1097 246 1180 282 πείρᾳ.
1201 246 1349 281 κατέστητε
1368 245 1478 275 κακῶν,
1503 242 1596 276 ἐπειδὴ
1620 241 1671 275 τῆς
1689 240 1772 266 αὺτυῠ

151 296 260 323 samini.
279 296 328 322 llic
344 296 482 323 subnectit
499 296 631 331 propheta
646 297 841 324 revelationem
855 303 937 331 quant

152 341 230 374 vidit,
248 342 281 368 ad
297 341 433 369 dictorum
453 349 567 371 suorum
583 341 831 371 confirmationem.

466 442 543 471 CAP.
565 442 620 472 Vll.

192 517 273 546 Vens.
292 519 386 545 1-5.—-
400 529 408 544 ι
421 518 482 547 "sec
497 521 616 548 ostendit
632 521 696 548 milli
710 521 840 549 Dominus
858 521 938 552 Deus,

156 564 188 590 lit
197 571 261 590 ecce
277 562 346 591 ictus
357 564 535 596 locustarum,
550 569 577 592 et
589 572 653 592 ecce
662 565 783 593 bruchus
795 566 941 601 unus,Gog

158 616 215 635 rex.
235 608 266 634 Et
277 609 339 639 erit,
350 609 373 636 si
395 610 571 644 compleverit
586 618 682 638 vorare
697 610 787 638 fenum
803 617 891 640 terra}.
909 612 942 639 Et

157 652 212 679 dixi
223 662 228 678 :
241 653 362 684 Domine,
373 653 494 686 Domine,
504 654 635 689 propitius
645 660 714 682 esto.
725 655 791 689 Quis
799 657 942 684 suscitabit

158 698 287 725 Jacobum
296 698 438 734 ?quoniam
448 700 570 727 modicus
579 706 628 728 est.
638 700 811 733 Pmniteatte,
820 701 941 734 Domine,

160 752 242 779 super
254 745 304 772 hoc
318 753 324 770 :
336 745 394 773 Non
409 746 471 778 erit,
487 747 555 774 dixit
570 746 699 775 Dominus
714 747 794 777 Deus.
812 759 822 774 ι
836 748 943 777 Vidisse

161 798 189 816 se
206 789 242 816 ait
257 790 423 818 locustarum
437 792 656 828 bruchorumque
671 794 873 822 multitudinem
891 804 898 822 :
917 798 944 822 et

160 834 213 861 illa:
231 834 339 869 quidem
357 835 496 871 Assyrios,
521 837 548 864 hi
567 845 632 865 vero
654 837 816 874 Babylonios
830 839 944 866 denota-

161 880 237 912 bant,
258 881 321 915 quia
336 881 441 908 venturi
462 887 551 914 erant,
574 886 602 910 et
624 884 716 911 omnia
736 885 814 919 quasi
833 884 944 912 locustae

161 931 189 952 ct
202 926 298 953 bruchi
317 927 519 961 consumpturi.
539 927 592 954 Sed
606 936 667 955 cum
681 929 748 961 vidi,
764 929 863 964 inquit.
879 929 945 956 muL

163 971 308 998 titndinem
330 973 410 999 talem
434 973 509 999 omni
532 977 611 1000 teme
633 973 733 1001 fructui
748 974 880 1001 vastando
896 982 946 1009 pa-

164 1023 239 1049 rem;
260 1016 416 1051 procidens,
432 1017 530 1053 inquit,
545 1018 652 1046 veniam
675 1019 810 1054 postulavi
825 1019 947 1054 peccatis

167 1061 245 1096 127
261 1062 363 1089 nostris
385 1062 455 1093 dari.
472 1070 588 1090 cernens
602 1063 768 1098 perditarum
785 1071 874 1091 rerum
896 1072 947 1091 nu-

166 1107 363 1138 merositatem,
379 1112 406 1135 et
428 1109 606 1142 superstitum
623 1110 796 1144 paucitatem.
816 1110 872 1136 lmo
884 1117 948 1137 vero

166 1151 200 1179 de
217 1152 394 1186 reliquiarum
407 1161 516 1188 quoque
529 1154 671 1189 desperavi
687 1155 786 1186 salute.
808 1155 860 1182 nisi
876 1154 948 1182 Deus

166 1198 286 1231 peccatis
308 1198 412 1225 nostris
431 1199 605 1234 propitiatus,
628 1207 683 1226 rem
703 1200 729 1226 in
755 1200 851 1227 melius
872 1207 948 1226 com-

168 1246 293 1269 mntaret.
316 1241 509 1270 Verumtamen
532 1251 587 1270 non
611 1244 722 1271 admisit
744 1252 851 1279 precem
878 1245 949 1272 hanc

169 1286 250 1318 Deus,
275 1288 338 1322 quia
356 1288 487 1323 majorem
516 1293 689 1323 peccatorum
717 1294 873 1316 nostrorum
900 1297 951 1317 nu-

170 1340 274 1359 merum
291 1333 466 1365 existimavit,
484 1341 565 1368 quam
589 1339 619 1361 ut
636 1334 850 1362 misericordiam
871 1335 951 1362 vellet

169 1378 315 1412 impertiri.
332 1378 391 1405 Jam
409 1386 488 1406 nemo
514 1380 627 1406 miretur
640 1379 713 1414 quod
735 1380 838 1415 Gogum
860 1388 966 1416 regem-

170 1429 301 1451 memoret
318 1432 324 1449 :
342 1424 441 1451 etenim
457 1428 484 1451 ct
504 1428 583 1453 antea
600 1425 732 1461 Assyriis,
757 1430 784 1452 et
798 1425 952 1461 Babyloniis

171 1473 274 1503 postea,
295 1469 373 1496 multi
385 1470 419 1496 de
433 1469 569 1504 Scythicis
584 1477 694 1505 quoque
710 1470 818 1505 populis
837 1471 953 1498 auxilia-

171 1521 216 1540 res
242 1514 304 1541 belli
329 1519 417 1548 erant,
441 1522 558 1549 quorum
590 1523 638 1543 rex
658 1519 717 1543 erat
741 1515 850 1550 Gogus;
873 1516 953 1551 cujus

172 1557 238 1586 facit
263 1559 428 1586 mentientem
454 1567 508 1587 non
537 1564 668 1595 tanquam
700 1561 761 1588 belli
789 1561 878 1594 ducis,
906 1562 953 1589 sed

171 1608 301 1638 tanquam
329 1605 521 1639 regnatoribus
537 1606 678 1640 suppetias
699 1606 820 1634 ferentis.
847 1607 955 1634 Scimus

173 1653 263 1676 autem
295 1649 435 1685 Assyrium
465 1651 554 1685 prius,
585 1655 612 1678 et
638 1651 735 1679 deinde
766 1651 955 1688 Babylonium,

174 1695 265 1722 multis
297 1696 476 1730 imperavisse
511 1697 648 1732 populis:
670 1705 740 1732 quos
774 1705 868 1726 omnes
894 1706 955 1725 cum

175 1740 291 1774 satrapis
306 1741 363 1769 suis
382 1749 429 1769 seu
446 1742 529 1777 regiis
547 1742 727 1777 prmfecturis,
746 1750 799 1769 non
815 1746 856 1771 est
873 1743 961 1770 incre-

175 1785 258 1815 dibile
271 1786 342 1813 bello
355 1787 444 1815 socios
460 1788 628 1816 interfuisse.
645 1789 733 1815 Aliam
755 1796 851 1817 rursus
865 1790 960 1817 recitat

176 1831 276 1858 abhinc
292 1832 496 1861 revelationem.

990 292 1114 327 βοηθείας
1125 292 1177 324 ἔξω
1186 292 1325 326 γεγόνατε·
1334 291 1438 321 τούτοις
1446 288 1613 322 ἀποκάλυψιν
1624 286 1771 322 προστίθη-

990 345 1030 364 σιν
1042 337 1075 372 ἢν
1088 334 1158 364 εἶδεν
1170 338 1184 364 ὀ
1195 338 1334 372 προφήτης
1342 337 1382 368 είς
1394 335 1537 371 βεϐαίωσιν
1545 334 1600 360 τῶν
1610 332 1770 368 είρημένων.

1312 443 1390 470 ΚΕΦ.
1408 444 1446 470 Z’.

1028 521 1102 555 Στίχ.
1117 523 1189 554 σι’-γ’.
1202 535 1236 540 -—
1247 520 1283 554 (ρ.
1301 519 1362 555 192)
1376 528 1386 544 ι
1400 517 1494 550 (ὶῦτως
1507 517 1591 551 ἐδειξέ
1604 526 1648 553 μοι
1658 517 1771 552 Κύριος·

992 567 1039 593 καὶ
1056 566 1109 593 ἰδοὺ
1124 565 1237 601 ἐπιγονὴ
1251 564 1369 600 ἀκρίδων
1384 563 1519 600 ἐρχομένη
1536 563 1644 598 ἑωθινὴ.
1657 562 1704 588 καὶ
1719 562 1773 588 ἰδοὺ

993 613 1106 649 βροῦχος
1119 610 1169 644 εἷς,
1187 612 1248 646 Γὼγ
1261 612 1276 638 ό
1291 610 1416 646 βασιλεύς
1428 618 1434 625 ’
1451 610 1498 636 καὶ
1513 609 1598 641 ἔσται,
1616 608 1663 635 ὲάν
1680 616 1774 634 συντε-

992 659 1058 694 λέσῃ
1073 658 1121 684 τοῦ
1135 659 1231 692 φαγεῖν
1245 657 1290 684 τὸν
1304 657 1400 692 χόρτον
1413 656 1462 691 τῆς
1480 655 1541 690 γῆς·
1555 655 1601 680 καὶ
1616 651 1706 680 εἶπον·
1723 653 1776 679 Κύ-

995 714 1046 741 ριε,
1063 704 1157 739 Κύριε,
1174 704 1251 735 ἵλεως
1264 702 1344 737 γενοῦ
1354 710 1361 717 ’
1376 701 1418 733 τίς
1437 701 1582 736 ἀναστήσει
1595 699 1640 726 τὸν
1667 698 1774 731 Ἰακὼϐ,

993 751 1033 777 ὅτι
1045 750 1182 784 ὀλιγοστὸς
1202 750 1277 781 sati;
1302 748 1477 783 μετανόησον⁹
1498 746 1600 781 Κύριε,
1619 745 1664 771 ἐπὶ
1678 744 1776 778 τούτῳ.

994 797 1049 824 Καὶ
1061 796 1139 822 τοῦτο
1153 795 1183 822 οὐ
1202 794 1239 830 μὴ
1250 794 1364 828 γένοιτο,
1380 793 1452 827 λέγει
1469 791 1580 826 Κύριος.
1601 801 1609 817 ι
1627 790 1777 816 Τεθεάσθαι

995 841 1048 877 γὰρ
1068 841 1185 876 ἀκρίδων
1205 848 1234 866 τε
1256 840 1303 866 καὶ
1320 839 1441 874 βρούχων
1463 838 1537 871 λέγει
1561 836 1677 871 πλῆθος,
1694 832 1730 861 ὧν
1747 835 1779 860 τὸ
1828 841 1835 845 ’

997 888 1045 922 μὲν
1059 887 1104 913 τὸν
1120 885 1277 920 Ἀσσύριον,
1291 885 1321 912 τὸ
1335 884 1363 911 δὲ
1376 884 1421 910 τὸν
1441 882 1609 909 Βαϐυλώνιον
1621 881 1725 915 ἐδήλου,
1741 880 1778 911 ὡς

996 933 1029 960 ἂν
1042 931 1263 967 ὲπελευσομένων
1274 939 1303 957 τε
1318 931 1365 956 καὶ
1377 929 1560 964 ἀφανιούντων
1571 928 1688 958 ἅπαντα,
1701 926 1780 962 ἀκρε-

995 977 1039 1009 δος
1048 986 1077 1003 τε
1093 977 1140 1004 καὶ
1156 976 1270 1012 βρούχου
1285 976 1378 1009 δίκην·
1404 975 1474 1002 Ἀλλ’
1490 975 1528 1006 ὡς
1546 972 1623 1006 εἶδον,
1648 973 1724 1008 φησὶ,
1750 972 1783 999 τὸ

996 1021 1097 1057 “ﬁlio:
1112 1020 1247 1056 αὔταρκες
1260 1019 1290 1046 ὂν
1303 1020 1409 1047 ἅπαντα
1423 1018 1553 1053 ἀφανίσαι
1565 1018 1610 1044 τὸν
1623 1018 1655 1044 ἐκ
1669 1017 1718 1051 τῆς
1729 1017 1781 1051 γῆς

997 1066 1185 1102 ἀναδιδόμενον
1197 1066 1311 1101 καρπὸν,
1324 1063 1496 1100 προσπεσὼν,
1509 1063 1602 1098 φησὶν,
1616 1063 1705 1097 ᾔτησα
1716 1070 1782 1095 συγ-

997 1112 1110 1147 γνώμην
1120 1111 1230 1146 δοθῆναι
1239 1112 1294 1142 τοίς
1306 1110 1457 1144 πταίσμασι
1471 1110 1527 1140 τοῖς
1541 1107 1696 1143 ἡμετέροις,
1710 1107 1784 1142 ὁρῶν

1001 1157 1048 1193 μὲν
1065 1157 1118 1183 τῶν
1133 1155 1307 1191 ἀπολομένων
1324 1155 1353 1181 τὸ
1368 1153 1486 1189 πλῆθος.
1506 1154 1578 1188 ὀρῶν
1591 1153 1619 1179 δὲ
1635 1152 1690 1179 τῶν
1706 1160 1783 1186 περι-

999 1201 1162 1236 λειφθέντων
1187 1201 1236 1236 τὴν
1259 1200 1423 1235 ὀλιγότητα·
1457 1199 1615 1226 ἀνέλπιστον
1638 1197 1666 1224 δὲ
1692 1197 1785 1224 λοιπὸν

1000 1246 1148 1282 ἡγούμενος
1168 1247 1215 1273 καὶ
1235 1246 1290 1272 τῶν
1315 1244 1506 1281 μεμενηκότων
1522 1244 1572 1279 τὴν
1594 1243 1739 1278 σωτηρίαν,
1759 1243 1784 1268 εὶ

1002 1292 1039 1328 μὴ
1051 1291 1117 1324 Θεὸς
1130 1292 1207 1323 ἵλεως
1220 1294 1275 1323 τοῖς
1288 1290 1469 1326 ἁμαρτήμασι
1486 1289 1605 1324 γεγονὼς
1620 1290 1675 1320 τοῖς
1685 1288 1785 1323 ἡμετὲ-

1003 1347 1069 1374 ροις,
1083 1337 1129 1364 ἐπὶ
1144 1337 1174 1363 τὺ
1190 1338 1312 1372 κρεῖττον
1334 1335 1481 1371 μεταϐάλοι
1500 1336 1534 1361 τά
1552 1335 1700 1370 πράγματα
1710 1341 1717 1348 ·
1734 1333 1785 1359 οὐκ

1002 1383 1110 1416 ἐδέξατο
1122 1382 1160 1413 δὲ,
1176 1382 1253 1417 φησὶ,
1268 1382 1316 1417 τὴν
1331 1381 1421 1417 δέησιν
1437 1380 1539 1415 ταύτην
1559 1380 1573 1406 ό
1593 1379 1676 1411 Θεὺς,
1691 1377 1786 1413 ἐπειδῂ

1004 1428 1096 1463 μεῖζον
1114 1427 1226 1462 ἱλασμοῦ
1243 1427 1296 1453 τῶν
1316 1426 1529 1462 ἁμαρτηθέντων
1544 1425 1635 1456 αὐτοῖς
1651 1425 1742 1459 ἡγεῖτο
1756 1424 1787 1449 τὺ

1004 1473 1104 1508 πλῆθος
1114 1481 1120 1487 ·
1136 1474 1167 1500 οὐ
1184 1473 1236 1508 χρὴ
1249 1473 1277 1499 δὲ
1292 1472 1443 1507 θαυμάζειν
1457 1472 1482 1498 εί
1497 1469 1557 1498 εἷπε
1567 1491 1574 1504 ,
1595 1481 1603 1497 ι
1624 1470 1686 1504 Γὼγ
1703 1471 1717 1496 ὁ
1738 1469 1786 1503 βαι

969 1534 990 1562 C
1007 1519 1105 1550 σιλεὺς.
1125 1528 1134 1544 ι
1156 1518 1250 1553 ἐπειδὴ
1269 1517 1317 1544 καὶ
1338 1517 1488 1552 ’Δσσυρίοις
1508 1515 1717 1562 πρότερονϊκαλ.
1733 1515 1787 1562 Βα-

1008 1563 1145 1596 6υλωνίοις
1172 1564 1232 1598 μετ’
1253 1564 1350 1595 ἐκεῖνο,
1378 1563 1469 1589 πολλοὶ
1497 1563 1543 1589 καὶ
1569 1561 1623 1588 τῶν
1647 1560 1786 1587 Σκυθικῶν

1008 1609 1093 1636 ἐθνῶν
1108 1609 1290 1644 συνέπραττον
1305 1609 1345 1640 είς
1358 1608 1402 1635 τὸν
1415 1608 1531 1643 πόλεμον
1544 1616 1551 1623 ·
1563 1604 1655 1641 ὧνπερ
1668 1604 1714 1632 οὗν
1726 1605 1789 1632 €61-

1010 1654 1115 1681 σίλευεν
1128 1655 1141 1680 ὀ
1155 1654 1225 1688 Γὼγ,
1239 1651 1324 1689 οὗπερ
1339 1653 1540 1688 ἐμνημόνευσεν
1553 1652 1601 1686 οὺχ
1613 1651 1650 1682 ὡς
1663 1650 1790 1685 ἄρχοντος

1009 1699 1056 1726 τοῦ
1079 1699 1196 1734 πολέμου
1217 1699 1295 1730 τότε,
1323 1698 1380 1725 ἀλλ’
1400 1698 1438 1729 ὡς
1463 1698 1520 1728 τοῖς
1544 1697 1656 1731 ἄρχουσι
1682 1703 1791 1729 συμμα»

1007 1744 1118 1780 χοῦντος
1128 1753 1134 1760 ·
1149 1745 1180 1771 οὐ
1195 1744 1249 1779 γὰρ
1271 1744 1366 1778 ἄδηλον
1385 1744 1426 1769 ὅτι
1441 1743 1490 1769 καὶ
1505 1743 1518 1768 ό
1537 1740 1678 1776 Ἀσσύριος
1694 1740 1790 1775 πρότε-

1010 1798 1054 1825 ρον
1069 1790 1152 1816 ἐθνῶν
1166 1789 1270 1816 πολλῶν
1279 1789 1399 1824 ἐκράτει,
1412 1788 1448 1823 (p.
1465 1787 1525 1819 l95)
1536 1787 1582 1813 καὶ
1595 1786 1652 1821 μετ’
1665 1786 1766 1812 ἐκεῖνον
1777 1784 1791 1810 ὸ

1009 1835 1192 1867 Βαὸυλώνιος·
1210 1834 1256 1866 οὓς
1273 1834 1396 1864 ἅπαντας
1414 1832 1482 1868 μετά
1503 1832 1557 1858 τῶν
1570 1830 1715 1867 σατραπῶν
1736 1830 1789 1856 τῶν

176 1875 294 1908 οἰκείων,
307 1876 356 1903 εἴτ’
370 1875 416 1904 οὖν
427 1878 579 1912 βασιλειῶν,
594 1879 642 1906 οὐκ
655 1879 767 1911 ἀπεικὸς
781 1877 815 1916 ἦν
829 1879 875 1906 καὶ
891 1881 1020 1915 παρεῖναι
1035 1881 1082 1908 καὶ
1096 1881 1282 1916 συμπράττειν
1302 1879 1400 1911 αὐτοὺς
1415 1878 1455 1914 τῷ
1470 1878 1593 1913 πολέμῳ.
1610 1875 1676 1904 Εἶτα
1686 1876 1767 1903 πάλιν

175 1923 272 1958 ἑτέραν
291 1924 459 1959 ἀποκάλυψιν
480 1926 569 1960 λέγει·

212 1969 296 1998 Vens.
312 1970 370 1997 4-9.
382 1981 437 1996 -ί
457 1971 502 1999 Sic
515 1971 634 2000 ostendit
650 1973 715 2000 milii
732 1972 862 2000 Dominus
879 1972 961 2000 Deus.

179 2014 211 2041 Et
224 2022 288 2043 ecce
305 2017 412 2043 vocavit
429 2017 564 2052 judicium
584 2018 611 2045 in
625 2018 688 2053 igne
706 2018 853 2051 Dominus;
872 2022 899 2045 et
916 2019 964 2046 de-

177 2059 284 2086 voravit
298 2060 426 2095 abyssum
450 2062 562 2089 multam
575 2071 582 2094 ;
597 2066 624 2090 et
639 2062 780 2090 devoravit
796 2067 909 2098 partem.
933 2063 964 2090 Et

179 2105 234 2131 dixi
249 2113 256 2132 :
274 2104 397 2138 Domine,
415 2107 509 2135 desine
520 2108 611 2135 modo.
627 2107 694 2141 Quis
713 2108 962 2140 suscitabitJacob,

1046 1970 1121 2005 Στίχ.
1142 1968 1208 1996 δ’-θ’.
1224 1983 1258 1988 -
1275 1977 1284 1993 ι
1304 1968 1395 1999 Οὕτως
1411 1966 1496 1998 ἑδειξέ
1513 1975 1557 2001 μοι
1573 1966 1674 2000 Κύριος
1689 1965 1703 1991 ὁ
1717 1965 1792 1997 Θεός·

1012 2017 1058 2044 καὶ
1079 2016 1132 2043 ἰδοὺ
1156 2014 1285 2041 ἐκάλεσεν
1308 2013 1357 2049 τὴν
1380 2012 1457 2047 δίκην
1476 2013 1504 2038 ἐν
1521 2012 1588 2046 πυρὶ
1609 2011 1727 2046 Κύριος,
1748 2011 1794 2036 καὶ

1011 2061 1149 2095 κατέφαγε
1175 2059 1224 2094 τὴν
1248 2059 1365 2086 ἄϐυσσον
1390 2058 1439 2092 τὴν
1463 2057 1579 2092 πολλὴν,
1596 2057 1644 2083 καὶ⁹
1660 2056 1793 2089 κατέφαγε

1011 2108 1061 2142 τὴν
1077 2106 1187 2142 μερίδα·
1205 2105 1252 2131 καὶ
1266 2103 1352 2131 εἷπον·
1370 2104 1465 2139 Κύριε,
1479 2103 1596 2129 κόπασον
1612 2102 1644 2137 δή
1654 2111 1661 2117 ·
1674 2102 1715 2133 τίς
1731 2102 1793 2128 ἀνα-

180 2150 243 2184 quia
257 2150 380 2179 modicus
390 2152 451 2179 est?
462 2152 595 2180 Pmniteat
608 2157 644 2186 te,
660 2153 784 2185 Domine,
798 2162 880 2188 super
894 2154 945 2181 hoc

1017 2153 1109 2185 στήσει
1125 2151 1170 2177 τὸν
1192 2149 1288 2177 Ἰακὼὸ
1305 2150 1346 2176 ὅτι
1367 2148 1503 2183 όλιγοστός
1520 2149 1592 2180 seu;
1617 2147 1793 2183 μετανόησον,

180 2194 276 2222 Athoe
299 2202 353 2222 non
379 2196 435 2228 lict,
459 2196 526 2223 dicit
545 2196 677 2224 Dominus
702 2197 782 2225 Deus.
798 2207 807 2223 ›
825 2197 898 2228 Vidi,
921 2198 963 2224 in-

181 2239 251 2273 quit.
282 2247 379 2268 rursus
403 2240 486 2268 Deum
513 2247 653 2269 vocantem
675 2242 820 2277 judicium,
845 2250 899 2278 quo
922 2251 966 2270 res

182 2284 322 2312 hominum
347 2286 471 2320 judicare
497 2287 566 2314 solet
583 2297 590 2314 :
607 2295 725 2322 namque
749 2288 845 2315 horum
875 2289 967 2315 omnia

182 2338 276 2358 severe
292 2335 318 2358 ct
334 2332 419 2359 multa
436 2340 497 2359 cum
512 2333 689 2367 inquisitione
706 2333 847 2361 scrutandi
863 2341 923 2361 mos
944 2334 968 2361 ci

182 2380 236 2403 est.
258 2376 342 2404 Porro
365 2378 392 2404 in
414 2378 475 2413 igne
498 2379 615 2410 vocavit,
629 2379 693 2414 quia
717 2379 762 2406 tali
787 2386 867 2414 paena
889 2379 969 2414 digna

186 2421 257 2449 facta
278 2424 453 2451 existimavit.
469 2424 529 2457 Quo
554 2425 616 2460 igne
643 2425 826 2452 lsraelitarum
847 2425 970 2452 multitu-

185 2467 276 2495 dinem
297 2470 388 2503 (quam
410 2470 509 2505 abysso
528 2473 679 2506 comparat)
693 2479 756 2498 cum
772 2470 878 2498 absumi
896 2469 971 2497 vide-

187 2520 262 2544 rem,
297 2522 391 2542 mrsus
421 2516 582 2548 exclamavi,
604 2516 822 2543 deminutionem
853 2515 969 2549 aliquam

188 2560 251 2586 mali
272 2561 423 2594 poslulans.
440 2561 622 2590 Nihilominus
639 2562 711 2590 Deus
729 2570 783 2590 non
802 2562 905 2589 annuit.
917 2561 970 2588 Sed

186 2609 242 2642 jam
274 2609 381 2636 tertiam
406 2617 514 2644 quoque
537 2614 630 2637 narrat
655 2609 857 2637 revelationem.
890 2617 898 2632 ι
925 2607 970 2634 Sic

189 2655 308 2683 ostendit
327 2656 393 2683 mihi
412 2656 542 2684 Dominus
564 2665 570 2683 :
590 2664 654 2684 ecec
674 2656 716 2683 vir
727 2660 804 2683 stans
817 2661 898 2689 super
915 2661 973 2680 mu-

1016 2197 1117 2232 Κύριε,
1130 2196 1176 2222 ἐπὶ
1187 2195 1284 2229 τούτῳ.
1296 2209 1330 2215 ——
1344 2195 1400 2222 Καὶ
1414 2193 1493 2220 τοῦτο
1507 2193 1538 2220 οὐ
1549 2193 1585 2228 μὴ
1595 2193 1716 2228 γένηται,
1726 2192 1794 2226 λέγει

1015 2243 1117 2277 Κύριος
1133 2243 1147 2268 ὁ
1162 2241 1237 2273 Θεός.
1259 2250 1268 2267 ι
1296 2240 1466 2274 Ἐθεασάμην
1480 2238 1544 2274 γὰρ,
1561 2239 1641 2273 φησι,
1660 2237 1739 2264 πάλιν
1754 2237 1796 2263 τὸν

1016 2289 1092 2319 Θεὸν,
1112 2287 1245 2314 καλοῦντα
1265 2286 1315 2320 τὴν
1331 2286 1410 2321 δίκην
1434 2285 1494 2312 καθ’
1519 2285 1551 2320 ἢν
1574 2284 1660 2311 ἀπασι
1679 2282 1796 2315 δικάζειν

1018 2334 1096 2361 εἴωθε
1113 2335 1168 2364 τοῖς
1183 2331 1346 2368 ἀνθρώποις,
1365 2331 1434 2366 μετά
1448 2330 1588 2366 ἀκριϐείας
1601 2338 1631 2355 τε
1646 2329 1693 2355 καὶ
1709 2327 1798 2361 ἐξετά-

1021 2388 1088 2408 σεως
1112 2378 1211 2413 πολλῆς
1232 2377 1267 2404 τὰ
1291 2377 1351 2404 κατ’
1378 2376 1476 2407 αὐτοὺς
1502 2376 1654 2409 οἰκονομεῖν
1680 2373 1795 2404 είωοώς·

1019 2425 1132 2452 ἐκάλεσε
1147 2424 1175 2450 δὲ
1187 2425 1216 2450 ἐν
1227 2423 1304 2458 «opt,
1315 2422 1409 2458 ἐπειδὴ
1422 2421 1550 2456 τοιαύτης
1564 2420 1698 2455 τιμωρίας
1709 2421 1797 2454 ήγεῐτο

1018 2472 1052 2498 τὰ
1070 2469 1266 2505 πεπραγμένα·
1281 2469 1328 2502 ἀφ’
1344 2464 1374 2494 οὗ
1391 2467 1434 2502 δὴ,
1449 2468 1526 2502 φησὶ,
1547 2467 1577 2493 τὸ
1593 2466 1647 2491 τῶν
1667 2465 1795 2500 Ἰσραηλι-

1019 2517 1073 2542 τῶν
1100 2515 1202 2549 πλῆθος
1229 2514 1339 2549 ἀϐύσσῳ
1367 2513 1512 2549 παρεοικὸς
1539 2510 1797 2545 καταναλισκόμενον

1022 2561 1094 2593 ἰδὼν,
1110 2560 1190 2586 πάλιν
1205 2560 1305 2594 ἐϐόησα
1319 2559 1445 2593 γενέσθαι
1460 2558 1518 2584 τινὰ
1534 2557 1645 2592 μείωσιν
1658 2556 1740 2582 αίτῶν
1755 2555 1797 2583 τοῦ

1021 2606 1106 2634 κακοῦ
1118 2615 1124 2621 ·
1146 2606 1303 2640 ἀπεφήνατο
1314 2605 1342 2631 δὲ
1356 2604 1463 2631 ἔσεσθαι
1478 2603 1555 2630 τοῦτο
1568 2603 1643 2633 Θεός.
1663 2601 1742 2628 Ἀλλὰ
1756 2601 1797 2627 καὶ

1020 2652 1115 2688 τρίτην
1137 2651 1307 2685 ἀποκάλυψιν
1328 2650 1418 2684 λέγει·
1441 2659 1450 2674 ι
1467 2648 1559 2679 Οὕτως
1579 2647 1661 2679 ἔδειξέ
1684 2655 1727 2681 μοι
1749 2645 1798 2672 Κύ-

190 2710 250 2729 rum
276 2702 488 2735 adamantinum,
509 2707 536 2730 et
562 2703 588 2730 in
603 2710 686 2730 manu
710 2702 770 2736 ejus
791 2701 912 2728 adamas.
941 2699 955 2725 Ε

1024 2706 1095 2734 ριος·
1111 2697 1158 2724 καὶ
1174 2697 1228 2724 ἰδοὺ
1243 2696 1312 2732 ἀνὴρ
1332 2695 1454 2730 ἑστηκὼς
1476 2694 1522 2720 ἐπὶ
1538 2693 1644 2728 τείχους
1657 2690 1798 2725 ἀδαμαντί-

180 2748 257 2777 ,ιιὶοὶι
283 2747 412 2775 Dominus
433 2748 465 2775 ad
484 2756 526 2775 me
548 2758 554 2775 :
572 2748 641 2780 Quid
664 2751 692 2775 tu
711 2746 795 2779 vides,
821 2745 922 2772 Amos?
943 2743 973 2770 Et

192 2793 247 2820 dixi
263 2803 268 2820 :
285 2793 462 2821 adamantcm.
484 2794 565 2829 128
577 2793 608 2820 lit
622 2792 690 2820 dixit
709 2791 839 2820 Dominus
862 2790 894 2817 ad
912 2797 973 2816 me:

1024 2752 1069 2769 νου
1080 2751 1086 2757 ·
1100 2743 1146 2769 καὶ
1160 2743 1188 2768 ὲν
1199 2744 1232 2777 τῇ
1248 2742 1318 2776 χειρὶ
1332 2739 1414 2767 αὐτοῦ
1428 2739 1534 2774 ἀδάμας
1545 2747 1551 2753 ·
1568 2739 1614 2764 καὶ
1629 2737 1689 2763 εἷπε
1703 2735 1797 2770 Κύριος

1026 2788 1091 2823 πρός
1112 2796 1144 2822 με
1155 2797 1159 2802 ·
1170 2787 1201 2813 Τί
1215 2787 1246 2813 σὺ
1258 2787 1339 2821 ὁρᾷς,
1355 2785 1449 2820 Λμώςς
1467 2784 1520 2810 Καὶ
1535 2781 1613 2809 εἶπα·
1643 2781 1797 2815 Ἀδάμαντα.
