1973 3066
157 136 211 165 239

674 131 950 164 COMMENTARIL'S
968 131 1001 164 tN
1021 133 1123 165 AMOSI
1136 133 1212 165 CAP.
1229 133 1283 164 VII,

1095 81 1168 103 """"
1207 83 1289 116 ἤδη
1337 93 1458 118 ληεεεέὟἸ
1491 89 1619 118 Tum}:

1450 94 1467 123 3.
1494 90 1613 126 ηελλ..-

1724 137 1776 166 290

159 196 214 222 Καὶ
226 192 287 221 εἶπε
299 195 400 229 Κύριος
407 194 475 231 πρὸς
486 193 519 230 μέ
529 201 536 208 ·
545 193 609 220 Ἰδοὺ
618 192 672 227 ἐγὼ
681 194 800 220 ἐντάσσω
806 194 946 229 ἀδάμαντα

1000 193 1067 222 Ecce.
1080 203 1130 230 ego
1145 196 1254 229 impono
1269 195 1440 223 adamanlem
1461 196 1487 222 in
1505 195 1593 224 medio
1608 196 1699 232 populi
1723 198 1775 224 mci

158 241 188 266 ἐν
215 240 289 275 μέσῳ
304 239 369 266 λαοῦ
387 248 437 274 μου
464 238 589 275 Ἰσραήλ·
608 239 699 265 οὐκέτι
716 239 752 274 μὴ
769 239 879 275 προσθῶ
895 239 942 267 τοῦ

155 285 391 321 -παρελθεῖ-ιαὺτόν
399 294 407 302 ’
420 285 465 312 καὶ
473 284 699 320 άφανισθήσονται
712 286 736 311 οἱ
746 285 832 321 βωμοὶ
839 285 885 312 τοῦ
898 285 944 320 γέ·

159 330 253 362 λωτος·
263 330 310 356 καὶ
316 331 344 356 αἱ
353 329 458 356 τελεταὶ
473 329 579 365 Ἰσραὴλ
587 330 636 365 ὲρη
641 328 824 364 μωθήσονται·
832 330 870 365 (p.
881 331 942 364 I94)

159 376 208 401 καὶ
218 375 403 410 ἀναστήσομαι
419 374 464 401 ἐπὶ
471 374 516 401 τὸν
523 371 595 401 οἷκον
607 374 639 400 Ὶε
644 374 747 410 ροὸοὰμ
754 375 783 401 ὲν
793 375 939 410 ρομφαίᾳ.ι

161 420 266 453 Ἔδειξε
278 420 332 455 γάρ
349 419 393 455 μοί
404 428 473 451 τινα,
486 420 578 454 φησὶν,
591 419 634 445 ἐπ’
644 419 823 454 ἀδαμαντίνου
838 420 944 455 τείχους

161 465 284 496 ἑστῶτα,
305 464 400 499 ἔχοντα
417 464 463 489 ἐπὶ
485 464 535 499 τῆς
560 463 650 499 χειρὸς
675 464 832 499 ἀδάμαντα·
855 463 890 500 ἦν
915 465 943 491 δὲ

160 509 247 536 ταῦτα
269 510 370 544 σημεῖα
391 507 438 535 τοῦ
459 507 575 543 στερρὰν
597 507 758 537 καὶ,ἆλυτον
772 508 943 544 ἐξενηνέχθαι

161 554 234 580 κατὰ
245 553 301 580 τῶν
317 553 490 589 Ἰσραηλιτῶν
502 552 578 589 παρὰ
591 552 637 579 τοῦ
653 553 720 579 Θεοῦ
734 553 782 588 τὴν
796 553 943 587 ἀπόφασιν,

159 601 210 626 ἅτε
234 599 281 626 τοῦ
303 598 454 633 ἀδάμαντος
473 599 506 633 τῇ
523 598 682 634 στερρότητι
699 598 734 625 τὰ
755 598 837 625 λοιπὰ
851 599 944 626 νικῶν⁴

161 654 216 677 τος.
243 644 322 671 Μετὰ
338 644 428 680 πάσης
450 644 556 676 τοίνυν,
585 644 668 678 φησὶ,
694 645 742 679 τῆς
767 645 944 680 στερρότητος

162 691 255 723 ὲπαξω
268 690 307 725 τῷ
326 689 382 724 λαῷ
398 689 433 716 τὰ
455 688 527 716 κακά
537 710 544 722 ,
559 689 650 716 οὐκέτι
665 690 848 725 παρατρέχειν
861 689 943 716 αὑτοῦ

161 737 212 768 τὰς
231 736 401 771 παρανομίας
421 734 597 769 ἀνεχόμενος·
620 735 849 770 άφανισθήσονται
869 735 897 762 δὲ
919 735 943 761 οἱ

164 781 250 816 βωμοὶ
266 781 383 812 πάντες,
400 780 429 806 ὲν
442 777 482 811 οἷς
498 780 544 806 ἐπὶ
557 781 590 815 τῇ
612 780 666 806 τῶν
682 779 798 807 εἰδώλων
813 780 945 816 θεραπεία

163 827 212 862 τὴν
226 826 322 862 ἡδονὴν
336 825 503 861 ἐκαρποῦντο
513 834 519 841 ·
534 826 579 852 καὶ
591 826 679 853 πάντα
694 826 737 861 δὴ,
759 827 835 861 φησὶ,
853 827 946 853 συντό-

166 881 225 907 μως
242 871 343 907 ἐρημίᾳ
364 871 579 906 παραδοθήσεται
597 871 682 898 ὁπόσα
699 870 746 897 νῦν
768 871 832 907 παρ’
855 872 944 898 αὐτῶν

164 917 210 943 ἐπὶ
226 917 358 952 θρησκείᾳ
380 917 433 944 τῶν
453 916 587 952 δαιμόνων
602 916 766 952 πληροῦται”
785 917 832 944 καὶ
845 917 878 952 δὴ
897 917 945 944 καὶ

165 963 254 989 πᾶσαν
270 962 316 988 τοῦ
334 961 517 997 βασιλεύοντος
530 961 606 997 ὑμῶν
619 961 668 988 νῦν
683 961 822 997 Ἱεροσοὰμ
839 962 945 996 ἀφανιῶ

163 1007 201 1042 τῷ
218 1007 328 1042 πολέμῳ
345 1008 394 1042 τὴν
411 1006 534 1042 δύναμιν.
552 1006 644 1033 Ἔοικε
665 1007 693 1033 δὲ
708 1004 780 1034 οἷκον
806 1007 946 1043 Ὶεροὸοὰμ

161 1053 279 1080 ’ἐνταῦθα
301 1053 351 1088 τὴν
375 1052 511 1088 βασιλείαν
533 1052 641 1079 ἃπασαν
653 1051 757 1086 λέγειν,
771 1052 804 1079 ὲκ
816 1052 863 1078 τοῦ
879 1061 947 1088 κρα-

164 1099 272 1131 τοῦντος
291 1099 363 1125 ἇπαν
381 1099 504 1133 σημήνας
523 1098 553 1124 τὸ
568 1098 659 1131 ἔθνος,
674 1097 754 1133 δήλου
768 1105 800 1132 γε
813 1097 888 1129 ὄντος
908 1098 946 1130 ὡς

164 1146 255 1176 ὲντοίς
267 1144 336 1180 μετὰ
346 1144 390 1170 τὸν
404 1143 544 1179 Ἱεροὸοὰμ
557 1143 662 1179 χρόνοις
673 1144 689 1180 ἡ
703 1143 756 1170 τῶν
767 1142 835 1179 (28”)
853 1144 948 1170 ’Δσσυ-

164 1191 230 1226 ρίων
244 1190 335 1225 ἔφοδος
346 1190 441 1224 γέγονε
456 1190 526 1216 κατὰ
538 1189 586 1216 τοῦ
605 1189 722 1226 Ἰσραήλ.

200 1237 273 1272 Στίχ.
291 1236 366 1270 ι’-ιγ¹.
383 1251 418 1256 —
431 1234 550 1262 Τοιαῦτα
563 1235 594 1271 δὴ
608 1235 656 1262 τοῦ
669 1235 809 1270 προφήτου
825 1243 948 1270 μεμηνυ-

166 1282 244 1313 adeo;
261 1281 452 1308 ἐπελεύσεσθαι
466 1280 504 1316 τῷ
521 1280 591 1307 ἔθνει
610 1280 656 1307 τοῦ
678 1280 804 1316 Ἰσραὴλ,
820 1280 891 1316 ὑπὲρ
909 1277 947 1307 ὧν

167 1328 280 1363 ἠσέϐουν
294 1337 323 1354 τε
342 1327 389 1354 καὶ
405 1327 574 1362 παρενόμουν
588 1326 728 1358 ποικίλων,
751 1326 880 1361 ’Δμεσίας
892 1327 906 1352 ὁ
919 1327 948 1353 ὲν

167 1373 266 1408 Βαιθὴλ
283 1372 428 1408 ίερατεύων
444 1371 491 1398 καὶ
506 1371 555 1405 τῆς
572 1369 704 1405 τοσαύτης
720 1369 847 1402 ἀσεϐείας
865 1369 947 1405 ἡγού-

169 1427 247 1454 μενος
263 1419 345 1444 παντὶ
364 1417 403 1453 τῷ
420 1417 488 1452 λαῷ,
506 1415 618 1443 συνιδὼν
638 1415 676 1448 ὡς
695 1416 741 1442 ἐπὶ
763 1416 842 1442 πλέον
862 1415 949 1443 ταῦτα

168 1465 243 1500 παρὰ
256 1464 302 1491 τοῦ
317 1464 456 1499 προφήτου
467 1462 610 1497 λεγόμενα,
626 1461 664 1496 (p.
679 1461 740 1497 195)
752 1461 949 1497 ἀμελεστέρους

168 1509 236 1537 εῖναι
254 1510 317 1546 περὶ
330 1510 380 1544 τὴν
396 1507 443 1535 τοῦ
460 1507 568 1534 εἰδώλου
583 1507 730 1543 θεραπείαν
745 1507 949 1543 παρασκευάσει

167 1556 230 1587 τοῦς
244 1554 385 1586 πλείστους
396 1574 404 1587 ,
420 1553 466 1580 ἆτε
482 1553 521 1588 τῷ
535 1552 609 1588 φόϐῳ
624 1552 876 1589 προκατεχομένους
895 1552 949 1579 τῶν

170 1600 344 1636 μηνυομένων
361 1599 435 1635 παρὰ
449 1598 495 1626 τοῦ
515 1599 671 1634 προφήτου,
687 1599 814 1634 πειρᾶται
832 1598 883 1633 μὲν
902 1598 950 1625 αὺ-

169 1645 215 1672 τδν
235 1644 281 1671 τὸν
302 1644 412 1679 βασιλέα
436 1643 575 1679 Ἱεροεοὰμ
598 1644 643 1669 ἐπὶ
659 1642 704 1670 τὺν
721 1643 862 1679 προφήτην
880 1651 951 1679 παρ-

169 1690 271 1723 οξύναι,
296 1689 334 1721 ὡς
360 1689 472 1716 πλεῖστα
491 1689 540 1716 ὅσα
556 1689 626 1716 κατά
643 1697 674 1715 τε
695 1688 777 1715 αὐτοῦ
796 1689 843 1715 καὶ
862 1688 951 1724 πάσης

170 1736 251 1763 αὑτοῦ
266 1735 380 1770 λέγοντα
391 1735 441 1770 τῆς
454 1734 600 1769 βασιλείας·
614 1735 661 1761 καὶ
672 1735 713 1761 ὃτι
727 1734 795 1769 μηδὲ
809 1734 858 1769 τὴν
868 1734 951 1769 ἀκοὴν

170 1780 224 1808 οἷόν
243 1790 273 1807 τε
286 1781 443 1815 ὑπενεγκεῖν
459 1780 505 1806 τοῦ
528 1779 658 1815 μεγέθους
676 1779 730 1806 τῶν
750 1779 952 1814 ἀπειλουμένων

171 1828 278 1855 ἔσεσθαι
304 1827 368 1862 παρ’
391 1826 473 1853 αὑτοῦ
485 1834 492 1841 ·
511 1825 607 1860 μηνύει
624 1825 678 1860 γὰρ
699 1824 814 1852 θάνατον
833 1824 883 1860 μὲν
905 1823 952 1852 τοῦ

173 1873 312 1909 βασιλέως,
330 1872 516 1908 αἰχμαλωσίαν
537 1871 566 1897 δὲ
583 1870 681 1902 παντὸς
703 1870 750 1897 τοῦ
769 1869 833 1897 λαοῦ
844 1876 852 1884 ·
870 1868 905 1906 ἦν
924 1870 954 1897 δὲ

172 1920 202 1946 τὸ
216 1919 279 1954 περὶ
297 1918 343 1945 τοῦ
362 1917 494 1952 βασιλέως
510 1916 650 1952 προδήλως
667 1915 780 1950 ψευδὲς,
804 1915 865 1942 ἐπεὶ
887 1915 954 1950 μηδὲ

173 1964 264 2000 εἴρητό
283 1963 334 1990 πού
355 1972 382 1990 τι
399 1962 504 1989 τοιοῦτο
523 1961 561 1997 τῷ
583 1961 725 1996 προφήτῃ·
748 1960 907 1993 συνέπλεξεν
926 1961 955 1987 δὲ

173 2010 245 2044 ὅμως
257 2008 323 2035 αὐτὸ
337 2009 370 2043 τῇ
386 2007 449 2042 περὶ
466 2007 511 2034 τὸν
526 2006 590 2033 λαὸν
605 2006 754 2040 ἀποφάσει,
768 2006 805 2037 ὡς
825 2004 857 2032 ἂν
869 2005 955 2041 τούτῳ

174 2055 271 2090 μᾶλλον
284 2053 460 2088 παροξύνειεν
474 2053 520 2079 τὸν
535 2052 644 2087 βασιλέα
654 2059 660 2067 ·
675 2051 713 2083 ὡς
729 2051 757 2078 δὲ
773 2051 822 2078 οὐκ
837 2051 898 2086 ἔσχε
910 2051 955 2078 τὸν

175 2099 283 2135 βασιλέα
297 2098 455 2133 πειθόμενον
466 2098 480 2123 ὁ
498 2097 637 2132 Ἀμεσίας,
649 2095 775 2122 δείσαντά
786 2104 812 2122 τι
825 2095 893 2122 κατὰ
908 2095 955 2122 τοῦ

175 2145 312 2180 προφήτου
331 2143 442 2178 ποιῆσαι
464 2142 560 2175 κακὸν,
583 2142 629 2176 ἀφ’
647 2139 684 2168 ὧν
699 2141 814 2175 ἐγνώκει
836 2141 913 2176 παρά
925 2149 956 2167 τε

994 238 1121 273 lsraelis;
1138 247 1311 275 nequaquam
1336 241 1406 268 ultra
1429 241 1526 268 addam
1545 247 1574 268 ut
1589 245 1775 277 pertra‘nseam

993 291 1067 312 eum.
1091 284 1125 311 Et
1153 284 1328 312 destrucntur
1356 293 1410 313 arte
1436 286 1520 318 risus,
1551 292 1578 314 et
1607 287 1775 314 initiationes

994 328 1105 356 Israelis
1130 328 1342 363 desolabuntur;
1362 334 1389 358 et
1404 338 1565 366 consurgant
1582 332 1713 360 adversus
1725 332 1775 359 do-

994 381 1069 401 mum
1084 373 1239 402 Jeroboami
1256 382 1318 402 cum
1338 375 1439 410 gladio.
1455 385 1464 401 ι
1488 375 1686 405 Demonstravit
1707 378 1775 404 mihi

994 419 1152 454 quemdam,
1173 420 1272 455 inquit,
1296 428 1377 455 super
1401 420 1574 448 adamantina
1599 429 1678 450 muro
1699 427 1776 450 stan-

994 469 1061 498 tem,
1087 465 1132 500 qui
1153 474 1234 493 manu
1260 467 1323 494 item
1352 467 1523 493 adamantem
1549 468 1668 495 tenebat.
1689 467 1775 496 Porro

994 511 1052 539 haec
1072 515 1151 539 erant
1176 512 1275 539 indicia
1297 512 1382 539 ﬁrmae
1402 516 1484 546 atque
1506 511 1661 541 insolubilis
1686 521 1700 540 a
1721 513 1775 541 Deo

995 557 1057 585 latas
1084 558 1215 585 adversus
1243 558 1380 585 Israelitas
1401 558 1552 589 sententias,
1584 558 1710 586 nimirum
1734 560 1773 586 uti

996 602 1109 631 adamas
1137 602 1239 630 duritie
1265 611 1313 630 sua
1340 603 1431 630 omnia
1455 606 1576 637 superat.
1604 603 1671 630 Cum
1699 606 1772 631 omni

990 648 1089 684 igitur,
1102 649 1201 683 inquit,
1216 649 1345 676 ﬁrmitate
1363 648 1495 675 adducam
1514 649 1612 684 populo
1629 649 1707 679 mala.
1724 657 1774 677 nec

995 694 1099 721 diutius
1114 694 1289 722 dissimulare
1311 698 1419 729 peccata
1434 694 1494 728 ejus
1509 695 1606 729 patiar.
1627 693 1777 721 Destruen—

995 743 1041 766 tur
1064 743 1154 766 autem
1172 746 1225 766 arae
1246 735 1352 770 omnes,
1379 739 1450 773 apud
1476 746 1544 773 quas
1565 738 1636 766 idola
1661 739 1778 766 colendo

995 784 1146 819 voluptatis
1167 783 1285 811 fructum
1302 784 1454 818 capiebant.
1469 783 1500 811 Et
1513 784 1602 811 omnia
1616 788 1645 811 ut
1659 784 1778 812 breviter

997 830 1085 857 dicam
1104 829 1224 857 vastitati
1240 829 1392 861 tradentur,
1409 833 1542 864 quotquot
1565 837 1638 857 nunc
1660 830 1694 856 ah
1709 829 1777 864 ipsis

996 876 1031 903 ob
1047 876 1200 902 dzemonum
1227 875 1362 902 culturam
1384 876 1464 902 ’liunt.
1483 874 1553 907 Quin
1573 878 1601 902 et
1623 875 1777 902 universam

995 921 1137 955 regnantis
1152 927 1224 947 nunc
1237 919 1392 947 Jeroboami
1405 920 1554 955 potentiam
1570 920 1639 947 bello
1651 927 1777 954 pessum-

995 967 1075 994 dabo.
1097 965 1212 993 Videtur
1223 970 1312 992 autem
1330 965 1374 992 hic
1388 966 1496 992 domum
1514 964 1668 992 Jcroboami
1685 966 1777 993 dicere

994 1018 1045 1046 pro
1061 1015 1117 1038 toto
1136 1018 1235 1046 regno;
1253 1019 1285 1038 ex
1302 1011 1424 1046 principe
1441 1016 1548 1045 gentem
1569 1015 1651 1037 totam
1669 1012 1774 1046 signiti-

996 1064 1072 1084 cans.
1089 1056 1173 1083 Porro
1184 1057 1354 1090 exploratum
1376 1060 1418 1083 est
1436 1056 1589 1083 Jeroboami
1609 1058 1776 1091 temporibus

996 1102 1121 1130 evenisse
1133 1101 1308 1137 Assyriorum
1319 1102 1519 1136 expeditionem
1533 1107 1627 1130 contra
1640 1103 1775 1131 lsraclem.

1033 1233 1117 1262 Vsas-
1131 1233 1226 1261 lO-l5.
1236 1233 1347 1261 --Cum
1363 1233 1420 1261 haec
1436 1235 1566 1269 propheta
1581 1236 1654 1271 genti
1671 1235 1780 1265 lsraelis

998 1285 1128 1307 eventura
1151 1279 1337 1314 praedixisset,
1362 1284 1472 1314 propter
1496 1281 1586 1309 varias
1611 1287 1780 1316 perpetratae

998 1325 1152 1360 impietates
1164 1329 1245 1360 atque
1256 1325 1402 1360 nequitias,
1414 1326 1537 1354 Amesias
1547 1326 1593 1361 qui
1604 1327 1676 1362 apud
1688 1327 1780 1355 Bethel

999 1370 1129 1398 sacerdos
1140 1375 1209 1404 erat,
1220 1374 1247 1398 et
1259 1371 1327 1398 tanti
1339 1371 1451 1399 sceleris
1467 1371 1567 1407 populo
1577 1373 1705 1400 universo
1714 1373 1782 1406 dux,

1000 1416 1218 1443 animadvertetis
1238 1416 1310 1451 quod
1324 1416 1347 1443 si
1366 1423 1397 1444 ea
1420 1417 1535 1445 ulterius
1548 1418 1678 1453 propheta
1691 1419 1782 1447 dicere

1000 1465 1134 1496 pergeret,
1164 1461 1306 1496 segniores
1335 1461 1362 1489 in
1389 1461 1523 1489 idolorum
1546 1463 1623 1490 cultu
1651 1464 1782 1499 plurimos

963 1523 984 1553 α
1001 1506 1113 1537 faceret,
1140 1505 1242 1541 quippe
1271 1506 1318 1541 qui
1348 1506 1538 1534 vaticiuiorum
1563 1507 1702 1542 prophetae
1724 1508 1781 1542 jam

1001 1552 1164 1579 tenebantur
1181 1556 1265 1584 metu,
1282 1555 1398 1579 conatus
1420 1555 1462 1580 est
1486 1560 1576 1587 regem
1590 1552 1782 1581 Jeroboamum

999 1598 1028 1626 in
1051 1598 1212 1634 prophetam
1237 1599 1386 1630 concitare,
1409 1598 1488 1633 quasi
1511 1598 1628 1633 plurima
1653 1599 1784 1627 adversus

1000 1644 1088 1679 ipsum
1107 1647 1250 1678 totumque
1266 1651 1379 1678 regnum
1395 1642 1549 1677 dicentem;
1566 1651 1680 1679 quarum
1697 1645 1785 1672 mina-

1001 1697 1062 1718 rum
1076 1697 1110 1717 ne
1121 1689 1217 1717 auditu
1230 1689 1341 1724 quidem
1355 1689 1464 1716 tolerari
1477 1689 1674 1718 immanitatem
1685 1697 1782 1725 posse;

1002 1735 1154 1772 praedicere
1177 1735 1251 1763 enim
1267 1734 1339 1770 regis
1355 1738 1482 1766 mortem,
1505 1739 1532 1762 et
1548 1735 1668 1763 universi
1692 1735 1784 1770 populi

1002 1782 1198 1818 captivitatem.
1238 1780 1412 1808 Manifestum
1443 1781 1469 1807 id
1494 1784 1586 1809 tamen
1613 1781 1784 1809 mendacium

1002 1833 1079 1862 erat,
1105 1828 1140 1855 ad
1165 1835 1258 1862 regem
1274 1825 1354 1861 129
1370 1826 1441 1861 quod
1471 1826 1585 1860 attinet;
1616 1827 1683 1854 nihil
1711 1827 1784 1854 enim

1002 1873 1138 1910 ejusmodi
1156 1873 1287 1907 propheta
1302 1873 1427 1905 dixerat;
1441 1879 1535 1898 verum
1550 1871 1673 1899 Amesias
1688 1871 1714 1899 id
1730 1872 1785 1899 cal-

1003 1918 1057 1946 lide
1077 1917 1158 1945 dictis
1186 1917 1220 1944 de
1241 1917 1341 1952 popqu
1362 1916 1506 1951 implicuit,
1535 1920 1565 1943 ut
1587 1923 1678 1952 regem
1696 1917 1782 1951 magis

1004 1966 1188 1998 exasperaret.
1209 1962 1276 1990 Cum
1293 1969 1349 1989 rem
1365 1965 1456 1988 tamen
1478 1961 1535 1996 regi
1559 1969 1614 1988 non
1635 1962 1784 1996 persuade-

1004 2012 1057 2040 ret,
1083 2007 1189 2034 timenti
1216 2006 1376 2042 prophetam
1400 2005 1507 2037 laadere,
1534 2010 1645 2041 propter
1669 2014 1700 2034 ea
1726 2014 1786 2041 quae

1005 2053 1131 2081 evenisse
1149 2055 1263 2079 noverat
1277 2051 1328 2078 sub
1343 2050 1483 2084 prophetis
1499 2050 1610 2085 nuperis
1625 2049 1683 2077 Elia
1705 2055 1787 2086 atque

1003 2099 1138 2130 Elissmo;
1155 2097 1343 2132 praecipueque
1361 2096 1424 2130 quia
1436 2095 1575 2122 voluntate
1591 2095 1694 2124 Elissaei
1708 2095 1786 2123 Jeum

1006 2151 1086 2171 avum
1113 2150 1192 2171 suum
1210 2142 1245 2169 ob
1270 2141 1455 2169 ulciscendum
1470 2140 1602 2168 Jezabelis
1621 2146 1647 2168 et
1667 2141 1788 2169 Achaabi

181 2189 271 2216 Ἠλίου
297 2188 346 2215 καὶ
373 2187 524 2214 Ἐλισσαίου
544 2186 768 2222 προφητευόντων
785 2194 816 2212 τε
840 2186 890 2221 ήδη
909 2186 950 2213 καί

1009 2190 1112 2219 scelus,
1128 2187 1160 2214 ad
1175 2194 1287 2222 regnum
1300 2189 1470 2220 assumptum
1488 2185 1601 2218 sciebat,
1615 2186 1687 2221 quod
1702 2194 1788 2221 usque

176 2234 341 2269 γεγονότων·
364 2233 412 2260 καὶ
439 2232 555 2268 μάλιστα
574 2232 667 2267 ἐπειδὴ
683 2231 781 2267 γνώμῃ
799 2231 844 2258 τοῦ
870 2232 956 2258 Ἐλισ-

177 2280 263 2310 σαίου,
285 2277 354 2314 Ίηοῦ
372 2278 418 2304 τὸν
433 2277 593 2313 προπάτορα
611 2277 656 2303 τὸν
675 2276 771 2303 ἑαυτοῦ
787 2277 830 2302 ἐπ’
853 2276 957 2311 ἐκδικίᾳ

176 2326 223 2360 τῆς
243 2325 360 2357 Ἰεζάϐελ
375 2332 404 2350 τε
420 2324 467 2350 καὶ
491 2323 592 2358 exuas
614 2322 785 2358 παρανομίας
805 2322 957 2357 παρεληλυ-

177 2373 239 2399 θότα
261 2373 301 2403 εἰς
320 2371 368 2406 τὴν
389 2370 526 2405 βασιλείαν
539 2369 690 2404 ἠπίστατο,
714 2369 732 2403 ἢ
757 2368 803 2394 καὶ
819 2368 859 2399 εἰς
877 2368 958 2394 αὐτὸν

178 2417 302 2452 ἐλήλυθεν
318 2415 372 2442 ἀπὸ
388 2416 442 2441 τῶν
459 2415 526 2450 πρὸς
541 2416 643 2445 ἐκεῖνον
662 2413 853 2448 γεγενημένων
870 2415 957 2448 ὲπαγ-

178 2461 272 2495 γελιῶν
293 2459 368 2495 παρὰ
387 2459 433 2486 τοῦ
451 2458 518 2485 Θεοῦ
531 2467 537 2474 ·
552 2458 631 2489 αὐτὸς
652 2458 744 2484 λοιπὸν
759 2459 792 2492 τῇ
807 2458 895 2494 οἰκεία
913 2458 961 2485 αὺ-

179 2507 269 2542 θαδειᾳ
280 2507 346 2541 πρὸς
360 2505 404 2532 τὸν
421 2504 511 2540 Ἀμὼς
523 2505 537 2530 ὁ
554 2503 682 2538 ’Λμεσίας
695 2503 775 2537 φησίν
787 2511 792 2518 ’
809 2512 820 2529 ι
840 2503 870 2530 '0
879 2503 959 2539 ὀρῶν,

180 2552 278 2587 βάδιζε,
294 2550 451 2586 ὲκχώρησον
465 2549 497 2575 σὺ
511 2549 550 2579 εἰς
561 2548 613 2583 γῆν
633 2547 727 2578 Ἰούδα,
741 2548 786 2574 καὶ
799 2548 857 2573 ἐκεῖ
875 2556 960 2575 κατα·

179 2597 252 2626 είου,
269 2596 317 2622 καὶ
334 2595 392 2622 ὲκεϊ
409 2593 624 2629 προφητεύσειςθ
645 2593 684 2623 είς
707 2591 735 2618 δὲ
749 2591 851 2627 Βαιθὴλ
870 2592 961 2619 οὐκέτι

180 2641 341 2677 προσθήσεις
355 2639 401 2666 τοῦ
417 2637 623 2674 προφητεῦσαι·
639 2637 680 2663 ὅτι
691 2636 812 2672 άγίασμα
828 2637 958 2672 βασιλέως

180 2688 236 2713 ἐστὶ
254 2687 300 2713 καὶ
314 2684 387 2716 οἶκός
398 2686 456 2710 ἐστι
473 2684 619 2718 βασιλείας.
639 2693 648 2708 ι
668 2686 706 2718 (p.
725 2683 786 2717 196)
804 2684 959 2719 Είρωνικῶς

180 2734 229 2767 ἔφη
246 2733 285 2763 τὸ,
305 2742 314 2757 ι
332 2731 444 2766 ὑδρῶν⁸
461 2741 470 2756 ι
486 2732 578 2766 ἐπειδὴ
592 2733 645 2768 γὰρ
659 2732 745 2763 οὕτως
767 2731 879 2757 ἐκάλουν
896 2731 959 2761 τοὺς

215 2788 238 2804 ⁵⁸
257 2796 263 2814 l
285 2787 350 2822 Reg.
372 2795 410 2813 Ix.
430 2785 456 2812 9.

214 2834 279 2869 (ξδ’)
298 2832 364 2860 (ΣοίΙ.
381 2833 480 2866 ἥττων.

1013 2234 1046 2260 ad
1065 2241 1105 2264 se,
1118 2233 1195 2266 juxta
1213 2231 1298 2258 factas
1314 2230 1353 2258 illi
1373 2238 1387 2257 a
1409 2229 1465 2257 Deo
1480 2230 1687 2264 promissiones,
1707 2230 1789 2257 deve-

1007 2285 1100 2311 nerat;
1126 2282 1187 2313 post
1203 2278 1271 2310 haec,
1288 2277 1410 2312 inquam,
1433 2276 1542 2311 propria
1567 2276 1716 2303 instinctus
1740 2283 1789 2303 au-

1007 2323 1084 2350 dacia
1105 2323 1142 2349 ita
1161 2323 1218 2357 ipse
1240 2321 1364 2349 Amesias
1389 2328 1451 2347 cum
1466 2320 1568 2348 Amoso
1587 2320 1788 2355 expostulavit.

1010 2379 1019 2395 ι
1035 2368 1058 2396 Ο
1070 2369 1178 2399 videns,
1191 2375 1284 2402 perge,
1300 2366 1396 2394 recede
1412 2366 1440 2393 in
1455 2366 1591 2401 regionem
1609 2370 1692 2397 tuam,
1712 2369 1738 2393 et
1753 2365 1789 2392 ibi

1008 2415 1081 2446 vive,
1099 2417 1126 2441 et
1139 2414 1176 2440 ibi
1194 2412 1380 2448 prophetabis.
1399 2411 1432 2438 Et
1447 2412 1473 2438 in
1490 2411 1582 2438 Bethel
1604 2418 1659 2437 non
1677 2410 1790 2445 adjicies

1010 2461 1082 2487 ultra
1105 2463 1134 2486 ut
1150 2458 1308 2494 prophetes,
1328 2457 1392 2492 quia
1417 2455 1597 2484 sanctiﬁcatio
1612 2456 1684 2490 regis
1698 2459 1750 2487 est,
1764 2459 1791 2482 et

1009 2507 1106 2534 domus
1140 2509 1182 2532 est
1206 2503 1293 2538 regni.
1314 2511 1324 2529 ›
1354 2501 1459 2530 lronice
1482 2501 1562 2534 dixit,
1589 2510 1598 2527 ι
1613 2509 1629 2528 o
1652 2500 1757 2528 videns.
1778 2510 1789 2526 ι

1009 2551 1078 2584 Quia
1100 2550 1172 2577 enim
1198 2549 1239 2576 sic
1254 2547 1390 2575 vocabant
1410 2546 1568 2582 prophetas,
1595 2549 1689 2580 utpote
1706 2553 1792 2580 pecn-

1010 2597 1093 2624 liares
1110 2594 1242 2630 quasdam
1255 2594 1384 2624 visiones,
1397 2591 1452 2619 Deo
1463 2600 1511 2627 per
1523 2591 1716 2620 revelationein
1728 2598 1791 2625 ope-

1012 2646 1098 2674 rante,
1118 2640 1257 2672 videntes;
1274 2639 1346 2666 sicut
1367 2637 1449 2665 etiam
1464 2637 1492 2664 in
1511 2636 1614 2672 Regum
1633 2637 1710 2664 libris
1726 2636 1792 2663 dici-

1012 2691 1055 2713 tur
1065 2686 1099 2717 “,
1123 2692 1138 2712 a
1159 2684 1258 2719 populo
1280 2683 1408 2718 appellari
1434 2682 1610 2718 prophetam,
1637 2682 1683 2716 qui
1713 2686 1792 2708 antea

991 2754 997 2762 ι
1013 2731 1153 2759 dicebatur
1168 2729 1262 2757 videns
1272 2729 1306 2756 “1
1321 2727 1435 2761 ironice,
1454 2728 1576 2762 inquam,
1589 2726 1667 2760 dicit,
1687 2736 1694 2750 ι
1716 2734 1732 2752 ο
1753 2726 1792 2751 vi-
