1973 3066
525 81 577 110 “’Ἦ’

184 123 238 154 295

785 114 960 144 THEODORI
977 112 1217 142 MOPSUESTEM

1534 76 1547 92 τ

1765 106 1821 135 296

187 179 351 215 asportabit.
370 177 447 204 Tunc
466 183 542 209 vero,
566 174 665 210 inquit,
688 174 729 201 sol
750 173 864 202 meridie
881 173 981 201 obscu-

1041 171 1064 196 τὲ
1072 170 1112 197 λιν
1122 169 1336 205 ὑποχωροῦντος,
1349 166 1525 195 ὲπελεύσεταί
1542 175 1571 192 τε
1591 167 1654 201 ὑμῖν
1665 167 1679 193 ὁ
1691 166 1822 201 πολέμιος

187 232 264 254 ratus
297 224 433 251 videbitur
468 222 502 249 iis
531 221 578 256 qui
605 221 633 248 in
658 218 794 255 angustiis
816 224 978 250 versantur;

189 271 363 304 tenebriSque
393 275 490 295 omnes
525 275 554 294 se
585 267 673 294 teneri
708 266 844 301 putabunt
869 268 981 300 propter

189 317 323 342 nialorum
353 312 580 348 magnitudinem.
612 311 690 338 Tunc
731 311 842 338 omissis
873 310 980 336 vitiosis

188 359 422 389 solemnitatibus,
449 357 535 384 luctui
563 357 760 384 vacabitiszct
788 363 837 391 pro
859 355 980 390 antiquis

190 405 317 436 canticis,
335 405 411 439 largo
427 404 502 431 ﬂetui
517 402 694 437 indulgebitis
710 410 716 428 :
737 409 786 436 pro
803 401 877 428 molli
892 404 979 433 veste.

190 457 272 477 sacco
289 449 441 476 inductnini
467 449 640 483 praesentium
666 448 801 474 malorum
824 447 914 473 indice
931 456 937 473 :
953 451 981 473 et

191 501 283 523 vetere
304 495 404 530 capitis
427 498 525 521 ornatu
545 493 658 523 omisso.
682 493 818 519 ealvitiem
841 492 919 519 malis
935 499 981 519 ve-

190 541 257 569 stris
269 547 418 575 congruam
442 547 504 567 esse
528 538 669 574 putabitis.
685 538 795 569 Cuncti,
813 542 843 565 ut
859 545 982 565 summa-

191 588 240 614 tim
273 586 375 618 dicam,
407 589 537 620 tanquam
567 585 595 611 in
619 584 694 610 luctu
722 583 816 611 dilecti
843 583 979 618 unigeniti

192 637 304 668 propter
318 631 519 659 excruciantem
541 629 664 656 dolorem
684 629 801 664 degetis,
820 629 982 656 incumben—

191 680 261 705 tium
277 677 355 705 vobis
372 676 506 703 malorum
522 675 741 710 magnitudinem
767 675 980 710 complorantes.

191 723 262 750 Tum
278 727 305 750 et
324 722 377 749 alia
392 725 490 757 praeter
507 721 564 748 haec
590 725 732 753 eventura,
757 720 886 756 graviora
903 719 980 755 133

190 768 283 795 adhuc
304 767 463 802 signiﬁcans
488 766 629 801 propheta,
650 765 779 797 Venient,
797 766 896 801 inquit,
911 766 980 796 dies,

191 815 295 849 quibus
316 821 369 840 non
395 813 507 848 penuria
528 816 635 840 tantum
653 812 707 839 cibi
724 816 860 847 potusque
875 811 982 838 labora-

195 860 270 892 bitis,
287 860 334 888 sed
355 863 382 886 et
405 859 596 894 gravissimam
619 858 700 886 aliam
727 858 868 894 patiemini
894 865 980 893 penu—

195 906 276 937 riam,
306 905 370 940 quia
397 912 495 938 nempe
523 904 629 931 nullum
653 902 836 939 impetrabilis
861 903 982 931 divinum

194 951 348 981 oraculum,
364 958 397 977 ex
417 958 511 977 eorum
537 957 661 981 numero,
684 957 744 984 qua:
770 957 817 984 per
838 949 983 984 prophetas

197 997 254 1024 tieri
269 997 403 1027 solebant,
425 995 458 1022 ad
483 1003 701 1023 aerumnosorum
727 995 866 1022 solatium.
883 996 926 1022 Ait
942 996 984 1023 ni-

194 1043 309 1073 mirum,
329 1042 401 1076 quod
425 1042 507 1069 etiam
525 1040 596 1075 apud
621 1040 729 1067 beatum
754 1039 851 1067 Oscam
868 1040 985 1075 prophe-

194 1094 252 1115 tam
279 1089 403 1116 dicitur:
429 1097 438 1112 ‹
467 1087 606 1114 Sedebuul.
632 1086 804 1118 lilii'lsraelis
825 1087 885 1114 sine
911 1094 984 1122 rege,

196 1135 258 1161 sine
282 1135 454 1168 magistratu,
479 1134 540 1160 sine
568 1132 716 1164 sacriﬁcio,
737 1132 797 1160 sine
820 1133 910 1165 altari,
927 1133 986 1160 sine

197 1180 362 1211 sacerdotio,
388 1180 448 1207 sine
471 1179 616 1206 oraculis:
639 1188 647 1204 υ
674 1179 773 1213 quibus
791 1179 883 1206 verbis
902 1179 988 1214 signi—

199 1228 261 1253 licat
279 1230 376 1253 cuncta
400 1226 457 1252 lucc
479 1225 646 1260 captivitatis
671 1224 842 1260 Babylonica;
865 1230 987 1259 tempore

199 1272 285 1299 fuisse
301 1271 421 1298 sublata.
444 1271 516 1298 ldem
532 1278 596 1298 vero
613 1278 686 1297 nunc
712 1271 843 1305 propheta
867 1271 985 1302 nuntiat,

199 1325 298 1352 nctnpe
324 1327 330 1344 :
359 1317 490 1344 aerumnis
518 1317 674 1349 trademini,
700 1323 726 1344 et
753 1322 818 1344 tune
843 1317 988 1351 prophetas

171 1371 177 1374 -
200 1363 337 1398 expetitis,
368 1370 438 1397 quos
461 1369 534 1388 nunc
567 1362 720 1397 negligitis;
750 1364 821 1390 Scire
847 1363 987 1397 cupientes

200 1418 265 1438 num
293 1411 385 1445 aliqua
410 1410 438 1437 in
466 1410 563 1437 melius
591 1410 771 1437 commutatio
792 1417 842 1436 vos
868 1413 985 1436 maneat.

203 1465 213 1481 ι
233 1454 487 1482 Commovebuntur
510 1462 588 1489 aqua;
612 1462 626 1481 a
650 1454 719 1481 mari
738 1461 825 1488 usque
838 1453 870 1480 ad
888 1461 964 1480 mare
981 1463 987 1480 :

201 1510 216 1528 a
233 1501 315 1528 borea
332 1500 365 1528 ad
379 1501 511 1528 orientem
526 1500 684 1528 discurrent
705 1503 860 1534 quaerentes
875 1500 987 1526 verbum

203 1546 321 1578 Domini,
345 1553 434 1580 neque
459 1546 484 1572 id
514 1546 663 1573 invenient.
686 1554 695 1571 ι
720 1544 748 1571 ld
769 1549 822 1577 est,
838 1545 929 1571 omnis
947 1545 992 1571 illa

202 1591 311 1618 Israelis
328 1591 471 1618 innumera
487 1591 634 1618 multitudo
657 1591 774 1625 sparsim
791 1591 892 1624 ubique
907 1590 994 1625 agita-

204 1637 287 1670 bitur,
306 1644 432 1672 quaerens
461 1645 495 1664 an
512 1637 619 1672 uspiam
641 1637 775 1672 propheta
793 1636 894 1671 aliquis
909 1644 994 1670 appa-

204 1689 272 1716 reat,
289 1683 335 1710 Dei
352 1684 490 1710 voluntate
505 1683 638 1710 nuntians
663 1683 714 1710 sibi
739 1686 892 1715 eventura;
911 1689 993 1717 quem

204 1734 295 1757 tamen
319 1734 384 1757 tunc
402 1737 455 1757 non
474 1729 626 1757 invenient.
660 1728 773 1762 Deinde,
804 1729 916 1763 peribit,
945 1729 993 1761 ait.

205 1776 329 1802 funditus
352 1775 485 1810 quidquid
522 1782 596 1802 nunc
626 1774 887 1810 praestantissimum
916 1774 996 1802 vobis

206 1822 312 1848 videtur
327 1827 354 1848 et
364 1820 549 1848 desiderabile
560 1821 702 1855 :peribunt
719 1825 817 1847 vestra:
833 1827 907 1846 nunc
921 1820 995 1847 omni

205 1875 272 1894 cura
289 1867 435 1894 custodita:
450 1867 570 1902 virgines
587 1875 593 1893 :
610 1866 738 1901 peribunt
754 1865 836 1893 etiam
852 1865 996 1894 formosis-

205 1913 404 1948 simijuvenes.
425 1912 488 1940 Haec
500 1917 591 1939 autem
606 1920 688 1947 quam
714 1912 750 1939 ob
771 1919 884 1939 causam
907 1912 995 1947 patie-

205 1959 295 1986 mini?
317 1968 326 1984 ι
343 1959 395 1992 Qui
420 1959 514 1993 jurant
542 1965 590 1993 per
608 1957 827 1993 propitiationem
855 1957 995 1989 Sam-ariae,

205 2005 357 2038 dicuntque
375 2012 382 2030 :
402 2003 473 2030 Vivit
492 2002 564 2030 Deus
589 2002 665 2035 Dan;
689 2007 716 2030 et
745 2002 810 2029 vivit
833 2003 903 2029 Deus
921 2007 996 2033 tuus.

208 2049 343 2076 Bersabea
367 2057 373 2074 :
401 2052 428 2075 et
456 2048 566 2079 cadent,
596 2051 623 2074 et
652 2055 707 2074 non
730 2051 884 2082 resurgent.
901 2057 909 2074 ι
929 2048 997 2080 Quia

209 2095 344 2122 derelicto
361 2093 415 2121 Deo
430 2094 552 2120 onmimn
570 2092 697 2124 Domino,
713 2093 844 2120 Samaria:
864 2094 935 2120 idola
954 2101 999 2120 ve-

210 2141 300 2167 nerari
324 2141 497 2171 studuerunt,
521 2147 607 2173 eaque
627 2139 742 2166 deorum
767 2139 926 2166 nominibus
951 2147 999 2173 ap-

999 851 1019 878 D

1032 216 1158 247 ἅπαντας
1169 215 1240 250 ὑμᾶς
1250 213 1427 246 ἀπολλὺς,καὶ
1435 213 1468 248 δὴ
1477 212 1524 239 καὶ
1534 211 1623 238 λαϐὼν
1632 211 1824 246 αἰχμαλώτους

1030 262 1077 288 ἐπὶ
1089 262 1138 296 τὴν
1148 261 1251 288 οἰκείαν
1262 260 1360 293 ἀπάξει
1375 259 1476 295 χώραν.
1489 258 1556 285 Τότε
1570 257 1613 292 δὴ.
1629 258 1721 292 φησιν,
1739 258 1753 283 ὁ
1770 257 1822 292 μὲν

1030 309 1104 344 ἥλιος
1121 309 1157 342 (p.
1177 307 1241 340 201)
1255 307 1284 332 ὲν
1300 305 1340 340 τῷ
1356 304 1512 341 μεσαιτάτῳ
1526 303 1575 338 τῆς
1591 303 1698 338 ἡμέρας
1713 303 1822 338 ἀφανὴς

1031 352 1100 380 εἶναι
1121 353 1193 385 δόξει
1212 354 1269 384 τοῖς
1291 353 1320 379 ὲν
1341 352 1474 386 ἀνάγκαις
1494 349 1661 376 καθεστῶσι’
1678 349 1772 380 σκότος
1791 348 1822 375 δὲ

1030 400 1153 430 ἅπαντας
1179 397 1242 429 τοὺς
1262 397 1309 424 ἐπὶ
1335 396 1386 431 τῆς
1408 396 1460 430 γῆς
1482 395 1552 428 δόξει
1568 395 1706 429 κατέχειν,
1732 393 1775 420 διὰ
1790 393 1823 419 τὸ

1032 444 1145 479 μέγεθος
1159 443 1213 470 τῶν
1226 443 1328 469 κακῶν.
1344 443 1398 469 Καὶ
1410 442 1458 472 τὰς
1471 441 1520 477 μὲν
1533 439 1709 475 παρανόμους
1724 438 1823 474 ἑορτὰς

1030 490 1156 525 ἀφέντες,
1171 489 1209 524 τῷ
1226 489 1319 516 πένθει
1333 487 1478 524 προσέξετε
1492 495 1497 501 ·
1521 487 1581 512 ἀντὶ
1592 486 1620 513 δὲ
1634 486 1687 511 τῶν
1699 484 1822 512 παλαιῶν

1031 536 1163 571 ᾀσμάτων
1180 535 1272 570 θρήνῳ
1297 532 1433 569 χρήσεσθε
1462 531 1552 566 πολλῷ
1564 540 1570 546 ·
1588 530 1648 558 ἀντὶ
1663 530 1690 557 δὲ
1704 530 1753 565 τῆς
1769 538 1823 564 μα-

1031 581 1118 617 λακῆς
1145 581 1269 617 ἐσθῆτος,
1295 581 1396 607 σάκκον
1416 577 1597 614 περιθήσεσθε
1614 577 1659 603 ἐπὶ
1675 576 1713 611 τῷ
1728 575 1824 602 πένθει

1031 627 1084 653 τῶν
1111 627 1254 662 παρόντων
1272 624 1382 652 κακῶν
1401 623 1448 650 τοῦ
1467 623 1495 649 δὲ
1519 621 1634 649 παλαιοῦ
1654 621 1757 655 κόσμου
1772 617 1824 653 τῆς

1031 672 1155 707 κεφαλῆς
1178 671 1375 707 ἀμελήσαντες,
1398 670 1447 704 τὴν
1471 666 1614 703 ἀφαίρεσιν
1633 665 1687 692 τῶν
1709 664 1822 701 τριχῶν,

1031 721 1068 751 ὡς
1084 720 1112 745 ὲν
1125 717 1261 748 τοσούτοις
1273 717 1336 751 ὑμῖν
1352 714 1481 750 ἁρμόζειν
1495 712 1619 748 οἰήσεσθε
1633 713 1688 742 ταῖς
1706 711 1802 742 κακοῖς
1814 718 1822 725 ·

1032 765 1150 796 ᾶπαντές
1164 773 1204 796 τε,
1226 762 1367 797 συντόμως
1383 761 1481 790 εἰπεῖν.
1497 759 1535 790 ὡς
1551 759 1597 784 ἐπὶ
1604 757 1696 783 πένθει
1711 762 1825 791 μονογε-

1031 813 1094 844 νοῦς
1112 811 1171 838 υἱοῦ
1188 809 1368 846 ἠγαπημένον
1383 798 1551 834 διαίελέσετε
1562 805 1615 831 ὑπὸ
1628 804 1678 838 τῆς
1694 801 1825 837 κατεχού-

1037 867 1086 893 σης
1099 858 1206 892 ὀδύνης,
1230 857 1284 883 τῶν
1314 854 1495 890 περιεχόντων
1519 851 1631 882 ἑαυτοὺς
1644 849 1738 876 κακῶν
1757 848 1825 883 θρη-

1036 905 1144 936 νοῦντες
1153 903 1183 929 τὸ
1201 901 1330 938 μέγεθος-
1344 900 1391 927 καὶ
1410 899 1445 926 τὰ
1466 898 1529 932 ἑξῆς
1548 897 1575 923 δὲ
1588 896 1633 922 ἐπὶ
1646 895 1752 926 τούτοις
1767 894 1826 920 ἐσό-

1045 959 1126 986 μενα,
1139 949 1176 981 ὡς
1187 948 1324 984 βαρύτερα
1336 945 1423 980 δηλῶν
1435 947 1449 971 ὁ
1462 945 1613 979 προφήτης,
1631 952 1640 968 ‹
1655 941 1825 986 Παρέσονται

1037 985 1101 1031 γὰρ,
1121 995 1213 1030 φησὶν,
1229 993 1342 1029 ἡμέραι,
1359 993 1388 1019 ὲν
1398 990 1441 1023 αἷς
1455 991 1504 1017 οὐκ
1524 990 1611 1024 ἐνδείᾳ
1625 988 1726 1023 τροφῆς
1740 995 1770 1012 τε
1779 985 1826 1012 καὶ
1846 991 1852 998 ‘

1038 1042 1120 1069 ποτοῦ
1136 1038 1328 1076 περιπεσεῖσθε
1347 1038 1437 1073 μόνον,
1453 1035 1520 1062 ἀλλὰ
1539 1034 1593 1069 γὰρ
1609 1033 1659 1068 τὴν
1673 1031 1827 1067 βαρυτάτην

1039 1087 1141 1113 ἔνδειαν
1172 1085 1344 1120 ὑπομενεῖτε,
1372 1081 1431 1108 οὐδὲ
1469 1081 1532 1115 μιᾶς
1561 1080 1651 1113 φωνῆς
1671 1076 1828 1111 ἀξιούμενοι

1039 1132 1126 1163 θείας,
1153 1132 1202 1166 τῆς
1229 1130 1272 1156 διὰ
1295 1127 1445 1164 προφητῶν
1476 1125 1603 1155 εἰωθυίας
1625 1122 1749 1158 γίνεσθαι

1038 1177 1201 1212 ψυχαγωγία
1213 1175 1266 1201 τῶν
1278 1176 1305 1201 ἐν
1326 1173 1421 1203 δεινοῖς
1438 1169 1618 1202 καθεστώτων
1629 1189 1635 1195 .
1645 1178 1653 1194 ι
1670 1167 1751 1201 Λέγει
1763 1166 1791 1192 δὲ
1798 1165 1828 1191 τὺ

1040 1224 1086 1250 καὶ
1101 1223 1176 1257 παρὰ
1186 1221 1224 1257 τῷ
1240 1220 1366 1256 μακαρίῳ
1379 1219 1461 1254 ῥηθὲν
1478 1216 1557 1251 Ὠσηὲ
1572 1215 1610 1250 τῷ
1621 1212 1821 1249 προφήτῃνίῦθ)

1040 1269 1084 1295 ὅτι
1101 1278 1110 1293 ι
1126 1267 1299 1302 Καθήσονται
1311 1267 1335 1292 oi
1347 1265 1398 1291 υἱοὶ
1421 1262 1527 1298 Ἰσραὴλ
1538 1262 1587 1288 οὐκ
1597 1260 1671 1291 ὂντος
1686 1258 1827 1294 βασιλέως,

1040 1315 1100 1341 οὐδὲ
1120 1313 1195 1345 ὄντος
1218 1314 1358 1348 ἄρχοντος,
1374 1310 1433 1337 οὐδὲ
1456 1308 1538 1342 οῦσης
1552 1307 1658 1338 θυσίας,
1676 1305 1736 1331 οὐδὲ
1754 1305 1829 1336 ὄντος

1041 1359 1243 1394 θυσιαστηρίου,
1270 1358 1330 1384 οὐδὲ
1345 1354 1559 1392 ἱερατείας,ούδὲ
1577 1353 1675 1388 δήλων·
1690 1361 1699 1377 ι
1710 1352 1749 1386 (p.
1765 1350 1828 1385 902)

1042 1408 1070 1433 ἐν
1089 1403 1129 1438 οἷς
1144 1405 1271 1441 σημαίνει
1283 1404 1314 1430 τὸ
1330 1402 1398 1438 μετὰ
1409 1402 1459 1436 τὴν
1476 1399 1662 1435 αἰχμαλωσίαν
1675 1398 1723 1433 τὴν
1736 1398 1764 1423 ὲν
1776 1397 1830 1422 Βα-

1043 1452 1143 1478 ϐυλῶνι
1158 1451 1307 1486 γενομένην
1319 1449 1426 1476 ἅπαντα
1439 1447 1530 1474 αὐτῶν
1543 1445 1724 1481 ἀφαιρεθῆναι
1733 1443 1827 1470 ταῦτα.

1043 1497 1079 1523 Ύδ
1092 1496 1158 1523 αὐτὸ
1176 1496 1207 1529 δὴ
1222 1485 1269 1521 καὶ
1281 1485 1334 1520 νῦν
1345 1495 1358 1520 ὁ
1370 1493 1513 1527 προφήτης
1523 1491 1608 1526 δηλοῖ,
1618 1491 1658 1516 ὃτι
1670 1487 1830 1525 Παραδοθή-

1045 1541 1124 1568 σεσθε
1146 1541 1202 1571 τοῖς
1230 1539 1324 1568 κακοῖς
1336 1545 1343 1552 ⁸
1356 1538 1416 1564 τότε
1432 1538 1494 1568 τοῦς
1510 1536 1655 1571 προφήτας
1672 1534 1830 1568 ἐπιζητεῖτε

1043 1584 1080 1614 ὧν
1096 1586 1142 1613 νῦν
1161 1586 1302 1620 ἀμελεῐτεε
1325 1585 1372 1610 καὶ
1394 1583 1590 1618 ἐπιθυμοῦντες
1617 1581 1712 1616 μαθεῖν
1734 1578 1761 1606 εἴ
1772 1587 1832 1606 τινα

1046 1633 1198 1669 μεταϐολὴν
1218 1632 1265 1658 ἐπὶ
1287 1632 1318 1659 τὸ
1342 1632 1465 1667 κρεῖττον
1491 1630 1596 1661 δέξεται
1616 1627 1651 1654 τὰ
1670 1627 1732 1653 καθ’
1747 1627 1830 1661 ὑμᾶς.

1047 1690 1056 1705 ι
1076 1679 1276 1713 Σαλευθήσεται
1298 1677 1364 1712 γὰρ,
1386 1677 1463 1711 φησι,
1477 1676 1512 1702 τὰ
1525 1675 1609 1702 ὕδατα
1628 1673 1682 1700 ἀπὸ
1695 1672 1832 1707 θαλάσσης

1044 1725 1097 1757 ἕως
1129 1724 1279 1759 θαλάσσης,
1307 1724 1353 1750 καὶ
1369 1722 1423 1749 ἀπὸ
1440 1722 1525 1758 βορρᾶ
1541 1721 1593 1752 ἕως
1607 1719 1744 1746 ἀνατολῶν
1755 1726 1832 1753 περι-

1044 1771 1210 1807 δραμοῦνται
1237 1769 1382 1805 ζητοῦντες
1407 1769 1452 1795 τὸν
1466 1768 1545 1802 λόγον
1557 1767 1671 1802 Κυρίου,
1685 1765 1732 1791 καὶ
1749 1764 1780 1791 ού
1795 1763 1832 1799 μὴ

1046 1817 1162 1852 εὖρωσιν
1176 1817 1269 1843 αὐτόν.
1285 1826 1294 1841 ι
1315 1816 1373 1842 Ἰνα
1385 1815 1449 1851 εἴπῃ
1466 1815 1507 1841 ὅτι
1518 1814 1573 1841 πᾶν
1584 1813 1614 1840 τὸ
1625 1812 1728 1847 πλῆθος
1746 1812 1833 1838 ἐκεῖνο

1046 1863 1092 1890 τοῦ
1119 1863 1228 1898 Ἰσραὴλ
1245 1863 1275 1889 τὺ
1290 1862 1403 1897 ἄπειρον
1432 1861 1562 1892 ποικίλως
1584 1858 1833 1894 διαταραχθὴσεται

1046 1908 1215 1943 ἁπανταχοῦ,
1233 1908 1330 1943 ζητοῦν
1351 1907 1402 1934 ποῦ
1415 1916 1456 1939 τις
1467 1907 1609 1942 προφήτης
1626 1906 1750 1940 φανεῖται
1765 1904 1833 1930 κατὰ

1047 1955 1159 1989 γνώμην
1177 1953 1245 1981 θεοῦ
1266 1953 1375 1989 μηνύων
1389 1954 1479 1984 αὐτοῖς
1496 1953 1530 1979 τὰ
1546 1953 1677 1987 ἐσόμενα·
1691 1950 1776 1986 οὗπερ
1788 1949 1833 1977 οὖν

1047 2002 1078 2028 ού
1093 2001 1231 2034 τεύξονται
1247 2001 1318 2027 τότε.
1333 1998 1410 2032 Εἶτα,
1433 2000 1525 2034 φησὶν,
1539 1998 1753 2033 ἀφανισθήσεται
1769 2006 1835 2023 παν-

1048 2047 1132 2079 τελῶς
1144 2048 1198 2074 πᾶν
1210 2048 1223 2073 ὃ
1235 2056 1260 2073 τι
1272 2046 1413 2074 κάλλιστον
1423 2046 1486 2081 ὑμῖν
1495 2045 1617 2080 φαίνεται
1631 2044 1678 2070 νῦν
1693 2045 1738 2071 καὶ
1754 2052 1835 2070 σπου-

1048 2093 1097 2128 δῆς
1107 2092 1191 2124 ἄξιον.
1213 2091 1388 2118 ’Λπολοῦνται
1404 2092 1453 2126 μὲν
1464 2091 1518 2126 γὰρ
1531 2092 1558 2117 αἱ
1580 2090 1647 2125 μετὰ
1664 2089 1762 2124 πολλῆς
1773 2090 1833 2115 ἐπι-

1052 2139 1161 2174 μελείας
1176 2138 1223 2164 νῦν
1250 2137 1481 2173 παρθενευόμεναι
1505 2137 1569 2170 παρ’
1587 2137 1660 2168 ὑμῖν,
1674 2135 1834 2161 ἀπολοῦνται

210 2186 396 2220 pellaverunt;
414 2185 475 2211 ideo
487 2189 616 2211 corruent
637 2184 715 2219 lapsu
731 2191 845 2219 prorsus
863 2184 988 2219 irrepat-ai

1050 2185 1078 2211 δὲ
1087 2184 1133 2211 καὶ
1146 2185 1170 2211 οἱ
1179 2184 1225 2210 ἐπὶ
1235 2184 1340 2219 νεότητι
1353 2183 1470 2218 μάλιστα
1485 2182 1696 2219 θαυμαζόμενοι·
1710 2182 1835 2208 πείσεσθε

211 2230 268 2257 bili.
289 2228 390 2256 Deinde
407 2229 487 2255 aliam
506 2229 603 2255 recitat
619 2229 813 2256 revelationem
831 2237 837 2254 :

1050 2230 1078 2256 δὲ
1091 2230 1177 2256 ταῦτα
1190 2229 1260 2265 ὑπὲρ
1273 2229 1357 2261 τίνος;
1369 2229 1414 2255 (οἰ
1427 2228 1573 2263 ὀμνύοντες
1586 2228 1656 2254 κατὰ
1666 2228 1712 2255 τοῦ
1722 2228 1834 2262 ἱλασμοῦ

212 2276 378 2311 Σαμαρείας,
406 2275 453 2302 καὶ
478 2274 603 2308 λέγοντες
615 2283 622 2290 ·
636 2276 673 2310 Ζῇ
691 2276 705 2301 ὁ
721 2275 781 2306 θεὸς
795 2275 859 2308 Δὰν,
876 2275 923 2302 καὶ
946 2275 979 2311 ζῇ
1000 2276 1014 2301 ὁ
1033 2276 1094 2308 θεός
1112 2285 1159 2303 σου
1181 2275 1317 2312 Βερσαὸἐε
1328 2284 1334 2290 ·
1351 2275 1397 2302 καὶ
1414 2275 1575 2306 πεσοῦνται,
1598 2275 1645 2301 καὶ
1661 2276 1692 2301 οὐ
1716 2274 1754 2309 μὴ
1771 2275 1836 2301 ἀνα-

213 2323 311 2349 στῶσιν
325 2322 375 2348 ἒτι.
397 2332 406 2347 ι
422 2322 507 2358 ’Υπὲρ
521 2319 558 2348 ὧν
569 2322 683 2356 ἀφέντες
699 2322 765 2349 Θεὸν
779 2323 823 2349 τὸν
837 2322 885 2349 τοῦ
898 2323 998 2354 παντὸς
1012 2323 1125 2359 Κύριον,
1140 2323 1174 2350 τὰ
1195 2324 1223 2349 ἐν
1242 2322 1384 2358 Σαμαρείᾳ
1403 2321 1498 2348 εἴδωλα
1515 2321 1676 2356 θεραπεύειν
1696 2321 1835 2349 ἔσπευδον.

211 2369 257 2395 καὶ
277 2367 365 2395 ταῦτα
388 2368 499 2395 ἐκάλουν
521 2369 598 2401 θεοὺς
612 2379 619 2386 ·
643 2370 712 2405 ὑπὲρ
731 2369 834 2397 τούτων
853 2370 998 2398 πεσοῦνται
1017 2371 1117 2405 πτῶμα
1139 2370 1302 2406 ἀδιόρθωτον
1322 2369 1472 2400 παντελῶς.
1491 2367 1556 2395 Εἶτα
1577 2368 1656 2396 πάλιν
1669 2368 1837 2402 ἀποκάλυιξνιν

211 2415 308 2451 ἑτέραν
324 2416 398 2450 λέγει
410 2425 416 2431 ·

536 2463 610 2490 CAP.
632 2463 677 2491 IX.

251 2506 330 2542 135
342 2506 425 2534 Vens.
450 2508 506 2535 l-5.
524 2523 559 2527 -—
586 2518 595 2535 ι
626 2509 686 2536 Vidi
712 2509 854 2537 Dominum
880 2514 998 2537 stantem

214 2561 297 2587 super
312 2553 407 2579 altare.
433 2552 464 2580 Et
486 2554 554 2581 dixit
572 2564 578 2581 :
596 2554 713 2582 Percute
736 2563 820 2590 super
841 2556 1001 2590 propitiato—

216 2598 297 2630 rium,
311 2601 338 2623 et
361 2598 604 2626 commovebuntur
625 2599 770 2627 vestibula.
794 2600 826 2627 Et
847 2601 914 2628 dixit
933 2610 939 2627 :
959 2601 1003 2627 lu-

216 2643 276 2669 ('ide
292 2643 318 2668 in
335 2642 425 2676 capita
437 2644 558 2671 omnium
577 2654 583 2672 :
600 2649 626 2671 et
641 2645 762 2680 reliquos
777 2653 810 2673 ex
829 2646 896 2681 ipsis
914 2645 1003 2680 gladio

215 2688 349 2720 occidam,
375 2696 429 2715 non
458 2689 567 2725 effugiet
583 2698 616 2718 ex
642 2692 692 2724 eis,
710 2692 757 2727 qui
775 2692 894 2727 fugerit:
917 2699 1004 2726 neque

216 2734 368 2761 salvabitur
389 2742 420 2761 ex
441 2735 491 2767 eis,
515 2737 561 2770 qui
587 2737 733 2765 incolumis
756 2739 882 2766 evaserit.
901 2748 910 2763 ι
931 2737 1003 2771 \‘idi,

254 2821 278 2838 "
298 2824 360 2850 Use.
382 2823 452 2852 nIJ.

1376 2461 1453 2486 ΚΕΦ.
1479 2459 1517 2486 Θ’.

1086 2510 1163 2543 Στ.χ.
1176 2507 1249 2542 α’-γ¹.
1265 2522 1298 2528 --
1319 2517 1327 2532 ι
1347 2505 1424 2534 Ιῦὶδον
1450 2506 1494 2532 τὸν
1508 2505 1608 2540 Κύριον
1629 2505 1770 2540 ἐφεστῶτα
1795 2506 1839 2531 ἐπὶ

1051 2555 1098 2581 τοῦ
1113 2553 1306 2588 θυσιαστηρίου
1318 2562 1323 2567 ·
1337 2553 1385 2579 καὶ
1400 2550 1460 2578 εἷπε
1473 2561 1478 2566 ·
1496 2551 1618 2583 Παταξον
1632 2552 1677 2578 ἐπὶ
1688 2551 1718 2578 τὸ
1735 2551 1839 2586 ἱλαστή-

1055 2609 1121 2635 ριον,
1135 2603 1173 2635 (ρ.
1194 2600 1258 2635 205)
1275 2600 1322 2626 καὶ
1337 2599 1507 2633 σεισθὴσεται
1522 2598 1555 2624 τὰ
1568 2597 1693 2633 πρόπυλα
1703 2607 1711 2613 υ
1729 2597 1775 2624 καὶ
1789 2597 1840 2625 διά-

1054 2646 1137 2680 κοψον
1158 2647 1198 2677 εἰς
1214 2645 1335 2680 κεφαλὰς
1359 2645 1478 2675 πάντων,
1500 2644 1547 2671 καὶ
1577 2644 1639 2674 τοὺς
1660 2643 1839 2675 καταλοίπους

1054 2691 1143 2719 αὐτῶν
1172 2692 1200 2717 ὲν
1228 2690 1351 2726 ῥομφαίᾳ
1382 2689 1536 2715 ἀποκτενῶ·
1561 2689 1591 2714 οὐ
1614 2688 1651 2724 μὴ
1676 2688 1795 2723 διαφύγῃ
1812 2688 1840 2720 ἐξ

1055 2736 1146 2764 αὐτῶν
1163 2736 1281 2772 φεύγων,
1297 2736 1343 2763 καὶ
1360 2735 1389 2762 οὺ
1407 2735 1445 2771 μὴ
1462 2735 1535 2770 σωθῇ
1550 2734 1579 2768 ἐξ
1599 2734 1688 2761 αὐτῶν
1706 2734 1841 2767 avum“.
