1973 3066
178 112 229 141 :99

773 107 947 137 THEODOBI
965 107 1206 136 MOPSUESTENI

1754 108 1808 137 5ῧο

212 168 296 197 Vens.
317 167 344 195 'l.
362 182 395 188 —
412 175 422 193 ι
436 166 567 202 Nunquid
594 172 622 194 ut
648 167 696 194 lilii
724 165 885 202 Ethiopum
911 173 959 193 vos

1048 165 1121 201 Στίχ.
1138 165 1170 199 ζ’.
1189 182 1221 187 -
1252 166 1327 201 (Οὐχ
1345 167 1384 199 ᾡς
1410 165 1462 193 υίοὶ
1477 167 1613 194 Αἰθιόπων
1639 167 1718 202 ὑμεῖς
1743 167 1806 194 ἐστὶ

177 216 245 243 cstis
258 213 390 247 mihiJilii
403 213 531 241 lsraelis?
543 222 553 239 ι
573 211 643 239 Num
660 212 764 240 similes
775 212 838 240 liliis
854 211 963 239 Ethio-

179 270 241 294 num
259 261 330 297 apud
350 268 393 287 me
409 267 459 287 vos
472 259 627 292 constitui;
654 259 756 295 quibus
776 266 827 294 ego
852 257 963 294 quidem

179 308 245 336 nihil
260 307 398 343 peculiare
406 305 559 333 contulisse
571 305 677 333 videor.
696 314 705 330 ‹
718 304 815 332 Nonne
834 304 962 332 israelem

178 353 210 380 de
226 357 297 380 terra
313 350 425 386 Egypti
448 351 552 378 eduxi?
566 360 575 376 ι
591 350 685 385 Neque
699 349 784 381 enim.
810 349 892 376 sicuti
915 356 964 376 vos

177 399 210 426 de
223 397 340 434 Egypto
365 404 488 427 sumens.
519 397 619 424 acerbo
647 397 696 423 illo
724 396 839 423 servitio
864 395 962 426 exemi,

177 445 294 478 talisque
308 451 340 470 ac
355 447 437 470 tanta:
448 447 475 471 et
486 443 554 470 nihil
566 443 599 470 ad
609 451 657 470 vos
669 442 832 478 pertinentis
843 442 963 477 regionis

176 490 301 517 dominos
318 489 387 522 ieci;
415 489 452 516 ita
469 496 519 524 par
537 488 642 524 aliquid
661 487 840 523 Ethiopibus
864 487 963 515 fecisse

177 535 251 564 visus
268 542 339 562 sum.
358 544 366 560 I
381 533 414 561 Et
428 534 594 569 alienigenas
603 533 826 569 deCappadocia,
843 538 870 561 et
880 534 964 569 Syros

178 582 210 609 d3
223 581 363 608 Bolhro‘!»
393 581 525 608 Bothrum
553 581 678 608 nonnulli
696 580 772 607 aiunt
801 580 882 616 136
909 579 963 607 dici

175 635 226 662 pro
251 628 285 655 iis
307 635 368 662 quat
395 635 469 654 nunc
494 627 667 662 appellantur
691 627 777 658 Carae.
807 627 875 654 alias
899 634 964 654 vero

175 673 309 700 Cliarran.
337 672 394 708 Ego
423 679 488 700 vero
514 674 566 700 hac
603 673 740 708 superﬂua
769 673 964 708 disquisitione

175 719 288 751 omissa.
318 726 379 753 quae
405 718 475 746 nihil
502 720 595 746 sensui
630 720 808 755 intelligendo
840 719 962 755 prodest,

175 763 332 798 quicunque
343 764 452 791 demum
474 763 517 790 hic
540 764 687 792 deuotetur
708 765 797 796 locus,
822 764 964 800 praesentis

175 812 267 837 textus
282 807 464 843 signiﬁcatum
490 816 635 844 exponam.
660 809 765 844 Quippe
788 809 860 836 haud
876 809 960 836 dicit:

175 855 348 891 Alienigenas
378 862 412 882 ex
438 853 612 890 Cappadocia
639 856 732 886 eduxi.
761 860 789 883 et
816 855 900 891 Syros
927 862 960 882 ex

175 900 292 934 Bothro;
313 899 361 928 sed
378 901 546 928 contrarium
569 901 661 936 potius
673 901 800 933 aﬂirmat,
819 909 849 929 se
866 909 963 936 nempe

176 947 279 974 nullum
296 946 431 981 ejusmodi
445 946 606 974 beneficium
623 947 684 974 aliis
697 948 858 979 contulisse,
869 947 962 982 cujus-

175 992 247 1019 tnodi
273 990 422 1024 lsraelitis;
448 991 485 1018 ita
506 995 535 1018 ut
556 991 605 1019 hos
629 992 798 1027 oportuisset
815 992 962 1027 gratiorem

176 1046 230 1072 pra:
244 1038 350 1065 ceteris
364 1038 487 1064 animum
505 1046 570 1073 erga
587 1037 671 1066 Deum
691 1045 866 1066 conservare.
877 1038 960 1065 Nam-

173 1092 227 1120 que
243 1088 269 1112 et
289 1083 355 1111 illud
371 1084 544 1119 exploratum
568 1088 621 1116 est,
653 1084 728 1120 quod
742 1085 764 1112 si
783 1084 855 1112 forte
877 1084 961 1112 etiam

175 1130 235 1156 illos
245 1129 305 1164 pari
322 1128 402 1156 modo
426 1129 454 1156 iu
473 1129 626 1156 libertatem
644 1129 823 1162 vindicasset,
848 1129 962 1157 omnino

174 1176 373 1210 providentiam
400 1176 548 1211 quamdam
569 1176 644 1203 circa
666 1176 776 1204 eosdem
800 1176 961 1204 adhibuisse

173 1222 287 1255 diceret,
315 1221 396 1256 cujus
423 1221 602 1257 providentia
629 1230 731 1258 scopus
751 1223 859 1250 cunctis
881 1223 961 1250 facile

173 1273 247 1296 esset
256 1271 426 1302 compertus.
452 1267 506 1295 Sed
521 1268 595 1296 enim
611 1267 750 1302 lsraelem,
778 1277 834 1296 non
852 1269 959 1304 simpli-

174 1314 243 1342 citer
261 1317 371 1340 tantum
394 1321 426 1341 cx
446 1313 565 1350 Egypto
585 1314 690 1347 eduxit,
715 1314 763 1342 sed
789 1315 875 1342 multa
893 1322 960 1342 cura

172 1360 213 1387 illi
241 1360 358 1393 adstitit,
394 1367 450 1394 quo
474 1361 602 1387 idoneum
629 1360 767 1393 redderet,
798 1365 828 1388 ut
843 1370 876 1389 ex
899 1362 960 1391 ipso

175 1405 248 1435 salus
266 1407 429 1433 universalis
451 1411 596 1441 appareret
612 1406 740 1434 Christus
764 1407 904 1435 Dominus.

210 1541 279 1575 Ergo
313 1541 376 1576 quid
408 1541 517 1568 demum
550 1541 633 1569 dicit?
661 1541 837 1576 Migrutiones
865 1545 957 1572 multa:

170 1587 204 1614 de
221 1588 289 1614 locis
313 1588 338 1614 iu
361 1587 413 1614 alia
432 1587 490 1614 loca
510 1587 638 1622 inerunt;
658 1589 741 1616 veluti
763 1588 885 1621 Tharraz,
911 1591 958 1626 qui

172 1633 243 1659 beati
269 1632 415 1660 Abrahami
445 1636 522 1667 pater
553 1632 623 1663 fuit.
660 1634 761 1669 quique
785 1635 820 1663 de
849 1637 960 1671 regione

171 1678 361 1704 (ilialdmorum
386 1685 532 1712 egressus,
554 1677 582 1704 in
603 1677 727 1705 Charran
755 1679 898 1714 migravit,
918 1685 960 1707 at-

171 1731 224 1756 que
239 1724 275 1750 ibi
296 1722 395 1750 deinde
413 1727 538 1751 mortuus
559 1729 611 1751 est.
646 1723 725 1752 Unde
746 1729 772 1752 ct
792 1726 906 1762 contigit
930 1732 960 1754 ut

172 1772 265 1803 postea
279 1767 451 1794 Abrahaums
468 1768 596 1795 transiret
608 1768 636 1795 in
652 1767 833 1796 Palzestinam.
845 1769 959 1798 Constat

172 1815 253 1840 etiam
286 1813 394 1841 beatum
419 1812 505 1841 Jacob
531 1822 594 1840 cum
618 1814 744 1842 universa
766 1817 895 1850 progenie
931 1818 959 1845 in

172 1858 318 1893 Aigyptum
349 1858 496 1885 incolatqu
525 1866 607 1886 suum
635 1859 823 1887 transtulisse.
863 1860 959 1890 Simile

171 1903 299 1938 quiddam
310 1907 337 1930 et
349 1903 410 1930 aliis
425 1903 553 1939 contigit,
572 1908 601 1931 ut
616 1905 749 1932 credibile
765 1911 808 1934 est
826 1916 833 1933 :
847 1911 874 1934 et
894 1908 958 1943 qui-

171 1950 233 1977 dam
249 1949 282 1977 de
297 1949 450 1984 Capadocia
460 1950 573 1985 egressi.
586 1954 613 1978 et
628 1951 662 1977 ad
674 1951 733 1978 loca
744 1952 957 1988 alienigenarum

173 1996 334 2031 migrantes,
351 1995 423 2023 misti
441 2001 505 2023 sunt
517 1996 582 2026 illis.
610 2005 728 2032 parsque
747 2006 841 2026 eorum
863 2008 959 2028 evase-

171 2046 246 2069 runt.
272 2042 309 2069 Ex
333 2041 433 2069 Bothro
455 2042 520 2069 item
541 2043 575 2070 ad
603 2043 688 2079 Syros
712 2044 758 2071 alii
780 2047 956 2081 transgressi.

170 2088 243 2123 apud
273 2095 321 2115 eos
355 2093 527 2119 manserunt.
555 2092 582 2115 et
598 2096 660 2116 cum
690 2091 758 2125 ipsis
785 2092 955 2119 coaluerunt.

172 2132 273 2162 Valens
289 2134 380 2168 itaque
402 2132 474 2160 Deus
500 2133 594 2161 dicere
612 2134 689 2170 137
710 2136 812 2169 nemini
833 2145 863 2164 se
882 2141 957 2165 tanta

176 2179 308 2207 beneﬁcia
327 2179 578 2214 largilum,quanta
603 2180 744 2214 Israelitis,
766 2182 853 2217 primo
872 2185 909 2210 ait
926 2191 955 2211 se
970 2199 994 2228 Β

171 2233 219 2253 eos
233 2225 305 2252 haud
319 2225 366 2252 illo
382 2225 479 2252 ordine
491 2226 562 2260 apud
574 2234 604 2253 se
616 2227 755 2258 habuisse,
775 2236 830 2262 quo
845 2229 954 2256 (Ethio-

169 2278 228 2305 pes,
243 2279 258 2297 a
272 2274 348 2305 parte
371 2270 476 2297 Scilicet
491 2276 606 2298 cunctas
626 2276 721 2306 gentes
737 2272 954 2301 denotansztum

170 2317 262 2344 dicere
287 2317 375 2351 pergit
402 2324 432 2344 sc
457 2317 561 2344 nullius
585 2325 678 2352 parem
708 2326 828 2352 unquam
860 2327 953 2347 curam

170 2361 303 2395 gessisse;
316 2361 396 2389 Solos
409 2363 480 2389 enim
492 2370 542 2390 vos
553 2361 672 2398 Egypto
686 2363 769 2391 eduxi
781 2365 876 2392 multis
891 2373 953 2392 cum

170 2406 309 2432 miraculis
324 2410 351 2433 et
367 2407 506 2440 insperato
531 2415 644 2442 prorsus
666 2409 762 2443 agendi
783 2409 864 2436 modo
882 2419 890 2437 ε
905 2410 953 2437 de-

169 2451 289 2484 duxique
304 2451 331 2477 in
352 2452 434 2479 talem
453 2456 613 2488 tantamque
636 2453 785 2488 regionem,
810 2455 888 2490 cujus
905 2464 954 2484 vos

169 2495 295 2523 dominos
319 2495 369 2523 icci
392 2504 547 2532 quanquam
574 2498 650 2526 nullo
675 2499 740 2534 jure
755 2500 788 2527 ad
806 2509 855 2528 vos
872 2502 956 2536 perti-

169 2540 271 2567 nentis.
287 2539 379 2576 Neque
394 2546 483 2568 tamen
499 2543 531 2569 ad
545 2544 702 2578 praedictam
715 2548 818 2572 terram
828 2553 860 2573 eo
873 2547 954 2574 modo

171 2584 348 2619 pervenistis,
364 2593 419 2620 quo
433 2587 591 2622 alienigena:
601 2596 634 2616 ex
644 2589 817 2624 Cappadocia
826 2592 955 2627 miscelli,

130 2656 133 2658 ,
169 2630 210 2656 vel
225 2629 286 2665 Syri
300 2628 333 2657 de
345 2629 456 2663 Bothro,
469 2637 603 2660 venerunt
612 2643 620 2667 ;
629 2635 730 2662 ctenim
741 2635 952 2671 himigratioues

203 2687 380 2728 ('29)_§60p9v
402 2687 446 2715 hic
468 2689 631 2728 in_telligcre_
641 2691 751 2719 videtur
771 2700 868 2720 nomen
889 2701 951 2728 pro-

168 2724 257 2757 prium
268 2722 429 2763 Theodorus
441 2725 608 2763 probabilius
620 2725 746 2763 fortasse,
764 2735 844 2762 quant
858 2722 950 2756 Hiero-

169 2765 285 2792 nymus,
308 2760 352 2796 qui
375 2760 664 2796 appellativumwapud
680 2761 749 2789 LXX
760 2760 903 2796 judicabat
923 2765 949 2791 in

168 2801 268 2832 cumini.
291 2795 323 2820 ad
344 2794 415 2820 hunc
436 2795 537 2832 locum.
550 2830 554 2832 _
569 2794 708 2823 En’verba
725 2807 730 2823 :
755 2794 809 2824 Pro
837 2797 947 2832 Cyrene,

168 2828 264 2860 Aquila
287 2834 309 2855 ιι
326 2835 417 2864 quinta
444 2830 525 2857 editio
546 2830 632 2864 ipsum
661 2831 764 2858 verbum
790 2828 948 2861 llebriziruni

1015 219 1070 246 μοι,
1088 211 1141 238 υἱοὶ
1162 211 1278 247 Ἰσραὴλ,
1297 212 1369 246 λέγει
1386 212 1503 249 Κύριος;
1516 221 1525 238 1
1545 212 1582 239 Οὐ
1597 212 1806 248 παραπλησίους

1013 254 1135 290 Αῑθίοψιν
1154 255 1257 291 ἐθέμην
1276 256 1348 292 ὑμᾶς
1367 256 1495 292 ὲμαυτῷ;
1521 254 1563 289 οἷς
1584 265 1616 291 γε
1633 257 1693 284 οὐδὲ
1713 257 1806 292 φαινο-

1015 300 1063 335 μαι
1078 309 1104 327 τι
1121 302 1219 337 νείμας
1241 302 1380 337 ἐξαίρετον
1395 302 1460 337 ἐγώ.
1481 312 1491 329 ι
1505 303 1544 329 Οὐ
1561 303 1607 330 τὸν
1629 303 1737 339 Ἰσραὴλ
1756 304 1805 330 ἀν-

1013 347 1117 382 ήγαγον
1130 348 1163 374 ἐκ
1178 347 1231 383 γῆς
1253 348 1408 383 Δίγύπτου;
1422 357 1431 374 ι
1455 348 1523 375 οὐδὲ
1540 348 1595 384 γὰρ
1619 348 1713 385 ὥσπερ
1732 349 1806 384 ὑμᾶς

1014 393 1067 419 ἀπὸ
1081 392 1131 426 τῆς
1147 393 1284 427 Αἰγύπτου
1297 393 1395 426 λαϐὼν,
1415 394 1466 429 τῆς
1488 402 1517 420 τε
1529 394 1650 426 δουλείας
1662 395 1803 430 ἀπήλλαξα

1013 439 1062 474 τῆς
1078 440 1178 476 πικρᾶς
1201 440 1317 476 ἐκείνης,
1334 441 1382 467 καὶ
1404 441 1456 476 γῆς
1481 441 1610 476 ἀπέφηνα
1625 441 1759 476 τοσαύτης
1773 450 1803 468 τε

1013 485 1061 512 καὶ
1074 486 1200 520 τοιαύτης
1214 486 1324 522 κυρίους
1334 486 1384 520 τῆς
1399 487 1429 513 οὐ
1441 486 1632 523 προσηκούσης
1647 487 1721 522 ὑμῖν,
1732 487 1804 515 οὕτω

1013 532 1044 567 δή
1060 540 1086 558 τι
1103 532 1166 567 περὶ
1181 532 1311 564 Αἰθίοπας
1336 532 1429 568 ὤφθην
1450 531 1616 568 πεποιηκώς.
1646 542 1655 559 i
1667 533 1721 559 Καὶ
1740 534 1804 565 τοὺς

1013 577 1177 613 ἀλλοφύλους
1190 579 1222 605 ὲκ
1232 579 1442 610 Καππαδοκίας,
1456 579 1503 606 καὶ
1514 579 1577 611 τοὺς
1588 579 1691 616 Σύρους
1709 580 1741 606 ὲκ
1754 579 1803 607 Βό-

1014 624 1078 660 θρου
1088 625 1143 660 (29)
1155 633 1161 656 ;
1175 635 1184 651 ι
1204 625 1240 651 Τὺ
1261 626 1310 660 μὲν
1324 627 1356 653 ὲκ
1371 625 1471 660 Βόθρου
1481 626 1519 661 (p.
1536 625 1600 660 206)
1611 626 1685 658 τινὲς
1699 626 1804 661 ἔφασαν

1013 670 1149 705 λέγεσθαι,
1169 672 1317 704 τουτέστιν,
1331 673 1363 698 ἐκ
1376 671 1476 708 Καρῶν
1492 671 1547 706 (50)
1559 671 1609 707 τῆς
1621 672 1668 699 νῦν
1680 672 1749 699 οὕτω
1759 672 1803 698 λε-

1013 718 1143 753 γομένης,
1164 718 1227 744 ποτὲ
1256 718 1285 744 δὲ
1299 718 1412 754 Χαρράν
1426 727 1432 734 ·
1459 718 1589 754 περιττὴν
1609 718 1638 745 δὲ
1656 717 1738 745 οὖσαν
1752 719 1804 754 τὴν

1013 763 1203 799 ἀκριδολογίαν
1214 764 1316 799 ταύτην
1329 765 1417 799 ἀφεὶς,
1439 764 1477 799 τῷ
1493 764 1575 800 μηδὲν
1591 764 1659 799 πρὸς
1672 765 1703 792 τὸ
1714 764 1801 800 νόημα

1015 809 1160 841 συντελεῖν,
1176 810 1249 842 ὅστις
1262 810 1326 836 ποτὲ
1346 809 1379 837 ἂν
1393 811 1407 837 ὁ
1419 809 1499 845 δηλού
1504 818 1584 845 μενος
1594 811 1674 842 τόπος
1688 812 1717 837 ὲν
1739 810 1802 837 τού-

1012 863 1068 887 τοις
1082 854 1111 892 ᾐ,
1128 855 1158 882 τὺ
1177 855 1375 891 σημαινόμενον
1391 855 1436 882 ἐπὶ
1451 854 1497 881 τοῦ
1520 855 1654 891 παρόντος
1672 856 1726 891 ἐρῶ
1737 863 1744 870 ·
1770 856 1801 882 οὐ

1012 903 1066 938 γὰρ
1088 903 1167 929 τοῦτο
1184 902 1268 937 λέγει,
1283 903 1324 929 ὅτι
1345 902 1415 933 Τοὺς
1434 901 1598 936 ἀλλοφύλους
1617 902 1752 936 ἀνήγαγον
1769 902 1801 928 ἐκ

1012 948 1220 980 Καππαδοκίας,
1247 949 1294 975 καὶ
1315 948 1377 980 τοὺς
1390 947 1492 983 Σύρους
1511 949 1543 974 ὲκ
1563 948 1663 983 Βόθρου
1676 957 1682 963 ·
1699 949 1730 975 τὸ
1745 949 1801 985 γὰρ

1012 995 1131 1022 ἐναντίον
1147 995 1271 1030 βούλεται
1294 994 1441 1025 δεικνύναι,
1459 994 1500 1021 ὅτι
1517 994 1593 1021 οὐθὲν
1607 994 1711 1021 τοιοῦτο
1730 1003 1802 1031 παρ-

1012 1042 1128 1077 έσχηκεν
1144 1042 1257 1077 ἑτέροις,
1279 1038 1334 1067 οἷον
1352 1041 1384 1077 δὴ
1403 1040 1519 1073 τούτοις,
1540 1040 1610 1067 ὥστε
1627 1041 1737 1076 μείζονα
1753 1043 1800 1068 καὶ

1011 1088 1088 1122 παρά
1099 1087 1200 1114 τούτων
1215 1088 1263 1122 τὴν
1277 1087 1487 1123 εὐγνωμοσύνην
1501 1088 1541 1120 είς
1552 1087 1631 1114 αὐτὸν
1646 1088 1722 1124 παρὰ
1732 1088 1801 1116 πάν-

1010 1143 1059 1166 τας
1081 1135 1178 1170 χρῆναι
1202 1134 1400 1168 φυλάττεσθαιο
1425 1134 1504 1169 δήλου
1520 1142 1552 1168 γε
1569 1134 1645 1166 όντος
1661 1134 1799 1167 κάκείνου,

1011 1181 1048 1212 ὡς
1063 1181 1142 1216 εἴπερ
1153 1180 1298 1215 ἀναγαγὼν
1311 1178 1345 1216 ἦν
1360 1181 1407 1207 καὶ
1417 1180 1527 1216 ἑτέρους
1540 1180 1737 1216 παραπλησίως
1744 1180 1802 1207 τού-

1010 1237 1076 1259 τοις,
1090 1228 1197 1259 πάντως
1212 1228 1244 1255 ἄν
1253 1236 1313 1254 τινα
1327 1227 1373 1254 καὶ
1389 1227 1516 1263 πρόνοιαν
1530 1227 1606 1261 ἔλεγε
1620 1227 1685 1262 περὶ
1697 1227 1798 1259 αὐτοὺς

1010 1273 1184 1309 γεγενῆσθαι,
1203 1273 1272 1308 μετά
1286 1272 1334 1299 τοῦ
1351 1273 1398 1300 καὶ
1421 1273 1469 1308 τῆς
1494 1272 1621 1309 προνοίας
1635 1272 1681 1300 τὸν
1700 1273 1801 1300 σκοπὸν

1010 1320 1160 1354 εὔγνωστον
1183 1320 1286 1346 ἅπασιν
1306 1317 1375 1346 εἶναι
1388 1327 1396 1334 ·
1418 1319 1478 1347 ἐπεὶ
1493 1319 1539 1345 καὶ
1553 1320 1599 1346 τὸν
1622 1319 1728 1355 Ἰσραὴλ
1751 1319 1800 1354 οὐχ

1011 1367 1103 1398 ἁπλῶς
1126 1366 1248 1401 ἀνήγαγε
1261 1366 1310 1401 τῆς
1326 1365 1476 1400 Αίγύπτου,
1487 1365 1544 1392 ἀλλ’
1559 1365 1629 1392 ὥστε
1642 1365 1685 1392 διὰ
1700 1366 1801 1401 πολλῆς

1010 1413 1124 1448 ἀγαγὼν
1140 1414 1189 1449 τῆς
1208 1412 1378 1448 ἐπιμελείας,
1394 1412 1543 1447 ἐπιτήδειον
1552 1412 1718 1448 ἐργάσασθαι
1732 1412 1800 1448 πρὸς

1010 1459 1041 1485 τὸ
1056 1459 1159 1486 ἐκεῖθεν
1178 1459 1227 1494 τὴν
1247 1458 1374 1485 ἁπάντων
1393 1457 1510 1493 φανῆναι
1524 1457 1670 1493 σωτηρίαν,
1685 1458 1732 1484 τδν
1750 1459 1800 1484 Δε-

1014 1499 1116 1535 σπότην
1130 1501 1254 1538 Χριστόν.

1045 1550 1078 1576 Τί
1095 1547 1141 1576 οὖν
1162 1550 1238 1576 ἐστιν
1252 1549 1266 1576 ὅ
1281 1557 1363 1584 φησι;
1383 1549 1568 1580 Μεταστάσεις
1584 1548 1706 1576 πλεῖσται
1721 1549 1800 1584 γεγό-

1009 1604 1070 1622 νασι
1090 1596 1122 1622 ὲκ
1140 1596 1231 1622 τόπων
1251 1595 1290 1627 εἰς
1305 1595 1420 1626 τόπους·
1437 1592 1493 1621 οἷον
1509 1595 1541 1630 δή
1558 1604 1583 1622 τι
1599 1596 1644 1622 καὶ
1661 1596 1737 1632 παρά
1751 1596 1798 1622 τοῦ

1009 1641 1103 1676 Θάρῤα
1126 1640 1173 1667 τοῦ
1194 1640 1298 1676 πατρὸς
1312 1639 1359 1666 τοῦ
1377 1640 1512 1675 μακαρίου
1532 1639 1643 1674 γέγονεν
1663 1640 1797 1676 Ἀϐραὰμ,

1009 1687 1161 1719 ἐξελθόντος
1176 1687 1224 1721 μὲν
1248 1687 1279 1713 ἐκ
1294 1686 1345 1721 γῆς
1357 1686 1507 1718 Χαλδαίων,
1527 1685 1687 1721 ἐληλυθότος
1705 1687 1734 1713 δὲ
1757 1688 1798 1718 εἰς

1009 1732 1132 1769 Χαρρὰν,
1158 1730 1217 1759 εἶτα
1241 1732 1464 1767 τετελευτηκότος
1486 1732 1596 1758 αὐτόθι·
1621 1732 1682 1759 ὅθεν
1698 1732 1729 1768 δὴ
1750 1733 1798 1760 καὶ

1011 1779 1175 1813 μεταστῆναι
1192 1778 1285 1812 γέγονε
1303 1777 1396 1804 λοιπὸν
1408 1778 1453 1804 τὸν
1472 1778 1598 1815 Ἀδραὰμ
1616 1779 1662 1805 ἐπὶ
1681 1778 1729 1814 τὴν
1741 1779 1798 1804 Πα-

1008 1823 1147 1858 λαιστίνην
1157 1833 1163 1839 ·
1181 1824 1231 1850 οὐκ
1246 1823 1342 1859 ἄδηλον
1354 1823 1382 1849 δὲ
1403 1824 1440 1854 ὡς
1453 1824 1500 1850 καὶ
1518 1825 1531 1851 ό
1547 1825 1680 1860 μακάριος
1699 1823 1798 1851 Ἰακὼῦ

1010 1869 1078 1905 μετὰ
1098 1870 1207 1896 πάντων
1224 1870 1262 1904 (p.
1276 1869 1339 1904 207)
1359 1869 1413 1895 τῶν
1439 1870 1631 1906 προσηκόντων
1656 1870 1730 1905 αύτῷ
1750 1871 1797 1896 ἐπὶ

1008 1917 1057 1951 τὴν
1070 1916 1204 1950 Αἴγυπτον
1218 1915 1345 1950 μετέστη.
1359 1915 1477 1942 Τοσοῦτο
1490 1916 1520 1950 δή
1536 1924 1561 1942 τι
1570 1916 1664 1950 γέγονε
1675 1917 1721 1942 καὶ
1733 1917 1795 1951 περὶ

1009 1961 1119 1996 ἐτέρους
1132 1960 1169 1992 ὡς
1181 1960 1254 1992 εἰκός
1264 1968 1270 1973 ·
1297 1961 1344 1987 καί
1358 1968 1430 1991 τινες
1442 1961 1473 1986 ὲκ
1492 1961 1691 1992 Καππαδοκίας
1706 1961 1797 1996 ὁρμώ-

1010 2015 1095 2042 μενοι,
1111 2007 1157 2032 ὲπὶ
1170 2006 1233 2037 τοὺς
1245 2005 1345 2036 τόπους
1360 2005 1413 2032 τῶν
1430 2006 1586 2041 ἀλλοφύλων
1601 2006 1794 2041 μεταστάντες.

1007 2051 1227 2087 ὲγκατεμίγησαν
1241 2051 1355 2082 ἐκείνοις
1372 2051 1419 2077 καὶ
1433 2051 1576 2084 γεγόνασιν
1588 2051 1677 2077 αὐτῶν
1695 2051 1792 2086 μέρος·

1007 2098 1040 2124 ὲκ
1048 2097 1148 2132 Βόθρου
1157 2105 1185 2122 τε
1194 2096 1273 2130 πάλιν
1281 2097 1319 2127 είς
1328 2095 1430 2132 Σύρους
1438 2097 1524 2131 ἕτεροι
1533 2096 1794 2131 μεταστάντες,παρ’

1007 2143 1098 2173 αὐτοῖς
1110 2150 1139 2168 τε
1154 2141 1299 2176 διέμειναν,
1313 2141 1358 2167 καὶ
1378 2140 1428 2176 τὴν
1451 2141 1588 2176 ἐπιμιξίαν
1605 2141 1729 2173 ἐδέξαντο
1744 2142 1795 2177 τὴν

1008 2187 1075 2222 πρὸς
1091 2186 1229 2217 ὲκείνους·
1258 2185 1418 2221 βουλόμενος
1433 2186 1522 2212 τοίνυν
1539 2187 1624 2212 εἰπεῖν
1638 2187 1652 2213 ὁ
1666 2185 1742 2218 Θεὸς,
1752 2187 1794 2213 ὅτι

1010 2232 1102 2267 μηδενὶ
1122 2231 1232 2258 τοιαῦτα
1258 2230 1416 2266 δεδώρηται,
1436 2231 1515 2257 ὁποῖά
1538 2240 1590 2266 περ
1611 2231 1711 2262 αὐτοῖς,
1732 2230 1792 2258 εἷπε

1010 2277 1069 2312 μὲν,
1081 2277 1121 2303 ὅτι
1131 2277 1187 2303 Ούκ
1201 2277 1230 2302 ὲν
1239 2276 1313 2310 τάξει
1322 2277 1399 2311 ἔσχον
1413 2277 1484 2312 ὑμᾶς
1493 2277 1637 2307 Αἰθιόπων.
1646 2278 1678 2304 ἐκ
1693 2278 1794 2313 μέρους

1007 2323 1041 2350 τὰ
1057 2323 1120 2358 ἔθνη
1141 2322 1299 2357 βουλόμενος
1314 2322 1421 2349 ἅπαντα
1445 2324 1547 2349 εἰπεῖν·
1569 2324 1614 2350 καὶ
1631 2323 1671 2350 ὅτι
1691 2324 1794 2359 μηδένα

1005 2368 1060 2395 τῶν
1076 2367 1165 2394 αὐτῶν
1180 2367 1297 2399 ἀξιώσας
1305 2364 1393 2395 ὦπταί
1406 2375 1480 2394 ποτε·
1502 2369 1649 2404 Ἀνήγαγον
1661 2370 1725 2404 γὶιρ.
1741 2378 1794 2404 φη-

1007 2415 1060 2445 σιν,
1076 2414 1146 2449 ὑμᾶς
1159 2414 1256 2449 μόνους
1271 2415 1302 2440 ὲκ
1315 2414 1365 2449 τῆς
1376 2414 1526 2448 Αἰγύπτου,
1546 2415 1614 2449 μετά
1629 2415 1731 2441 πολλῶν
1743 2416 1793 2450 μὲν

1006 2460 1163 2496 θαυμάτων,
1188 2459 1289 2494 πολλῆς
1301 2460 1330 2486 δὲ
1344 2461 1571 2496 παραδοξοποιίας
1580 2470 1586 2475 ·
1596 2461 1697 2495 ἠγαγόν
1707 2469 1737 2487 τε
1753 2462 1792 2493 είς

1005 2508 1056 2542 γῆν
1071 2506 1204 2541 τοσαύτην
1215 2506 1261 2532 καὶ
1274 2506 1450 2542 τηλικαύτην,
1465 2504 1498 2542 ἧς
1513 2507 1584 2542 ὑμᾶς
1598 2507 1726 2540 ἀπέφηνα
1742 2515 1791 2534 κυ-

1008 2553 1081 2588 ρίους
1092 2552 1167 2579 οὐδὲν
1182 2552 1246 2587 ὑμῖν
1260 2552 1452 2587 προσηκούσης
1463 2560 1470 2567 ·
1487 2553 1518 2579 ού
1535 2552 1588 2587 μὴν
1598 2552 1658 2579 οὐδὲ
1673 2553 1712 2584 είς
1726 2553 1791 2579 ταύ-

1005 2607 1056 2632 την
1076 2596 1162 2628 οὕτως
1184 2596 1344 2631 ἐληλύθατε,
1361 2596 1455 2631 ὥσπερ
1469 2597 1494 2623 οἱ
1509 2596 1650 2630 ἀλλόφυλοι
1665 2598 1697 2623 ὲκ
1713 2597 1794 2623 Καπ-

1006 2643 1137 2674 παδοκίας
1158 2642 1380 2678 ὲπιμεμιγμένοι,
1397 2643 1413 2678 ἢ
1434 2644 1465 2669 ἐκ
1482 2643 1581 2679 Βὸθρου
1595 2644 1650 2674 τοῖς
1675 2643 1769 2677 Σύροις
1784 2651 1791 2658 ’

1004 2705 1148 2734 posuerunt
1161 2699 1240 2727 CIR:
1263 2701 1427 2735 septuaginta
1443 2701 1555 2734 foveam.
1575 2701 1601 2726 id
1623 2705 1662 2727 est
1680 2700 1790 2735 βόθρονε

1007 2735 1151 2762 Theudotio
1165 2736 1289 2768 parietem
1299 2744 1308 2762 :
1329 2736 1502 2769 Symmachus
1515 2735 1652 2770 Cyreuem,
1675 2744 1749 2771 quem
1767 2740 1792 2763 et

1005 2779 1051 2797 nos
1066 2771 1093 2797 in
1108 2773 1155 2796 hnc
1168 2771 1224 2796 loco
1236 2772 1317 2797 seculi
1337 2779 1437 2797 cunnis.

1042 2805 1097 2841 (50)
1116 2804 1246 2833 Videlicet
1261 2814 1294 2833 ex
1311 2805 1444 2833 llcbraico
1463 2811 1523 2852 ‘17P.
