1973 3066
175 159 224 185 301

671 148 940 179 COMMENTARIUS
960 146 993 174 IN
1014 146 1117 174 AMOSI
1136 145 1210 173 CAP.
1227 144 1270 171 ιχ.

1747 134 1801 162 502

177 212 358 250 μεταστάσεις
374 210 427 246 γάρ
443 218 520 241 τινας
537 208 778 244 ὑπομεμενήκασιν
798 208 907 239 ἐκεῖνοι,
924 205 968 232 οὺ-

1027 203 1151 239 ιιιοεᾶοπι
1169 202 1306 230 fecerunt.
1335 199 1403 226 nihil
1418 197 1542 225 mirabile
1555 195 1697 224 habentes,
1712 201 1800 228 neque

1349 244 1359 250 .
1425 248 1430 250 _
1552 242 1642 250 ..Ἦμ
1662 239 1797 250 ,ηηηη

177 259 222 286 δὲν
246 257 360 293 ἐχούσας
384 255 549 291 παράδοξον,
573 254 634 280 οὐδέ
653 261 713 279 τινα
736 253 805 288 ὲμὴν
830 251 967 286 ἐξαίρετον

178 303 336 339 ἐπιμέλειαν
354 301 498 332 δεικνύσας
516 299 581 334 περὶ
606 298 703 330 αὐτούς
716 306 723 313 ·
745 298 811 333 πρὸς
823 297 862 332 τῷ
877 296 925 322 καὶ
938 296 967 321 ὲν

179 348 357 386 προσηλύτων
369 346 443 378 τάξει
454 346 559 379 διάγειν
574 345 682 376 αὐτοὺς,
698 344 762 379 παρ’
774 339 871 377 οἷσπέρ
882 342 950 368 εἰσιν
958 349 966 356 ·

179 396 252 431 ὑμᾶς
268 394 296 421 δὲ
310 393 387 429 δῆλον
402 392 451 427 μὲν
473 391 531 426 μεθ’
546 391 615 418 ὅσων
636 389 762 423 ἐξέϐαλον
785 387 839 415 τῶν
863 386 968 421 θαυμά-

180 448 249 467 των·
268 440 340 470 ὅπως
354 438 382 464 δὲ
398 437 528 472 διήγαγον
538 436 587 470 τὴν
600 435 712 470 ἔρημον,
729 434 804 464 ὅπως
815 432 844 459 δὲ
858 431 968 467 εἰσήγα-

181 495 229 520 γον
253 486 293 517 εἱς
313 484 362 519 τὴν
386 483 437 518 γῆν
459 482 510 516 τῆς
532 480 707 514 ἐπαγγελίας.
728 479 766 514 (p.
781 477 844 512 208)
861 477 926 511 ὅσης
939 477 968 503 δὲ

182 532 254 567 ὑμᾶς
266 530 317 565 γῆς
331 528 470 563 πεποίηκα
482 526 603 562 κυρίους,
618 525 741 555 ἅπαντας
752 524 814 555 τοὺς
828 523 871 549 ἐπ’
884 522 968 557 αὐτῆς

182 577 315 613 πρότερον
324 575 404 605 bna;
418 571 520 600 ἀνελών
530 581 536 587 ·
554 572 619 605 ὅσης
635 570 663 597 δὲ
676 571 724 597 καὶ
733 569 869 596 διετέλεσα
887 577 969 604 μετα-

181 623 269 654 διδοὺς
291 622 353 657 ὑμῖν
378 618 536 654 ἐπιμελείας
560 616 636 652 παρὰ
657 616 759 647 πάντας
789 614 968 650 ἀνθρώπους·

183 669 254 704 ὑπὲρ
263 665 300 694 ὧν
314 668 382 701 ἄγαν
394 665 546 700 ὀφείλοντες
561 662 628 690 αἰδῶ
638 670 682 697 μοι
694 662 786 696 νέμειν
797 659 868 692 τινὰ,
876 658 969 685 οὐδένα

183 716 261 750 λόγον
277 714 331 741 τῶν
345 713 375 745 ἐξ
391 712 456 748 ἐμοῦ
474 710 665 746 γεγενημένων
688 710 728 741 εἰς
748 708 820 743 ὑμᾶς
841 706 970 734 ἐπιδεδει-

183 760 278 796 γμένοι
290 753 426 794 φαίνὲσοε.
441 757 473 783 Τί
486 754 547 788 οὗν;

219 852 293 887 Στίχ.
311 852 380 887 η’-ι’.
394 865 429 870 —-
441 858 450 875 ι
466 848 530 875 Ἰδοὺ
545 848 570 874 οἱ
580 845 715 881 ὀφθαλμοὶ
728 843 830 880 Κυρίου
843 842 888 869 τοῦ
902 842 968 869 Θεοῦ

186 899 232 927 ἐπὶ
245 899 294 934 τὴν
309 895 446 932 βασιλείαν
462 894 511 929 τὴν
529 891 690 928 ἀμαρτωλόν
701 900 708 906 ·
728 890 774 916 καὶ
785 889 874 925 ἐξαρῶ
887 889 971 924 αὐτὴν

186 945 240 972 ἀπὸ
260 942 405 979 προσώπου
423 941 471 976 τῆς
494 939 546 974 γῆς
557 947 565 954 ·
592 937 661 973 πλὴν
678 937 718 963 ὅτι
732 937 772 967 είς
787 935 863 967 τέλος
888 934 918 961 οὐ
935 934 972 970 μὴ

186 989 275 1025 ἑξαρῶ
288 989 333 1016 τὸν
351 986 423 1014 οἷκον
443 984 551 1017 Ἰακὼϐ,
569 983 643 1018 λέγει
660 982 771 1017 Κύριος.
787 990 796 1006 ι
823 979 908 1015 ’Υπὲρ
923 979 972 1015 μὲν

185 1034 232 1062 οὖν
245 1034 345 1068 ταύτης
356 1033 404 1067 τῆς
413 1029 607 1066 ἀγνωμοσύνης
617 1027 708 1062 ἀφελῶ
719 1035 748 1052 τε
761 1026 833 1061 ὑμᾶς
846 1025 894 1060 τῆς
910 1025 972 1060 γῆς,

187 1081 234 1108 καὶ
252 1081 291 1111 εἰς
308 1076 495 1114 αἰχμαλωσίαν
509 1074 605 1107 ἀπάξω
615 1073 664 1107 τὴν
678 1072 748 1099 οὕτω
762 1070 881 1106 πονηρὰν
895 1071 972 1106 βασι-

188 1126 261 1152 λείαν
273 1134 278 1140 ·
288 1124 318 1150 οὺ
333 1123 385 1159 μὴν
398 1122 527 1156 ἀνέξομαι
542 1118 660 1152 παντελῆ
675 1117 720 1144 τὸν
732 1115 884 1151 ἀφανισμὸν
895 1115 973 1150 ὑμῶν

189 1169 406 1207 ἀπεργάσεσθαι,
437 1165 611 1202 μεμνημένος
635 1164 683 1199 τῆς
707 1162 819 1198 γνώμης

191 1205 249 1252 μεθἐ
261 1213 294 1251 ἧς
306 1213 439 1248 τοσαύτην
453 1211 548 1246 ἔνειμα
562 1210 610 1245 τὴν
622 1208 788 1243 ἐπιμέλειαν.
812 1216 820 1232 ι
834 1205 905 1232 Διότι
917 1205 973 1232 ἰδοὺ

189 1262 242 1296 ἐγὼ
263 1259 431 1294 ἐντέλλομαι,
453 1258 501 1285 καὶ
522 1257 648 1292 λικμήσω
668 1255 697 1282 δὲ
716 1253 788 1281 οἷκον
811 1252 919 1289 Ἰ-τραὴλ
944 1253 973 1279 ὲν

189 1308 256 1335 πᾶσι
270 1307 325 1338 τοῖς
346 1305 461 1337 ἔθνεσιν,
476 1303 506 1330 ὃν
519 1303 618 1338 τρόπον
631 1302 760 1336 λικμᾶται
776 1301 804 1326 ἐν
814 1299 852 1335 τῷ
866 1298 971 1334 λικμῷ-

190 1352 236 1378 καὶ
248 1351 277 1377 οὐ
293 1351 329 1386 μὴ
342 1349 415 1386 πέσῃ
428 1348 586 1384 σύντριμμα
595 1347 640 1373 ἐπὶ
650 1347 699 1381 τὴν
716 1346 778 1380 γῆν.
793 1355 802 1370 ι
823 1345 905 1379 Δίκην
919 1344 973 1380 γὰρ

189 1397 243 1423 τῶν
258 1395 419 1430 λικμώντων
441 1393 531 1420 αλωνα
550 1393 597 1419 καὶ
614 1390 782 1427 χωριζόντων
803 1390 850 1417 τοῦ
871 1389 972 1425 ἀχύρου

189 1443 234 1469 τὸν
247 1443 328 1473 σῖτον,
347 1439 499 1476 παραδώσω
515 1439 563 1474 μὲν
576 1438 647 1473 ὑμᾶς
666 1438 705 1469 εἰς
716 1436 902 1473 αἰχμαλωσίαν
918 1437 973 1467 τοῖς

191 1487 278 1514 ἔθνεσι
290 1495 296 1500 ·
313 1485 434 1521 παντελῆ
451 1485 480 1511 δὲ
496 1484 572 1519 ὑμῶν
592 1484 637 1511 τὸν
654 1483 806 1518 ἀφανισμὸν
825 1482 874 1509 οὐκ
890 1481 973 1517 ἐργά-

1018 249 1102 277 ullum
1121 255 1211 275 meum
1223 253 1279 282 prae
1295 252 1325 273 se
1346 244 1465 272 ferentes
1480 242 1644 278 peculiarem
1661 239 1797 266 favorem:

1017 298 1198 331 praeterquam
1210 291 1282 327 quod
1302 291 1348 318 isti
1365 291 1392 318 in
1414 289 1612 325 proselytorum
1627 284 1723 312 ordine
1735 287 1800 311 sunt

1018 330 1089 376 apud
1117 340 1190 371 illos,
1214 337 1378 373 quibuscum
1411 340 1566 362 versamur.
1593 332 1628 359 At
1650 330 1723 359 enim
1748 337 1797 357 vos

1017 386 1128 422 quantis
1143 393 1194 420 ego
1209 383 1339 419 prodigiis
1353 377 1720 411 liberaverim,notissimum
1737 380 1794 404 est:

1018 431 1156 468 quomodo
1180 438 1229 466 per
1256 429 1396 457 desertum
1421 427 1592 456 deduxerim.
1615 422 1754 460 quomodo
1770 423 1799 450 in

1018 478 1183 514 promissam
1204 480 1305 503 terram
1337 472 1543 502 introduxerint,
1573 473 1601 497 et
1628 473 1736 505 quantm
1750 475 1800 495 vos

1020 531 1195 560 possessores
1226 521 1347 557 regionis
1369 519 1493 550 fecerim.
1520 516 1648 544 omnibus
1661 515 1709 550 qui
1725 515 1799 542 illam

1020 574 1100 597 antea
1116 567 1273 596 incolebant
1292 565 1440 602 peremptis
1455 572 1462 590 :
1476 566 1606 598 quantam
1620 561 1736 595 denique
1752 567 1800 587 vo-

1019 614 1061 641 bis
1077 620 1133 649 prae
1155 612 1264 640 cunctis
1293 610 1449 638 hominibus
1475 612 1503 635 et
1524 614 1605 642 quam
1628 608 1799 633 constantem

1019 668 1113 687 curam
1131 657 1321 694 impenderim.
1339 657 1461 690 Quorum
1482 653 1604 681 omnium
1624 658 1719 682 causa,
1739 658 1800 677 cum

1019 706 1149 733 eximium
1165 705 1231 732 mihi
1247 703 1384 731 deberetis
1398 700 1570 736 obsequium,
1589 699 1695 726 nullum
1712 703 1801 724 tamen

1022 751 1218 779 beneficiorum
1241 757 1305 785 erga
1327 756 1376 776 vos
1392 754 1513 775 meorum
1538 748 1691 780 respectum
1713 747 1802 770 osten-

1019 798 1110 825 distis.
1125 796 1197 830 Quid
1223 795 1307 831 ergo?

1054 842 1135 870 Vens.
1144 841 1268 869 8-lO.—«
1279 840 1347 868 Ecce
1353 839 1424 867 oculi
1436 836 1595 866 DominiDei
1602 842 1684 870 super
1692 841 1803 869 regnum

1023 896 1151 924 peccans,
1174 891 1201 915 et
1218 886 1338 914 auferam
1366 884 1433 911 illud
1450 891 1465 910 a
1481 883 1551 910 facie
1566 886 1647 909 terra:
1669 890 1676 907 :
1694 886 1804 907 verum-

1023 938 1112 961 tamen
1131 940 1184 960 non
1201 932 1227 958 in
1248 931 1328 958 ﬁnem
1341 929 1463 957 auferam
1485 928 1595 955 domum
1612 926 1708 958 Jacob,
1734 925 1803 952 dicit

1022 979 1164 1006 Dominus.
1180 987 1188 1003 ι
1207 977 1319 1012 Propter
1338 976 1412 1003 hunc
1430 974 1496 1001 sane
1510 973 1647 1008 ingratum
1670 971 1803 1002 animum,

1022 1025 1143 1052 auferam
1158 1031 1208 1051 vos
1223 1023 1257 1050 de
1274 1027 1357 1054 terra,
1378 1025 1405 1049 et
1424 1021 1451 1048 in
1467 1020 1648 1055 captivitatem
1670 1017 1801 1052 expellam

1022 1076 1076 1098 tam
1100 1077 1217 1105 nequam
1236 1076 1350 1104 regnum
1366 1077 1374 1102 ;
1397 1075 1452 1094 non
1472 1070 1561 1094 tamen
1587 1065 1674 1100 patiar
1692 1064 1800 1099 plenum

1022 1118 1106 1145 vestri
1144 1115 1331 1144 consummari
1360 1114 1486 1145 exitium,
1522 1119 1627 1140 memor
1654 1109 1803 1138 voluntatis

1022 1171 1099 1195 meae,
1117 1170 1172 1198 qua
1186 1167 1290 1190 tantam
1309 1161 1386 1188 vobis
1408 1167 1502 1187 curam
1526 1157 1656 1193 impendi.
1673 1166 1682 1182 ι
1698 1156 1737 1183 En
1751 1163 1802 1191 ego

1022 1209 1189 1244 prmcipiam,
1203 1212 1230 1235 et
1245 1206 1380 1234 ventilabo
1394 1205 1505 1232 domum
1528 1203 1649 1234 lsraelis.
1668 1201 1801 1237 quemad-

1023 1253 1133 1280 modum
1160 1252 1307 1279 ventilatur
1337 1250 1365 1278 in
1391 1248 1555 1280 ventilabro.
1586 1251 1614 1275 et
1641 1254 1696 1274 non
1723 1246 1802 1273 cadet

1024 1299 1205 1333 fragmentum
1223 1305 1305 1332 super
1321 1301 1433 1324 terram.
1446 1305 1456 1321 ι
1475 1294 1538 1322 Ritu
1562 1292 1748 1320 ventilantium
1773 1291 1801 1317 iu

1023 1352 1098 1376 area,
1121 1349 1150 1372 et
1178 1343 1379 1371 secernenlium
1401 1350 1416 1369 a
1442 1341 1518 1377 palea
1545 1339 1677 1371 triticum,
1697 1337 1803 1364 tradam

1023 1399 1072 1418 vos
1089 1390 1215 1426 gentibus
1231 1390 1260 1416 in
1273 1388 1456 1424 captivitatem
1468 1386 1558 1420 ;haud
1573 1392 1637 1412 vero
1648 1384 1801 1411 absolutam

1023 1435 1107 1463 vestri
1133 1435 1281 1470 perniciem
1313 1433 1394 1469 138
1415 1432 1523 1465 faciam,
1553 1437 1718 1458 conservans
1742 1429 1804 1456 illos

1024 1490 1093 1517 quos
1118 1481 1188 1509 hanc
1217 1480 1378 1516 impetrandi
1408 1479 1523 1506 salutem
1545 1478 1641 1513 dignos
1664 1475 1802 1512 iudicabo.

193 1542 284 1569 σομαι.
302 1532 461 1568 περισώζων
479 1530 526 1562 οὓς
546 1530 578 1557 ἂν
599 1529 689 1564 ἀξίους
709 1529 849 1564 δοκιμάσω
863 1528 910 1554 τοῦ
925 1528 973 1563 τῆς

1028 1537 1037 1553 σ
1055 1527 1151 1554 Gladio
1171 1526 1321 1554 morientur
1343 1532 1437 1552 omnes
1453 1527 1608 1559 peccatores
1632 1521 1721 1557 populi
1740 1521 1803 1552 mei,

193 1579 326 1614 σωτηρίας
338 1578 438 1612 ταύτης
453 1577 553 1611 τυχεῖν.
573 1585 582 1600 σ
592 1575 637 1601 Ἐν
652 1574 773 1610 ῥομφαίᾳ
785 1574 974 1609 τελευτήσουσι

192 1625 290 1654 πάντες
309 1620 465 1657 ἁμαρτωλοὶ
482 1619 528 1646 τοῦ
548 1618 611 1645 λαοῦ
629 1627 691 1654 μου,
711 1620 749 1652 (p.
768 1617 830 1652 209)
845 1618 869 1644 οἱ
883 1617 974 1651 λέγον-

193 1679 248 1701 τες,
264 1669 301 1695 Οὐ
317 1668 355 1703 μὴ
370 1667 468 1702 ὲγγίσῃ
480 1665 540 1692 οὐδὲ
558 1665 595 1700 μὴ
608 1664 672 1700 ἔλθῃ
684 1663 726 1699 ἐφ’
735 1664 808 1699 ἡμᾶς
824 1663 858 1689 τὰ
871 1663 952 1690 κακά.
964 1672 972 1687 ι

199 1715 316 1750 Ἀφανιῶ
327 1714 381 1749 γὰρ
397 1712 435 1748 τῷ
454 1711 565 1746 πολέμῳ
578 1711 642 1742 τοὺς
657 1709 724 1744 πρὸς
741 1709 770 1735 τὺ
788 1709 877 1744 χεῖρον
888 1708 976 1734 νεύον-

195 1770 253 1793 τας,
266 1760 313 1788 καὶ
324 1759 374 1786 οὐκ
391 1758 530 1794 οἰομένους
542 1756 612 1783 κατὰ
629 1755 677 1787 τὰς
691 1755 745 1781 τῶν
761 1753 908 1790 προφητῶν
924 1762 976 1788 μη-

195 1809 284 1839 νύσεις
297 1804 489 1832 ὲπελεύσεσθαί
499 1812 525 1830 τι
539 1802 592 1829 τῶν
604 1801 758 1828 λυπούντων
775 1799 881 1831 αὐτούς.
900 1799 977 1826 οὕτω

195 1853 238 1880 διὰ
247 1852 355 1879 πάντων
368 1850 402 1877 τὰ
419 1848 618 1884 ἐπελευσόμενα
629 1846 667 1882 τῷ
677 1846 734 1881 λαῷ
758 1844 879 1880 μηνύσας
893 1843 976 1875 κακὰ,

197 1900 242 1926 ἆτε
255 1898 330 1932 παρὰ
351 1896 406 1923 τῶν
431 1894 580 1929 Ἀσσυρίων
592 1893 655 1927 περὶ¹
679 1891 727 1922 τὰς
742 1890 808 1918 δέκα
821 1889 977 1925 συμϐαίνειν

197 1944 293 1980 ᾕμελλε
308 1943 403 1978 φυλὰς,
414 1941 461 1969 ira
476 1938 550 1975 παρὰ
564 1939 617 1965 τῶν
628 1937 803 1964 Βαϐυλωνίων
814 1936 926 1971 ὕστερον
939 1935 978 1967 εἰς

197 1989 256 2020 τοὺς
268 1988 388 2018 λοιποὺς,
413 1984 508 2021 μηνύει
522 1984 569 2010 καὶ
582 1983 631 2018 τὴν
645 1983 692 2009 ἐπὶ
709 1981 740 2008 τὸ
752 1983 874 2018 κρεῖττον
889 1980 978 2007 αὐτῶν

199 2035 255 2070 μετ’
269 2035 356 2060 ἐκεῖνο
373 2030 532 2067 μεταϐολὴν,
546 2029 593 2055 καὶ
607 2028 687 2063 φησίν
699 2035 706 2043 ·

232 2080 304 2114 Στίχ.
321 2081 364 2109 ια’,
385 2076 427 2112 ιβ’.
443 2091 476 2096 —
490 2085 499 2101 ‹
517 2075 561 2101 Ἐν
576 2075 609 2110 τῇ
625 2073 716 2109 ἡμέρᾳ
734 2072 823 2107 ἐκείνῃ
838 2070 979 2105 ἀναστήσω

198 2125 244 2161 τὴν
260 2124 359 2160 σκηνὴν
370 2122 451 2149 Δαυῒδ
462 2122 511 2158 τὴν
526 2121 710 2152 πεπτωκυῖαν,
721 2119 768 2145 καὶ
779 2117 979 2152 ἀνοικοδομήσω

198 2170 293 2206 αὐτὴν,
308 2168 397 2200 καθὼς
415 2168 443 2195 αἱ
457 2167 558 2202 ἡμέραι
578 2165 625 2192 τοῦ
640 2164 736 2196 αἰῶνος
749 2171 755 2177 ⁶
776 2164 849 2194 ὅπως
865 2162 979 2197 ἐκζητή-

1025 1573 1071 1608 qui
1098 1573 1192 1600 dicunt
1217 1582 1224 1599 :
1240 1571 1299 1599 Non
1318 1570 1573 1606 appropinquabunt
1594 1576 1681 1603 neque
1698 1567 1806 1595 venient

1026 1626 1108 1654 super
1120 1625 1170 1645 nos
1186 1617 1266 1644 mala.
1278 1627 1287 1642 ι
1304 1616 1378 1644 Bello
1392 1616 1464 1644 enim
1485 1624 1533 1644 eos
1548 1616 1669 1651 perdam,
1691 1617 1736 1651 qui
1753 1618 1805 1644 im-

1027 1664 1154 1700 probitati
1170 1667 1234 1690 sunt
1250 1662 1345 1695 dediti,
1371 1665 1396 1689 et
1412 1669 1465 1688 non
1479 1661 1594 1689 credunt
1607 1661 1663 1689 fore
1678 1666 1708 1689 ut
1727 1662 1806 1697 juxta

1028 1709 1220 1745 prophetarum
1237 1708 1367 1736 vaticinia
1395 1708 1473 1735 triste
1495 1707 1597 1742 aliquid
1621 1708 1671 1735 sibi
1688 1708 1804 1736 eveniat.

1027 1756 1176 1790 Postquam
1201 1754 1242 1782 sic
1268 1754 1413 1785 hactenus,
1449 1757 1578 1780 eventura
1611 1753 1710 1788 populo
1733 1754 1804 1781 mala

1028 1800 1163 1835 propheta
1189 1798 1324 1834 praedixit,
1354 1802 1410 1825 tum
1426 1806 1486 1833 quae
1511 1798 1546 1825 ab
1567 1798 1687 1834 Assyriis
1711 1798 1804 1827 decem

1028 1846 1117 1872 tribus
1139 1852 1261 1880 passurae
1279 1848 1366 1877 erant,
1395 1849 1452 1870 tum
1472 1852 1531 1878 quae
1549 1848 1642 1879 postea
1665 1845 1762 1880 reliqui
1787 1853 1803 1872 α

1029 1890 1196 1926 Babyloniis,
1228 1889 1351 1924 praedicit
1375 1890 1457 1917 etiam
1482 1889 1602 1924 ipsorum
1626 1893 1688 1925 post
1706 1890 1751 1916 illa
1774 1889 1801 1916 iu

1029 1937 1128 1964 melius
1142 1935 1358 1968 conversionem,
1374 1937 1463 1970 aitque
1478 1945 1484 1963 :

1065 2071 1148 2099 Vens.
1165 2072 1208 2104 Η,
1220 2069 1263 2098 i2.
1273 2085 1308 2091 -—
1318 2079 1326 2096 ι
1337 2069 1385 2097 Die
1399 2069 1444 2097 illa
1456 2070 1593 2097 suscitabo
1603 2069 1806 2099 tabernaculum

1031 2117 1141 2145 Davidis
1154 2116 1225 2152 quod
1239 2114 1347 2148 cecidit,
1357 2119 1384 2143 et
1400 2115 1570 2143 reaedificabo
1585 2116 1649 2143 illud
1667 2116 1738 2143 sicut
1752 2118 1811 2146 dies

1031 2163 1134 2193 saeculi.
1150 2167 1179 2190 ut
1194 2162 1336 2197 exquirant
1346 2168 1390 2188 me
1404 2161 1499 2196 reliqui
1519 2161 1670 2195 hominum,
1680 2167 1808 2199 etgentes

201 2216 265 2242 σωσί
283 2223 316 2250 με
327 2215 350 2240 οἱ
366 2212 525 2240 κατάλοιποι
540 2211 594 2238 τῶν
607 2209 767 2245 ἀνθρώπων,
783 2209 830 2234 καὶ
845 2207 933 2234 πάντα
945 2206 974 2232 τὰ

1031 2215 1136 2239 omnes,
1156 2214 1238 2241 super
1252 2206 1352 2241 quibus
1366 2207 1521 2233 invocatum
1531 2210 1573 2233 est
1590 2214 1688 2234 nomen
1706 2216 1807 2240 meum.

200 2260 261 2296 ἕονη
277 2260 317 2294 ἐφ’
330 2259 347 2286 ἂ
365 2257 539 2292 ἐπικέκληται
555 2256 584 2282 τὸ
597 2255 682 2291 ὄνομά
695 2263 745 2290 μου
757 2255 801 2280 ἐπ’
813 2252 892 2283 αὐτὰ,
905 2251 978 2286 λέγει

201 2306 299 2342 Κύριος
309 2305 323 2331 ὁ
341 2304 425 2330 ποιῶν
443 2303 530 2330 πάντα
545 2301 639 2329 ταῦτα.
651 2311 660 2327 ι
688 2300 767 2327 Ἀλλὰ
778 2299 831 2335 γὰρ
849 2299 917 2334 μετὰ
930 2298 980 2333 τὴν

199 2350 253 2376 τῶν
267 2348 395 2384 λυπηρῶν
415 2348 512 2383 πεῖραν
532 2345 673 2382 μεταϐαλῶ
690 2345 777 2371 πάντα
790 2344 835 2370 ἐπὶ
849 2343 878 2369 τὺ
891 2344 980 2378 κρεῖτ-

200 2404 255 2427 τον,
276 2395 323 2422 καὶ
342 2393 464 2429 ἀνεγερῶ
482 2391 528 2420 τοῦ
548 2391 630 2419 Δαυῖδ
649 2390 696 2426 τὴν
716 2390 890 2417 πεπτωκυῖαν
908 2388 982 2423 βασι-

200 2441 292 2468 λείανο
318 2440 365 2466 καὶ
386 2439 466 2466 πάλιν
490 2437 520 2470 ἑξ
536 2436 620 2471 αὐτῆς
641 2437 790 2471 ἡγούμενον
804 2434 881 2461 δώσω
900 2434 982 2461 παντὶ

201 2486 239 2521 τῷ
250 2486 307 2521 λαῷ
318 2494 326 2501 ·
345 2485 383 2517 ὼς
405 2484 443 2520 μὴ
467 2483 546 2519 μόνον
562 2482 664 2509 τούπυν
684 2481 747 2513 τοὺς
761 2480 981 2514 ὑπολειφθέντας,

202 2532 269 2559 ἀλλὰ
280 2531 335 2567 γὰρ
347 2531 394 2557 καὶ
407 2529 521 2560 πολλοὺς
534 2528 587 2555 τῶν
601 2527 729 2555 ἐναντίων
744 2526 796 2553 ὑπὸ
812 2526 861 2560 τῆς
874 2525 973 2560 γινομέι

204 2586 254 2604 νων
280 2577 435 2612 ἐκπλήξεως
463 2574 634 2610 κινουμένους
657 2573 723 2599 Θεὸν
747 2572 913 2607 ὁμολογῆσαι
935 2570 982 2597 τὸν

203 2623 248 2651 τοῦ
260 2623 357 2654 παντὸς
373 2621 487 2656 ποιητήν
508 2629 537 2646 τε
550 2620 598 2646 καὶ
613 2618 714 2654 Κύριον
723 2626 730 2633 ·
744 2617 830 2644 ταῦτα
842 2617 896 2652 γὰρ
915 2617 983 2643 ἀπο-

204 2668 323 2702 φαίνεται
336 2668 350 2694 ὀ
365 2666 413 2693 καὶ
427 2665 495 2700 πρὸς
510 2664 594 2698 πέρας
604 2663 675 2695 ἄξων
690 2662 759 2689 αὐτὰ
771 2662 848 2693 Θεός·
867 2660 982 2688 ἐνταῦθα

205 2715 253 2749 μὲν
270 2711 315 2741 οὖν
328 2712 362 2739 τὰ
383 2711 455 2738 κατὰ
475 2711 526 2746 τὴν
542 2710 669 2736 ἐπάνοδον
693 2709 742 2744 τὴν
759 2708 813 2734 ἀπὸ
826 2707 983 2737 Βαϐυλῶνος

203 2760 285 2794 λέγει,
295 2759 336 2785 ὃτι
346 2758 378 2793 δὴ
389 2757 500 2793 βασιλέα
514 2757 545 2782 ἐκ
554 2755 601 2782 τοῦ
612 2754 694 2782 Δαυῖδ
703 2754 767 2781 ὄντα
781 2753 826 2780 τὸν
833 2751 983 2788 Ζοροϐάϐελ

204 2805 357 2835 ἐπανιόντες
379 2803 426 2829 ἐπὶ
438 2802 473 2829 τὰ
498 2802 584 2828 οἰκεῖα
608 2800 722 2836 ἤμελλον
747 2800 865 2830 ἅπαντες
891 2799 982 2833 ἔχειν·

205 2851 242 2883 (p.
250 2848 312 2881 210)
320 2848 335 2874 ό
343 2847 466 2882 μέντοιγε
475 2846 605 2881 μακάριος
622 2845 747 2876 Ἰάκωϐος
755 2845 784 2871 ἐν
793 2845 851 2875 ταῖς
865 2843 982 2879 Ιῐράξεσι

1032 2253 1100 2281 dicit
1121 2252 1253 2280 Dominus
1282 2254 1328 2288 qui
1353 2251 1411 2278 haec
1425 2252 1518 2278 omnia
1539 2251 1613 2279 facit.
1630 2262 1639 2278 ι
1659 2252 1719 2287 Age
1742 2261 1811 2280 vero

1033 2298 1292 2334 postmolestiarum
1307 2297 1525 2332 perpessionem,
1553 2297 1644 2324 omnia
1672 2298 1699 2325 in
1715 2299 1812 2326 melius

1034 2344 1154 2376 mutabo,
1163 2347 1190 2371 et
1204 2348 1369 2378 prostratum
1394 2342 1504 2370 Davidis
1532 2350 1644 2378 regnum
1660 2345 1784 2373 excitabo
1802 2354 1810 2373 :

1033 2396 1184 2424 rursusque
1197 2396 1231 2416 ex
1246 2389 1307 2423 ipso
1323 2388 1394 2415 dabo
1419 2388 1516 2415 ducem
1537 2388 1664 2416 universo
1682 2391 1782 2424 populo
1803 2401 1810 2417 :

1034 2435 1072 2461 ita
1095 2439 1125 2461 ut
1141 2441 1196 2461 non
1211 2433 1239 2461 hi
1268 2433 1356 2461 solum
1380 2433 1467 2460 ruina
1489 2434 1661 2468 superstites,
1692 2435 1739 2462 sed
1766 2436 1811 2462 alii

1033 2480 1111 2507 multi
1123 2480 1156 2507 de
1172 2487 1286 2507 numero
1305 2479 1517 2511 contrariorum,
1537 2486 1627 2506 rerum
1642 2480 1737 2507 harum
1755 2485 1814 2509 stu-

1033 2533 1098 2558 pore
1107 2525 1235 2560 perculsi,
1250 2523 1333 2552 Deum
1348 2524 1503 2553 eonfessuri
1522 2525 1704 2554 sintuuiversi
1719 2528 1813 2555 mundi

1033 2569 1163 2598 factorem
1181 2578 1212 2597 ac
1228 2569 1382 2597 Dominum.
1398 2570 1504 2605 Quippe
1519 2569 1576 2598 hanc
1593 2571 1681 2606 palam
1693 2571 1814 2600 decernit

1036 2616 1059 2642 is
1074 2615 1120 2650 qui
1136 2614 1231 2642 cadem
1252 2614 1286 2641 ad
1296 2614 1399 2642 exitum
1416 2615 1545 2650 perducet
1560 2615 1641 2644 Deus.
1670 2615 1720 2644 Hic
1732 2617 1814 2651 igitur

1035 2667 1078 2687 res
1091 2660 1163 2686 circa
1179 2660 1294 2687 reditum
1312 2659 1449 2695 Babylone
1460 2660 1579 2694 agendas
1596 2660 1677 2695 dicit;
1691 2665 1718 2689 et
1741 2662 1813 2697 quod

1035 2712 1124 2740 regem
1152 2704 1253 2732 Davide
1273 2704 1420 2732 oriundum
1449 2705 1644 2733 Zorobabelcm
1665 2714 1760 2734 omnes
1787 2708 1813 2734 iu

1036 2750 1144 2786 propria
1170 2750 1284 2777 reduces
1308 2750 1426 2778 habituri
1450 2750 1515 2778 sint.
1538 2750 1648 2779 Beatum
1666 2751 1812 2786 quinetiam

1035 2797 1164 2824 Jacobum
1189 2796 1217 2823 in
1242 2801 1399 2824 sanctorum
1427 2797 1612 2831 apostolorum
1636 2797 1750 2824 Actibus
1781 2796 1814 2823 dc

1035 2842 1145 2871 Christo
1164 2842 1276 2870 Domino
1298 2842 1369 2869 hanc
1394 2842 1515 2870 eamdem
1540 2844 1702 2871 locutionem
1734 2850 1814 2869 usurA
