1972 3066
158 173 211 201 505

755 170 928 199 TIIEODORI
949 171 1191 201 MOPSI‘ESTENI

1727 171 1780 198 εσι

160 226 238 254 puSSe
253 221 363 253 apparet
372 218 404 246 υ.
431 225 560 252 quoniam
578 225 609 244 ca
633 225 725 245 verum
749 219 852 245 exitum
873 222 939 245 tunc

995 219 1046 246 τῶν
1059 220 1144 254 ἁγίων
1156 219 1312 248 ἀποστόλων
1325 218 1382 256 (59)
1397 217 1444 245 ἐπὶ
1458 216 1501 244 τοῦ
1515 216 1649 244 Δεσπότου
1661 217 1779 253 Χριστοῦ

159 265 292 292 habuerat
315 271 376 290 cum
403 270 497 297 reapse
522 263 672 298 collapsum
695 263 806 291 Davidis
825 271 937 298 regnum

160 309 320 342 resurrexit,
350 309 480 344 omnique
515 313 607 337 vetere
632 310 786 344 corruptela
822 309 938 344 abjecta,

159 356 307 392 perfectum
318 360 418 382 statum
432 355 613 390 recuperavit.
641 355 719 382 Tunc
738 355 878 383 enimvero
896 363 941 382 ce-

160 403 198 437 pit
213 410 323 437 regnum
348 406 521 436 posterorum
538 401 648 430 Davidis
665 402 830 433 ﬁrmitatem,
847 409 940 436 parem

158 449 253 476 diebus
267 448 386 479 :rteruis,
403 447 483 483 139
501 448 564 482 quia
577 451 737 483 perpetuum
755 452 856 475 statum
870 448 942 475 obti-

158 495 227 522 nuit.
241 494 374 521 Praeterea
385 499 411 520 et
429 494 473 521 Dei
483 502 591 529 quoque
605 494 729 521 notitiam
740 494 810 529 apud
821 494 942 528 reliquos

160 539 284 568 homines
306 544 479 574 cunctasque
506 545 601 575 gentes
624 540 827 568 diﬂ'undendam
846 540 940 572 fuisse,

159 594 203 613 res
219 586 285 621 ipsa:
301 591 383 621 gesta:
397 594 490 614 verum
502 586 735 614 demonstrarunt.
757 587 940 623 Quamobrem

159 633 297 668 propheta:
318 633 427 667 quidem
441 640 492 660 vox
505 640 548 660 res
571 637 633 667 post
654 633 771 660 reditum
798 638 943 661 eventuras

160 679 294 706 hactenus
307 677 376 706 dixit
394 686 401 705 :
425 682 545 706 attamen
567 679 703 706 dictorum
724 679 836 711 veritas,
857 683 883 706 et
898 678 944 705 ﬁr-

161 724 253 755 mitas,
272 728 298 751 et
322 722 510 755 iminobilitas,
539 730 572 750 ac
587 724 766 759 perpetuitas.
785 725 813 751 in
833 724 944 752 Christo

160 769 275 797 Domino
296 773 406 797 ostensa
420 774 447 798 et
462 769 628 803 consistens,
644 770 746 805 justam
762 771 832 798 beati
849 769 943 798 Jacobi

162 816 237 844 dicto
252 816 440 843 auctoritatem
457 816 580 851 praebuit.

991 266 1113 299 φαίνεται
1122 268 1155 303 τῇ
1169 269 1245 304 φωνῇ
1261 265 1482 302 συγκεχρημένος
1494 263 1592 299 ταύτῃ,
1605 262 1652 290 ἅτε
1669 263 1717 290 καὶ
1730 263 1779 297 τὴν

992 311 1102 340 ἔκϐασιν
1117 313 1203 348 ἀληθῆ
1219 312 1338 349 λαϐούσῃ
1351 311 1412 339 τότε
1430 310 1547 346 ὁπηνίκα
1570 309 1655 341 ὅντως
1668 310 1685 345 ἡ
1701 309 1780 345 βασι-

991 357 1050 384 λεία
1066 360 1225 385 πεπτωκυῖα
1235 358 1282 386 τοῦ
1295 357 1377 385 Δαυῒδ
1390 356 1500 391 ἀνέστη,
1513 355 1561 383 καὶ
1573 356 1663 382 πᾶσαν
1676 354 1779 381 ἀποϐα-

991 404 1074 431 λοῦσα
1098 405 1233 440 σάθρωσιν
1243 406 1271 431 ὲν
1285 403 1432 438 τελειότητι
1444 402 1561 436 κατέστη
1571 409 1578 416 ⁶
1606 400 1667 428 τότε
1685 400 1718 435 δὴ
1732 400 1780 427 καὶ

992 450 1041 486 τὴν
1051 450 1194 486 βεϐαίωσιν
1206 450 1315 485 εἴληφεν
1325 451 1342 485 ὴ
1355 449 1476 484 βασιλεία
1483 448 1533 483 τῆς
1541 447 1589 474 τοῦ
1598 446 1679 474 Δαυῖδ
1692 446 1780 473 διαδεί-

993 497 1055 532 χῆς,
1071 497 1265 533 παραπλησίαν
1273 497 1333 528 ταῖς
1341 495 1388 522 τοῦ
1400 495 1496 526 αἰῶνος
1507 494 1635 529 ἡμέραις,
1647 493 1744 528 ὂτεπερ
1751 493 1781 518 ἐν

993 544 1112 579 διηνεκεῖ
1133 544 1182 579 τὴν
1206 543 1336 570 σύστασιν
1362 540 1450 577 εἴχενυ
1476 541 1524 568 καὶ
1545 540 1594 575 μὲν
1616 539 1709 566 καὶτὸ
1729 540 1779 574 τὴν

995 589 1141 624 ἐπίγνωσιν
1156 589 1205 625 τὴν
1221 589 1295 616 θείαν
1309 587 1469 623 ἐγγενέσθαι
1479 588 1536 618 τοῖς
1549 586 1651 617 λοιποῖς
1664 584 1718 612 τῶν
1733 585 1780 611 ἀν-

992 633 1108 669 θρώπων
1130 634 1176 660 καὶ
1198 635 1266 660 πᾶσι
1282 633 1310 659 δὲ
1327 634 1382 664 τοῖς
1396 632 1509 661 ἔθνεσιν.
1532 631 1574 657 ἐπ’
1591 626 1780 657 αὐτῶνῶπται

991 680 1045 706 τῶν
1059 680 1230 714 πραγμάτων
1244 679 1274 706 τὸ
1287 678 1384 714 ἀληθές
1394 686 1401 693 ·
1417 677 1487 704 ὥστε
1499 676 1623 712 εἰρῆσθαι
1640 676 1690 710 μὲν
1705 676 1780 709 πατιὶ

991 725 1039 751 τοῦ
1059 726 1198 761 προφήτου
1213 725 1262 760 τὴν
1279 725 1370 761 φωνὴν
1384 724 1418 751 τὰ
1433 723 1504 751 κατὰ
1517 722 1566 758 τὴν
1580 722 1707 749 ἐπάνοδον
1719 721 1778 747 ἐσό-

994 780 1061 807 μενα
1084 772 1230 807 μηνύοντος
1244 772 1328 802 τέως*
1355 771 1386 797 τὸ
1400 770 1429 797 δὲ
1444 769 1497 796 τῶν
1515 769 1666 805 εἰρημένων
1682 767 1780 802 ἀληοὲξ

993 817 1040 844 καὶ
1056 817 1162 852 βέὸαιον
1180 819 1227 845 καὶ
1239 818 1385 844 ἀσάλευτον
1400 816 1446 843 ἐπὶ
1457 815 1503 843 τοῦ
1514 815 1650 842 Δεσπότω)
1662 813 1780 850 Χριστοῦ

159 863 331 899 δεικνύμενόν
341 871 372 890 τε
388 863 434 889 καὶ
454 863 552 889 συστὰν
566 862 673 890 δικαίαν
687 863 825 899 εἰληφέναι
838 865 870 890 ὲκ
883 864 930 891 τοῦ
942 864 1076 900 μακαρίου
1099 864 1226 891 Ἰακώϐου
1243 864 1293 899 τῆς
1311 864 1402 899 φωνῆς
1416 863 1466 899 τὴν
1485 863 1581 898 χρῆσιν
1590 862 1630 894 (51
1640 862 1657 889 ).

197 909 296 937 Deinde
310 912 337 936 et
351 909 512 944 generaliter
525 908 674 943 przedicens
692 917 752 944 qua).
769 914 834 936 tunc
850 909 941 936 Israe-

1028 909 1094 936 Εἶτα
1118 910 1164 936 κιιῖ¹
1188 909 1300 937 καθόλου
1325 909 1433 944 μηνύων
1459 908 1494 934 τὰ
1511 907 1571 934 τότε
1595 908 1686 938 αὐτοῖς
1705 915 1782 939 περι-

161 956 216 984 litis
230 959 366 983 eventura:
382 959 460 982 erant
482 955 689 990 prosperitates.
708 960 871 982 ceterorum
887 956 942 983 ritu

995 956 1108 991 εσόμενα
1121 956 1202 987 καλὰ,
1220 955 1418 991 παραπλησίως
1439 956 1495 985 τοῖς
1511 954 1614 984 λοιποῖς
1628 953 1782 988 προφήταις

160 1002 351 1037 prephetarum
365 1000 442 1031 dicit,
454 1000 550 1028 adfore
565 1000 618 1028 illis
631 1001 816 1028 omnimodam
832 1001 939 1036 frugum

159 1043 277 1080 copiam.
303 1045 341 1072 ita
359 1048 388 1071 ut
404 1048 579 1072 coacervatas
598 1052 669 1071 areae
688 1044 779 1080 fruges
795 1048 942 1079 exceptura

160 1091 195 1119 sit
208 1091 355 1122 vindemia,
374 1090 489 1117 maturis
507 1097 615 1124 semper
629 1090 770 1118 concessis
785 1089 940 1124 fructibus;

159 1141 186 1165 et
200 1137 267 1171 ipsis
280 1135 474 1171 propemodum
495 1135 633 1163 montibus
650 1136 821 1171 collibusque
835 1137 941 1172 copiam

160 1181 409 1218 suppeditantibus.
442 1186 469 1208 et
483 1181 557 1208 omni
591 1188 620 1208 re
651 1181 723 1208 bona
758 1181 944 1209 afﬂuentibus.

160 1229 349 1263 Captivitatem
378 1227 469 1262 populi
493 1226 654 1259 dissolvam,
679 1230 708 1254 ut
728 1227 818 1255 securi
835 1228 901 1258 sint,
920 1231 947 1254 et

161 1273 328 1308 postliminio
352 1271 488 1303 fruantur,
517 1275 545 1298 et
564 1279 629 1299 suas
656 1272 737 1300 urbes
755 1272 783 1298 in
805 1272 946 1306 antiquam

163 1321 277 1346 formam
292 1322 458 1349 restaurent,
490 1321 517 1344 et
531 1317 658 1352 agricolae
671 1321 752 1345 terrae
775 1325 790 1344 a
809 1325 839 1345 se
865 1318 947 1345 culta:

162 1365 268 1392 fructus
284 1365 445 1400 percipiant.
466 1362 593 1391 Firmiter
606 1371 652 1391 eos
668 1365 695 1392 in
716 1370 764 1391 sua
785 1363 871 1398 patria
889 1368 946 1391 sta-

165 1413 272 1444 biliam;
288 1411 314 1438 id
330 1412 401 1438 enim
417 1414 496 1438 sonat
522 1410 623 1437 dictio:
635 1412 685 1438 «Et
696 1410 825 1444 plantabo
844 1417 892 1437 eos
919 1409 947 1437 in

164 1462 237 1484 terra
249 1461 474 1489 eorumpetnon
489 1454 577 1483 sinam
602 1455 716 1483 ulterius
733 1460 810 1483 extra
830 1456 945 1491 patriam

165 1503 302 1537 regionem
319 1501 389 1532 ﬁeri,
405 1501 484 1535 cujus
501 1500 576 1535 ipsos
597 1501 631 1529 ab
644 1501 722 1529 initio
737 1501 863 1530 dominos
882 1502 945 1529 feci.

994 1002 1067 1037 λέγει
1080 1002 1111 1029 τὺ
1127 1002 1174 1028 καὶ
1189 1002 1242 1028 τῶν
1259 1001 1370 1037 καρπῶν
1385 1001 1434 1036 τὴν
1450 999 1580 1034 ἀφθονίαν
1594 999 1684 1030 αὐτοῖς
1699 1007 1782 1034 προσ-

996 1047 1106 1074 έσεσθαι
1121 1047 1267 1079 παντελῶς,
1280 1047 1318 1079 ὠς
1332 1047 1395 1078 τοὺς
1409 1046 1438 1078 ἐξ
1454 1046 1556 1078 ἂλωνος
1570 1044 1783 1081 συλλεγομένους

997 1093 1119 1128 καρποὺς
1133 1092 1301 1128 διαδέχεσθαι
1314 1092 1363 1128 τὴν
1379 1092 1492 1128 τρύγην,
1504 1091 1616 1127 ὼρίμων
1627 1091 1676 1126 μὲν
1691 1090 1783 1121 αὐτοῖς

996 1138 1194 1174 ἀποδιδομένων
1213 1138 1267 1165 τῶν
1286 1138 1409 1174 καρπῶν,
1433 1139 1470 1172 (p.
1492 1137 1554 1173 2H)
1577 1137 1656 1172 μόνον
1675 1137 1704 1163 δὲ
1722 1137 1783 1172 οὐχὶ

995 1185 1042 1211 καὶ
1057 1184 1112 1212 τῶν
1134 1184 1205 1220 ὀρῶν
1229 1184 1275 1211 καὶ
1297 1185 1350 1211 τῶν
1367 1184 1468 1220 βουνῶν
1489 1183 1588 1219 πολλὴν
1605 1183 1694 1214 αὐτοῖς
1710 1191 1782 1217 παρ-

995 1231 1110 1266 εχόντων
1132 1231 1181 1267 τὴν
1210 1231 1349 1266 ἀφθονίαν,
1376 1231 1490 1258 πλεῖστά.
1509 1239 1540 1257 τε
1560 1230 1610 1256 ὅσα
1629 1228 1783 1264 ἑκφυόντων

995 1277 1079 1304 καλά.
1098 1277 1152 1304 Καὶ
1174 1277 1223 1313 τὴν
1249 1277 1297 1312 μὲν
1317 1277 1503 1312 αἰχμαλωσίαν
1531 1276 1614 1308 λύσω,
1633 1276 1723 1310 φησιν,
1743 1274 1783 1309 τῷ

995 1322 1061 1358 λαῷ.
1076 1322 1146 1349 ὥστε
1157 1321 1288 1352 λαϐόντας
1301 1331 1330 1348 τε
1344 1322 1447 1354 ἄδειαν,
1463 1322 1509 1348 καὶ
1523 1320 1669 1355 γεγονότας
1684 1321 1712 1346 ὲν
1727 1320 1783 1350 τοῖς

995 1369 1116 1400 οίκείοις,
1130 1369 1177 1395 καὶ
1193 1368 1242 1400 τὰς
1257 1368 1345 1400 οἰκίας
1368 1368 1436 1395 κατὰ
1455 1367 1485 1394 τὸ
1505 1366 1618 1394 παλαιὸν
1630 1365 1783 1401 ἀνορθῶσαι

997 1414 1100 1450 σχῆμα,
1123 1415 1169 1441 καὶ
1184 1414 1232 1450 τὴν
1240 1414 1292 1449 γῆν
1306 1413 1563 1450 κατεργασαμένους
1585 1412 1631 1439 τὸν
1652 1411 1682 1444 ἐξ
1699 1411 1784 1446 αὐτῆς

995 1459 1154 1494 κομίζεσθαι
1170 1459 1285 1495 καρπόν.
1300 1457 1450 1494 Ἐνβεόαίῳ
1462 1466 1491 1485 τε
1508 1458 1606 1489 αὐτοὺς
1622 1456 1785 1491 καταστήσω

995 1506 1045 1540 τῆς
1059 1505 1161 1538 οἰκείας
1175 1505 1226 1540 γῆς
1236 1513 1243 1520 ·
1257 1504 1336 1531 τοῦτο
1349 1505 1403 1540 γὰρ
1417 1504 1491 1538 λέγει
1500 1504 1541 1537 τὸ,
1555 1513 1564 1529 t
1581 1501 1787 1537 Καταφυτεύσω

163 1547 231 1575 Nam
247 1548 340 1580 verba,
357 1556 366 1574 ι
385 1547 418 1574 Et
431 1555 484 1575 non
502 1548 653 1575 evellentur
669 1547 739 1574 ultra
754 1547 788 1575 de
796 1551 868 1574 terra
882 1555 942 1579 sua,

997 1549 1094 1581 αὐτοὺς
1107 1551 1135 1576 ὲν
1155 1551 1188 1585 τῇ
1200 1551 1235 1586 γῇ
1258 1550 1356 1581 αὐτῶν,
1370 1559 1380 1577 t
1392 1550 1440 1577 καὶ
1450 1549 1499 1576 οὐκ
1518 1549 1590 1576 ὲάσω
1610 1547 1661 1583 τῆς
1683 1546 1786 1577 οἰκείας

164 1600 245 1628 quam
255 1592 296 1620 eis
306 1592 380 1625 dedi,
393 1601 402 1618 ι
414 1592 465 1619 hoc
476 1592 640 1626 significant;
651 1592 676 1619 id
686 1596 728 1619 est
738 1593 832 1628 procul
840 1593 885 1620 illa
894 1601 948 1621 non

164 1639 393 1670 amandabuntnr,
403 1642 483 1673 prout
491 1642 556 1665 tunc
563 1642 757 1666 eveneratcum
765 1639 872 1673 propria
882 1646 948 1675 cap-

164 1685 270 1712 tivitate
278 1689 410 1720 tanquam
420 1685 553 1711 velamine
561 1684 693 1719 impediti,
706 1693 740 1712 ne
752 1685 873 1719 aspicere
884 1685 946 1720 qui-

163 1732 224 1759 dem
236 1731 352 1766 patriam
364 1737 442 1757 suam
458 1734 595 1765 poterant.
607 1729 665 1757 Hoc
673 1733 725 1763 est,
737 1730 837 1765 inquit,
850 1731 946 1759 decre-

163 1782 220 1805 tum
230 1784 354 1812 opusque
363 1776 410 1803 Dei
421 1783 509 1803 rerum
518 1776 640 1803 omnium
647 1777 780 1804 creatoris
789 1784 820 1804 ac
827 1776 944 1804 Domini.

997 1595 1049 1629 ἔξω
1066 1595 1190 1630 γενέσθαι
1206 1595 1295 1631 χώρας
1317 1595 1367 1626 ἔτι,
1388 1592 1478 1631 ἧσπερ
1494 1592 1540 1621 οὖν
1560 1594 1657 1625 αὐτοὺς
1676 1592 1788 1628 κυρίους

997 1641 1124 1676 ἀπέφηνα
1147 1641 1196 1676 τὴν
1209 1642 1311 1676 ἀρχήν·
1328 1641 1358 1666 τὸ
1373 1640 1436 1676 γὰρ,
1460 1649 1469 1666 t
1489 1641 1526 1667 Οὐ
1542 1640 1579 1675 μὴ
1598 1638 1787 1666 ὲκσπασθῶσιν

998 1687 1088 1713 οὐκέτι
1105 1687 1158 1713 ἀπὸ
1177 1687 1224 1722 τῆς
1241 1687 1293 1721 ﬁ;
1308 1687 1396 1713 αὐτῶν
1414 1684 1448 1722 ἦς
1463 1686 1550 1712 ἔδωκα
1567 1685 1668 1716 αὐτοῖς,
1686 1694 1695 1710 ι
1709 1683 1789 1710 τοῦτο

998 1733 1088 1768 δηλοῖ-
1104 1733 1147 1759 ἵνα
1161 1733 1225 1769 εἴπῃ
1241 1734 1281 1760 ὅτι
1301 1733 1331 1759 οὐ
1347 1733 1504 1768 γενήσονται
1518 1731 1602 1767 αὐτῆς
1619 1731 1659 1757 ἔτι
1676 1731 1769 1766 mappa
1781 1738 1787 1745 ·

1000 1778 1070 1805 ὥστε
1083 1780 1115 1814 τῇ
1127 1779 1300 1814 αἰχμαλωσίᾳ
1322 1778 1415 1814 ὧσπερ
1428 1778 1480 1804 τινὶ
1496 1777 1672 1812 κατεχόμενοι
1689 1776 1788 1811 σκέπῃ,

168 1824 235 1860 μηδὲ
252 1824 318 1860 ὁρᾷν
330 1822 456 1850 δύνασθαι
472 1822 520 1858 τὴν
534 1822 638 1850 οἰκείαν
654 1823 718 1859 γῆν,
741 1823 835 1851 Ταῦτα
856 1825 989 1860 δὲάπησὶν,
1010 1826 1146 1861 ἀπόφασίς
1159 1835 1188 1853 τε
1203 1826 1250 1853 καὶ
1268 1826 1346 1862 ἔργον
1359 1825 1426 1852 θεοῦ
1445 1825 1491 1852 τοῦ
1507 1824 1619 1860 ποιητοῦ
1633 1832 1663 1850 τε
1680 1823 1791 1850 πάντων

167 1872 215 1900 καὶ
229 1871 342 1908 Κυρίου.

203 1931 225 1947 ’θ
237 1931 297 1958 Act.
314 1937 360 1962 xv,
378 1929 418 1957 l6.

202 1987 258 2024 (5i)
275 1986 334 2024 llic,
345 1989 372 2012 et
389 1985 464 2024 aﬂbi,
478 1990 505 2024 et
516 1985 663 2020 praesertim
685 1985 712 2012 in
727 1985 841 2024 Ifrolng
857 1985 954 2024 ad_Jo-
1004 1987 1052 2015 sed
1075 1986 1269 2024 prophetarum
1294 1985 1329 2013 de
1347 1985 1457 2014 Christo
1483 1985 1612 2013 vaticinia
1641 1991 1791 2019 agnoscere

169 2021 384 2054 nain,'videmus
404 2021 576 2057 Theodorum
594 2024 725 2057 nostrum
740 2021 870 2057 baudpita
898 2021 954 2047 ίου-
1003 2026 1030 2050 et
1048 2022 1197 2057 explicare.

168 2058 314 2093 δαιόφρονα
325 2064 395 2088 esse.
408 2060 437 2083 ut
451 2055 615 2091 quibusdam
639 2055 775 2083 interdum
803 2055 878 2084 visus
894 2059 957 2092 fuit,

236 2197 1787 2215 _—_._:——————————______—.____—-.__———-——-—-—-=l

467 2296 749 2343 EPMHNEIA
779 2293 942 2338 ABAIO

1015 2294 1129 2337 ΤΟΥ
1160 2290 1486 2337 ΠΡΟΦΗΤΟΥ.

237 2506 802 2569 COMMENTARIUS
842 2507 915 2564 ΙΝ
952 2504 1224 2564 ABDIAM
1267 2501 1724 2564 PHOPHETAM.

211 2732 401 2771 lwlnimici
417 2731 521 2766 jamdiu
537 2729 720 2758 lsraelitarum
735 2728 847 2756 Idumzei
863 2732 942 2756 erant

1051 2725 1188 2761 Ἀπεχθῶς
1211 2726 1312 2753 ἄνωθεν
1328 2725 1470 2761 Ἰδουμαῖοι
1501 2724 1569 2760 πρὸς
1584 2724 1646 2755 τοὺς
1665 2724 1796 2759 Ἰσραηλι-

173 2769 305 2816 valde—que
336 2779 364 2806 hi
395 2777 524 2813 optabant
555 2776 664 2803 illorum
690 2775 838 2807 excidium,
873 2779 943 2809 atqui

1008 2780 1057 2804 τας
1084 2771 1171 2806 ἔσχον,
1193 2772 1256 2807 περὶ
1282 2771 1379 2798 πολλοῦ
1403 2779 1432 2797 τε
1452 2770 1542 2797 αὐτῶν
1568 2769 1725 2805 ποιούμενοι
1749 2771 1798 2804 τὴν

174 2824 331 2853 eorumdem
351 2822 473 2850 adversis
485 2820 596 2848 casibus
618 2819 800 2847 laetabantur:
816 2819 872 2846 imo
893 2826 943 2846 eun

1010 2817 1156 2847 ἀπώλειαν,
1174 2817 1221 2843 καὶ
1237 2817 1284 2843 ἐπὶ
1295 2818 1355 2848 ταῖς
1370 2817 1616 2852 προσγιγνομέναις
1631 2816 1722 2846 αὐτοῖς
1737 2816 1798 2849 n64-

175 2872 295 2906 ipsorum
319 2866 427 2906 quoque
451 2867 575 2896 hostibus
598 2869 730 2902 perpetuo
751 2864 943 2900 conspirabant

1011 2871 1088 2898 μενοι
1111 2863 1273 2898 συμφοραῖς,
1299 2861 1370 2889 ὥστε
1397 2862 1443 2888 καὶ
1469 2860 1656 2896 συμπράττειν
1679 2862 1717 2895 (p.
1735 2859 1799 2896 9J2)
