1973 3066
200 163 255 192 ³05

791 163 1067 194 COM‘JIENTARIUS
1084 164 1118 192 IN
1134 162 1272 192 ABDIAM.

1781 162 1833 190 306

206 221 271 256 πρὸς
295 219 402 247 ἅπαντα
424 220 480 252 τοῖς
501 219 624 247 ἐπιοῦσιν
648 220 750 253 αὐτοῖς,
773 220 824 256 ήδη
839 221 905 249 ποτὲ
929 221 999 251 κατὰ

1056 226 1194 257 postquam
1210 219 1264 248 Deo
1279 220 1453 255 permittente
1465 218 1595 247 Israelita!
1610 217 1694 246 variis
1709 217 1833 246 cladibus

202 267 277 293 θείαν
295 265 467 302 συγχώρησιν
482 266 511 293 ὲν
528 266 610 301 πείρᾳ
624 266 784 294 καθίσταντο
799 268 908 294 κακῶν·
918 268 997 303 γεγό-

202 321 284 339 νεσαν
299 312 354 348 γὰρ
369 312 534 348 Ἰσραηλῖται
549 313 598 348 μὲν
610 314 642 340 ὲκ
655 313 702 339 τοῦ
719 313 817 340 Ἰακὼϐ
833 314 998 348 κατάγοντες

203 357 234 385 τὸ
255 358 344 392 γένος,
366 358 508 393 Ἰδουμαῖοι
533 358 562 384 δὲ
591 359 623 385 ἐκ
645 358 693 385 τοῦ
711 358 809 390 Ἡσαῦ,
837 359 946 394 ἀδελφοὶ
968 360 998 386 δὲ

203 401 274 439 ἦσαν
293 399 366 430 οὗτοι
393 403 447 430 υἱοὶ
468 403 515 430 τοῦ
537 404 645 431 Ἰσαάκ’
670 405 717 431 καὶ
729 405 823 440 ἐπειδὴ
838 405 908 432 κατὰ
923 405 997 432 θείαν

205 449 295 484 κρίσιν
315 449 369 476 τῶν
393 449 585 485 πρωτοτοκίων
607 450 653 476 ἐπὶ
671 449 716 477 τὸν
735 449 832 477 Ἰακὼϐ
851 450 998 486 μετεληλυ-

205 495 302 527 θότων,
329 495 374 522 διὰ
399 495 494 531 μίσους
515 503 545 522 τε
574 494 647 531 εἶχεν
679 495 760 523 αὑτὸν
785 496 799 522 ό
826 496 922 530 Ἡσαῦ,
950 496 999 524 καὶ

205 541 308 568 ἀνελεῖν
334 540 431 578 καιροῦ
456 541 606 576 λαϐόμενος
629 541 770 576 ἠϐούλετο.
793 542 999 578 παρασκευάζει

208 587 256 622 μὲν
274 587 319 613 τὸν
337 586 434 614 Ἰακὼϐ
449 587 489 618 είς
507 587 555 623 τὴν
575 587 687 623 Χαρρὰν
709 586 836 614 ἀπελθεῖν
858 589 875 622 ἡ
895 588 998 622 μήτηρ,

206 634 243 665 ὡς
258 633 290 660 ἂν
306 633 400 669 ττόρρω
412 633 552 668 γεγονότος
562 634 712 669 λωφήσειεν
728 635 744 669 ἡ
759 633 827 670 ὀργὴ
840 634 888 661 τοῦ
904 634 998 661 Ἠσαῦ·

207 679 255 706 καὶ
268 679 300 715 δὴ
319 679 366 706 καὶ
382 678 457 711 θείας
482 680 611 715 προνοίας
631 680 758 713 ἀξιωθεὶς
783 680 798 706 ὀ
816 679 912 707 Ἰακὼϐ
933 689 1001 707 παυ-

206 725 290 756 τελῶς
303 725 414 760 διέφυγε
435 725 482 752 τοῦ
497 725 612 761 ἀδελφοῦ
632 727 682 762 τὴν
699 726 817 761 βλάϐην·
836 726 1000 762 μετελήλυθε

205 771 234 798 δὲ
249 771 323 806 ὅμως
337 772 378 803 είς
392 772 456 803 τοὺς
472 771 502 804 ἐξ
518 772 608 799 αὐτῶν
625 773 642 808 ἡ
663 772 758 809 ἔχθρα·
777 772 915 808 διέμεινάν
930 781 959 799 τε
976 773 1000 800 οἰ

208 819 240 844 ἐκ
258 817 305 844 τοῦ
324 817 407 844 Ἠσαῦ
424 820 589 852 κατάγοντες
609 818 641 845 τὸ
662 819 740 853 γένος
757 819 902 854 Ἰδουμαῖοι
923 819 1001 846 πολεο

209 863 278 898 μίως
298 863 366 898 πρὸς
386 864 449 895 τοὺς
479 864 650 899 Ἰσραηλίτας
663 864 770 899 ἔχοντες
789 865 821 890 ἐκ
835 864 883 891 τοῦ
904 863 1000 892 Ἰακὼϐ

204 909 417 944 καταγομένους,
443 910 481 943 ὡς
503 910 572 946 ἔφην
593 910 658 946 ἤδη*
683 910 812 942 ποικίλως
833 911 923 937 τοίνυν
950 910 1000 947 τὴν

208 956 269 982 κατ’
284 955 373 982 αὐτῶν
387 955 488 992 ἔχθραν
511 956 737 991 ἐπιδεικνύμενοι,
753 956 830 983 οὐθὲν
851 954 932 993 ἦττον
952 957 1001 992 τὴν

209 1001 292 1036 αὐτὴν
308 1001 479 1033 ἐπεδείξαντο
492 1001 604 1037 γνώμην
620 1002 666 1028 καὶ
681 1001 750 1028 κατὰ
764 1001 809 1028 τὸν
821 1002 918 1037 καιρὸν
931 1002 1001 1028 ἐκεῖ-

209 1054 262 1079 νον,
279 1046 338 1073 καθ’
351 1046 380 1072 ὃν
400 1047 560 1082 Ἀσσυρίους
582 1056 612 1073 τε
635 1047 825 1083 Ἰσραηλίταις,
848 1048 895 1074 καὶ
915 1042 1002 1074 Βαϐυ-

210 1091 322 1124 λωνίους
338 1092 451 1128 ὕστερον
475 1094 508 1128 τῇ
534 1102 565 1120 τε
593 1093 769 1129 Ἰερουσαλὴμ
792 1093 840 1121 καὶ
869 1095 925 1126 τοῖς
952 1093 1001 1129 τῆς

217 1137 300 1164 Ἰούδα
325 1138 411 1174 φυλῆς
437 1138 560 1166 ἐπελθεῖν
589 1138 702 1174 συνέϐη·
723 1138 794 1166 ὥστε
816 1138 864 1165 καὶ
888 1138 1003 1166 πλεῖστα

211 1183 260 1209 ὅσα
273 1182 318 1209 ὲπί
337 1191 366 1209 τε
376 1183 430 1210 τῶν
454 1183 586 1210 Ἰουδαίων
606 1183 728 1219 ἀπωλείᾳ
750 1185 807 1216 τοῖς
823 1183 1003 1216 Βαϐυλωνίοις

212 1229 369 1263 συμπρᾶξαι
379 1236 385 1243 ·
401 1229 524 1256 ἐντεῦθεν
538 1230 552 1256 ὁ
568 1230 699 1265 μακάριος
711 1229 791 1256 Δαυτδ
805 1229 841 1256 τὰ
862 1229 932 1257 κατὰ
948 1230 1003 1257 Βα-

213 1274 317 1301 ϐυλῶνα
326 1274 504 1310 προφητεύων
521 1276 596 1311 λέγει
607 1274 666 1311 μέν·
678 1275 700 1310 ε(
711 1273 786 1309 Ἐπὶ,
793 1276 849 1304 τῶν
874 1275 1004 1312 ποταμῶν

213 1320 370 1352 Βαϐυλῶνος
394 1321 452 1347 ἐκεῖ
473 1320 637 1356 ὲκαθίσαμεν
660 1321 707 1348 καὶ
727 1320 909 1357 ὲκλαύσαμεν,
929 1331 938 1347 ι
957 1321 1005 1348 καὶ

213 1364 247 1392 τὰ
263 1365 342 1400 ἑξῆς·
366 1365 399 1392 δι’
413 1363 451 1393 ὧν
471 1365 575 1393 ὲδείκνυ
604 1366 638 1393 τὰ
656 1366 727 1394 κατὰ
748 1367 798 1403 τὴν
817 1367 1005 1403 αἰχμαλωσίαν

214 1411 319 1446 ἐκείνην
333 1412 423 1443 αὐτοῖς
443 1411 633 1447 συμϐεϐηκότα
655 1413 743 1440 κακά·
761 1413 799 1448 (p.
824 1413 888 1447 215)
911 1413 1004 1450 ἐπειδὴ

213 1457 241 1484 δὲ
252 1457 299 1483 καὶ
312 1456 361 1492 τὴν
375 1457 421 1484 ἐπὶ
442 1457 473 1484 τὸ
494 1459 617 1493 κρεῖττον
630 1459 719 1486 αὐτῶν
740 1459 889 1495 μεταϐολὴν
905 1459 1005 1495 ήμελλε

217 1502 327 1538 μηνύειν
340 1523 347 1534 ,
375 1503 486 1537 ἐπάγει·
505 1512 514 1529 ι
533 1504 676 1540 Μνήσθητι
689 1525 696 1538 ,
725 1504 811 1541 Κύριε
823 1525 830 1537 ,
857 1505 912 1532 τῶν
939 1505 1005 1532 υίῶν

221 1548 309 1583 Ἐδὼμ
320 1548 368 1584 τὴν
384 1549 490 1585 ἡμέραν
508 1550 695 1586 Ἰερουσαλὴμ,
711 1551 765 1577 τῶν
782 1551 924 1586 λεγόντων
943 1552 1005 1579 Ἐκ-

215 1594 333 1626 κενοῦτε,
349 1595 490 1622 ὲκκενοῦτε
512 1595 563 1628 ἕως
583 1596 638 1624 τῶν
661 1596 793 1632 θεμελίων
811 1597 895 1634 αὐτῆς
907 1605 915 1614 ·
936 1608 945 1624 ι
960 1597 1006 1624 εὕσ-

217 1640 292 1674 δηλον
310 1640 363 1676 γὰρ
384 1641 424 1667 ὃτι
449 1642 523 1673 υἱοὺς
542 1641 631 1677 Ἐδὼμ
654 1642 717 1675 τοὺς
737 1643 903 1678 Ἰδουμαίους
921 1643 1006 1678 λέγει,

217 1685 385 1720 ἀμφοτέραις
399 1686 511 1718 ταύταις
529 1687 711 1722 καλουμένους
726 1689 786 1720 ταῖς
801 1689 1007 1725 προσηγορίαις,

217 1730 254 1762 ὡς
267 1731 400 1767 πολλαχοῦ
415 1741 446 1759 τε
461 1734 494 1760 ἐκ
504 1733 555 1768 τῆς
569 1733 644 1765 θείας
663 1733 751 1761 ἔνεστι
769 1735 865 1769 μαθεῖν
878 1736 988 1772 Γραφῆς
998 1743 1007 1752 ο

218 1776 263 1802 καὶ
276 1776 351 1802 οὐδὲν
364 1773 444 1812 ἦττον
457 1777 489 1804 ἐκ
511 1777 561 1813 τῆς
571 1777 626 1805 τῶν
642 1778 789 1806 Βασιλειῶν
812 1781 949 1816 ἱστοριῶν,
966 1781 1007 1809 ὅτι

225 1821 352 1858 Ἀμεσίας
367 1823 484 1856 ἐπάταξε
503 1824 548 1851 τὸν
569 1824 658 1860 Ἰἐδὼμ
674 1825 704 1851 ἐν
724 1825 849 1862 πολέμῳ·
873 1825 933 1854 εἶτα
953 1828 1008 1855 ἀπε

220 1867 321 1894 ἔστειλε
345 1868 395 1903 μὲν
407 1869 476 1905 πρὸς
488 1870 534 1897 τὸν
559 1870 668 1906 Ἰσραὴλ
691 1871 812 1906 βασιλέα,
825 1873 872 1899 ἐπὶ
891 1873 1009 1909 πόλεμον

220 1914 298 1940 αὑτὸν
309 1915 523 1950 ἐκκαλούμενος·
537 1916 551 1942 ὁ
566 1916 595 1943 δὲ
615 1916 778 1952 ὑϐριστικῶς
793 1919 1010 1954 ἀποκρινάμενος

220 1959 286 1994 πρὸς
300 1960 392 1993 αὑτὸν,
402 1960 469 1995 πρὸς
486 1961 543 1993 τοῖς
561 1960 663 1992 λοιποῖς
683 1961 730 1989 καὶ
746 1962 824 1989 τοῦτό
840 1972 922 2000 φησν
939 1965 1010 1992 «Ha-

220 2005 301 2037 τάξας
313 2005 447 2037 ἐπάταεες
457 2006 507 2041 τὴν
527 2005 678 2041 Ἰδουμαίαν
687 2015 694 2021 ·
711 2008 756 2033 καὶ
770 2008 856 2044 ἐπῆρε
871 2017 900 2035 σε
913 2010 928 2044 ἡ
944 2018 1010 2045 καρ-

220 2050 262 2077 δία
279 2059 326 2077 σου
341 2052 359 2087 ὴ
374 2051 484 2086 βαρεῖα·
502 2061 511 2077 ›
525 2051 572 2083 οὓς
590 2052 618 2078 ὲν
639 2053 694 2083 τοῖς
717 2053 861 2089 ἀνωτέροις
879 2053 947 2082 εἶναι
962 2055 1010 2082 τοῦ

227 2097 314 2133 Ἐδὼμ
336 2097 399 2133 ἔφη,
421 2097 584 2132 Ἰδουμαίους
610 2098 639 2124 ὲν
661 2097 764 2130 τούτοις
789 2099 889 2127 εἰπών·
935 2101 1010 2137 Μνή-

223 2143 298 2178 σθητι
314 2144 413 2176 τοίνυν,
434 2145 510 2179 φησὶ,
524 2144 579 2170 τῶν
602 2144 768 2180 Ἰδουμαίων,
791 2147 869 2173 ὁποῖα
894 2147 925 2182 δὴ
950 2147 1010 2174 καθ’

223 2189 299 2224 ἡμῶν
313 2190 503 2224 πεποιήκασιν,
516 2189 541 2216 οἶ
558 2190 603 2216 τὸν
622 2191 716 2226 καιρὸν
735 2191 783 2226 τῆς
803 2194 945 2228 συμφορᾶς
962 2193 1011 2229 τῆς

1048 266 1117 294 allici
1134 268 1274 301 ceperant.
1291 263 1376 292 Porro
1397 264 1524 292 lsraelitze
1546 272 1560 291 a
1576 263 1661 291 Jaeob
1678 271 1764 299 genus
1776 268 1833 291 tra-

1047 312 1160 343 hebant,
1181 310 1289 338 ldumzei
1309 310 1343 338 ab
1362 309 1442 342 Esau,
1456 310 1501 345 qui
1523 311 1620 337 fratres
1644 312 1723 337 erant
1742 308 1835 337 lsaaco

1048 358 1145 394 geniti.
1167 357 1227 385 Jam
1243 357 1307 391 quia
1331 355 1423 383 divino
1446 356 1550 391 judicio
1564 356 1609 391 jus
1625 359 1691 383 natu
1720 355 1835 390 majoris

1049 404 1082 431 ad
1099 402 1184 431 Jacob
1198 402 1353 435 transierat,
1379 405 1461 436 atque
1475 401 1510 428 ob
1526 401 1553 429 id
1577 401 1696 429 invisum
1718 400 1835 428 habebat

1049 449 1181 477 Iacobum
1202 448 1283 480 Esau,
1305 455 1421 482 eumque
1436 446 1598 479 interﬁcere,
1621 447 1644 475 si
1659 446 1769 474 occasio
1789 450 1835 474 tu-

1051 498 1138 528 lisset,
1160 496 1332 525 moliebatur.
1363 494 1438 523 dedit
1453 500 1563 528 operam
1592 499 1679 521 mater
1700 497 1731 521 ut
1750 493 1835 521 Jacob

1050 542 1170 570 tlharras
1190 541 1418 576 peregrinaretur,
1447 539 1512 567 dum
1530 539 1639 566 interim
1660 547 1692 567 eo
1709 539 1836 567 submoto

1051 588 1204 623 quiesceret
1232 587 1303 614 Esau
1331 586 1416 613 furor.
1447 584 1479 611 Et
1502 584 1587 612 Jacob
1607 583 1717 619 quidem
1743 584 1837 611 divina

1052 635 1220 671 providentia
1233 637 1320 661 tectus
1342 633 1422 668 plane
1441 631 1538 660 vitavit
1558 631 1718 665 impendens
1739 638 1753 657 a
1775 638 1838 666 ger-

1051 688 1133 708 mano
1161 680 1289 710 exitium;
1318 678 1366 706 sed
1392 681 1482 704 tamen
1499 676 1620 703 manavit
1649 676 1676 703 in
1713 679 1838 709 posteros

1051 726 1148 753 horum
1189 725 1280 752 odium
1304 733 1311 751 ι
1333 724 1559 757 retinueruntque
1593 721 1663 749 Esau
1694 721 1838 756 progenies

1051 772 1162 800 Idumaei
1189 770 1302 798 hostiles
1331 769 1439 796 animos
1460 768 1606 795 adversum
1638 765 1777 794 lsraelitas
1805 765 1840 792 de

1052 817 1147 849 Jacob,
1179 816 1288 845 utdixi.
1320 815 1489 850 progenitos.
1511 813 1635 848 Cumque
1661 811 1839 846 multifariam

1049 865 1104 898 jam
1121 862 1306 898 prodidissent
1321 861 1486 888 simultatem
1505 859 1654 892 illam,tum
1668 858 1748 885 etiam
1764 864 1842 884 men-

1053 914 1106 937 tem
1124 916 1201 936 suam
1217 912 1383 943 aperuerunt
1397 913 1450 941 quo
1473 909 1595 940 tempore
1619 905 1724 939 Assyrii
1743 907 1840 930 contra

1052 955 1240 989 Hierosolyma
1254 952 1385 986 Judaeque
1402 951 1515 984 tribum,
1543 949 1742 984 expeditionem
1766 948 1839 978 fece-

1052 1006 1126 1029 runt.
1146 1000 1222 1027 Tunc
1240 1006 1306 1027 sane
1328 997 1446 1033 plurima
1462 996 1495 1024 ad
1513 995 1668 1023 Judworum
1690 993 1839 1029 perniciem

1054 1047 1188 1076 fecerunt,
1212 1053 1274 1073 cum
1300 1042 1459 1079 Babyloniis
1487 1041 1687 1076 conspirantes.
1709 1039 1799 1073 Quare
1813 1042 1841 1066 et

1054 1095 1148 1122 beatus
1165 1091 1248 1119 David
1264 1098 1307 1118 res
1324 1088 1503 1125 Babylonicas
1520 1087 1670 1122 praedicens
1686 1085 1723 1112 ait
1738 1094 1744 1111 ι
1765 1093 1774 1110 ι
1788 1083 1840 1111 Su-

1054 1148 1102 1176 per
1116 1139 1226 1166 ﬁumina
1239 1136 1395 1172 Babylonis,
1418 1134 1473 1162 illic
1489 1133 1612 1160 ﬁevimus
1627 1131 1660 1164 ⁵⁸,
1670 1141 1679 1159 ι
1690 1130 1839 1163 ctreliqua.

1053 1175 1159 1220 Quibus
1178 1184 1268 1212 verbis
1287 1182 1358 1209 mala
1379 1188 1428 1216 per
1447 1180 1519 1207 illam
1543 1178 1728 1214 captivitatem
1739 1175 1841 1203 Iudaeis

1054 1235 1183 1260 eventura
1199 1228 1374 1265 signiﬁcavit.
1405 1219 1673 1258 Verumtameuquia
1696 1222 1840 1249 meliorem

1054 1285 1162 1314 quoque
1173 1283 1264 1304 rerum
1280 1273 1402 1302 ordinem
1419 1270 1618 1300 restituendum
1627 1270 1752 1297 dicturus
1763 1271 1822 1295 erat
1832 1287 1839 1298 ,

1056 1324 1160 1352 addidit
1174 1331 1181 1350 :
1201 1332 1210 1348 ι
1220 1321 1355 1349 Memento
1369 1318 1483 1346 Domine
1498 1318 1616 1344 ﬁliorum
1633 1315 1741 1347 Edonii,
1755 1315 1801 1349 qui
1814 1315 1842 1341 in

1055 1370 1099 1398 die
1121 1368 1372 1403 Hierosolymorum
1400 1364 1532 1392 aiebant:
1575 1359 1717 1389 Exinanite
1734 1382 1741 1393 ,
1762 1358 1839 1394 1&1

1055 1415 1193 1444 exinanito
1209 1421 1225 1441 a
1243 1410 1428 1440 fundamentis
1455 1409 1560 1437 urbem.
1575 1415 1585 1433 ι
1603 1404 1780 1440 Perspicuum
1800 1409 1842 1432 est

1057 1462 1127 1489 ﬁlios
1141 1459 1237 1487 Edomi
1251 1466 1266 1485 a
1282 1456 1383 1484 Davide
1395 1455 1507 1490 intelligi
1530 1452 1677 1486 Idumaeos,
1702 1451 1746 1486 qui
1765 1454 1842 1477 utra-

1056 1515 1109 1543 que
1124 1505 1305 1541 appellatione
1323 1502 1479 1533 utebantur,
1499 1503 1530 1527 ut
1544 1505 1731 1534 saepenumero
1753 1504 1786 1524 ex
1801 1495 1844 1522 di-

1019 1565 1040 1595 c
1059 1554 1122 1581 vina
1145 1552 1286 1586 Scriptura
1313 1554 1480 1584 cognoscere
1510 1546 1591 1579 licet;
1619 1548 1646 1572 et
1669 1543 1779 1580 quidem
1809 1548 1842 1569 ex

1057 1600 1213 1635 Regnorum
1225 1596 1303 1624 libris
1314 1593 1454 1622 historicis
1463 1593 1496 1620 ⁶¹.
1513 1592 1615 1625 Quarta
1634 1590 1706 1618 enim
1728 1587 1843 1615 historia

1057 1634 1123 1674 dicit
1137 1646 1170 1672 ab
1192 1641 1303 1670 Amesia
1325 1647 1425 1668 caesum
1451 1638 1537 1666 fuisse
1558 1638 1585 1664 in
1608 1636 1668 1663 acie
1698 1634 1843 1665 Edomum,

1057 1691 1155 1721 deinde
1169 1690 1280 1717 missam
1295 1688 1328 1715 ab
1344 1694 1378 1715 eo
1393 1685 1555 1722 legationem
1565 1683 1600 1710 ad
1616 1682 1724 1710 lsraelis
1739 1687 1843 1716 regem,

1058 1743 1089 1767 ut
1103 1737 1137 1765 ad
1152 1736 1274 1773 praelium
1288 1741 1350 1762 eum
1363 1735 1543 1768 provocaret;
1577 1730 1651 1756 hunc
1675 1733 1766 1754 autem
1782 1733 1844 1752 cum

1059 1771 1200 1812 stomacho
1224 1779 1399 1816 respondisse
1421 1777 1458 1805 illi
1487 1777 1559 1804 inter
1577 1779 1697 1803 caetera:
1718 1780 1728 1797 ι
1741 1771 1846 1798 Extulit

1059 1834 1086 1858 te
1102 1828 1230 1864 superbia
1256 1825 1349 1854 cordis
1362 1825 1412 1856 tui,
1441 1827 1586 1859 propterea
1601 1820 1674 1856 quod
1686 1819 1768 1864 clade?
1781 1817 1847 1844 aﬁ'e-

1059 1863 1293 1906 cerisidumzeam.
1309 1883 1318 1898 ι
1335 1871 1409 1905 Quos
1419 1871 1443 1897 in
1461 1867 1647 1904 superioribus
1664 1865 1732 1894 divit
1750 1863 1845 1891 Edonii

1061 1924 1142 1955 ﬁlios,
1158 1928 1230 1948 nunc
1245 1919 1378 1947 Idumaeos
1399 1917 1466 1944 dicit
1486 1914 1613 1942 historia.
1636 1912 1730 1946 Itaque
1750 1909 1846 1941 David,

1061 1970 1207 1998 llemeuto,
1221 1967 1270 1996 ait,
1286 1968 1387 2000 quanta
1402 1962 1509 1990 Idumaei
1522 1964 1618 1988 contra
1642 1966 1692 1986 nos
1713 1957 1841 1986 fecerint,

1060 2013 1106 2049 qui
1120 2011 1280 2040 calamitatis
1296 2014 1395 2036 nostrm
1405 2011 1529 2041 tempore
1550 2003 1699 2032 abusisunt
1717 2005 1846 2036 tanquam

1061 2047 1127 2085 ansa
1139 2057 1171 2084 ad
1189 2063 1266 2091 suam
1278 2052 1492 2088 expromendam
1511 2050 1658 2082 malitiam;
1672 2048 1772 2083 quique
1784 2047 1849 2074 hos-

1062 2102 1135 2128 tibus
1163 2099 1267 2126 nostris
1295 2099 1367 2125 vires
1390 2096 1566 2126 addiderunt,
1595 2097 1625 2121 ut
1645 2093 1802 2120 universam
1832 2098 1847 2117 a

1063 2146 1247 2175 fundamentis
1259 2147 1384 2172 eruerent
1393 2144 1498 2175 urbem,
1506 2141 1627 2176 nihilque
1636 2140 1662 2167 in
1675 2147 1705 2166 ea
1714 2138 1847 2172 reliquum

1062 2201 1123 2222 esse
1139 2196 1309 2228 paterentur.
1321 2190 1506 2224 Addiditque:
1523 2197 1532 2214 ι
1544 2187 1613 2215 Filia
1636 2185 1780 2221 Babylonis
1796 2183 1848 2210 mi-

223 2234 368 2270 ὴμετέρας,
380 2235 516 2270 πρόφασιν
533 2235 584 2270 τῆς
603 2235 705 2262 ἑαυτῶν
720 2236 881 2272 ἐποιήσαντο
897 2237 1004 2270 κακίας

1064 2240 1142 2268 sera!
1176 2237 1250 2265 Felix
1278 2237 1324 2272 qui
1350 2236 1446 2263 reddet
1467 2233 1516 2261 tibi
1539 2231 1747 2260 retributionem
1767 2235 1848 2264 quant

224 2279 292 2306 ὥστε
315 2281 372 2311 τοῖς
392 2279 583 2314 ὲπεληλυθόσιν
605 2281 669 2316 ἡμῖν
691 2281 891 2316 συνεπισχύειν,
911 2282 938 2308 εῐ
953 2291 1012 2314 πως

224 2325 332 2352 ἃπασαν
345 2326 378 2352 ὲκ
394 2325 501 2361 βάθρων
514 2326 699 2353 άνασπάσειαν
711 2327 760 2361 τὴν
776 2327 862 2358 πόλιν,
879 2329 924 2354 καὶ
944 2328 1012 2363 μηδὲ

224 2370 348 2405 λείψανον
397 2370 480 2406 αὐτῆς
499 2380 525 2398 τι
549 2371 722 2399 καταλίποιεν
742 2371 799 2399 ἔτι·
826 2374 873 2400 καὶ
893 2373 1007 2409 ἐπάγει·

228 2414 368 2450 «Θυγάτηρ
377 2415 534 2446 Βαϐυλῶνος
543 2417 559 2452 ὴ
569 2415 751 2452 ταλαίπωρος,
765 2417 898 2454 μακάριος
904 2419 935 2451 ὃς
947 2420 1012 2446 άντ-

225 2459 358 2487 αποδὼσει
371 2469 412 2487 σοι
425 2460 455 2487 τὸ
471 2461 644 2498 ἀνταπόδομά
659 2471 716 2496 σου,
738 2465 776 2498 (p.
796 2463 859 2500 214)
876 2465 889 2491 ὃ
905 2465 1009 2492 ἀνταπ-

227 2505 327 2538 έδωκας
346 2507 428 2543 ἡμῖν·
452 2518 462 2533 ι
479 2508 582 2541 δεικνὺς
609 2510 650 2536 ὅτι
672 2510 733 2536 τότε
746 2509 778 2546 δὴ
793 2510 839 2537 καὶ
856 2510 1013 2547 Ἰδουμαίοις

228 2550 295 2586 ὑπὲρ
317 2552 366 2587 τῆς
390 2552 503 2589 γνώμης
525 2555 632 2590 ἐκείνης
658 2554 752 2587 ἐπάξει
775 2556 824 2591 τὴν
849 2557 982 2592 τιμωρίαν
999 2559 1013 2585 ὁ

229 2595 305 2628 Θεός·
318 2598 437 2633 ὁπηνίκα
452 2599 484 2634 δὴ
506 2599 555 2635 τὴν
573 2600 623 2635 μὲν
645 2600 820 2627 Βαϐυλωνίων
844 2604 1013 2631 κατασπάσει

229 2642 394 2675 δυναστείαν.
408 2644 456 2680 τὴν
474 2644 684 2680 βασιλευομένην
699 2646 775 2673 πόλιν
793 2647 884 2674 αὐτῶν
901 2648 959 2684 ἅμα
978 2651 1015 2687 τῷ

1065 2286 1144 2313 nobis
1160 2282 1331 2311 relribuisti!
1346 2291 1355 2308 ι
1373 2280 1531 2316 signiﬁcans
1546 2278 1605 2306 fore
1619 2280 1649 2304 ut
1666 2276 1760 2304 eodem
1781 2277 1850 2300 tem-

1066 2338 1131 2366 pore
1142 2329 1266 2357 ldumaais
1279 2335 1389 2363 quoque
1404 2326 1439 2354 ob
1453 2324 1610 2360 huiusmodi
1627 2323 1749 2358 ipsorum
1772 2326 1850 2347 men-

1066 2383 1118 2406 tem
1145 2385 1239 2412 ptenas
1260 2376 1330 2404 Deus
1359 2375 1512 2409 imponeret
1528 2381 1535 2400 :
1550 2372 1680 2400 nimirum
1703 2376 1758 2405 quo
1780 2371 1851 2395 tem-

1065 2431 1130 2459 pore
1141 2421 1213 2450 Deus
1226 2421 1438 2456 Babyloniorum
1456 2418 1599 2454 imperium
1614 2422 1762 2444 eversurus
1780 2415 1850 2444 erat,

1065 2458 1223 2504 regiamque
1237 2467 1335 2494 horum
1353 2465 1447 2493 urbem
1466 2471 1527 2491 cum
1550 2469 1613 2498 rege
1629 2461 1792 2494 cunctisque
1808 2458 1850 2484 in-

1066 2503 1147 2544 colis,
1164 2511 1309 2539 Persarum
1332 2509 1462 2545 potestati
1482 2508 1646 2538 traditurus,
1668 2509 1698 2532 ut
1712 2504 1746 2532 ab
1764 2503 1806 2530 bis
1819 2508 1852 2529 eo

1064 2558 1125 2593 jure
1139 2561 1332 2588 tractarentur,
1359 2555 1430 2591 quod
1449 2554 1501 2588 ipsi
1524 2553 1627 2588 pridem
1643 2556 1737 2578 contra
1758 2548 1853 2576 lliero-

1068 2605 1173 2640 solyma
1188 2606 1366 2631 exercuerant
1385 2611 1391 2628 :
1411 2600 1545 2635 expeditis
1560 2598 1670 2626 interim
1696 2595 1853 2632 captivitate

1068 2650 1201 2678 Israelitis
1214 2653 1296 2684 atque
1311 2648 1338 2675 in
1353 2647 1468 2682 patriam
1483 2645 1629 2674 restitutis.

230 2693 259 2743 τε
275 2687 379 2743 βασιλεῖ
389 2690 526 2743 fat-utier
537 2692 592 2743 τοῖς
605 2690 723 2718 οίκοῦσιν
739 2690 822 2726 αὐτὴν
834 2693 970 2728 παραδοὺς
979 2685 1035 2729 τρῖς
1047 2697 1164 2732 Πέρσαις
1177 2694 1222 2730 (52
1228 2695 1318 2731 1,1331;
1334 2694 1381 2720 καὶ
1397 2692 1492 2720 παθεῖν
1503 2691 1567 2726 παρ’
1577 2689 1666 2717 αὐτῶν
1677 2688 1768 2715 ἐκεῖνα
1783 2685 1854 2720 ἆπερ

231 2733 275 2761 οὖν
290 2735 359 2762 κατὰ
372 2736 423 2771 τῆς
443 2736 619 2774 Ἰερουσαλὴμ
636 2738 819 2766 πεποιήκεσαν
839 2738 903 2775 ήδη’
923 2741 1090 2779 Ἰσραηλίτας
1104 2743 1131 2770 δὲ
1145 2743 1194 2778 τῆς
1210 2741 1376 2777 κατεχούσης
1389 2738 1545 2772 ἀπαλλάξας
1555 2736 1742 2773 αἰχμαλωσίας
1754 2735 1793 2765 εἱς
1804 2733 1862 2768 τὴν.

232 2782 329 2809 οἰκείαν
340 2782 432 2819 χώραν
443 2785 601 2821 ὲπαναγάγῃ
612 2785 701 2813 πάλιν.

266 2843 289 2860 ⁸⁸
317 2843 389 2872 Psal.
411 2853 522 2878 csxxvl,
543 2846 569 2875 ἱ.

270 2890 324 2926 (3‘2)
340 2889 398 2919 Sub
417 2891 499 2926 Cyro.

609 2848 629 2863 "
650 2846 682 2874 IV
696 2846 762 2883 leg.
784 2855 840 2880 xiv,
860 2847 903 2876 ιο.
941 2848 964 2864 ⁵¹
982 2847 1174 2879 Psal.cxxxvl,
1195 2849 1219 2874 δ.
