1981 3073
155 159 207 187 M7

158 263 229 288 mala
253 263 446 298 prophetarum
471 272 518 293 ore
544 274 616 302 saepe
640 268 824 302 pnedixerat,
850 270 940 305 primo

156 305 266 339 quidem
284 308 318 334 ab
334 308 454 343 Assyriis
471 310 633 345 imponenda
645 334 653 347 ,
674 313 771 340 iterum
787 322 801 341 τι
824 314 939 350 Babylo-

157 351 211 378 niis
219 360 281 379 cum
297 354 441 382 universus
456 354 539 384 Israel
551 358 667 392 migrare
679 360 767 393 patria
776 360 869 394 jussus
882 366 938 394 est;

156 401 182 424 et
195 398 258 431 quia
269 399 346 427 valde
358 420 365 431 ,
378 404 406 426 ut
431 401 488 428 dixi
500 422 507 434 ,
521 409 571 437 per
583 403 608 430 id
628 408 735 439 tempus
751 405 861 433 Idumaei
877 413 938 433 cum

155 442 281 470 hostibus
302 451 514 480 consenserunt,
535 448 599 476 dum
621 450 744 478 idoneam
773 452 842 478 nacti
860 459 940 479 occa-

156 488 261 515 sionem
293 497 323 517 se
351 492 494 521 crederent
529 495 661 529 perdendi
698 496 820 525 funditus
845 505 939 525 onmes

157 533 312 570 quicunque
328 535 362 563 de
378 536 526 566 Israelitica
543 539 628 573 stirpe
641 545 733 568 essent
748 542 818 577 (qua
831 543 857 569 in
873 550 903 570 re
912 546 940 569 et

156 577 266 606 Idumaei
290 581 350 608 sine
363 581 446 610 dubio
468 584 521 611 Deo
540 584 756 614 adversabantur
768 607 775 619 ,
796 588 841 622 qui
859 587 939 615 Jaco-

156 623 220 649 bum
240 624 352 659 majoris
367 632 431 654 natu
456 629 598 665 privilegio
613 630 741 666 dignatus
756 631 844 659 fuerat
861 632 939 668 142

156 673 323 705 cunctosque
331 672 413 707 hujus
423 677 549 708 posteros
559 676 691 710 peculiari
705 684 856 712 magnaque
873 685 938 705 cura

156 716 405 752 romplectebatur;
435 724 462 747 et
496 721 574 756 ipsos
608 721 747 751 lsraelitas
777 731 940 760 magnopere

156 768 272 789 interere
298 771 346 797 par
367 768 436 797 erat,
455 767 519 801 quia
559 768 661 802 posteri
688 768 749 803 ejus
776 770 823 804 qui
847 770 939 797 divino

155 806 266 834 decreto
293 809 465 845 primogeniti
496 813 596 839 tulerat
628 814 856 846 benedictionem,
882 815 939 842 haec

156 854 328 887 patiebantur
339 856 372 883 ab
383 856 417 884 iis
430 859 475 892 qui
489 866 550 885 cum
560 866 610 886 suo
629 865 740 894 parente
751 860 938 888 benedictione

737 165 908 194 TIIEODORI
923 166 1161 195 MOPSUESTENI

193 217 419 254 Quandoquidem
439 227 504 256 ergo
527 220 600 250 Deus
620 228 778 258 correptura
801 225 934 252 lsraelitas
951 229 977 255 Α

1732 169 1786 196 508

1031 226 1139 262 Ἐπειδὴ
1151 227 1240 253 τοίνυν
1254 226 1383 259 πολλάκις
1400 227 1443 254 διὰ
1460 227 1514 253 τῶν
1527 226 1677 263 προφητῶν
1691 227 1706 253 ὁ
1718 227 1785 258 Θεὸς

993 271 1028 298 τὰ
1046 272 1255 307 καταληψόμενοι
1274 272 1336 304 τοὺς
1354 272 1522 308 Ἰσραηλίτας
1545 272 1596 308 ἔφη
1619 272 1700 305 κακὰ,
1717 272 1784 307 πρό-

993 325 1072 352 τερον
1092 316 1141 352 μὲν
1159 317 1211 343 ὑπὸ
1229 317 1386 352 Ἀσσυρίων,
1410 318 1463 345 ὐπὸ
1485 317 1661 344 Βαὸυλωνίων
1678 317 1707 343 δὲ
1727 318 1784 352 μετ’

993 363 1090 395 έκεῖνο,
1114 363 1154 389 ὅτι
1181 370 1210 388 τε
1237 362 1406 397 αἰχμάλωτος
1433 363 1505 394 ἄπας
1528 363 1543 389 ὁ
1564 361 1672 397 Ἰσραὴλ
1691 362 1785 388 τοῦτον

993 407 1180 443 ἁπαχθήσεται
1204 407 1249 434 τὸν
1275 407 1392 443 τρόπον·
1409 407 1508 443 πολλὴν
1530 407 1568 439 δὲ,
1588 408 1626 438 ὡς
1644 407 1722 443 ἔφην,
1738 407 1785 434 ἐπὶ

992 454 1047 480 τῶν
1068 453 1172 490 καιρῶν
1192 454 1303 481 ἐκείνων
1313 454 1363 489 τὴν
1382 453 1485 480 οἰκείαν
1506 453 1675 486 ἐπεδείξαντο
1690 461 1784 488 συνερ-

992 499 1054 534 γίαν
1072 500 1229 535 Ἰδουμαῖοι,
1250 499 1345 535 καιρὸν
1372 499 1523 534 ἐπιτήδειον
1542 498 1680 534 εἰληφέναι
1706 498 1782 533 νομί-

993 553 1088 576 σαντες
1111 546 1150 576 εἰς
1168 545 1199 571 τὸ
1224 545 1377 580 πανωλεθρὶ
1392 545 1495 577 πάντας
1515 544 1643 572 ἀπολέσαι
1667 545 1730 576 τοὺς
1752 544 1784 571 ἐκ

991 589 1041 624 τῆς
1071 589 1267 625 Ίσραηλιτικῆς
1300 590 1479 625 ὡρμημένους
1509 589 1685 624 συγγενείας·
1713 589 1781 624 ὅπερ

991 633 1024 670 ἦν
1040 635 1099 670 Θεῷ
1113 634 1302 670 πολεμούντων
1316 634 1466 670 προδήλως,
1479 633 1508 666 ὃς
1519 634 1565 660 τόν
1580 642 1607 660 τε
1625 632 1721 660 Ἰακὼὸ
1732 633 1782 667 τῆς

991 681 1045 707 τῶν
1060 680 1249 716 πρωτοτοκίων
1263 680 1379 715 ὴείωσεν
1396 680 1530 714 εὐλογίας.
1547 679 1594 706 καὶ
1610 680 1716 707 πάντων
1727 679 1782 705 τῶν

992 727 1094 754 ἐκεῖθεν
1122 726 1313 760 καταγομένων
1345 725 1444 761 πολλήν
1480 734 1541 752 τινα
1569 726 1615 752 καὶ
1647 725 1782 760 ἐξαίρετον

992 772 1174 808 πεποιημένος
1188 771 1355 798 διατετέλεκε
1363 771 1411 807 τὴν
1427 770 1584 806 ἐπιμέλειαν
1593 779 1602 787 ν
1623 771 1736 807 ἀθυμεῖν
1750 778 1781 796 τε

992 819 1038 846 ἐπὶ
1052 819 1155 850 τούτοις
1167 818 1239 850 εἰκὸς
1258 816 1292 854 ἦν
1311 818 1374 850 τοὺς
1393 817 1572 852 Ἰσραηλίτας,
1587 817 1612 843 εἰ
1627 818 1659 843 ὲκ
1675 817 1720 843 τοῦ
1732 817 1782 852 τὴν

991 865 1115 898 εὐλογίαν
1131 865 1184 891 τῶν
1202 863 1392 899 πρωτοτοκίων
1411 862 1482 890 κατὰ
1505 862 1580 889 θείαν
1597 861 1781 897 κομισαμένου

155 899 248 926 divina
275 901 454 938 exciderant).
477 905 512 931 ob
540 905 607 937 haec,
628 906 750 940 inquam,
783 907 938 934 necessario

991 910 1076 946 ψῆφον
1092 910 1282 945 καταγόμενοι,
1300 909 1338 945 (p.
1348 909 1412 943 215)
1433 908 1546 935 τοιαῦτα
1567 908 1695 942 πάσχοιεν
1707 907 1782 942 παρὰ

155 943 227 973 Deus
253 946 362 974 beatum
385 948 544 982 prophetam
571 951 699 978 excitavit
728 951 861 984 Abdiam,
889 952 936 987 qui

155 991 284 1019 universo
300 1000 350 1020 suo
361 994 492 1022 vaticinio
507 999 668 1022 eventuram
683 995 808 1024 ldummis
829 1005 935 1032 pinnam

155 1035 331 1070 signiﬁcaret,
351 1045 413 1065 cum
440 1038 494 1066 Deo
514 1039 663 1074 aliquando
685 1041 774 1068 visum
800 1041 869 1069 foret
892 1050 936 1070 res

155 1080 339 1110 lsraelitarum
356 1084 384 1110 in
399 1084 543 1119 pristinam
558 1087 767 1121 prosperitatem
786 1087 935 1121 vindicare;

154 1136 169 1156 a
191 1129 303 1157 servitio
327 1130 432 1158 scilicet
459 1131 597 1166 expedire,
621 1141 732 1167 suaeque
754 1134 849 1168 patriae
877 1134 938 1162 red-

154 1175 230 1206 dere,
259 1179 288 1202 ut
321 1175 508 1212 Hierosolyma
536 1178 722 1207 instaurarent
752 1180 938 1215 templumque

155 1221 298 1248 reﬁcerent
311 1231 317 1248 :
337 1222 364 1249 ῆι
381 1231 436 1257 quo
451 1225 570 1252 maxime
585 1225 700 1252 decebat
714 1226 814 1253 iterum
824 1233 937 1262 congre-

154 1266 212 1300 gari
230 1274 288 1298 eos.
310 1272 338 1294 ut
360 1268 396 1295 ibi
413 1269 542 1303 legitimis
563 1278 627 1306 erga
649 1270 733 1298 Deum
760 1272 938 1307 religionibus

154 1318 343 1346 operarentur.
362 1313 394 1340 Et
409 1315 518 1348 quidem
537 1323 610 1343 nunc
625 1316 697 1346 haud
711 1317 810 1352 exiguo
824 1324 939 1344 mmren-

155 1359 229 1386 tibus
253 1359 352 1386 solatio
385 1364 444 1388 erat
477 1360 574 1389 horum
609 1367 755 1389 eventuum
782 1362 936 1397 praedictio;

155 1409 213 1432 tum
227 1413 293 1433 vero
319 1411 381 1441 post
399 1407 591 1435 vaticiniorum
616 1408 720 1435 exitum
743 1409 829 1436 multo
851 1410 938 1445 magis

155 1449 284 1477 credituri
303 1455 401 1482 erant.
415 1452 473 1479 hate
488 1452 553 1479 olim
572 1451 618 1480 Dei
636 1453 776 1481 voluntate
791 1454 919 1489 praedicta
930 1476 938 1487 .

154 1501 181 1523 et
201 1496 300 1524 deinde
321 1497 404 1525 verba
435 1498 463 1525 in
490 1506 546 1525 rem
570 1498 669 1526 collata
694 1499 788 1527 fuisse.
810 1500 876 1533 Quae
895 1509 939 1529 res

155 1545 270 1577 utraque
292 1543 487 1578 comprobabat
505 1543 552 1571 Dei
567 1552 633 1580 erga
654 1553 701 1573 eos
719 1547 937 1582 providentiam;

154 1587 340 1624 certioresque
355 1589 465 1617 eosdem
481 1589 598 1617 faciebat
609 1610 617 1622 ,
632 1591 689 1618 hinc
704 1599 719 1618 a
738 1591 792 1619 Deo
807 1594 936 1621 vaticinia

155 1633 241 1662 fuisse
259 1635 332 1662 edita
357 1635 447 1671 gentis
470 1635 568 1670 gratia,
587 1636 621 1664 de
644 1637 723 1671 cujus
750 1638 936 1668 incolumitate

155 1687 291 1715 magnam,
308 1685 338 1708 ut
352 1688 424 1715 saepe
436 1681 502 1713 dixi,
521 1690 614 1709 curam
630 1684 750 1717 gerebat.

989 956 1041 983 τῶν
1060 957 1092 982 ἐκ
1113 956 1159 982 τοῦ
1182 955 1350 990 προπάτορος
1370 954 1470 981 οἰκείου
1489 954 1538 988 τῆς
1558 953 1687 987 εὐλογίας
1713 953 1778 980 ἀπο-

988 999 1139 1034 δληθέντων
1151 999 1200 1034 τῆς
1220 999 1310 1031 θείας·
1325 999 1482 1033 ἀναγκαίως
1501 998 1548 1024 τὸν
1566 998 1699 1033 μακάριον
1712 1005 1780 1032 προ-

988 1046 1075 1081 φήτην
1095 1045 1200 1071 Ἀὃδίαν
1224 1045 1270 1070 ὲπί
1292 1044 1378 1079 τούτῳ
1401 1044 1544 1079 κεκίνηκεν
1562 1043 1577 1069 ὁ
1589 1043 1665 1074 Θεὸς,
1685 1043 1723 1074 ὡς
1747 1042 1781 1069 ἃν

987 1091 1030 1118 διὰ
1053 1091 1142 1126 πάσης
1163 1090 1243 1117 αὑτοῦ
1263 1089 1314 1124 τῆς
1332 1090 1509 1125 προρρήσεως
1524 1089 1574 1124 τὴν
1587 1088 1779 1124 καταληψομέ-

987 1146 1035 1173 νην
1052 1136 1216 1171 Ἰδουμαίους
1232 1136 1376 1172 μηνύσειεν
1392 1135 1525 1171 τιμωρίαν
1534 1144 1541 1150 ·
1555 1135 1673 1171 ὁπηνίκα
1683 1135 1716 1162 ἂν
1730 1135 1777 1161 ἐπὶ

987 1183 1017 1210 τὸ
1043 1184 1165 1219 κρεῖττον
1195 1183 1358 1217 μεταγαγεῖν
1390 1182 1424 1208 τὰ
1445 1181 1618 1217 Ἰσραηλιτῶν
1643 1181 1778 1218 δοκιμάσῃ

987 1229 1063 1262 Θεὸς,
1075 1228 1254 1263 ὲπαναγαγών
1264 1237 1293 1254 τε
1310 1227 1408 1259 αὐτοὺς
1421 1229 1452 1254 ὲκ
1471 1228 1520 1263 τῆς
1532 1227 1720 1263 αἰχμαλωσίας
1732 1226 1778 1254 καὶ

987 1278 1020 1311 τῇ
1038 1275 1114 1311 χώρᾳ
1129 1275 1210 1302 πάλιν
1232 1273 1374 1306 ἀποδιδοὺς
1395 1274 1427 1309 τῇ
1453 1273 1549 1308 οἰκείᾳ,
1574 1273 1643 1300 ὥστε
1665 1273 1712 1300 καὶ
1731 1272 1781 1308 τὴν

992 1321 1168 1357 Ἰερουσαλὴμ
1189 1320 1407 1355 ἀνοικοδομῆσαι,
1429 1319 1476 1346 καὶ
1497 1319 1543 1346 τὸν
1568 1319 1632 1346 ναὸν
1657 1319 1686 1345 ὲν
1710 1318 1777 1354 αὐτῇ

988 1367 1201 1398 κατασκευάσαι,
1224 1367 1254 1392 ἐν
1277 1363 1300 1400 ᾧ
1321 1365 1354 1400 δὴ
1378 1365 1494 1400 μάλιστα
1521 1364 1660 1400 προσῆκεν
1682 1364 1780 1395 αὐτοὺς

989 1413 1107 1440 συνιέναι
1133 1412 1230 1443 πάλιν,
1259 1412 1308 1447 τὴν
1336 1411 1509 1447 καθήκουσαν
1535 1412 1566 1437 ὲκ
1590 1410 1639 1445 τῆς
1666 1410 1779 1445 νομικῆς

988 1459 1134 1492 διατάξεως
1149 1457 1375 1493 ἀποπληροῦντας
1387 1456 1480 1483 αὐτόθι
1497 1455 1536 1491 τῷ
1552 1455 1610 1490 Θεῷ
1621 1455 1780 1490 θρησκείαν·

989 1504 1036 1531 νῦν
1051 1513 1080 1530 τε
1101 1504 1153 1538 γὰρ
1168 1504 1198 1529 οὐ
1221 1503 1322 1538 μικρὰν
1337 1503 1353 1537 ὴ
1371 1502 1474 1529 τούτων
1496 1503 1611 1538 μήνυσις
1629 1500 1678 1536 τὴν
1692 1500 1779 1536 ψυχα-

989 1550 1092 1585 γωγίαν
1111 1549 1255 1584 παρείχετο
1278 1549 1334 1580 τοῖς
1356 1547 1558 1583 ἀδικουμένοις’
1578 1547 1625 1574 καί¹
1644 1546 1713 1582 μετὰ
1730 1546 1779 1581 τὴν

988 1597 1042 1624 τῶν
1068 1595 1238 1631 μηνυθέντων
1262 1594 1390 1625 ἐκὸασιν,
1415 1594 1454 1620 ἑτι
1473 1593 1571 1628 μᾶλλον
1589 1591 1726 1619 ἐπείθοντο
1748 1592 1779 1618 τὸ

989 1641 1084 1676 γνώμῃ
1096 1640 1164 1666 Θεοῦ
1176 1639 1257 1666 πάλαι
1278 1648 1308 1665 τε
1330 1639 1413 1665 ταῦτα
1430 1638 1572 1674 εἰρῆσθαι·
1588 1637 1635 1664 καὶ
1655 1637 1721 1672 πρὸς
1734 1636 1779 1672 ἔρ-

989 1695 1037 1721 γον
1058 1686 1170 1721 ὕστερον
1196 1684 1384 1720 ὲκὸεὖηκέναι,
1408 1684 1479 1719 ἅπερ
1498 1682 1532 1719 ἦν
1552 1683 1635 1718 ἄμφω
1651 1683 1699 1717 τῆς
1715 1683 1778 1717 περὶ

154 1725 251 1756 αὐτοὺς
265 1725 424 1760 κηδεμονίας
440 1726 547 1762 ἔλεγχος
561 1727 607 1754 τοῦ
624 1728 692 1755 Θεοῦ
702 1737 710 1746 ·
723 1729 792 1756 ὥστε
807 1731 857 1758 οὐκ
874 1732 971 1768 ἄδηλον
984 1730 1053 1759 εἴναι
1068 1732 1108 1758 ὅτι
1121 1729 1276 1766 προμηθείᾳ
1288 1729 1335 1756 τοῦ
1350 1728 1414 1756 λαοῦ
1426 1730 1472 1756 καὶ
1486 1729 1586 1763 ταύτην
1600 1729 1716 1754 ἐποιεῖτο
1728 1727 1776 1762 τὴν

156 1773 286 1807 μήνυσιν·
306 1770 337 1800 οὖ
358 1773 390 1808 δὴ
407 1773 505 1809 πολλὴν
521 1775 590 1810 ὑπὲρ
609 1777 658 1811 τῆς
674 1778 819 1813 σωτηρίας,
839 1779 876 1812 ὡς
893 1781 1022 1812 πολλάκις
1035 1779 1112 1814 ἔφην,
1130 1778 1247 1805 ἐποιεῖτο
1262 1778 1311 1812 τὴν
1325 1777 1483 1813 ἐπιμέλειαν
1497 1777 1510 1803 ὁ
1527 1776 1603 1807 Θεός-

191 1818 274 1847 Vens.
288 1820 313 1847 L
325 1834 360 1840 —
371 1829 380 1846 ι
397 1820 473 1849 Visio
487 1822 590 1850 Abdiaa.
608 1832 617 1849 ι
627 1822 700 1851 Nihil
714 1822 798 1859 hujus'
809 1828 935 1855 vocabuli

154 1866 196 1894 vis
210 1865 299 1893 din‘ert
313 1873 327 1893 a
343 1866 461 1895 dictione
482 1877 488 1894 :
512 1877 522 1894 ι
539 1868 636 1897 Sermo
654 1869 772 1897 Domini.
794 1881 802 1897 ι
832 1872 937 1908 Quippe

155 1919 309 1939 sermonem
324 1911 476 1948 Scriptura
500 1914 618 1949 appellat
639 1923 699 1943 eam
723 1917 873 1952 virtutem,
889 1927 937 1954 per

154 1964 235 1992 quam
256 1958 370 1992 spiritali
390 1967 503 1988 munere
524 1961 649 1988 notitiam
668 1969 759 1990 rerum
781 1963 937 1992 futurarum

155 2003 293 2038 pmpheta:
313 2005 495 2039 excipiebant.
519 2006 658 2034 Visionem
681 2008 787 2037 scilicet
802 2009 869 2037 dicit
888 2018 938 2046 pro

154 2049 245 2076 divina
267 2049 449 2082 revelatione,
465 2051 545 2086 cujus
559 2059 611 2087 ope
628 2052 682 2080 illis
698 2054 891 2089 contingebat,
908 2059 938 2082 ut

156 2102 318 2122 arcanorum
335 2097 478 2124 scientiam
492 2092 736 2133 consequerentur:
752 2098 819 2127 Nam
833 2101 897 2135 quia
910 2105 937 2128 et

157 2141 276 2168 theorias
289 2142 422 2176 quasdam
439 2143 662 2171 inenarrabiliter
676 2145 792 2180 spiritali
811 2153 893 2180 opera
908 2146 934 2173 in

156 2186 273 2213 animam
290 2187 464 2222 excipiebant
483 2189 639 2224 prophetae,
659 2193 715 2216 tum
732 2190 814 2217 etiam
834 2191 935 2218 doctri-

156 2238 218 2258 nam
237 2231 389 2259 futurarum
401 2240 491 2259 rerum
507 2237 636 2268 tanquam
649 2234 684 2261 ab
702 2234 793 2270 aliquo
811 2235 937 2270 loquente

1023 1827 1097 1862 Στίχ.
1111 1829 1145 1853 α’.
1163 1839 1198 1844 -
1217 1833 1226 1850 ‹
1247 1825 1361 1860 ’Όρασις
1382 1824 1498 1851 Ἄϐδιοί
1517 1834 1526 1849 ι
1541 1824 1625 1850 Οὐδὲν
1643 1823 1714 1850 κατὰ
1729 1823 1777 1859 τὴν

988 1872 1100 1907 δύναμιν
1124 1870 1275 1898 διαλλάττει
1304 1869 1392 1903 τοῦτο,
1420 1870 1457 1905 (p.
1487 1870 1550 1905 216)
1576 1871 1634 1903 ’τοῦ⁹
1658 1880 1667 1897 ι
1692 1870 1778 1904 Λόγος

989 1917 1103 1953 Κυρίου.
1128 1926 1137 1942 ι
1156 1916 1242 1950 Λόγον
1255 1916 1308 1951 γάρ
1326 1924 1355 1942 τε
1372 1916 1473 1950 Κυρίου
1495 1916 1545 1950 τὴν
1564 1917 1702 1952 ἐνέργειαν
1720 1916 1778 1942 ὀνο-

992 1963 1072 1999 μάζει
1086 1962 1132 1988 τοῦ
1154 1961 1232 1992 Θεοῦ,
1246 1961 1306 1988 καθ’
1327 1961 1361 1997 ἣν
1377 1962 1410 1997 τῇ
1433 1963 1602 1997 πνευματικῇ
1625 1962 1715 1997 χάριτι
1728 1962 1778 1992 τὰς

989 2008 1172 2042 ἀποκαλύψεις
1194 2008 1218 2034 οἰ
1243 2008 1377 2043 προφῆται
1398 2007 1453 2033 τῶν
1481 2008 1615 2042 ἐσομένων
1641 2007 1776 2042 ὲδέχοντο’

989 2054 1035 2080 καὶ
1053 2054 1146 2089 ὅρασιν
1160 2052 1190 2078 τὸ
1213 2051 1280 2078 αὐτὸ
1297 2051 1328 2086 δὴ
1345 2051 1424 2077 τοῦτο
1445 2051 1521 2078 καλεῖ
1544 2053 1593 2087 τὴν
1607 2052 1777 2086 ἀποκάλυψιν

988 2099 1038 2134 τὴν
1057 2098 1141 2130 θείαν,
1169 2098 1230 2124 καθ’
1253 2097 1286 2132 ἣν
1308 2097 1417 2130 ἐγένετο
1438 2097 1529 2129 αὐτοῖς
1542 2097 1596 2123 τῶν
1609 2098 1714 2132 ἀδήλων
1735 2097 1778 2123 δέ·

988 2145 1081 2180 χεσθαι
1101 2145 1148 2179 τὴν
1168 2143 1284 2178 γνῶσιν·
1303 2142 1395 2177 ἐπειδὴ
1415 2142 1468 2176 γὰρ
1491 2143 1537 2169 καὶ
1561 2142 1675 2178 θεωρίας
1699 2142 1774 2174 τινὰς

989 2192 1150 2227 ἁπορῤήτως
1170 2190 1214 2216 διὰ
1231 2190 1281 2225 τῆς
1295 2189 1481 2224 πνευματικῆς
1501 2189 1638 2224 ἐνεργείας
1658 2190 1704 2215 ἐπὶ
1723 2189 1773 2224 τῆς

988 2237 1077 2272 ψυχῆς
1100 2237 1221 2271 ἐδέχοντο
1243 2236 1293 2270 τῆς
1316 2235 1419 2266 οἰκείας
1442 2235 1467 2261 οἱ
1492 2235 1639 2269 προφῆται,
1653 2235 1700 2261 καὶ
1724 2235 1772 2271 τὴν

156 2276 313 2309 audiebant,
339 2285 388 2312 pro
410 2279 499 2305 sancti
524 2277 645 2314 Spiritus
660 2284 756 2314 agente
776 2280 803 2307 in
825 2280 857 2308 iis
878 2281 935 2307 vir-

991 2282 1158 2309 διδασκαλίαν
1168 2281 1222 2308 τῶν
1235 2281 1371 2315 ἐρομένων
1393 2279 1430 2311 ὡς
1447 2281 1522 2315 παρὰ
1542 2288 1613 2311 τινος
1634 2280 1774 2312 λαλοῦν-ος

155 2326 232 2356 tute;
247 2323 348 2350 idcirco
362 2328 389 2351 et
403 2324 536 2352 visionem
548 2325 616 2352 dicit
632 2325 773 2361 Scriptura
791 2331 818 2354 et
831 2335 936 2354 sermo-

156 2375 217 2395 nem
230 2367 336 2395 Domini
348 2377 356 2402 ;
369 2369 424 2396 imo
433 2369 525 2401 etiam,
540 2373 570 2396 ut
584 2369 649 2396 mihi
661 2370 779 2403 videtur.
791 2371 912 2400 auditum
927 2380 934 2399 :

155 2417 299 2448 propterea
310 2413 384 2449 quod
401 2414 479 2450 143
506 2415 639 2450 spiritalis
651 2416 784 2444 doctrina;
800 2418 935 2451 notitiam,

155 2458 302 2487 auditionis
323 2460 467 2494 cujusdam
494 2460 604 2495 instar,
643 2462 820 2497 recipiebant.
847 2463 937 2497 Quare

155 2503 251 2531 beatus
265 2511 373 2539 quoque
390 2504 474 2533 Isaias
489 2506 622 2541 propheta
637 2508 675 2534 ait
691 2516 699 2533 :
719 2517 728 2533 ‹
743 2510 936 2546 Domine,quis

156 2549 272 2576 credidit
290 2549 394 2576 auditui
409 2555 506 2578 nostro
520 2551 563 2578 “?
581 2561 591 2577 ι
613 2560 710 2587 nempe
725 2554 828 2580 notitia:
844 2561 936 2581 rerum

155 2595 236 2622 nobis
265 2594 525 2629 demonstratarum,
553 2601 580 2624 et
601 2605 670 2633 quas
689 2598 822 2627 divinitus
847 2599 937 2626 edocti

156 2648 261 2669 sumus.
276 2641 539 2670 Convenientissime
555 2643 619 2670 item
640 2643 737 2671 beatus
753 2643 855 2672 Paulus
865 2645 938 2672 hanc

155 2686 286 2714 divinitus
307 2687 419 2721 protulit
430 2688 627 2721 |locutionem:
650 2698 659 2714 ι
681 2688 760 2717 Fides
774 2698 807 2717 ex
830 2691 936 2723 auditu,

156 2731 267 2759 auditus
292 2735 382 2759 autem
404 2739 451 2767 per
472 2734 586 2760 verbum
605 2734 652 2761 Dei
676 2734 720 2761 “:
740 2744 750 2760 ι
772 2735 935 2770 signiﬁcans

156 2777 229 2804 haud
251 2776 332 2804 aliter
353 2777 477 2806 accidere
503 2786 584 2814 posse
606 2780 746 2815 prophetis
770 2781 936 2809 auditionem

191 2866 215 2884 "
233 2866 284 2896 Ian.
304 2875 362 2901 Lm,
383 2869 405 2896 Ι.
446 2869 466 2885 ⁸⁸
482 2869 559 2896 nom.
584 2878 607 2901 κ,
631 2869 669 2896 t7.

989 2329 1135 2364 ὑπήκουον,
1162 2326 1233 2354 κατὰ
1251 2327 1301 2362 τὴν
1325 2326 1502 2361 ὲγγινομένην
1523 2326 1614 2357 αὐτοῖς
1637 2326 1776 2360 ὲνέρῃλαν

990 2375 1042 2402 ὑπὸ
1057 2374 1104 2401 τοῦ
1118 2373 1274 2408 Πνεύματος
1288 2373 1335 2400 τοῦ
1349 2372 1427 2406 ἁγίου
1437 2380 1444 2388 ⁸
1459 2372 1503 2399 διὰ
1523 2372 1602 2399 τοῦτο
1622 2373 1667 2399 καὶ
1683 2373 1776 2408 ὅρασιν

990 2419 1056 2447 αὐτὸ
1071 2419 1118 2446 καὶ
1130 2419 1207 2453 λόγον
1222 2418 1325 2453 Κυρίου
1338 2417 1430 2445 καλεῖ·
1445 2417 1493 2444 καὶ
1505 2417 1588 2453 ἀκοὴν
1603 2418 1631 2444 δὲ
1642 2418 1679 2450 ὡς
1692 2418 1774 2452 είκῦς,

990 2464 1038 2491 ἅτε
1053 2464 1101 2499 τῆς
1116 2463 1301 2498 πνευματικῆς
1321 2462 1502 2496 διδασκαλίας,
1516 2462 1609 2497 ὥσπερ
1627 2463 1694 2498 ἀκοῇ
1711 2471 1773 2494 τινι,

989 2509 1139 2544 δεχομένων
1153 2509 1201 2544 τὴν
1215 2508 1315 2542 γνῶσιν
1325 2516 1332 2523 ’
1347 2508 1407 2535 ὅθεν
1420 2509 1465 2534 καὶ
1480 2509 1494 2534 ὁ
1511 2508 1642 2544 μακάριος
1662 2508 1774 2540 Ἡσαΐας

989 2555 1004 2580 ὸ
1039 2556 1179 2592 προφήτης
1200 2556 1284 2592 φησί’
1309 2566 1319 2582 ι
1342 2555 1427 2592 Κύριε
1440 2572 1452 2589 ,
1467 2554 1507 2585 τίς
1516 2554 1657 2581 ἐπίστευσε
1665 2556 1696 2590 τῇ
1705 2555 1772 2590 ἀκοῇ

989 2599 1085 2634 ὴμῶν;
1096 2609 1105 2624 ι
1119 2599 1162 2625 ἵνα
1173 2598 1246 2633 εἴπῃ,
1260 2600 1292 2634 τῇ
1308 2598 1406 2633 γνώσει
1414 2600 1466 2625 τῶν
1478 2599 1634 2634 δειχθέντων
1643 2602 1718 2636 ὴμῖν,
1728 2601 1774 2627 καί

990 2641 1027 2672 ὦν
1044 2644 1219 2680 ἐδιδάχθημεν
1232 2644 1333 2672 θειόθεν
1343 2654 1350 2660 '
1372 2644 1569 2672 ἀκολουθὸτατα
1585 2644 1613 2672 δὲ
1635 2647 1680 2673 καὶ
1696 2647 1710 2672 6
1723 2654 1772 2681 μαι

990 2689 1085 2725 κάριος
1101 2688 1203 2720 Παῦλος
1218 2689 1318 2725 ταύτην
1337 2697 1366 2715 τε
1383 2689 1479 2721 θεῖκῶς
1493 2689 1542 2724 τὴν
1565 2689 1655 2725 φωνὴν
1670 2690 1772 2725 ἐπήγα-

989 2744 1047 2770 γεν
1070 2746 1080 2763 ‹
1099 2735 1171 2771 ’Ἄρα
1188 2733 1206 2769 ἡ
1221 2734 1311 2768 πίστις
1332 2735 1361 2768 ἐξ
1376 2737 1473 2772 ἀκοῆς,
1495 2734 1548 2769 ἠδὲ
1556 2734 1623 2769 ἀκοὴ
1635 2733 1677 2761 διὰ
1686 2735 1772 2770 ῥήμα-

990 2789 1034 2812 τος
1050 2780 1115 2808 Θεοῦ
1125 2789 1148 2808 ἰ
1169 2780 1274 2813 δεικνὺς
1289 2781 1329 2807 ὃτι
1343 2780 1392 2807 οὐκ
1403 2779 1489 2810 ἄλλως
1503 2778 1613 2807 δυνατὸν
1626 2778 1674 2814 τὴν
1683 2777 1771 2807 τοιαύκ
