1972 3066
175 198 230 227 509

781 200 1055 229 COMMENTARIUS
1066 201 1099 228 IN
1111 199 1248 229 ABDIAM.

1735 200 1788 227 3N

174 266 224 293 την
240 256 324 292 ἀκοὴν
347 257 537 293 προσγίνεσθαι
555 259 610 291 τοῖς
637 259 798 295 προφήταις.
813 259 870 285 ἀλλ’
884 258 901 293 ἢ
920 258 964 285 διὰ

1024 258 1182 292 Iujusmodi,
1203 259 1257 286 nisi
1282 266 1297 285 a
1324 257 1413 286 sancti
1441 257 1542 285 virtute
1569 255 1698 292 Spiritus.
1727 256 1798 284 Tum

176 304 224 338 τῆς
238 302 285 329 τοῦ
301 303 379 337 ἁγίου
393 303 548 339 Πνεύματος
562 304 715 340 ἐνεργείας·
728 304 774 330 καὶ
795 305 810 331 ὁ
831 304 964 339 μακάριος

175 349 204 376 δέ
219 357 284 383 φησι
296 349 394 375 Δαυῖδ·
427 358 436 374 ι
460 347 550 374 Κλινῶ
574 348 613 379 είς
642 349 835 386 παρασολὴντδ
843 347 888 381 οὖς
900 358 962 384 μου,

176 394 273 427 ἁνοὶξω
287 395 315 420 ὲν
329 394 470 430 ψαληρίῳ
487 394 518 421 τὸ
534 394 678 430 πρόϐλημά
691 391 908 432 μουἹῖναεῐπη,
924 395 964 421 ὅτι

181 439 309 472 ’Υποθεὶς
322 441 371 476 τὴν
392 441 474 475 ἀκοὴν
488 440 535 467 καὶ
559 439 704 475 δεξάμενος
717 440 819 467 θειόθεν
833 440 881 476 τὴν
895 441 963 475 γνῶ-

177 495 228 517 σιν,
244 485 454 521 διαπορθμεύσω
469 487 526 518 τοῖς
541 485 691 521 ἀνθρώποις
706 485 760 512 τῶν
775 486 965 521 προσηκόντων

176 531 224 567 τὴν
237 531 420 558 διδασκαλίαν·
436 531 574 558 κάνταῦθα
587 531 674 559 τοίνυν
686 532 779 568 ἐπειδὴ
792 530 868 559 εἶπεν
881 533 966 567 Ὅρα-

176 584 218 608 σις
236 576 352 609 ’Δὸδιοῠ,
373 577 410 612 (p.
433 577 495 612 217)
510 577 524 603 ὃ
541 578 684 613 προγραφή
708 586 750 610 τις
769 579 965 614 παραπλησίως

176 624 230 654 τοῖς
243 622 345 654 λοιποῖς
359 621 392 658 ἧν
407 622 454 650 τοῦ
475 623 577 658 βιϐλίου
593 623 706 659 δήλωσιν
731 623 838 658 ἔχοντος
863 621 965 656 οὗτινος

175 664 209 701 ἦν
219 666 254 693 τὰ
269 666 413 701 λεγόμενα,
428 667 502 698 ὅπως
516 675 546 693 τε
561 667 607 694 τοῦ
627 666 739 694 τοιαῦτα
752 667 840 702 λέγειν
852 668 966 704 δύναμιν

175 711 329 747 εἰληφότος,
355 711 466 748 ἄρχεται
490 713 545 740 τῶν
570 713 620 748 τῆς
643 713 809 748 προφητείας
836 716 966 750 ῥημάτων

215 811 225 828 ι
248 802 317 830 Τάδε
335 802 408 837 λέγει
422 803 524 840 Κύριος
540 805 554 831 ὸ
569 804 634 836 Θεὸς
650 806 683 841 τῇ
707 805 852 841 Ἰδουμαίᾳ.
881 816 889 832 ι
916 807 966 842 Δη-

178 847 232 874 λῶν
247 849 311 884 περὶ
324 844 361 875 ὧν
372 850 389 884 ή
399 850 551 885 προφητεία
567 850 698 884 γίγνεται.
718 861 727 876 ι
751 851 847 887 Ἀκοὴν
862 852 965 887 ἤκουσα

180 893 254 929 παρὰ
274 894 320 921 τοῦ
344 894 454 931 Κυρίου.
477 905 485 918 ι
506 895 566 922 Τῶν
583 896 610 922 δὲ
628 897 774 932 ἐσομένων,
791 898 868 933 φησὶ,
897 898 966 925 κατὰ

248 927 398 975 Ἰδουμαίαν
406 940 510 976 ἀδήλων
521 942 570 976 μὲν
576 941 658 968 όντων
841 927 909 978 μετὰ
918 953 965 970 πο-
981 927 1002 956 Β

180 984 227 1011 λὺν
239 984 268 1012 δὲ
280 985 416 1020 ἐσομένων
429 985 475 1012 τὸν
488 987 593 1022 χρόνον,
608 987 683 1022 παρὰ
695 988 741 1014 τοῦ
757 988 823 1015 Θεοῦ
837 989 965 1024 δέδεγμαι

179 1029 229 1063 τὴν
243 1029 432 1057 διδασκαλίαν·
448 1028 507 1058 εἶτα
520 1031 562 1062 τίς
581 1032 668 1067 ἀκοῆς
688 1041 696 1058 ι
715 1033 770 1059 Καὶ
786 1033 914 1069 περιοχὴν
926 1034 966 1066 εἰς

180 1076 213 1102 τὰ.
227 1076 290 1112 έονη
304 1076 487 1110 ἐξαπέστειλε.
509 1086 520 1103 ι
544 1077 678 1113 Περιοχὴν
691 1078 764 1113 λέγει
778 1079 809 1105 τὺ
831 1079 921 1114 κύκλῳ
940 1088 966 1106 τι

182 1121 315 1157 περιέχον,
339 1119 395 1148 οἷον
411 1123 499 1158 τεῖχος
520 1123 537 1158 ἦ
555 1131 582 1150 τι
605 1124 726 1151 τοιοῦτο·
752 1124 823 1152 οὕτω
839 1125 911 1161 λέγει
925 1125 965 1160 τὸ,

184 1176 195 1194 ι
218 1167 264 1199 Τίς
278 1167 422 1204 ἀπάξειμε
440 1170 480 1203 εἰς
496 1169 573 1196 πόλιν
596 1169 728 1206 περιοχῆς
747 1178 755 1204 ;
787 1180 796 1197 ι
820 1171 863 1198 ἴνα
890 1172 965 1207 εἴπῃ,

183 1213 230 1245 Et;
251 1213 327 1240 πόλιν
350 1215 566 1250 τετειχισμένην,
579 1216 700 1242 τουτέστι
721 1217 918 1252 περιεχομένην
927 1216 967 1253 τῷ

182 1258 265 1293 τείχει
280 1259 372 1294 κύκλῳ
381 1268 387 1275 ·
398 1257 506 1295 Ταύτην
515 1258 571 1293 οὖν,
583 1262 675 1296 φησὶν,
691 1261 795 1297 ἥκουσα
806 1263 854 1297 τὴν
866 1262 965 1297 ἀκοὴν,

182 1305 224 1331 δτι
247 1304 342 1340 ὥσπερ
359 1313 420 1332 τινα
446 1306 577 1342 περιοχὴν
609 1306 640 1333 τὸ
668 1307 831 1343 πρόσταγμα
869 1308 968 1342 ἑξαπέ-

184 1349 271 1377 στιιλε
301 1351 332 1377 τὸ
347 1351 446 1378 οἰκεῖον
475 1353 515 1383 εἰς
529 1352 564 1379 τὰ
577 1352 641 1387 ἔθνη
655 1353 668 1377 e‘
688 1353 763 1385 Θεὸς,
781 1353 903 1386 ἅπαντας
921 1355 968 1381 αύ-

183 1396 246 1427 οοίδς
275 1396 304 1422 ἐν
335 1395 428 1432 κύκλῳ
459 1396 530 1423 κατὰ
562 1397 613 1432 τῆς
646 1397 797 1433 Ἰδουμαίας
820 1397 966 1433 συλλέγων.

185 1450 196 1466 ι
228 1440 375 1476 ’Δνάστητε
392 1441 439 1468 καὶ
455 1442 647 1478 ὲξαναστῶμεν
670 1443 714 1470 ἐπ’
729 1443 813 1479 αὐτὴν
830 1444 870 1475 εἰς
891 1443 969 1470 πόλε-

185 1495 245 1521 μον.
268 1496 278 1514 ι
296 1487 374 1514 Κατὰ
387 1487 577 1524 ἀποσιώπησιν
594 1488 624 1515 τὺ
638 1497 647 1514 ι
661 1488 749 1522 λέγων
770 1498 779 1515 ι
796 1490 907 1520 νοεῖται,
925 1489 969 1516 ἵνα

183 1530 221 1569 ᾗ,
241 1532 295 1559 Καὶ
317 1533 447 1568 περιοχὴν
465 1533 504 1565 είς
525 1533 561 1560 τὰ
579 1533 642 1570 ἔθνη
664 1533 852 1567 ἐξαπέστειλεν
870 1535 966 1569 λέγων’

1015 306 1097 332 etiam
1113 305 1209 333 beatus
1225 305 1309 332 David
1325 305 1362 332 ait
1381 314 1388 332 :
1408 314 1416 330 ι
1430 303 1570 331 lnclinabo
1586 303 1620 330 ad
1639 303 1798 338 parabolam

1015 357 1108 377 aurem
1130 358 1230 383 meam,
1246 350 1366 386 aperiam
1382 350 1408 376 in
1421 349 1550 385 psalterio
1582 347 1798 384 propositionem

1016 404 1103 423 meam
1125 396 1148 412 ⁸³
1167 393 1411 431 :inempe,Quam
1434 402 1500 422 aure
1530 394 1642 428 praebita
1665 392 1799 420 divinitus

1016 442 1134 469 liausero
1153 441 1347 477 cognitionum
1367 448 1426 468 eam
1453 447 1517 467 mox
1541 439 1575 466 ad
1594 439 1719 466 homines
1735 445 1800 472 per-

1017 487 1111 520 feram,
1125 493 1154 515 ut
1168 488 1318 515 ciliciorum
1336 487 1382 514 ﬂat
1397 486 1552 521 disciplina.
1568 485 1652 520 Igitur
1669 485 1743 520 quod
1756 485 1799 511 hic

1016 533 1117 561 dicitur
1130 532 1222 561 «Visio
1234 533 1338 564 Abdize,
1357 541 1366 558 ι
1381 533 1405 559 is
1419 535 1461 559 est
1474 530 1587 566 quidam
1601 530 1643 566 (ut
1653 530 1681 557 in
1693 529 1800 557 caeteris

1016 579 1156 614 prophetis
1174 578 1315 613 usuvenit)
1336 577 1432 604 titulus
1453 576 1514 603 libri
1527 596 1534 607 ,
1554 576 1601 610 qui
1622 582 1722 602 nomen
1741 574 1800 609 ejus

1018 632 1074 660 pra:
1092 632 1122 652 se
1139 624 1191 652 fert
1209 631 1225 650 a
1245 631 1300 659 quo
1320 623 1372 650 ista
1390 622 1538 654 dicuntur,
1555 621 1693 655 simulque
1712 620 1801 647 innuit

1016 677 1134 705 quanam
1156 673 1252 696 auctor
1275 670 1376 696 virtute
1398 667 1527 702 loquendi
1552 667 1684 698 imbutus,
1702 667 1801 694 verbo-

1018 723 1078 743 rum
1094 715 1316 750 propheticorum
1332 715 1383 741 hoc
1396 714 1503 741 initium
1519 712 1619 740 faciat:

1055 813 1063 829 I
1083 802 1145 830 llaec
1169 803 1237 830 dicit
1260 802 1391 830 Dominus
1409 802 1481 830 Deus
1502 801 1636 828 Idumam.
1660 810 1670 826 ι
1691 799 1801 836 Signiﬁ-

1017 854 1116 877 cantur
1137 850 1165 881 ii,
1191 849 1226 877 de
1247 849 1348 884 quibus
1371 849 1514 884 prophetia
1536 848 1575 875 tit.
1594 857 1604 873 ι
1628 847 1801 875 Auditionem

1017 895 1107 923 audivi
1134 903 1148 922 a
1175 895 1300 923 Domino.
1332 905 1342 921 ι
1371 895 1507 922 Adversos
1548 893 1672 921 Idumaeas
1700 901 1800 922 casus.

1016 949 1132 968 arcanos
1145 941 1235 968 adhuc
1246 941 1415 973 hominibusI
1424 940 1471 968 sed
1487 944 1577 968 tamen
1590 944 1651 975 post
1664 939 1800 966 diutinum

1015 990 1124 1022 tempus
1147 991 1305 1018 eventuros.
1329 994 1344 1013 a
1364 986 1419 1014 Deo
1439 987 1554 1014 edoctus
1568 993 1638 1013 sum.
1659 984 1720 1012 lam
1743 993 1802 1019 quae

1017 1041 1061 1061 res
1075 1033 1188 1061 audita?
1200 1042 1209 1058 ι
1224 1033 1257 1060 Ει
1268 1036 1375 1067 septum
1387 1033 1457 1060 inter
1467 1036 1561 1067 gentes
1576 1031 1660 1058 misit.
1675 1031 1802 1066 iSeptum

1016 1079 1082 1106 dicit
1098 1085 1152 1113 quo
1168 1077 1270 1113 aliquid
1287 1077 1522 1108 circumcluditur,
1539 1083 1648 1103 murum
1667 1079 1740 1110 puta,
1758 1079 1803 1101 aut

1017 1121 1118 1156 aliquid
1134 1121 1302 1156 huiusmodi.
1318 1120 1364 1148 Sic
1379 1120 1419 1147 ait
1431 1120 1593 1156 Scriptura:
1611 1129 1620 1145 ι
1640 1119 1708 1153 Quis
1720 1119 1802 1146 dedu-

1017 1171 1061 1195 cet
1077 1175 1119 1194 me
1131 1167 1158 1194 in
1170 1167 1264 1194 urbem
1280 1167 1349 1201 septi
1364 1164 1452 1192 "‘liid
1465 1171 1507 1193 est
1518 1166 1544 1193 in
1551 1166 1645 1193 urbem
1658 1166 1802 1194 munitam.

1018 1221 1066 1242 seu
1095 1220 1173 1240 muro
1202 1213 1410 1240 circumdatam.
1435 1212 1508 1247 Ergo
1531 1212 1613 1244 hanc,
1640 1211 1688 1243 ait,
1712 1211 1802 1238 audivi

1019 1259 1198 1291 auditionem,
1215 1266 1230 1285 a
1241 1258 1295 1286 Deo
1307 1258 1411 1286 scilicet
1423 1258 1537 1285 missum
1551 1262 1716 1292 praeceptum
1732 1256 1803 1288 eius.

1018 1306 1088 1341 septi
1105 1305 1210 1340 instar,
1224 1304 1258 1332 ad
1274 1309 1387 1332 cunctas
1407 1303 1581 1331 orbiculatim
1599 1307 1693 1339 gentes
1709 1308 1802 1330 contra

1018 1350 1164 1378 ldummam
1180 1349 1397 1386 congregandas.
1417 1359 1426 1376 ι
1447 1350 1557 1384 Surgite
1570 1354 1598 1376 et
1617 1349 1804 1377 consistamus

1019 1402 1115 1424 contra
1133 1403 1194 1424 eam
1214 1396 1416 1431 belligerantes.
1437 1405 1447 1420 ι
1466 1395 1524 1423 Sub
1541 1395 1684 1423 reticentia
1704 1395 1804 1422 intelli-

1019 1443 1092 1478 gitur
1111 1450 1120 1468 ι
1137 1441 1241 1473 dicens,
1261 1451 1271 1468 ι
1291 1449 1388 1476 nempe
1402 1446 1509 1476 septum
1528 1442 1598 1468 inter
1612 1444 1705 1476 gentes
1719 1440 1804 1473 misit.

1019 1487 1113 1515 dicens
1132 1496 1139 1514 :
1162 1495 1171 1512 ι
1190 1485 1299 1522 Surgite
1309 1492 1336 1514 et
1346 1487 1532 1514 consistamus
1543 1490 1639 1514 contra
1653 1493 1712 1514 eam
1725 1484 1805 1514 belli-

1019 1538 1154 1568 gerantes.
1177 1542 1187 1559 ι
1213 1532 1355 1568 Tanquam
1376 1532 1400 1560 si
1427 1531 1506 1568 ια
1528 1532 1599 1560 Deus
1622 1532 1678 1559 haec
1703 1532 1805 1559 diceret

187 1586 196 1602 ι
224 1577 370 1613 ’Δνάστητε
387 1579 434 1605 καὶ
456 1578 649 1614 ὲξαναστῶμεν
670 1580 714 1606 ὲπ·
734 1580 818 1616 αὐτὴν
834 1581 874 1612 είς
890 1581 968 1607 πόλε-

1022 1578 1194 1614 iuberetque,
1217 1583 1246 1606 et
1273 1578 1395 1614 undique
1414 1583 1510 1606 contra
1539 1578 1683 1606 idumaaam
1711 1583 1805 1615 gentes

187 1630 250 1657 μον·
266 1631 276 1648 ι
294 1623 331 1658 (p.
348 1623 412 1657 218)
429 1624 528 1650 ὡσανεὶ
547 1624 593 1651 τοῦ
613 1624 680 1651 Θεοῦ
703 1625 789 1652 ταῦτα
801 1625 924 1660 λέγοντός
940 1635 969 1652 τε

186 1670 232 1697 καὶ
246 1670 412 1703 κελεύοντος,
427 1672 474 1698 καὶ
492 1671 660 1707 πανταχόθεν
681 1673 726 1699 ἐπ’
748 1673 832 1709 αὐτὴν
854 1674 888 1701 τὰ
906 1673 970 1709 ἔθνη

186 1714 376 1750 συλλέγοντος·
396 1717 443 1743 καὶ
458 1717 490 1752 δὴ
511 1718 559 1744 καὶ
576 1720 738 1753 στρατηγεῖν
751 1719 843 1751 αὐτοῖς
862 1719 971 1755 μέλλον-

185 1768 231 1792 τος
249 1761 279 1787 ὲν
301 1763 358 1793 τοῖς
380 1762 449 1789 κατά
469 1764 519 1798 τῆς
541 1762 692 1798 Ἰδουμαίας
707 1764 850 1800 πολέμοις·
869 1762 924 1792 οἷόν
937 1774 964 1792 τι

187 1806 234 1832 καὶ
259 1807 273 1833 δ
305 1807 437 1843 μακάριος
462 1808 560 1835 Δαυΐδ¹
579 1818 588 1833 ι
607 1808 654 1839 Τίς
669 1809 767 1842 ἀπάξει
786 1818 819 1845 με
837 1811 876 1842 είς
895 1810 972 1838 πόλιν

189 1852 334 1888 περιοχῆςς
351 1854 399 1880 καὶ
411 1853 453 1885 τίς
474 1853 602 1889 ὁδηγήσει
622 1862 655 1889 με
670 1854 722 1886 ἕως
735 1855 784 1890 τῆς
804 1855 971 1891 Ἰδουμαίας;

188 1897 248 1932 οὐχὶ
272 1899 304 1924 σὺ
322 1899 336 1924 ὁ
355 1898 421 1930 Θεὸς
436 1899 450 1924 ὁ
473 1899 653 1934 ἀπωσάμενος
668 1900 758 1934 ἡμᾶς
773 1912 783 1929 ι
796 1899 918 1935 ῐναείπῃ.
931 1901 972 1928 ὅτι

195 1937 225 1965 ’0
236 1940 305 1974 Θεὸς
317 1942 474 1977 μοιειςτοὺς
483 1942 553 1970 κατὰ
561 1943 612 1978 τῆς
625 1943 776 1979 Ἰδουμαίας
789 1947 972 1982 στρατηγήσει

190 1984 339 2026 πολέμους·
363 1986 460 2022 ἰδίωμα
479 1987 506 2015 δὲ
526 1988 606 2016 τοῦτο
628 1990 675 2017 καὶ
692 1991 767 2027 παρὰ
785 1991 824 2024 τῷ
848 1992 973 2028 μακαρίῳ

189 2031 269 2058 Δαυῖδ
288 2031 363 2068 εὕροι
376 2041 418 2064 τις
433 2033 466 2061 ἂν
473 2035 544 2061 κατὰ
553 2035 740 2071 ἀποσιώπησιν
751 2037 929 2073 σημαίνεσθαι
943 2038 974 2065 τὸ

192 2076 296 2112 (λέγων
308 2078 342 2114 »ἢ
356 2087 367 2104 ‹
376 2079 498 2114 λέγοντες
511 2090 520 2107 ι
539 2081 556 2116 ἦ
565 2089 591 2107 τι
603 2081 708 2108 τοιοῦτο
718 2089 727 2098 ·
748 2079 804 2111 οἷόν
833 2082 896 2110 ἐστι
928 2085 972 2115 τὸ»,

193 2123 267 2150 (Ἵνα
281 2124 308 2151 τί
320 2125 457 2160 ἐφρύαξαν
473 2126 536 2162 ἔθνη
556 2127 602 2153 καὶ
616 2126 677 2154 λαοὶ
691 2127 856 2163 ἐμελέτησαν
885 2130 969 2162 κενά;

190 2171 214 2197 ot
231 2170 349 2205 βασιλεῖς
362 2171 412 2206 τῆς
427 2173 490 2207 γῆς,
505 2173 552 2199 καὶ
562 2173 585 2199 ol
597 2172 726 2208 ἄρχοντες
738 2173 909 2209 συνήχθησαν
928 2174 976 2201 ἐπὶ

191 2215 221 2242 τὸ
237 2216 302 2242 αὐτὸ
315 2216 386 2243 κατὰ
405 2216 451 2243 τοῦ
467 2217 569 2253 Κυρίου
584 2218 632 2244 καὶ
648 2217 718 2244 κατὰ
729 2217 777 2244 τοῦ
793 2218 916 2254 Χριστοῦ.
925 2219 975 2246 αύ-

191 2261 237 2288 τοῦ
248 2270 255 2277 ·
278 2262 471 2298 Δωρῤήξωμεν
486 2263 549 2295 τοὺς
566 2263 682 2298 δεσμοὺς
698 2263 797 2296 αὐτῶν,
822 2264 868 2291 κα).
887 2265 975 2301 ἀποῤ-
989 2256 1014 2287 Ι)

193 2307 313 2343 ῥίψωμεν
326 2309 372 2342 ἀφ’
387 2308 465 2344 ήμῶν
477 2309 522 2335 τὸν
532 2309 613 2344 ζυγὸν
628 2309 732 2337 αὐτῶν·
753 2319 762 2336 ι
782 2310 829 2337 καὶ
842 2311 896 2346 γὰρ
909 2311 976 2338 κάν-

192 2353 277 2380 ταῦθα
297 2353 369 2380 κατὰ
377 2353 567 2390 ἀποσιώπησιν
579 2354 610 2381 τὸ
631 2364 640 2380 ι
650 2355 775 2389 λέγοντες
792 2365 802 2380 ›
815 2357 925 2388 νοεῖται,
936 2357 977 2389 εις

193 2399 306 2435 δήλωσιν
321 2399 372 2435 τῆς
385 2399 508 2435 γνώμης.
521 2400 579 2435 μεθ’
594 2398 629 2436 ἧς
639 2400 688 2436 τὴν
697 2401 855 2438 παράνομον
870 2403 977 2438 ἐκείνην

194 2444 347 2480 εἰργάζοντο
369 2445 482 2480 πρᾶξινε
501 2446 621 2473 τοιοῦτόν
643 2447 703 2473 ἐστι
730 2447 777 2473 καὶ
798 2447 838 2479 τὸ,
871 2457 880 2473 ι
905 2448 978 2484 Πρὸς

196 2489 290 2526 Κύριον
303 2492 331 2518 ὲν
343 2490 384 2526 τῷ
400 2490 537 2518 θλίϐεσθαι
556 2501 589 2527 με
608 2492 756 2528 ἐκέκραξα,
773 2494 820 2520 καὶ
835 2494 979 2529 είσήκουσέ

196 2545 245 2571 μου
255 2545 262 2552 ·
278 2536 373 2572 Κύριε,
391 2536 472 2572 ῥῦσαι
485 2537 534 2573 τὴν
549 2537 638 2573 ψυχήν
658 2547 708 2574 μου
729 2539 783 2566 ἀπὸ
796 2539 907 2574 χειλέων
920 2540 978 2568 ἀδί-

195 2590 249 2608 κων
257 2582 303 2609 καὶ
312 2582 365 2608 ἀπὸ
374 2582 499 2618 γλώσσης
507 2582 597 2614 δολίας
605 2591 612 2598 ·
629 2593 637 2608 ι
649 2584 720 2610 κατὰ
727 2584 916 2620 ἀποσιώπησιν
924 2585 978 2621 γὰρ

196 2627 332 2654 κάνταῦθά
350 2636 417 2663 φησι
441 2628 471 2654 τδ
486 2638 494 2654 ι
513 2628 611 2662 λέγων,
629 2638 638 2654 ι
657 2629 700 2655 ἵνα
764 2639 773 2654 ι
792 2630 863 2665 Πρὸς
878 2630 979 2666 Κύριον

197 2674 224 2700 ἐν
243 2674 280 2709 τῷ
296 2674 435 2701 θλίϐεσθαί
453 2683 487 2710 με
501 2674 638 2710 ἐκέκραξα
655 2674 758 2710 λέγων’
781 2676 877 2711 Κύριε,
900 2676 980 2711 ῥῦσαι

197 2718 243 2754 τὴν
255 2719 343 2756 ψυχήν
355 2728 407 2755 μου
418 2719 471 2746 ἀπὺ
483 2719 593 2755 χειλέων
605 2720 705 2748 ἀδίκων
723 2722 771 2747 καὶ
784 2721 837 2748 ἀπὸ
855 2721 981 2757 γλώσσης

197 2764 299 2797 δολιας·
319 2776 329 2792 ι
345 2766 385 2801 (p.
397 2765 460 2799 219)
472 2766 503 2792 τὸ
519 2766 575 2802 γὰρ
593 2775 603 2792 ι
625 2767 912 2802 εἱσήκουσέμου,ιδιὰ
934 2767 982 2802 μέ-

199 2816 244 2836 σου
265 2811 336 2838 κατὰ
361 2810 538 2838 ἀνταπόδοσιν
559 2811 666 2847 εἴρηται
687 2812 735 2839 τοῦ
763 2813 875 2844 παντός·
895 2812 982 2844 οὕτως

233 2910 254 2926 ⁸⁸
274 2908 346 2938 Psal.
379 2918 472 2944 XLVIII,
491 2911 517 2939 5.

1020 1624 1169 1659 colligeret.
1195 1623 1254 1651 imo
1273 1624 1335 1652 belli
1353 1624 1464 1660 gerendi
1483 1625 1580 1652 ducem
1605 1633 1636 1652 se
1662 1625 1720 1652 fore
1739 1625 1806 1652 reci-

1021 1673 1106 1703 peret.
1122 1667 1210 1696 Veluti
1226 1669 1309 1696 etiam
1324 1669 1420 1696 beatus
1432 1668 1516 1697 David
1533 1679 1546 1696 τι
1560 1679 1570 1694 ι
1582 1669 1650 1703 Quis
1664 1677 1706 1697 me
1717 1674 1807 1697 trans-

1017 1714 1090 1742 feret
1109 1714 1135 1741 iu
1157 1714 1250 1741 urbem
1275 1714 1364 1750 septi?
1394 1715 1456 1750 quis
1481 1723 1524 1742 me
1546 1714 1662 1743 deducet
1677 1723 1764 1750 usque
1779 1714 1806 1742 in

1022 1760 1186 1788 ldunueam?
1209 1768 1300 1788 nonne
1323 1764 1369 1792 tu,
1392 1761 1474 1794 Deus,
1487 1760 1534 1797 qui
1561 1769 1611 1789 nos
1634 1761 1777 1796 repulisti?
1796 1772 1804 1787 ι

1022 1805 1123 1841 Nempe
1149 1806 1196 1838 ait,
1217 1805 1300 1833 Deum
1326 1806 1378 1833 sibi
1400 1806 1497 1834 ducem
1524 1806 1646 1834 futurum
1675 1807 1807 1834 bellorum

1022 1856 1118 1879 contra
1129 1851 1284 1879 Idumaeam.
1302 1851 1380 1879 Hunc
1392 1852 1521 1887 loquendi
1534 1852 1643 1879 modum
1657 1853 1807 1880 observare

1023 1897 1085 1925 licet
1115 1897 1186 1932 apud
1211 1897 1320 1924 beatum
1348 1898 1472 1925 eumdem
1499 1897 1644 1930 Davidem,
1673 1905 1735 1925 cum
1762 1904 1810 1933 per

1024 1943 1194 1971 reticentiam
1224 1943 1401 1978 intelligitur,
1422 1952 1431 1969 ι
1450 1944 1545 1971 dicens
1558 1942 1781 1975 ivetcdicentes,
1797 1953 1807 1969 ι

1024 1993 1072 2016 aut
1097 1988 1198 2016 locutio
1221 1988 1366 2023 ejusmodi.
1393 1988 1616 2023 VelutiHQuare
1641 1990 1809 2017 fremuerunt

1024 2038 1130 2070 gentes,
1147 2038 1174 2062 et
1189 2034 1283 2070 populi
1305 2035 1430 2062 meditati
1452 2040 1517 2062 sunt
1533 2036 1647 2063 inania?
1664 2036 1811 2063 astiterunt

1024 2088 1103 2116 reges
1129 2085 1219 2113 teme,
1245 2084 1273 2108 et
1299 2081 1438 2116 principes
1459 2086 1645 2109 convenerunt
1670 2082 1696 2108 in
1725 2090 1810 2108 unum

1024 2127 1157 2155 adversus
1186 2126 1329 2154 Dominum
1353 2132 1380 2155 et
1413 2128 1543 2156 adversus
1566 2128 1704 2156 Christum
1737 2127 1809 2162 ejus.

1024 2173 1217 2208 Dirumpamus
1232 2173 1340 2201 vincula
1355 2181 1462 2207 eorum,
1472 2178 1498 2201 et
1511 2174 1686 2208 projiciamus
1701 2180 1715 2199 a
1732 2174 1811 2200 nobis

1025 2219 1118 2255 iugum
1140 2219 1261 2256 ipsorum
1274 2219 1308 2247 ⁸⁷.
1333 2229 1342 2245 ι
1361 2219 1430 2247 Nam
1451 2224 1478 2248 et
1502 2220 1547 2247 hic
1574 2227 1621 2254 per
1643 2219 1811 2246 reticentiam

1027 2274 1079 2294 vox
1096 2275 1105 2291 ι
1121 2265 1242 2293 dicentes
1255 2275 1264 2292 ι
1281 2265 1453 2301 intelligitur,
1473 2265 1507 2292 ad
1525 2265 1632 2292 consilii
1652 2265 1813 2300 patefactio-

1027 2320 1101 2344 nem,
1117 2320 1171 2347 quo
1186 2313 1299 2347 impium
1313 2312 1379 2339 illud
1393 2316 1573 2346 susceperunt
1586 2310 1701 2339 facinus.
1719 2310 1813 2338 Simile

1027 2362 1054 2386 et
1066 2357 1132 2385 illud
1150 2367 1157 2384 :
1176 2366 1186 2383 ι
1209 2356 1248 2384 Ad
1266 2357 1411 2384 Dominum
1429 2364 1491 2384 cum
1513 2356 1661 2383 tribularer
1683 2355 1811 2387 clamavi.

1027 2407 1055 2431 et
1074 2403 1212 2431 exaudivit
1233 2411 1286 2430 me.
1307 2402 1433 2434 Domine,
1448 2402 1533 2429 libera
1555 2402 1674 2429 animam
1694 2409 1780 2428 meam
1797 2409 1812 2428 a

1026 2449 1107 2477 labiis
1130 2449 1231 2484 iniquis
1252 2453 1278 2476 et
1293 2456 1309 2475 a
1322 2448 1413 2484 lingua
1426 2447 1531 2476 dolosa.
1547 2457 1556 2473 ι
1577 2447 1626 2475 Hic
1639 2455 1749 2482 quoque
1763 2447 1814 2475 sub

1027 2494 1166 2522 reticentia
1193 2494 1317 2522 innuitur
1348 2503 1355 2520 ι
1378 2493 1481 2521 dicens.
1512 2501 1521 2519 ι
1546 2492 1680 2520 Nimirum
1711 2502 1717 2520 :
1744 2503 1753 2519 ι
1772 2493 1814 2520 Ad

1026 2539 1170 2567 Dominum
1183 2548 1244 2568 cum
1255 2540 1402 2568 tribularer
1414 2539 1540 2570 clamavi,
1556 2539 1652 2567 dicens
1665 2549 1672 2566 :
1688 2539 1812 2570 Domine,

1027 2586 1112 2613 libera
1129 2586 1248 2613 animam
1268 2593 1356 2613 meam
1380 2592 1395 2612 a
1418 2585 1497 2613 labiis
1518 2585 1620 2619 iniquis
1640 2589 1669 2612 et
1684 2592 1700 2612 a
1720 2585 1814 2619 lingua

1029 2631 1136 2659 dolosa.
1160 2640 1169 2657 ι
1184 2630 1252 2658 Nam
1267 2631 1340 2665 quod
1358 2631 1477 2658 medium
1503 2630 1686 2665 interponitur
1702 2640 1711 2656 ι
1731 2638 1815 2658 exau-
1831 2622 1834 2626 v

1030 2677 1099 2704 divit
1112 2685 1165 2708 me.
1186 2686 1196 2703 ι
1212 2676 1239 2703 id
1252 2677 1361 2711 utrique
1372 2676 1495 2703 membro
1512 2676 1721 2710 responsionem
1739 2675 1815 2703 facit.

1032 2721 1079 2748 Sic
1104 2721 1187 2756 igitur
1213 2721 1266 2748 hoc
1292 2721 1352 2748 loco
1379 2720 1481 2751 dicit.¢
1496 2721 1705 2756 congregavisse
1731 2720 1816 2748 Deum

1033 2771 1138 2802 gentes,
1148 2777 1157 2794 ι
1167 2774 1216 2795 ceu
1223 2774 1288 2795 voce
1299 2766 1427 2802 quadam,
1441 2770 1577 2802 pnecepto
1594 2774 1654 2798 suo,
1667 2774 1769 2801 easque
1783 2766 1816 2792 ad

1036 2813 1134 2840 bellum
1159 2812 1281 2840 Idumam:
1306 2812 1476 2840 inferendum
1497 2812 1689 2840 concitavissc.
1718 2811 1818 2839 Deinde

556 2912 578 2928 "
605 2909 744 2944 l'sal.cvn,
767 2910 810 2937 li.
847 2910 868 2926 ⁸⁷
889 2909 962 2938 l’sal.
979 2917 1009 2943 ιι,
1031 2910 1054 2938 l.
