1972 3066
199 173 246 200 5H

784 176 957 206 TllEODORl
976 178 1218 208 MOPSUESTENI

1773 180 1828 210 διε

199 234 271 262 bello
286 234 369 262 veluti
385 233 497 267 indic‘to,
518 235 607 270 pergit
628 235 702 271 loqui
719 240 815 264 contra
829 237 982 267 ldumaaam.

1037 237 1084 266 οὖν
1105 239 1244 266 κάνταῦθα
1265 239 1357 274 λέγει·
1382 247 1392 265 1
1425 239 1486 266 Ὀτι
1505 238 1644 271 συνέλεξεν
1669 239 1684 266 ὁ
1704 238 1771 271 Θεδς
1792 239 1826 266 τὰ

200 279 263 313 ἔθνη
273 300 281 312 ,
292 279 400 316 »ὥσπερ
416 280 469 307 τινὶ
487 281 562 316 φωνῇ
583 280 622 316 τῷ
643 281 808 317 ὲπιτάγματι
829 283 868 318 τῷ
886 284 978 319 οἰκείῳ
994 283 1133 320 διεγείρων
1145 284 1243 316 αὐτοὺς
1258 285 1298 316 εἰς
1309 284 1356 311 τὸν
1370 283 1441 310 κατὰ
1461 283 1512 319 τῆς
1531 283 1680 319 Ἰδουμαίας
1697 283 1825 319 πόλεμονλ

199 323 260 351 εἶτα
276 325 314 357 ὡς
328 325 374 352 τὸν
389 325 507 361 πόλεμον
524 325 656 361 δηλώσας,
673 327 770 362 ἐπάγει
783 329 851 364 πρὸς
864 329 913 365 τὴν
932 330 1084 366 Ἰδουμαίαν
1101 331 1197 366 αὐτήν.

236 372 320 401 Vsus.
336 373 395 400 2-4.
410 389 445 394 -
461 383 470 399 1
490 373 560 401 Ecce
575 375 715 402 minimam
728 375 790 402 dedi
813 380 839 403 te
855 375 882 404 in
898 377 986 412 genti-

199 419 267 452 bus;
288 419 462 447 vehementer
483 424 638 454 contempta
656 428 697 448 es.
721 430 731 447 ι
747 421 842 457 Magna
866 423 924 454 tui,
942 423 986 450 itt-

200 465 278 499 quit,
292 465 365 492 caede
382 464 469 497 edita,
488 465 523 492 ad
538 465 673 494 modicam
689 471 716 494 te
728 473 836 502 gentem
853 467 985 503 redigam,

200 510 238 539 ita
259 513 289 538 ut
307 510 429 538 omnium
457 511 570 538 minima
597 512 656 544 ﬁas,
678 513 818 548 multaque
836 513 985 549 ignominia

201 557 324 588 noteris;
342 556 461 584 hostium
476 565 590 585 numero
605 565 746 593 oppressa,
761 563 843 594 atque
858 560 984 588 innume-

199 603 240 630 ris
261 603 341 631 malis
357 602 465 630 obruta.
484 602 613 636 Quaenam
634 611 717 639 porro
744 606 785 633 rei
808 613 892 633 causa
913 605 986 633 fuit?

203 659 212 672 ι
232 648 363 683 Superbia
377 649 468 676 cordis
488 650 527 676 tui
542 653 569 677 te
583 650 680 677 extulit
695 650 856 679 ineolentem
873 652 982 688 rupium

202 693 280 729 145
300 701 409 729 specus,
428 694 455 722 in
475 695 586 722 sublimi
600 696 758 723 habitaculo
775 701 904 729 stantem,
922 697 983 724 ani-

199 747 298 774 moque
318 744 365 767 tuo
383 741 560 768 volutantem.
574 740 642 774 Quis
664 749 707 769 me
725 742 752 769 in
769 746 869 770 terram
890 742 982 770 detra-

201 784 264 812 het?
278 796 286 811 ι
309 784 537 821 Quandoquidem
553 786 662 815 Idumaei
679 792 808 815 montana
825 788 853 816 in
873 788 982 824 regione

199 830 344 866 degebant,
359 832 410 859 hoc
422 831 480 859 fere
491 832 558 860 dicit
570 842 576 860 :
593 833 719 869 lugentes
733 833 878 862 admodum
899 835 982 869 spiri-

200 881 245 904 tus
254 877 337 912 geris,
349 877 413 912 quia
423 878 598 913 scopulorum
612 886 738 907 recessus
750 885 879 914 occupas,
892 879 984 914 ibique

201 921 351 955 spatiosam
368 928 400 948 ac
413 921 570 954 maximam,
588 926 619 948 ut
631 925 705 949 certe
718 922 872 954 arbitraris,
889 924 984 951 statio-

199 973 264 994 nem
291 971 390 994 tenes:
413 972 440 995 et
461 975 528 995 sane
543 967 680 995 neminem
704 967 762 995 fore
781 969 871 996 credis
890 969 938 1004 qui
958 974 985 997 te

202 1012 332 1047 presenti
352 1012 534 1048 prosperitate
548 1012 667 1048 dejicere
685 1017 778 1048 queat.
801 1013 983 1046 Quamobrem

199 1066 261 1092 qua:
286 1058 358 1085 dicta
376 1064 451 1090 sunt,
476 1058 603 1094 patieris;
620 1064 648 1086 ut
663 1058 766 1087 sentias
787 1058 886 1086 frustra
903 1063 983 1087 temet

200 1103 305 1138 aliquid
318 1111 379 1131 esse
392 1108 513 1139 putasse,
526 1104 610 1130 invita
623 1103 670 1131 Dei
683 1104 831 1132 voluntate.
847 1114 856 1130 1
871 1104 983 1133 Etiamsi

200 1149 298 1184 aquilae
312 1149 398 1177 instar
411 1149 464 1176 alta
485 1154 562 1184 petas
574 1169 581 1181 ,
599 1153 626 1177 et
643 1150 666 1177 si
681 1149 778 1177 mediis
800 1150 828 1177 in
842 1149 924 1177 astris
940 1150 983 1177 ni-

199 1193 265 1222 dum
280 1198 402 1227 statuas,
419 1195 496 1222 illinc
512 1202 561 1230 ego
586 1199 613 1222 te
633 1194 790 1226 detraham,
812 1194 879 1222 dicit
895 1195 983 1222 Domi-

200 1248 261 1268 nus.
283 1249 293 1266 ι
312 1241 441 1269 Sublimis
472 1240 570 1268 feraris
593 1241 668 1273 licet,
698 1241 796 1276 aquilae
819 1248 894 1268 more
923 1249 983 1276 quae

199 1289 306 1313 montes
319 1286 497 1320 supervolare
511 1285 607 1321 procul
621 1285 708 1319 solet;
727 1286 754 1313 in
769 1285 867 1313 mediis
886 1293 983 1320 quam-

201 1331 242 1358 vis
256 1330 393 1358 sideribus
408 1331 501 1367 glorias
514 1335 568 1358 tua:
584 1331 742 1367 magnitudo
763 1335 790 1359 te
801 1331 925 1365 collocet,
941 1331 982 1359 vi-

199 1377 276 1403 ribus
287 1376 356 1405 meis
373 1376 486 1405 minime
500 1376 631 1409 obsistes,
644 1376 737 1404 statim
753 1384 785 1404 ac
799 1380 826 1404 te
837 1376 982 1405 deturbare

199 1421 319 1448 voluero.

1075 378 1148 414 Στίχ,
1163 378 1234 413 β’-δ,
1248 392 1284 398 ——
1300 386 1310 403 1
1336 377 1402 404 Ἰδοὺ
1419 377 1557 411 ὀλιγοστὸν
1565 376 1669 404 δέδωκά
1679 385 1709 403 σε
1723 377 1752 403 ὲν
1768 377 1826 409 τοῖς

1039 425 1160 452 ἔθνεσιν·
1182 424 1353 460 ἠτιμωμένος
1369 421 1395 450 εἴ
1421 423 1453 450 σὺ
1476 423 1587 459 σφόδρα.
1611 432 1620 451 t
1642 423 1746 458 Πολλὴν
1765 431 1824 456 σου,

1039 470 1115 505 φησὶ,
1135 468 1179 496 διὰ
1198 469 1252 496 τῶν
1272 468 1409 504 πολεμίων
1431 468 1481 504 τὴν
1502 468 1609 503 σφαγήν
1627 467 1824 504 ἐργασάμενος.

1038 517 1078 548 εἰς
1097 515 1203 550 ὀλίγους
1224 523 1271 541 σου
1290 514 1447 550 περιστήσω
1464 514 1495 540 τὺ
1516 513 1608 546 ἔθνος·
1627 513 1697 540 ὥστε
1716 514 1824 540 πάντων

1038 563 1181 594 ἐλάττονας
1203 560 1272 589 εἷναι
1295 563 1343 588 καὶ
1360 562 1390 589 ὲν
1411 561 1508 598 ἀτιμίᾳ
1533 561 1698 588 καθεστάναι
1721 561 1822 597 πολλῇ·

1035 607 1074 639 ὡς
1087 608 1139 634 ὑπὸ
1154 608 1260 635 πολλῶν
1274 616 1304 635 τε
1321 607 1572 643 πεπολιορκημένον
1591 607 1637 633 καὶ
1650 606 1757 642 μυρίοις
1775 615 1824 634 πε-

1038 652 1198 688 ριϐληθέντα
1217 654 1329 685 κακοῖς·
1352 650 1410 679 εἶτα
1430 651 1473 684 τίς
1501 653 1517 687 ή
1537 652 1626 684 αἰτία;
1647 660 1656 676 1
1681 651 1712 678 Ἦ
1739 651 1824 685 ὑπερ-

1036 698 1139 734 ηφανία
1154 698 1204 733 τῆς
1216 697 1330 733 καρδίας
1346 705 1392 724 σου
1416 697 1501 732 ἐπῆρε
1512 704 1542 723 σε
1552 694 1776 731 κατασκηνῶντα
1794 695 1823 721 ἐν

1035 745 1096 776 ταῖς
1108 744 1188 776 ὀπαῖς
1197 743 1251 770 τῶν
1264 743 1381 779 πετρῶν.
1399 742 1474 778 ὑψῶν
1493 743 1542 779 τὴν
1561 741 1700 768 κατοικίαν
1719 739 1802 767 αὑτοῦ
1813 748 1820 755 ·

1035 790 1121 825 λέγων
1138 791 1167 816 ἐν
1182 791 1215 825 τῇ
1234 789 1332 824 καρδίᾳ.
1347 788 1444 816 αὑτοῦ·
1458 787 1507 820 Τίς
1525 796 1559 823 με
1578 787 1689 820 κατάξει
1709 788 1755 814 ἐπὶ
1772 786 1822 822 τὴν

1035 835 1104 871 γῆνς
1122 845 1133 862 ι
1148 835 1255 870 Ἐπειδὴ
1264 835 1318 870 γὰρ
1330 834 1417 869 δρειον
1427 833 1515 869 ᾤκουν
1526 833 1619 870 χώραν
1631 834 1655 860 οἰ
1669 833 1821 869 Ἰδουμαῖοι,

1036 881 1136 916 μᾶλλον
1151 881 1230 907 τοῦτο
1238 881 1320 915 λέγει.
1340 881 1381 907 ὅτι
1397 880 1536 915 ’Δμέτρως
1551 878 1676 914 ἐπήρθης
1693 878 1742 915 τὴν
1760 878 1819 905 διά-

1033 934 1118 958 νοιαν,
1137 927 1166 952 έν
1180 926 1342 953 καταδύσεσι
1361 926 1409 960 μὲν
1428 924 1510 952 οἰκῶν
1529 924 1647 960 πετρῶν,
1671 924 1770 960 πολλὴν
1793 923 1821 951 δέ

1035 980 1082 999 σου
1099 971 1146 999 καὶ
1166 971 1307 1007 μεγίστην,
1324 971 1362 1003 ὡς
1375 971 1441 1006 ῷου,
1455 970 1612 1005 πεποιηκὼς
1630 969 1679 1005 τὴν
1694 971 1799 1004 οἴκησιν
1811 977 1820 986 ο

1033 1019 1081 1045 καὶ
1090 1018 1122 1053 δὴ
1136 1018 1183 1044 καὶ
1192 1018 1314 1052 οἰόμενος
1328 1018 1376 1044 οὐκ
1394 1018 1426 1045 ἂν
1443 1025 1512 1044 ποτε
1528 1016 1636 1043 ἔσεσθαι
1648 1016 1693 1042 τὸν
1706 1015 1821 1051 δυνάμε-

1033 1064 1079 1091 νόν
1092 1072 1121 1090 σε
1136 1064 1185 1099 τῆς
1195 1063 1350 1099 προσούσης
1366 1063 1490 1090 ἐκὸαλεῖν
1503 1062 1655 1097 εὐπραγίας
1665 1069 1671 1077 ·
1696 1061 1765 1096 ὑπὲρ
1783 1056 1821 1087 ὧν

1033 1110 1065 1145 δὴ
1076 1110 1157 1145 πείσῃ
1169 1109 1204 1136 τὰ
1213 1109 1357 1144 εἰρημένα,
1370 1108 1412 1135 ῐνα
1422 1108 1504 1144 αἴσθῃ
1515 1108 1603 1143 μάτην
1621 1108 1742 1142 οἰόμενος
1752 1104 1820 1132 εἷναί

1032 1164 1058 1182 τι
1078 1155 1152 1187 θείας
1171 1155 1405 1191 ἀντιπραττούσης
1430 1154 1538 1190 βουλῆς.
1562 1154 1599 1189 (p.
1623 1153 1685 1187 220)
1713 1162 1721 1178 1
1756 1151 1820 1179 Ἐὰν

1035 1200 1219 1236 μετεωρισθῇς
1248 1201 1286 1232 ὡς
1312 1201 1399 1233 ἀετὸς,
1430 1200 1477 1226 καὶ
1501 1199 1549 1226 ἐὰν
1579 1199 1629 1226 ἀνὰ
1660 1199 1740 1234 μέσον
1765 1197 1820 1224 τῶν

1032 1246 1140 1282 ἄστρων
1159 1246 1208 1281 θῇς
1230 1246 1339 1272 νοσσιὰν
1355 1254 1413 1278 σου,
1433 1246 1537 1272 ἐκεῖθεν
1562 1244 1670 1278 κατάξω
1687 1252 1726 1276 σε,
1747 1243 1821 1277 λέγει

1032 1292 1143 1327 Κύριος.
1163 1301 1173 1318 ›
1189 1292 1270 1318 Ὥστε
1287 1291 1337 1318 κᾶν
1352 1291 1430 1318 ἀετοῦ
1441 1291 1518 1327 δίκην
1536 1291 1576 1322 εἰς
1591 1290 1656 1325 ὕψος
1674 1289 1771 1326 apem,
1790 1289 1821 1320 ὃς

1033 1338 1100 1365 πολὺ
1119 1337 1173 1364 τῶν
1190 1337 1262 1372 όρῶν
1281 1337 1482 1373 ὑπερίπτασθαι
1500 1336 1615 1371 πέφυκε,
1631 1336 1677 1362 καὶ
1693 1337 1721 1363 ἐν
1745 1335 1820 1370 μέσῳ

1032 1383 1087 1410 τῶν
1095 1383 1202 1419 ἄστρων
1211 1383 1255 1410 διὰ
1263 1384 1312 1420 τὴν
1321 1383 1473 1419 ὑπερϐολὴν
1479 1383 1529 1418 τῆς
1537 1381 1712 1418 περιφανείας
1723 1381 1820 1408 σαυτὸν

1031 1430 1222 1465 καταστήσῃς,
1245 1429 1295 1456 οὐκ
1318 1429 1446 1464 ἀρκέσεις
1470 1428 1539 1463 πρὸς
1561 1429 1612 1464 τὴν
1636 1427 1751 1463 δύναμιν
1770 1426 1820 1462 τὴν

1031 1475 1112 1511 ἐμὴν,
1126 1475 1164 1502 ὅτ’
1177 1476 1210 1502 div
1224 1483 1253 1501 σε
1268 1475 1411 1510 κατασπᾷν
1431 1474 1524 1501 ἐθέλω.

235 1513 318 1542 Vsus.
336 1513 396 1541 5-7.
407 1527 443 1534 —
458 1521 468 1539 1
490 1512 519 1540 Si
539 1512 613 1541 fures
624 1513 657 1541 ad
678 1517 705 1541 te
715 1513 853 1542 venissent
869 1518 982 1542 noctur-

1068 1521 1141 1556 Στιχ.
1160 1519 1230 1552 ε’-ξ,
1250 1535 1286 1540 -
1305 1529 1315 1546 1
1340 1520 1372 1547 El
1386 1519 1500 1546 κλέπται
1517 1518 1640 1554 εἰσῆλθον
1659 1517 1727 1553 πρὸς
1741 1517 1780 1550 σὲ,
1795 1518 1820 1544 εἰ

199 1561 262 1588 nive
289 1560 426 1592 latrones,
457 1559 567 1586 ubinam
592 1559 712 1594 projecta
745 1559 866 1588 fuisses?
892 1568 983 1588 nonne

200 1606 282 1634 furati
301 1609 393 1633 essent
417 1604 581 1633 sufﬁcientia
592 1605 666 1633 sibi?
681 1605 714 1632 Et
732 1605 755 1632 si
771 1605 983 1634 viudemiatores

199 1652 233 1680 ad
251 1656 278 1679 te
294 1651 411 1687 ingressi
433 1651 566 1683 fuissent.
583 1659 673 1678 nonne
690 1651 739 1678 tibi
764 1659 902 1679 racemum
920 1652 983 1680 reli-

199 1697 345 1733 quissent?
356 1696 498 1731 Quomodo
508 1697 640 1724 lustratus
649 1701 691 1724 est
703 1697 786 1730 Esau,
799 1697 982 1732 deprehensa-

199 1752 253 1779 que
280 1747 345 1771 sunt
367 1743 475 1770 occulta
494 1742 601 1777 ejus?»
620 1741 648 1769 Si
680 1742 756 1770 fures
782 1742 884 1777 aliqui.
912 1743 982 1770 clam

199 1794 281 1817 noctu
306 1789 391 1816 furari
418 1787 492 1816 soliti
512 1787 540 1815 in
565 1787 678 1814 domum
704 1791 778 1814 tuam
807 1788 980 1823 irrupissem.

201 1834 295 1869 paucis
317 1834 432 1869 direptis
460 1833 578 1860 fortasse
600 1832 812 1867 discessissent;
837 1837 866 1860 tu
891 1837 982 1861 tamen

199 1879 410 1915 haudquaquam
425 1878 529 1906 adibus
551 1878 647 1914 pulsus
664 1878 781 1912 fuisses;
798 1878 852 1906 tuis
868 1879 941 1906 enim
957 1883 983 1906 te

200 1925 303 1954 laribus
324 1925 342 1952 ii
367 1925 415 1960 qui
440 1924 514 1952 furto
530 1923 709 1952 tumultuario
731 1924 836 1960 aliquid
850 1924 983 1960 diripiunt

199 1972 318 2007 spoliare
338 1980 393 1999 non
415 1975 538 2007 possent.
562 1970 628 1998 item
649 1971 721 2005 siqui
741 1971 884 1999 vindemiae
899 1979 982 1999 causa

199 2019 307 2045 vineam
331 2017 504 2048 introissent.
529 2017 709 2045 nihilominus
734 2021 837 2052 partem
862 2017 982 2052 aliquam

199 2063 306 2092 fructus
323 2063 351 2090 in
369 2062 423 2090 vite
437 2063 624 2098 reliquissent.
649 2062 842 2089 Verumtamen
856 2063 894 2090 rei
908 2069 984 2090 nunc

199 2111 250 2138 tibi
268 2115 405 2138 eventum
426 2109 479 2137 alia
502 2110 572 2137 ratio
594 2112 636 2137 est
657 2118 664 2136 :
686 2109 879 2144 supervenient
909 2109 982 2136 enim

199 2158 308 2189 hostes,
325 2157 372 2192 qui
390 2161 532 2192 tantopere
556 2156 596 2183 tui
617 2156 772 2191 potientur,
788 2161 818 2183 ιιι
829 2155 922 2183 omnia
937 2161 983 2182 tua

199 2203 326 2234 scrutati,
339 2202 408 2230 nihil
421 2202 480 2234 tibi,
494 2201 667 2229 reconditum
680 2201 753 2233 licet.
768 2202 906 2229 incolume
920 2209 983 2230 esse
998 2196 1020 2223 υ

199 2250 301 2277 sinant.
328 2248 402 2276 Adeo
426 2252 526 2275 cuncta
547 2248 576 2274 in
597 2255 691 2275 eorum
715 2251 877 2282 potestatem
901 2248 983 2275 deve-

200 2296 286 2328 nient,
302 2295 349 2330 qui
367 2294 498 2329 quidquid
513 2293 620 2321 libitum
637 2292 720 2321 fuerit
734 2293 906 2328 depopulati,
924 2298 982 2321 tum

199 2342 309 2369 demum
343 2339 501 2368 abscedent.
529 2339 633 2367 Deinde
667 2341 703 2367 ob
728 2339 792 2366 mali
822 2341 983 2374 gravitatem

199 2387 390 2415 declarandam
402 2387 440 2414 ait
457 2395 465 2414 :
484 2395 493 2412 1
509 2386 604 2421 Usque
618 2385 653 2413 ad
670 2386 804 2413 terminos
821 2389 884 2413 tuos
902 2385 984 2413 dimi-

200 2437 295 2461 serunt
308 2436 334 2459 te
345 2432 398 2459 viri
416 2439 513 2459 omnes
529 2431 641 2459 ftederis
659 2431 719 2464 tui;
733 2431 902 2459 obsisterunt
918 2431 982 2465 tibi;

200 2479 273 2506 vires
285 2486 350 2506 suas
365 2482 463 2505 contra
480 2482 506 2506 te
525 2477 713 2505 intenderunt.
732 2486 742 2503 ι
759 2476 810 2510 Qui
826 2477 888 2512 jure
905 2476 984 2512 156

199 2524 327 2551 amicitiae
350 2524 493 2559 mutuique
512 2523 632 2559 praesidii
659 2528 749 2551 tecum
766 2527 845 2550 antea
865 2523 982 2558 copulati

199 2574 290 2603 erant,
306 2571 398 2598 statim
415 2577 448 2598 ac
461 2570 625 2598 calamitatis
643 2574 696 2597 tuae
709 2570 868 2605 gravitatem
889 2578 983 2597 sense-

200 2616 267 2648 rint,
291 2615 324 2643 ad
348 2615 467 2643 hostium
492 2620 583 2651 partes
605 2616 775 2648 transibunt;
799 2623 917 2650 cumque
940 2615 983 2643 his

199 2660 394 2698 conspirantes
406 2661 507 2688 finibus
522 2660 578 2688 tuis
592 2666 619 2689 te
633 2661 801 2696 propellent,
816 2661 880 2688 dum
899 2660 984 2688 hosti-

200 2706 254 2734 bus
271 2705 469 2741 gratitlcantur,
485 2711 566 2741 atque
582 2706 610 2734 in
622 2707 806 2742 captivitatem
822 2707 981 2736 extrudent.

199 2751 234 2780 Hi
249 2752 314 2780 totis
327 2752 431 2780 viribus
443 2752 672 2785 adversabantur,
687 2757 769 2788 atque
782 2753 908 2781 hostibus
920 2761 983 2788 sup-

201 2799 289 2833 petias
301 2797 399 2826 ferent.
417 2797 446 2826 Id
458 2799 547 2834 ipsum
565 2798 630 2825 alibi
647 2799 738 2826 denuo
755 2798 821 2826 dicit
835 2808 841 2825 :
861 2808 869 2824 1
887 2798 981 2826 llomi-

203 2853 252 2872 nes
277 2845 317 2872 tui
337 2844 460 2880 paciﬁci,
489 2844 536 2880 qui
557 2849 646 2872 tecum
665 2845 754 2880 epulis
773 2845 981 2876 accumbebaut,

203 2889 319 2918 insidias
347 2890 396 2918 tibi
424 2890 635 2918 collocaverunt.
664 2889 742 2918 Nulla
770 2895 812 2918 est
839 2890 982 2926 prudentia

1033 1567 1131 1602 λῃσταὶ
1149 1566 1256 1599 νυκτὸς,
1276 1565 1327 1593 ποῦ
1345 1565 1378 1593 ἀν
1397 1565 1570 1601 ἀπερῥίφης;
1591 1564 1641 1591 οὐκ
1655 1564 1687 1590 ἃν
1703 1563 1820 1598 ἔκλεψαν

1032 1612 1068 1639 τὰ
1079 1612 1159 1640 ἰκανά
1175 1611 1285 1644 abacis;
1299 1611 1346 1638 καὶ
1364 1612 1388 1638 εἰ
1404 1611 1538 1647 τρυγηταὶ
1556 1609 1680 1643 εἰσῆλθον
1691 1609 1759 1645 πρὸς
1778 1608 1819 1640 σὲ,

1033 1659 1083 1685 οὐκ
1109 1659 1142 1686 ἂν
1162 1658 1333 1685 ὑπελίποντο
1366 1657 1540 1692 ἐπιφυλλίδα;
1569 1656 1628 1688 πῶς
1658 1655 1820 1691 ἐξερευνήθη

1037 1704 1135 1736 Ἡσαῦ,
1149 1705 1195 1732 καὶ
1214 1704 1371 1740 κατελήφθη
1391 1703 1474 1730 αὐτοῦ
1493 1703 1526 1730 τὰ
1545 1702 1741 1739 κεκρυμμένα;
1762 1710 1772 1728 ι
1788 1701 1820 1728 El

1034 1750 1083 1786 μὲν
1099 1748 1145 1777 οὗν
1160 1750 1273 1777 κλέπται
1290 1750 1362 1782 τινὲς
1376 1750 1401 1776 οἱ
1412 1749 1561 1785 λεληθότως
1574 1750 1602 1776 ἐν
1615 1750 1675 1781 ταῖς
1693 1748 1752 1780 νυξὶ
1772 1747 1819 1783 λῃ-

1033 1796 1138 1823 στεύειν
1157 1796 1279 1828 εἰωθότες
1292 1797 1331 1827 εἰς
1347 1795 1396 1832 τὴν
1423 1795 1510 1822 οἰκίαν
1530 1794 1689 1829 ἐπεισῆλθον
1699 1793 1747 1829 τὴν
1760 1793 1818 1829 σὴν,

1032 1841 1136 1877 βραχέα
1153 1841 1214 1868 τινὰ
1234 1841 1372 1873 λαϐόντες,
1391 1841 1471 1876 τυχὸν
1486 1840 1597 1875 ἐξῆλθον
1613 1840 1646 1867 ἀν
1657 1848 1663 1856 ·
1685 1840 1716 1866 σὺ
1728 1839 1757 1865 δὲ
1769 1839 1820 1866 οὐκ

1034 1887 1067 1914 ἂν
1085 1887 1240 1923 ἁπερῤίφης
1257 1887 1306 1921 τῆς
1326 1887 1424 1920 οἰκίας,
1448 1885 1542 1922 ἐπειδὴ
1559 1886 1608 1921 τῆς
1632 1884 1766 1921 οἰκήσεώς
1789 1893 1819 1912 σε

1033 1934 1192 1969 ἀποστερεῖν
1212 1934 1236 1960 οἱ
1253 1933 1297 1961 διὰ
1318 1933 1444 1969 λῃστείας
1461 1932 1496 1959 τὰ
1519 1932 1704 1968 προστυχόντα
1724 1931 1818 1966 ἀφελό-

1035 1987 1110 2015 μενοι
1135 1979 1185 2006 οὐκ
1206 1979 1352 2014 ἠδύναντο·
1374 1978 1421 2006 καὶ
1442 1979 1489 2005 ἐπὶ
1509 1977 1612 2014 τρύγην
1641 1977 1668 2004 δέ
1688 1986 1759 2009 τινες
1780 1978 1820 2008 εἰς

1033 2026 1184 2061 ἀμπελῶνα
1207 2025 1420 2061 εἰσεληλυθότες,
1445 2025 1553 2056 πάντως
1579 2025 1611 2051 ἀν
1639 2033 1699 2051 τινα
1714 2023 1820 2059 καρπὸν

1034 2072 1178 2099 κατέλιπον
1194 2073 1224 2099 ἐν
1237 2073 1297 2104 ταῖς
1308 2071 1439 2108 ἀμπέλοις
1449 2078 1457 2086 ⁸
1471 2071 1502 2098 τὸ
1515 2072 1543 2098 δέ
1557 2079 1587 2104 γε
1599 2070 1646 2097 νῦν
1656 2079 1697 2097 σοι
1712 2069 1819 2105 συμῦη-

1034 2117 1147 2152 σόμενον
1169 2117 1199 2143 οὑ
1222 2116 1342 2144 τοιοῦτον
1357 2116 1450 2143 ἔσται·
1463 2115 1652 2142 ἐπελεύσονται
1670 2115 1723 2151 γὰρ
1741 2114 1820 2141 πολέ-

1036 2171 1092 2197 μιοι
1106 2162 1130 2188 οἳ
1143 2162 1270 2189 τοσοῦτόν
1285 2171 1331 2189 σου
1347 2163 1612 2198 κατακρατήσουσιν,
1628 2160 1698 2187 ὥστε
1711 2160 1818 2188 ἄπαντα

1035 2208 1259 2243 ἐξερευνήσαντες
1272 2208 1306 2235 τὰ
1319 2208 1454 2244 προσόντα
1469 2216 1520 2240 σοι,
1546 2207 1612 2243 μηδέ
1629 2207 1682 2234 τῶν
1695 2215 1818 2242 κεκρυμ-

1036 2253 1124 2289 μένων
1143 2254 1270 2288 ἀκέραιον
1288 2253 1397 2288 ἁφεῖναί
1417 2261 1444 2280 τι
1467 2253 1544 2288 παρὰ
1568 2253 1624 2279 σοί·
1643 2253 1714 2279 οὕτω
1730 2253 1819 2279 πάντα

1034 2299 1087 2326 ὑπὸ
1102 2300 1152 2336 τὴν
1177 2299 1300 2333 ἐξουσίαν
1318 2300 1394 2326 ἔσται
1416 2299 1465 2335 τὴν
1487 2299 1607 2330 ἐκείνων,
1630 2299 1667 2334 (p.
1691 2299 1754 2333 221)
1771 2299 1819 2325 καὶ

1034 2345 1123 2372 πάντα
1147 2344 1277 2372 δοκοῦντα
1307 2344 1502 2372 ἀπελεύσονται
1528 2345 1670 2377 λαϐόντες·
1696 2343 1754 2370 εἶτα
1779 2345 1818 2376 εἰς

1033 2391 1143 2426 ἔλεγχον
1165 2391 1215 2425 τῆς
1239 2391 1391 2422 ἐπιτάσεως
1420 2391 1468 2418 τοῦ
1498 2390 1600 2418 κακοῦν
1627 2400 1636 2416 1
1665 2391 1737 2422 Ἕως
1764 2389 1818 2417 τῶν

1035 2437 1116 2472 ὁρίων
1130 2445 1177 2463 σου
1194 2435 1385 2469 ἐξαπέστειλάν
1401 2444 1430 2462 σε
1444 2435 1543 2468 πάντες
1554 2437 1578 2462 οἱ
1595 2435 1688 2470 ἄνδρες
1701 2435 1748 2470 τῆς
1758 2435 1818 2462 δια·

1036 2481 1122 2516 θήκης
1138 2488 1200 2507 σου·
1219 2481 1386 2516 ἀπέστησάν
1403 2489 1454 2513 σοι,
1474 2480 1644 2516 ἠδυνήθησαν
1663 2479 1730 2516 πρὸς
1741 2480 1781 2506 σέ.
1806 2489 1816 2506 ι

1035 2527 1091 2554 Καὶ
1114 2527 1168 2562 γὰρ
1187 2527 1234 2554 καὶ
1256 2528 1280 2553 οἰ
1302 2527 1434 2563 πρότερον
1453 2527 1596 2563 συνθήκας,
1609 2526 1699 2562 φιλίας
1721 2535 1751 2554 τε
1772 2527 1820 2554 καὶ

1036 2572 1192 2607 συμμαχίας
1201 2571 1308 2607 ἔχοντες
1317 2572 1385 2608 πρὸς
1399 2573 1439 2605 σὲ,
1450 2572 1611 2608 θεασάμενοί
1626 2581 1672 2598 σου
1683 2573 1731 2608 τῆς
1746 2580 1818 2608 συμ-

1035 2618 1122 2652 φορᾶς
1134 2617 1164 2644 τὸ
1182 2617 1305 2652 μέγεθος,
1328 2618 1400 2644 οὕτω
1414 2619 1464 2654 τῆς
1487 2618 1541 2645 τῶν
1563 2618 1689 2645 ἐναντίων
1712 2618 1818 2645 ἔσονται

1037 2664 1144 2699 μοίρας,
1159 2663 1229 2690 ὥστε
1253 2672 1283 2690 σε
1299 2664 1347 2691 σὺν
1364 2664 1477 2696 ἐκείνοις
1492 2664 1600 2691 πάντων
1617 2664 1749 2700 ὲξωθῆναι
1764 2665 1818 2692 τῶν

1033 2709 1115 2743 ὁρίων
1129 2709 1184 2736 τῶν
1197 2710 1261 2742 σῶν,
1272 2711 1363 2747 χάριτι
1378 2710 1578 2746 τῶνπολεμίων
1592 2712 1639 2738 ἐπὶ
1655 2712 1703 2747 τὴν
1718 2712 1818 2746 αἰχμα-

1034 2756 1135 2783 λωσίαν
1159 2755 1312 2788 ὠθοῦντας·
1342 2757 1366 2783 οἶ
1393 2757 1441 2783 καὶ
1466 2758 1669 2792 ἁντιστήσονταί
1690 2767 1746 2790 σοι,
1772 2759 1816 2786 καὶ

1035 2800 1193 2836 δυνήσονται
1208 2803 1263 2834 τοῖς
1282 2802 1419 2838 πολεμίοις
1433 2803 1654 2838 συμπράττοντες
1674 2802 1732 2835 τοῖς
1745 2805 1816 2835 σοῖς·

1036 2847 1083 2873 καὶ
1096 2846 1126 2873 τὸ
1140 2847 1205 2874 αὑτὸ
1222 2847 1302 2874 πάλιν
1316 2849 1418 2883 ἑτέρως
1440 2848 1539 2882 λέγων·
1559 2858 1569 2874 1
1591 2849 1703 2884 Ἄνδρες
1717 2849 1818 2883 εἰρηνι-

1037 2892 1079 2919 κιιί
1095 2900 1141 2920 σου
1156 2893 1180 2919 οἱ
1196 2893 1380 2926 συνεσθίσντές
1394 2894 1564 2930 σοι,-ῑθηκαν
1582 2893 1677 2930 ἔνεδρα
1690 2893 1819 2920 ὑποκάτω
