1973 3066
145 174 200 202 313

735 175 925 204 COMMENTA
931 175 1012 204 RIUS
1030 174 1064 203 IN
1079 174 1220 204 ABDIAH.

1721 178 1776 206 διδ

145 243 193 262 σου
205 243 212 250 ·
228 234 280 261 οὐκ
295 233 354 261 ἐστι
374 233 498 267 σύνθεσις
512 235 542 261 ἐν
557 235 642 271 αὐτῷ.
667 245 677 262 ι
694 236 727 262 οι
741 236 832 271 φιλίαν
849 237 938 263 ἀσπα-

993 235 1062 270 ejus.
1080 243 1090 261 ›
1107 234 1159 268 Qui
1174 240 1263 262 tecum
1279 234 1400 263 amicitia
1410 235 1512 271 juncti,
1524 235 1665 263 communi
1681 243 1776 263 mensa

145 281 254 317 ζόμενοι
261 280 331 317 πρὸς
341 281 371 308 σὲ
385 281 431 308 καὶ
445 281 517 308 ἀλῶν
528 290 570 308 σοι
584 282 785 315 κοινωνοῦντες,
801 282 878 310 αὐτοί
895 291 937 310 σοι

144 327 241 363 λόχους
255 327 413 362 ὑφανοῦσιν,
438 328 478 359 εἰς
496 327 633 355 ἀπώλειαν
653 328 775 362 ἀγοντες,
793 329 886 364 ἐπειδὴ
902 329 937 356 δι’

145 373 368 409 ὐπρὸἀλλουσαν
390 374 481 401 ἀνοιαν
503 373 564 400 οὐδὲ
583 374 732 411 διακρίνειν
762 376 825 408 τοὺς
853 376 937 408 δντως

145 419 240 455 φίλους
256 419 402 446 ἐπίστασαι
420 419 475 446 τῶν
491 419 607 455 ἐχθρῶν.

180 465 256 501 Στίχ.
277 467 465 501 η’-ια¹.-ι“Εν
489 466 581 503 ἐκείνῃ
600 468 633 502 τῇ
657 467 759 503 ἡμέρᾳ,
783 468 857 503 λέγει
880 469 937 495 Κύ-

145 519 213 546 ριος,
229 511 324 538 ἀπολῶ
345 512 444 546 σοφοὺς
459 512 491 538 ἐκ
513 512 563 547 τῆς
580 511 742 548 Ἰδουμαίας,
764 514 811 541 καὶ
828 514 937 542 σύνεσιν

144 557 174 590 ἐξ
188 556 272 592 ὅρους
298 557 400 584 Ἡσαῦ·
426 558 474 584 καὶ
487 558 686 594 πτοηθήσονται
705 560 730 586 οἱ
749 560 869 595 μαχηταί
889 569 936 588 σου

144 603 177 629 ἐκ
194 602 314 638 Θαιμὰν,
325 603 400 635 ὅπως
414 603 514 640 ἐξαρθῇ
529 604 672 640 ἄνθρωπος
688 605 718 638 ἐξ
736 606 816 641 ὅρους
837 606 935 640 Ἠσαῦ,

143 648 188 675 διὰ
207 648 257 685 τὴν
272 650 378 684 σφαγὴν
398 650 444 677 καὶ
457 650 506 685 τὴν
520 651 647 677 ἀσέϐειαν
668 651 718 687 τὴν
736 653 776 684 εἰς
797 652 844 679 τὸν
860 653 937 679 ἀδελο

145 693 197 728 φόν
213 702 260 720 σου
284 693 379 721 Ἰακώὸ
390 703 397 710 ο
414 695 461 721 καὶ
478 694 593 730 καλύψει
614 703 644 721 σε
665 695 791 732 αἰσχύνη,
816 696 855 730 (p.
872 696 936 732 222)

145 748 195 767 και
212 739 350 777 ἐξαρθήσῃ
365 741 405 772 εἰς
419 741 465 767 τὸν
478 741 572 768 αἰῶνα.
596 751 606 768 ι
631 742 806 769 Ἀτωλοῦνται
819 743 851 778 δὴ
868 743 937 770 πάν-

145 794 192 818 τες
199 787 224 812 οἰ
239 787 268 813 ἐν
284 786 348 821 ὑμῖν
363 786 428 822 περὶ
440 787 473 814 τά
489 787 625 823 πολεμικά
639 788 715 823 σοφοί
731 797 761 815 τε
771 789 818 815 καὶ
829 789 937 816 δυνατοί

145 840 219 865 τινας
237 831 383 868 αὐχοῦντες
402 831 487 860 εἷναι·
515 833 542 860 οἵ
564 842 594 860 τε
619 834 691 869 μέγα
709 833 871 869 φρονοῦντες
891 835 938 861 ἐπὶ

147 879 209 910 ταῖς
225 878 324 913 μάχαις
342 879 371 904 ἑν
384 877 502 914 Θαιμὰν,
513 880 531 914 ἡ
550 879 664 915 μεγίστη
680 879 736 906 τῶν
749 880 853 907 πόλεων
868 878 936 908 εἶναι

145 924 221 950 δοκεῖ
233 925 287 951 τῶν
304 913 460 960 ὑμετέρων·
483 913 641 960 νικηθέντες
658 913 707 962 ’τῷ
719 927 796 962 φόϐῳ
815 926 869 954 τῶν
889 928 938 954 ἐπε-
953 913 974 943 Β

146 967 316 1002 εληλυθότων
345 970 438 997 κακῶν
459 971 499 1002 εἰς
514 971 628 1006 πτόησιν
651 972 868 1007 καταστήσονται
891 974 939 1001 καὶ

146 1014 248 1041 δειλίαν
258 1023 265 1030 ·
281 1015 398 1052 τοσαύτη
414 1016 469 1044 τῶν
484 1016 636 1052 ἀνθρώπων
656 1017 779 1046 ἀπώλεια
795 1021 939 1055 γενήσεται

147 1060 201 1087 τῶν
217 1061 370 1098 ὑμετέρων,
395 1063 465 1099 ὑπὲρ
483 1059 519 1090 ὧν
544 1063 621 1090 αὐτοὶ
637 1065 700 1096 τοὺς
724 1065 855 1100 ἀδελφοὺς
876 1067 939 1098 τοὺς

150 1105 230 1137 ἰδίους
246 1107 278 1133 ἐκ
291 1107 339 1134 τοῦ
363 1107 461 1134 Ίακὼὸ
480 1108 650 1143 κατάγοντας
666 1109 697 1136 τὸ
717 1109 803 1144 γένος,
818 1110 848 1142 ὃς
861 1111 938 1137 ἁδελ-

149 1152 197 1185 φὸς
208 1149 243 1188 ἧν
257 1153 304 1180 τοῦ
319 1154 453 1190 ὑμετέρου
473 1155 619 1190 προγόνου,
638 1157 807 1192 παρανόμοις
827 1157 940 1184 ἐκδεδώ-

147 1207 210 1226 κατε
246 1202 301 1231 ταῖς
325 1203 458 1236 σφαγαῖς·
488 1202 558 1237 ὑπὲρ
582 1202 614 1237 δὴ
642 1202 744 1230 τούτων
772 1197 886 1238 αἰσχύνη
909 1212 938 1230 τε

148 1244 354 1283 περιδληθήσῃ,
384 1247 431 1273 καὶ
453 1246 572 1282 παντελῆ
596 1246 646 1282 τὴν
676 1247 814 1274 ἀπώλειαν
835 1247 939 1282 ὑπομε-

147 1292 212 1324 νεῖς.
239 1301 250 1318 t
283 1293 342 1328 Ἀφ’
363 1291 397 1329 ἡς
419 1293 525 1330 ἡμέρας
549 1293 681 1329 ἀντέστης
702 1294 732 1327 ἐξ
758 1294 881 1326 ἐναντίας
909 1294 938 1320 ἐν

148 1338 238 1374 ἡμέρᾳ
260 1339 519 1374 αἰχμαλωτευόντων
535 1339 687 1375 ἀλλογενῶν
701 1339 815 1376 δύναμιν
837 1339 919 1367 αὑτοῦ
929 1347 938 1355 ’

148 1385 193 1410 καὶ
214 1384 351 1420 ἀλλότριοι
362 1385 486 1421 εἰσῆλθον
497 1387 536 1418 εἰς
554 1385 641 1418 πύλας
654 1385 748 1420 αὐτοῦ,
767 1386 814 1413 ἐπὶ
840 1386 939 1421 Ἰερου-

149 1431 238 1466 σαλὴμ
255 1431 352 1458 ἔϐαλον
367 1432 496 1468 κλήρους.
512 1430 561 1461 καῖ
569 1434 602 1460 σὺ
612 1431 647 1468 ἦς
659 1433 697 1464 ὡς
711 1431 753 1464 εἷς
765 1433 794 1466 ἐξ
811 1432 911 1460 αὐτῶν.
926 1442 936 1460 ι

148 1476 207 1502 Τῶν
223 1476 252 1503 δὲ
270 1477 493 1514 ἐπελευσομένων
503 1486 544 1504 σοι
555 1479 648 1505 κακῶν
664 1478 695 1511 ἐξ
710 1478 815 1505 ἐκείνου
834 1478 938 1511 δέδεξαι

147 1524 196 1559 τὴν
207 1524 357 1559 ἀπόφασιν.
377 1525 451 1558 ἐξότε
464 1533 518 1560 περ
532 1524 641 1552 τοιαῦτα
660 1525 731 1552 κατὰ
742 1525 797 1552 τῶν
817 1524 939 1559 ἀδελφῶν

147 1570 319 1619 τετόλμηκας
410 1571 519 1619 οἰκείων
531 1571 600 1619 ’.ὅτε
617 1570 670 1619 μιν
686 1571 820 1607 ἀλλότριοι
841 1571 939 1602 αὐτοὺς
952 1590 974 1619 C

148 1616 338 1651 αἰχμαλώτους
347 1616 510 1652 ἐλάμϐανον,
521 1616 553 1643 σὺ
566 1616 594 1643 δὲ
608 1616 740 1652 ἀντία-της
753 1617 784 1649 ἐξ
796 1617 921 1647 ἐναντίας
929 1625 937 1632 ·

149 1663 192 1689 ἵνα
207 1663 284 1698 εἴπῃ·
311 1661 356 1688 Ἐν
370 1663 403 1698 τῇ
426 1662 480 1688 τῶν
491 1662 596 1698 ἐχθρῶν
609 1662 706 1696 ἔταξας
723 1663 819 1689 σαυτὸν
832 1662 939 1698 μερίδι·

148 1709 194 1734 καὶ
211 1708 368 1742 ἀλλογενεϊς
387 1708 436 1743 μὲν
453 1708 542 1734 αὐτῶν
559 1708 599 1740 εἴς
614 1717 643 1735 τε
662 1708 712 1741 τὰς
734 1708 830 1740 λοιπὰς
850 1707 941 1739 πόλεις

149 1754 287 1790 εἰσῄεσαν,
308 1755 355 1782 καὶ
371 1754 439 1790 πρὸς
459 1756 518 1786 ταῖς
534 1755 652 1787 λοιπαῖς,
669 1755 716 1782 καὶ
739 1755 789 1791 τὴν
810 1756 942 1791 Ἰερουσα-

149 1800 222 1836 λὴμ·
257 1802 306 1828 καὶ
332 1801 363 1836 δὴ
388 1801 436 1828 καὶ
459 1800 552 1836 κλήρῳ
581 1800 615 1828 τὰ
645 1801 739 1828 ἐνόντα
773 1801 942 1836 διενείμαντο

149 1847 236 1873 πάντα
246 1854 254 1862 ’
274 1847 307 1873 σὺ
321 1846 350 1873 δὲ
364 1845 516 1878 ἐκοινώνεις
535 1847 591 1878 τοῖς
607 1846 720 1873 τοιαῦτα
740 1845 886 1881 τολμῶσιν.

184 1894 258 1929 Στίχ.
278 1893 366 1928 ιβ’-ιδ’.
381 1908 417 1913 ——
433 1903 442 1918 t
462 1893 518 1920 Καὶ
532 1893 570 1929 μὴ
587 1892 681 1928 ἐπίδῃς
702 1893 810 1928 ἡμέραν
825 1891 955 1928 ἀδελφοῦ·

151 1947 196 1966 σοι
211 1940 240 1965 ἐν
254 1940 348 1975 ἡμέρᾳ
370 1939 527 1974 ἀλλοτρίων·
557 1946 596 1974 (p.
610 1939 676 1974 “225)
695 1940 742 1965 καὶ
761 1938 797 1974 μὴ
814 1940 940 1974 ἐπίχαιρε

151 1985 196 2010 ἐπὶ
207 1985 271 2016 τοὺς
288 1985 362 2016 υἱοὺς
381 1984 469 2011 Ἰούδα.
479 1985 508 2011 ὲν
523 1984 614 2020 ἡμέρᾳ
628 1983 764 2013 ἀπωλείας
779 1983 878 2010 αὐτῶν·
895 1984 943 2010 καὶ

153 2031 188 2066 μὴ
215 2030 497 2067 μγαλορρημονήσῃς
528 2031 556 2056 ἐν
585 2030 677 2065 ἡμέρᾳ.
701 2029 817 2064 θλίψεως
840 2029 942 2055 αὐτῶν·

154 2077 218 2113 μηδὲ
229 2077 354 2113 εἰσέλθῃς
368 2078 406 2108 εἰς
424 2076 510 2106 πύλας
520 2076 591 2102 λαῶν
602 2077 630 2102 ἐν
640 2076 731 2111 ἡμέρᾳ.
743 2076 831 2102 πόνων
841 2076 941 2102 αὐτῶν·

152 2124 198 2150 καὶ
215 2124 253 2160 μὴ
268 2123 364 2160 ἐπίδῃς
387 2123 434 2149 καὶ
448 2124 480 2150 σὺ
496 2123 543 2149 ἐπὶ
563 2123 613 2158 τὴν
628 2121 789 2156 συναγωγὴν
806 2121 896 2148 αὐτῶν
913 2122 942 2148 ἐν

153 2169 241 2206 ἡμέρᾳ
253 2169 365 2204 ὀλέθρου
381 2168 480 2199 αὐτῶν,
503 2167 570 2204 μιηδὲ
597 2166 727 2203 συνεπιθῇ
744 2167 790 2193 ἐπὶ
805 2166 852 2202 τὴν
863 2165 941 2193 δύνα-

154 2225 197 2250 μιν
210 2215 301 2242 αὐτῶν
315 2215 343 2240 ἐν
353 2214 444 2249 ἡμέρᾳ
456 2213 594 2245 ἀπωλείας
606 2212 695 2239 αὐτῶν
708 2221 714 2228 ·
735 2213 802 2248 μηδὲ
827 2213 942 2248 ἐπιστῇς

990 281 1148 313 utebantur,
1176 280 1392 310 machinationes
1411 282 1461 310 tibi
1485 286 1646 310 struxerunt
1667 289 1728 316 qua
1747 283 1776 308 in

988 328 1138 363 perniciem
1150 328 1362 363 ducerent,quia
1370 335 1419 362 pro
1430 333 1476 355 tua
1490 336 1596 356 summa
1611 328 1728 356 stultitia
1743 335 1777 355 ne

988 382 1136 410 germanos
1164 374 1274 410 quidem
1296 375 1399 402 amicos
1422 375 1456 402 ab
1479 375 1599 403 inimicis
1619 375 1777 403 discernere

987 422 1071 449 nosti.

1024 466 1107 494 νεεδ.
1122 466 1198 494 8-H.
1210 481 1247 488 -—
1263 475 1273 492 ι
1294 465 1342 494 Illa
1365 465 1419 498 die,
1443 466 1533 501 inquit
1557 465 1701 498 Dominus,
1715 473 1777 501 pes-

988 521 1050 541 sutn
1074 513 1145 541 dabo
1171 512 1308 547 sapientes
1332 512 1359 539 in
1382 512 1520 544 Idumaza.
1548 511 1717 539 intellectum
1748 513 1776 539 in

988 564 1080 588 monte
1097 559 1168 587 Esau
1184 569 1191 586 :
1206 559 1303 586 cadent
1317 559 1465 587 bellatores
1485 559 1524 586 tui
1547 567 1563 587 e
1585 558 1724 589 Thmman,
1740 559 1777 585 ita

988 609 1019 633 ut
1044 605 1243 634 exterminetur
1270 605 1352 632 homo
1375 613 1409 632 ex
1434 608 1527 632 monte
1550 603 1641 635 'Esau,
1666 609 1778 639 propter

988 652 1089 680 caedem
1115 655 1197 686 atoue
1217 651 1367 686 nequitiam
1393 657 1475 686 quam
1502 650 1529 678 in
1553 649 1640 677 Jacob
1664 649 1778 677 fratrem

988 704 1065 726 tuum
1091 699 1236 727 exseruisti
1253 707 1260 725 :
1280 698 1429 733 ignominia
1454 697 1609 732 oppleberis
1621 715 1629 728 .
1651 700 1734 730 atque
1748 695 1777 722 in

988 748 1121 771 internum
1145 743 1290 772 deleberis.
1315 753 1324 769 ι
1348 743 1415 770 Leto
1438 742 1603 770 occumbeut
1621 741 1779 776 quicunque

989 791 1059 825 apud
1074 798 1123 818 vos
1136 791 1174 818 rei
1192 790 1295 817 bellica
1315 787 1394 822 periti
1408 787 1579 815 ferunturvel
1591 787 1779 815 fortitudinem

987 836 1110 871 iactant;
1135 837 1236 872 quique
1261 835 1362 872 praeliis
1382 835 1409 862 iu
1427 833 1556 861 Thaemon
1577 833 1704 868 pugnatis
1722 832 1780 867 glo-

988 883 1112 916 riantur,
1129 890 1190 918 qua>
1211 882 1330 909 maxima
1352 881 1459 908 videtur
1477 879 1587 908 urbium
1607 883 1779 909 vestrarum;

990 928 1016 955 hi
1039 933 1111 956 metu
1131 928 1293 956 instantium
1310 927 1445 954 malorum
1467 926 1566 957 fracti.
1582 926 1690 952 animos
1707 924 1780 951 ultro

988 974 1206 1009 despondebuut.
1233 973 1322 1001 Tanta
1350 974 1396 1001 fiet
1422 973 1522 1000 civium
1542 976 1696 999 vestrorutn
1720 971 1780 997 cla-

989 1022 1057 1050 des!
1075 1026 1217 1057 propterea
1235 1022 1308 1057 quod
1325 1021 1376 1056 ipsi
1399 1021 1500 1048 fratres
1511 1023 1632 1050 vestros,
1650 1026 1682 1045 ex
1695 1015 1780 1044 Jacob

989 1068 1157 1104 progenitos,
1174 1067 1222 1103 qui
1241 1067 1324 1095 vestri
1350 1066 1534 1102 progenitoris
1554 1072 1701 1100 germanus
1716 1063 1778 1094 fuit.

990 1113 1135 1141 immeritis
1150 1113 1275 1140 cladibus
1288 1111 1428 1139 affecistis.
1444 1110 1560 1142 Idcirco,
1574 1110 1698 1144 inquam,
1717 1116 1780 1143 pro-

990 1160 1039 1186 bro
1055 1159 1263 1190 sulfundemini,
1279 1165 1495 1193 supremumque
1510 1157 1624 1184 exitium
1656 1155 1778 1182 adibitis.

992 1214 1001 1230 ι
1030 1204 1067 1231 Ex
1093 1212 1147 1239 quo
1174 1203 1218 1231 die
1247 1204 1422 1231 adversarius
1449 1202 1620 1234 constitisti;
1653 1207 1708 1236 quo
1735 1200 1781 1227 die

989 1250 1148 1286 alienigena
1178 1249 1206 1277 in
1232 1250 1417 1285 captivitatem
1447 1243 1606 1285 redigebant
1629 1247 1779 1283 potentiam

988 1296 1073 1331 ejus;
1105 1295 1284 1330 extraneique
1316 1295 1542 1331 ingrediebantur
1574 1298 1669 1330 portas
1703 1292 1779 1327 ejus.

989 1350 1126 1377 superque
1142 1341 1331 1377 Hierosolyma
1347 1347 1436 1369 sortes
1449 1341 1610 1373 mittebant;
1628 1343 1658 1366 tu
1669 1346 1781 1376 quoque

989 1396 1051 1416 eras
1078 1392 1210 1423 tauquam
1231 1396 1305 1416 unus
1327 1395 1361 1416 ex
1383 1387 1449 1415 illis.
1477 1397 1486 1413 ι
1505 1386 1704 1414 Erenturorum
1731 1384 1780 1412 tibi

990 1435 1125 1462 malorum
1145 1442 1179 1462 eo
1206 1439 1330 1469 tempore
1349 1441 1461 1462 causam
1486 1433 1535 1460 tibi
1558 1431 1723 1462 conciliasti.
1746 1437 1779 1458 ex

989 1488 1045 1516 quo
1066 1480 1199 1508 adversus
1220 1479 1321 1508 fratres
1347 1483 1411 1508 tuos
1433 1479 1496 1506 talia
1513 1478 1604 1506 facere
1623 1485 1708 1504 ausus
1725 1483 1756 1504 es
1772 1485 1779 1504 :

990 1535 1053 1554 cum
1071 1527 1197 1554 extranei
1217 1527 1331 1554 servitio
1352 1533 1401 1554 eos
1427 1525 1631 1560 mancipabaut,
1651 1522 1729 1558 1&7
1752 1526 1781 1550 ta

990 1581 1023 1600 ex
1036 1572 1153 1600 adverso
1167 1572 1348 1603 constiteras,
1365 1571 1391 1598 id
1406 1574 1450 1598 est
1464 1574 1490 1598 te
1505 1570 1533 1597 in
1553 1569 1674 1597 hostium
1691 1570 1782 1604 partes

990 1620 1162 1654 conjeceras.
1179 1619 1281 1652 Utique
1294 1617 1454 1652 alienigenae
1466 1620 1580 1644 cunctas
1596 1615 1688 1646 urbes,
1700 1619 1782 1649 atqoe

990 1665 1018 1693 in
1041 1665 1083 1692 his
1107 1665 1311 1700 Hierosolyma.
1335 1666 1556 1698 occupaverunt;
1583 1660 1782 1694 manubiasquc

992 1711 1116 1739 sortibus
1128 1711 1300 1743 diviserunt;
1318 1713 1346 1737 tu
1360 1716 1425 1736 vero
1439 1708 1506 1735 talia
1522 1707 1681 1735 audentium
1698 1705 1784 1742 parti-

991 1764 1056 1793 ceps
1068 1764 1140 1784 eras.

1028 1892 1112 1921 Vens.
1142 1891 1234 1919 ἰΞ-ΙΔ.
1251 1905 1287 1912 -—
1304 1899 1313 1916 t
1332 1889 1425 1925 Neque
1454 1889 1592 1924 despicias
1622 1887 1717 1915 fratris
1743 1887 1783 1914 tui

994 1941 1077 1973 diem,
1105 1939 1132 1967 iu
1149 1939 1194 1966 die
1213 1938 1449 1972 alienigenarum;
1467 1942 1557 1970 neque
1577 1934 1677 1961 laeteris
1699 1940 1783 1968 super

991 1987 1068 2015 Iudae
1102 1985 1166 2013 ﬁliis
1184 1985 1211 2012 in
1229 1984 1274 2011 die
1294 1983 1370 2010 ferali
1385 1989 1490 2014 eorum;
1508 1988 1596 2016 neque
1607 1979 1725 2014 superbe
1743 1978 1783 2006 lo-

992 2032 1088 2068 quaris
1104 2032 1131 2058 in
1146 2031 1190 2058 die
1207 2029 1373 2056 calamitatis
1385 2035 1498 2059 eorum;
1517 2034 1606 2062 neque
1621 2024 1786 2061 ingrediaris

996 2082 1090 2114 portas
1111 2076 1274 2112 populorum
1290 2075 1318 2101 in
1333 2074 1378 2101 die
1398 2073 1486 2101 cladis
1504 2080 1617 2106 eorum;
1635 2079 1724 2106 neque
1741 2070 1786 2097 de-

994 2124 1097 2160 spicias
1119 2121 1362 2157 congregationem
1383 2127 1480 2148 eorum
1500 2120 1528 2146 in
1549 2119 1593 2146 die
1617 2125 1674 2153 quo
1691 2117 1786 2144 interi-

996 2171 1082 2203 bunt;
1103 2175 1192 2203 neque
1211 2167 1351 2194 inveharis
1370 2165 1398 2194 in
1419 2166 1569 2202 potentiam
1584 2171 1679 2192 eorum
1695 2163 1722 2190 in
1739 2162 1785 2190 die

994 2224 1050 2252 quo
1067 2216 1211 2252 peribunt;
1230 2222 1318 2249 neque
1333 2215 1443 2242 steteris
1459 2215 1486 2241 in
1499 2213 1619 2241 exitibus
1632 2219 1738 2242 eorum.
1755 2214 1786 2238 ut

152 2262 196 2288 ἐπὶ
217 2263 266 2293 τὰς
285 2261 425 2292 διεκϐολὰς
447 2259 536 2287 αὐτῶν
553 2259 740 2295 ἐξολοθρεῦσαι
756 2259 819 2290 τοὺς
837 2259 940 2286 ἀνασω-

995 2262 1143 2290 evadentes
1158 2260 1273 2295 perdas;
1289 2267 1377 2294 neque
1391 2259 1482 2294 fugam
1498 2265 1592 2286 eorum
1610 2256 1744 2292 impedias
1757 2254 1785 2282 in

152 2307 281 2342 ζομένους
292 2307 322 2339 ἐξ
334 2306 433 2336 αὐτῶν.
449 2305 515 2341 μηδὲ
540 2305 703 2341 συγκλείσῃς
716 2304 780 2336 τοὺς
793 2303 943 2339 φεύγοντας

153 2353 240 2380 αὐτῶν
261 2355 290 2380 ὲν
309 2353 401 2389 ἡμέρᾳ
417 2352 542 2387 Θλίψεως.
565 2361 575 2378 ι
598 2351 635 2378 Τὸ
660 2360 669 2376 t
689 2351 726 2386 μὴ
742 2351 836 2387 ἐπίδῃς
854 2359 863 2376 ι
882 2350 944 2377 ἀντὶ⁵

153 2400 209 2432 τοῦ,
224 2400 282 2427 Ἴνα
298 2400 335 2435 μὴ
353 2398 488 2434 ἐφησθῇς,
504 2399 594 2432 λέγει·
613 2398 670 2424 Ἱνα
688 2397 725 2433 μὴ
742 2397 839 2428 ταῦτα,
856 2397 939 2432 φησι,

153 2448 241 2482 ποιῇς·
253 2445 407 2477 ἀκολούθως
419 2445 473 2481 γὰρ
483 2446 538 2476 τοῖς
549 2444 695 2480 ἀνωτέροις
709 2444 796 2470 εἰπεῖν
809 2442 942 2478 βούλεται,

154 2494 193 2520 ὃτι
218 2492 304 2529 ’Υπὲρ
322 2492 424 2519 τούτων
438 2490 534 2523 δώσεις
546 2490 634 2526 δίκην,
648 2491 695 2516 καὶ
709 2489 759 2525 τὴν
771 2488 944 2524 μηνυομένην

155 2539 300 2574 ίπομενεῖς
308 2536 442 2574 τιμωρίαν
451 2545 458 2551 ·
475 2536 568 2572 ἐπειδὴ
579 2536 726 2572 ἐπέχαιρες
736 2536 796 2566 ταῖς
805 2533 853 2561 τοῦ
866 2533 944 2561 ἀδελ-

156 2585 205 2620 φοῦ
222 2585 386 2620 συμφοραῖς·
402 2583 464 2611 καθ’
479 2583 509 2610 ὃν
523 2583 621 2609 ἐκεῖνοι
639 2581 734 2617 καιρὸν
752 2581 802 2617 τὴν
821 2580 874 2607 ὑπὸ
889 2579 943 2607 τῶν

155 2631 302 2666 ἀλλοτρίων
317 2630 453 2665 ὑπέμενον
472 2628 619 2656 ἀπώλειαν·
637 2627 684 2655 καὶ
701 2628 730 2654 ἐν
745 2627 878 2662 ἀνάγκαις
893 2627 943 2653 αὺ-

155 2677 207 2703 τὼν
223 2677 424 2712 ἐξεταζομένων
436 2675 570 2710 ἐφθέγγου
585 2675 705 2711 ῥήματα,
713 2671 757 2702 οἷα
770 2674 844 2705 εἰκὸς
854 2674 900 2699 ἐπὶ
910 2675 942 2709 τῇ

156 2723 245 2750 αὐτῶν
260 2723 391 2758 ἡδόμενος
415 2722 547 2757 ἀπωλείᾳ·
577 2722 608 2748 τὸ
626 2721 680 2757 γὰρ
705 2731 714 2747 t
737 2720 945 2756 μεγαλορρημο-

156 2770 239 2805 νήσῃς
257 2779 267 2795 ι
283 2768 363 2796 τοῦτο
378 2767 463 2802 λέγει·
477 2768 526 2794 καὶ
538 2767 567 2794 ἐν
583 2767 716 2802 ἀνάγκαις
731 2766 815 2793 ὄντων
832 2766 944 2792 ἐκείνων

159 2815 259 2849 εἰσῄεις
277 2815 324 2841 καὶ
335 2814 417 2845 αὐτὸς
437 2814 476 2846 εἰς
490 2813 539 2849 τὴν
550 2813 626 2840 πόλιν
639 2812 708 2849 μετὰ
719 2813 773 2839 τῶν
787 2812 899 2844 λοιπῶν,
910 2812 945 2838 τὰ

160 2861 319 2897 ἐνδεχόμενα
338 2860 413 2888 κακᾶ
436 2860 569 2896 διαθήσων
591 2860 698 2892 αὐτούς·
715 2859 766 2886 κᾶν
786 2858 813 2885 εἰ
831 2867 903 2890 τινες
916 2858 946 2885 δὲ

160 2907 247 2936 αὐτῶν
257 2907 398 2942 διαφυγεῖν
413 2914 469 2938 πως
484 2905 622 2941 ἠδύναντο,
640 2905 690 2942 τὴν
707 2905 845 2941 σωτηρίαν
858 2904 945 2940 τούτῳ

995 2307 1040 2334 die
1056 2306 1216 2334 calamitoso
1229 2313 1335 2332 eorum.
1355 2313 1364 2330 ι
1383 2303 1500 2331 Verbum
1516 2313 1526 2329 ι
1543 2302 1679 2338 despicias
1696 2311 1705 2328 ι
1724 2308 1785 2336 pro.

995 2352 1035 2381 Ne
1053 2351 1209 2384 delecteris,
1225 2354 1351 2386 usurpat,
1378 2349 1405 2377 id
1425 2353 1486 2378 est:
1506 2348 1579 2377 Cave
1599 2348 1666 2375 talia
1688 2347 1784 2375 facias.

997 2398 1194 2434 Superioribus
1208 2397 1280 2425 enim
1298 2404 1455 2425 consonans
1469 2395 1561 2427 dictis,
1576 2393 1715 2430 significat
1727 2393 1787 2421 fore

996 2449 1028 2472 ut
1052 2452 1149 2480 pmnas
1173 2451 1223 2479 pro
1249 2444 1293 2471 his
1320 2442 1463 2470 maleﬁciis
1486 2441 1547 2471 des.
1573 2439 1787 2476 praedictamque

996 2490 1263 2518 animadversionem
1279 2489 1413 2524 perferas,
1424 2488 1489 2522 quia
1502 2487 1609 2514 ltetatus
1620 2494 1651 2514 es
1668 2485 1784 2512 fratrum

996 2540 1107 2564 tuorum
1124 2535 1249 2563 adversis
1264 2534 1388 2568 casibus,
1405 2540 1461 2568 quo
1477 2536 1600 2568 tetupore
1612 2531 1639 2559 hi
1655 2532 1689 2559 ab
1703 2530 1788 2559 hosti-

996 2583 1049 2611 bus
1073 2582 1254 2610 vastabantur
1276 2590 1284 2608 :
1308 2580 1430 2615 dumque
1453 2579 1588 2615 angustiis
1608 2581 1785 2607 vexarentur.

995 2629 1078 2657 Verba
1098 2628 1253 2661 elfutiehas,
1276 2635 1337 2662 quae
1355 2627 1444 2655 solent
1465 2626 1483 2653 ii
1511 2626 1558 2662 qui
1587 2625 1677 2653 alieno
1701 2624 1787 2652 exitio

997 2675 1126 2710 gaudent.
1157 2673 1214 2701 Hoc
1240 2674 1312 2700 enim
1335 2672 1473 2708 significat
1498 2681 1507 2698 t
1527 2671 1646 2707 superbe
1671 2671 1755 2706 loqui.
1774 2680 1784 2696 ι

997 2721 1086 2755 Atque
1102 2720 1129 2747 in
1147 2726 1242 2747 eorum
1267 2719 1406 2753 pressuris
1424 2722 1452 2745 tu
1470 2718 1565 2745 urbem
1580 2724 1647 2744 cum’
1661 2717 1786 2745 hostibus

998 2766 1209 2801 ingretliebaris,
1225 2770 1255 2792 ut
1270 2764 1386 2792 fratrum
1403 2765 1509 2792 cladem
1526 2771 1652 2799 augeres.
1667 2762 1745 2796 Quod
1762 2762 1785 2790 si

998 2813 1045 2848 qui
1069 2812 1138 2840 forte
1153 2811 1224 2838 viam
1242 2811 1312 2845 fugae
1329 2810 1568 2842 nanciscerentur,
1583 2810 1610 2836 in
1631 2816 1684 2844 qua
1704 2808 1786 2835 unice

998 2865 1074 2893 spem
1093 2857 1190 2885 salutis
1211 2857 1395 2889 collocabanl,
1418 2857 1469 2885 llos
1489 2860 1518 2884 tu
1543 2863 1652 2892 quoque
1671 2854 1785 2891 perdere

999 2903 1142 2940 satagebas
1156 2911 1163 2936 ;
1177 2903 1289 2939 capiens
1307 2903 1436 2931 nimirum
1459 2902 1602 2939 profugos,
1622 2908 1654 2928 ac
1669 2899 1769 2936 punico
