1981 3073
188 178 242 206 515

759 177 937 206 THEODORI
957 176 1201 205 MOPSUESTENI

1761 174 1815 207 3m

191 238 264 265 tibus
278 237 399 266 tradens.
416 236 472 265 lloc
483 238 558 266 enim
570 238 715 274 significat,
731 247 740 264 ι
754 238 847 275 Neque
862 239 972 268 steteris

1037 239 1184 276 πορίζεσθαι
1209 237 1429 275 προσδοκῶντες,
1460 237 1506 264 καὶ
1530 235 1642 267 τούτους
1670 234 1815 263 ἀπολλύειν

192 283 218 310 in
240 283 360 311 exitibus
377 291 484 316 eorum.
501 289 530 311 ut
544 285 690 312 evadentes
705 285 812 319 perdas.
829 293 916 320 neque
928 285 972 312 fu-

189 336 250 362 gam
270 335 364 355 eorum
389 328 522 363 impedias
541 329 568 356 in
588 329 633 357 die
656 329 819 357 calamitatis
833 337 936 357 eorum.
960 338 970 355 ι

190 374 280 407 Atque
307 373 404 400 horum
427 373 564 402 dictorum
594 374 731 409 generalis
755 374 891 401 sententia
915 373 973 400 haec

190 421 242 450 cst,
258 419 321 453 quia
341 418 456 446 fratrum
479 423 588 447 tuorum
604 419 787 447 lsraelitarum
802 419 886 446 exitio
897 418 974 446 laeta-

191 469 235 491 tus
253 472 301 497 es;
326 465 390 500 quia
413 467 553 501 suppetias
579 466 705 494 hostibus
730 470 826 493 contra
847 465 909 493 illos
931 470 973 492 tu-

192 509 266 541 listi,
286 510 420 545 malisque
442 512 600 539 eorumdem
620 511 731 546 gavisus
755 519 805 544 es;
822 514 904 546 atque
925 517 973 537 eos

193 562 242 589 pro
259 554 391 584 facultate
405 563 450 584 tua
468 557 637 585 detrimentis
656 557 790 590 aii'ecisti;
805 556 909 584 idcirco
925 563 974 591 pa-

194 604 281 628 ratum
302 602 350 629 tibi
365 604 422 630 lues
433 603 607 637 supplicium.
622 602 713 636 Quare
727 603 802 630 addit
815 611 822 630 :

1023 285 1186 317 ἑσπούδαζες
1198 303 1206 317 ,
1221 283 1475 319 συλλαμὼνόμενός
1496 290 1526 308 τε
1540 282 1603 312 τοὺς
1618 279 1768 316 φεύγοντας
1785 281 1815 313 ἐξ

1023 328 1112 355 αὐτῶν
1125 330 1171 355 καὶ
1186 328 1351 364 παραδιδοὺς
1372 327 1504 362 τιμωρίᾳ·
1525 326 1604 353 τοῦτο
1619 325 1674 361 γὰρ
1688 325 1762 359 λέγει
1772 327 1812 357 τὸ,

1027 383 1036 400 ι
1059 373 1104 409 Μὴ
1120 375 1233 410 ἐπιστῇς
1246 374 1292 400 ἐπὶ
1302 374 1352 405 τὰς
1366 373 1507 404 διεκϐολὰς
1517 371 1607 399 αὐτῶν
1624 370 1817 406 ὲξολοθρεῠσαι

1023 420 1085 451 τοὺς
1097 420 1319 454 ἀνασωζομένους
1333 419 1363 452 se
1375 418 1518 452 αὐτῶν,(ρ.
1530 417 1593 452 224)
1609 417 1675 452 μηδὲ
1688 416 1816 451 συγκλεί-

1026 472 1076 501 σῃς
1101 466 1164 497 τοὺς
1177 465 1327 500 φεύγοντας
1350 464 1439 492 αὐτῶν
1455 465 1484 490 ὲν
1501 463 1595 499 ἡμέρᾳ.
1613 462 1738 498 θλίψεως·
1752 470 1762 488 ι
1781 462 1815 488 δι’

1025 511 1093 537 ὅλων
1106 510 1265 546 βουλόμενος
1281 512 1376 543 εἰπεῖν,
1391 511 1432 538 ὅτι
1456 509 1540 546 ’Υπὲρ
1557 506 1595 537 ὧν
1610 509 1696 544 ἦσθης
1722 508 1770 536 ὲπ).
1780 510 1817 544 τῇ

1026 556 1079 583 τῶν
1102 556 1275 592 Ἰσραηλιτῶν
1292 556 1414 592 ἀπωλείᾳ
1427 555 1548 590 ἀδελφῶν
1576 555 1660 583 δντων
1682 554 1746 587 σῶν,
1770 555 1817 582 καὶ

1032 602 1064 638 δὴ
1080 603 1129 629 καὶ
1143 604 1198 634 τοῖς
1213 603 1351 638 πολεμίοις
1376 601 1547 638 συνέπραξας
1564 601 1625 628 κατ’
1642 600 1747 632 αὐτῶν,
1769 601 1817 627 καὶ

195 644 282 682 ⁴ἵλσθης
299 646 346 673 ἐπὶ
368 647 424 677 τοῖς
445 646 535 672 αὐτῶν
559 648 671 679 κακοῖς,
696 647 835 681 διαφόροις
855 654 885 672 τε
903 645 1002 677 αὐτοὺς
1023 647 1070 673 καὶ
1092 647 1172 679 αὐτὸς
1194 647 1265 674 κατὰ
1289 647 1340 682 τὴν
1363 647 1466 674 οἰκείαν
1485 646 1600 682 δύναμιν
1617 646 1818 682 περιϐέϐληκας

195 695 251 724 τοῖς
271 693 364 723 κακοῖς
374 711 381 723 ,
398 692 467 726 ὑπὲρ
483 691 584 718 τούτων
599 691 631 727 δὴ
644 692 692 726 τὴν
715 692 863 728 μέλλουσαν
877 691 1021 725 ὑπομενεῖς
1036 693 1179 728 τιμωρίαν.
1196 693 1276 719 Ὀθεν
1289 693 1402 727 ἐπάγει·

232 739 312 776 148
327 739 410 767 Vens.
434 739 523 766 t5-l7.
540 754 573 758 —
587 748 596 764 ι
615 739 683 772 Quia
700 747 783 775 prope
798 742 840 766 est
853 738 912 766 dies
927 737 979 764 Do-

1063 739 1137 775 Στίχ.
1153 739 1242 773 ιε’-ιζ’.
1257 755 1292 760 -
1317 749 1327 766 σ
1345 739 1417 766 Διότι
1429 739 1513 773 ἐγγὺς
1531 739 1623 775 ἡμέρα
1645 738 1747 774 Κυρίου
1769 738 1819 766 ἐπὶ

194 786 261 812 mini
276 793 358 819 super
372 793 466 812 omnes
481 789 585 820 gentes.
602 785 668 818 Quae
685 786 747 812 aliis
763 785 864 816 fecisti.
882 783 976 811 eadem

1037 785 1115 812 πάντα
1126 785 1160 824 τᾲ
1175 785 1250 821 ἔθνη·
1265 785 1295 813 ὃν
1306 786 1406 821 τρόπον
1420 785 1562 821 ἐποίησας,
1576 783 1648 811 οὕτω
1667 784 1742 810 ἔσται
1758 792 1811 811 σοι·

196 831 245 858 tibi
275 830 359 862 fient;
394 831 537 858 retributio
569 835 614 858 tua
643 831 808 858 retribuetur
841 830 869 858 in
896 832 979 864 caput

1037 831 1056 858 τὸ
1067 831 1239 867 ἀνταπόδομά
1255 840 1302 859 σου
1317 831 1563 866 ἀνταποδοθήσεται
1578 839 1619 857 σοι
1641 831 1681 862 είς
1697 830 1820 865 κεφαλήν

195 885 284 904 tuum.
305 887 314 903 ι
332 876 415 904 Adest
432 877 504 904 enim
521 880 628 912 tempus
645 885 700 912 quo
721 877 792 905 Deus
810 877 904 913 puniet
922 883 979 904 om-

1027 886 1084 904 σου.
1105 887 1114 903 ι
1134 879 1215 905 Ἦκει
1235 878 1288 914 γὰρ
1305 879 1319 905 ὁ
1335 878 1431 914 καιρὸς
1447 877 1508 904 καθ’
1529 877 1559 904 ὃν
1575 877 1697 908 ἅπαντας
1713 877 1762 912 μὲν
1775 885 1818 903 τι-

197 931 246 950 ncs
276 923 323 957 qui
356 922 504 957 aliquando
534 923 664 951 Israelitis
689 924 758 950 male
786 923 919 951 fecerunt.
945 920 978 947 Et

1037 924 1187 960 ιωρήσεται
1199 925 1262 956 τοὺς
1285 925 1427 960 ὁτιδήποτε
1452 923 1630 958 πεπραχότας
1642 923 1683 954 είς
1697 922 1797 954 αὐτοὺς
1809 943 1817 953 ,

197 967 304 1002 quidem
323 967 369 994 tibi
394 975 449 1002 pra:
465 968 572 995 caeteris
591 975 699 1002 gravem
719 968 839 1003 imponet
858 975 977 1003 poenam,

198 1020 346 1047 piremque
362 1013 500 1040 maleficiis
515 1021 575 1048 σμιιε
594 1013 621 1040 in
645 1013 743 1040 fratres
759 1018 821 1040 tuos
839 1013 980 1040 commisi-

199 1058 244 1085 sti.
272 1068 280 1083 ι
297 1057 366 1091 Quia
392 1057 622 1093 quemadmodum
645 1058 737 1085 bibisti
758 1066 838 1092 super
861 1064 981 1086 montem

199 1108 324 1130 sanctum
347 1112 447 1137 meum,
468 1105 508 1132 sic
532 1105 624 1132 bibent
639 1111 736 1132 omnes
757 1105 849 1140 populi
865 1106 979 1132 vinum:

199 1149 292 1175 bibent
307 1153 333 1176 et
349 1149 514 1182 ascendent;
529 1155 664 1184 eruntque
679 1150 752 1178 sicut
772 1157 826 1177 non
847 1151 982 1178 exsisten-

199 1198 251 1221 tes.
268 1204 277 1219 ι
294 1193 360 1221 Nam
379 1199 406 1222 ct
424 1196 480 1229 ipse
495 1199 637 1230 propterea
655 1196 727 1231 quod
749 1200 844 1224 contra
862 1201 981 1224 montem

201 1247 289 1267 incum
308 1241 468 1275 incolasque
490 1242 549 1274 ejus
567 1242 690 1269 invectus
711 1250 752 1275 es,
774 1242 910 1278 supplicio
929 1249 983 1269 non

200 1287 318 1315 carebis.
335 1287 384 1320 Qui
402 1289 544 1314 sententiae
567 1292 620 1315 tua:
635 1287 823 1322 factorumque
838 1288 984 1323 participes

202 1331 313 1365 fuerint,
336 1331 416 1360 iidem
432 1340 520 1367 paenae
538 1340 648 1368 quoque
663 1333 731 1360 socii
756 1337 847 1366 erunt,
863 1334 984 1361 interne-

201 1378 263 1404 civo
284 1378 375 1405 traditi
392 1379 485 1406 exitio.
511 1379 547 1405 ita
563 1383 593 1405 ut
617 1379 652 1405 ab
672 1379 705 1406 iis
723 1387 777 1406 non
792 1379 918 1406 differant
937 1380 984 1415 qui

203 1423 270 1450 nulli
295 1428 370 1451 sunt.
396 1423 464 1450 Nam
492 1425 572 1451 verba
598 1433 607 1450 ι
625 1424 716 1451 bibisti
735 1434 744 1450 ι
768 1429 795 1452 et
821 1434 830 1450 ι
849 1425 952 1458 bibent,
973 1435 982 1452 ι

201 1467 467 1495 animadversionem
485 1469 640 1503 significant
663 1469 690 1496 in
706 1469 848 1497 ldumzeam
863 1471 985 1505 aliosque

203 1513 295 1540 hostes
314 1514 537 1547 cxproruendam.
552 1514 652 1548 Veluti,
670 1524 678 1540 ι
696 1515 773 1542 Calix
787 1516 814 1542 in
838 1523 920 1543 manu
935 1516 987 1544 Do-

203 1557 268 1583 mini
292 1557 388 1592 plenus
414 1559 505 1585 misto.
525 1559 556 1585 Et
577 1559 719 1586 inclinavit
739 1568 770 1587 ex
796 1560 848 1587 hoc
867 1561 895 1588 in
918 1561 985 1595 hoc;

1031 969 1147 1003 μάλιστα
1160 969 1188 996 δὲ
1200 969 1307 996 πάντων
1322 969 1434 1004 βαρεῖαν
1448 967 1544 1001 ἐπάξει
1555 976 1595 994 σοι
1609 966 1657 1002 τὴν
1668 966 1818 1002 τιμωρίαν,

1031 1015 1160 1049 ἀνάλογόν
1180 1024 1220 1042 σοι
1240 1015 1289 1050 τὴν
1310 1013 1452 1049 συμφορὰν
1474 1013 1585 1047 ἐπάγων
1608 1009 1648 1043 οἷς
1665 1012 1822 1047 πεποίηκας

1032 1061 1090 1088 κατ’
1105 1061 1204 1089 αὐτῶν.
1223 1070 1233 1087 ι
1250 1060 1359 1088 Διότιδν
1375 1060 1475 1096 τρόπον
1492 1059 1569 1090 ἔπιες
1581 1059 1628 1085 ἐπὶ
1646 1059 1676 1085 τὸ
1685 1058 1749 1094 ὅρος
1767 1067 1821 1093 μου

1030 1107 1061 1134 τὸ
1075 1107 1167 1141 ἅγιον,
1185 1107 1291 1134 πίονται
1308 1106 1399 1133 πάντα
1417 1106 1451 1132 τὰ
1466 1105 1530 1141 ἔθνη
1547 1103 1629 1132 οῐνονο
1648 1104 1756 1131 πίονται
1773 1105 1822 1130 καὶ

1031 1153 1221 1188 ἀναδήσονται,
1238 1153 1286 1180 καὶ
1305 1153 1412 1179 ἔσονται
1426 1151 1519 1183 καθὼς
1535 1152 1585 1186 οὺχ
1608 1151 1788 1186 ὑπάρχοντες.
1809 1159 1818 1176 ι

1033 1199 1118 1230 Αὐτός
1131 1208 1161 1225 τε
1179 1199 1233 1235 γὰρ
1249 1199 1319 1234 ὑπὲρ
1334 1195 1373 1225 ὦν
1389 1199 1428 1227 είς
1444 1198 1475 1224 τὸ
1489 1197 1550 1233 ὅρος
1563 1197 1594 1224 τὸ
1613 1196 1679 1232 ἐμὸν
1693 1196 1757 1227 τοὺς
1781 1195 1821 1222 ol-

1034 1245 1149 1276 κοῦντας
1172 1246 1200 1271 ὲν
1217 1243 1292 1279 αὐτῷ
1311 1244 1424 1271 τοιαῦτα
1446 1243 1633 1278 τετόλμηκας,
1650 1241 1753 1274 δέδεξαι
1767 1241 1821 1276 ,τὴν

1033 1291 1177 1327 τιμωρίαν·
1190 1292 1215 1317 οἱ
1230 1290 1443 1326 κοινωνήσαντές
1456 1290 1486 1316 τέ
1505 1298 1545 1316 σοι
1565 1290 1613 1325 τῆς
1627 1289 1739 1324 γνώμης
1755 1287 1821 1314 ταύ-

1033 1346 1083 1371 της
1103 1336 1218 1364 καὶτῶν
1242 1336 1379 1372 πράξεων,
1404 1336 1442 1368 ὼς
1466 1335 1539 1367 είκδς
1562 1334 1756 1370 κοινωνήσουσι
1775 1333 1823 1367 τῆς

1033 1383 1179 1418 τιμωρίας,
1193 1383 1320 1409 παντελεῖ
1336 1382 1483 1417 ληφθέντες
1498 1381 1632 1416 ἀπωλείᾳ,
1648 1380 1686 1416 (p.
1706 1379 1770 1415 2‘25)
1785 1379 1823 1410 ὡς

1037 1428 1119 1464 μηδὲν
1135 1428 1292 1455 ἀπεοικέναι
1315 1428 1367 1455 τῶν
1382 1427 1508 1461 καθάπαξ
1533 1427 1584 1453 οὐκ
1604 1426 1701 1453 ὅντων⁶
1725 1426 1755 1452 τὸ
1773 1425 1822 1460 μὲν

1036 1474 1090 1510 γὰρ
1100 1483 1109 1500 ι
1125 1474 1200 1506 ἔπιες
1219 1483 1229 1500 ι
1241 1474 1287 1501 καὶ
1300 1484 1309 1500 ι
1324 1474 1441 1506 πίονται,
1455 1482 1464 1498 ι
1481 1472 1531 1508 τὴν
1545 1471 1760 1508 τιμωρίανδηλοϊ
1773 1470 1825 1505 τὴν

1035 1520 1128 1551 αὐτοῖς
1148 1527 1179 1545 τε
1198 1519 1424 1555 ὲπαχθησομένην
1441 1518 1487 1544 καὶ
1509 1518 1564 1549 τοῖς
1584 1517 1687 1548 λοιποῖς
1699 1523 1705 1530 ·
1727 1516 1765 1548 ὠς
1781 1517 1822 1546 τὸ,

1044 1571 1054 1589 ι
1073 1563 1207 1600 Ποτήριον
1227 1564 1257 1591 έν
1280 1562 1353 1599 χειρὶ
1381 1562 1494 1598 Κυρίου,
1503 1562 1574 1589 οἴνου
1583 1561 1712 1598 ἀκράτου,
1721 1560 1824 1596 πλῆρες

203 1608 389 1632 verumtamen
411 1604 459 1632 faex
483 1605 543 1639 ejus
568 1614 622 1633 non
645 1612 687 1634 est
708 1608 845 1635 exinanita
869 1608 985 1636 :bibent

1037 1611 1220 1646 κεράσματος”
1236 1611 1284 1636 καὶ
1295 1609 1399 1636 ἔκλινεν
1413 1610 1446 1636 ὲκ
1458 1609 1553 1636 τούτου
1569 1609 1609 1640 είς
1619 1607 1711 1634 τοῦτο’
1727 1607 1797 1642 πλὴν
1810 1607 1824 1633 6

202 1655 299 1676 omnes
317 1656 473 1683 peccatores
492 1656 570 1679 terrae
581 1651 613 1678 ⁸⁸.
630 1662 639 1677 ι
657 1651 786 1679 Memorat
803 1658 892 1680 autem
910 1661 987 1681 mon-

204 1699 257 1721 tem
282 1700 407 1722 sanctum
436 1705 528 1728 suum,
561 1698 722 1733 significans
744 1699 802 1726 fore
823 1703 853 1726 ut
877 1703 988 1735 propter

203 1740 320 1768 crimina
350 1741 482 1770 adversus
506 1751 568 1770 eum
596 1748 716 1771 montem
748 1745 907 1780 incolasque
928 1745 988 1780 ejus

204 1789 321 1820 patrata,
348 1794 435 1820 potum
454 1788 566 1815 obnoxii
590 1789 655 1816 flant
669 1789 777 1817 Idumaei
792 1800 798 1817 :
814 1795 841 1818 et
858 1791 904 1826 qui
926 1799 987 1818 cum

203 1838 299 1858 eorum
323 1833 446 1860 consiliis
475 1833 611 1869 rebusque
637 1836 722 1870 gestis
751 1837 987 1871 conspiraverunt,

206 1876 286 1903 iidem
303 1877 336 1903 ad
348 1877 476 1912 supplicii
493 1879 652 1907 societatem
668 1885 810 1913 vocentur,
825 1882 989 1917 capitalique

206 1922 323 1950 vindicta
341 1924 504 1958 .puniantur.
525 1935 533 1951 ι
550 1925 578 1953 ln
605 1926 671 1954 Sion
688 1932 778 1955 autem
803 1932 894 1955 monte
914 1929 989 1957 salus

205 1969 258 1996 erit
270 1973 295 1996 et
313 1970 455 2003 sanctitas,
470 1977 497 1999 et
515 1973 665 2006 possidebit
679 1972 764 2001 Jacob
777 1974 824 2008 qui
847 1983 876 2002 se
894 1983 989 2009 posse-

206 2015 311 2041 derant.
333 2024 342 2041 ι
370 2014 455 2043 Vobis
481 2018 572 2052 itaque
591 2018 728 2053 sociisque
745 2019 922 2047 consiliorum
946 2028 990 2048 ve-

207 2063 326 2086 strorum
352 2060 408 2087 haec
437 2062 572 2089 accident.
595 2062 744 2090 Incolumes
772 2069 861 2090 autem
892 2069 988 2096 erunt.

207 2109 289 2138 atque
311 2105 384 2131 omni
407 2105 572 2134 adversitate
599 2107 732 2134 carebunt
753 2108 779 2134 in
805 2113 896 2137 monte
926 2109 991 2137 Sion

208 2150 254 2184 qui
268 2154 348 2177 antea
370 2150 447 2178 bellis
465 2153 683 2186 appetebantur:
700 2158 781 2188 atque
799 2154 836 2181 ita
851 2162 930 2182 mons
945 2156 991 2183 ille

209 2200 320 2230 propter
334 2196 431 2223 horum
445 2197 620 2224 securitatem
638 2202 751 2226 sanctus
765 2199 902 2226 videbitur
915 2209 921 2226 :
937 2200 991 2227 imo

208 2249 274 2268 vero
290 2242 397 2269 cunctis
414 2242 639 2275 dominabuntur,
659 2243 758 2278 quise
782 2249 862 2272 antea
881 2246 989 2273 device-

209 2291 281 2318 rant,
306 2285 391 2314 Jacob
413 2288 531 2322 posteri;
556 2288 656 2322 quibus
681 2288 809 2315 nimirum
832 2297 880 2316 vos
904 2298 991 2326 nuper

209 2331 348 2366 vestrique
364 2332 430 2359 socii
447 2332 554 2360 molesti
569 2332 654 2361 armis
669 2333 772 2361 fuistis.

247 2378 327 2405 Vsus.
348 2378 442 2406 18-21.
458 2394 494 2399 -
506 2388 516 2405 ι
537 2379 569 2406 Ει
581 2380 633 2406 erit
657 2379 755 2407 domus
772 2378 857 2408 Iacob
871 2380 954 2416 ignis,
966 2385 993 2408 et

209 2423 306 2451 domus
329 2422 429 2459 Joseph
449 2423 576 2454 ﬂamma:
604 2429 630 2452 et
654 2425 751 2452 domus
774 2425 845 2453 Esau
868 2426 991 2461 stipula:

211 2468 292 2504 149
306 2473 333 2496 et
356 2470 556 2498 succendentur
577 2470 605 2497 in
628 2471 678 2502 eis,
699 2471 888 2506 vorabuntque
905 2480 962 2499 eos.
981 2482 990 2498 ι

211 2513 269 2546 Sic,
286 2514 383 2549 inquit,
403 2515 534 2543 Idumaeos
547 2524 644 2543 omnes
663 2517 832 2552 superabunt
851 2517 991 2550 lsraelitae,

212 2562 241 2586 ut
256 2560 344 2587 instar
364 2561 435 2595 ignis
450 2561 578 2596 stipulam
596 2562 776 2596 absumenlis,
797 2563 906 2590 eosdem
930 2564 991 2591 belli

210 2605 236 2632 vi
253 2605 368 2632 deleturi
383 2606 449 2633 sint.
476 2615 486 2632 ι
504 2606 535 2634 Et
558 2615 612 2634 non
631 2607 684 2635 erit
703 2607 855 2642 flammiger
877 2609 904 2635 in
921 2608 992 2635 Esau

209 2651 301 2684 domo,
316 2652 379 2686 quia
392 2651 524 2680 Dominus
535 2653 642 2681 locutus
656 2657 708 2681 est.
729 2663 737 2679 ι
755 2653 889 2686 Quoniam
903 2654 993 2689 ignem

210 2697 279 2724 dixit
290 2697 414 2725 lsraelem
431 2697 502 2725 Esau
521 2698 588 2731 fore,
611 2700 693 2727 veluti
709 2699 730 2727 si
747 2707 842 2727 omnes
857 2701 917 2734 ejus
928 2707 993 2734 opes

211 2742 281 2768 lu-Ilo
295 2746 369 2770 esset
384 2747 608 2779 consumpturus,
624 2745 726 2772 idcirco
741 2753 796 2772 non
812 2745 874 2778 erit,
894 2745 992 2780 inquit,

210 2785 360 2822 ﬂ.uumiger
383 2788 410 2814 in
438 2787 509 2815 Esau
523 2789 624 2817 domo:
643 2789 668 2816 id
693 2793 733 2817 est
754 2789 854 2817 nemini
877 2788 993 2817 Idumam

249 2897 272 2912 "
291 2896 373 2924 ι’δυιμ
387 2906 458 2929 xxiv,
479 2899 504 2925 ‘J.

1037 1657 1149 1693 τρυγίας
1159 1656 1239 1683 αὑτοῦ
1247 1656 1296 1682 οὐκ
1304 1655 1463 1689 ἐξεκενώθη⁸
1477 1654 1580 1681 πίονται
1594 1653 1694 1685 πάντες
1703 1653 1727 1680 οἱ
1736 1653 1824 1688 ἁμαρ-

1037 1702 1117 1729 τωλοὶ
1130 1703 1178 1737 τῆς
1192 1702 1254 1736 γῆς·
1273 1711 1281 1727 ι
1297 1701 1326 1727 τδ
1337 1701 1365 1727 δὲ
1377 1711 1386 1726 ι
1399 1701 1445 1727 ἐπὶ
1457 1700 1487 1727 τὺ
1501 1701 1562 1735 ὅρος
1574 1709 1624 1735 μου
1631 1700 1660 1726 τδ
1667 1699 1770 1733 ἅγιον.»
1782 1700 1824 1726 ἵνα

1038 1747 1113 1782 εἴπῃσ
1133 1746 1217 1781 ’Υπὲρ
1230 1742 1266 1772 ὧν
1277 1746 1316 1776 είς
1322 1745 1352 1771 τὸ
1363 1744 1425 1777 ὅρος
1434 1744 1465 1771 τὸ
1476 1745 1541 1779 ὲμὸν
1554 1745 1594 1775 είς
1606 1753 1635 1770 τε
1643 1745 1705 1774 τοὺς
1721 1743 1824 1771 οἰκοῦν-

1038 1799 1088 1823 τας
1099 1792 1128 1817 tv
1138 1790 1212 1825 αὐτῷ
1223 1789 1334 1817 τοιαῦτα
1345 1789 1530 1825 τετολμήκατε
1541 1809 1549 1821 ,
1562 1788 1665 1821 δέδεξαι
1678 1789 1726 1824 τὴν
1741 1797 1822 1824 τιμω-

1040 1837 1110 1873 ρίαν·
1129 1837 1153 1863 oi.
1175 1835 1387 1871 κοινωνήσαντές
1406 1834 1437 1861 τέ
1454 1843 1495 1861 σοι
1514 1835 1564 1869 τῆς
1586 1833 1698 1870 γνώμης
1720 1834 1824 1869 ταύτης

1039 1881 1086 1908 καὶ
1098 1879 1152 1907 τῶν
1166 1879 1305 1915 πράξεων,
1319 1879 1357 1910 ὡς
1372 1878 1444 1910 suo;
1459 1878 1652 1912 κοινωνήσουσι
1670 1878 1719 1913 τῆς
1738 1886 1823 1912 τιμω-

1041 1925 1119 1960 ρίας,
1143 1923 1268 1950 παντελεῖ
1288 1922 1435 1956 ληφθέντες
1457 1922 1591 1957 ἀπωλείᾳ.
1619 1930 1628 1947 ι
1667 1921 1710 1947 Ἐν
1736 1921 1764 1948 δὲ
1787 1921 1826 1955 τῷ

1039 1968 1098 2004 ὄρει
1120 1967 1187 1994 Σιὼν
1213 1967 1288 1993 ἔσται
1311 1965 1470 2001 ήσωτηρία,
1495 1965 1542 1991 καὶ
1566 1965 1642 1991 ἔσται
1665 1965 1753 1999 ἅγιον,
1779 1965 1826 1991 καὶ

1040 2013 1356 2049 κατακληρονομήσουσιν
1380 2013 1395 2038 ὁ
1417 2010 1490 2044 οἶκος
1517 2011 1614 2038 ἰακὼὸ
1633 2011 1697 2042 τοὺς
1727 2010 1824 2046 κληρο-

1040 2062 1207 2096 νομήσοντας
1235 2058 1343 2089 αὐτούς.
1363 2068 1372 2084 ι
1402 2058 1470 2092 Περὶ
1495 2057 1544 2091 μὲν
1567 2055 1614 2083 οὖν
1636 2057 1706 2091 ὑμᾶς
1727 2064 1757 2081 τε
1781 2055 1829 2082 καὶ

1040 2107 1102 2137 τοὺς
1119 2105 1349 2139 κεκοινωνηκότας
1370 2104 1434 2138 ὑμῖν
1457 2103 1506 2137 τῆς
1527 2102 1650 2137 γνώμης,
1675 2101 1762 2128 ταῦτα
1781 2109 1813 2135 γε

1041 2151 1161 2186 νήσεται·
1191 2148 1423 2183 περισωθήσονται
1456 2147 1485 2172 δὲ
1513 2147 1560 2172 καὶ
1591 2146 1681 2180 πάσης
1704 2145 1828 2180 ἀνάγκης

1042 2195 1094 2229 ἔξω
1107 2194 1267 2228 γενήσονται
1283 2193 1311 2218 ὲν
1325 2191 1364 2226 τῷ
1380 2191 1437 2226 δρει
1450 2190 1489 2226 τῷ
1510 2189 1579 2217 Σιὼν
1598 2191 1730 2226 πρότερον
1745 2189 1828 2216 πολε-

1044 2240 1184 2276 μηθέντες⁶
1198 2238 1268 2264 ὥστε
1282 2237 1365 2268 ὅντως
1382 2237 1446 2263 αὺτδ
1461 2236 1506 2263 διὰ
1523 2236 1573 2271 τῆς
1583 2236 1686 2263 τούτων
1702 2236 1828 2272 βοηθείας

1043 2286 1119 2320 Ειγιον
1132 2284 1259 2319 φανῆναι’
1275 2283 1337 2309 ἐπεὶ
1351 2283 1397 2308 καὶ
1410 2282 1511 2314 πάντας
1522 2283 1586 2313 τοὺς
1596 2282 1727 2319 πρότερον
1739 2282 1826 2309 αὐτῶν

1042 2329 1245 2366 κεκρατηκότας
1271 2328 1442 2363 ὑποχειρίους
1459 2327 1566 2361 ἕξουσιν
1586 2329 1610 2356 οἱ
1633 2328 1762 2362 ἀπόγονοι
1779 2327 1828 2353 τοῦ

1048 2376 1154 2407 Ἰακὼϐ,
1167 2375 1213 2407 οὓς
1221 2375 1379 2410 ἐπολεμεῖτε
1390 2374 1466 2400 ἐνθεν
1475 2374 1555 2409 ὑμεῖς
1569 2373 1638 2409 μετὰ
1650 2374 1703 2400 τῶν
1715 2373 1826 2400 λοιπῶν.

1076 2423 1149 2457 Στίχ.
1168 2424 1271 2457 ιη’-καθ.
1286 2437 1320 2442 ——
1339 2431 1348 2447 ι
1365 2421 1419 2448 Καὶ
1436 2420 1513 2447 ἔσται
1526 2421 1540 2447 ὁ
1553 2418 1627 2452 οἶκος
1647 2419 1743 2447 Ἰακὼὸ
1760 2419 1825 2455 πῦρ,

1042 2468 1088 2495 καὶ
1099 2469 1112 2494 ὁ
1127 2465 1200 2499 οἶκος
1222 2467 1320 2501 Ἰωσὴφ
1338 2466 1414 2500 φλὸξ,
1427 2467 1440 2492 ὁ
1452 2465 1481 2492 δὲ
1493 2463 1567 2496 οἶκος
1586 2464 1671 2491 Ἦσαῦ
1689 2465 1728 2495 είς
1739 2463 1823 2490 καλά-

1045 2522 1108 2550 μην·
1124 2513 1171 2539 καὶ
1185 2512 1401 2546 ἐκκαυθήσονται
1420 2512 1459 2542 είς
1470 2511 1578 2541 αὐτοὺς,
1593 2510 1640 2536 καὶ
1656 2510 1823 2544 καταφάγοι]-

1042 2568 1087 2586 ται
1102 2558 1210 2589 αὐτούς.
1227 2567 1236 2583 ι
1259 2558 1297 2593 (p.
1313 2557 1375 2590 29.6)
1390 2556 1467 2583 Οὕτω
1483 2556 1537 2592 γὰρ
1552 2556 1731 2591 κρατήσουσιν
1743 2556 1826 2582 ἁπάν-

1043 2614 1096 2632 των
1108 2606 1132 2632 οί
1149 2605 1313 2640 Ἰσραηλῖται
1324 2604 1378 2630 τῶν
1395 2602 1558 2638 Ἰδουμαίων.
1572 2601 1641 2628 ὥστε
1652 2602 1729 2636 δίκην
1743 2602 1826 2637 πυρὸς

1044 2650 1170 2686 καλάμην
1184 2650 1373 2681 ἀναλίσκοντος
1396 2647 1519 2678 ἅπαντας
1534 2647 1633 2678 αὐτοὺς
1646 2647 1774 2681 ἀφανίσαι
1788 2646 1828 2680 τῷ

1045 2697 1142 2732 κράτει
1158 2696 1204 2723 τοῦ
1221 2696 1350 2730 πολέμου.
1375 2704 1385 2720 ι
1411 2694 1465 2720 Καὶ
1479 2693 1529 2720 οὐκ
1542 2693 1618 2720 ἔσται
1634 2693 1770 2727 πυρφόρος
1789 2692 1826 2726 τῷ

1045 2742 1113 2777 οἴκῳ
1138 2740 1236 2773 Ἠσαῦ,
1252 2741 1293 2767 ὅτι
1310 2740 1412 2775 Κύριος
1435 2738 1579 2773 ἐλάλησεν.
1606 2747 1616 2763 ι
1642 2736 1750 2771 Ἐπειδὴ
1772 2736 1827 2772 πῦρ

1045 2788 1098 2823 ἔφη
1111 2788 1157 2815 τὸν
1176 2787 1282 2823 Ἰσραὴλ
1297 2786 1405 2813 ἔσεσθαι
1424 2784 1463 2820 τῷ
1483 2784 1580 2818 Ἠσαῦ,
1599 2783 1663 2810 ιὶισεὶ
1678 2783 1780 2815 πάντας
1795 2783 1827 2811 ἂν
