1981 3073
116 168 175 197 3n

704 171 976 200 COMMENTARIUS
990 172 1023 200 1N
1038 171 1160 201 JONAM.

1697 170 1750 202 Sis

122 228 222 260 αὖτοὺς
241 227 399 255 ἀναλίσκειν
414 227 544 263 μέλλοντα
564 228 602 264 τῷ
619 229 747 265 πολέμῳ,
766 230 811 257 διὰ
832 230 911 258 τοῦτο

965 232 1054 259 licebit
1069 232 1139 259 male
1154 231 1244 258 facere
1255 230 1388 259 lsraelitis
1401 241 1408 266 ;
1424 231 1471 259 sed
1486 232 1523 259 illi
1539 231 1650 268 quidem
1661 233 1696 260 ab
1709 234 1749 262 his

121 273 173 299 οὐκ
186 273 263 300 ἐσται
277 273 426 308 πυρφόρος,
443 274 518 309 φησὶ,
530 274 569 309 τῷ
583 275 649 310 οἴκῳ
671 275 766 303 Ἡσαῦ·
782 277 841 303 ἀντὶ
853 275 912 308 τοῦ,

123 318 220 350 οὐθεὶς
237 318 314 346 ἔσται
328 320 356 346 εν
373 319 464 351 αὐτοῖς
476 320 504 352 ὃς
519 320 650 348 διαθεῖναί
662 330 688 347 τι
698 321 840 357 δυνήσεται
851 323 914 354 τοὺς

130 363 301 399 Ἰσραηλίτας
323 364 418 391 κακόν*
435 365 502 392 ἀλλὰ
522 366 660 393 πείσονται
679 368 727 402 μὲν
740 369 805 404 παρ’
824 368 913 395 αὐτῶν

124 409 155 435 οὐ
172 410 206 436 τὰ
219 410 344 444 τυχόντα·
360 409 463 445 ἀμύναι
476 410 504 437 δὲ
519 411 634 444 ἑαυτοῖς,
651 412 667 447 ἢ
681 413 792 447 ποιῆσαί
805 422 831 439 τι
846 414 914 448 πρὸς

126 454 228 490 βλάϐην
246 455 368 487 ἐκείνων,
393 456 423 482 οὺ
442 456 600 491 δυνήσονται
615 457 742 490 καθάπαξ
753 459 837 486 οὐδέν·
851 459 869 486 ἃ
881 459 913 495 δὴ

125 501 214 527 πάντα
230 502 374 536 γενήσεται
391 502 510 534 πάντως,
528 503 620 538 ἐπειδὴ
638 503 704 536 Θεός
716 505 789 531 ἐστιν
807 505 822 531 ὁ
843 506 913 532 cirro-

125 546 281 580 φηνάμενος
293 546 428 580 γενέσθαι-
442 548 488 574 καὶ
501 548 649 584 ἐπειδήπερ
662 549 690 575 ὲν
700 551 755 582 τοῖς
767 551 913 586 ἀνωτὲροις

125 591 177 627 ἔφη
199 593 240 618 ὅτι
261 593 580 629 κατακληρονομήσουσιν
602 596 616 621 ὁ
634 593 707 627 οἶκος
733 596 829 623 Ἰακὼϐ
850 597 914 629 τοὺς

126 637 452 673 κατακληρονομήσοντας
466 640 574 673 αὐτοὺς,
591 640 758 676 πλατύτερον
771 642 836 669 αὐτὸ
851 642 913 677 βου-

124 683 238 718 λόμενος
249 685 347 715 εἰπεῖν,
361 684 434 719 λέγει
449 686 489 712 ὅτι
499 687 524 712 οί
539 686 588 722 μὲν
600 689 628 714 ὲν
639 687 732 722 Ναγὲὸ
750 688 913 723 Ἰσραηλῖται

125 729 429 765 κατακληρονομήσουσι
455 732 518 763 τοὺς
540 732 728 767 προσήκοντας
750 733 849 765 τόπους
874 733 913 769 τῷ

131 773 227 801 Ἡσαῦ·
238 776 263 813 οἱ
279 776 307 801 ὲν
319 775 457 811 Σιφηλᾷδὲ
469 777 531 808 τοὺς
544 777 597 803 τῶν
608 777 773 812 ἀλλοφύλων·
783 779 912 813 κομιοῦν-

124 828 171 846 ται
187 820 215 846 δὲ
232 821 278 847 καὶ
294 821 342 856 τὴν
358 822 460 848 οἰκείαν
482 822 573 857 χώραν
591 823 629 855 ὡς
644 824 717 854 είκός
729 833 735 839 ·
753 824 778 851 οἱ
799 824 848 860 μὲν
865 824 912 851 τοῦ

132 865 252 900 Ἐφραίμ
267 866 298 892 τὸ
313 866 365 901 τῆς
380 867 536 903 Σαμαρείας
558 867 647 895 πεδίον
657 877 665 884 ·
688 868 736 904 τὴν
753 869 912 896 Γαλααδίτιν

125 912 154 938 δὲ
175 914 189 939 δ
203 913 343 948 Βενιαμίν·
362 913 413 948 τῆς
429 921 459 940 τε
486 915 624 949 μετοικίας
643 915 731 942 αὐτῶν
751 915 801 950 τῆς
816 916 861 942 ὲπὶ
879 916 913 943 τὰ

125 959 223 990 οἰκεῖα,
238 959 309 994 ἀρχὴ
324 959 372 993 μὲν
383 961 473 991 αὐτοῖς
482 961 625 995 γενήσεται
638 962 655 996 ἡ
669 960 814 996 Σαρεφθῶν
825 961 910 997 χώρα·

125 1004 201 1035 τέλος
215 1003 243 1030 δὲ
263 1004 279 1038 ἡ
305 1004 437 1039 Ἐῳραθάσ
454 1004 577 1039 βούλεται
597 1005 625 1032 δὲ
645 1006 732 1032 εἰπεῖν
745 1006 786 1032 ὅτι
808 1007 912 1039 πάντας

125 1049 180 1076 τῶν
193 1049 354 1076 Χαναναίων
367 1051 429 1081 τοὺς
445 1051 473 1076 ἐν
489 1051 563 1086 μέσῳ
578 1051 720 1083 καθέξουσι
733 1052 842 1085 τόπους,
853 1052 914 1079 οὓσ-

126 1101 181 1127 περ
195 1090 241 1120 οὖν
256 1093 302 1120 καὶ
321 1093 452 1130 πρότερον
467 1094 548 1130 εῐχον·
562 1095 600 1130 (p.
612 1096 675 1131 227)
686 1096 756 1123 οὕτω
767 1096 795 1123 δὲ
809 1096 913 1130 καὶτὰς

128 1138 160 1163 ἐν
177 1137 269 1171 Ναγὲϐ
283 1137 374 1170 πόλεις
390 1139 494 1166 ἑαυτῶν
509 1140 680 1172 ὑποδέξονται
695 1141 803 1172 ἁπάσας
824 1141 913 1168 ἀπαν-

125 1192 183 1215 τες.
201 1183 338 1219 συντόμως
351 1186 447 1218 εἰπεῖν,
459 1186 484 1212 οἱ
498 1186 538 1221 τῷ
552 1186 621 1213 Σιὼν
637 1186 694 1222 ὁρει
712 1188 913 1222 προσήκοντες,

126 1230 173 1256 καὶ
184 1230 234 1266 τὴν
243 1231 336 1258 αὐτόθι
352 1231 391 1267 τῷ
405 1231 464 1267 Θεῷ
479 1234 667 1268 προσήκουσαν
678 1233 825 1269 θρησκείαν
840 1235 914 1261 ἐκτε-

125 1275 245 1308 λοῦντες·
273 1277 348 1303 αὐτοί
370 1286 401 1304 τε
424 1277 514 1313 πάσης
535 1278 672 1310 τεύξονται
692 1281 838 1315 σωτηρίας·
866 1281 913 1307 καὶ

127 1321 259 1357 μεγίστην
277 1323 338 1350 τινὰ
351 1324 409 1355 τοῖς
421 1323 469 1350 τοῦ
490 1323 575 1350 Ἡσαῦ
588 1324 637 1360 τὴν
649 1325 784 1361 τιμωρίαν
797 1325 914 1358 ἐπάξου-

126 1376 178 1401 σιν,
204 1368 262 1395 ἀνθ’
277 1366 314 1396 ὧν
334 1369 499 1396 πεπόνθασιν
520 1370 585 1406 παρ’
595 1371 695 1397 αὐτῶνθ
713 1369 754 1403 οἷς
772 1372 913 1407 ἐπήγαγεν

126 1413 228 1440 ἃπασιν
243 1415 272 1440 ὲν
284 1415 358 1449 αὐτῷ
378 1415 557 1450 συμπεράνας
571 1416 619 1451 τὴν
633 1417 813 1452 προφητείαν·
832 1427 841 1443 ε
858 1418 912 1444 Καὶ

125 1459 201 1486 ἔσται
222 1459 262 1495 τῷ
287 1460 382 1496 Κυρίῳ
400 1462 416 1496 ή
437 1461 569 1495 βασιλεία.
590 1470 600 1488 ι
627 1462 686 1489 Ἵνα
708 1462 791 1498 ετπῃ,
808 1462 850 1489 ὃτι
866 1463 910 1490 διὰ

965 278 1093 313 quaelibet
1113 277 1311 312 perpetientur,
1325 277 1392 312 quin
1411 281 1500 305 tamen
1517 278 1634 312 injurias
1652 279 1749 307 ulcisci

963 327 1075 357 queant,
1091 323 1133 350 vel
1149 321 1299 357 quidquam
1313 322 1346 349 ad
1361 322 1469 350 illorum
1484 324 1630 358 perniciem
1646 324 1747 352 moliri.

964 366 1027 394 Haec
1040 367 1206 395 adamussim
1220 368 1311 394 omnia
1328 367 1409 400 ﬁent;
1423 367 1471 395 Dei
1483 369 1555 396 enim
1577 370 1690 397 oraculo
1707 369 1749 396 fu-

964 417 1026 440 tura
1052 421 1113 441 esse
1137 413 1277 441 dicuntur.
1304 412 1338 440 Et
1359 414 1489 448 quoniam
1511 412 1540 441 iri
1561 415 1749 450 superioribus

965 459 1043 490 dixit,
1069 459 1126 486 fore
1140 462 1169 486 ut
1192 458 1291 486 domus
1305 458 1393 486 Jacob
1417 466 1465 487 eos
1486 460 1634 493 possideat,
1651 460 1697 495 qui
1719 468 1748 488 se

965 503 1163 540 possederant;
1178 505 1341 540 explicatius
1360 505 1416 539 jam
1435 505 1462 531 id
1481 503 1573 532 dicere
1589 506 1684 534 volens
1699 506 1746 539 ait,

965 550 1103 577 lsraelitas
1121 549 1224 585 Nagebi
1246 550 1351 577 incolas
1371 550 1609 584 baereditatisjnre
1620 555 1748 585 capturos

965 595 1106 631 proximos
1119 595 1191 622 Esau
1203 595 1294 628 locos;
1308 595 1423 630 Siphelae
1435 595 1500 621 item
1512 595 1586 622 cives
1599 594 1745 626 lsraelitas,

964 641 1103 676 regionem
1117 641 1331 676 alienigenarum
1347 645 1528 676 occupaturos
1541 650 1548 668 :
1568 645 1746 676 praeterquam

963 686 1035 721 quod
1053 686 1168 722 patriam
1187 693 1297 721 quoque
1314 686 1463 720 regionem,
1484 685 1523 712 uti
1540 692 1589 720 par
1609 688 1662 717 est,
1680 684 1750 712 obti.

963 731 1084 764 nebunt;
1113 738 1210 766 nempe
1233 729 1410 765 Ephraimitae
1435 729 1565 756 Samaria;
1590 729 1747 764 planitiem,

963 776 1121 812 Benjamitm
1142 775 1350 803 Galaaditidem.
1369 774 1497 802 Jamvero
1520 774 1677 810 postliminii
1701 782 1747 801 eo-

964 818 1023 849 rum
1049 821 1156 849 initium
1178 821 1253 856 regio
1275 820 1396 856 Sareptae
1421 821 1484 853 erit,
1509 821 1571 848 linis
1596 820 1746 855 Ephratlm.

963 867 1065 902 Nempe
1093 867 1132 894 ait
1155 873 1331 901 possessnros
1355 873 1403 893 eos
1425 865 1615 893 intermediam
1640 872 1747 892 omnem

965 913 1182 940 Chananmorum
1212 912 1361 946 regionem.
1383 911 1502 939 Cunctas
1525 911 1589 938 item
1619 911 1748 938 ﬁnitimas

966 958 1067 994 Nagehi
1084 959 1167 986 urbes
1186 958 1388 993 recuperabunt
1403 965 1499 985 omnes
1518 958 1556 990 hi,
1581 961 1610 984 ut
1629 964 1749 985 summa-

966 1006 1013 1031 tim
1029 1004 1130 1035 dicam,
1150 1005 1196 1039 qui
1222 1004 1288 1031 Sion
1313 1004 1397 1031 monti
1422 1007 1486 1031 sunt
1505 1004 1632 1038 proximi,
1657 1003 1748 1038 ibique

967 1051 1117 1086 legitimam
1142 1050 1304 1085 persolvunt
1331 1049 1386 1077 Deo
1409 1050 1578 1085 religionem.
1607 1050 1696 1084 Atque
1720 1050 1747 1077 hi

967 1104 1102 1125 summam
1117 1097 1233 1124 salutem
1248 1095 1349 1130 adepti,
1361 1095 1493 1122 maximas
1505 1095 1539 1122 ab
1549 1094 1619 1122 Esau
1633 1097 1748 1126 posteris

966 1142 1130 1175 iniuriarum
1146 1145 1269 1168 veterum
1288 1144 1429 1175 reposcent
1445 1147 1549 1175 poenas.
1565 1140 1670 1172 Quibus
1691 1148 1748 1167 om-

965 1187 1047 1214 nibus
1060 1186 1135 1214 addit
1148 1186 1298 1221 prophetiae
1311 1186 1461 1213 clausulam
1477 1195 1484 1212 :
1502 1195 1510 1211 ι
1526 1185 1558 1212 Et
1568 1186 1619 1213 erit
1635 1185 1748 1213 Domino

965 1241 1090 1268 regnum.
1107 1242 1117 1259 ι
1133 1232 1267 1260 Videlicet
1283 1237 1339 1259 tum
1357 1231 1541 1260 Israelitarum
1557 1233 1747 1267 prosperitate.

965 1284 1022 1307 tum
1047 1281 1194 1315 impiorum
1220 1279 1340 1307 hostium
1365 1278 1509 1314 supplicio,
1530 1278 1601 1305 Deus
1616 1286 1679 1305 vere
1700 1286 1746 1305 rex

964 1326 1200 1361 comprobabitur,
1228 1325 1415 1359 Dominusque
1439 1330 1466 1352 et
1489 1328 1595 1351 creator
1615 1325 1749 1354 omnium.

965 1371 1012 1406 qui
1037 1378 1086 1398 seu
1104 1378 1230 1402 suorum,
1249 1378 1297 1398 seu
1319 1369 1402 1397 etiam
1420 1369 1539 1401 illorum,
1556 1369 1602 1403 qui
1623 1369 1749 1396 videnlur

964 1418 1056 1450 alieni,
1070 1425 1119 1452 pro
1133 1424 1190 1445 sua:
1202 1417 1351 1445 voluntatis
1366 1416 1490 1448 arbitrio,
1506 1416 1587 1442 vitam
1616 1415 1750 1442 fortunas-

962 1470 1017 1498 que
1032 1466 1176 1498 temperat.

126 1506 237 1533 πάντων
251 1503 289 1533 ῶν
302 1515 333 1533 τε
344 1504 373 1534 εὖ
390 1508 541 1544 πάσχουσιν
559 1509 722 1544 Ἰσραηλῖται
735 1509 783 1536 καὶ
797 1507 834 1537 ὧν
854 1510 1031 1546 ὑπομένουσι,
1046 1510 1124 1542 δίκας
1138 1510 1257 1541 διδόντες
1278 1510 1302 1536 ot
1319 1509 1573 1545 παρανενομηκότες
1587 1509 1626 1540 είς
1640 1508 1748 1540 αὐτοὺς.

125 1554 249 1585 φανεῖται
266 1552 390 1588 βασιλεὺς
400 1554 526 1590 ἀληθὴςὸ
540 1555 615 1589 Θεὸς,
637 1557 651 1582 ὁ
667 1555 767 1592 Κύριός
786 1565 816 1583 τε
834 1558 882 1583 καὶ
899 1558 1014 1593 ποιητὴς
1026 1557 1080 1584 τῶν
1095 1557 1234 1590 ἁπάντων,
1254 1557 1314 1583 κατ’
1333 1556 1454 1590 ἐξουσίαν
1466 1555 1484 1583 ἃ
1500 1555 1623 1591 βούλεται
1639 1554 1701 1589 περί
1719 1562 1749 1580 τε

123 1599 186 1629 τοὺς
197 1598 313 1630 οἰκείους
332 1600 379 1626 καὶ
394 1601 456 1636 περὶ
470 1602 532 1632 τοὺς
544 1601 700 1636 ἀλλοτρίους
713 1600 781 1629 εἶναι
796 1603 940 1635 δοκοῦντας
955 1604 1049 1631 ποιῶν.

473 1790 755 1835 ΕΡΜΗΝΕΙΑ
789 1791 920 1835 ΙΩΝΑ
959 1792 1072 1834 ΤΟΥ
1096 1790 1417 1834 ΠΡΟΦΗΤΟΥ.

207 1979 776 2040 COMMENTARIUS
824 1981 898 2037 IN
945 1980 1179 2038 JONAM
1209 1975 1668 2035 PBOPHETAM.

163 2186 210 2220 Εἷς
220 2188 268 2215 καὶ
283 2189 298 2215 ὀ
309 2188 389 2220 αὐτὸς
398 2188 447 2222 τῆς
460 2197 489 2215 τε
499 2188 619 2220 Παλαιᾶς
634 2188 682 2215 καὶ
695 2188 767 2220 Νέας
780 2188 913 2225 Διαθήκης

1006 2187 1086 2223 150
1103 2186 1180 2214 Unus
1195 2185 1321 2220 idemque
1334 2184 1438 2213 Veteris
1451 2192 1483 2212 ac
1496 2183 1565 2212 Novi
1576 2184 1743 2213 Testamenti

130 2235 259 2270 ὑπάρχων
270 2234 335 2266 Θεὸς
345 2235 360 2261 ό
371 2234 509 2270 Δεσπότης
520 2235 567 2262 καὶ
581 2234 700 2270 Ποιητὴς
713 2234 767 2261 τῶν
776 2234 916 2267 ἀπάντων,

131 2280 196 2316 πρὸς
211 2280 258 2307 ἕνα
273 2280 374 2306 σκοπὸν
384 2279 465 2315 ὁρῶν,
478 2280 512 2307 τά
525 2288 554 2306 τε
570 2280 746 2316 κατ’ἐκείνην
758 2280 916 2315 ᾠκονόμησε

131 2327 176 2353 καὶ
197 2326 233 2352 τά
251 2326 310 2353 κατ’
330 2326 425 2361 αὐτήν·
443 2326 526 2352 πάλαι
545 2325 594 2360 μὲν
613 2325 683 2360 ἔχων
703 2325 916 2360 βεϐουλευμένον

130 2373 193 2407 παρ’
216 2371 304 2407 ἑαυτῷ
322 2371 354 2398 τδ
369 2371 419 2407 τὴν
438 2371 586 2406 μέλλουσαν
602 2371 717 2406 ἐκφῆναι
737 2371 914 2403 κατάστασιν,

130 2417 166 2452 (p.
183 2417 245 2452 228)
262 2414 353 2452 ἧσπερ
369 2417 419 2452 τὴν
433 2416 519 2452 ἀρχὴν
538 2417 566 2443 ὲν
581 2417 614 2451 τῇ
630 2416 701 2443 κατὰ
718 2416 762 2442 τὸν
779 2416 916 2451 Δεσπότην

129 2462 244 2497 Χριστὸν
255 2461 389 2494 ἀνέδειξεν
408 2461 557 2496 οἰκονομίᾳ·
572 2461 720 2495 ἀναγκαῖον
739 2461 767 2487 δὲ
781 2461 896 2496 νομίσας
906 2480 914 2492 ,

131 2507 158 2533 ὲν
169 2506 254 2541 ταύτῃ
275 2506 357 2542 δὴ,τῇ
371 2505 496 2541 παρούσῃ
507 2505 589 2540 λέγω,
604 2506 735 2541 πρότερον
750 2506 822 2541 ἡμᾶς
840 2506 916 2540 γενέ-

132 2552 203 2583 σθαι,
218 2549 268 2578 εἷθ’
284 2551 396 2588 ὓστερον
406 2552 445 2582 είς
461 2551 569 2586 ἐκείνην
586 2552 751 2586 μεταστῆναι
763 2551 807 2578 διὰ
818 2552 865 2586 τῆς
883 2552 915 2577 ὲκ

131 2597 233 2632 νεκρῶν
256 2597 441 2628 ἀναστάσεως·
469 2596 506 2629 ὡς
530 2596 562 2623 ἂν
578 2597 610 2623 ἐκ
624 2596 801 2633 παραθέσεως
815 2596 915 2631 μᾶλλον

130 2643 256 2678 γνοίημεν
270 2642 324 2670 τῶν
337 2651 369 2669 τε
381 2642 599 2678 δειχθησομένων
611 2642 641 2669 τὸ
654 2642 768 2677 μέγεθος
790 2642 912 2677 ἀγαθῶν·

130 2685 176 2715 εἷθ’
190 2688 228 2720 ὡς
244 2688 278 2715 ἂν
291 2687 372 2714 τοῦτο
384 2687 496 2723 γένηται
511 2688 600 2723 δῆλον,
612 2688 659 2715 καὶ
671 2688 709 2724 μὴ
725 2688 818 2715 καινόν
832 2697 858 2714 τι
872 2696 915 2714 νο-

133 2734 232 2768 μίζοιτο
248 2733 362 2768 ὕστερον
387 2732 581 2767 βεϐουλεῦσθαί
597 2741 628 2759 τε
643 2733 691 2760 καὶ
707 2732 913 2768 δεδοκιμακέναι

132 2779 190 2814 περὶ
205 2778 294 2814 ἡμῶν,
311 2778 357 2805 διὰ
375 2776 482 2804 πολλῶν
504 2778 552 2813 μὲν
566 2777 616 2813 ἢδη
632 2778 678 2804 καὶ
694 2777 795 2812 ἐτέρων
827 2777 913 2804 ἐναπ-

131 2823 202 2850 έθετο
213 2826 269 2856 τοῖς
279 2823 436 2858 ἀνθρώποις
446 2823 493 2849 τοῦ
507 2823 639 2850 Δεσπότου
650 2823 768 2858 Χριστοῦ
779 2822 826 2858 τὴν
838 2831 910 2857 παρ-

130 2870 229 2903 ουσίαν,
243 2870 313 2898 ὥστε
331 2869 435 2901 ’πάντας
460 2869 600 2901 Ἰουδαίους
617 2869 756 2906 πόρρωθεν
771 2869 914 2904 ἀπεκδέχε-

967 2232 1048 2266 Deus,
1065 2231 1232 2259 Dominusct
1250 2235 1357 2258 creator
1374 2230 1507 2262 omnium,
1523 2238 1577 2258 uno
1600 2237 1684 2265 scopo
1695 2230 1747 2258 sibi

966 2277 1119 2313 proposito,
1130 2276 1202 2304 illius
1219 2275 1319 2310 pariter
1329 2280 1409 2310 atque
1423 2275 1504 2310 hujus
1514 2275 1643 2310 temporis
1654 2282 1747 2301 curam

967 2325 1051 2360 gessit
1065 2334 1072 2351 :
1090 2323 1156 2351 olim
1177 2322 1289 2358 quidem
1312 2322 1415 2349 habens
1432 2321 1539 2348 ﬁrmum
1556 2320 1627 2356 apud
1641 2328 1670 2348 se
1683 2328 1747 2356 pro-

967 2370 1087 2406 positum
1105 2368 1228 2396 futurum
1249 2375 1339 2395 rerum
1355 2370 1456 2395 slatum
1478 2367 1512 2393 ad
1527 2366 1628 2394 exitum
1647 2367 1748 2402 perdu-

966 2414 1063 2447 cendi;
1085 2413 1166 2448 cujus
1188 2413 1296 2440 initium
1311 2411 1412 2439 Christi
1429 2410 1535 2437 Domini
1559 2410 1748 2437 incarnatione

967 2459 1054 2487 fecit:
1076 2459 1262 2486 necessarium
1292 2462 1381 2484 tamen
1404 2456 1556 2491 judicavit,
1585 2460 1746 2491 praesentem

966 2509 1046 2533 antea
1067 2504 1253 2533 conditionem
1278 2511 1328 2532 nos
1350 2503 1479 2538 experiri,
1495 2507 1551 2529 tum
1572 2504 1606 2529 ad
1628 2502 1746 2529 futuram

966 2551 1109 2578 transferri
1125 2558 1173 2585 per
1188 2549 1420 2578 resurrectionem
1433 2556 1448 2575 a
1462 2548 1589 2580 mortuis,
1606 2555 1703 2582 nempe
1718 2551 1747 2574 ut

965 2606 999 2626 ex
1010 2597 1216 2632 comparatione
1232 2596 1318 2630 magis
1333 2595 1413 2622 nobis
1429 2596 1612 2622 innotesceret
1629 2594 1747 2629 promis-

965 2651 1058 2670 sorum
1074 2642 1232 2678 magnitudo
1250 2641 1395 2669 bonorum.
1418 2640 1518 2668 Deinde
1532 2648 1587 2675 quo
1607 2639 1634 2667 id
1657 2640 1749 2667 consi-

965 2688 1031 2715 lium
1049 2687 1138 2723 palam
1160 2685 1247 2718 ﬁeret,
1264 2693 1352 2720 neque
1368 2685 1470 2720 aliquid
1487 2685 1549 2712 novi
1565 2685 1748 2720 excogitatum

965 2737 1058 2769 postea
1075 2733 1268 2766 decretumque
1293 2732 1442 2765 videretur,
1470 2731 1533 2758 aliis
1558 2738 1668 2766 quoque
1687 2737 1734 2764 per

965 2778 1059 2806 multis
1074 2778 1182 2806 indiciis
1192 2777 1296 2805 Christi
1306 2777 1413 2804 Domini
1430 2777 1576 2805 adventum
1589 2776 1746 2804 hominibus

967 2824 1157 2860 portenderat,
1184 2823 1222 2851 ita
1256 2828 1284 2851 ut
1314 2822 1400 2851 Judaai
1424 2831 1519 2851 onmes
1547 2824 1619 2851 hunc
1638 2823 1743 2857 jamdiu

966 2873 1164 2906 exspectarent.
1184 2868 1278 2904 Neque
1304 2869 1330 2896 id
1353 2869 1444 2897 minus
1464 2877 1497 2897 ex
1521 2869 1640 2897 oraculis
1658 2868 1745 2895 Abra<
