  <div class='ocr_page' id='page_1' title='image "/cluster/home/n/w/nwhite01/storage/ocr_20150623/66/njp.32101077772695/173.png"; bbox 0 0 1973 3066; ppageno 0'>
   <div class='ocr_carea' id='block_1_1' title="bbox 797 163 1255 197">
    <p class='ocr_par' dir='ltr' id='par_1_1' title="bbox 797 163 1255 197">
     <span class='ocr_line' id='line_1_1' title="bbox 797 163 1255 197; baseline -0.017 1"><span class='ocrx_word' id='word_1_1' title='bbox 797 167 975 197; x_wconf 76' lang='lat' dir='ltr'><strong>THEODOBl</strong></span> <span class='ocrx_word' id='word_1_2' title='bbox 1011 163 1255 195; x_wconf 71' lang='lat' dir='ltr'><strong>MOPSUESTENI</strong></span> 
     </span>
    </p>
   </div>
   <div class='ocr_carea' id='block_1_2' title="bbox 1797 156 1854 185">
    <p class='ocr_par' dir='ltr' id='par_1_2' title="bbox 1797 156 1854 185">
     <span class='ocr_line' id='line_1_2' title="bbox 1797 156 1854 185; baseline -0.035 0"><span class='ocrx_word' id='word_1_3' title='bbox 1797 156 1854 185; x_wconf 72' lang='lat'><strong>329</strong></span> 
     </span>
    </p>
   </div>
   <div class='ocr_carea' id='block_1_3' title="bbox 222 213 1023 269">
    <p class='ocr_par' dir='ltr' id='par_1_3' title="bbox 222 226 1023 269">
     <span class='ocr_line' id='line_1_3' title="bbox 222 226 1023 269; baseline -0.009 -8"><span class='ocrx_word' id='word_1_4' title='bbox 222 234 304 261; x_wconf 85' lang='lat' dir='ltr'><strong>hamo</strong></span> <span class='ocrx_word' id='word_1_5' title='bbox 326 232 478 269; x_wconf 85' lang='lat' dir='ltr'><strong>Davidique</strong></span> <span class='ocrx_word' id='word_1_6' title='bbox 498 231 580 260; x_wconf 80' lang='lat' dir='ltr'><strong>editis</strong></span> <span class='ocrx_word' id='word_1_7' title='bbox 598 228 804 260; x_wconf 76' lang='lat' dir='ltr'><strong>conﬁciebatur,</strong></span> <span class='ocrx_word' id='word_1_8' title='bbox 828 226 928 262; x_wconf 87' lang='lat' dir='ltr'><strong>quibus</strong></span> <span class='ocrx_word' id='word_1_9' title='bbox 944 232 1023 261; x_wconf 87' lang='lat' dir='ltr'><strong>pro-.</strong></span> 
     </span>
    </p>
   </div>
   <div class='ocr_carea' id='block_1_4' title="bbox 1076 213 1854 269">
    <p class='ocr_par' dir='ltr' id='par_1_4' title="bbox 1076 213 1854 269">
     <span class='ocr_line' id='line_1_4' title="bbox 1076 213 1854 257; baseline -0.013 -7"><span class='ocrx_word' id='word_1_10' title='bbox 1076 223 1119 250; x_wconf 84' lang='grc' dir='ltr'><strong>θαι</strong></span> <span class='ocrx_word' id='word_1_11' title='bbox 1142 221 1253 257; x_wconf 85' lang='grc' dir='ltr'>ταύτην·</span> <span class='ocrx_word' id='word_1_12' title='bbox 1271 218 1377 252; x_wconf 77' lang='grc' dir='ltr'>οὐδενὸς</span> <span class='ocrx_word' id='word_1_13' title='bbox 1398 217 1427 245; x_wconf 78' lang='grc' dir='ltr'>δὲ</span> <span class='ocrx_word' id='word_1_14' title='bbox 1443 215 1525 254; x_wconf 83' lang='grc' dir='ltr'>ἦττον</span> <span class='ocrx_word' id='word_1_15' title='bbox 1540 215 1572 243; x_wconf 75' lang='grc' dir='ltr'>ἐκ</span> <span class='ocrx_word' id='word_1_16' title='bbox 1596 224 1625 243; x_wconf 77' lang='grc' dir='ltr'><strong>τε</strong></span> <span class='ocrx_word' id='word_1_17' title='bbox 1639 214 1695 242; x_wconf 85' lang='grc' dir='ltr'><strong>τῶν</strong></span> <span class='ocrx_word' id='word_1_18' title='bbox 1718 213 1790 241; x_wconf 83' lang='grc' dir='ltr'>κατὰ</span> <span class='ocrx_word' id='word_1_19' title='bbox 1806 214 1854 240; x_wconf 80' lang='grc' dir='ltr'>τὸν</span> 
     </span>
     <span class='ocr_line' id='line_1_5' title="bbox 1107 258 1854 269; baseline 0 0"><span class='ocrx_word' id='word_1_20' title='bbox 1107 268 1111 269; x_wconf 46' lang='grc' dir='ltr'><em>ν</em></span> <span class='ocrx_word' id='word_1_21' title='bbox 1157 268 1161 269; x_wconf 46' lang='grc' dir='ltr'><em>ν</em></span> <span class='ocrx_word' id='word_1_22' title='bbox 1244 267 1249 269; x_wconf 88' lang='grc'>.</span> <span class='ocrx_word' id='word_1_23' title='bbox 1291 266 1296 269; x_wconf 90' lang='grc'>.</span> <span class='ocrx_word' id='word_1_24' title='bbox 1350 267 1353 269; x_wconf 98' lang='grc'>.</span> <span class='ocrx_word' id='word_1_25' title='bbox 1396 264 1423 269; x_wconf 51' lang='grc' dir='ltr'>λα</span> <span class='ocrx_word' id='word_1_26' title='bbox 1456 264 1466 269; x_wconf 79' lang='grc' dir='ltr'>ι.</span> <span class='ocrx_word' id='word_1_27' title='bbox 1636 260 1649 267; x_wconf 63' lang='grc' dir='ltr'><em>υ</em></span> <span class='ocrx_word' id='word_1_28' title='bbox 1755 259 1763 269; x_wconf 71' lang='grc' dir='ltr'>ι</span> <span class='ocrx_word' id='word_1_29' title='bbox 1777 268 1783 269; x_wconf 35' lang='grc' dir='ltr'><em>κ</em></span> <span class='ocrx_word' id='word_1_30' title='bbox 1808 258 1834 269; x_wconf 37' lang='grc' dir='ltr'>ιι</span> <span class='ocrx_word' id='word_1_31' title='bbox 1846 267 1854 269; x_wconf 49' lang='grc' dir='ltr'><strong>Α</strong></span> 
     </span>
    </p>
   </div>
   <div class='ocr_carea' id='block_1_5' title="bbox 222 271 1011 314">
    <p class='ocr_par' dir='ltr' id='par_1_5' title="bbox 222 271 1011 314">
     <span class='ocr_line' id='line_1_6' title="bbox 222 271 1011 314; baseline -0.011 -8"><span class='ocrx_word' id='word_1_32' title='bbox 222 279 351 312; x_wconf 87' lang='lat' dir='ltr'><strong>miserat;</strong></span> <span class='ocrx_word' id='word_1_33' title='bbox 375 278 414 306; x_wconf 86' lang='lat' dir='ltr'><strong>illi</strong></span> <span class='ocrx_word' id='word_1_34' title='bbox 434 278 557 314; x_wconf 83' lang='lat' dir='ltr'><strong>quidem,</strong></span> <span class='ocrx_word' id='word_1_35' title='bbox 574 276 632 304; x_wconf 81' lang='lat' dir='ltr'><strong>fore</strong></span> <span class='ocrx_word' id='word_1_36' title='bbox 653 278 684 302; x_wconf 90' lang='lat' dir='ltr'><strong>ut</strong></span> <span class='ocrx_word' id='word_1_37' title='bbox 701 281 796 301; x_wconf 86' lang='lat' dir='ltr'><strong>omnes</strong></span> <span class='ocrx_word' id='word_1_38' title='bbox 810 275 905 307; x_wconf 78' lang='lat' dir='ltr'><strong>gentes</strong></span> <span class='ocrx_word' id='word_1_39' title='bbox 925 271 953 298; x_wconf 93' lang='lat' dir='ltr'><strong>in</strong></span> <span class='ocrx_word' id='word_1_40' title='bbox 969 277 1011 298; x_wconf 85' lang='lat' dir='ltr'><strong>se-</strong></span> 
     </span>
    </p>
   </div>
   <div class='ocr_carea' id='block_1_6' title="bbox 223 317 1011 359">
    <p class='ocr_par' dir='ltr' id='par_1_6' title="bbox 223 317 1011 359">
     <span class='ocr_line' id='line_1_7' title="bbox 223 317 1011 359; baseline -0.009 -9"><span class='ocrx_word' id='word_1_41' title='bbox 223 325 297 352; x_wconf 86' lang='lat' dir='ltr'><strong>mine</strong></span> <span class='ocrx_word' id='word_1_42' title='bbox 318 324 381 359; x_wconf 85' lang='lat' dir='ltr'><strong>ejus</strong></span> <span class='ocrx_word' id='word_1_43' title='bbox 411 324 656 354; x_wconf 84' lang='lat' dir='ltr'><strong>benedicerentur;</strong></span> <span class='ocrx_word' id='word_1_44' title='bbox 679 321 743 348; x_wconf 90' lang='lat' dir='ltr'><strong>huic</strong></span> <span class='ocrx_word' id='word_1_45' title='bbox 762 325 866 350; x_wconf 87' lang='lat' dir='ltr'><strong>autem,</strong></span> <span class='ocrx_word' id='word_1_46' title='bbox 894 317 954 344; x_wconf 80' lang='lat' dir='ltr'><strong>fore</strong></span> <span class='ocrx_word' id='word_1_47' title='bbox 981 319 1011 344; x_wconf 94' lang='lat' dir='ltr'><strong>ut</strong></span> 
     </span>
    </p>
   </div>
   <div class='ocr_carea' id='block_1_7' title="bbox 223 364 1010 404">
    <p class='ocr_par' dir='ltr' id='par_1_7' title="bbox 223 364 1010 404">
     <span class='ocr_line' id='line_1_8' title="bbox 223 364 1010 404; baseline -0.01 -8"><span class='ocrx_word' id='word_1_48' title='bbox 223 370 342 403; x_wconf 74' lang='lat' dir='ltr'><strong>posteris</strong></span> <span class='ocrx_word' id='word_1_49' title='bbox 372 370 432 404; x_wconf 89' lang='lat' dir='ltr'><strong>ejus</strong></span> <span class='ocrx_word' id='word_1_50' title='bbox 465 372 626 404; x_wconf 88' lang='lat' dir='ltr'><strong>perpetuum</strong></span> <span class='ocrx_word' id='word_1_51' title='bbox 657 373 771 401; x_wconf 84' lang='lat' dir='ltr'><strong>regnum</strong></span> <span class='ocrx_word' id='word_1_52' title='bbox 801 364 1010 391; x_wconf 81' lang='lat' dir='ltr'><strong>attribueretur.</strong></span> 
     </span>
    </p>
   </div>
   <div class='ocr_carea' id='block_1_8' title="bbox 224 408 1014 450">
    <p class='ocr_par' dir='ltr' id='par_1_8' title="bbox 224 408 1014 450">
     <span class='ocr_line' id='line_1_9' title="bbox 224 408 1014 450; baseline -0.013 -7"><span class='ocrx_word' id='word_1_53' title='bbox 224 414 291 448; x_wconf 68' lang='lat' dir='ltr'><strong>Quae</strong></span> <span class='ocrx_word' id='word_1_54' title='bbox 311 416 405 450; x_wconf 86' lang='lat' dir='ltr'><strong>itaque</strong></span> <span class='ocrx_word' id='word_1_55' title='bbox 431 415 582 442; x_wconf 85' lang='lat' dir='ltr'><strong>secundum</strong></span> <span class='ocrx_word' id='word_1_56' title='bbox 600 412 693 448; x_wconf 85' lang='lat' dir='ltr'><strong>populi</strong></span> <span class='ocrx_word' id='word_1_57' title='bbox 719 410 952 438; x_wconf 71' lang='lat' dir='ltr'><strong>existimationem</strong></span> <span class='ocrx_word' id='word_1_58' title='bbox 975 408 1014 434; x_wconf 87' lang='lat' dir='ltr'><strong>si-</strong></span> 
     </span>
    </p>
   </div>
   <div class='ocr_carea' id='block_1_9' title="bbox 225 451 1014 496">
    <p class='ocr_par' dir='ltr' id='par_1_9' title="bbox 225 451 1014 496">
     <span class='ocr_line' id='line_1_10' title="bbox 225 451 1014 496; baseline -0.011 -8"><span class='ocrx_word' id='word_1_59' title='bbox 225 460 391 496; x_wconf 80' lang='lat' dir='ltr'><strong>gnificabant</strong></span> <span class='ocrx_word' id='word_1_60' title='bbox 417 461 505 491; x_wconf 85' lang='lat' dir='ltr'><strong>illum,</strong></span> <span class='ocrx_word' id='word_1_61' title='bbox 529 458 608 493; x_wconf 84' lang='lat' dir='ltr'><strong>cujus</strong></span> <span class='ocrx_word' id='word_1_62' title='bbox 630 464 713 486; x_wconf 85' lang='lat' dir='ltr'><strong>causa</strong></span> <span class='ocrx_word' id='word_1_63' title='bbox 736 456 777 483; x_wconf 70' lang='lat' dir='ltr'><strong>hac</strong></span> <span class='ocrx_word' id='word_1_64' title='bbox 802 462 845 482; x_wconf 89' lang='lat' dir='ltr'><strong>res</strong></span> <span class='ocrx_word' id='word_1_65' title='bbox 867 451 1014 481; x_wconf 72' lang='lat' dir='ltr'><strong>eillciendae</strong></span> 
     </span>
    </p>
   </div>
   <div class='ocr_carea' id='block_1_10' title="bbox 226 499 1015 541">
    <p class='ocr_par' dir='ltr' id='par_1_10' title="bbox 226 499 1015 541">
     <span class='ocr_line' id='line_1_11' title="bbox 226 499 1015 541; baseline -0.013 -7"><span class='ocrx_word' id='word_1_66' title='bbox 226 511 317 538; x_wconf 84' lang='lat' dir='ltr'><strong>erant,</strong></span> <span class='ocrx_word' id='word_1_67' title='bbox 340 513 372 533; x_wconf 91' lang='lat' dir='ltr'><strong>ea</strong></span> <span class='ocrx_word' id='word_1_68' title='bbox 397 513 494 541; x_wconf 81' lang='lat' dir='ltr'><strong>reapse</strong></span> <span class='ocrx_word' id='word_1_69' title='bbox 515 505 543 532; x_wconf 94' lang='lat' dir='ltr'><strong>in</strong></span> <span class='ocrx_word' id='word_1_70' title='bbox 570 503 671 531; x_wconf 88' lang='lat' dir='ltr'><strong>Cltristi</strong></span> <span class='ocrx_word' id='word_1_71' title='bbox 693 501 801 529; x_wconf 88' lang='lat' dir='ltr'><strong>Domini</strong></span> <span class='ocrx_word' id='word_1_72' title='bbox 826 499 1015 527; x_wconf 72' lang='lat' dir='ltr'><strong>incarnatione</strong></span> 
     </span>
    </p>
   </div>
   <div class='ocr_carea' id='block_1_11' title="bbox 227 542 1014 586">
    <p class='ocr_par' dir='ltr' id='par_1_11' title="bbox 227 542 1014 586">
     <span class='ocr_line' id='line_1_12' title="bbox 227 542 1014 586; baseline -0.011 -8"><span class='ocrx_word' id='word_1_73' title='bbox 227 555 367 586; x_wconf 89' lang='lat' dir='ltr'><strong>comperta</strong></span> <span class='ocrx_word' id='word_1_74' title='bbox 381 554 446 578; x_wconf 86' lang='lat' dir='ltr'><strong>sunt</strong></span> <span class='ocrx_word' id='word_1_75' title='bbox 464 549 567 577; x_wconf 78' lang='lat' dir='ltr'><strong>exitum</strong></span> <span class='ocrx_word' id='word_1_76' title='bbox 581 547 682 575; x_wconf 88' lang='lat' dir='ltr'><strong>habere</strong></span> <span class='ocrx_word' id='word_1_77' title='bbox 695 555 702 574; x_wconf 91' lang='lat'><strong>:</strong></span> <span class='ocrx_word' id='word_1_78' title='bbox 721 546 749 573; x_wconf 91' lang='lat' dir='ltr'><strong>in</strong></span> <span class='ocrx_word' id='word_1_79' title='bbox 764 553 818 580; x_wconf 84' lang='lat' dir='ltr'><strong>quo</strong></span> <span class='ocrx_word' id='word_1_80' title='bbox 831 544 914 572; x_wconf 86' lang='lat' dir='ltr'><strong>etiam</strong></span> <span class='ocrx_word' id='word_1_81' title='bbox 928 542 1014 579; x_wconf 87' lang='lat' dir='ltr'><strong>genti-</strong></span> 
     </span>
    </p>
   </div>
   <div class='ocr_carea' id='block_1_12' title="bbox 228 590 1015 631">
    <p class='ocr_par' dir='ltr' id='par_1_12' title="bbox 228 590 1015 631">
     <span class='ocr_line' id='line_1_13' title="bbox 228 590 1015 631; baseline -0.011 -7"><span class='ocrx_word' id='word_1_82' title='bbox 228 597 280 624; x_wconf 80' lang='lat' dir='ltr'><strong>bus</strong></span> <span class='ocrx_word' id='word_1_83' title='bbox 300 603 363 624; x_wconf 86' lang='lat' dir='ltr'><strong>vere</strong></span> <span class='ocrx_word' id='word_1_84' title='bbox 386 595 501 631; x_wconf 79' lang='lat' dir='ltr'><strong>contigit</strong></span> <span class='ocrx_word' id='word_1_85' title='bbox 519 593 655 624; x_wconf 76' lang='lat' dir='ltr'><strong>benedici,</strong></span> <span class='ocrx_word' id='word_1_86' title='bbox 683 597 710 620; x_wconf 91' lang='lat' dir='ltr'><strong>et</strong></span> <span class='ocrx_word' id='word_1_87' title='bbox 736 594 897 627; x_wconf 87' lang='lat' dir='ltr'><strong>perpetuum</strong></span> <span class='ocrx_word' id='word_1_88' title='bbox 919 590 1015 616; x_wconf 92' lang='lat' dir='ltr'><strong>incon-</strong></span> 
     </span>
    </p>
   </div>
   <div class='ocr_carea' id='block_1_13' title="bbox 228 635 1014 676">
    <p class='ocr_par' dir='ltr' id='par_1_13' title="bbox 228 635 1014 676">
     <span class='ocr_line' id='line_1_14' title="bbox 228 635 1014 676; baseline -0.01 -7"><span class='ocrx_word' id='word_1_89' title='bbox 228 648 396 676; x_wconf 88' lang='lat' dir='ltr'><strong>cussumque</strong></span> <span class='ocrx_word' id='word_1_90' title='bbox 413 640 522 675; x_wconf 80' lang='lat' dir='ltr'><strong>generis</strong></span> <span class='ocrx_word' id='word_1_91' title='bbox 541 646 655 674; x_wconf 81' lang='lat' dir='ltr'><strong>regnum</strong></span> <span class='ocrx_word' id='word_1_92' title='bbox 679 637 748 664; x_wconf 79' lang='lat' dir='ltr'><strong>ﬁeri.</strong></span> <span class='ocrx_word' id='word_1_93' title='bbox 768 636 916 671; x_wconf 82' lang='lat' dir='ltr'><strong>Propterea</strong></span> <span class='ocrx_word' id='word_1_94' title='bbox 933 635 1014 662; x_wconf 84' lang='lat' dir='ltr'><strong>etiam</strong></span> 
     </span>
    </p>
   </div>
   <div class='ocr_carea' id='block_1_14' title="bbox 229 680 1015 722">
    <p class='ocr_par' dir='ltr' id='par_1_14' title="bbox 229 680 1015 722">
     <span class='ocr_line' id='line_1_15' title="bbox 229 680 1015 722; baseline -0.011 -7"><span class='ocrx_word' id='word_1_95' title='bbox 229 686 277 714; x_wconf 86' lang='lat' dir='ltr'><strong>Dei</strong></span> <span class='ocrx_word' id='word_1_96' title='bbox 294 686 464 722; x_wconf 84' lang='lat' dir='ltr'><strong>providentia</strong></span> <span class='ocrx_word' id='word_1_97' title='bbox 479 685 552 713; x_wconf 90' lang='lat' dir='ltr'><strong>circa</strong></span> <span class='ocrx_word' id='word_1_98' title='bbox 565 684 694 720; x_wconf 87' lang='lat' dir='ltr'><strong>populum</strong></span> <span class='ocrx_word' id='word_1_99' title='bbox 711 683 795 711; x_wconf 92' lang='lat' dir='ltr'><strong>multa</strong></span> <span class='ocrx_word' id='word_1_100' title='bbox 809 681 872 714; x_wconf 81' lang='lat' dir='ltr'><strong>fuit,</strong></span> <span class='ocrx_word' id='word_1_101' title='bbox 886 680 1015 716; x_wconf 89' lang='lat' dir='ltr'><strong>quoniatn</strong></span> 
     </span>
    </p>
   </div>
   <div class='ocr_carea' id='block_1_15' title="bbox 229 729 1018 766">
    <p class='ocr_par' dir='ltr' id='par_1_15' title="bbox 229 729 1018 766">
     <span class='ocr_line' id='line_1_16' title="bbox 229 729 1018 766; baseline -0.01 -6"><span class='ocrx_word' id='word_1_102' title='bbox 229 739 325 760; x_wconf 81' lang='lat' dir='ltr'><strong>omnes</strong></span> <span class='ocrx_word' id='word_1_103' title='bbox 342 731 556 766; x_wconf 89' lang='lat' dir='ltr'><strong>promissionum</strong></span> <span class='ocrx_word' id='word_1_104' title='bbox 577 729 712 757; x_wconf 87' lang='lat' dir='ltr'><strong>dictarum</strong></span> <span class='ocrx_word' id='word_1_105' title='bbox 734 735 881 759; x_wconf 87' lang='lat' dir='ltr'><strong>memores,</strong></span> <span class='ocrx_word' id='word_1_106' title='bbox 904 729 1018 762; x_wconf 81' lang='lat' dir='ltr'><strong>exopta-</strong></span> 
     </span>
    </p>
   </div>
   <div class='ocr_carea' id='block_1_16' title="bbox 229 772 1015 811">
    <p class='ocr_par' dir='ltr' id='par_1_16' title="bbox 229 772 1015 811">
     <span class='ocr_line' id='line_1_17' title="bbox 229 772 1015 811; baseline -0.01 -6"><span class='ocrx_word' id='word_1_107' title='bbox 229 782 288 806; x_wconf 90' lang='lat' dir='ltr'><strong>tum</strong></span> <span class='ocrx_word' id='word_1_108' title='bbox 317 777 419 806; x_wconf 81' lang='lat' dir='ltr'><strong>Christi</strong></span> <span class='ocrx_word' id='word_1_109' title='bbox 450 776 560 805; x_wconf 89' lang='lat' dir='ltr'><strong>Domini</strong></span> <span class='ocrx_word' id='word_1_110' title='bbox 595 774 825 811; x_wconf 61' lang='lat' dir='ltr'><strong>praestolabantur</strong></span> <span class='ocrx_word' id='word_1_111' title='bbox 859 772 1015 800; x_wconf 82' lang='lat' dir='ltr'><strong>adventum.</strong></span> 
     </span>
    </p>
   </div>
   <div class='ocr_carea' id='block_1_17' title="bbox 230 817 1018 859">
    <p class='ocr_par' dir='ltr' id='par_1_17' title="bbox 230 817 1018 859">
     <span class='ocr_line' id='line_1_18' title="bbox 230 817 1018 859; baseline -0.008 -8"><span class='ocrx_word' id='word_1_112' title='bbox 230 825 320 859; x_wconf 81' lang='lat' dir='ltr'><strong>Atque</strong></span> <span class='ocrx_word' id='word_1_113' title='bbox 337 823 394 850; x_wconf 56' lang='lat' dir='ltr'><strong>hac</strong></span> <span class='ocrx_word' id='word_1_114' title='bbox 414 830 498 850; x_wconf 83' lang='lat' dir='ltr'><strong>causa</strong></span> <span class='ocrx_word' id='word_1_115' title='bbox 519 821 581 852; x_wconf 77' lang='lat' dir='ltr'><strong>fuit.</strong></span> <span class='ocrx_word' id='word_1_116' title='bbox 600 829 650 848; x_wconf 85' lang='lat' dir='ltr'><strong>cur</strong></span> <span class='ocrx_word' id='word_1_117' title='bbox 666 820 784 856; x_wconf 90' lang='lat' dir='ltr'><strong>plurima</strong></span> <span class='ocrx_word' id='word_1_118' title='bbox 806 820 834 846; x_wconf 91' lang='lat' dir='ltr'><strong>in</strong></span> <span class='ocrx_word' id='word_1_119' title='bbox 847 818 946 846; x_wconf 77' lang='lat' dir='ltr'><strong>Vetere</strong></span> <span class='ocrx_word' id='word_1_120' title='bbox 964 817 1018 845; x_wconf 88' lang='lat' dir='ltr'><strong>Te-</strong></span> 
     </span>
    </p>
   </div>
   <div class='ocr_carea' id='block_1_18' title="bbox 1066 258 1855 304">
    <p class='ocr_par' dir='ltr' id='par_1_18' title="bbox 1066 258 1855 304">
     <span class='ocr_line' id='line_1_19' title="bbox 1066 258 1855 304; baseline -0.013 -9"><span class='ocrx_word' id='word_1_121' title='bbox 1066 268 1192 304; x_wconf 80' lang='grc' dir='ltr'>⁶Α6ραάμ</span> <span class='ocrx_word' id='word_1_122' title='bbox 1209 267 1256 294; x_wconf 73' lang='grc' dir='ltr'>καὶ</span> <span class='ocrx_word' id='word_1_123' title='bbox 1273 266 1320 293; x_wconf 83' lang='grc' dir='ltr'>τὸν</span> <span class='ocrx_word' id='word_1_124' title='bbox 1342 264 1423 292; x_wconf 79' lang='grc' dir='ltr'><strong>Δαυῖδ</strong></span> <span class='ocrx_word' id='word_1_125' title='bbox 1439 264 1582 300; x_wconf 72' lang='grc' dir='ltr'>εἴργασται</span> <span class='ocrx_word' id='word_1_126' title='bbox 1603 260 1693 294; x_wconf 82' lang='grc' dir='ltr'>τοῦτο,</span> <span class='ocrx_word' id='word_1_127' title='bbox 1713 259 1784 296; x_wconf 80' lang='grc' dir='ltr'>πρὸς</span> <span class='ocrx_word' id='word_1_128' title='bbox 1804 258 1855 291; x_wconf 78' lang='grc' dir='ltr'>οὓς</span> 
     </span>
    </p>
   </div>
   <div class='ocr_carea' id='block_1_19' title="bbox 1060 305 1853 349">
    <p class='ocr_par' dir='ltr' id='par_1_19' title="bbox 1060 305 1853 349">
     <span class='ocr_line' id='line_1_20' title="bbox 1060 305 1853 349; baseline -0.011 -9"><span class='ocrx_word' id='word_1_129' title='bbox 1060 313 1223 349; x_wconf 75' lang='grc' dir='ltr'><strong>ἐπαγγελίας</strong></span> <span class='ocrx_word' id='word_1_130' title='bbox 1240 312 1396 347; x_wconf 72' lang='grc' dir='ltr'>ἐποιήσατο,</span> <span class='ocrx_word' id='word_1_131' title='bbox 1415 310 1460 337; x_wconf 80' lang='grc' dir='ltr'>τὸν</span> <span class='ocrx_word' id='word_1_132' title='bbox 1476 309 1535 345; x_wconf 81' lang='grc' dir='ltr'>μὲν,</span> <span class='ocrx_word' id='word_1_133' title='bbox 1551 309 1591 335; x_wconf 75' lang='grc' dir='ltr'>ὅτι</span> <span class='ocrx_word' id='word_1_134' title='bbox 1634 305 1853 341; x_wconf 79' lang='grc' dir='ltr'>ὲνευλογηθήσε-</span> 
     </span>
    </p>
   </div>
   <div class='ocr_carea' id='block_1_20' title="bbox 1061 351 1853 395">
    <p class='ocr_par' dir='ltr' id='par_1_20' title="bbox 1061 351 1853 395">
     <span class='ocr_line' id='line_1_21' title="bbox 1061 351 1853 395; baseline -0.013 -8"><span class='ocrx_word' id='word_1_135' title='bbox 1061 369 1106 387; x_wconf 84' lang='grc' dir='ltr'><strong>ται</strong></span> <span class='ocrx_word' id='word_1_136' title='bbox 1121 361 1150 386; x_wconf 78' lang='grc' dir='ltr'>ὲν</span> <span class='ocrx_word' id='word_1_137' title='bbox 1164 359 1202 395; x_wconf 82' lang='grc' dir='ltr'>τῷ</span> <span class='ocrx_word' id='word_1_138' title='bbox 1216 359 1353 394; x_wconf 83' lang='grc' dir='ltr'>σπέρματι</span> <span class='ocrx_word' id='word_1_139' title='bbox 1366 355 1448 383; x_wconf 79' lang='grc' dir='ltr'>αὑτοῦ</span> <span class='ocrx_word' id='word_1_140' title='bbox 1462 356 1551 382; x_wconf 91' lang='grc' dir='ltr'>πάντα</span> <span class='ocrx_word' id='word_1_141' title='bbox 1560 354 1594 380; x_wconf 82' lang='grc' dir='ltr'>τὰ</span> <span class='ocrx_word' id='word_1_142' title='bbox 1608 353 1682 388; x_wconf 67' lang='grc' dir='ltr'>ἐθνηε</span> <span class='ocrx_word' id='word_1_143' title='bbox 1700 352 1746 379; x_wconf 83' lang='grc' dir='ltr'><strong>τὸν</strong></span> <span class='ocrx_word' id='word_1_144' title='bbox 1758 351 1797 383; x_wconf 80' lang='grc' dir='ltr'><strong>δὲ,</strong></span> <span class='ocrx_word' id='word_1_145' title='bbox 1810 351 1853 378; x_wconf 78' lang='grc' dir='ltr'>ὅτι</span> 
     </span>
    </p>
   </div>
   <div class='ocr_carea' id='block_1_21' title="bbox 1062 396 1853 442">
    <p class='ocr_par' dir='ltr' id='par_1_21' title="bbox 1062 396 1853 442">
     <span class='ocr_line' id='line_1_22' title="bbox 1062 396 1853 442; baseline -0.014 -9"><span class='ocrx_word' id='word_1_146' title='bbox 1062 406 1174 442; x_wconf 82' lang='grc' dir='ltr'><strong>διηνεκῆ</strong></span> <span class='ocrx_word' id='word_1_147' title='bbox 1191 403 1305 440; x_wconf 77' lang='grc' dir='ltr'><strong>παρέξει</strong></span> <span class='ocrx_word' id='word_1_148' title='bbox 1318 405 1373 435; x_wconf 88' lang='grc' dir='ltr'>τοῖς</span> <span class='ocrx_word' id='word_1_149' title='bbox 1388 402 1417 435; x_wconf 73' lang='grc' dir='ltr'><strong>ἐξ</strong></span> <span class='ocrx_word' id='word_1_150' title='bbox 1440 399 1522 428; x_wconf 79' lang='grc' dir='ltr'>αὑτοῦ</span> <span class='ocrx_word' id='word_1_151' title='bbox 1540 400 1590 435; x_wconf 80' lang='grc' dir='ltr'>τὴν</span> <span class='ocrx_word' id='word_1_152' title='bbox 1607 397 1757 434; x_wconf 84' lang='grc' dir='ltr'>βασιλείαν·</span> <span class='ocrx_word' id='word_1_153' title='bbox 1778 396 1853 442; x_wconf 55' lang='grc' dir='ltr'>άπερ</span> 
     </span>
    </p>
   </div>
   <div class='ocr_carea' id='block_1_22' title="bbox 1062 439 1857 485">
    <p class='ocr_par' dir='ltr' id='par_1_22' title="bbox 1062 439 1857 485">
     <span class='ocr_line' id='line_1_23' title="bbox 1062 439 1857 485; baseline -0.013 -8"><span class='ocrx_word' id='word_1_154' title='bbox 1062 439 1110 477; x_wconf 76' lang='grc' dir='ltr'>οὖν</span> <span class='ocrx_word' id='word_1_155' title='bbox 1126 439 1238 485; x_wconf 71' lang='grc' dir='ltr'>τῷμὲν</span> <span class='ocrx_word' id='word_1_156' title='bbox 1248 449 1336 475; x_wconf 82' lang='grc' dir='ltr'>δοκεῖν</span> <span class='ocrx_word' id='word_1_157' title='bbox 1360 447 1406 474; x_wconf 84' lang='grc' dir='ltr'><strong>τὸν</strong></span> <span class='ocrx_word' id='word_1_158' title='bbox 1427 446 1490 473; x_wconf 79' lang='grc' dir='ltr'>λαὸν</span> <span class='ocrx_word' id='word_1_159' title='bbox 1515 445 1615 480; x_wconf 66' lang='grc' dir='ltr'>ἐμήνυε</span> <span class='ocrx_word' id='word_1_160' title='bbox 1635 443 1680 469; x_wconf 80' lang='grc' dir='ltr'><strong>τὸν</strong></span> <span class='ocrx_word' id='word_1_161' title='bbox 1707 443 1749 477; x_wconf 73' lang='grc' dir='ltr'><strong>ἔφ’</strong></span> <span class='ocrx_word' id='word_1_162' title='bbox 1769 439 1857 477; x_wconf 74' lang='grc' dir='ltr'>οὗπερ</span> 
     </span>
    </p>
   </div>
   <div class='ocr_carea' id='block_1_23' title="bbox 1063 486 1856 530">
    <p class='ocr_par' dir='ltr' id='par_1_23' title="bbox 1063 486 1856 530">
     <span class='ocr_line' id='line_1_24' title="bbox 1063 486 1856 530; baseline -0.011 -9"><span class='ocrx_word' id='word_1_163' title='bbox 1063 494 1152 522; x_wconf 78' lang='grc' dir='ltr'>ταῦτα</span> <span class='ocrx_word' id='word_1_164' title='bbox 1173 492 1342 530; x_wconf 79' lang='grc' dir='ltr'>πληροῦσθαι</span> <span class='ocrx_word' id='word_1_165' title='bbox 1366 490 1493 526; x_wconf 78' lang='grc' dir='ltr'>ήμελλεν·</span> <span class='ocrx_word' id='word_1_166' title='bbox 1519 489 1536 525; x_wconf 87' lang='grc' dir='ltr'>ὴ</span> <span class='ocrx_word' id='word_1_167' title='bbox 1561 488 1589 514; x_wconf 78' lang='grc' dir='ltr'>δὲ</span> <span class='ocrx_word' id='word_1_168' title='bbox 1609 487 1663 514; x_wconf 83' lang='grc' dir='ltr'><strong>τῶν</strong></span> <span class='ocrx_word' id='word_1_169' title='bbox 1682 486 1856 522; x_wconf 81' lang='grc' dir='ltr'><strong>πραγμάτων</strong></span> 
     </span>
    </p>
   </div>
   <div class='ocr_carea' id='block_1_24' title="bbox 1065 533 1857 576">
    <p class='ocr_par' dir='ltr' id='par_1_24' title="bbox 1065 533 1857 576">
     <span class='ocr_line' id='line_1_25' title="bbox 1065 533 1857 576; baseline -0.013 -9"><span class='ocrx_word' id='word_1_170' title='bbox 1065 540 1178 576; x_wconf 83' lang='grc' dir='ltr'>ἀλήθεια</span> <span class='ocrx_word' id='word_1_171' title='bbox 1191 539 1238 566; x_wconf 81' lang='grc' dir='ltr'><strong>ἐπὶ</strong></span> <span class='ocrx_word' id='word_1_172' title='bbox 1251 537 1306 565; x_wconf 84' lang='grc' dir='ltr'><strong>τῶν</strong></span> <span class='ocrx_word' id='word_1_173' title='bbox 1320 537 1392 564; x_wconf 80' lang='grc' dir='ltr'>κατὰ</span> <span class='ocrx_word' id='word_1_174' title='bbox 1409 536 1455 564; x_wconf 79' lang='grc' dir='ltr'><strong>τὸν</strong></span> <span class='ocrx_word' id='word_1_175' title='bbox 1468 534 1606 570; x_wconf 81' lang='grc' dir='ltr'>Δεσπότην</span> <span class='ocrx_word' id='word_1_176' title='bbox 1617 533 1736 569; x_wconf 79' lang='grc' dir='ltr'>Χριστὸν</span> <span class='ocrx_word' id='word_1_177' title='bbox 1751 533 1857 576; x_wconf 68' lang='grc' dir='ltr'>οἰκονο-</span> 
     </span>
    </p>
   </div>
   <div class='ocr_carea' id='block_1_25' title="bbox 1067 574 1855 623">
    <p class='ocr_par' dir='ltr' id='par_1_25' title="bbox 1067 574 1855 623">
     <span class='ocr_line' id='line_1_26' title="bbox 1067 574 1855 623; baseline -0.013 -9"><span class='ocrx_word' id='word_1_178' title='bbox 1067 574 1207 623; x_wconf 75' lang='grc' dir='ltr'>μηθὲντων</span> <span class='ocrx_word' id='word_1_179' title='bbox 1228 585 1364 611; x_wconf 72' lang='grc' dir='ltr'>ἐδείκνυτο</span> <span class='ocrx_word' id='word_1_180' title='bbox 1385 581 1506 609; x_wconf 75' lang='grc' dir='ltr'>λαϐοῦσα</span> <span class='ocrx_word' id='word_1_181' title='bbox 1527 580 1557 607; x_wconf 79' lang='grc' dir='ltr'><strong>τὺ</strong></span> <span class='ocrx_word' id='word_1_182' title='bbox 1582 580 1679 615; x_wconf 80' lang='grc' dir='ltr'>πέρας,</span> <span class='ocrx_word' id='word_1_183' title='bbox 1701 579 1742 613; x_wconf 74' lang='grc' dir='ltr'><strong>ἐφ’</strong></span> <span class='ocrx_word' id='word_1_184' title='bbox 1767 574 1855 613; x_wconf 75' lang='grc' dir='ltr'>οὗπερ</span> 
     </span>
    </p>
   </div>
   <div class='ocr_carea' id='block_1_26' title="bbox 1065 624 1859 665">
    <p class='ocr_par' dir='ltr' id='par_1_26' title="bbox 1065 624 1859 665">
     <span class='ocr_line' id='line_1_27' title="bbox 1065 624 1859 665; baseline -0.013 -5"><span class='ocrx_word' id='word_1_185' title='bbox 1065 633 1114 660; x_wconf 77' lang='grc' dir='ltr'>καὶ</span> <span class='ocrx_word' id='word_1_186' title='bbox 1135 633 1165 659; x_wconf 84' lang='grc' dir='ltr'><strong>τὺ</strong></span> <span class='ocrx_word' id='word_1_187' title='bbox 1179 629 1390 665; x_wconf 82' lang='grc' dir='ltr'>ὲνευλογηθῆναι</span> <span class='ocrx_word' id='word_1_188' title='bbox 1411 628 1446 655; x_wconf 83' lang='grc' dir='ltr'><strong>τά</strong></span> <span class='ocrx_word' id='word_1_189' title='bbox 1459 627 1523 663; x_wconf 72' lang='grc' dir='ltr'>ἔθνη</span> <span class='ocrx_word' id='word_1_190' title='bbox 1538 627 1650 662; x_wconf 86' lang='grc' dir='ltr'>γέγονεν</span> <span class='ocrx_word' id='word_1_191' title='bbox 1665 624 1773 661; x_wconf 88' lang='grc' dir='ltr'>ἀληθῶς</span> <span class='ocrx_word' id='word_1_192' title='bbox 1784 645 1791 657; x_wconf 84' lang='grc'>,</span> <span class='ocrx_word' id='word_1_193' title='bbox 1808 625 1859 651; x_wconf 72' lang='grc' dir='ltr'>καὶ</span> 
     </span>
    </p>
   </div>
   <div class='ocr_carea' id='block_1_27' title="bbox 1065 670 1860 714">
    <p class='ocr_par' dir='ltr' id='par_1_27' title="bbox 1065 670 1860 714">
     <span class='ocr_line' id='line_1_28' title="bbox 1065 670 1860 714; baseline -0.013 -8"><span class='ocrx_word' id='word_1_194' title='bbox 1065 677 1176 714; x_wconf 75' lang='grc' dir='ltr'>διηνεκῆ</span> <span class='ocrx_word' id='word_1_195' title='bbox 1188 677 1216 704; x_wconf 71' lang='grc' dir='ltr'>δὲ</span> <span class='ocrx_word' id='word_1_196' title='bbox 1235 677 1281 704; x_wconf 79' lang='grc' dir='ltr'>καὶ</span> <span class='ocrx_word' id='word_1_197' title='bbox 1292 675 1440 702; x_wconf 86' lang='grc' dir='ltr'>ἀσάλευτον</span> <span class='ocrx_word' id='word_1_198' title='bbox 1452 671 1522 700; x_wconf 82' lang='grc' dir='ltr'>εῖναι</span> <span class='ocrx_word' id='word_1_199' title='bbox 1536 673 1574 708; x_wconf 87' lang='grc' dir='ltr'>τῷ</span> <span class='ocrx_word' id='word_1_200' title='bbox 1590 672 1729 707; x_wconf 82' lang='grc' dir='ltr'>σπέρματι</span> <span class='ocrx_word' id='word_1_201' title='bbox 1743 670 1793 706; x_wconf 85' lang='grc' dir='ltr'><strong>τὴν</strong></span> <span class='ocrx_word' id='word_1_202' title='bbox 1813 670 1860 706; x_wconf 82' lang='grc' dir='ltr'><strong>βα-</strong></span> 
     </span>
    </p>
   </div>
   <div class='ocr_carea' id='block_1_28' title="bbox 1068 717 1860 756">
    <p class='ocr_par' dir='ltr' id='par_1_28' title="bbox 1068 717 1860 756">
     <span class='ocr_line' id='line_1_29' title="bbox 1068 717 1860 756; baseline -0.011 -4"><span class='ocrx_word' id='word_1_203' title='bbox 1068 724 1181 752; x_wconf 85' lang='grc' dir='ltr'>σιλείαν·</span> <span class='ocrx_word' id='word_1_204' title='bbox 1202 723 1246 750; x_wconf 78' lang='grc' dir='ltr'><strong>διὰ</strong></span> <span class='ocrx_word' id='word_1_205' title='bbox 1263 722 1292 750; x_wconf 79' lang='grc' dir='ltr'>δὲ</span> <span class='ocrx_word' id='word_1_206' title='bbox 1303 721 1381 749; x_wconf 84' lang='grc' dir='ltr'>τοῦτο</span> <span class='ocrx_word' id='word_1_207' title='bbox 1401 721 1448 748; x_wconf 79' lang='grc' dir='ltr'><strong>καὶ</strong></span> <span class='ocrx_word' id='word_1_208' title='bbox 1466 720 1483 756; x_wconf 85' lang='grc' dir='ltr'><strong>ή</strong></span> <span class='ocrx_word' id='word_1_209' title='bbox 1499 719 1563 756; x_wconf 75' lang='grc' dir='ltr'>περὶ</span> <span class='ocrx_word' id='word_1_210' title='bbox 1576 718 1620 745; x_wconf 80' lang='grc' dir='ltr'><strong>τδν</strong></span> <span class='ocrx_word' id='word_1_211' title='bbox 1637 718 1702 745; x_wconf 87' lang='grc' dir='ltr'>λαὺν</span> <span class='ocrx_word' id='word_1_212' title='bbox 1714 717 1860 753; x_wconf 71' lang='grc' dir='ltr'>ἐπιμέλεια</span> 
     </span>
    </p>
   </div>
   <div class='ocr_carea' id='block_1_29' title="bbox 1067 763 1863 804">
    <p class='ocr_par' dir='ltr' id='par_1_29' title="bbox 1067 763 1863 804">
     <span class='ocr_line' id='line_1_30' title="bbox 1067 763 1863 804; baseline -0.011 -6"><span class='ocrx_word' id='word_1_213' title='bbox 1067 771 1114 798; x_wconf 76' lang='grc' dir='ltr'><strong>τοῦ</strong></span> <span class='ocrx_word' id='word_1_214' title='bbox 1129 769 1197 797; x_wconf 80' lang='grc' dir='ltr'>Θεοῦ</span> <span class='ocrx_word' id='word_1_215' title='bbox 1215 768 1298 804; x_wconf 88' lang='grc' dir='ltr'>πολλή</span> <span class='ocrx_word' id='word_1_216' title='bbox 1313 776 1355 799; x_wconf 87' lang='grc' dir='ltr'><strong>τις</strong></span> <span class='ocrx_word' id='word_1_217' title='bbox 1368 767 1488 802; x_wconf 80' lang='grc' dir='ltr'>γέγονεν,</span> <span class='ocrx_word' id='word_1_218' title='bbox 1505 766 1544 802; x_wconf 90' lang='lat' dir='ltr'><strong>(p.</strong></span> <span class='ocrx_word' id='word_1_219' title='bbox 1560 765 1624 800; x_wconf 71' lang='lat'><strong>2&#39;29)</strong></span> <span class='ocrx_word' id='word_1_220' title='bbox 1648 763 1740 799; x_wconf 78' lang='grc' dir='ltr'>ἐπειδὴ</span> <span class='ocrx_word' id='word_1_221' title='bbox 1760 763 1863 794; x_wconf 85' lang='grc' dir='ltr'>πάντες</span> 
     </span>
    </p>
   </div>
   <div class='ocr_carea' id='block_1_30' title="bbox 1069 809 1863 849">
    <p class='ocr_par' dir='ltr' id='par_1_30' title="bbox 1069 809 1863 849">
     <span class='ocr_line' id='line_1_31' title="bbox 1069 809 1863 849; baseline -0.01 -6"><span class='ocrx_word' id='word_1_222' title='bbox 1069 817 1115 844; x_wconf 74' lang='grc' dir='ltr'><strong>ἐπὶ</strong></span> <span class='ocrx_word' id='word_1_223' title='bbox 1127 817 1188 848; x_wconf 84' lang='grc' dir='ltr'>ταῖς</span> <span class='ocrx_word' id='word_1_224' title='bbox 1203 813 1380 849; x_wconf 71' lang='grc' dir='ltr'><strong>ἐπαγγελίαις</strong></span> <span class='ocrx_word' id='word_1_225' title='bbox 1398 811 1594 847; x_wconf 84' lang='grc' dir='ltr'>φυλαττόμενοι</span> <span class='ocrx_word' id='word_1_226' title='bbox 1608 811 1669 842; x_wconf 84' lang='grc' dir='ltr'>ταῖς</span> <span class='ocrx_word' id='word_1_227' title='bbox 1690 809 1863 846; x_wconf 78' lang='grc' dir='ltr'>εἰρημέναις,</span> 
     </span>
    </p>
   </div>
   <div class='ocr_carea' id='block_1_31' title="bbox 230 855 1023 902">
    <p class='ocr_par' dir='ltr' id='par_1_31' title="bbox 230 855 1018 902">
     <span class='ocr_line' id='line_1_32' title="bbox 230 855 1018 902; baseline -0.01 -4"><span class='ocrx_word' id='word_1_228' title='bbox 230 855 368 898; x_wconf 72' lang='lat' dir='ltr'><strong>stainento</strong></span> <span class='ocrx_word' id='word_1_229' title='bbox 381 869 451 896; x_wconf 85' lang='lat' dir='ltr'><strong>Deus</strong></span> <span class='ocrx_word' id='word_1_230' title='bbox 468 867 620 896; x_wconf 85' lang='lat' dir='ltr'><strong>secundum</strong></span> <span class='ocrx_word' id='word_1_231' title='bbox 634 855 770 902; x_wconf 80' lang='lat' dir='ltr'><strong>ejusmodi</strong></span> <span class='ocrx_word' id='word_1_232' title='bbox 783 865 1018 893; x_wconf 80' lang='lat' dir='ltr'><strong>administraverit</strong></span> 
     </span>
    </p>
   </div>
   <div class='ocr_carea' id='block_1_32' title="bbox 1076 855 1849 902">
    <p class='ocr_par' dir='ltr' id='par_1_32' title="bbox 1076 855 1849 899">
     <span class='ocr_line' id='line_1_33' title="bbox 1076 855 1849 899; baseline -0.01 -9"><span class='ocrx_word' id='word_1_233' title='bbox 1076 864 1120 899; x_wconf 75' lang='grc' dir='ltr'>τὴν</span> <span class='ocrx_word' id='word_1_234' title='bbox 1135 861 1362 898; x_wconf 82' lang='grc' dir='ltr'><strong>προσδοκωμένην</strong></span> <span class='ocrx_word' id='word_1_235' title='bbox 1376 859 1527 896; x_wconf 83' lang='grc' dir='ltr'>παρουσίαν</span> <span class='ocrx_word' id='word_1_236' title='bbox 1548 858 1680 893; x_wconf 78' lang='grc' dir='ltr'>ἀνέμενον</span> <span class='ocrx_word' id='word_1_237' title='bbox 1697 856 1745 884; x_wconf 85' lang='grc' dir='ltr'>τοῦ</span> <span class='ocrx_word' id='word_1_238' title='bbox 1758 855 1849 882; x_wconf 84' lang='grc' dir='ltr'>Δεσπό</span> 
     </span>
    </p>
   </div>
   <div class='ocr_carea' id='block_1_33' title="bbox 232 896 1023 948">
    <p class='ocr_par' dir='ltr' id='par_1_33' title="bbox 232 896 1020 948">
     <span class='ocr_line' id='line_1_34' title="bbox 232 896 1020 948; baseline -0.006 -6"><span class='ocrx_word' id='word_1_239' title='bbox 232 915 366 943; x_wconf 87' lang='lat' dir='ltr'><strong>rationem</strong></span> <span class='ocrx_word' id='word_1_240' title='bbox 390 925 396 942; x_wconf 95' lang='lat'><strong>:</strong></span> <span class='ocrx_word' id='word_1_241' title='bbox 420 915 456 942; x_wconf 83' lang='lat' dir='ltr'><strong>ita</strong></span> <span class='ocrx_word' id='word_1_242' title='bbox 484 917 514 941; x_wconf 90' lang='lat' dir='ltr'><strong>ut</strong></span> <span class='ocrx_word' id='word_1_243' title='bbox 538 917 615 948; x_wconf 83' lang='lat' dir='ltr'><strong>gesta</strong></span> <span class='ocrx_word' id='word_1_244' title='bbox 642 896 689 940; x_wconf 75' lang='lat' dir='ltr'><strong>illa</strong></span> <span class='ocrx_word' id='word_1_245' title='bbox 719 917 777 940; x_wconf 82' lang='lat' dir='ltr'><strong>tum</strong></span> <span class='ocrx_word' id='word_1_246' title='bbox 804 911 863 946; x_wconf 89' lang='lat' dir='ltr'><strong>ejus</strong></span> <span class='ocrx_word' id='word_1_247' title='bbox 891 911 1020 945; x_wconf 85' lang='lat' dir='ltr'><strong>temporis</strong></span> 
     </span>
    </p>
   </div>
   <div class='ocr_carea' id='block_1_34' title="bbox 1076 896 1865 948">
    <p class='ocr_par' dir='ltr' id='par_1_34' title="bbox 1076 896 1865 943">
     <span class='ocr_line' id='line_1_35' title="bbox 1076 896 1865 943; baseline -0.011 -7"><span class='ocrx_word' id='word_1_248' title='bbox 1076 896 1118 937; x_wconf 78' lang='grc' dir='ltr'><strong>του</strong></span> <span class='ocrx_word' id='word_1_249' title='bbox 1142 896 1272 943; x_wconf 62' lang='grc' dir='ltr'>Χριστοῦ·</span> <span class='ocrx_word' id='word_1_250' title='bbox 1295 906 1363 934; x_wconf 77' lang='grc' dir='ltr'>ἀλλὰ</span> <span class='ocrx_word' id='word_1_251' title='bbox 1384 905 1438 941; x_wconf 82' lang='grc' dir='ltr'><strong>γὰρ</strong></span> <span class='ocrx_word' id='word_1_252' title='bbox 1463 904 1566 940; x_wconf 79' lang='grc' dir='ltr'><strong>ταύτης</strong></span> <span class='ocrx_word' id='word_1_253' title='bbox 1585 903 1679 930; x_wconf 73' lang='grc' dir='ltr'>ἕνεκεν</span> <span class='ocrx_word' id='word_1_254' title='bbox 1702 903 1753 938; x_wconf 83' lang='grc' dir='ltr'>τῆς</span> <span class='ocrx_word' id='word_1_255' title='bbox 1772 901 1865 933; x_wconf 77' lang='grc' dir='ltr'>αἰτίας</span> 
     </span>
    </p>
   </div>
   <div class='ocr_carea' id='block_1_35' title="bbox 234 956 1018 995">
    <p class='ocr_par' dir='ltr' id='par_1_35' title="bbox 234 956 1018 995">
     <span class='ocr_line' id='line_1_36' title="bbox 234 956 1018 995; baseline -0.006 -8"><span class='ocrx_word' id='word_1_256' title='bbox 234 959 482 995; x_wconf 81' lang='lat' dir='ltr'><strong>151hominibns</strong></span> <span class='ocrx_word' id='word_1_257' title='bbox 507 960 654 987; x_wconf 84' lang='lat' dir='ltr'><strong>maximam</strong></span> <span class='ocrx_word' id='word_1_258' title='bbox 679 959 833 994; x_wconf 60' lang='lat' dir='ltr'><strong>praeberent</strong></span> <span class='ocrx_word' id='word_1_259' title='bbox 861 956 1018 988; x_wconf 78' lang='lat' dir='ltr'><strong>utilitatem,</strong></span> 
     </span>
    </p>
   </div>
   <div class='ocr_carea' id='block_1_36' title="bbox 231 1002 1019 1042">
    <p class='ocr_par' dir='ltr' id='par_1_36' title="bbox 231 1002 1019 1042">
     <span class='ocr_line' id='line_1_37' title="bbox 231 1002 1019 1042; baseline -0.006 -9"><span class='ocrx_word' id='word_1_260' title='bbox 231 1010 291 1033; x_wconf 92' lang='lat' dir='ltr'><strong>tum</strong></span> <span class='ocrx_word' id='word_1_261' title='bbox 322 1007 404 1034; x_wconf 86' lang='lat' dir='ltr'><strong>etiam</strong></span> <span class='ocrx_word' id='word_1_262' title='bbox 432 1006 659 1042; x_wconf 77' lang='lat' dir='ltr'><strong>signiﬁcationem</strong></span> <span class='ocrx_word' id='word_1_263' title='bbox 687 1004 820 1032; x_wconf 85' lang='lat' dir='ltr'><strong>haberent</strong></span> <span class='ocrx_word' id='word_1_264' title='bbox 839 1002 1019 1038; x_wconf 82' lang='lat' dir='ltr'><strong>gerendarum</strong></span> 
     </span>
    </p>
   </div>
   <div class='ocr_carea' id='block_1_37' title="bbox 231 1048 1020 1088">
    <p class='ocr_par' dir='ltr' id='par_1_37' title="bbox 231 1048 1020 1088">
     <span class='ocr_line' id='line_1_38' title="bbox 231 1048 1020 1088; baseline -0.006 -8"><span class='ocrx_word' id='word_1_265' title='bbox 231 1057 325 1088; x_wconf 85' lang='lat' dir='ltr'><strong>postea</strong></span> <span class='ocrx_word' id='word_1_266' title='bbox 350 1060 441 1080; x_wconf 88' lang='lat' dir='ltr'><strong>rerum</strong></span> <span class='ocrx_word' id='word_1_267' title='bbox 463 1062 471 1080; x_wconf 85' lang='lat'><strong>:</strong></span> <span class='ocrx_word' id='word_1_268' title='bbox 497 1055 676 1088; x_wconf 69' lang='lat' dir='ltr'><strong>praeterquam</strong></span> <span class='ocrx_word' id='word_1_269' title='bbox 701 1050 774 1086; x_wconf 91' lang='lat' dir='ltr'><strong>quod</strong></span> <span class='ocrx_word' id='word_1_270' title='bbox 795 1049 957 1077; x_wconf 79' lang='lat' dir='ltr'><strong>excellentia</strong></span> <span class='ocrx_word' id='word_1_271' title='bbox 983 1048 1020 1075; x_wconf 91' lang='lat' dir='ltr'><strong>si-</strong></span> 
     </span>
    </p>
   </div>
   <div class='ocr_carea' id='block_1_38' title="bbox 233 1093 1020 1132">
    <p class='ocr_par' dir='ltr' id='par_1_38' title="bbox 233 1093 1020 1132">
     <span class='ocr_line' id='line_1_39' title="bbox 233 1093 1020 1132; baseline -0.006 -8"><span class='ocrx_word' id='word_1_272' title='bbox 233 1098 289 1124; x_wconf 90' lang='lat' dir='ltr'><strong>mul</strong></span> <span class='ocrx_word' id='word_1_273' title='bbox 314 1105 396 1132; x_wconf 90' lang='lat' dir='ltr'><strong>quam</strong></span> <span class='ocrx_word' id='word_1_274' title='bbox 418 1097 535 1132; x_wconf 86' lang='lat' dir='ltr'><strong>plurima</strong></span> <span class='ocrx_word' id='word_1_275' title='bbox 557 1096 625 1123; x_wconf 88' lang='lat' dir='ltr'><strong>Novi</strong></span> <span class='ocrx_word' id='word_1_276' title='bbox 650 1103 706 1131; x_wconf 68' lang='lat' dir='ltr'><strong>prae</strong></span> <span class='ocrx_word' id='word_1_277' title='bbox 729 1094 828 1122; x_wconf 84' lang='lat' dir='ltr'><strong>Vetere</strong></span> <span class='ocrx_word' id='word_1_278' title='bbox 845 1093 1020 1121; x_wconf 87' lang='lat' dir='ltr'><strong>Testamento</strong></span> 
     </span>
    </p>
   </div>
   <div class='ocr_carea' id='block_1_39' title="bbox 233 1138 1019 1176">
    <p class='ocr_par' dir='ltr' id='par_1_39' title="bbox 233 1138 1019 1176">
     <span class='ocr_line' id='line_1_40' title="bbox 233 1138 1019 1176; baseline -0.003 -9"><span class='ocrx_word' id='word_1_279' title='bbox 233 1143 390 1176; x_wconf 86' lang='lat' dir='ltr'><strong>apparitura</strong></span> <span class='ocrx_word' id='word_1_280' title='bbox 406 1147 475 1169; x_wconf 85' lang='lat' dir='ltr'><strong>erat.</strong></span> <span class='ocrx_word' id='word_1_281' title='bbox 498 1142 673 1176; x_wconf 83' lang='lat' dir='ltr'><strong>Compertum</strong></span> <span class='ocrx_word' id='word_1_282' title='bbox 697 1144 739 1168; x_wconf 87' lang='lat' dir='ltr'><strong>est</strong></span> <span class='ocrx_word' id='word_1_283' title='bbox 760 1140 844 1175; x_wconf 89' lang='lat' dir='ltr'><strong>igitur</strong></span> <span class='ocrx_word' id='word_1_284' title='bbox 862 1140 913 1166; x_wconf 92' lang='lat' dir='ltr'><strong>hoc</strong></span> <span class='ocrx_word' id='word_1_285' title='bbox 928 1138 1019 1171; x_wconf 83' lang='lat' dir='ltr'><strong>modo.</strong></span> 
     </span>
    </p>
   </div>
   <div class='ocr_carea' id='block_1_40' title="bbox 234 1184 1021 1222">
    <p class='ocr_par' dir='ltr' id='par_1_40' title="bbox 234 1184 1021 1222">
     <span class='ocr_line' id='line_1_41' title="bbox 234 1184 1021 1222; baseline 0 -10"><span class='ocrx_word' id='word_1_286' title='bbox 234 1192 328 1215; x_wconf 81' lang='lat' dir='ltr'><strong>vetera</strong></span> <span class='ocrx_word' id='word_1_287' title='bbox 345 1195 405 1215; x_wconf 89' lang='lat' dir='ltr'><strong>esse</strong></span> <span class='ocrx_word' id='word_1_288' title='bbox 418 1191 511 1222; x_wconf 81' lang='lat' dir='ltr'><strong>typum</strong></span> <span class='ocrx_word' id='word_1_289' title='bbox 528 1187 674 1222; x_wconf 81' lang='lat' dir='ltr'><strong>quemdam</strong></span> <span class='ocrx_word' id='word_1_290' title='bbox 686 1185 879 1221; x_wconf 83' lang='lat' dir='ltr'><strong>posteriorum,</strong></span> <span class='ocrx_word' id='word_1_291' title='bbox 896 1192 950 1212; x_wconf 90' lang='lat' dir='ltr'><strong>non</strong></span> <span class='ocrx_word' id='word_1_292' title='bbox 962 1184 1021 1212; x_wconf 90' lang='lat' dir='ltr'><strong>sine</strong></span> 
     </span>
    </p>
   </div>
   <div class='ocr_carea' id='block_1_41' title="bbox 235 1230 1020 1268">
    <p class='ocr_par' dir='ltr' id='par_1_41' title="bbox 235 1230 1020 1268">
     <span class='ocr_line' id='line_1_42' title="bbox 235 1230 1020 1268; baseline -0.003 -9"><span class='ocrx_word' id='word_1_293' title='bbox 235 1233 325 1268; x_wconf 87' lang='lat' dir='ltr'><strong>aliqua</strong></span> <span class='ocrx_word' id='word_1_294' title='bbox 349 1233 507 1260; x_wconf 86' lang='lat' dir='ltr'><strong>eorumdem</strong></span> <span class='ocrx_word' id='word_1_295' title='bbox 529 1232 692 1264; x_wconf 85' lang='lat' dir='ltr'><strong>imitatione,</strong></span> <span class='ocrx_word' id='word_1_296' title='bbox 716 1235 743 1259; x_wconf 92' lang='lat' dir='ltr'><strong>et</strong></span> <span class='ocrx_word' id='word_1_297' title='bbox 759 1239 822 1258; x_wconf 91' lang='lat' dir='ltr'><strong>cum</strong></span> <span class='ocrx_word' id='word_1_298' title='bbox 841 1231 940 1258; x_wconf 86' lang='lat' dir='ltr'><strong>idoneo</strong></span> <span class='ocrx_word' id='word_1_299' title='bbox 960 1230 1020 1258; x_wconf 85' lang='lat' dir='ltr'><strong>suis</strong></span> 
     </span>
    </p>
   </div>
   <div class='ocr_carea' id='block_1_42' title="bbox 234 1276 1022 1314">
    <p class='ocr_par' dir='ltr' id='par_1_42' title="bbox 234 1276 1022 1314">
     <span class='ocr_line' id='line_1_43' title="bbox 234 1276 1022 1314; baseline -0.003 -9"><span class='ocrx_word' id='word_1_300' title='bbox 234 1278 406 1314; x_wconf 84' lang='lat' dir='ltr'><strong>temporibus</strong></span> <span class='ocrx_word' id='word_1_301' title='bbox 428 1286 480 1306; x_wconf 89' lang='lat' dir='ltr'><strong>usu</strong></span> <span class='ocrx_word' id='word_1_302' title='bbox 497 1288 504 1305; x_wconf 91' lang='lat'><strong>:</strong></span> <span class='ocrx_word' id='word_1_303' title='bbox 520 1278 567 1306; x_wconf 86' lang='lat' dir='ltr'><strong>sed</strong></span> <span class='ocrx_word' id='word_1_304' title='bbox 589 1282 681 1311; x_wconf 86' lang='lat' dir='ltr'><strong>tamen</strong></span> <span class='ocrx_word' id='word_1_305' title='bbox 700 1285 729 1305; x_wconf 93' lang='lat' dir='ltr'><strong>re</strong></span> <span class='ocrx_word' id='word_1_306' title='bbox 749 1277 808 1312; x_wconf 80' lang='lat' dir='ltr'><strong>ipsa</strong></span> <span class='ocrx_word' id='word_1_307' title='bbox 830 1276 1022 1304; x_wconf 84' lang='lat' dir='ltr'><strong>demonstran-</strong></span> 
     </span>
    </p>
   </div>
   <div class='ocr_carea' id='block_1_43' title="bbox 235 1322 975 1359">
    <p class='ocr_par' dir='ltr' id='par_1_43' title="bbox 235 1322 975 1359">
     <span class='ocr_line' id='line_1_44' title="bbox 235 1322 975 1359; baseline -0.003 -7"><span class='ocrx_word' id='word_1_308' title='bbox 235 1323 284 1356; x_wconf 88' lang='lat' dir='ltr'><strong>tia,</strong></span> <span class='ocrx_word' id='word_1_309' title='bbox 297 1328 465 1359; x_wconf 81' lang='lat' dir='ltr'><strong>quentopere</strong></span> <span class='ocrx_word' id='word_1_310' title='bbox 480 1324 526 1351; x_wconf 89' lang='lat' dir='ltr'><strong>illa</strong></span> <span class='ocrx_word' id='word_1_311' title='bbox 541 1323 723 1359; x_wconf 63' lang='lat' dir='ltr'><strong>praesentibus</strong></span> <span class='ocrx_word' id='word_1_312' title='bbox 740 1323 847 1350; x_wconf 88' lang='lat' dir='ltr'><strong>minora</strong></span> <span class='ocrx_word' id='word_1_313' title='bbox 861 1322 975 1350; x_wconf 81' lang='lat' dir='ltr'><strong>fuerint.</strong></span> 
     </span>
    </p>
   </div>
   <div class='ocr_carea' id='block_1_44' title="bbox 271 1465 1026 1502">
    <p class='ocr_par' dir='ltr' id='par_1_44' title="bbox 271 1465 1026 1502">
     <span class='ocr_line' id='line_1_45' title="bbox 271 1465 1026 1502; baseline 0 -8"><span class='ocrx_word' id='word_1_314' title='bbox 271 1466 343 1494; x_wconf 88' lang='lat' dir='ltr'><strong>Deus</strong></span> <span class='ocrx_word' id='word_1_315' title='bbox 358 1466 441 1502; x_wconf 78' lang='lat' dir='ltr'><strong>igitur</strong></span> <span class='ocrx_word' id='word_1_316' title='bbox 453 1473 485 1494; x_wconf 83' lang='lat' dir='ltr'><strong>ex</strong></span> <span class='ocrx_word' id='word_1_317' title='bbox 500 1465 617 1502; x_wconf 65' lang='lat' dir='ltr'><strong>Egypto</strong></span> <span class='ocrx_word' id='word_1_318' title='bbox 633 1465 760 1494; x_wconf 91' lang='lat' dir='ltr'><strong>lsraelem</strong></span> <span class='ocrx_word' id='word_1_319' title='bbox 775 1465 881 1498; x_wconf 81' lang='lat' dir='ltr'><strong>eduxit.</strong></span> <span class='ocrx_word' id='word_1_320' title='bbox 896 1465 1026 1501; x_wconf 82' lang='lat' dir='ltr'><strong>omnique</strong></span> 
     </span>
    </p>
   </div>
   <div class='ocr_carea' id='block_1_45' title="bbox 238 1512 1026 1548">
    <p class='ocr_par' dir='ltr' id='par_1_45' title="bbox 238 1512 1026 1548">
     <span class='ocr_line' id='line_1_46' title="bbox 238 1512 1026 1548; baseline -0.001 -8"><span class='ocrx_word' id='word_1_321' title='bbox 238 1512 284 1540; x_wconf 89' lang='lat' dir='ltr'><strong>illa</strong></span> <span class='ocrx_word' id='word_1_322' title='bbox 296 1513 392 1540; x_wconf 83' lang='lat' dir='ltr'><strong>acerba</strong></span> <span class='ocrx_word' id='word_1_323' title='bbox 406 1513 539 1540; x_wconf 84' lang='lat' dir='ltr'><strong>servitute</strong></span> <span class='ocrx_word' id='word_1_324' title='bbox 551 1512 703 1548; x_wconf 78' lang='lat' dir='ltr'><strong>expedivit;</strong></span> <span class='ocrx_word' id='word_1_325' title='bbox 715 1512 843 1547; x_wconf 84' lang='lat' dir='ltr'><strong>editaque</strong></span> <span class='ocrx_word' id='word_1_326' title='bbox 852 1512 956 1548; x_wconf 73' lang='lat' dir='ltr'><strong>iungenti</strong></span> <span class='ocrx_word' id='word_1_327' title='bbox 969 1513 1026 1547; x_wconf 89' lang='lat' dir='ltr'><strong>pri-</strong></span> 
     </span>
    </p>
   </div>
   <div class='ocr_carea' id='block_1_46' title="bbox 238 1558 1027 1594">
    <p class='ocr_par' dir='ltr' id='par_1_46' title="bbox 238 1558 1027 1594">
     <span class='ocr_line' id='line_1_47' title="bbox 238 1558 1027 1594; baseline 0 -8"><span class='ocrx_word' id='word_1_328' title='bbox 238 1560 436 1594; x_wconf 87' lang='lat' dir='ltr'><strong>mogettitorum</strong></span> <span class='ocrx_word' id='word_1_329' title='bbox 453 1558 542 1591; x_wconf 64' lang='lat' dir='ltr'><strong>caede,</strong></span> <span class='ocrx_word' id='word_1_330' title='bbox 566 1559 630 1586; x_wconf 89' lang='lat' dir='ltr'><strong>hinc</strong></span> <span class='ocrx_word' id='word_1_331' title='bbox 645 1566 702 1585; x_wconf 93' lang='lat' dir='ltr'><strong>rem</strong></span> <span class='ocrx_word' id='word_1_332' title='bbox 717 1558 894 1587; x_wconf 87' lang='lat' dir='ltr'><strong>lsraeliticam</strong></span> <span class='ocrx_word' id='word_1_333' title='bbox 915 1558 1027 1592; x_wconf 70' lang='lat' dir='ltr'><strong>integra!</strong></span> 
     </span>
    </p>
   </div>
   <div class='ocr_carea' id='block_1_47' title="bbox 238 1603 1029 1639">
    <p class='ocr_par' dir='ltr' id='par_1_47' title="bbox 238 1603 1029 1639">
     <span class='ocr_line' id='line_1_48' title="bbox 238 1603 1029 1639; baseline -0.003 -7"><span class='ocrx_word' id='word_1_334' title='bbox 238 1604 319 1632; x_wconf 90' lang='lat' dir='ltr'><strong>saluti</strong></span> <span class='ocrx_word' id='word_1_335' title='bbox 338 1605 472 1632; x_wconf 86' lang='lat' dir='ltr'><strong>restituit:</strong></span> <span class='ocrx_word' id='word_1_336' title='bbox 492 1612 563 1639; x_wconf 90' lang='lat' dir='ltr'><strong>quos</strong></span> <span class='ocrx_word' id='word_1_337' title='bbox 581 1604 697 1639; x_wconf 91' lang='lat' dir='ltr'><strong>populos</strong></span> <span class='ocrx_word' id='word_1_338' title='bbox 718 1604 852 1630; x_wconf 91' lang='lat' dir='ltr'><strong>miraculo</strong></span> <span class='ocrx_word' id='word_1_339' title='bbox 874 1603 956 1631; x_wconf 88' lang='lat' dir='ltr'><strong>etiam</strong></span> <span class='ocrx_word' id='word_1_340' title='bbox 972 1604 1029 1630; x_wconf 91' lang='lat' dir='ltr'><strong>dis-</strong></span> 
     </span>
    </p>
   </div>
   <div class='ocr_carea' id='block_1_48' title="bbox 237 1649 1030 1685">
    <p class='ocr_par' dir='ltr' id='par_1_48' title="bbox 237 1649 1030 1685">
     <span class='ocr_line' id='line_1_49' title="bbox 237 1649 1030 1685; baseline -0.001 -8"><span class='ocrx_word' id='word_1_341' title='bbox 237 1650 411 1681; x_wconf 85' lang='lat' dir='ltr'><strong>criminavit,</strong></span> <span class='ocrx_word' id='word_1_342' title='bbox 431 1650 495 1677; x_wconf 87' lang='lat' dir='ltr'><strong>dum</strong></span> <span class='ocrx_word' id='word_1_343' title='bbox 514 1650 657 1682; x_wconf 68' lang='lat' dir='ltr'><strong>Hebraeos,</strong></span> <span class='ocrx_word' id='word_1_344' title='bbox 682 1649 751 1677; x_wconf 92' lang='lat' dir='ltr'><strong>nihil</strong></span> <span class='ocrx_word' id='word_1_345' title='bbox 776 1649 864 1677; x_wconf 80' lang='lat' dir='ltr'><strong>simile</strong></span> <span class='ocrx_word' id='word_1_346' title='bbox 889 1649 1030 1685; x_wconf 64' lang='lat' dir='ltr'><strong>)Egyptiis</strong></span> 
     </span>
    </p>
   </div>
   <div class='ocr_carea' id='block_1_49' title="bbox 239 1695 1030 1732">
    <p class='ocr_par' dir='ltr' id='par_1_49' title="bbox 239 1695 1030 1732">
     <span class='ocr_line' id='line_1_50' title="bbox 239 1695 1030 1732; baseline 0.001 -9"><span class='ocrx_word' id='word_1_347' title='bbox 239 1698 295 1732; x_wconf 89' lang='lat' dir='ltr'><strong>pati</strong></span> <span class='ocrx_word' id='word_1_348' title='bbox 311 1697 414 1723; x_wconf 88' lang='lat' dir='ltr'><strong>voluit:</strong></span> <span class='ocrx_word' id='word_1_349' title='bbox 431 1696 458 1724; x_wconf 84' lang='lat' dir='ltr'><strong>id</strong></span> <span class='ocrx_word' id='word_1_350' title='bbox 475 1696 548 1731; x_wconf 84' lang='lat' dir='ltr'><strong>quod</strong></span> <span class='ocrx_word' id='word_1_351' title='bbox 564 1696 665 1724; x_wconf 88' lang='lat' dir='ltr'><strong>accidit</strong></span> <span class='ocrx_word' id='word_1_352' title='bbox 681 1695 716 1723; x_wconf 94' lang='lat' dir='ltr'><strong>ob</strong></span> <span class='ocrx_word' id='word_1_353' title='bbox 733 1696 842 1724; x_wconf 88' lang='lat' dir='ltr'><strong>cruoris</strong></span> <span class='ocrx_word' id='word_1_354' title='bbox 860 1696 887 1724; x_wconf 92' lang='lat' dir='ltr'><strong>in</strong></span> <span class='ocrx_word' id='word_1_355' title='bbox 906 1697 1030 1731; x_wconf 85' lang='lat' dir='ltr'><strong>postibus</strong></span> 
     </span>
    </p>
   </div>
   <div class='ocr_carea' id='block_1_50' title="bbox 239 1741 1030 1778">
    <p class='ocr_par' dir='ltr' id='par_1_50' title="bbox 239 1741 1030 1778">
     <span class='ocr_line' id='line_1_51' title="bbox 239 1741 1030 1778; baseline 0.001 -9"><span class='ocrx_word' id='word_1_356' title='bbox 239 1743 435 1778; x_wconf 76' lang='lat' dir='ltr'><strong>aspersionem.</strong></span> <span class='ocrx_word' id='word_1_357' title='bbox 463 1741 541 1775; x_wconf 61' lang='lat' dir='ltr'><strong>Haec,</strong></span> <span class='ocrx_word' id='word_1_358' title='bbox 568 1743 695 1778; x_wconf 87' lang='lat' dir='ltr'><strong>inquam,</strong></span> <span class='ocrx_word' id='word_1_359' title='bbox 718 1743 834 1770; x_wconf 93' lang='lat' dir='ltr'><strong>multum</strong></span> <span class='ocrx_word' id='word_1_360' title='bbox 857 1743 917 1775; x_wconf 91' lang='lat' dir='ltr'><strong>ejus</strong></span> <span class='ocrx_word' id='word_1_361' title='bbox 941 1744 1030 1770; x_wconf 62' lang='lat' dir='ltr'><strong>artatis</strong></span> 
     </span>
    </p>
   </div>
   <div class='ocr_carea' id='block_1_51' title="bbox 239 1789 1028 1825">
    <p class='ocr_par' dir='ltr' id='par_1_51' title="bbox 239 1789 1028 1825">
     <span class='ocr_line' id='line_1_52' title="bbox 239 1789 1028 1825; baseline 0.004 -10"><span class='ocrx_word' id='word_1_362' title='bbox 239 1789 371 1817; x_wconf 86' lang='lat' dir='ltr'><strong>lsraelitis</strong></span> <span class='ocrx_word' id='word_1_363' title='bbox 381 1790 595 1816; x_wconf 87' lang='lat' dir='ltr'><strong>emolumentum</strong></span> <span class='ocrx_word' id='word_1_364' title='bbox 604 1790 893 1825; x_wconf 77' lang='lat' dir='ltr'><strong>exhibuerunt.quibus</strong></span> <span class='ocrx_word' id='word_1_365' title='bbox 904 1790 1028 1825; x_wconf 79' lang='lat' dir='ltr'><strong>ejusmo-</strong></span> 
     </span>
    </p>
   </div>
   <div class='ocr_carea' id='block_1_52' title="bbox 237 1832 1030 1869">
    <p class='ocr_par' dir='ltr' id='par_1_52' title="bbox 237 1832 1030 1869">
     <span class='ocr_line' id='line_1_53' title="bbox 237 1832 1030 1869; baseline 0.001 -9"><span class='ocrx_word' id='word_1_366' title='bbox 237 1832 501 1862; x_wconf 80' lang='lat' dir='ltr'><strong>dihonofrttldatum</strong></span> <span class='ocrx_word' id='word_1_367' title='bbox 518 1835 578 1862; x_wconf 78' lang='lat' dir='ltr'><strong>fuit.</strong></span> <span class='ocrx_word' id='word_1_368' title='bbox 602 1834 628 1861; x_wconf 90' lang='lat' dir='ltr'><strong>Id</strong></span> <span class='ocrx_word' id='word_1_369' title='bbox 650 1839 739 1861; x_wconf 84' lang='lat' dir='ltr'><strong>autem</strong></span> <span class='ocrx_word' id='word_1_370' title='bbox 763 1834 957 1869; x_wconf 88' lang='lat' dir='ltr'><strong>portendebat,</strong></span> <span class='ocrx_word' id='word_1_371' title='bbox 973 1834 1030 1869; x_wconf 82' lang='lat' dir='ltr'><strong>typi</strong></span> 
     </span>
    </p>
   </div>
   <div class='ocr_carea' id='block_1_53' title="bbox 240 1877 1031 1911">
    <p class='ocr_par' dir='ltr' id='par_1_53' title="bbox 240 1877 1031 1911">
     <span class='ocr_line' id='line_1_54' title="bbox 240 1877 1031 1911; baseline 0 -6"><span class='ocrx_word' id='word_1_372' title='bbox 240 1879 345 1906; x_wconf 73' lang='lat' dir='ltr'><strong>scilicet</strong></span> <span class='ocrx_word' id='word_1_373' title='bbox 370 1880 467 1911; x_wconf 79' lang='lat' dir='ltr'><strong>instar.</strong></span> <span class='ocrx_word' id='word_1_374' title='bbox 485 1879 543 1906; x_wconf 78' lang='lat' dir='ltr'><strong>fore</strong></span> <span class='ocrx_word' id='word_1_375' title='bbox 558 1879 727 1906; x_wconf 88' lang='lat' dir='ltr'><strong>utChristus</strong></span> <span class='ocrx_word' id='word_1_376' title='bbox 749 1877 881 1906; x_wconf 87' lang='lat' dir='ltr'><strong>Dominus</strong></span> <span class='ocrx_word' id='word_1_377' title='bbox 903 1879 1031 1906; x_wconf 87' lang='lat' dir='ltr'><strong>liberaret</strong></span> 
     </span>
    </p>
   </div>
   <div class='ocr_carea' id='block_1_54' title="bbox 241 1922 1031 1959">
    <p class='ocr_par' dir='ltr' id='par_1_54' title="bbox 241 1922 1031 1959">
     <span class='ocr_line' id='line_1_55' title="bbox 241 1922 1031 1959; baseline 0 -9"><span class='ocrx_word' id='word_1_378' title='bbox 241 1931 290 1950; x_wconf 78' lang='lat' dir='ltr'><strong>nos</strong></span> <span class='ocrx_word' id='word_1_379' title='bbox 305 1923 375 1951; x_wconf 87' lang='lat' dir='ltr'><strong>haud</strong></span> <span class='ocrx_word' id='word_1_380' title='bbox 390 1932 422 1951; x_wconf 77' lang='lat' dir='ltr'><strong>ex</strong></span> <span class='ocrx_word' id='word_1_381' title='bbox 438 1923 545 1959; x_wconf 69' lang='lat' dir='ltr'><strong>Aigypti</strong></span> <span class='ocrx_word' id='word_1_382' title='bbox 564 1923 689 1954; x_wconf 82' lang='lat' dir='ltr'><strong>servitio.</strong></span> <span class='ocrx_word' id='word_1_383' title='bbox 704 1922 750 1950; x_wconf 88' lang='lat' dir='ltr'><strong>sed</strong></span> <span class='ocrx_word' id='word_1_384' title='bbox 765 1923 860 1950; x_wconf 91' lang='lat' dir='ltr'><strong>mortis</strong></span> <span class='ocrx_word' id='word_1_385' title='bbox 876 1927 957 1957; x_wconf 85' lang='lat' dir='ltr'><strong>atque</strong></span> <span class='ocrx_word' id='word_1_386' title='bbox 968 1929 1031 1957; x_wconf 90' lang='lat' dir='ltr'><strong>pec-</strong></span> 
     </span>
    </p>
   </div>
   <div class='ocr_carea' id='block_1_55' title="bbox 241 1967 1030 2003">
    <p class='ocr_par' dir='ltr' id='par_1_55' title="bbox 241 1967 1030 2003">
     <span class='ocr_line' id='line_1_56' title="bbox 241 1967 1030 2003; baseline 0.001 -10"><span class='ocrx_word' id='word_1_387' title='bbox 241 1968 310 1995; x_wconf 79' lang='lat' dir='ltr'><strong>rati:</strong></span> <span class='ocrx_word' id='word_1_388' title='bbox 327 1968 399 2003; x_wconf 91' lang='lat' dir='ltr'><strong>quod</strong></span> <span class='ocrx_word' id='word_1_389' title='bbox 416 1968 526 2003; x_wconf 86' lang='lat' dir='ltr'><strong>quidem</strong></span> <span class='ocrx_word' id='word_1_390' title='bbox 547 1967 626 1995; x_wconf 82' lang='lat' dir='ltr'><strong>nobis</strong></span> <span class='ocrx_word' id='word_1_391' title='bbox 646 1967 772 1995; x_wconf 87' lang='lat' dir='ltr'><strong>Christus</strong></span> <span class='ocrx_word' id='word_1_392' title='bbox 789 1967 914 2002; x_wconf 61' lang='lat' dir='ltr'><strong>praestitit</strong></span> <span class='ocrx_word' id='word_1_393' title='bbox 930 1967 1030 2002; x_wconf 89' lang='lat' dir='ltr'><strong>proprii</strong></span> 
     </span>
    </p>
   </div>
   <div class='ocr_carea' id='block_1_56' title="bbox 239 2013 1032 2049">
    <p class='ocr_par' dir='ltr' id='par_1_56' title="bbox 239 2013 1032 2049">
     <span class='ocr_line' id='line_1_57' title="bbox 239 2013 1032 2049; baseline -0.001 -8"><span class='ocrx_word' id='word_1_394' title='bbox 239 2014 382 2049; x_wconf 78' lang='lat' dir='ltr'><strong>sanguinis</strong></span> <span class='ocrx_word' id='word_1_395' title='bbox 400 2014 569 2049; x_wconf 87' lang='lat' dir='ltr'><strong>aspersione.</strong></span> <span class='ocrx_word' id='word_1_396' title='bbox 593 2013 650 2040; x_wconf 82' lang='lat' dir='ltr'><strong>Hoc</strong></span> <span class='ocrx_word' id='word_1_397' title='bbox 675 2014 747 2040; x_wconf 86' lang='lat' dir='ltr'><strong>enim</strong></span> <span class='ocrx_word' id='word_1_398' title='bbox 764 2013 810 2040; x_wconf 87' lang='lat' dir='ltr'><strong>ille</strong></span> <span class='ocrx_word' id='word_1_399' title='bbox 830 2020 880 2047; x_wconf 90' lang='lat' dir='ltr'><strong>pro</strong></span> <span class='ocrx_word' id='word_1_400' title='bbox 903 2013 1032 2040; x_wconf 86' lang='lat' dir='ltr'><strong>omnibus</strong></span> 
     </span>
    </p>
   </div>
   <div class='ocr_carea' id='block_1_57' title="bbox 241 2059 1031 2092">
    <p class='ocr_par' dir='ltr' id='par_1_57' title="bbox 241 2059 1031 2092">
     <span class='ocr_line' id='line_1_58' title="bbox 241 2059 1031 2092; baseline 0.001 -7"><span class='ocrx_word' id='word_1_401' title='bbox 241 2059 312 2091; x_wconf 71' lang='lat' dir='ltr'><strong>fuso,</strong></span> <span class='ocrx_word' id='word_1_402' title='bbox 330 2064 356 2086; x_wconf 92' lang='lat' dir='ltr'><strong>et</strong></span> <span class='ocrx_word' id='word_1_403' title='bbox 370 2068 437 2087; x_wconf 92' lang='lat' dir='ltr'><strong>nece</strong></span> <span class='ocrx_word' id='word_1_404' title='bbox 453 2068 501 2092; x_wconf 89' lang='lat' dir='ltr'><strong>pro</strong></span> <span class='ocrx_word' id='word_1_405' title='bbox 516 2060 594 2087; x_wconf 88' lang='lat' dir='ltr'><strong>nobis</strong></span> <span class='ocrx_word' id='word_1_406' title='bbox 605 2059 690 2091; x_wconf 89' lang='lat' dir='ltr'><strong>obita,</strong></span> <span class='ocrx_word' id='word_1_407' title='bbox 706 2063 877 2087; x_wconf 90' lang='lat' dir='ltr'><strong>mortuorum</strong></span> <span class='ocrx_word' id='word_1_408' title='bbox 891 2066 1031 2087; x_wconf 79' lang='lat' dir='ltr'><strong>resurrec-</strong></span> 
     </span>
    </p>
   </div>
   <div class='ocr_carea' id='block_1_58' title="bbox 240 2104 1032 2139">
    <p class='ocr_par' dir='ltr' id='par_1_58' title="bbox 240 2104 1032 2139">
     <span class='ocr_line' id='line_1_59' title="bbox 240 2104 1032 2139; baseline 0 -9"><span class='ocrx_word' id='word_1_409' title='bbox 240 2105 340 2132; x_wconf 80' lang='lat' dir='ltr'><strong>tionem</strong></span> <span class='ocrx_word' id='word_1_410' title='bbox 358 2105 490 2139; x_wconf 84' lang='lat' dir='ltr'><strong>patravit;</strong></span> <span class='ocrx_word' id='word_1_411' title='bbox 508 2104 630 2139; x_wconf 77' lang='lat' dir='ltr'><strong>fecitque</strong></span> <span class='ocrx_word' id='word_1_412' title='bbox 641 2108 671 2132; x_wconf 88' lang='lat' dir='ltr'><strong>ut</strong></span> <span class='ocrx_word' id='word_1_413' title='bbox 685 2113 735 2132; x_wconf 89' lang='lat' dir='ltr'><strong>nos</strong></span> <span class='ocrx_word' id='word_1_414' title='bbox 747 2104 820 2132; x_wconf 85' lang='lat' dir='ltr'><strong>onmi</strong></span> <span class='ocrx_word' id='word_1_415' title='bbox 837 2104 888 2131; x_wconf 88' lang='lat' dir='ltr'><strong>hac</strong></span> <span class='ocrx_word' id='word_1_416' title='bbox 902 2104 1032 2131; x_wconf 87' lang='lat' dir='ltr'><strong>servitute</strong></span> 
     </span>
    </p>
   </div>
   <div class='ocr_carea' id='block_1_59' title="bbox 240 2151 1033 2186">
    <p class='ocr_par' dir='ltr' id='par_1_59' title="bbox 240 2151 1033 2186">
     <span class='ocr_line' id='line_1_60' title="bbox 240 2151 1033 2186; baseline 0.003 -10"><span class='ocrx_word' id='word_1_417' title='bbox 240 2151 334 2182; x_wconf 86' lang='lat' dir='ltr'><strong>soluti,</strong></span> <span class='ocrx_word' id='word_1_418' title='bbox 347 2151 561 2179; x_wconf 85' lang='lat' dir='ltr'><strong>immortalitatis</strong></span> <span class='ocrx_word' id='word_1_419' title='bbox 572 2156 598 2179; x_wconf 90' lang='lat' dir='ltr'><strong>et</strong></span> <span class='ocrx_word' id='word_1_420' title='bbox 609 2151 880 2186; x_wconf 84' lang='lat' dir='ltr'><strong>incorruptibilitatis</strong></span> <span class='ocrx_word' id='word_1_421' title='bbox 893 2156 920 2178; x_wconf 88' lang='lat' dir='ltr'><strong>et</strong></span> <span class='ocrx_word' id='word_1_422' title='bbox 934 2151 1033 2186; x_wconf 89' lang='lat' dir='ltr'><strong>impec-</strong></span> 
     </span>
    </p>
   </div>
   <div class='ocr_carea' id='block_1_60' title="bbox 240 2195 1031 2232">
    <p class='ocr_par' dir='ltr' id='par_1_60' title="bbox 240 2195 1031 2232">
     <span class='ocr_line' id='line_1_61' title="bbox 240 2195 1031 2232; baseline 0.005 -11"><span class='ocrx_word' id='word_1_423' title='bbox 240 2195 338 2222; x_wconf 74' lang='lat' dir='ltr'><strong>cantia:</strong></span> <span class='ocrx_word' id='word_1_424' title='bbox 356 2196 457 2224; x_wconf 86' lang='lat' dir='ltr'><strong>bonum</strong></span> <span class='ocrx_word' id='word_1_425' title='bbox 478 2197 683 2232; x_wconf 87' lang='lat' dir='ltr'><strong>reciperemus:</strong></span> <span class='ocrx_word' id='word_1_426' title='bbox 704 2205 760 2232; x_wconf 91' lang='lat' dir='ltr'><strong>quo</strong></span> <span class='ocrx_word' id='word_1_427' title='bbox 779 2197 935 2232; x_wconf 85' lang='lat' dir='ltr'><strong>impetrato,</strong></span> <span class='ocrx_word' id='word_1_428' title='bbox 959 2197 1031 2225; x_wconf 88' lang='lat' dir='ltr'><strong>haud</strong></span> 
     </span>
    </p>
   </div>
   <div class='ocr_carea' id='block_1_61' title="bbox 1073 947 1858 988">
    <p class='ocr_par' dir='ltr' id='par_1_61' title="bbox 1073 947 1858 988">
     <span class='ocr_line' id='line_1_62' title="bbox 1073 947 1858 988; baseline -0.01 -6"><span class='ocrx_word' id='word_1_429' title='bbox 1073 955 1187 982; x_wconf 86' lang='grc' dir='ltr'>πλεῖστα</span> <span class='ocrx_word' id='word_1_430' title='bbox 1203 954 1253 981; x_wconf 79' lang='grc' dir='ltr'>ὅσα</span> <span class='ocrx_word' id='word_1_431' title='bbox 1267 953 1313 979; x_wconf 75' lang='grc' dir='ltr'><strong>ἐπὶ</strong></span> <span class='ocrx_word' id='word_1_432' title='bbox 1326 953 1376 988; x_wconf 84' lang='grc' dir='ltr'>τῆς</span> <span class='ocrx_word' id='word_1_433' title='bbox 1389 952 1511 983; x_wconf 79' lang='grc' dir='ltr'>Παλαιᾶς</span> <span class='ocrx_word' id='word_1_434' title='bbox 1522 950 1659 986; x_wconf 79' lang='grc' dir='ltr'>Διαθήκης</span> <span class='ocrx_word' id='word_1_435' title='bbox 1676 948 1747 976; x_wconf 81' lang='grc' dir='ltr'>κατὰ</span> <span class='ocrx_word' id='word_1_436' title='bbox 1761 947 1858 975; x_wconf 83' lang='grc' dir='ltr'>τοῦτον</span> 
     </span>
    </p>
   </div>
   <div class='ocr_carea' id='block_1_62' title="bbox 1073 995 1866 1038">
    <p class='ocr_par' dir='ltr' id='par_1_62' title="bbox 1073 995 1866 1038">
     <span class='ocr_line' id='line_1_63' title="bbox 1073 995 1866 1038; baseline -0.009 -10"><span class='ocrx_word' id='word_1_437' title='bbox 1073 1001 1233 1038; x_wconf 81' lang='grc' dir='ltr'>ᾠκονόμησε</span> <span class='ocrx_word' id='word_1_438' title='bbox 1245 999 1290 1026; x_wconf 89' lang='grc' dir='ltr'><strong>τὺν</strong></span> <span class='ocrx_word' id='word_1_439' title='bbox 1302 999 1413 1034; x_wconf 81' lang='grc' dir='ltr'>τρόπον,</span> <span class='ocrx_word' id='word_1_440' title='bbox 1427 998 1464 1030; x_wconf 84' lang='grc' dir='ltr'>ὡς</span> <span class='ocrx_word' id='word_1_441' title='bbox 1475 997 1509 1024; x_wconf 84' lang='grc' dir='ltr'>ἂν</span> <span class='ocrx_word' id='word_1_442' title='bbox 1520 997 1569 1024; x_wconf 77' lang='grc' dir='ltr'>καὶ</span> <span class='ocrx_word' id='word_1_443' title='bbox 1582 998 1638 1028; x_wconf 81' lang='grc' dir='ltr'>τοῖς</span> <span class='ocrx_word' id='word_1_444' title='bbox 1654 996 1714 1023; x_wconf 86' lang='grc' dir='ltr'>τότε</span> <span class='ocrx_word' id='word_1_445' title='bbox 1733 995 1866 1031; x_wconf 79' lang='grc' dir='ltr'><strong>μεγίστην</strong></span> 
     </span>
    </p>
   </div>
   <div class='ocr_carea' id='block_1_63' title="bbox 1073 1039 1866 1081">
    <p class='ocr_par' dir='ltr' id='par_1_63' title="bbox 1073 1039 1866 1081">
     <span class='ocr_line' id='line_1_64' title="bbox 1073 1039 1866 1081; baseline -0.01 -7"><span class='ocrx_word' id='word_1_446' title='bbox 1073 1047 1108 1074; x_wconf 75' lang='grc' dir='ltr'><strong>τὰ</strong></span> <span class='ocrx_word' id='word_1_447' title='bbox 1128 1046 1260 1081; x_wconf 80' lang='grc' dir='ltr'>γινόμενα</span> <span class='ocrx_word' id='word_1_448' title='bbox 1276 1045 1422 1081; x_wconf 80' lang='grc' dir='ltr'>παρέχοιτο</span> <span class='ocrx_word' id='word_1_449' title='bbox 1441 1043 1490 1079; x_wconf 82' lang='grc' dir='ltr'>τὴν</span> <span class='ocrx_word' id='word_1_450' title='bbox 1510 1042 1654 1077; x_wconf 79' lang='grc' dir='ltr'>ὠφέλειαν,</span> <span class='ocrx_word' id='word_1_451' title='bbox 1674 1041 1722 1068; x_wconf 74' lang='grc' dir='ltr'>καὶ</span> <span class='ocrx_word' id='word_1_452' title='bbox 1746 1039 1866 1076; x_wconf 76' lang='grc' dir='ltr'>μήνυσιν</span> 
     </span>
    </p>
   </div>
   <div class='ocr_carea' id='block_1_64' title="bbox 1073 1085 1866 1127">
    <p class='ocr_par' dir='ltr' id='par_1_64' title="bbox 1073 1085 1866 1127">
     <span class='ocr_line' id='line_1_65' title="bbox 1073 1085 1866 1127; baseline -0.009 -8"><span class='ocrx_word' id='word_1_453' title='bbox 1073 1101 1135 1120; x_wconf 83' lang='grc' dir='ltr'>τινα</span> <span class='ocrx_word' id='word_1_454' title='bbox 1144 1092 1198 1118; x_wconf 88' lang='grc' dir='ltr'><strong>τῶν</strong></span> <span class='ocrx_word' id='word_1_455' title='bbox 1210 1091 1381 1127; x_wconf 78' lang='grc' dir='ltr'>πραγμάτων</span> <span class='ocrx_word' id='word_1_456' title='bbox 1393 1089 1442 1125; x_wconf 72' lang='grc' dir='ltr'><strong>ἔχῃ</strong></span> <span class='ocrx_word' id='word_1_457' title='bbox 1449 1089 1503 1116; x_wconf 85' lang='grc' dir='ltr'><strong>τῶν</strong></span> <span class='ocrx_word' id='word_1_458' title='bbox 1514 1089 1626 1124; x_wconf 77' lang='grc' dir='ltr'>ὕστερον</span> <span class='ocrx_word' id='word_1_459' title='bbox 1636 1087 1664 1114; x_wconf 88' lang='grc' dir='ltr'><strong>δε</strong></span> <span class='ocrx_word' id='word_1_460' title='bbox 1669 1085 1866 1122; x_wconf 72' lang='grc' dir='ltr'>ιχθησομένωνο</span> 
     </span>
    </p>
   </div>
   <div class='ocr_carea' id='block_1_65' title="bbox 1072 1132 1867 1174">
    <p class='ocr_par' dir='ltr' id='par_1_65' title="bbox 1072 1132 1867 1174">
     <span class='ocr_line' id='line_1_66' title="bbox 1072 1132 1867 1174; baseline -0.01 -8"><span class='ocrx_word' id='word_1_461' title='bbox 1072 1138 1141 1174; x_wconf 80' lang='grc' dir='ltr'>μετὰ</span> <span class='ocrx_word' id='word_1_462' title='bbox 1162 1137 1209 1164; x_wconf 81' lang='grc' dir='ltr'>τοῦ</span> <span class='ocrx_word' id='word_1_463' title='bbox 1222 1137 1269 1164; x_wconf 76' lang='grc' dir='ltr'>καὶ</span> <span class='ocrx_word' id='word_1_464' title='bbox 1290 1137 1340 1172; x_wconf 82' lang='grc' dir='ltr'>τὴν</span> <span class='ocrx_word' id='word_1_465' title='bbox 1365 1135 1503 1171; x_wconf 79' lang='grc' dir='ltr'>ὑπεροχὴν</span> <span class='ocrx_word' id='word_1_466' title='bbox 1522 1134 1576 1160; x_wconf 86' lang='grc' dir='ltr'><strong>τῶν</strong></span> <span class='ocrx_word' id='word_1_467' title='bbox 1599 1134 1733 1167; x_wconf 82' lang='grc' dir='ltr'><strong>δευτέρων</strong></span> <span class='ocrx_word' id='word_1_468' title='bbox 1750 1132 1819 1168; x_wconf 74' lang='grc' dir='ltr'>πρὸς</span> <span class='ocrx_word' id='word_1_469' title='bbox 1831 1132 1867 1158; x_wconf 78' lang='grc' dir='ltr'><strong>τὰ</strong></span> 
     </span>
    </p>
   </div>
   <div class='ocr_carea' id='block_1_66' title="bbox 1069 1176 1868 1221">
    <p class='ocr_par' dir='ltr' id='par_1_66' title="bbox 1069 1176 1868 1221">
     <span class='ocr_line' id='line_1_67' title="bbox 1069 1176 1868 1221; baseline -0.011 -9"><span class='ocrx_word' id='word_1_470' title='bbox 1069 1186 1191 1221; x_wconf 88' lang='grc' dir='ltr'>πρότερα</span> <span class='ocrx_word' id='word_1_471' title='bbox 1204 1183 1331 1218; x_wconf 81' lang='grc' dir='ltr'>πλείστην</span> <span class='ocrx_word' id='word_1_472' title='bbox 1344 1181 1405 1208; x_wconf 79' lang='grc' dir='ltr'>τινὰ</span> <span class='ocrx_word' id='word_1_473' title='bbox 1420 1180 1588 1216; x_wconf 79' lang='grc' dir='ltr'>φανήσεσθαι</span> <span class='ocrx_word' id='word_1_474' title='bbox 1606 1178 1698 1206; x_wconf 82' lang='grc' dir='ltr'>οὖσαν·</span> <span class='ocrx_word' id='word_1_475' title='bbox 1725 1176 1868 1213; x_wconf 75' lang='grc' dir='ltr'>εὖρίσκετό</span> 
     </span>
    </p>
   </div>
   <div class='ocr_carea' id='block_1_67' title="bbox 1069 1223 1868 1264">
    <p class='ocr_par' dir='ltr' id='par_1_67' title="bbox 1069 1223 1868 1264">
     <span class='ocr_line' id='line_1_68' title="bbox 1069 1223 1868 1264; baseline -0.01 -5"><span class='ocrx_word' id='word_1_476' title='bbox 1069 1241 1099 1258; x_wconf 91' lang='grc' dir='ltr'><strong>τε</strong></span> <span class='ocrx_word' id='word_1_477' title='bbox 1112 1231 1182 1259; x_wconf 80' lang='grc' dir='ltr'>κατὰ</span> <span class='ocrx_word' id='word_1_478' title='bbox 1195 1230 1290 1257; x_wconf 83' lang='grc' dir='ltr'>τοῦτον</span> <span class='ocrx_word' id='word_1_479' title='bbox 1304 1229 1350 1256; x_wconf 74' lang='grc' dir='ltr'><strong>τὸν</strong></span> <span class='ocrx_word' id='word_1_480' title='bbox 1367 1228 1467 1264; x_wconf 82' lang='grc' dir='ltr'>τρόπον</span> <span class='ocrx_word' id='word_1_481' title='bbox 1479 1226 1564 1258; x_wconf 81' lang='grc' dir='ltr'>τύπος</span> <span class='ocrx_word' id='word_1_482' title='bbox 1582 1235 1627 1258; x_wconf 90' lang='grc' dir='ltr'><strong>τις</strong></span> <span class='ocrx_word' id='word_1_483' title='bbox 1650 1226 1685 1253; x_wconf 84' lang='grc' dir='ltr'>τὰ</span> <span class='ocrx_word' id='word_1_484' title='bbox 1699 1224 1802 1252; x_wconf 81' lang='grc' dir='ltr'>παλαιὰ</span> <span class='ocrx_word' id='word_1_485' title='bbox 1812 1223 1868 1251; x_wconf 85' lang='grc' dir='ltr'><strong>τῶν</strong></span> 
     </span>
    </p>
   </div>
   <div class='ocr_carea' id='block_1_68' title="bbox 1070 1271 1869 1315">
    <p class='ocr_par' dir='ltr' id='par_1_68' title="bbox 1070 1271 1869 1315">
     <span class='ocr_line' id='line_1_69' title="bbox 1070 1271 1869 1315; baseline -0.009 -10"><span class='ocrx_word' id='word_1_486' title='bbox 1070 1278 1196 1315; x_wconf 77' lang='grc' dir='ltr'>ὕστερον,</span> <span class='ocrx_word' id='word_1_487' title='bbox 1215 1277 1312 1313; x_wconf 70' lang='grc' dir='ltr'>ἔχοντα</span> <span class='ocrx_word' id='word_1_488' title='bbox 1336 1275 1386 1311; x_wconf 86' lang='grc' dir='ltr'>μέν</span> <span class='ocrx_word' id='word_1_489' title='bbox 1397 1283 1456 1302; x_wconf 83' lang='grc' dir='ltr'>τινα</span> <span class='ocrx_word' id='word_1_490' title='bbox 1475 1274 1591 1310; x_wconf 84' lang='grc' dir='ltr'>μίμησιν</span> <span class='ocrx_word' id='word_1_491' title='bbox 1605 1272 1673 1308; x_wconf 81' lang='grc' dir='ltr'>πρὸς</span> <span class='ocrx_word' id='word_1_492' title='bbox 1689 1271 1787 1303; x_wconf 86' lang='grc' dir='ltr'>ταῦτα,</span> <span class='ocrx_word' id='word_1_493' title='bbox 1800 1271 1869 1308; x_wconf 82' lang='grc' dir='ltr'>μετὰ</span> 
     </span>
    </p>
   </div>
   <div class='ocr_carea' id='block_1_69' title="bbox 1075 1318 1866 1359">
    <p class='ocr_par' dir='ltr' id='par_1_69' title="bbox 1075 1318 1866 1359">
     <span class='ocr_line' id='line_1_70' title="bbox 1075 1318 1866 1359; baseline -0.01 -8"><span class='ocrx_word' id='word_1_494' title='bbox 1075 1324 1122 1351; x_wconf 84' lang='grc' dir='ltr'><strong>τοῦ</strong></span> <span class='ocrx_word' id='word_1_495' title='bbox 1137 1323 1185 1350; x_wconf 78' lang='grc' dir='ltr'>καὶ</span> <span class='ocrx_word' id='word_1_496' title='bbox 1204 1322 1298 1359; x_wconf 87' lang='grc' dir='ltr'>χρείαν</span> <span class='ocrx_word' id='word_1_497' title='bbox 1314 1322 1343 1348; x_wconf 79' lang='grc' dir='ltr'>ὲν</span> <span class='ocrx_word' id='word_1_498' title='bbox 1356 1322 1413 1353; x_wconf 86' lang='grc' dir='ltr'>τοῖς</span> <span class='ocrx_word' id='word_1_499' title='bbox 1430 1320 1543 1350; x_wconf 85' lang='grc' dir='ltr'>οίκείοις</span> <span class='ocrx_word' id='word_1_500' title='bbox 1565 1318 1735 1354; x_wconf 80' lang='grc' dir='ltr'>παρέχεσθαι</span> <span class='ocrx_word' id='word_1_501' title='bbox 1748 1318 1866 1354; x_wconf 76' lang='grc' dir='ltr'>καιροῖς·</span> 
     </span>
    </p>
   </div>
   <div class='ocr_carea' id='block_1_70' title="bbox 1076 1362 1870 1406">
    <p class='ocr_par' dir='ltr' id='par_1_70' title="bbox 1076 1362 1870 1406">
     <span class='ocr_line' id='line_1_71' title="bbox 1076 1362 1870 1406; baseline -0.009 -9"><span class='ocrx_word' id='word_1_502' title='bbox 1076 1368 1227 1406; x_wconf 83' lang='grc' dir='ltr'>δηλούμενα</span> <span class='ocrx_word' id='word_1_503' title='bbox 1239 1367 1268 1394; x_wconf 73' lang='grc' dir='ltr'>δὲ</span> <span class='ocrx_word' id='word_1_504' title='bbox 1282 1366 1313 1399; x_wconf 79' lang='grc' dir='ltr'>ὲξ</span> <span class='ocrx_word' id='word_1_505' title='bbox 1325 1365 1414 1394; x_wconf 81' lang='grc' dir='ltr'>αὐτῶν</span> <span class='ocrx_word' id='word_1_506' title='bbox 1429 1365 1483 1392; x_wconf 81' lang='grc' dir='ltr'><strong>τῶν</strong></span> <span class='ocrx_word' id='word_1_507' title='bbox 1496 1364 1669 1401; x_wconf 82' lang='grc' dir='ltr'>πραγμάτων</span> <span class='ocrx_word' id='word_1_508' title='bbox 1679 1363 1777 1391; x_wconf 79' lang='grc' dir='ltr'>ὁπόσον</span> <span class='ocrx_word' id='word_1_509' title='bbox 1787 1362 1870 1399; x_wconf 75' lang='grc' dir='ltr'>ἠλάτ-</span> 
     </span>
    </p>
   </div>
   <div class='ocr_carea' id='block_1_71' title="bbox 1078 1414 1287 1442">
    <p class='ocr_par' dir='ltr' id='par_1_71' title="bbox 1078 1414 1287 1442">
     <span class='ocr_line' id='line_1_72' title="bbox 1078 1414 1287 1442; baseline -0.01 0"><span class='ocrx_word' id='word_1_510' title='bbox 1078 1424 1177 1442; x_wconf 87' lang='grc' dir='ltr'>τωνται</span> <span class='ocrx_word' id='word_1_511' title='bbox 1190 1414 1287 1441; x_wconf 84' lang='grc' dir='ltr'>ταῦτα.</span> 
     </span>
    </p>
   </div>
   <div class='ocr_carea' id='block_1_72' title="bbox 1120 1454 1870 1498">
    <p class='ocr_par' dir='ltr' id='par_1_72' title="bbox 1120 1454 1870 1498">
     <span class='ocr_line' id='line_1_73' title="bbox 1120 1454 1870 1498; baseline -0.011 -9"><span class='ocrx_word' id='word_1_512' title='bbox 1120 1462 1266 1498; x_wconf 76' lang='grc' dir='ltr'>Ἐξήγαγε“</span> <span class='ocrx_word' id='word_1_513' title='bbox 1281 1459 1331 1496; x_wconf 80' lang='grc' dir='ltr'>μὲν</span> <span class='ocrx_word' id='word_1_514' title='bbox 1357 1456 1403 1486; x_wconf 82' lang='grc' dir='ltr'>οὖν</span> <span class='ocrx_word' id='word_1_515' title='bbox 1424 1457 1475 1493; x_wconf 84' lang='grc' dir='ltr'>τῆς</span> <span class='ocrx_word' id='word_1_516' title='bbox 1498 1456 1639 1491; x_wconf 70' lang='grc' dir='ltr'>Αἰγύπτου</span> <span class='ocrx_word' id='word_1_517' title='bbox 1661 1455 1708 1484; x_wconf 80' lang='grc' dir='ltr'><strong>τὸν</strong></span> <span class='ocrx_word' id='word_1_518' title='bbox 1733 1454 1840 1492; x_wconf 77' lang='grc' dir='ltr'>Ἰσραὴλ</span> <span class='ocrx_word' id='word_1_519' title='bbox 1855 1455 1870 1481; x_wconf 79' lang='lat'><strong>6</strong></span> 
     </span>
    </p>
   </div>
   <div class='ocr_carea' id='block_1_73' title="bbox 1078 1502 1870 1541">
    <p class='ocr_par' dir='ltr' id='par_1_73' title="bbox 1078 1502 1870 1541">
     <span class='ocr_line' id='line_1_74' title="bbox 1078 1502 1870 1541; baseline -0.009 -6"><span class='ocrx_word' id='word_1_520' title='bbox 1078 1508 1145 1540; x_wconf 75' lang='grc' dir='ltr'>Θεὸς</span> <span class='ocrx_word' id='word_1_521' title='bbox 1159 1508 1207 1534; x_wconf 72' lang='grc' dir='ltr'>καὶ</span> <span class='ocrx_word' id='word_1_522' title='bbox 1223 1507 1313 1541; x_wconf 80' lang='grc' dir='ltr'>πάσης</span> <span class='ocrx_word' id='word_1_523' title='bbox 1327 1507 1376 1541; x_wconf 81' lang='grc' dir='ltr'>τῆς</span> <span class='ocrx_word' id='word_1_524' title='bbox 1396 1505 1498 1540; x_wconf 77' lang='grc' dir='ltr'>πικρᾶς</span> <span class='ocrx_word' id='word_1_525' title='bbox 1520 1503 1629 1539; x_wconf 71' lang='grc' dir='ltr'>ἐκείνης</span> <span class='ocrx_word' id='word_1_526' title='bbox 1652 1502 1791 1539; x_wconf 78' lang='grc' dir='ltr'><strong>ἀπήλλαξε</strong></span> <span class='ocrx_word' id='word_1_527' title='bbox 1809 1502 1870 1529; x_wconf 92' lang='grc' dir='ltr'>δου-</span> 
     </span>
    </p>
   </div>
   <div class='ocr_carea' id='block_1_74' title="bbox 1080 1549 1872 1589">
    <p class='ocr_par' dir='ltr' id='par_1_74' title="bbox 1080 1549 1872 1589">
     <span class='ocr_line' id='line_1_75' title="bbox 1080 1549 1872 1589; baseline -0.009 -8"><span class='ocrx_word' id='word_1_528' title='bbox 1080 1554 1164 1586; x_wconf 85' lang='grc' dir='ltr'>λείας·</span> <span class='ocrx_word' id='word_1_529' title='bbox 1172 1554 1363 1589; x_wconf 71' lang='grc' dir='ltr'><strong>Δἐργασάμενος</strong></span> <span class='ocrx_word' id='word_1_530' title='bbox 1375 1551 1403 1578; x_wconf 81' lang='grc' dir='ltr'>δὲ</span> <span class='ocrx_word' id='word_1_531' title='bbox 1423 1551 1539 1578; x_wconf 86' lang='grc' dir='ltr'>θάνατον</span> <span class='ocrx_word' id='word_1_532' title='bbox 1559 1549 1613 1576; x_wconf 85' lang='grc' dir='ltr'><strong>τῶν</strong></span> <span class='ocrx_word' id='word_1_533' title='bbox 1628 1549 1808 1586; x_wconf 84' lang='grc' dir='ltr'>πρωτοτόκων</span> <span class='ocrx_word' id='word_1_534' title='bbox 1825 1557 1872 1575; x_wconf 79' lang='grc' dir='ltr'>πυ-</span> 
     </span>
    </p>
   </div>
   <div class='ocr_carea' id='block_1_75' title="bbox 1080 1594 1871 1632">
    <p class='ocr_par' dir='ltr' id='par_1_75' title="bbox 1080 1594 1871 1632">
     <span class='ocr_line' id='line_1_76' title="bbox 1080 1594 1871 1632; baseline -0.009 -6"><span class='ocrx_word' id='word_1_535' title='bbox 1080 1600 1139 1632; x_wconf 74' lang='grc' dir='ltr'>λὺν,</span> <span class='ocrx_word' id='word_1_536' title='bbox 1152 1598 1196 1626; x_wconf 90' lang='grc' dir='ltr'><strong>διά</strong></span> <span class='ocrx_word' id='word_1_537' title='bbox 1209 1597 1288 1625; x_wconf 83' lang='grc' dir='ltr'>τοῦτο</span> <span class='ocrx_word' id='word_1_538' title='bbox 1298 1597 1331 1624; x_wconf 80' lang='grc' dir='ltr'><strong>τὰ.</strong></span> <span class='ocrx_word' id='word_1_539' title='bbox 1342 1597 1396 1623; x_wconf 88' lang='grc' dir='ltr'><strong>τῶν</strong></span> <span class='ocrx_word' id='word_1_540' title='bbox 1415 1595 1594 1631; x_wconf 82' lang='grc' dir='ltr'>Ἰσραηλιτῶν</span> <span class='ocrx_word' id='word_1_541' title='bbox 1608 1594 1760 1630; x_wconf 82' lang='grc' dir='ltr'>περιέσωσε</span> <span class='ocrx_word' id='word_1_542' title='bbox 1773 1602 1871 1620; x_wconf 79' lang='grc' dir='ltr'>παντε-</span> 
     </span>
    </p>
   </div>
   <div class='ocr_carea' id='block_1_76' title="bbox 1080 1639 1871 1680">
    <p class='ocr_par' dir='ltr' id='par_1_76' title="bbox 1080 1639 1871 1680">
     <span class='ocr_line' id='line_1_77' title="bbox 1080 1639 1871 1680; baseline -0.009 -7"><span class='ocrx_word' id='word_1_543' title='bbox 1080 1646 1144 1678; x_wconf 86' lang='grc' dir='ltr'>λῶς·</span> <span class='ocrx_word' id='word_1_544' title='bbox 1167 1645 1238 1680; x_wconf 80' lang='grc' dir='ltr'>ἅπερ</span> <span class='ocrx_word' id='word_1_545' title='bbox 1257 1641 1303 1670; x_wconf 78' lang='grc' dir='ltr'>οὖν</span> <span class='ocrx_word' id='word_1_546' title='bbox 1323 1642 1370 1670; x_wconf 79' lang='grc' dir='ltr'>καὶ</span> <span class='ocrx_word' id='word_1_547' title='bbox 1390 1641 1496 1678; x_wconf 82' lang='grc' dir='ltr'>σημείῳ</span> <span class='ocrx_word' id='word_1_548' title='bbox 1512 1641 1628 1676; x_wconf 82' lang='grc' dir='ltr'>διέκρινε</span> <span class='ocrx_word' id='word_1_549' title='bbox 1650 1640 1719 1675; x_wconf 81' lang='grc' dir='ltr'>πρὸς</span> <span class='ocrx_word' id='word_1_550' title='bbox 1737 1639 1768 1666; x_wconf 82' lang='grc' dir='ltr'><strong>τδ</strong></span> <span class='ocrx_word' id='word_1_551' title='bbox 1788 1640 1871 1676; x_wconf 83' lang='grc' dir='ltr'>μηδὲν</span> 
     </span>
    </p>
   </div>
   <div class='ocr_carea' id='block_1_77' title="bbox 1082 1685 1871 1728">
    <p class='ocr_par' dir='ltr' id='par_1_77' title="bbox 1082 1685 1871 1728">
     <span class='ocr_line' id='line_1_78' title="bbox 1082 1685 1871 1728; baseline -0.01 -8"><span class='ocrx_word' id='word_1_552' title='bbox 1082 1691 1271 1728; x_wconf 83' lang='grc' dir='ltr'>παραπλήσιον</span> <span class='ocrx_word' id='word_1_553' title='bbox 1289 1691 1345 1721; x_wconf 85' lang='grc' dir='ltr'>τοῖς</span> <span class='ocrx_word' id='word_1_554' title='bbox 1360 1688 1519 1723; x_wconf 82' lang='grc' dir='ltr'>Αἰγυπτίοις</span> <span class='ocrx_word' id='word_1_555' title='bbox 1536 1687 1642 1714; x_wconf 79' lang='grc' dir='ltr'>παθεῖν’</span> <span class='ocrx_word' id='word_1_556' title='bbox 1657 1685 1692 1722; x_wconf 82' lang='grc' dir='ltr'>ἦν</span> <span class='ocrx_word' id='word_1_557' title='bbox 1714 1686 1742 1713; x_wconf 81' lang='grc' dir='ltr'>δὲ</span> <span class='ocrx_word' id='word_1_558' title='bbox 1759 1686 1838 1713; x_wconf 81' lang='grc' dir='ltr'>τοῦτο</span> <span class='ocrx_word' id='word_1_559' title='bbox 1853 1686 1871 1722; x_wconf 72' lang='grc' dir='ltr'>ἡ</span> 
     </span>
    </p>
   </div>
   <div class='ocr_carea' id='block_1_78' title="bbox 1080 1731 1872 1769">
    <p class='ocr_par' dir='ltr' id='par_1_78' title="bbox 1080 1731 1872 1769">
     <span class='ocr_line' id='line_1_79' title="bbox 1080 1731 1872 1769; baseline -0.008 -6"><span class='ocrx_word' id='word_1_560' title='bbox 1080 1736 1128 1763; x_wconf 69' lang='grc' dir='ltr'><strong>ἐπὶ</strong></span> <span class='ocrx_word' id='word_1_561' title='bbox 1141 1736 1195 1762; x_wconf 89' lang='grc' dir='ltr'><strong>τῶν</strong></span> <span class='ocrx_word' id='word_1_562' title='bbox 1213 1733 1298 1769; x_wconf 71' lang='grc' dir='ltr'>φλιῶν</span> <span class='ocrx_word' id='word_1_563' title='bbox 1314 1732 1361 1759; x_wconf 82' lang='grc' dir='ltr'>τοῦ</span> <span class='ocrx_word' id='word_1_564' title='bbox 1381 1733 1498 1767; x_wconf 80' lang='grc' dir='ltr'>αἵματος</span> <span class='ocrx_word' id='word_1_565' title='bbox 1512 1731 1611 1767; x_wconf 59' lang='grc' dir='ltr'>χρίσις</span> <span class='ocrx_word' id='word_1_566' title='bbox 1626 1731 1713 1758; x_wconf 81' lang='grc' dir='ltr'>ταῦτα</span> <span class='ocrx_word' id='word_1_567' title='bbox 1728 1731 1755 1757; x_wconf 82' lang='grc' dir='ltr'>δὲ</span> <span class='ocrx_word' id='word_1_568' title='bbox 1771 1731 1872 1766; x_wconf 74' lang='grc' dir='ltr'>πολλὴν</span> 
     </span>
    </p>
   </div>
   <div class='ocr_carea' id='block_1_79' title="bbox 1083 1777 1871 1817">
    <p class='ocr_par' dir='ltr' id='par_1_79' title="bbox 1083 1777 1871 1817">
     <span class='ocr_line' id='line_1_80' title="bbox 1083 1777 1871 1817; baseline -0.006 -9"><span class='ocrx_word' id='word_1_569' title='bbox 1083 1781 1132 1817; x_wconf 81' lang='grc' dir='ltr'>μὲν</span> <span class='ocrx_word' id='word_1_570' title='bbox 1145 1783 1201 1812; x_wconf 84' lang='grc' dir='ltr'>τοῖς</span> <span class='ocrx_word' id='word_1_571' title='bbox 1227 1779 1406 1816; x_wconf 73' lang='grc' dir='ltr'>Ἰσραηλίταις</span> <span class='ocrx_word' id='word_1_572' title='bbox 1430 1778 1559 1814; x_wconf 84' lang='grc' dir='ltr'>γινόμενα</span> <span class='ocrx_word' id='word_1_573' title='bbox 1585 1778 1645 1804; x_wconf 86' lang='grc' dir='ltr'>τότε</span> <span class='ocrx_word' id='word_1_574' title='bbox 1663 1779 1808 1813; x_wconf 87' lang='grc' dir='ltr'>παρείχετο</span> <span class='ocrx_word' id='word_1_575' title='bbox 1821 1777 1871 1811; x_wconf 85' lang='grc' dir='ltr'>τὴν</span> 
     </span>
    </p>
   </div>
   <div class='ocr_carea' id='block_1_80' title="bbox 1063 1824 1867 1863">
    <p class='ocr_par' dir='ltr' id='par_1_80' title="bbox 1063 1824 1867 1863">
     <span class='ocr_line' id='line_1_81' title="bbox 1063 1824 1867 1863; baseline -0.007 -8"><span class='ocrx_word' id='word_1_576' title='bbox 1063 1832 1065 1834; x_wconf 89' lang='grc'><em>’</em></span> <span class='ocrx_word' id='word_1_577' title='bbox 1081 1828 1230 1863; x_wconf 69' lang='grc' dir='ltr'>ὠφέλειαν»</span> <span class='ocrx_word' id='word_1_578' title='bbox 1245 1828 1300 1858; x_wconf 88' lang='grc' dir='ltr'>τοῖς</span> <span class='ocrx_word' id='word_1_579' title='bbox 1315 1834 1346 1860; x_wconf 91' lang='grc' dir='ltr'>γε</span> <span class='ocrx_word' id='word_1_580' title='bbox 1362 1825 1409 1852; x_wconf 75' lang='grc' dir='ltr'>καὶ</span> <span class='ocrx_word' id='word_1_581' title='bbox 1430 1825 1459 1851; x_wconf 77' lang='grc' dir='ltr'>ὲν</span> <span class='ocrx_word' id='word_1_582' title='bbox 1479 1824 1628 1851; x_wconf 85' lang='grc' dir='ltr'>ἀπολαύσει</span> <span class='ocrx_word' id='word_1_583' title='bbox 1647 1824 1775 1850; x_wconf 80' lang='grc' dir='ltr'>τοιούτων</span> <span class='ocrx_word' id='word_1_584' title='bbox 1805 1825 1867 1851; x_wconf 78' lang='grc' dir='ltr'>καϐ-</span> 
     </span>
    </p>
   </div>
   <div class='ocr_carea' id='block_1_81' title="bbox 1083 1870 1874 1909">
    <p class='ocr_par' dir='ltr' id='par_1_81' title="bbox 1083 1870 1874 1909">
     <span class='ocr_line' id='line_1_82' title="bbox 1083 1870 1874 1909; baseline -0.006 -8"><span class='ocrx_word' id='word_1_585' title='bbox 1083 1874 1247 1909; x_wconf 83' lang='grc' dir='ltr'>ισταμένοις·</span> <span class='ocrx_word' id='word_1_586' title='bbox 1258 1872 1476 1908; x_wconf 82' lang='grc' dir='ltr'>προεσημαίνετο</span> <span class='ocrx_word' id='word_1_587' title='bbox 1486 1871 1514 1897; x_wconf 79' lang='grc' dir='ltr'>δέ</span> <span class='ocrx_word' id='word_1_588' title='bbox 1523 1879 1582 1902; x_wconf 85' lang='grc' dir='ltr'><strong>πως</strong></span> <span class='ocrx_word' id='word_1_589' title='bbox 1593 1871 1629 1902; x_wconf 85' lang='grc' dir='ltr'>ὡς</span> <span class='ocrx_word' id='word_1_590' title='bbox 1642 1872 1670 1897; x_wconf 83' lang='grc' dir='ltr'>ὲν</span> <span class='ocrx_word' id='word_1_591' title='bbox 1683 1870 1778 1902; x_wconf 81' lang='grc' dir='ltr'>τύποις</span> <span class='ocrx_word' id='word_1_592' title='bbox 1788 1870 1818 1896; x_wconf 77' lang='grc' dir='ltr'>τὸ</span> <span class='ocrx_word' id='word_1_593' title='bbox 1827 1870 1874 1897; x_wconf 70' lang='grc' dir='ltr'>καὶ</span> 
     </span>
    </p>
   </div>
   <div class='ocr_carea' id='block_1_82' title="bbox 1081 1915 1872 1954">
    <p class='ocr_par' dir='ltr' id='par_1_82' title="bbox 1081 1915 1872 1954">
     <span class='ocr_line' id='line_1_83' title="bbox 1081 1915 1872 1954; baseline -0.006 -7"><span class='ocrx_word' id='word_1_594' title='bbox 1081 1921 1127 1947; x_wconf 75' lang='grc' dir='ltr'>τὸν</span> <span class='ocrx_word' id='word_1_595' title='bbox 1155 1919 1292 1954; x_wconf 86' lang='grc' dir='ltr'>Δεσπότην</span> <span class='ocrx_word' id='word_1_596' title='bbox 1315 1918 1429 1954; x_wconf 80' lang='grc' dir='ltr'>Χριστὸν</span> <span class='ocrx_word' id='word_1_597' title='bbox 1458 1916 1545 1949; x_wconf 74' lang='grc' dir='ltr'>οὓτως</span> <span class='ocrx_word' id='word_1_598' title='bbox 1569 1917 1644 1951; x_wconf 79' lang='grc' dir='ltr'>ἡμᾶς</span> <span class='ocrx_word' id='word_1_599' title='bbox 1669 1915 1872 1951; x_wconf 78' lang='grc' dir='ltr'>ἀφαιρήσεσθαι</span> 
     </span>
    </p>
   </div>
   <div class='ocr_carea' id='block_1_83' title="bbox 1081 1961 1872 1999">
    <p class='ocr_par' dir='ltr' id='par_1_83' title="bbox 1081 1961 1872 1999">
     <span class='ocr_line' id='line_1_84' title="bbox 1081 1961 1872 1999; baseline -0.004 -8"><span class='ocrx_word' id='word_1_600' title='bbox 1081 1965 1112 1992; x_wconf 81' lang='grc' dir='ltr'>οὐ</span> <span class='ocrx_word' id='word_1_601' title='bbox 1128 1965 1176 1999; x_wconf 76' lang='grc' dir='ltr'>τῆς</span> <span class='ocrx_word' id='word_1_602' title='bbox 1190 1964 1328 1998; x_wconf 82' lang='grc' dir='ltr'>Αἰγύπτου</span> <span class='ocrx_word' id='word_1_603' title='bbox 1346 1963 1478 1994; x_wconf 84' lang='grc' dir='ltr'>δουλείας.</span> <span class='ocrx_word' id='word_1_604' title='bbox 1495 1962 1562 1989; x_wconf 88' lang='grc' dir='ltr'><strong>ἀλλά</strong></span> <span class='ocrx_word' id='word_1_605' title='bbox 1583 1962 1633 1997; x_wconf 81' lang='grc' dir='ltr'>τῆς</span> <span class='ocrx_word' id='word_1_606' title='bbox 1651 1970 1681 1988; x_wconf 86' lang='grc' dir='ltr'>τε</span> <span class='ocrx_word' id='word_1_607' title='bbox 1695 1961 1742 1988; x_wconf 83' lang='grc' dir='ltr'>τοῦ</span> <span class='ocrx_word' id='word_1_608' title='bbox 1757 1961 1872 1988; x_wconf 78' lang='grc' dir='ltr'>θανάτου</span> 
     </span>
    </p>
   </div>
   <div class='ocr_carea' id='block_1_84' title="bbox 1083 2006 1873 2046">
    <p class='ocr_par' dir='ltr' id='par_1_84' title="bbox 1083 2006 1873 2046">
     <span class='ocr_line' id='line_1_85' title="bbox 1083 2006 1873 2046; baseline -0.006 -8"><span class='ocrx_word' id='word_1_609' title='bbox 1083 2011 1129 2038; x_wconf 79' lang='grc' dir='ltr'><strong>καὶ</strong></span> <span class='ocrx_word' id='word_1_610' title='bbox 1145 2011 1195 2046; x_wconf 81' lang='grc' dir='ltr'>τῆς</span> <span class='ocrx_word' id='word_1_611' title='bbox 1211 2010 1357 2045; x_wconf 85' lang='grc' dir='ltr'>ἁμαρτίας·</span> <span class='ocrx_word' id='word_1_612' title='bbox 1375 2010 1412 2044; x_wconf 90' lang='lat' dir='ltr'><strong>(p.</strong></span> <span class='ocrx_word' id='word_1_613' title='bbox 1429 2009 1492 2042; x_wconf 57' lang='grc' dir='ltr'>σεο)</span> <span class='ocrx_word' id='word_1_614' title='bbox 1510 2009 1583 2044; x_wconf 77' lang='grc' dir='ltr'>άπερ</span> <span class='ocrx_word' id='word_1_615' title='bbox 1599 2006 1645 2034; x_wconf 80' lang='grc' dir='ltr'>οὖν</span> <span class='ocrx_word' id='word_1_616' title='bbox 1667 2008 1732 2042; x_wconf 82' lang='grc' dir='ltr'>ἡμῖν</span> <span class='ocrx_word' id='word_1_617' title='bbox 1752 2007 1873 2043; x_wconf 82' lang='grc' dir='ltr'>παρέσχε</span> 
     </span>
    </p>
   </div>
   <div class='ocr_carea' id='block_1_85' title="bbox 1082 2053 1874 2093">
    <p class='ocr_par' dir='ltr' id='par_1_85' title="bbox 1082 2053 1874 2093">
     <span class='ocr_line' id='line_1_86' title="bbox 1082 2053 1874 2093; baseline -0.005 -10"><span class='ocrx_word' id='word_1_618' title='bbox 1082 2059 1115 2093; x_wconf 83' lang='grc' dir='ltr'>τῇ</span> <span class='ocrx_word' id='word_1_619' title='bbox 1136 2057 1225 2092; x_wconf 86' lang='grc' dir='ltr'>χρίσει</span> <span class='ocrx_word' id='word_1_620' title='bbox 1244 2056 1291 2082; x_wconf 85' lang='grc' dir='ltr'>τοῦ</span> <span class='ocrx_word' id='word_1_621' title='bbox 1314 2055 1430 2091; x_wconf 82' lang='grc' dir='ltr'>αἵματος</span> <span class='ocrx_word' id='word_1_622' title='bbox 1445 2054 1492 2081; x_wconf 77' lang='grc' dir='ltr'>τοῦ</span> <span class='ocrx_word' id='word_1_623' title='bbox 1509 2054 1621 2081; x_wconf 71' lang='grc' dir='ltr'>οἰκείοψ</span> <span class='ocrx_word' id='word_1_624' title='bbox 1639 2053 1718 2080; x_wconf 81' lang='grc' dir='ltr'>τοῦτο</span> <span class='ocrx_word' id='word_1_625' title='bbox 1732 2054 1786 2088; x_wconf 79' lang='grc' dir='ltr'><strong>γὰρ</strong></span> <span class='ocrx_word' id='word_1_626' title='bbox 1805 2053 1874 2089; x_wconf 77' lang='grc' dir='ltr'>ὑπὲρ</span> 
     </span>
    </p>
   </div>
   <div class='ocr_carea' id='block_1_86' title="bbox 1083 2099 1874 2137">
    <p class='ocr_par' dir='ltr' id='par_1_86' title="bbox 1083 2099 1874 2137">
     <span class='ocr_line' id='line_1_87' title="bbox 1083 2099 1874 2137; baseline -0.008 -7"><span class='ocrx_word' id='word_1_627' title='bbox 1083 2104 1211 2130; x_wconf 78' lang='grc' dir='ltr'>ἁπάντων</span> <span class='ocrx_word' id='word_1_628' title='bbox 1226 2102 1335 2137; x_wconf 79' lang='grc' dir='ltr'>ἐκχέας,</span> <span class='ocrx_word' id='word_1_629' title='bbox 1351 2101 1398 2127; x_wconf 70' lang='grc' dir='ltr'>καὶ</span> <span class='ocrx_word' id='word_1_630' title='bbox 1413 2101 1458 2127; x_wconf 78' lang='grc' dir='ltr'><strong>τδν</strong></span> <span class='ocrx_word' id='word_1_631' title='bbox 1472 2100 1585 2127; x_wconf 87' lang='grc' dir='ltr'>θάνατον</span> <span class='ocrx_word' id='word_1_632' title='bbox 1601 2099 1721 2130; x_wconf 82' lang='grc' dir='ltr'>ὑποστὰς</span> <span class='ocrx_word' id='word_1_633' title='bbox 1738 2099 1782 2125; x_wconf 82' lang='grc' dir='ltr'><strong>τδν</strong></span> <span class='ocrx_word' id='word_1_634' title='bbox 1803 2099 1874 2135; x_wconf 77' lang='grc' dir='ltr'>ὑπὲρ</span> 
     </span>
    </p>
   </div>
   <div class='ocr_carea' id='block_1_87' title="bbox 1083 2144 1874 2184">
    <p class='ocr_par' dir='ltr' id='par_1_87' title="bbox 1083 2144 1874 2184">
     <span class='ocr_line' id='line_1_88' title="bbox 1083 2144 1874 2184; baseline -0.005 -10"><span class='ocrx_word' id='word_1_635' title='bbox 1083 2148 1172 2184; x_wconf 76' lang='grc' dir='ltr'>ἡμῶν,</span> <span class='ocrx_word' id='word_1_636' title='bbox 1190 2147 1337 2183; x_wconf 82' lang='grc' dir='ltr'>είργάσατό</span> <span class='ocrx_word' id='word_1_637' title='bbox 1351 2155 1381 2172; x_wconf 91' lang='grc' dir='ltr'><strong>τε</strong></span> <span class='ocrx_word' id='word_1_638' title='bbox 1399 2145 1452 2172; x_wconf 86' lang='grc' dir='ltr'><strong>τῶν</strong></span> <span class='ocrx_word' id='word_1_639' title='bbox 1468 2144 1572 2180; x_wconf 79' lang='grc' dir='ltr'>νεκρῶν</span> <span class='ocrx_word' id='word_1_640' title='bbox 1585 2145 1634 2180; x_wconf 81' lang='grc' dir='ltr'>τὴν</span> <span class='ocrx_word' id='word_1_641' title='bbox 1654 2144 1811 2176; x_wconf 77' lang='grc' dir='ltr'>ἀνάστασιν,</span> <span class='ocrx_word' id='word_1_642' title='bbox 1828 2145 1874 2171; x_wconf 77' lang='grc' dir='ltr'>καὶ</span> 
     </span>
    </p>
   </div>
   <div class='ocr_carea' id='block_1_88' title="bbox 1084 2189 1876 2229">
    <p class='ocr_par' dir='ltr' id='par_1_88' title="bbox 1084 2189 1876 2229">
     <span class='ocr_line' id='line_1_89' title="bbox 1084 2189 1876 2229; baseline -0.004 -10"><span class='ocrx_word' id='word_1_643' title='bbox 1084 2193 1221 2229; x_wconf 78' lang='grc' dir='ltr'>παρέσχεν</span> <span class='ocrx_word' id='word_1_644' title='bbox 1236 2193 1336 2219; x_wconf 74' lang='grc' dir='ltr'>ἅπασιν</span> <span class='ocrx_word' id='word_1_645' title='bbox 1349 2192 1417 2226; x_wconf 85' lang='grc' dir='ltr'>ἡμῖν</span> <span class='ocrx_word' id='word_1_646' title='bbox 1439 2190 1481 2223; x_wconf 80' lang='grc' dir='ltr'><strong>τὸ,</strong></span> <span class='ocrx_word' id='word_1_647' title='bbox 1499 2190 1590 2225; x_wconf 87' lang='grc' dir='ltr'>πάσης</span> <span class='ocrx_word' id='word_1_648' title='bbox 1610 2190 1659 2225; x_wconf 78' lang='grc' dir='ltr'>τῆς</span> <span class='ocrx_word' id='word_1_649' title='bbox 1674 2189 1792 2217; x_wconf 74' lang='grc' dir='ltr'>ἐνταῦθα</span> <span class='ocrx_word' id='word_1_650' title='bbox 1813 2189 1876 2216; x_wconf 86' lang='grc' dir='ltr'>δου-</span> 
     </span>
    </p>
   </div>
   <div class='ocr_carea' id='block_1_89' title="bbox 239 2235 1023 2277">
    <p class='ocr_par' dir='ltr' id='par_1_89' title="bbox 239 2241 1023 2277">
     <span class='ocr_line' id='line_1_90' title="bbox 239 2241 1023 2277; baseline 0.006 -10"><span class='ocrx_word' id='word_1_651' title='bbox 239 2241 295 2276; x_wconf 88' lang='lat' dir='ltr'><strong>jam</strong></span> <span class='ocrx_word' id='word_1_652' title='bbox 311 2243 474 2277; x_wconf 88' lang='lat' dir='ltr'><strong>promissam</strong></span> <span class='ocrx_word' id='word_1_653' title='bbox 489 2247 602 2277; x_wconf 82' lang='lat' dir='ltr'><strong>terram,</strong></span> <span class='ocrx_word' id='word_1_654' title='bbox 622 2248 651 2272; x_wconf 88' lang='lat' dir='ltr'><strong>ut</strong></span> <span class='ocrx_word' id='word_1_655' title='bbox 666 2244 717 2277; x_wconf 88' lang='lat' dir='ltr'><strong>illi,</strong></span> <span class='ocrx_word' id='word_1_656' title='bbox 731 2245 925 2277; x_wconf 84' lang='lat' dir='ltr'><strong>incoleremus,</strong></span> <span class='ocrx_word' id='word_1_657' title='bbox 942 2245 990 2272; x_wconf 90' lang='lat' dir='ltr'><strong>sed</strong></span> <span class='ocrx_word' id='word_1_658' title='bbox 1004 2246 1023 2272; x_wconf 86' lang='lat' dir='ltr'><strong>ir</strong></span> 
     </span>
    </p>
   </div>
   <div class='ocr_carea' id='block_1_90' title="bbox 1076 2235 1875 2277">
    <p class='ocr_par' dir='ltr' id='par_1_90' title="bbox 1085 2235 1875 2272">
     <span class='ocr_line' id='line_1_91' title="bbox 1085 2235 1875 2272; baseline -0.004 -7"><span class='ocrx_word' id='word_1_659' title='bbox 1085 2239 1160 2270; x_wconf 82' lang='grc' dir='ltr'>λείας</span> <span class='ocrx_word' id='word_1_660' title='bbox 1176 2238 1382 2271; x_wconf 80' lang='grc' dir='ltr'>ἀπαλλαγεῖσιν,</span> <span class='ocrx_word' id='word_1_661' title='bbox 1398 2235 1597 2272; x_wconf 79' lang='grc' dir='ltr'>ἀπεκδέχεσθαι</span> <span class='ocrx_word' id='word_1_662' title='bbox 1609 2236 1658 2271; x_wconf 83' lang='grc' dir='ltr'>τῆς</span> <span class='ocrx_word' id='word_1_663' title='bbox 1674 2245 1703 2263; x_wconf 88' lang='grc' dir='ltr'>τε</span> <span class='ocrx_word' id='word_1_664' title='bbox 1723 2235 1875 2268; x_wconf 82' lang='grc' dir='ltr'>ἀθανασίας</span> 
     </span>
    </p>
   </div>
   <div class='ocr_carea' id='block_1_91' title="bbox 241 2291 1029 2327">
    <p class='ocr_par' dir='ltr' id='par_1_91' title="bbox 241 2291 1029 2327">
     <span class='ocr_line' id='line_1_92' title="bbox 241 2291 1029 2327; baseline 0.004 -10"><span class='ocrx_word' id='word_1_665' title='bbox 241 2298 324 2327; x_wconf 70' lang='lat' dir='ltr'><strong>regno</strong></span> <span class='ocrx_word' id='word_1_666' title='bbox 339 2299 512 2319; x_wconf 85' lang='lat' dir='ltr'><strong>versaremur</strong></span> <span class='ocrx_word' id='word_1_667' title='bbox 528 2291 670 2318; x_wconf 71' lang='lat' dir='ltr'><strong>caelorum.</strong></span> <span class='ocrx_word' id='word_1_668' title='bbox 687 2291 747 2320; x_wconf 83' lang='lat' dir='ltr'><strong>Jam</strong></span> <span class='ocrx_word' id='word_1_669' title='bbox 766 2295 900 2327; x_wconf 87' lang='lat' dir='ltr'><strong>quanttttn</strong></span> <span class='ocrx_word' id='word_1_670' title='bbox 921 2292 978 2320; x_wconf 71' lang='lat' dir='ltr'><strong>htec</strong></span> <span class='ocrx_word' id='word_1_671' title='bbox 995 2293 1029 2320; x_wconf 89' lang='lat' dir='ltr'><strong>ab</strong></span> 
     </span>
    </p>
   </div>
   <div class='ocr_carea' id='block_1_92' title="bbox 241 2335 1028 2372">
    <p class='ocr_par' dir='ltr' id='par_1_92' title="bbox 241 2335 1028 2372">
     <span class='ocr_line' id='line_1_93' title="bbox 241 2335 1028 2372; baseline 0.001 -9"><span class='ocrx_word' id='word_1_672' title='bbox 241 2337 296 2365; x_wconf 86' lang='lat' dir='ltr'><strong>illis</strong></span> <span class='ocrx_word' id='word_1_673' title='bbox 311 2336 457 2365; x_wconf 75' lang='lat' dir='ltr'><strong>differunt!</strong></span> <span class='ocrx_word' id='word_1_674' title='bbox 474 2335 606 2364; x_wconf 61' lang='lat' dir='ltr'><strong>Israelita</strong></span> <span class='ocrx_word' id='word_1_675' title='bbox 623 2337 657 2364; x_wconf 89' lang='lat' dir='ltr'><strong>ad</strong></span> <span class='ocrx_word' id='word_1_676' title='bbox 668 2337 750 2364; x_wconf 88' lang='lat' dir='ltr'><strong>breve</strong></span> <span class='ocrx_word' id='word_1_677' title='bbox 765 2337 896 2372; x_wconf 83' lang='lat' dir='ltr'><strong>temporis</strong></span> <span class='ocrx_word' id='word_1_678' title='bbox 911 2337 1028 2372; x_wconf 85' lang='lat' dir='ltr'><strong>spatium</strong></span> 
     </span>
    </p>
   </div>
   <div class='ocr_carea' id='block_1_93' title="bbox 241 2383 1030 2418">
    <p class='ocr_par' dir='ltr' id='par_1_93' title="bbox 241 2383 1030 2418">
     <span class='ocr_line' id='line_1_94' title="bbox 241 2383 1030 2418; baseline -0.001 -8"><span class='ocrx_word' id='word_1_679' title='bbox 241 2383 312 2410; x_wconf 85' lang='lat' dir='ltr'><strong>bona</strong></span> <span class='ocrx_word' id='word_1_680' title='bbox 329 2383 375 2411; x_wconf 90' lang='lat' dir='ltr'><strong>illa</strong></span> <span class='ocrx_word' id='word_1_681' title='bbox 385 2383 641 2418; x_wconf 86' lang='lat' dir='ltr'><strong>consequebantur;</strong></span> <span class='ocrx_word' id='word_1_682' title='bbox 653 2390 704 2410; x_wconf 89' lang='lat' dir='ltr'><strong>nos</strong></span> <span class='ocrx_word' id='word_1_683' title='bbox 717 2383 784 2414; x_wconf 65' lang='lat' dir='ltr'><strong>haec,</strong></span> <span class='ocrx_word' id='word_1_684' title='bbox 797 2390 858 2418; x_wconf 75' lang='lat' dir='ltr'><strong>qua:</strong></span> <span class='ocrx_word' id='word_1_685' title='bbox 869 2383 953 2410; x_wconf 88' lang='lat' dir='ltr'><strong>multa</strong></span> <span class='ocrx_word' id='word_1_686' title='bbox 965 2386 1030 2410; x_wconf 89' lang='lat' dir='ltr'><strong>sunt</strong></span> 
     </span>
    </p>
   </div>
   <div class='ocr_carea' id='block_1_94' title="bbox 241 2428 1029 2464">
    <p class='ocr_par' dir='ltr' id='par_1_94' title="bbox 241 2428 1029 2464">
     <span class='ocr_line' id='line_1_95' title="bbox 241 2428 1029 2464; baseline -0.001 -8"><span class='ocrx_word' id='word_1_687' title='bbox 241 2433 267 2456; x_wconf 89' lang='lat' dir='ltr'><strong>et</strong></span> <span class='ocrx_word' id='word_1_688' title='bbox 281 2429 409 2462; x_wconf 79' lang='lat' dir='ltr'><strong>maxima,</strong></span> <span class='ocrx_word' id='word_1_689' title='bbox 423 2437 484 2457; x_wconf 93' lang='lat' dir='ltr'><strong>eum</strong></span> <span class='ocrx_word' id='word_1_690' title='bbox 500 2434 602 2456; x_wconf 51' lang='lat' dir='ltr'><strong>aeterna</strong></span> <span class='ocrx_word' id='word_1_691' title='bbox 617 2429 735 2456; x_wconf 89' lang='lat' dir='ltr'><strong>utilitate</strong></span> <span class='ocrx_word' id='word_1_692' title='bbox 750 2432 892 2455; x_wconf 83' lang='lat' dir='ltr'><strong>tenemus:</strong></span> <span class='ocrx_word' id='word_1_693' title='bbox 912 2428 938 2455; x_wconf 89' lang='lat' dir='ltr'><strong>id</strong></span> <span class='ocrx_word' id='word_1_694' title='bbox 956 2428 1029 2464; x_wconf 89' lang='lat' dir='ltr'><strong>quod</strong></span> 
     </span>
    </p>
   </div>
   <div class='ocr_carea' id='block_1_95' title="bbox 241 2474 1029 2510">
    <p class='ocr_par' dir='ltr' id='par_1_95' title="bbox 241 2474 1029 2510">
     <span class='ocr_line' id='line_1_96' title="bbox 241 2474 1029 2510; baseline 0 -9"><span class='ocrx_word' id='word_1_695' title='bbox 241 2483 274 2501; x_wconf 76' lang='lat' dir='ltr'><strong>ex</strong></span> <span class='ocrx_word' id='word_1_696' title='bbox 290 2475 363 2502; x_wconf 91' lang='lat' dir='ltr'><strong>omni</strong></span> <span class='ocrx_word' id='word_1_697' title='bbox 377 2483 468 2503; x_wconf 88' lang='lat' dir='ltr'><strong>rerum</strong></span> <span class='ocrx_word' id='word_1_698' title='bbox 483 2475 605 2510; x_wconf 88' lang='lat' dir='ltr'><strong>ipsarum</strong></span> <span class='ocrx_word' id='word_1_699' title='bbox 621 2479 719 2502; x_wconf 87' lang='lat' dir='ltr'><strong>natura</strong></span> <span class='ocrx_word' id='word_1_700' title='bbox 733 2479 901 2509; x_wconf 85' lang='lat' dir='ltr'><strong>compertum</strong></span> <span class='ocrx_word' id='word_1_701' title='bbox 913 2478 965 2502; x_wconf 85' lang='lat' dir='ltr'><strong>est:</strong></span> <span class='ocrx_word' id='word_1_702' title='bbox 982 2474 1029 2502; x_wconf 89' lang='lat' dir='ltr'><strong>Sic</strong></span> 
     </span>
    </p>
   </div>
   <div class='ocr_carea' id='block_1_96' title="bbox 242 2519 1032 2560">
    <p class='ocr_par' dir='ltr' id='par_1_96' title="bbox 242 2519 1032 2560">
     <span class='ocr_line' id='line_1_97' title="bbox 242 2519 1032 2560; baseline 0.001 -14"><span class='ocrx_word' id='word_1_703' title='bbox 242 2520 323 2547; x_wconf 66' lang='lat' dir='ltr'><strong>etiam</strong></span> <span class='ocrx_word' id='word_1_704' title='bbox 340 2525 485 2555; x_wconf 79' lang='lat' dir='ltr'><strong>peccantes</strong></span> <span class='ocrx_word' id='word_1_705' title='bbox 505 2521 532 2548; x_wconf 93' lang='lat' dir='ltr'><strong>in</strong></span> <span class='ocrx_word' id='word_1_706' title='bbox 552 2528 644 2548; x_wconf 86' lang='lat' dir='ltr'><strong>eremo</strong></span> <span class='ocrx_word' id='word_1_707' title='bbox 661 2519 797 2547; x_wconf 87' lang='lat' dir='ltr'><strong>lsraelitas</strong></span> <span class='ocrx_word' id='word_1_708' title='bbox 807 2527 895 2555; x_wconf 70' lang='lat' dir='ltr'><strong>ptente</strong></span> <span class='ocrx_word' id='word_1_709' title='bbox 914 2520 1032 2560; x_wconf 74' lang='lat' dir='ltr'><strong>subjecit</strong></span> 
     </span>
    </p>
   </div>
   <div class='ocr_carea' id='block_1_97' title="bbox 243 2565 1031 2601">
    <p class='ocr_par' dir='ltr' id='par_1_97' title="bbox 243 2565 1031 2601">
     <span class='ocr_line' id='line_1_98' title="bbox 243 2565 1031 2601; baseline 0 -9"><span class='ocrx_word' id='word_1_710' title='bbox 243 2565 326 2599; x_wconf 85' lang='lat' dir='ltr'><strong>Deus,</strong></span> <span class='ocrx_word' id='word_1_711' title='bbox 343 2571 372 2593; x_wconf 87' lang='lat' dir='ltr'><strong>ut</strong></span> <span class='ocrx_word' id='word_1_712' title='bbox 390 2566 433 2593; x_wconf 91' lang='lat' dir='ltr'><strong>his</strong></span> <span class='ocrx_word' id='word_1_713' title='bbox 449 2566 533 2594; x_wconf 87' lang='lat' dir='ltr'><strong>veluti</strong></span> <span class='ocrx_word' id='word_1_714' title='bbox 552 2565 758 2601; x_wconf 78' lang='lat' dir='ltr'><strong>exetuplaribus</strong></span> <span class='ocrx_word' id='word_1_715' title='bbox 778 2570 953 2601; x_wconf 89' lang='lat' dir='ltr'><strong>peccatorum</strong></span> <span class='ocrx_word' id='word_1_716' title='bbox 974 2566 1031 2592; x_wconf 79' lang='grc' dir='ltr'>[οι-</span> 
     </span>
    </p>
   </div>
   <div class='ocr_carea' id='block_1_98' title="bbox 243 2611 1032 2647">
    <p class='ocr_par' dir='ltr' id='par_1_98' title="bbox 243 2611 1032 2647">
     <span class='ocr_line' id='line_1_99' title="bbox 243 2611 1032 2647; baseline 0.001 -9"><span class='ocrx_word' id='word_1_717' title='bbox 243 2611 373 2639; x_wconf 87' lang='lat' dir='ltr'><strong>midinem</strong></span> <span class='ocrx_word' id='word_1_718' title='bbox 388 2612 467 2640; x_wconf 88' lang='lat' dir='ltr'><strong>nobis</strong></span> <span class='ocrx_word' id='word_1_719' title='bbox 478 2612 625 2645; x_wconf 83' lang='lat' dir='ltr'><strong>incuteret,</strong></span> <span class='ocrx_word' id='word_1_720' title='bbox 643 2619 759 2647; x_wconf 90' lang='lat' dir='ltr'><strong>quorum</strong></span> <span class='ocrx_word' id='word_1_721' title='bbox 774 2619 858 2640; x_wconf 90' lang='lat' dir='ltr'><strong>causa</strong></span> <span class='ocrx_word' id='word_1_722' title='bbox 873 2612 899 2639; x_wconf 90' lang='lat' dir='ltr'><strong>in</strong></span> <span class='ocrx_word' id='word_1_723' title='bbox 914 2611 1032 2639; x_wconf 86' lang='lat' dir='ltr'><strong>deterio-</strong></span> 
     </span>
    </p>
   </div>
   <div class='ocr_carea' id='block_1_99' title="bbox 243 2657 786 2685">
    <p class='ocr_par' dir='ltr' id='par_1_99' title="bbox 243 2657 786 2685">
     <span class='ocr_line' id='line_1_100' title="bbox 243 2657 786 2685; baseline 0.002 -2"><span class='ocrx_word' id='word_1_724' title='bbox 243 2664 300 2684; x_wconf 85' lang='lat' dir='ltr'><strong>rem</strong></span> <span class='ocrx_word' id='word_1_725' title='bbox 316 2657 436 2684; x_wconf 87' lang='lat' dir='ltr'><strong>solemus</strong></span> <span class='ocrx_word' id='word_1_726' title='bbox 455 2657 638 2685; x_wconf 87' lang='lat' dir='ltr'><strong>conditionem</strong></span> <span class='ocrx_word' id='word_1_727' title='bbox 655 2657 786 2685; x_wconf 87' lang='lat' dir='ltr'><strong>incidere.</strong></span> 
     </span>
    </p>
   </div>
   <div class='ocr_carea' id='block_1_100' title="bbox 245 2705 1032 2741">
    <p class='ocr_par' dir='ltr' id='par_1_100' title="bbox 245 2705 1032 2741">
     <span class='ocr_line' id='line_1_101' title="bbox 245 2705 1032 2741; baseline -0.001 -9"><span class='ocrx_word' id='word_1_728' title='bbox 245 2713 306 2741; x_wconf 86' lang='grc' dir='ltr'>μου·</span> <span class='ocrx_word' id='word_1_729' title='bbox 321 2705 359 2737; x_wconf 86' lang='grc' dir='ltr'>ὡς</span> <span class='ocrx_word' id='word_1_730' title='bbox 376 2706 409 2732; x_wconf 80' lang='grc' dir='ltr'><strong>ἀν</strong></span> <span class='ocrx_word' id='word_1_731' title='bbox 423 2705 451 2732; x_wconf 80' lang='grc' dir='ltr'>ἕν</span> <span class='ocrx_word' id='word_1_732' title='bbox 464 2714 519 2732; x_wconf 84' lang='grc' dir='ltr'>τισι</span> <span class='ocrx_word' id='word_1_733' title='bbox 534 2705 629 2737; x_wconf 81' lang='grc' dir='ltr'>τύποις</span> <span class='ocrx_word' id='word_1_734' title='bbox 641 2705 776 2732; x_wconf 81' lang='grc' dir='ltr'>παιδεύων</span> <span class='ocrx_word' id='word_1_735' title='bbox 793 2706 866 2741; x_wconf 81' lang='grc' dir='ltr'>ἡμᾶς</span> <span class='ocrx_word' id='word_1_736' title='bbox 885 2705 1032 2732; x_wconf 82' lang='grc' dir='ltr'>δεδοικέναι</span> 
     </span>
    </p>
   </div>
   <div class='ocr_carea' id='block_1_101' title="bbox 243 2751 411 2787">
    <p class='ocr_par' dir='ltr' id='par_1_101' title="bbox 243 2751 411 2787">
     <span class='ocr_line' id='line_1_102' title="bbox 243 2751 411 2787; baseline 0 -9"><span class='ocrx_word' id='word_1_737' title='bbox 243 2760 276 2778; x_wconf 78' lang='grc' dir='ltr'>πε</span> <span class='ocrx_word' id='word_1_738' title='bbox 283 2751 411 2787; x_wconf 70' lang='grc' dir='ltr'>ριϐαλεϊν.</span> 
     </span>
    </p>
   </div>
   <div class='ocr_carea' id='block_1_102' title="bbox 279 2794 1028 2833">
    <p class='ocr_par' dir='ltr' id='par_1_102' title="bbox 279 2794 1028 2833">
     <span class='ocr_line' id='line_1_103' title="bbox 279 2794 1028 2833; baseline 0 -8"><span class='ocrx_word' id='word_1_739' title='bbox 279 2794 359 2833; x_wconf 73' lang='grc'><strong>152</strong></span> <span class='ocrx_word' id='word_1_740' title='bbox 379 2797 406 2825; x_wconf 91' lang='lat' dir='ltr'><strong>ld</strong></span> <span class='ocrx_word' id='word_1_741' title='bbox 427 2797 501 2833; x_wconf 91' lang='lat' dir='ltr'><strong>quod</strong></span> <span class='ocrx_word' id='word_1_742' title='bbox 524 2797 620 2826; x_wconf 87' lang='lat' dir='ltr'><strong>beatus</strong></span> <span class='ocrx_word' id='word_1_743' title='bbox 645 2798 725 2826; x_wconf 83' lang='lat' dir='ltr'><strong>docet</strong></span> <span class='ocrx_word' id='word_1_744' title='bbox 751 2797 853 2825; x_wconf 80' lang='lat' dir='ltr'><strong>Paulus</strong></span> <span class='ocrx_word' id='word_1_745' title='bbox 881 2797 946 2825; x_wconf 89' lang='lat' dir='ltr'><strong>dum</strong></span> <span class='ocrx_word' id='word_1_746' title='bbox 972 2797 1028 2825; x_wconf 88' lang='lat' dir='ltr'><strong>ait:</strong></span> 
     </span>
    </p>
   </div>
   <div class='ocr_carea' id='block_1_103' title="bbox 247 2843 1032 2879">
    <p class='ocr_par' dir='ltr' id='par_1_103' title="bbox 247 2843 1032 2879">
     <span class='ocr_line' id='line_1_104' title="bbox 247 2843 1032 2879; baseline -0.001 -9"><span class='ocrx_word' id='word_1_747' title='bbox 247 2853 256 2869; x_wconf 77' lang='grc' dir='ltr'><strong>ι</strong></span> <span class='ocrx_word' id='word_1_748' title='bbox 273 2843 335 2871; x_wconf 66' lang='lat' dir='ltr'><strong>llzcc</strong></span> <span class='ocrx_word' id='word_1_749' title='bbox 357 2843 448 2871; x_wconf 88' lang='lat' dir='ltr'><strong>omnia</strong></span> <span class='ocrx_word' id='word_1_750' title='bbox 479 2843 533 2871; x_wconf 87' lang='lat' dir='ltr'><strong>illis</strong></span> <span class='ocrx_word' id='word_1_751' title='bbox 553 2844 580 2870; x_wconf 90' lang='lat' dir='ltr'><strong>in</strong></span> <span class='ocrx_word' id='word_1_752' title='bbox 602 2844 720 2879; x_wconf 85' lang='lat' dir='ltr'><strong>imagine</strong></span> <span class='ocrx_word' id='word_1_753' title='bbox 738 2843 949 2879; x_wconf 85' lang='lat' dir='ltr'><strong>contingebant;</strong></span> <span class='ocrx_word' id='word_1_754' title='bbox 966 2843 1032 2871; x_wconf 86' lang='lat' dir='ltr'><strong>scri-</strong></span> 
     </span>
    </p>
   </div>
   <div class='ocr_carea' id='block_1_104' title="bbox 245 2888 1032 2925">
    <p class='ocr_par' dir='ltr' id='par_1_104' title="bbox 245 2888 1032 2925">
     <span class='ocr_line' id='line_1_105' title="bbox 245 2888 1032 2925; baseline 0 -9"><span class='ocrx_word' id='word_1_755' title='bbox 245 2894 291 2925; x_wconf 81' lang='lat' dir='ltr'><strong>pta</strong></span> <span class='ocrx_word' id='word_1_756' title='bbox 316 2893 404 2918; x_wconf 85' lang='lat' dir='ltr'><strong>autem</strong></span> <span class='ocrx_word' id='word_1_757' title='bbox 427 2893 491 2921; x_wconf 82' lang='lat' dir='ltr'><strong>sunt</strong></span> <span class='ocrx_word' id='word_1_758' title='bbox 510 2888 545 2917; x_wconf 87' lang='lat' dir='ltr'><strong>ad</strong></span> <span class='ocrx_word' id='word_1_759' title='bbox 566 2889 746 2917; x_wconf 86' lang='lat' dir='ltr'><strong>eruditionem</strong></span> <span class='ocrx_word' id='word_1_760' title='bbox 770 2894 902 2923; x_wconf 86' lang='lat' dir='ltr'><strong>nostram,</strong></span> <span class='ocrx_word' id='word_1_761' title='bbox 924 2889 951 2917; x_wconf 91' lang='lat' dir='ltr'><strong>in</strong></span> <span class='ocrx_word' id='word_1_762' title='bbox 963 2897 1032 2923; x_wconf 85' lang='lat' dir='ltr'><strong>quos</strong></span> 
     </span>
    </p>
   </div>
   <div class='ocr_carea' id='block_1_105' title="bbox 1081 2282 1874 2320">
    <p class='ocr_par' dir='ltr' id='par_1_105' title="bbox 1081 2282 1874 2320">
     <span class='ocr_line' id='line_1_106' title="bbox 1081 2282 1874 2320; baseline -0.005 -8"><span class='ocrx_word' id='word_1_763' title='bbox 1081 2285 1128 2312; x_wconf 79' lang='grc' dir='ltr'><strong>καὶ</strong></span> <span class='ocrx_word' id='word_1_764' title='bbox 1150 2285 1199 2320; x_wconf 78' lang='grc' dir='ltr'>τῆς</span> <span class='ocrx_word' id='word_1_765' title='bbox 1212 2282 1367 2318; x_wconf 75' lang='grc' dir='ltr'>ἀφθαρσίας</span> <span class='ocrx_word' id='word_1_766' title='bbox 1387 2282 1434 2309; x_wconf 82' lang='grc' dir='ltr'>καὶ</span> <span class='ocrx_word' id='word_1_767' title='bbox 1450 2282 1502 2317; x_wconf 87' lang='grc' dir='ltr'>τῆς</span> <span class='ocrx_word' id='word_1_768' title='bbox 1517 2283 1725 2317; x_wconf 85' lang='grc' dir='ltr'>ἀναμαρτησίας</span> <span class='ocrx_word' id='word_1_769' title='bbox 1745 2283 1794 2317; x_wconf 82' lang='grc' dir='ltr'>τὴν</span> <span class='ocrx_word' id='word_1_770' title='bbox 1809 2283 1874 2309; x_wconf 65' lang='grc' dir='ltr'>ἀπό.</span> 
     </span>
    </p>
   </div>
   <div class='ocr_carea' id='block_1_106' title="bbox 1081 2326 1873 2366">
    <p class='ocr_par' dir='ltr' id='par_1_106' title="bbox 1081 2326 1873 2366">
     <span class='ocr_line' id='line_1_107' title="bbox 1081 2326 1873 2366; baseline -0.005 -8"><span class='ocrx_word' id='word_1_771' title='bbox 1081 2332 1186 2358; x_wconf 83' lang='grc' dir='ltr'>λαυσιν·</span> <span class='ocrx_word' id='word_1_772' title='bbox 1201 2329 1259 2366; x_wconf 79' lang='grc' dir='ltr'>μεθ’</span> <span class='ocrx_word' id='word_1_773' title='bbox 1282 2326 1319 2356; x_wconf 86' lang='grc' dir='ltr'>ὧν</span> <span class='ocrx_word' id='word_1_774' title='bbox 1340 2328 1370 2355; x_wconf 84' lang='grc' dir='ltr'>οὺ</span> <span class='ocrx_word' id='word_1_775' title='bbox 1394 2330 1446 2364; x_wconf 85' lang='grc' dir='ltr'>γῆν</span> <span class='ocrx_word' id='word_1_776' title='bbox 1466 2328 1634 2362; x_wconf 80' lang='grc' dir='ltr'>ἐπαγγελίας</span> <span class='ocrx_word' id='word_1_777' title='bbox 1652 2329 1811 2364; x_wconf 82' lang='grc' dir='ltr'>οίκήσομεν,</span> <span class='ocrx_word' id='word_1_778' title='bbox 1835 2328 1873 2361; x_wconf 82' lang='grc' dir='ltr'>ὡς</span> 
     </span>
    </p>
   </div>
   <div class='ocr_carea' id='block_1_107' title="bbox 1081 2373 1871 2411">
    <p class='ocr_par' dir='ltr' id='par_1_107' title="bbox 1081 2373 1871 2411">
     <span class='ocr_line' id='line_1_108' title="bbox 1081 2373 1871 2411; baseline -0.003 -8"><span class='ocrx_word' id='word_1_779' title='bbox 1081 2378 1191 2409; x_wconf 76' lang='grc' dir='ltr'>ἐκεῖνοι,</span> <span class='ocrx_word' id='word_1_780' title='bbox 1210 2375 1268 2403; x_wconf 80' lang='grc' dir='ltr'>ἀλλ’</span> <span class='ocrx_word' id='word_1_781' title='bbox 1283 2376 1312 2402; x_wconf 77' lang='grc' dir='ltr'>ἐν</span> <span class='ocrx_word' id='word_1_782' title='bbox 1326 2376 1361 2411; x_wconf 83' lang='grc' dir='ltr'>τῇ</span> <span class='ocrx_word' id='word_1_783' title='bbox 1379 2373 1434 2401; x_wconf 86' lang='grc' dir='ltr'><strong>τῶν</strong></span> <span class='ocrx_word' id='word_1_784' title='bbox 1455 2374 1579 2410; x_wconf 77' lang='grc' dir='ltr'>οὐρανῶν</span> <span class='ocrx_word' id='word_1_785' title='bbox 1599 2374 1717 2409; x_wconf 75' lang='grc' dir='ltr'>ἐσόμεθα</span> <span class='ocrx_word' id='word_1_786' title='bbox 1737 2374 1871 2410; x_wconf 76' lang='grc' dir='ltr'>βασιλεία·</span> 
     </span>
    </p>
   </div>
   <div class='ocr_carea' id='block_1_108' title="bbox 1081 2420 1872 2457">
    <p class='ocr_par' dir='ltr' id='par_1_108' title="bbox 1081 2420 1872 2457">
     <span class='ocr_line' id='line_1_109' title="bbox 1081 2420 1872 2457; baseline -0.003 -7"><span class='ocrx_word' id='word_1_787' title='bbox 1081 2423 1179 2451; x_wconf 82' lang='grc' dir='ltr'>ὁπόσον</span> <span class='ocrx_word' id='word_1_788' title='bbox 1192 2422 1220 2449; x_wconf 81' lang='grc' dir='ltr'>δὲ</span> <span class='ocrx_word' id='word_1_789' title='bbox 1235 2421 1337 2448; x_wconf 86' lang='grc' dir='ltr'>τούτων</span> <span class='ocrx_word' id='word_1_790' title='bbox 1353 2421 1422 2457; x_wconf 76' lang='grc' dir='ltr'>πρὸς</span> <span class='ocrx_word' id='word_1_791' title='bbox 1436 2421 1525 2447; x_wconf 71' lang='grc' dir='ltr'>ἐκεῖνο</span> <span class='ocrx_word' id='word_1_792' title='bbox 1548 2420 1579 2447; x_wconf 71' lang='grc' dir='ltr'>τὸ</span> <span class='ocrx_word' id='word_1_793' title='bbox 1597 2420 1735 2455; x_wconf 69' lang='grc' dir='ltr'>διάφορον,</span> <span class='ocrx_word' id='word_1_794' title='bbox 1759 2421 1807 2447; x_wconf 70' lang='grc' dir='ltr'><strong>καὶ</strong></span> <span class='ocrx_word' id='word_1_795' title='bbox 1830 2421 1872 2448; x_wconf 82' lang='grc' dir='ltr'><strong>δτι</strong></span> 
     </span>
    </p>
   </div>
   <div class='ocr_carea' id='block_1_109' title="bbox 1081 2465 1872 2503">
    <p class='ocr_par' dir='ltr' id='par_1_109' title="bbox 1081 2465 1872 2503">
     <span class='ocr_line' id='line_1_110' title="bbox 1081 2465 1872 2503; baseline -0.006 -7"><span class='ocrx_word' id='word_1_796' title='bbox 1081 2469 1194 2496; x_wconf 80' lang='grc' dir='ltr'>ἐκείνων</span> <span class='ocrx_word' id='word_1_797' title='bbox 1208 2468 1257 2503; x_wconf 75' lang='grc' dir='ltr'>μὲν</span> <span class='ocrx_word' id='word_1_798' title='bbox 1269 2468 1313 2494; x_wconf 73' lang='grc' dir='ltr'><strong>ἐπ’</strong></span> <span class='ocrx_word' id='word_1_799' title='bbox 1330 2467 1420 2502; x_wconf 86' lang='grc' dir='ltr'>ὀλίγον</span> <span class='ocrx_word' id='word_1_800' title='bbox 1434 2466 1543 2501; x_wconf 77' lang='grc' dir='ltr'>ἐγένετο</span> <span class='ocrx_word' id='word_1_801' title='bbox 1561 2465 1591 2493; x_wconf 78' lang='grc' dir='ltr'>τὸ</span> <span class='ocrx_word' id='word_1_802' title='bbox 1601 2466 1706 2501; x_wconf 86' lang='grc' dir='ltr'>κέρδος,</span> <span class='ocrx_word' id='word_1_803' title='bbox 1723 2465 1825 2492; x_wconf 89' lang='grc' dir='ltr'>τούτων</span> <span class='ocrx_word' id='word_1_804' title='bbox 1843 2466 1872 2492; x_wconf 79' lang='grc' dir='ltr'>δὲ</span> 
     </span>
    </p>
   </div>
   <div class='ocr_carea' id='block_1_110' title="bbox 1083 2512 1871 2552">
    <p class='ocr_par' dir='ltr' id='par_1_110' title="bbox 1083 2512 1871 2552">
     <span class='ocr_line' id='line_1_111' title="bbox 1083 2512 1871 2552; baseline -0.001 -11"><span class='ocrx_word' id='word_1_805' title='bbox 1083 2515 1220 2552; x_wconf 85' lang='grc' dir='ltr'>μεγίστων</span> <span class='ocrx_word' id='word_1_806' title='bbox 1241 2522 1271 2541; x_wconf 89' lang='grc' dir='ltr'><strong>τε</strong></span> <span class='ocrx_word' id='word_1_807' title='bbox 1292 2514 1376 2540; x_wconf 74' lang='grc' dir='ltr'>ὄντων</span> <span class='ocrx_word' id='word_1_808' title='bbox 1392 2514 1439 2540; x_wconf 70' lang='grc' dir='ltr'>καὶ</span> <span class='ocrx_word' id='word_1_809' title='bbox 1454 2512 1559 2540; x_wconf 86' lang='grc' dir='ltr'>πολλῶν</span> <span class='ocrx_word' id='word_1_810' title='bbox 1573 2512 1698 2548; x_wconf 81' lang='grc' dir='ltr'>διηνεκὴς</span> <span class='ocrx_word' id='word_1_811' title='bbox 1720 2513 1736 2548; x_wconf 87' lang='grc' dir='ltr'>ή</span> <span class='ocrx_word' id='word_1_812' title='bbox 1754 2512 1871 2547; x_wconf 77' lang='grc' dir='ltr'>ὠφέλεια</span> 
     </span>
    </p>
   </div>
   <div class='ocr_carea' id='block_1_111' title="bbox 1080 2558 1870 2596">
    <p class='ocr_par' dir='ltr' id='par_1_111' title="bbox 1080 2558 1870 2596">
     <span class='ocr_line' id='line_1_112' title="bbox 1080 2558 1870 2596; baseline -0.003 -8"><span class='ocrx_word' id='word_1_813' title='bbox 1080 2561 1275 2594; x_wconf 53' lang='grc' dir='ltr'>τοῖςιλαὸοὖσιν</span> <span class='ocrx_word' id='word_1_814' title='bbox 1291 2559 1449 2596; x_wconf 78' lang='grc' dir='ltr'>προσέσται,</span> <span class='ocrx_word' id='word_1_815' title='bbox 1465 2559 1495 2592; x_wconf 64' lang='lat' dir='ltr'><strong>ea</strong></span> <span class='ocrx_word' id='word_1_816' title='bbox 1509 2559 1597 2586; x_wconf 74' lang='grc' dir='ltr'>αὐτῶν</span> <span class='ocrx_word' id='word_1_817' title='bbox 1616 2558 1701 2585; x_wconf 70' lang='grc' dir='ltr'>ἅπασι</span> <span class='ocrx_word' id='word_1_818' title='bbox 1715 2559 1793 2594; x_wconf 82' lang='grc' dir='ltr'>δῆλον</span> <span class='ocrx_word' id='word_1_819' title='bbox 1809 2559 1870 2586; x_wconf 84' lang='grc' dir='ltr'>καθ·</span> 
     </span>
    </p>
   </div>
   <div class='ocr_carea' id='block_1_112' title="bbox 1083 2604 1871 2644">
    <p class='ocr_par' dir='ltr' id='par_1_112' title="bbox 1083 2604 1871 2644">
     <span class='ocr_line' id='line_1_113' title="bbox 1083 2604 1871 2644; baseline -0.005 -9"><span class='ocrx_word' id='word_1_820' title='bbox 1083 2609 1181 2644; x_wconf 84' lang='grc' dir='ltr'>έστηκε</span> <span class='ocrx_word' id='word_1_821' title='bbox 1206 2607 1260 2634; x_wconf 83' lang='grc' dir='ltr'><strong>τῶν</strong></span> <span class='ocrx_word' id='word_1_822' title='bbox 1276 2606 1458 2642; x_wconf 83' lang='grc' dir='ltr'>πραγμάτων·</span> <span class='ocrx_word' id='word_1_823' title='bbox 1475 2605 1547 2632; x_wconf 75' lang='grc' dir='ltr'>οὕτω</span> <span class='ocrx_word' id='word_1_824' title='bbox 1564 2604 1611 2631; x_wconf 76' lang='grc' dir='ltr'>καὶ</span> <span class='ocrx_word' id='word_1_825' title='bbox 1625 2605 1689 2636; x_wconf 77' lang='grc' dir='ltr'>τοὺς</span> <span class='ocrx_word' id='word_1_826' title='bbox 1709 2606 1871 2638; x_wconf 80' lang='grc' dir='ltr'>ὲπταικότας</span> 
     </span>
    </p>
   </div>
   <div class='ocr_carea' id='block_1_113' title="bbox 1082 2650 1872 2690">
    <p class='ocr_par' dir='ltr' id='par_1_113' title="bbox 1082 2650 1872 2690">
     <span class='ocr_line' id='line_1_114' title="bbox 1082 2650 1872 2690; baseline -0.006 -9"><span class='ocrx_word' id='word_1_827' title='bbox 1082 2655 1137 2681; x_wconf 89' lang='grc' dir='ltr'><strong>τῶν</strong></span> <span class='ocrx_word' id='word_1_828' title='bbox 1159 2653 1335 2690; x_wconf 81' lang='grc' dir='ltr'>Ἰσραηλιτῶν</span> <span class='ocrx_word' id='word_1_829' title='bbox 1350 2651 1497 2688; x_wconf 85' lang='grc' dir='ltr'>τιμωρίαις</span> <span class='ocrx_word' id='word_1_830' title='bbox 1517 2651 1649 2677; x_wconf 74' lang='grc' dir='ltr'>ἐπέϐαλεν</span> <span class='ocrx_word' id='word_1_831' title='bbox 1672 2650 1718 2677; x_wconf 81' lang='grc' dir='ltr'><strong>ὲπὶ</strong></span> <span class='ocrx_word' id='word_1_832' title='bbox 1739 2651 1787 2686; x_wconf 83' lang='grc' dir='ltr'>τῆς</span> <span class='ocrx_word' id='word_1_833' title='bbox 1809 2652 1872 2687; x_wconf 81' lang='grc' dir='ltr'><strong>ἐρή-</strong></span> 
     </span>
    </p>
   </div>
   <div class='ocr_carea' id='block_1_114' title="bbox 1050 2697 1871 2740">
    <p class='ocr_par' dir='ltr' id='par_1_114' title="bbox 1050 2697 1871 2740">
     <span class='ocr_line' id='line_1_115' title="bbox 1050 2697 1871 2740; baseline -0.01 -9"><span class='ocrx_word' id='word_1_834' title='bbox 1050 2703 1100 2740; x_wconf 77' lang='grc' dir='ltr'>τὴν</span> <span class='ocrx_word' id='word_1_835' title='bbox 1111 2703 1259 2739; x_wconf 80' lang='grc' dir='ltr'>ἁμαρτίαν,</span> <span class='ocrx_word' id='word_1_836' title='bbox 1271 2701 1309 2734; x_wconf 88' lang='grc' dir='ltr'>ὠς</span> <span class='ocrx_word' id='word_1_837' title='bbox 1322 2701 1418 2736; x_wconf 79' lang='grc' dir='ltr'>ἱκανήν</span> <span class='ocrx_word' id='word_1_838' title='bbox 1431 2708 1460 2726; x_wconf 84' lang='grc' dir='ltr'><strong>τε</strong></span> <span class='ocrx_word' id='word_1_839' title='bbox 1489 2697 1571 2726; x_wconf 80' lang='grc' dir='ltr'>οὖσαν</span> <span class='ocrx_word' id='word_1_840' title='bbox 1590 2699 1646 2730; x_wconf 90' lang='grc' dir='ltr'>τοῖς</span> <span class='ocrx_word' id='word_1_841' title='bbox 1657 2698 1776 2734; x_wconf 86' lang='grc' dir='ltr'>χείροσιν</span> <span class='ocrx_word' id='word_1_842' title='bbox 1799 2699 1871 2734; x_wconf 76' lang='grc' dir='ltr'>ἡμᾶς</span> 
     </span>
    </p>
   </div>
   <div class='ocr_carea' id='block_1_115' title="bbox 1118 2783 1871 2825">
    <p class='ocr_par' dir='ltr' id='par_1_115' title="bbox 1118 2783 1871 2825">
     <span class='ocr_line' id='line_1_116' title="bbox 1118 2783 1871 2825; baseline -0.012 -6"><span class='ocrx_word' id='word_1_843' title='bbox 1118 2792 1204 2820; x_wconf 83' lang='grc' dir='ltr'>Τοῦτο</span> <span class='ocrx_word' id='word_1_844' title='bbox 1216 2791 1244 2817; x_wconf 81' lang='grc' dir='ltr'>δὲ</span> <span class='ocrx_word' id='word_1_845' title='bbox 1258 2791 1272 2817; x_wconf 87' lang='grc' dir='ltr'><strong>ό</strong></span> <span class='ocrx_word' id='word_1_846' title='bbox 1286 2789 1418 2825; x_wconf 84' lang='grc' dir='ltr'>μακάριος</span> <span class='ocrx_word' id='word_1_847' title='bbox 1430 2787 1505 2823; x_wconf 85' lang='grc' dir='ltr'>δηλοῖ</span> <span class='ocrx_word' id='word_1_848' title='bbox 1518 2786 1622 2817; x_wconf 80' lang='grc' dir='ltr'>Παῦλος</span> <span class='ocrx_word' id='word_1_849' title='bbox 1632 2785 1733 2820; x_wconf 83' lang='grc' dir='ltr'>λέγων·</span> <span class='ocrx_word' id='word_1_850' title='bbox 1754 2794 1764 2810; x_wconf 76' lang='grc' dir='ltr'><strong>ι</strong></span> <span class='ocrx_word' id='word_1_851' title='bbox 1779 2783 1871 2811; x_wconf 80' lang='grc' dir='ltr'>Ταῦτα</span> 
     </span>
    </p>
   </div>
   <div class='ocr_carea' id='block_1_116' title="bbox 1083 2831 1871 2868">
    <p class='ocr_par' dir='ltr' id='par_1_116' title="bbox 1083 2831 1871 2868">
     <span class='ocr_line' id='line_1_117' title="bbox 1083 2831 1871 2868; baseline -0.014 -1"><span class='ocrx_word' id='word_1_852' title='bbox 1083 2841 1112 2868; x_wconf 85' lang='grc' dir='ltr'>δὲ</span> <span class='ocrx_word' id='word_1_853' title='bbox 1125 2839 1213 2866; x_wconf 85' lang='grc' dir='ltr'>πάντα</span> <span class='ocrx_word' id='word_1_854' title='bbox 1227 2836 1307 2864; x_wconf 86' lang='grc' dir='ltr'>τύποι</span> <span class='ocrx_word' id='word_1_855' title='bbox 1320 2834 1475 2862; x_wconf 73' lang='grc' dir='ltr'>συνέϐαινον</span> <span class='ocrx_word' id='word_1_856' title='bbox 1487 2833 1612 2863; x_wconf 77' lang='grc' dir='ltr'>ἐκείνοις·</span> <span class='ocrx_word' id='word_1_857' title='bbox 1633 2831 1741 2867; x_wconf 60' lang='grc' dir='ltr'>ἐγράφη</span> <span class='ocrx_word' id='word_1_858' title='bbox 1760 2831 1788 2858; x_wconf 82' lang='grc' dir='ltr'>δὲ</span> <span class='ocrx_word' id='word_1_859' title='bbox 1805 2831 1871 2866; x_wconf 72' lang='grc' dir='ltr'>πρὸς</span> 
     </span>
    </p>
   </div>
   <div class='ocr_carea' id='block_1_117' title="bbox 1084 2876 1871 2919">
    <p class='ocr_par' dir='ltr' id='par_1_117' title="bbox 1084 2876 1871 2919">
     <span class='ocr_line' id='line_1_118' title="bbox 1084 2876 1871 2919; baseline -0.014 -6"><span class='ocrx_word' id='word_1_860' title='bbox 1084 2885 1223 2913; x_wconf 78' lang='grc' dir='ltr'>νουθεσίαν</span> <span class='ocrx_word' id='word_1_861' title='bbox 1240 2882 1329 2919; x_wconf 78' lang='grc' dir='ltr'>ἡμῶν,</span> <span class='ocrx_word' id='word_1_862' title='bbox 1347 2881 1386 2914; x_wconf 80' lang='grc' dir='ltr'><strong>είς</strong></span> <span class='ocrx_word' id='word_1_863' title='bbox 1398 2880 1445 2912; x_wconf 80' lang='grc' dir='ltr'>οὓς</span> <span class='ocrx_word' id='word_1_864' title='bbox 1458 2879 1494 2907; x_wconf 75' lang='grc' dir='ltr'><strong>τὰ</strong></span> <span class='ocrx_word' id='word_1_865' title='bbox 1506 2878 1571 2914; x_wconf 83' lang='grc' dir='ltr'>τέλη</span> <span class='ocrx_word' id='word_1_866' title='bbox 1581 2878 1636 2904; x_wconf 86' lang='grc' dir='ltr'><strong>τῶν</strong></span> <span class='ocrx_word' id='word_1_867' title='bbox 1653 2876 1758 2904; x_wconf 83' lang='grc' dir='ltr'>αἰώνων</span> <span class='ocrx_word' id='word_1_868' title='bbox 1773 2877 1871 2912; x_wconf 81' lang='grc' dir='ltr'>κατήν-</span> 
     </span>
    </p>
   </div>
  </div>
