1981 3073
227 157 279 184 τιεῦ

806 155 980 184 TllEODOlll
1001 155 1246 183 MOPSUESTI‘INI

1806 159 1860 187 3‘34

227 222 308 249 quam
328 214 414 242 Jonas
437 213 482 240 hic
508 217 560 239 cst.
582 222 590 238 ι
615 211 700 239 Porro
716 220 807 240 rerum
826 213 942 240 imitatio
959 212 1012 240 evi-

1068 211 1147 247 δῆλον
1161 212 1202 238 ὅτι
1213 211 1271 238 ἔστι
1289 211 1339 246 μέν
1349 220 1391 243 τις
1402 212 1519 247 μίμησις
1533 212 1587 239 τῶν
1601 214 1782 249 πραγμάτων,
1792 215 1860 242 πολὺ

226 261 323 288 denter
337 264 461 293 constat;
479 267 635 294 quanquam
660 259 744 286 multa
767 263 810 287 est
828 259 982 294 priscarum
1000 266 1015 285 a

227 307 306 334 novis
318 307 514 341 discrepantia.
531 305 656 333 Profecto
669 305 756 333 Judaei
769 310 928 339 praesentes,
942 304 1015 332 haud

227 359 307 380 secus
331 360 412 387 quam
430 352 467 378 illi
491 356 608 384 veteres,
627 352 653 378 in
677 351 869 379 incredulitate
888 358 1017 386 perseve-

227 402 306 430 rant;
320 397 385 424 dun‘.
413 398 559 424 salutarem
575 401 670 432 gentes
689 396 825 431 recipiunt
840 396 1016 431 praedicatio-

226 450 301 471 nem.
324 441 372 470 His
393 442 536 470 evidenter
551 442 585 469 de
600 442 693 469 causis
716 441 788 469 beati
804 440 880 468 Jonze
899 447 1017 475 persona

225 488 343 515 excitata
371 491 424 514 est.
452 486 562 522 Alioqui
588 487 662 513 enim
692 493 745 513 non
775 491 829 512 tam
859 485 1017 512 incredulus

227 533 284 561 Deo
305 534 473 569 perstitisset
494 533 639 569 propheta,
660 536 689 558 ut
710 532 777 559 nihil
797 539 892 559 eorum
915 530 1017 559 faceret

227 587 287 615 qua;
301 579 461 614 jubebatur,
482 579 634 614 praesertim
657 585 740 613 quum
758 577 791 604 ad
814 580 854 604 tot
874 576 1015 604 hominum

226 627 375 654 curandam
390 626 506 654 salutem
523 626 687 652 mitteretur.
705 623 758 651 Sed
776 631 864 657 neque
878 623 915 650 ita
932 623 1017 650 incre-

225 671 320 697 tlulum
336 670 454 705 experiri
471 678 533 697 eum
550 677 619 704 opus
632 674 692 696 erat
707 669 841 696 marinam
856 668 928 695 illam
942 668 1017 695 cala-

226 716 363 748 mitatem,
392 720 453 743 ceto
480 715 610 742 nimirum
640 714 734 748 objici,
762 713 920 748 prodigiose
940 714 1014 740 intra

227 761 301 788 hunc
313 761 428 793 servari,
446 761 533 788 multo
549 767 613 787 vero
624 760 809 795 prodigiosius
822 759 898 786 illinc
912 759 1015 786 exitum

227 807 365 835 nancisci.
383 806 490 842 Quippe
511 805 566 833 Deo
581 806 681 833 licebat
694 807 774 833 aliter
790 805 823 832 ad
840 805 958 833 ofﬁcium
972 812 1017 832 co-

226 863 291 890 gere
313 859 472 882 renuentem
495 854 726 888 iucredulumque
743 853 924 888 prophetam:
943 852 1016 891 sicut

226 888 262 928 ab
273 908 306 928 eo
321 900 474 927 factitatum
492 900 618 927 novimus
635 900 669 932 ⁷³,
690 906 745 934 quo
763 903 887 934 tempore
909 888 1016 933 Mdyses
1030 888 1052 916 Β

226 947 398 982 apostolatus
410 946 594 974 ministerium
606 945 686 981 154
699 945 855 977 devitabat;
870 944 1018 980 itidemque

226 1001 289 1020 cum
303 991 438 1020 Jeremias
453 991 577 1026 ejusdem
604 991 695 1026 operis
712 990 931 1026 magnitudinem
948 990 1019 1017 exti-

226 1039 366 1068 mescebat
390 1039 425 1066 ⁷⁸.
446 1038 530 1066 Plane
555 1037 638 1071 igitur
659 1041 778 1069 constat,
805 1037 911 1064 libitum
934 1036 1019 1064 fuisse

226 1086 284 1117 Dm
311 1089 367 1113 tam
397 1085 518 1113 insolitis
544 1088 656 1119 tamque
683 1083 763 1110 miris
784 1083 895 1110 casibus
917 1082 1015 1109 Jonam

225 1138 367 1164 exercere,
392 1138 448 1166 quo
465 1135 557 1165 tvpum
582 1137 643 1157 eum
668 1129 809 1156 exhiberet
834 1128 1013 1163 gerendarum

225 1178 253 1204 in
267 1177 377 1204 Christo
398 1176 516 1203 Domino
531 1183 636 1206 rerum.
655 1174 693 1201 ita
709 1178 739 1201 ut
760 1174 831 1201 hanc
850 1174 887 1201 ob
902 1180 1014 1200 causam

223 1229 273 1258 per
290 1226 346 1249 tam
370 1220 558 1248 incredibilem
580 1219 729 1246 novitatem
751 1218 896 1249 deductus.
913 1217 1013 1251 dignus

225 1268 278 1296 tide
295 1267 434 1299 evaderet,
449 1270 594 1301 propterea
610 1265 684 1300 quod
701 1265 771 1292 tanti
791 1265 883 1300 operis
896 1265 1011 1299 figuram

224 1317 252 1343 in
267 1314 414 1349 semetipso
429 1313 549 1349 gerebat.

258 1359 427 1393 Praecipuam
444 1358 537 1392 itaque
552 1356 750 1392 prodigiorum,
768 1363 829 1391 qua;
841 1356 921 1384 beato
937 1354 1013 1383 Jonte

223 1405 396 1435 acciderunt,
420 1411 533 1431 causam
548 1403 620 1430 lianc
641 1402 734 1430 dicere
751 1403 814 1430 licet
826 1411 835 1429 ι
859 1401 1010 1437 proximam

224 1451 349 1483 alteram.
362 1457 423 1486 quae
433 1450 466 1477 de
477 1453 543 1484 typo
554 1448 680 1476 similiter
694 1451 797 1475 manat.
812 1446 928 1475 Necesse
938 1447 1011 1474 enim

224 1500 285 1524 erat
299 1496 370 1523 haud
384 1495 560 1523 mediocriter
576 1494 698 1521 animum
714 1493 884 1528 despondere
895 1492 1011 1528 prophe-

225 1548 278 1575 tas,
295 1541 341 1576 qui
355 1541 528 1568 continenter
545 1539 577 1565 ad
591 1539 719 1573 populum
734 1545 749 1563 a
760 1537 815 1564 Deo
826 1537 902 1564 missi
922 1536 1011 1563 futura

224 1587 369 1619 canebant,
390 1584 623 1620 imponendasque
643 1590 740 1618 prunas
756 1581 962 1614 minitabantur,
984 1585 1012 1609 et

225 1633 359 1669 quidquid
376 1632 486 1660 demum
506 1629 686 1658 emendandis
698 1629 820 1656 moribus
835 1628 1010 1661 conduceret,

227 1684 324 1711 magna
339 1676 483 1704 sedulitate
501 1674 687 1710 praestabant:
704 1673 850 1709 catteroqui
868 1673 933 1701 nihil
948 1680 1011 1708 pro-

228 1723 363 1755 ﬁciebant,
385 1722 527 1750 obtinente
550 1720 734 1748 lsraelitarum
758 1720 862 1748 malitia
879 1719 1011 1747 adversus

223 1778 255 1797 ca
271 1769 361 1797 studia
385 1768 591 1804 prophetarum,
616 1774 687 1802 quos
702 1766 775 1794 Deus
800 1767 908 1794 illorum
928 1773 1011 1794 causa

224 1815 401 1842 excitaverat.
426 1813 608 1847 Quamobrem
635 1812 663 1839 Ιιὶ
694 1811 792 1840 merito
816 1811 871 1846 jam
888 1811 1010 1838 inutilem

224 1861 419 1889 existimabant
434 1860 554 1887 laborem
572 1866 662 1889 suum.
684 1865 716 1885 ac
732 1857 766 1885 de
787 1857 869 1884 rebus
884 1856 1012 1883 humanis

225 1914 340 1943 prorsus
355 1905 548 1941 desperaham,
568 1912 675 1939 nempe,
697 1904 761 1938 quia
783 1902 884 1930 ethnici
900 1901 1011 1936 quidem

226 1954 252 1981 in
271 1948 337 1980 vitia
361 1955 521 1979 c0nstanter
541 1955 672 1980 ruerent:
700 1949 744 1976 ille
769 1952 859 1975 autem
881 1947 1010 1982 populus,

223 1999 272 2034 qui
287 1998 322 2026 ad
338 1997 457 2025 divinam
470 1996 621 2032 |videbatur
641 1995 764 2023 delectus
786 1994 941 2027 scientiam,
957 1993 1010 2020 im-

225 2045 326 2081 pietate
340 2048 368 2071 et
384 2050 490 2071 morum
514 2042 632 2069 colluvie
654 2039 727 2068 haud
749 2040 866 2067 ethnicis
890 2038 1009 2066 cederet.

226 2091 338 2118 Mmstos
362 2090 453 2124 itaque
478 2088 549 2115 Deus
571 2087 719 2123 prophetas
744 2091 773 2114 ut
796 2089 944 2117 recrearet,
963 2083 1009 2120 qui

224 2135 348 2163 omn'ium
369 2135 462 2169 utique
474 2133 614 2161 hominum
628 2133 740 2160 multam
759 2133 829 2167 gerit
847 2137 954 2163 curam,
968 2137 1012 2165 pec

225 2181 357 2208 culiarem
373 2184 466 2207 tamen
479 2178 679 2215 providentiam
694 2178 789 2205 electis
801 2176 943 2212 impendit,
961 2183 1011 2203 sae-

1067 257 1096 284 δὲ
1111 258 1141 285 τδ
1154 258 1282 294 διάφορον
1302 258 1403 286 τούτων
1432 258 1499 294 πρὸς
1527 258 1617 285 ἐκεῖνα
1635 267 1642 274 '
1659 260 1705 286 καὶ
1720 260 1760 286 ὅτι
1772 269 1857 297 παρα.

1069 305 1193 340 πλησίως
1210 305 1260 340 μὲν
1272 301 1345 331 οὗτοι
1362 306 1419 336 τοῖς
1441 305 1502 331 τότε
1523 305 1660 337 Ἰουδαίοις
1682 307 1860 339 ἀπιστοῦντες

1067 351 1187 387 μενοῦσι,
1210 350 1316 383 δέξεται
1330 351 1358 377 δὲ
1371 351 1404 377 τὰ.
1416 350 1479 386 ἔθνη
1504 350 1552 386 τὴν
1569 352 1600 377 ἐκ
1621 351 1668 377 τοῦ
1684 352 1861 387 κηρύγματος

1067 397 1218 432 σωτηρίαν.
1242 396 1304 423 Ἐπὶ
1326 396 1358 431 δὴ
1379 396 1483 427 τούτοις
1499 396 1593 430 σαφῶς
1608 397 1621 422 ὁ
1641 397 1776 432 μακάριος
1793 406 1861 433 προ-

1067 442 1197 478 ϐέϐληται
1220 442 1313 473 Ἰωνᾶς
1327 450 1334 457 ·
1351 442 1411 468 οὐδὲ
1434 441 1490 477 γὰρ
1515 441 1549 468 ἂν
1566 442 1580 468 ὁ
1605 443 1748 479 προφήτης
1771 442 1860 475 οὕτως

1066 488 1172 523 ἔμεινεν
1183 487 1299 523 ἀπειθὴς
1317 487 1356 523 τῷ
1370 487 1440 523 Θεῷ.
1455 487 1493 520 ὡς
1512 487 1549 523 μὴ
1572 488 1681 515 ἑλέσθαι
1696 498 1723 516 τι
1746 491 1859 525 ποιῆσαι

1065 533 1120 560 τῶν
1133 533 1286 569 εἰρημένων
1299 533 1373 568 αὐτῷ
1384 542 1390 549 ·
1405 534 1451 560 καὶ
1465 534 1552 560 ταῦτα
1564 534 1609 561 ἐπὶ
1621 535 1742 571 σωτηρίᾳ
1752 544 1784 570 γε
1797 545 1860 562 τοσ-

1065 577 1152 605 ούτων
1168 578 1344 613 πεμπόμενος
1361 578 1526 614 ἀνθρώπων·
1544 579 1603 605 ἀλλ’
1616 579 1677 606 οὐδὲ
1697 581 1860 608 ἀπειθοῦντα.

1066 623 1229 659 πειραθῆναι
1241 623 1350 655 πάντως
1359 623 1414 650 τῶν
1425 624 1496 650 κατὰ
1505 624 1554 660 τὴν
1562 624 1698 652 θάλατταν
1708 624 1742 661 ἦν
1751 626 1858 662 ἀνάγκη

1065 669 1168 697 κακῶν·
1179 669 1249 696 ὥστε
1257 670 1304 696 καὶ
1312 669 1481 705 ἐμϐληθῆναι
1493 671 1581 705 κήτει,
1598 671 1644 697 καὶ
1657 672 1700 697 ἐπ’
1711 671 1766 707 (55)
1777 672 1858 698 αὐτοῦ

1066 715 1225 750 παραδόξως
1235 715 1366 751 σωθῆναι,
1379 717 1425 743 καὶ
1438 717 1652 752 παραδοξότερον
1667 717 1706 743 ἔτι
1723 717 1772 753 τὴν
1788 719 1858 744 ἐκεί-

1066 761 1111 789 θεν
1124 762 1252 790 ἀνάδυσιν
1267 763 1425 798 ὑπομεῖναι·
1441 763 1590 799 δυναμένου
1606 772 1637 797 γε
1653 763 1701 790 τοῦ
1717 764 1784 790 Θεοῦ
1799 764 1858 791 ἑτέ-

1066 816 1121 843 ρως
1138 807 1270 834 ὀκνοῦντα
1286 808 1332 834 καὶ
1348 808 1512 836 ἀπειθοῦντα
1533 809 1579 835 τὸν
1597 809 1740 844 προφήτην
1759 809 1805 836 ἐπὶ
1826 808 1859 835 τὸ

1065 853 1124 880 δέον
1139 853 1242 888 ἐγεῖραι
1259 862 1266 868 ·
1285 853 1380 889 ὥσπερ
1395 851 1441 881 οὖν
1465 853 1547 881 αὑτὸν
1565 854 1611 881 ἐπί
1626 863 1655 880 τε
1675 854 1721 880 τοῦ
1735 854 1857 886 Μωσέως

1066 899 1190 934 ἔγνωμεν
1206 899 1334 926 ποιοῦντα
1344 899 1486 931 ὀκνοῦντος
1500 899 1569 936 πρὸς
1582 900 1631 936 τὴν
1645 900 1796 935 ὑπουργίαν
1807 900 1856 935 τῆς

1065 946 1236 981 ἀποστολῆς·
1254 946 1301 972 ὲπί
1320 953 1349 972 τε
1371 946 1417 973 τοῦ
1442 946 1573 982 Ἰερεμίου
1592 946 1737 981 φεύγοντος
1756 946 1857 981 ὁμοίως

1066 991 1194 1018 κάκείνου
1209 991 1260 1026 τῆς
1281 991 1431 1027 ὑπουργίας
1446 991 1477 1018 τὸ
1507 991 1621 1027 μέγεθος
1633 1000 1640 1006 ·
1656 993 1694 1026 (p.
1710 991 1774 1026 254)
1788 990 1858 1017 ἀλλά

1066 1038 1120 1074 γὰρ
1136 1037 1180 1064 διὰ
1192 1037 1363 1072 πραγμάτων
1384 1036 1455 1064 οὓτω
1475 1037 1577 1064 καινῶν
1591 1046 1621 1063 τε
1634 1038 1682 1064 καὶ
1697 1036 1857 1072 παραδόξων

1066 1083 1208 1119 προδήλως
1231 1082 1277 1109 τὸν
1305 1083 1439 1118 μακάριον
1458 1083 1549 1109 Ἰωνᾶν
1571 1083 1685 1117 ἀγαγεῖν
1709 1082 1854 1118 ὲσυυλήθη,

1066 1130 1158 1164 ἐπειδὴ
1177 1129 1260 1156 τύπον
1276 1128 1357 1155 αὑτὸν
1371 1128 1425 1154 τῶν
1444 1128 1514 1155 κατά
1531 1128 1576 1154 τὸν
1591 1129 1730 1163 Δεσπότην
1739 1129 1856 1164 Χριστὸν

1065 1175 1181 1211 ἤμελλεν
1189 1174 1349 1209 ἀποφαίνειν
1363 1183 1369 1189 ·
1381 1174 1420 1206 ὡς
1435 1174 1537 1209 ταύτης
1550 1174 1643 1201 ἓνεκεν
1652 1174 1703 1209 τῆς
1713 1174 1801 1205 αἰτίας
1811 1173 1855 1199 διὰ

1064 1220 1199 1255 τοσαύτης
1224 1221 1339 1247 ἀπίστου
1362 1221 1520 1256 καινότητος
1542 1221 1680 1256 ἐνεχθεὶς,
1698 1221 1854 1254 ἀξιόπιστος

1063 1268 1180 1302 γένοιτο,
1191 1267 1238 1294 τοῦ
1249 1267 1375 1294 τοσούτου
1388 1267 1550 1302 πράγματος
1563 1267 1609 1293 τὸν
1623 1267 1707 1294 τύπον
1717 1266 1854 1301 ὲκφαίνων

1064 1313 1094 1339 ὲν
1104 1312 1188 1347 αὐτῷ.

1100 1358 1312 1393 Προηγουμένην
1329 1358 1377 1394 μὲν
1405 1355 1451 1384 οὖν
1473 1357 1528 1384 τῶν
1553 1358 1624 1385 κατά
1648 1357 1694 1385 τὸν
1722 1357 1854 1394 μακάριον

1070 1404 1162 1431 Ἶωνάν
1184 1403 1270 1436 οὕτως
1287 1403 1447 1439 παραδόξων
1473 1403 1623 1438 γεγονότων
1646 1403 1748 1439 ταύτην
1767 1404 1854 1431 αἰτίαν

1064 1450 1136 1477 εἴποι
1149 1459 1190 1482 τις
1207 1450 1240 1476 ἀν
1249 1458 1256 1465 '
1275 1450 1411 1485 ἑπομένην
1422 1449 1450 1475 δὲ
1463 1450 1592 1484 κάκείνην
1603 1450 1636 1476 ἐκ
1650 1449 1697 1476 τοῦ
1710 1449 1795 1476 τύπου
1806 1449 1853 1484 τὴν

1063 1495 1150 1531 ἀρχὴν
1159 1495 1307 1522 λαϐοῦσαν
1324 1496 1438 1530 ἀθυμεῖν
1453 1495 1508 1530 γὰρ
1525 1496 1573 1530 οὺχ
1584 1495 1621 1527 ὡς
1635 1495 1729 1531 ἔτυχεν
1748 1495 1853 1529 ἀνάγκη

1027 1552 1048 1580 C
1064 1542 1126 1573 τοὺς
1139 1543 1279 1577 προφήτας
1295 1539 1329 1577 ἦν
1339 1561 1346 1572 ,
1361 1542 1402 1568 ὅτι
1424 1542 1542 1576 συνεχῶς
1555 1541 1623 1577 πρὸς
1638 1541 1682 1568 τὸν
1699 1541 1761 1568 λαὸν
1779 1542 1853 1576 παρᾶ

1064 1587 1111 1613 τοῦ
1127 1587 1194 1614 Θεοῦ
1213 1587 1519 1623 πεμπόμενοι,ὲμὴνυόν
1531 1595 1560 1613 τε
1575 1587 1666 1619 αὐτοῖς
1676 1586 1711 1613 τὰ
1726 1587 1853 1622 ἐσόμενα.

1063 1633 1111 1660 καὶ
1139 1633 1188 1664 τὰς
1216 1633 1440 1668 ὲπαχθησομένας
1473 1633 1608 1670 τιμωρίας
1637 1633 1766 1668 ἠπείλουν
1783 1641 1790 1647 ·
1809 1633 1852 1659 καὶ

1064 1678 1152 1705 πάντα
1163 1678 1195 1714 δὴ
1212 1678 1244 1705 τὰ
1261 1679 1327 1714 πρὸς
1338 1679 1480 1714 διόρθωσιν
1492 1679 1581 1705 αὐτῶν
1595 1679 1770 1706 συντελοῦντα
1784 1679 1853 1706 κατὰ

1064 1724 1165 1759 πολλῆς
1186 1724 1379 1759 διεπράττοντο
1401 1724 1451 1759 τῆς
1476 1724 1611 1759 σπουδῆςο
1628 1725 1708 1760 ἤνυον
1724 1725 1752 1751 δὲ
1774 1725 1850 1752 πλέω

1064 1770 1149 1802 οὐδὲν,
1160 1769 1211 1804 τῆς
1233 1770 1287 1796 τῶν
1310 1769 1484 1806 Ἰσραηλιτῶν
1501 1770 1600 1802 κακίας
1621 1770 1852 1806 ἀντιπραττούσης

1064 1818 1097 1852 τῇ
1113 1816 1157 1842 διὰ
1170 1816 1224 1843 τῶν
1243 1816 1392 1852 προφητῶν
1406 1816 1550 1852 ἐπιμελείᾳ
1563 1817 1639 1852 παρὰ
1650 1817 1697 1844 τοῦ
1710 1817 1778 1843 Θεοῦ
1790 1816 1853 1852 ’περὶ

1063 1862 1163 1893 αὐτοὺς
1177 1862 1319 1898 γινομένῃ·
1342 1858 1433 1896 ἀφ’οὖ
1447 1862 1480 1898 δὴ
1501 1863 1548 1889 καὶ
1569 1863 1696 1895 περιττὸν
1719 1863 1757 1894 ὡς
1779 1863 1852 1894 εἰκὸς

1063 1907 1147 1943 ᾤοντο
1173 1907 1218 1934 τὸν
1240 1907 1344 1934 ἑαυτῶν
1368 1905 1439 1934 εἶναι
1465 1907 1544 1934 πόνον
1562 1916 1569 1923 ·
1585 1908 1632 1935 καὶ
1656 1907 1688 1944 δὴ
1714 1908 1761 1935 καὶ
1786 1909 1852 1944 πρίῃ

1064 1953 1218 1987 ἀπόγνωσιν
1234 1953 1353 1989 παντελῆ
1370 1953 1426 1980 τῶν
1449 1953 1626 1989 ἀνθρωπείων
1642 1953 1762 1989 ἐχώρουν
1783 1962 1841 1989 πρα

1063 1999 1193 2034 γμάτων·
1208 1997 1247 2031 ὡς
1265 1998 1318 2025 τῶν
1342 1998 1391 2033 μὲν
1419 1997 1504 2025 ὲθνῶν
1531 1998 1598 2033 πρὸς
1617 1998 1649 2025 τδ
1668 2000 1760 2034 χεῖρον
1779 1998 1852 2025 ἅπαξ

1064 2044 1206 2076 νευόντων,
1233 2044 1287 2070 τῶν
1311 2044 1459 2071 δοκούντων
1482 2044 1510 2070 δὲ
1529 2044 1570 2075 εἰς
1593 2044 1643 2079 τὴν
1659 2044 1761 2077 γνῶσιν
1784 2043 1857 2076 ἐξει-

1065 2091 1158 2126 λὲχθαι
1170 2091 1220 2126 τὴν
1237 2090 1320 2122 θείαν,
1333 2091 1371 2125 (p.
1386 2091 1450 2122 235)
1466 2090 1542 2116 οὐδὲν
1564 2089 1766 2125 ἐλαττουμένων
1777 2091 1810 2125 τῇ
1824 2098 1852 2116 τε

1064 2137 1176 2172 ἀσεϐείᾳ
1194 2137 1242 2163 καὶ
1254 2138 1286 2172 τῇ
1299 2136 1353 2163 τῶν
1369 2137 1477 2172 τρόπων
1493 2136 1628 2172 μοχθηρίᾳ
1641 2137 1752 2163 ἐκείνων
1762 2145 1769 2152 ·
1781 2136 1853 2164 οὗτοι

1064 2183 1097 2219 δὴ
1110 2183 1298 2218 διακειμένους
1318 2183 1417 2214 αὐτοὺς
1439 2182 1638 2218 ψυχαγωγῆσαι
1663 2182 1825 2218 βουλόμενος
1842 2183 1856 2209 ὁ

225 2233 375 2262 penumero
396 2225 561 2261 signiﬁcavit
577 2224 632 2251 illis
656 2223 776 2251 futuram
791 2223 820 2250 in
841 2223 943 2250 Christi
957 2221 1011 2249 ι)οο

1065 2228 1145 2261 Θεὸς,
1163 2229 1177 2255 ὁ
1193 2228 1293 2263 πολλὴν
1312 2228 1361 2263 μὲν
1385 2228 1494 2255 πάντων
1519 2227 1671 2264 ἀνθρώπων
1694 2227 1853 2262 ἐπιμέλειαν

220 2271 293 2299 mini
315 2271 432 2299 adventu
449 2270 656 2298 conversionem
679 2270 861 2297 humanorum
882 2275 1009 2295 morum:

224 2324 281 2353 quo
296 2322 418 2352 tempore
431 2323 527 2344 omnes
542 2316 642 2344 divinae
658 2316 752 2351 gratiae
767 2315 899 2342 instinctu
918 2321 934 2341 a
944 2314 1012 2341 vitio

225 2362 260 2390 ad
279 2363 409 2390 virtutem
426 2362 580 2397 respecturi
603 2365 693 2389 erant.
711 2361 780 2388 Tum
803 2360 837 2387 ad
858 2364 1010 2387 extremum

226 2411 278 2437 hoc
297 2417 407 2444 quoque
429 2409 590 2437 admirabile
606 2408 633 2436 in
658 2409 788 2443 propheta
809 2408 878 2434 Jona
893 2406 1012 2442 patravit

225 2463 295 2490 opus
317 2455 349 2482 ad
367 2455 489 2482 omnium
506 2455 700 2490 prophetarum
727 2453 908 2481 eruditionem
929 2456 1011 2487 atque

225 2501 353 2529 solatium
368 2510 376 2529 :
391 2509 460 2537 quos
475 2509 506 2529 re
528 2502 586 2537 ipsa
609 2501 740 2528 certiores
761 2500 823 2527 iecit
841 2499 875 2527 de
895 2499 1011 2527 indubio

225 2546 328 2575 Christi
341 2545 420 2582 155
433 2546 561 2579 adventu,
577 2549 605 2574 et
619 2545 653 2573 de
667 2546 789 2573 omnium
808 2545 949 2573 hominum
964 2552 1012 2580 per

227 2592 253 2619 id
269 2597 378 2627 tempus
394 2592 428 2619 ad
449 2592 548 2620 bonam
569 2592 673 2628 frugem
690 2592 796 2625 reditu;
814 2590 915 2618 Iudaeis
938 2591 1010 2618 inte-

228 2640 277 2665 rim
292 2637 371 2665 valde
383 2638 417 2665 ad
433 2639 499 2666 vitia
516 2639 749 2671 incumbentibus,
773 2637 828 2666 Deo
846 2638 882 2665 ita
902 2637 1012 2672 permit-

228 2686 300 2710 tente
311 2683 347 2710 ob
368 2682 611 2711 demonstrandum
632 2684 732 2712 mentis
753 2684 880 2711 humanae
894 2684 1009 2711 liberum

227 2730 370 2757 arbitrium
390 2738 421 2758 ac
435 2730 630 2766 fragilitatem;
649 2731 696 2758 sed
711 2730 828 2766 denique
846 2731 898 2759 sub
910 2730 1010 2758 Christi

262 2797 285 2812 ”
301 2798 385 2826 Exod.
401 2807 434 2832 tt,
455 2801 468 2826 ’l
525 2801 546 2816 ⁷⁸
564 2800 620 2828 Jcr.
643 2808 662 2832 ι,
683 2802 710 2828 σ.

263 2866 318 2900 (35)
339 2865 376 2893 lta
396 2867 455 2895 cod.
469 2875 522 2895 non
537 2868 592 2896 ὑπ’.

1063 2273 1233 2309 ποιούμενος,
1253 2273 1393 2310 ἐξαίρετον
1406 2273 1434 2300 δὲ
1453 2282 1514 2300 τινα
1532 2273 1623 2309 νέμων
1634 2275 1690 2305 τοῖς
1705 2273 1787 2301 αὐτοῦ
1803 2273 1853 2309 τὴν

1062 2319 1236 2355 κηδεμονίαν,
1254 2318 1385 2350 πολλάκις
1401 2318 1451 2353 μὲν
1472 2318 1605 2354 ἐδήλωσεν
1625 2319 1716 2350 αὐτοῖς
1740 2318 1789 2354 τὴν
1806 2318 1853 2344 ἐπὶ

1054 2365 1111 2399 -τῆς
1122 2364 1229 2397 δείξεως
1245 2364 1292 2391 τοῦ
1309 2364 1444 2391 Δεσπότου
1463 2364 1583 2400 Χριστοῦ
1597 2365 1784 2400 γενησομένην
1800 2372 1849 2400 με-

1061 2410 1177 2446 ταϐολὴν
1193 2410 1247 2437 τῶν
1259 2410 1436 2446 ἀνθρωπείων
1451 2411 1634 2446 πραγμάτων,
1646 2411 1690 2438 ὅτε
1708 2411 1740 2446 δὴ
1752 2411 1852 2441 πάντες

1062 2457 1178 2493 ἤμελλον
1197 2458 1230 2484 ἐκ
1252 2457 1298 2484 τοῦ
1323 2457 1444 2494 χείρονος
1465 2457 1525 2494 θείᾳ
1541 2458 1631 2493 χάριτι
1653 2458 1740 2485 νεύειν
1762 2457 1809 2484 ἐπὶ
1822 2458 1854 2484 τὸ

1062 2505 1186 2539 κρεῖττον
1204 2512 1212 2519 ·
1232 2504 1385 2530 τελευταῖον
1398 2503 1427 2530 δὲ
1446 2504 1493 2531 καὶ
1508 2504 1557 2540 τὴν
1582 2503 1732 2539 παράδοξον
1748 2503 1852 2538 ταύτην

1063 2549 1194 2584 ἐργασίαν
1209 2549 1259 2585 τὴν
1277 2549 1349 2576 κατά
1359 2549 1404 2576 τὸν
1421 2550 1564 2585 προφήτην
1588 2549 1680 2576 Ἰωνᾶν
1693 2549 1851 2583 πεποίηται,

1063 2596 1103 2627 εὶς
1121 2595 1294 2621 διδασκαλίαν
1319 2604 1350 2622 τε
1379 2595 1426 2622 καὶ
1454 2595 1633 2630 ψυχαγωγίαν
1661 2596 1770 2622 πάντων
1797 2595 1852 2621 τῶν

1063 2640 1211 2676 προφητῶν
1231 2641 1265 2668 δι’
1282 2638 1319 2668 ὧν
1342 2641 1434 2677 ἔργοις
1458 2640 1564 2667 ἔπειθεν
1587 2641 1695 2672 αὐτοὺς,
1712 2640 1749 2671 ὡς
1763 2638 1852 2674 ἀληθῆ

1065 2686 1114 2721 μὲν
1130 2686 1206 2712 ἔσται
1227 2686 1261 2713 τὰ
1277 2687 1347 2713 κατὰ
1369 2686 1414 2713 τὸν
1434 2686 1572 2722 Δεσπότην
1590 2686 1708 2721 Χριστόν
1721 2695 1727 2701 ·
1741 2685 1786 2712 καὶ
1810 2685 1852 2711 ὅτι

1065 2733 1164 2765 πάντες
1178 2733 1314 2768 ἄνθρωποι
1326 2733 1385 2768 θείᾳ
1397 2733 1486 2769 χάριτι
1497 2733 1556 2759 τότε
1569 2731 1773 2768 μετελεύσονται
1783 2730 1851 2767 πρὸς
