1981 3073
145 140 199 167 ὕιῖἵὶ
727 137 796 166 (ΣοΜ
801 138 823 166 Μ
828 138 928 166 ΕΝΤΑΙ

983 139 1002 167 S
1022 139 1056 167 IN
1077 139 1198 168 JONAM.

1720 144 1778 174 526'

145 205 175 223 το
197 197 274 223 ὀέον·
291 195 340 223 νῦν
357 197 405 232 μὲν
424 195 555 223 Ἰουδαίων
567 195 712 228 ἀνενδότως
733 197 848 231 ἑχόντων
875 197 928 232 περ

989 197 1145 229 adventum,
1159 205 1214 233 quo
1229 201 1352 233 tempore
1369 207 1447 228 suam
1468 199 1539 228 Deus
1560 201 1676 236 gratiam
1698 207 1773 237 pate-

145 243 193 274 τὴν
207 241 254 268 τοῦ
273 242 395 278 χείρονος
408 241 523 276 αἳρεσιν,
539 240 583 267 διὰ
595 241 626 267 τὸ
640 243 791 276 συγχωρεῖν
805 241 876 268 οὕτω
888 241 934 268 τὸν

145 287 229 317 Θεὸν,
243 287 283 318 εἰς
300 287 411 322 ἔλεγχον
426 287 474 322 τῆς
501 286 673 321 ἀνθρωπίνης
701 286 885 322 προαιρέσεώς
904 295 934 313 τε

145 332 193 357 καὶ
209 332 369 363 ἀσθενείας·
394 332 442 358 ἐπὶ
467 331 495 358 δὲ
521 332 569 367 τῆς
588 332 636 358 τοῦ
660 332 796 358 Δεσπότου
814 332 933 367 Χριστοῦ

145 380 298 414 παρουσίας
322 380 364 406 ὅτι
391 379 424 406 ἂν
450 380 499 414 τὴν
515 380 618 406 οἰκείαν
645 379 773 415 βούληται
798 380 933 406 δεικνῦναι

145 426 226 460 χάριν
244 426 258 452 ό
273 425 350 458 Θεὸς,
379 425 506 452 ἁπάντων
532 425 683 460 ἀνθρώπων
706 426 760 452 τῶν
789 425 935 455 διαπαντὸς

145 471 213 506 πρὸς
237 471 364 498 ἀσέϐειαν
390 471 533 502 νευόντων,
548 470 597 506 τὴν
614 471 661 496 ἐπὶ
680 471 711 497 τὸ
728 472 853 506 κρεῖττον
869 470 935 505 λαμ-

143 516 278 542 ϐανόντων
298 517 402 552 ῥοπήν·
421 516 459 549 ὡς
484 517 531 543 καὶ
547 518 561 543 ὁ
580 518 713 553 μακάριος
721 514 827 547 Παῦλος
842 524 934 551 φησιν,

143 561 185 588 ὃτι
204 571 214 586 ι
239 561 417 588 Συνέκλεισεν
433 564 449 598 ἡ
463 562 558 598 Γραφὴ
573 563 607 590 τὰ
621 564 709 590 πάντα
720 563 772 589 ὑπὸ
786 563 932 597 ἁμαρτίαν,

986 242 1111 271 facturus
1132 248 1200 274 erat,
1215 245 1307 271 cuncti
1332 244 1466 279 homines,
1491 246 1538 281 qui
1562 253 1635 273 nunc
1657 254 1772 282 prorsus

987 288 1119 323 impietati
1131 289 1215 316 dediti
1227 293 1316 321 erant,
1332 289 1365 316 ad
1377 290 1503 318 virtutem
1517 299 1629 319 cursum
1641 292 1772 319 directuri

985 339 1074 361 erant.
1093 333 1183 367 Quare
1204 335 1286 362 etiam
1304 335 1399 363 beatus
1417 336 1519 366 Paulus
1534 339 1582 372 ait,
1602 339 1772 367 conclusisse

987 379 1070 406 Deum
1092 381 1184 407 omnia
1204 381 1256 407 sub
1279 386 1401 416 peccato,
1421 387 1451 410 ut
1472 383 1523 411 ﬁde
1541 383 1725 418 justifieemur
1736 385 1770 417 ",

983 426 1141 461 signiﬁcans
1165 428 1394 462 quemadmodum
1409 436 1423 455 a
1448 429 1599 464 majoribus
1614 432 1718 459 nostris
1734 431 1771 459 ad

983 471 1112 499 sectanda
1129 472 1194 499 vitia
1215 473 1337 500 inclinati
1357 473 1510 507 fuerimus;
1526 483 1581 509 quo
1602 476 1706 503 scilicet
1721 483 1770 504 co-

985 524 1182 551 gnoseeremus
1194 519 1283 553 gratia
1299 519 1379 548 nobis
1393 527 1462 554 opus
1479 528 1538 547 esse
1559 521 1592 547 ad
1609 521 1768 550 discernen-

986 561 1047 588 dam
1062 566 1144 597 atque
1161 564 1380 599 anteponendam
1398 565 1486 593 cuivis
1505 566 1543 593 rei
1559 566 1698 594 virtutem.

142 609 186 636 ἴνα
196 610 229 636 ἐκ
243 610 361 642 πίστεως
373 610 562 646 δικαιωθῶμεν
577 618 583 625 ·
604 620 613 636 ι
631 610 668 645 (p.
684 610 747 644 256)
758 611 865 641 δεικνὺς
877 610 918 636 ὃτι
939 611 971 636 ἐκ
986 610 1040 636 τῶν
1060 611 1261 646 προειληφότων
1278 612 1328 648 τὴν
1341 612 1387 639 ἐπὶ
1402 613 1433 639 τὸ
1443 615 1533 649 χεῖρον
1549 613 1603 640 τῶν
1621 613 1771 649 ἀνθρώπων

141 655 342 690 ἐπαιδεύθημεν
356 656 452 692 ῥοπὴν,
466 656 509 682 ἴνα
522 655 651 692 μάθωμεν
673 657 714 683 ὅτι
733 657 807 688 θείας
826 657 936 692 χάριτος
959 656 1075 691 δεόμεθα
1091 658 1158 692 πρὸς
1184 657 1214 684 τὸ
1230 658 1375 693 διαγνῶναί
1391 667 1421 685 τε
1443 660 1491 686 καὶ
1509 658 1648 694 προθεῖναι
1662 659 1770 685 πάντων

141 701 172 728 τὸ
188 703 319 736 κρεῖττον.

177 747 279 774 Τούτου
293 756 325 782 γε
338 747 473 781 ἀπόδειξιν
489 748 613 784 αὐτάρκη
630 748 781 784 παρέσχετο
797 749 852 779 τοῖς
862 757 929 784 προ-

142 793 241 827 ςήταις
253 793 287 819 τὰ
303 794 434 829 παρόντα,
451 795 479 820 ὲν
495 796 551 826 τοῖς
559 794 630 820 κατὰ
640 794 685 820 τὸν
704 794 794 820 Ἰωνᾶν
813 793 929 828 μάλιστα

1017 749 1137 780 Quarum
1153 756 1244 775 rerum
1258 747 1382 774 idoneam
1398 747 1425 774 in
1449 746 1576 782 praesenti
1597 746 1771 774 demonstla-

980 795 1081 821 tionem
1095 794 1234 828 prophetis
1242 794 1375 826 exhibuit,
1385 801 1445 821 eam
1463 794 1568 821 scilicet
1581 801 1664 828 quam
1678 793 1706 820 in
1720 792 1769 821 Jo-

141 838 220 863 τοῦτο
235 838 332 873 χρῆναι
347 838 484 873 δειχθῆναι
497 838 628 874 νομίζων·
643 838 672 870 ὃς
693 838 780 865 τύπον
797 839 826 864 ὲν
840 838 928 873 ἑαυτῷ

981 848 1023 867 me
1049 840 1186 875 praecipue
1211 840 1322 867 casibus
1347 839 1552 875 exprimendam
1573 840 1697 871 curavit,
1721 839 1768 874 qui

141 891 202 909 τινα
218 884 271 910 τῶν
290 884 355 919 περὶ
370 883 415 910 τὸν
434 885 571 920 Δεσπότην
591 884 727 919 ἐσομένων
751 885 870 920 παρέσχε
885 884 930 911 τὸν

142 929 262 964 Χριστόν
273 937 279 945 ·
296 929 456 956 ἀποστέλλει
473 930 522 965 μὲν
539 930 593 964 γὰρ
608 930 690 957 αὑτὸν
713 931 752 962 είς
766 930 866 966 Νινευὴ
882 930 930 965 τὴν

142 976 230 1008 πόλιν,
252 977 372 1012 μεγάλην
400 974 481 1004 οὖσαν
500 977 547 1003 καὶ
573 976 860 1012 πολυανθρωποτάτην,
883 977 931 1003 καὶ

141 1023 195 1049 τῶν
207 1023 236 1049 ὲν
258 1023 411 1058 Ἀσσυρίοις
439 1022 562 1058 βασιλίδα
578 1023 766 1058 τυγχάνουσαν
776 1032 782 1040 ·
795 1023 824 1050 ὲν
866 1023 930 1050 πάν-

141 1077 185 1100 τες
200 1068 270 1103 πρὸς
295 1068 423 1095 ἀσέϐειάν
437 1077 467 1094 τε
486 1067 596 1104 ἑώρων,
613 1069 661 1096 καὶ
683 1068 812 1104 μοχθηρῷ
841 1078 927 1105 προσ-

147 1116 256 1150 ανείχον
281 1114 342 1150 βίῳ,
357 1116 473 1150 τρυφαῖς
485 1123 515 1142 τε
532 1115 578 1142 καὶ
591 1115 699 1142 ἀνέσεσι
712 1116 758 1142 καὶ
774 1116 929 1148 ἀκολασίαις

143 1159 191 1185 καὶ
214 1159 287 1195 πάσῃ
303 1159 438 1192 συζῶντες
463 1161 620 1196 παρανομίᾳ
631 1170 638 1177 ·
656 1161 760 1188 κελεύει
778 1161 806 1188 δὲ
818 1161 865 1196 τὴν
880 1162 929 1197 τῆς

142 1205 247 1236 πόλεως
260 1206 378 1241 μηνῦσαι
393 1206 564 1242 καθαίρεσιν,
583 1208 608 1234 εἰ
624 1207 660 1242 μὴ
675 1207 799 1234 νεύσειαν
815 1208 882 1243 πρὸς
898 1207 929 1234 τὺ

140 1251 200 1278 δέον
212 1260 218 1267 ·
235 1250 294 1279 εἶτα
309 1252 497 1288 παρεσκεύασε
513 1254 616 1285 πάντας
629 1254 750 1285 ἐκείνους
766 1253 862 1290 ἀθρόον
872 1263 928 1288 φω-

140 1297 189 1332 νῆς
200 1297 353 1332 ἀκηκοότας
368 1297 416 1324 τοῦ
431 1298 580 1334 προφήτου,
598 1298 627 1324 ὃν
650 1298 698 1333 οὐχ
718 1299 791 1330 ὅστις
809 1296 843 1334 ἦν
862 1299 927 1334 ἠπί-

142 1350 249 1374 σταντο,
263 1342 321 1369 ἀλλ’
349 1343 409 1369 οὐδὲ
433 1344 502 1377 μετὰ
530 1343 675 1379 θαυμάτων
702 1344 820 1378 φανέντα
848 1342 927 1376 εἶδον,

141 1388 212 1414 ὥστε
225 1388 355 1423 ἔκπληξιν
374 1389 456 1415 αὑτοῦ
482 1397 544 1415 τινα
559 1389 651 1417 λαϐεῖν
661 1398 667 1403 ·
681 1390 804 1417 ἐντεῦθεν
815 1391 929 1426 μεταθεσ

141 1434 241 1466 μένους
255 1433 307 1468 τῆς
329 1434 445 1468 πρόσθεν
458 1433 570 1470 γνώμης
583 1434 638 1462 ἀπὸ
654 1435 739 1470 μόνης
751 1436 800 1471 τῆς
815 1436 928 1471 ἀπειλῆς

140 1479 210 1517 πρρς
227 1480 258 1506 τὸ
274 1481 398 1515 κρεῖττον
416 1480 489 1512 ἰδεῖν,
504 1480 626 1512 ὲθνικούς
639 1489 668 1506 τε
689 1481 770 1513 ὄντας
784 1481 831 1508 καὶ
853 1482 928 1508 οὐδὲν

139 1525 313 1556 ζιδασκαλίας
333 1523 402 1556 εἶδος
419 1526 458 1556 εἰς
484 1520 638 1552 θεοσέϐειαν
655 1526 775 1562 ἡκούσης
795 1527 926 1563 πρότερον

139 1571 328 1605 δεδειγμένους
346 1579 352 1585 ·
369 1571 406 1603 ὡς
420 1570 453 1597 ἂν
477 1570 623 1607 δηλώσειεν
646 1573 678 1598 ὲκ
700 1571 754 1598 τῶν
775 1572 927 1608 παρόντων,

140 1617 179 1651 (p.
195 1617 261 1652 237)
283 1617 323 1643 ὅτι
351 1616 423 1644 κατὰ
448 1617 542 1644 τοῦτον
560 1618 606 1644 τὸν
627 1617 726 1653 τρόπον
742 1619 788 1644 ἐπὶ
809 1618 858 1653 τῆς
880 1618 927 1645 τοῦ

139 1662 277 1689 Δεσπότου
302 1662 421 1698 Χριστοῦ
448 1663 600 1699 παρουσίας
622 1664 730 1691 ἃπαντα
755 1665 789 1692 τὰ
808 1665 870 1701 ἔθνη
894 1667 927 1702 τῇ

136 1707 228 1742 οἰκείᾳ
238 1707 329 1743 χάριτι
345 1707 437 1735 νεῦσαι
456 1710 663 1745 παρασκευάσει
676 1711 743 1746 πρὸς
755 1711 784 1737 τὸ
795 1713 926 1746 κρεῖττον,

138 1753 193 1780 κᾶν
217 1753 341 1780 ἀπειθεῖν
365 1753 494 1781 ἐθέλωσιν
516 1756 636 1783 Ἰουδαῖοι
656 1757 689 1792 τῇ
717 1756 766 1788 τῖες
789 1757 927 1789 εὐσεϐείας

137 1801 198 1826 alia
202 1800 305 1835 σκαλίᾳ.
736 1824 742 1827 .

182 1845 322 1872 Ἐντεῦθεν
337 1846 352 1872 ὀ
369 1846 503 1882 μακάριος
519 1847 661 1883 προφήτης
674 1848 705 1874 ἐκ
719 1856 748 1874 τε
759 1847 812 1874 τῶν
826 1848 928 1884 παρόν-

138 1901 196 1918 των
212 1891 338 1924 συνειδὼς
352 1892 390 1924 ὡς
404 1893 453 1928 τῆς
475 1893 593 1928 ἐσχάτης
603 1894 671 1926 ἄξιοι
690 1894 835 1929 φανοῦνται
846 1903 929 1929 τιμω-

140 1938 204 1972 ρίας
225 1937 356 1970 Ἰουδαῖοι,
378 1938 412 1965 ὲκ
435 1940 569 1974 τοσαύτης
595 1940 768 1972 διδασκαλίας
794 1940 927 1976 μηδεμίαν

138 1984 281 2019 δεξάμενοι
296 1984 449 2020 διόρθωσιν,
469 1986 493 2012 εἰ
513 1985 652 2012 Νινευῖται
667 1986 777 2022 ἀσεϐείᾳ
793 1986 926 2018 συζῶντες

138 2030 188 2056 καὶ
204 2029 398 2065 στρεφόμενοι,
415 2030 513 2066 ἀθρόον
530 2032 563 2057 ἐκ
584 2031 725 2066 μηνύσεως
741 2032 824 2067 μόνης
842 2040 924 2066 μετα-

138 2076 248 2111 θέμενοι
267 2075 402 2110 φαίνοιντο
426 2076 494 2112 πρδς
506 2076 537 2103 τὸ
549 2078 672 2112 κρεῖττον
687 2085 694 2092 ·
707 2077 753 2104 καὶ
770 2077 810 2104 ὅτι
825 2077 926 2104 τούτων

137 2121 169 2156 δὴ
185 2121 253 2156 πρὸς
266 2121 402 2153 ἀπόδειξιν
416 2122 583 2156 γιγνομένων
601 2122 656 2149 τῶν
676 2122 746 2149 κατὰ
764 2123 810 2149 τὸν
822 2123 926 2149 Δεσπό-

137 2175 191 2202 την
219 2167 358 2202 ἐσομένων
387 2167 567 2203 Χριστὸν,τδ
590 2168 656 2195 αὐτὸ
682 2168 710 2195 δὲ
733 2168 810 2196 τοῦτο
835 2169 926 2205 πολλῷ

139 2212 220 2240 πλέον
233 2212 414 2247 συμϐήσεται,
422 2213 497 2239 ὁπότ’
507 2213 540 2240 ἂν
553 2213 588 2240 τὰ
605 2213 655 2248 μὲν
669 2213 735 2249 ἔθνη
749 2215 782 2249 τῇ
799 2214 858 2250 θείᾳ
875 2223 926 2241 κα-

138 2258 260 2294 λούμενα
284 2258 375 2294 χάριτι
393 2259 464 2293 ῥέπῃ
479 2258 546 2294 πρὸς
560 2258 609 2294 τὴν
635 2259 786 2291 εὐσέϐειαν,
807 2259 928 2286 Ἰουδαῖοι

137 2306 165 2332 δὲ
181 2305 303 2340 μένωσιν
316 2304 438 2336 ἀπειθεῖς
455 2304 501 2331 καὶ
519 2305 556 2340 μὴ
575 2304 713 2340 δεχόμενοι
725 2305 771 2343 τὸν
789 2305 927 2341 Δεσπότην

139 2350 267 2386 Χριστὸν,
277 2346 308 2376 οὖ
323 2350 372 2385 τὴν
386 2350 502 2385 μήνυσιν
515 2350 561 2376 καὶ
577 2350 625 2385 τὴν
639 2350 813 2377 διδασκαλίαν
825 2351 927 2378 ἄνωθεν

138 2397 295 2433 φερομένην
310 2395 382 2431 εἶχον
399 2397 463 2432 παρ’
479 2397 600 2428 ἑαυτοῖς·
612 2398 654 2423 ὃτι
669 2406 699 2423 τε
723 2397 847 2424 ἐντεῦθεν
863 2398 928 2433 κλη‹

140 2443 250 2479 ρονόμοι
269 2443 319 2478 μὲν
342 2443 581 2478 ἀποφανθήσονται
600 2444 650 2477 τῆς
665 2442 802 2478 βασιλείας
813 2443 867 2470 τῶν
882 2444 927 2470 οὑ-

139 2491 229 2526 ρανῶν
245 2490 270 2516 oi.
293 2489 433 2525 πανταχοῦ
453 2490 505 2524 γῆς
527 2490 665 2521 οἰκοῦντες
687 2489 842 2525 ἄνθρωποι,
860 2490 926 2523 ἔξω·

140 2537 284 2572 σθήσονται
309 2537 337 2563 δὲ
359 2537 409 2572 τῆς
431 2536 535 2572 δωρεᾶς
559 2536 660 2572 ταύτης
683 2536 727 2563 διὰ
750 2536 799 2571 τὴν
823 2536 926 2563 οίκείαν

139 2580 280 2607 ἀπείθειάν
288 2589 318 2607 τε
332 2581 378 2607 καὶ
395 2581 524 2607 ἀσέϐειαν
540 2581 669 2613 Ἰουδαῖοι,
685 2581 773 2607 καίτοι
785 2589 817 2615 γε
831 2580 924 2614 δόξαν·

139 2633 183 2657 τίς
198 2626 229 2651 ὲν
247 2625 367 2660 τοσαύτῃ
384 2625 545 2661 διδασκαλίᾳ
566 2625 613 2651 τοῦ
637 2625 790 2661 κρείττονος
813 2625 925 2660 γεγενῆ-

140 2671 212 2703 σθαι,
227 2670 386 2704 ἀναγκαίως
404 2670 516 2705 ἠθύμει,
532 2670 645 2702 πένθους
659 2671 734 2703 ἄξιον
757 2671 925 2706 πανταχόθεν

140 2717 209 2750 ὖρῶν
220 2716 251 2742 τὸ
267 2717 395 2752 πρᾶγμα,
411 2717 458 2742 καὶ
474 2716 614 2751 συναλγῶν
632 2719 681 2753 μὲν
697 2717 835 2749 Ἰουδαίοις
855 2718 926 2744 εἰκό-

139 2769 206 2792 τως.
221 2762 260 2796 (p.
288 2761 354 2796 258)
373 2761 500 2789 τοιούτου
531 2771 560 2789 τε
579 2760 636 2790 οὖσι
656 2763 702 2790 καὶ
722 2762 839 2790 τοσαῦτα
864 2763 926 2798 μέλ-

178 2847 198 2864 ’*
219 2849 286 2876 Ihm
319 2859 356 2884 si,
373 2850 419 2878 3‘3.

982 887 1128 921 quamdam
1148 894 1239 913 rerum
1259 887 1285 913 in
1299 886 1410 914 Christo
1434 885 1550 912 Domino
1566 885 1767 912 emciendarum

981 932 1125 967 imaginem
1148 932 1174 959 in
1201 940 1230 959 se
1254 932 1313 967 ipso
1338 932 1465 967 gestavit.
1492 932 1577 959 Mittit
1604 933 1677 960 enim
1705 940 1766 959 eum

980 977 1052 1005 Deus
1068 978 1094 1004 in
1120 984 1244 1012 magnam
1263 977 1358 1004 urbem
1375 977 1500 1010 Niniveo,
1518 978 1618 1012 populo
1633 977 1768 1012 copiosis-

980 1023 1090 1054 simam,
1112 1023 1288 1058 Assyriorum
1310 1022 1412 1058 regiam
1436 1022 1548 1055 sedem;
1575 1022 1653 1057 cujus
1675 1024 1766 1050 cuncti

979 1069 1054 1096 cives
1075 1076 1129 1095 non
1149 1069 1208 1096 sine
1232 1068 1373 1103 religionis
1396 1072 1553 1103 contemptu
1574 1076 1688 1103 pravum
1704 1068 1767 1094 vita!

979 1122 1066 1149 genus
1078 1114 1227 1149 agitabant,
1241 1115 1308 1145 otio,
1320 1115 1437 1147 luxuria,
1450 1115 1672 1150 intemperantia,
1685 1119 1768 1150 atque

979 1160 1145 1188 omnimodis
1172 1160 1249 1188 vitiis
1273 1160 1452 1188 difﬂuentes:
1480 1160 1610 1195 iubetque
1634 1165 1664 1188 ut
1691 1161 1767 1188 urbis

979 1207 1114 1233 excidium
1137 1207 1255 1238 nuntiet,
1272 1206 1325 1234 nisi
1343 1207 1440 1234 incolae
1460 1206 1494 1234 ad
1516 1206 1634 1234 oﬂicium
1651 1215 1768 1235 conver-

979 1255 1084 1278 tantur.
1109 1251 1177 1278 Exin
1203 1250 1310 1278 curavit
1334 1250 1416 1281 Deus.
1434 1254 1463 1277 ut
1485 1251 1503 1277 ii
1531 1256 1642 1285 repente
1669 1259 1766 1279 omnes

979 1297 1072 1324 audita
1094 1296 1235 1332 propheta:
1258 1303 1324 1323 voce
1340 1296 1431 1330 (quem
1446 1300 1525 1323 antea
1548 1297 1660 1324 minime
1683 1304 1766 1324 nove-

978 1348 1051 1376 rant,
1066 1351 1153 1378 neque
1168 1350 1240 1370 nunc
1252 1342 1384 1378 prodigiis
1395 1342 1591 1370 communitum
1605 1343 1764 1373 cernebant,

978 1389 1015 1416 ita
1031 1393 1060 1416 ut
1072 1389 1133 1424 ejus
1147 1388 1327 1416 admiratione
1340 1388 1431 1423 aliqua
1447 1389 1761 1424 percellercntur),cura-

977 1435 1026 1466 vit,
1043 1436 1164 1470 inquam,
1183 1434 1254 1461 Deus
1266 1438 1296 1461 ut
1312 1434 1405 1469 priore
1421 1433 1531 1469 ingenio
1550 1437 1663 1466 mutato,
1678 1434 1766 1462 mina-

979 1488 1096 1515 rumque
1117 1480 1142 1507 vi
1170 1479 1291 1515 impulsi,
1319 1480 1354 1507 ad
1376 1479 1488 1507 saniora
1513 1479 1627 1507 consilia
1647 1484 1764 1508 mentem

952 1525 962 1549 ἔ
979 1526 1152 1555 intenderent
1162 1525 1339 1560 quantumvis
1352 1525 1464 1558 ethnici,
1478 1529 1506 1553 et
1524 1526 1570 1560 qui
1594 1525 1695 1552 nullam
1716 1533 1764 1553 ve-

979 1581 1016 1600 ra:
1037 1571 1145 1607 pietatis
1165 1572 1283 1606 speciem
1299 1570 1432 1598 hactenus
1446 1578 1502 1605 pne
1521 1578 1551 1598 se
1565 1571 1695 1599 tulerant.
1711 1570 1764 1598 Res

978 1625 1041 1652 ergo
1060 1624 1180 1653 praesens
1193 1616 1318 1648 docebat,
1336 1615 1395 1643 fore
1415 1620 1446 1643 ut
1457 1615 1551 1644 eadem
1573 1617 1679 1644 ratione
1690 1617 1764 1643 circa

979 1662 1085 1690 Domini
1098 1662 1201 1690 Christi
1221 1662 1367 1689 adventum
1390 1661 1483 1697 populi
1502 1669 1609 1693 omnes,
1630 1662 1655 1688 vi
1671 1662 1765 1696 gratiae

977 1709 1047 1744 ejus,
1076 1708 1110 1736 de
1136 1708 1246 1736 virtutis
1269 1707 1361 1735 studio
1388 1708 1556 1743 cogitarent:
1583 1707 1684 1735 ludatis
1701 1709 1765 1736 licet

977 1756 1117 1783 obstinata
1131 1753 1325 1782 incredulitate
1338 1752 1491 1780 doctrinam
1507 1754 1616 1789 pietatis
1633 1761 1764 1789 respuen-

977 1801 1061 1828 tibus.

1016 1846 1097 1882 153
1118 1845 1302 1880 Quamobrem
1325 1845 1421 1873 beatus
1434 1846 1565 1880 propheta
1582 1853 1614 1872 ex
1636 1846 1762 1880 praesenti

977 1901 1006 1921 re
1019 1893 1211 1928 cognoscebat,
1234 1892 1292 1920 fore
1305 1897 1336 1920 ut
1351 1896 1474 1920 extremo
1488 1891 1644 1918 viderentur
1659 1892 1763 1927 suppli-

977 1940 1021 1967 cio
1035 1939 1109 1974 digni
1121 1938 1219 1972 Judaei,
1234 1938 1281 1973 qui
1300 1943 1377 1965 tanto
1388 1945 1402 1964 a
1416 1937 1574 1973 magisterio
1586 1936 1687 1964 nullam
1701 1937 1764 1964 vita;

976 1985 1193 2012 emendationem
1208 1987 1420 2015 contraxerant;
1435 1982 1499 2010 dum
1515 1982 1624 2010 interim
1636 1981 1762 2009 Ninivita-

975 2030 1051 2057 omni
1070 2029 1208 2064 quondam
1231 2028 1406 2063 improbitate
1430 2027 1526 2063 polluti
1543 2035 1575 2054 ac
1594 2027 1761 2058 volutantes.

976 2077 1069 2105 statim
1084 2076 1143 2103 solo
1160 2074 1363 2110 praedicationis
1376 2078 1480 2101 terrore
1499 2073 1532 2100 ad
1552 2073 1691 2100 meliorem
1704 2073 1763 2100 [rn-

976 2129 1035 2158 gem
1065 2121 1184 2148 traducti
1213 2119 1341 2147 fuissent.
1373 2119 1497 2154 Cumque
1519 2119 1576 2146 haec
1597 2119 1762 2154 intelligeret

978 2167 1046 2201 ﬁeri,
1060 2167 1096 2194 ob
1112 2174 1143 2194 ea
1159 2165 1337 2199 signiﬁcanda
1356 2173 1418 2200 qua:
1439 2164 1510 2192 circa
1531 2164 1634 2192 Christi
1654 2164 1760 2191 Domini

978 2214 1122 2242 adventum
1138 2212 1228 2239 futura
1239 2215 1333 2244 erant;
1347 2219 1402 2239 rem
1415 2211 1502 2238 multo
1514 2211 1666 2246 graviorem
1679 2218 1763 2238 even-

977 2264 1066 2287 turam
1090 2258 1213 2290 videbat,
1235 2265 1296 2284 cum
1323 2256 1426 2284 ethnici
1448 2256 1539 2283 divina
1560 2255 1648 2291 gratia
1674 2256 1761 2283 vocati

978 2306 1012 2333 ad
1026 2305 1152 2340 pietatem
1169 2303 1354 2332 conﬂuerent:
1368 2302 1470 2330 iudicis
1482 2301 1660 2328 nihilominus
1672 2301 1762 2328 incre-

975 2351 1119 2379 dulitatem
1133 2356 1210 2377 suam
1235 2348 1382 2375 retinentib
1404 2355 1428 2380 s,
1446 2354 1533 2382 neque
1549 2346 1689 2374 Christum
1709 2347 1763 2374 Do-

979 2397 1084 2424 minum
1098 2394 1302 2430 recipientibus,
1324 2393 1403 2428 cujus
1421 2393 1568 2427 caeteroqui
1583 2392 1761 2427 signiﬁcatio-

980 2451 1041 2470 nem
1058 2446 1140 2477 atque
1164 2441 1316 2468 doctrinam
1343 2440 1450 2467 coalitus
1470 2439 1619 2466 immissam
1641 2439 1711 2474 apud
1732 2446 1762 2467 se

980 2488 1134 2521 habebant;
1160 2490 1241 2522 atque
1260 2486 1324 2512 hinc
1339 2485 1416 2520 regni
1439 2484 1557 2512 ctelrstis
1577 2485 1696 2512 haeredes
1712 2485 1761 2512 de—

979 2534 1114 2562 claratum
1131 2533 1163 2560 iri
1178 2532 1317 2563 homines,
1331 2531 1378 2566 qui
1394 2531 1494 2565 ubique
1507 2534 1641 2558 terrarum
1656 2530 1763 2558 habita-

978 2584 1059 2613 rent;
1082 2579 1222 2606 exclusum
1241 2581 1331 2604 autem
1349 2577 1382 2604 iri
1407 2577 1442 2604 ab
1461 2577 1513 2603 hac
1531 2576 1677 2604 donatione
1700 2585 1749 2611 pro

980 2630 1040 2661 pter
1056 2632 1132 2652 suam
1155 2623 1372 2650 incredulitatem
1397 2622 1618 2657 impietatcmque
1642 2622 1762 2654 Jmlazos.

979 2672 1025 2706 qui
1046 2675 1136 2697 tamen
1153 2669 1316 2696 videbantur
1339 2668 1367 2695 in
1389 2673 1443 2694 tam
1463 2668 1563 2703 inclyte
1577 2669 1686 2696 virtutis
1705 2676 1764 2695 ma-

980 2716 1091 2752 gisterio
1106 2714 1222 2743 versari.
1239 2713 1302 2741 Haec
1318 2714 1475 2741 necessario
1489 2714 1627 2749 prophetae
1641 2714 1761 2740 animum

979 2762 1161 2798 torquebant,
1198 2761 1350 2788 luctuosum
1392 2767 1588 2796 usquequaque
1623 2759 1761 2795 negotiqu
