1972 3066
195 131 246 160 32⁵1

789 128 967 157 THEODORI
983 129 1097 158 MOPSU
1104 129 1224 157 ESTENI

1768 133 1818 161 323

195 188 344 220 cernentis,
363 187 504 222 vicemque
520 187 676 216 Iudaeorum
691 190 722 213 ut
738 194 788 222 par
807 192 866 214 erat
884 187 982 215 dolen-

1038 189 1109 214 touat
1140 188 1303 223 ὑπομένειν·
1317 188 1478 225 ὀδυρόμενος
1501 189 1530 216 δὲ
1556 190 1581 216 εί
1597 191 1645 217 καὶ
1659 190 1707 217 νῦν
1721 191 1754 217 ὲκ
1773 194 1822 227 τῆς

195 235 244 266 tis.
263 235 311 269 qul
333 238 408 261 tanta
426 233 559 268 dignitate
580 240 643 261 cum
666 238 770 265 essent,
793 232 821 259 in
845 232 911 260 talia
927 232 986 259 rui-

197 281 252 308 turi
272 283 362 308 erant.
386 279 494 307 Rursus
510 279 643 314 propheta
667 279 809 310 mcerebat,
834 278 898 313 quia
918 286 987 313 pne-

198 326 268 354 senti
292 325 474 353 Ninivitarum
507 324 710 360 comparatione
737 324 875 358 digniores
906 331 986 359 paena

198 370 396 399 ﬂebantludari
413 380 420 398 :
440 375 497 398 tum
519 371 547 398 in
563 374 703 405 posterum
727 369 853 397 districto
872 369 986 404 repudio

196 415 354 444 dimittendi
383 419 472 447 erant.
498 423 553 451 pm
576 415 690 450 reliquis
718 414 820 450 ubique
850 418 985 442 terrarum

196 461 393 489 cxsistentibus
411 461 520 496 populis
540 461 574 488 ad
589 461 730 496 religionis
744 468 815 488 verze
831 460 986 487 doctrinam

197 506 362 533 accessuris.
377 505 445 532 Nam
460 505 484 531 si
508 505 603 533 beatus
627 504 728 533 Paulus
744 505 816 539 luget
831 512 924 532 eorum
941 512 986 532 re-

193 551 352 586 jectionem.
378 559 410 579 ac
430 559 559 586 supremo
584 559 614 579 se
639 559 821 579 occursurum
851 551 987 586 supplicio

196 596 314 624 libenter
336 605 430 624 eorum
454 605 538 625 causa
554 597 602 629 ait,
623 601 653 624 ut
667 597 710 625 his
724 597 757 624 ad
776 597 895 624 ollicium
909 605 987 624 revo-

195 644 266 672 catis
286 643 404 671 alliceret
423 651 477 670 non
499 644 623 670 inutilem
646 648 750 670 tantam
771 642 817 670 Dei
842 643 988 678 providen-

195 689 261 716 tiam
277 698 283 716 :
305 698 315 714 ι
332 688 402 716 Vere
426 690 499 716 enim
525 689 553 716 in
570 688 680 716 Christo
697 689 768 720 dico.
786 696 840 716 non
857 689 986 720 mentior,

199 734 387 762 testimonium
409 735 567 770 perhibente
592 734 658 761 mihi
684 734 853 762 conscientia
877 741 936 761 mea
958 734 985 760 in

198 780 301 814 Spiritu
318 785 424 813 sancto.
449 782 578 816 quoniam
606 781 718 808 tristitia
743 785 785 808 est
802 780 868 807 mihi
889 787 986 815 magna

197 831 226 854 et
240 827 389 854 continuus
402 827 479 854 dolor
501 827 577 854 cordi
598 834 668 855 meo.
693 826 825 861 Optabam
846 825 917 853 enim
935 832 986 860 ego

198 874 257 910 ipse
273 875 420 903 anathema
439 883 501 903 esse
519 883 533 903 a
551 875 661 902 Christo
686 882 735 910 pro
759 873 891 901 fratribus
906 873 985 906 meis,

196 922 244 956 qui
263 928 328 949 sunt
340 922 449 957 cognati
474 921 525 949 mei
545 921 696 949 secundum
714 927 837 951 carnem,
859 919 905 954 qui
920 922 986 946 sunt

197 966 343 998 lsraeliue:
367 975 484 1003 quorum
504 967 582 1002 157
606 966 716 1001 adoptio
740 970 783 993 est
802 966 829 992 in
854 964 936 996 ﬁlios.
959 967 987 992 et

197 1013 283 1048 gloria
306 1018 334 1041 et
358 1017 551 1041 testamentum
578 1016 605 1040 et
631 1011 765 1047 legislatio
786 1014 815 1039 et
839 1010 930 1037 cultus
960 1013 987 1037 et

197 1059 417 1093 promissiones;
442 1066 559 1094 quorum
587 1062 690 1093 patres,
710 1062 738 1085 et
762 1064 794 1084 ex
821 1056 921 1090 quibus
946 1058 987 1082 est

197 1104 323 1132 Christus
342 1105 492 1134 secundum
510 1112 632 1135 carnem.
653 1104 700 1139 qui
724 1107 766 1131 est
789 1109 871 1136 super
891 1100 984 1128 omnia

197 1149 269 1179 Deus
298 1151 459 1179 benedictus
485 1151 513 1178 in
545 1150 665 1183 sarcula,
689 1157 768 1176 amen
790 1148 825 1175 ".
851 1156 861 1173 ›
888 1146 985 1173 Nonne

197 1197 261 1224 hinc
278 1201 397 1229 constat,
421 1197 569 1233 prophetas
584 1202 693 1230 quoque
709 1193 805 1222 eadem
819 1192 903 1220 animi
919 1190 985 1218 οπε-

196 1243 286 1270 ctione
301 1243 438 1277 praeditos,
460 1242 626 1277 ingemuisse
640 1249 723 1276 super
740 1240 783 1268 his
804 1243 888 1274 atque
905 1236 1019 1268 luxisse,

197 1287 347 1314 debantur?

234 1333 346 1368 Propter
363 1333 415 1360 hoc
436 1332 526 1368 iugam
543 1340 653 1368 quoque
673 1331 804 1367 propheta
822 1327 982 1359 maturavit,

199 1387 315 1415 sperans
329 1387 360 1406 se
374 1380 566 1406 necessitatem
579 1379 728 1406 vitaturum
745 1375 877 1404 iacienda:
891 1374 925 1401 ad
935 1373 983 1400 Ni-

198 1426 298 1453 nivitas
317 1425 511 1460 praedictionis,
527 1431 609 1460 atque
627 1425 689 1452 hinc
707 1422 901 1458 impediturum
916 1427 985 1455 quo-

199 1471 291 1498 minus
307 1479 339 1497 ca
363 1472 563 1506 contingerent.
580 1478 640 1506 quae
668 1470 841 1498 manifestam
867 1466 1023 1516 lndaiczec

199 1518 309 1545 malitiae
321 1517 529 1553 patefactionem
545 1516 662 1543 allatura
677 1519 764 1543 crant.
779 1513 838 1541 Jam
852 1521 914 1548 qua:
923 1520 988 1539 con-

198 1568 292 1591 secuta
308 1568 382 1594 snnt.
405 1562 488 1589 dictis
513 1562 580 1589 meis
593 1561 751 1596 suli'ragium
770 1559 885 1586 addunt.
904 1557 988 1585 Nam-

197 1617 251 1645 que
270 1609 405 1641 Ninivitaz,
420 1608 467 1642 qui
486 1611 559 1634 tanta
574 1607 716 1634 alacritate
729 1606 762 1633 ad
774 1605 902 1632 virtutem
915 1611 989 1630 men-

198 1660 253 1683 tem
269 1658 473 1685 converterant,
498 1653 623 1680 bellicam
639 1651 840 1687 expeditionem
855 1649 987 1677 adversus

198 1700 337 1727 lsraelitas
366 1699 446 1734 paulo
482 1703 544 1733 post
576 1700 779 1732 susceperunt;
820 1694 988 1729 reliquisque

197 1747 278 1773 etiam
296 1746 323 1772 in
337 1745 522 1780 captivitatem
538 1744 654 1777 abactis,
667 1750 776 1771 summa
791 1741 817 1768 vi
831 1741 986 1768 vastitatem

199 1791 396 1826 Hierosolymis
417 1790 485 1825 ipsis
511 1789 614 1817 inferre
630 1788 722 1816 conati
743 1791 809 1815 sunt
826 1796 834 1814 :
852 1794 933 1822 quam
951 1786 986 1812 ob

197 1846 254 1865 rem
269 1845 365 1873 pmnas
379 1844 488 1872 quoque
500 1836 633 1863 maximas
648 1834 704 1862 Deo
719 1834 840 1866 luerunt,
858 1840 928 1868 quas
938 1831 985 1867 qui

197 1885 359 1920 praedixerat
372 1882 513 1910 Nahumus
527 1880 779 1917 proplicta,scriptis
789 1886 899 1914 quoque
910 1886 986 1906 com-

198 1930 347 1957 mendavit.
372 1929 458 1964 Igitur
476 1927 553 1955 Jonae
580 1926 730 1962 prophetia.
754 1932 859 1953 necnon
879 1931 911 1952 ea
925 1930 987 1959 qua

197 1984 246 2012 per
264 1976 290 2004 id
307 1981 415 2010 tempus
438 1974 566 2002 Ninivitis
579 1973 748 2003 acciderunt.
773 1970 985 2006 signiﬁcationes

198 2022 299 2049 divinae
313 2022 408 2056 gratiae
427 2020 549 2053 fuerunt,
570 2019 651 2054 cujus
675 2017 794 2053 impulsu
810 2021 864 2044 tam
886 2016 986 2052 procli-

198 2074 257 2094 vem
269 2067 360 2094 cuncti
376 2066 410 2094 ad
423 2067 552 2093 virtutem
566 2064 774 2092 conversionem
788 2062 895 2097 experti
909 2065 984 2089 sunt.

197 2112 314 2140 Nahnmi
331 2120 396 2140 vero
415 2112 557 2148 prophetia
577 2111 749 2139 demonstrat
764 2108 922 2137 earumdem
937 2107 985 2134 Ni-

1035 232 1089 259 τῶν
1099 233 1246 260 Νινευῖτῶν
1254 234 1440 269 παραθέσεως,
1448 236 1583 271 τιμωρίας
1593 235 1663 268 ἄξιοι
1675 237 1821 270 φαίνοιντο·

1036 278 1082 304 καὶ
1096 278 1165 313 μετὰ
1179 277 1259 304 τοῦτό
1271 287 1302 313 γε
1314 279 1432 314 παντελῆ
1442 279 1490 316 τὴν
1503 280 1639 315 ἀποϐολὴν
1649 281 1821 317 ὑπομένοιεν,

1036 323 1186 358 παραθέσει
1197 324 1251 351 τῶν
1266 332 1295 350 τε
1310 325 1464 360 ἁπανταχοῦ
1479 326 1528 361 γῆς
1539 325 1624 353 ὄντων
1639 327 1723 354 ὲθνῶν
1738 336 1822 363 προσ-

1038 367 1108 396 ιέναι
1121 370 1154 404 τῇ
1176 369 1226 405 τῆς
1251 369 1392 402 εὐσεϐείας
1422 370 1572 406 μελλόντων
1598 371 1758 407 διδασκαλίᾳ
1773 381 1780 388 δ
1798 374 1822 399 εἰ

1035 414 1090 449 γὰρ
1103 416 1117 441 ό
1138 415 1272 450 μακάριος
1294 415 1400 449 Παῦλος
1416 416 1543 453 ὀδύρεται
1570 418 1659 445 αὐτῶν
1675 418 1821 454 ἀποὸολὴν,

1036 460 1084 487 καὶ
1098 460 1147 490 τὴν
1162 462 1280 496 ἐσχάτην
1294 461 1397 495 ἔφασκε
1411 463 1547 498 τιμωρίαν
1561 463 1709 499 ὑπομενεῖν
1726 464 1822 500 ἡδέως,

1036 506 1107 533 ὣστε
1122 506 1233 538 τούτους
1252 507 1320 542 πρὸς
1333 507 1363 533 τὸ
1373 507 1433 534 δέον
1450 508 1562 540 ἰδόντας.
1578 508 1615 544 μὴ
1626 509 1675 544 τὴν
1689 509 1823 544 τοσαύτην

1036 552 1079 578 ἐπ’
1102 552 1193 583 αὐτοῖς
1220 553 1404 588 γεγενημένην
1423 553 1580 589 ἐπιμέλειαν
1595 554 1671 589 παρὰ
1687 554 1734 581 τοῦ
1754 555 1822 581 Θεοῦ

1036 597 1166 632 περιττὴν
1188 597 1358 633 ἀποφῆναι-ι
1380 598 1520 634 Ἀλήθειαν
1543 600 1597 635 γὰρ
1621 601 1690 634 λέγω
1710 602 1739 628 ὲν
1756 602 1822 637 Χρι-

1038 642 1102 677 στῷ,
1120 643 1150 669 οὐ
1177 643 1319 679 ψεύδομαι,
1337 647 1585 682 συμμαρτυροὺσης
1606 655 1650 681 μοι
1664 646 1714 681 τῆς
1735 656 1821 673 συνει-

1036 688 1138 724 δήσεώς
1155 698 1206 724 μου
1231 691 1260 716 ὲν
1287 690 1424 726 Πνεύματι
1441 691 1521 727 ἁγίῳ,
1534 692 1574 719 ὅτι
1599 692 1671 728 λύπη
1697 701 1741 728 μοι
1765 693 1823 720 ἐστὶ

1039 735 1144 770 μεγάλη
1159 736 1205 762 καὶ
1220 736 1390 769 ἀδιάλειπτος
1405 737 1483 773 ὀδύνη
1500 739 1533 773 τῇ
1545 738 1642 774 καρδίᾳ
1659 747 1709 773 μου
1722 745 1728 752 ·
1742 739 1823 774 ηὐχό-

1039 789 1092 816 μην
1101 781 1154 817 γὰρ
1170 782 1294 818 ἀνάθεμα
1310 780 1379 810 εἶναι
1402 783 1482 816 αὐτὸς
1501 784 1556 817 ἐγὼ
1570 784 1624 810 ἀπὸ
1642 784 1689 811 τοῦ
1705 784 1821 820 Χριστοῦ

1038 825 1107 860 ὑπὲρ
1115 826 1168 852 τῶν
1178 827 1300 861 ἀδελφῶν
1309 836 1359 862 μου
1370 828 1424 855 τῶν
1433 828 1571 863 συγγενῶν
1584 838 1634 864 μου
1643 829 1713 856 κατὰ
1722 831 1821 865 σάρκα,

1036 870 1133 902 οἵτινές
1146 871 1214 898 εἰσιν
1237 873 1400 909 Ἰσραηλῖται
1416 881 1422 887 ·
1442 871 1480 901 ὧν
1501 875 1517 909 ἡ
1531 874 1650 901 υἱοθεσία
1666 875 1713 902 καὶ
1726 876 1743 910 ή
1760 875 1823 908 δόξα

1037 916 1083 942 καὶ
1095 916 1112 951 ἡ
1127 916 1243 953 διαθήκη
1258 920 1305 945 καὶ
1319 920 1335 955 ἠ
1348 921 1493 956 νομοθεσία
1508 922 1554 949 καὶ
1566 923 1583 958 ἡ
1603 922 1715 958 λατρεία
1731 924 1778 950 καὶ
1793 924 1822 950 σί

1037 962 1214 997 ἐπαγγελίαν
1227 962 1265 992 ὧν
1281 966 1306 992 οί
1325 967 1453 1003 πατέρες,
1469 968 1516 995 καὶ
1531 968 1561 1001 ἐξ
1575 966 1612 996 ὧν
1625 970 1639 995 ό
1662 970 1775 1005 Χριστὸς
1792 970 1823 995 τὸ

1036 1008 1108 1035 κατὰ
1129 1009 1234 1045 σάρκα,
1247 1012 1262 1038 ὁ
1277 1011 1314 1038 ὣν
1335 1013 1381 1039 ἐπὶ
1408 1013 1517 1041 πάντων
1541 1014 1606 1046 Θεὸς
1622 1014 1767 1050 εὐλογητὸς
1782 1017 1822 1047 εἰς
1877 1008 1879 1010 ’

1036 1054 1099 1085 τοὺς
1111 1054 1316 1092 αἱῶνας,ὰμήν·
1335 1067 1345 1084 ›
1364 1059 1423 1091 πῶς
1440 1060 1470 1086 οὐ
1494 1061 1627 1096 πρόδηλον
1643 1063 1684 1088 ὅτι
1703 1061 1751 1096 τὴν
1774 1062 1822 1088 αὑ-

1037 1098 1087 1134 τὴν
1106 1099 1212 1135 ἔχοντες
1226 1103 1273 1129 καὶ
1289 1103 1312 1130 οι
1337 1105 1475 1140 προφῆται
1496 1107 1618 1142 γνώμην,
1637 1107 1772 1143 ὠδύροντό
1793 1117 1823 1135 τι

1037 1145 1083 1190 επὶ
1095 1145 1199 1179 τούτοις
1211 1149 1258 1176 καί¹
1269 1149 1399 1186 ἐθρήνουν
1407 1171 1415 1181 .
1440 1153 1495 1179 εἴτε
1513 1153 1568 1180 τῶν
1577 1154 1638 1181 τότε
1656 1154 1824 1190 γιγνομένων

1037 1189 1140 1224 ἕνεκεν,
1155 1193 1209 1220 εἴτε
1226 1194 1273 1222 καὶ
1285 1195 1339 1222 τῶν
1354 1197 1529 1233 μηνυομένων
1543 1198 1652 1226 ἔσεσθαι
1668 1189 1790 1236 ὕστερον.

1037 1236 1095 1265 sive
1110 1239 1146 1266 ob
1161 1248 1194 1267 ea
1213 1248 1273 1276 quae
1288 1248 1445 1276 evenerant,
1471 1245 1528 1272 sive
1542 1245 1577 1272 ob
1592 1253 1623 1274 ea
1637 1254 1697 1281 quae
1711 1251 1822 1282 porten-

1076 1327 1163 1364 Ὑπὲρ
1179 1329 1233 1365 γὰρ
1254 1330 1348 1358 τούτου
1372 1333 1419 1359 καὶ
1440 1333 1489 1369 τὴν
1503 1333 1591 1368 φυγὴν
1602 1335 1616 1361 ό
1630 1335 1772 1370 προφήτης
1784 1335 1823 1363 εἴ-

1036 1373 1107 1406 λετο,
1122 1375 1243 1411 οἰόμενος
1254 1375 1446 1411 διαφεύξεσθαὶ
1459 1387 1486 1405 τε
1497 1379 1546 1414 τὴν
1558 1379 1625 1414 πρὸς
1640 1380 1702 1411 τοὺς
1717 1381 1823 1408 Νινευῖ-

1036 1427 1085 1451 τας
1100 1420 1224 1455 μήνυσιν,
1241 1421 1287 1448 καὶ
1307 1422 1438 1449 κωλύσειν
1459 1423 1493 1449 τὰ
1507 1424 1630 1451 ἐντεῦθεν
1643 1425 1768 1460 ἐσόμενα,
1782 1427 1821 1462 (p.

1037 1464 1101 1501 259)
1118 1466 1164 1501 ἀφ’
1179 1463 1216 1492 ὧν
1226 1466 1258 1502 δὴ
1275 1467 1368 1502 σαφῶς
1388 1469 1404 1503 ή
1419 1468 1472 1495 τῶν
1496 1469 1631 1497 Ἰουδαίων
1652 1471 1824 1499 ἐπεδείκνυτο

1039 1513 1122 1539 κακία
1134 1521 1140 1527 ·
1154 1513 1262 1549 ἐλεγχος
1276 1514 1304 1541 δὲ
1322 1515 1376 1542 τῶν
1394 1516 1545 1552 εἰρημένων
1563 1517 1598 1544 τὰ
1621 1518 1690 1553 μετὰ
1713 1519 1798 1546 ταῦτα
1815 1527 1820 1534 ·

1038 1558 1243 1598 Νινευῗταιγὰρ
1260 1561 1284 1586 οι
1301 1560 1369 1595 μετὰ
1382 1560 1514 1594 τοσαύτης
1532 1562 1704 1597 ἑτοιμότητος
1717 1563 1765 1598 τὴν
1777 1564 1823 1590 ἐπὶ

1037 1604 1068 1631 τὸ
1082 1606 1205 1641 κρεῖττον
1224 1603 1373 1641 δεξάμενοι¹
1383 1606 1543 1642 μεταϐολὴν,
1562 1608 1779 1644 ἐπεστράτευσαν
1793 1618 1822 1635 τε

1039 1651 1098 1685 μετ’
1110 1651 1141 1677 οὐ
1158 1651 1224 1677 πολὺ
1241 1653 1297 1683 τοῖς
1319 1652 1509 1688 Ἰσραηλίταις,
1518 1653 1565 1680 καὶ
1581 1654 1644 1686 τοὺς
1655 1654 1764 1687 λοιποὺς
1782 1657 1824 1682 αἱ-

1037 1696 1195 1731 χμαλώτους
1220 1697 1356 1730 λαϐόντες,
1377 1698 1506 1734 πλείστην
1520 1699 1598 1735 ἔσχον
1622 1700 1669 1727 καὶ
1686 1700 1719 1727 τὰ
1739 1701 1821 1737 Ἱερο-

1038 1741 1141 1777 σόλυμα
1163 1742 1297 1778 πορθῆσαι
1323 1744 1455 1779 σπουδήν
1473 1744 1543 1780 ὑπὲρ
1559 1743 1596 1771 ὧν
1621 1745 1653 1780 δὴ
1670 1745 1717 1772 καὶ
1737 1754 1823 1780 τιμω-

1038 1788 1098 1822 ρίαν
1123 1787 1246 1820 ὲδέεαντο
1262 1790 1337 1825 παρὰ
1347 1789 1394 1816 τοῦ
1423 1790 1490 1816 Θεοῦ
1506 1790 1653 1826 μεγίστην.
1669 1791 1703 1826 ἢν
1725 1791 1823 1826 Ναοϋμ

1035 1834 1050 1860 ὁ
1075 1835 1217 1869 προφήτης
1239 1834 1404 1870 μεμηνυκὼς
1427 1835 1619 1862 καταλέλοιπεν
1639 1837 1668 1862 ὲν
1688 1835 1798 1870 βιϐλίοις
1814 1844 1821 1852 ·

1035 1878 1106 1907 ὥστε
1130 1880 1179 1916 τὴν
1201 1880 1251 1915 μὲν
1274 1880 1321 1906 τοῦ
1345 1881 1422 1908 Ἰωνᾶ
1443 1882 1631 1918 προφητείαν,
1645 1883 1693 1909 καὶ
1711 1883 1745 1908 τὰ
1762 1882 1822 1910 τότά

1036 1926 1101 1960 περὶ
1126 1927 1190 1958 τοὺς
1212 1927 1358 1960 Νινευΐτας
1384 1928 1523 1962 γεγονότα,
1547 1929 1660 1964 μήνυσιν
1679 1929 1728 1963 τῆς
1748 1928 1823 1960 θείας

1034 1971 1145 2007 χάριτος
1160 1970 1239 2004 εἶναι,
1253 1973 1313 2000 καθ’
1324 1973 1358 2008 ἢν
1372 1973 1443 2000 οὕτω
1456 1974 1549 2009 ῥᾳδίαν
1561 1974 1610 2010 τὴν
1622 1974 1668 2001 ὲπὶ
1683 1974 1713 2000 τὸ
1732 1976 1823 2010 κρεῖτ-

1034 2026 1080 2044 τον
1100 2018 1250 2054 μεταϐολὴν
1271 2019 1394 2052 ἐδέξαντο
1417 2020 1533 2052 πάντες·
1555 2021 1604 2055 τὴν
1618 2021 1646 2047 δὲ
1663 2020 1709 2047 τοῦ
1725 2021 1822 2055 Ναοὺμ

1034 2064 1148 2096 δήλωσιν
1176 2065 1249 2100 ἔχειν
1275 2066 1324 2101 τῆς
1342 2066 1432 2093 αὐτῶν
1448 2067 1560 2093 ἐκείνων
1586 2067 1753 2102 μοχθηρίας,
1774 2064 1821 2101 ἀφ’

1033 2107 1067 2147 ἧς
1078 2112 1300 2148 ἐπικεχειρήκασι
1310 2122 1341 2139 τε
1354 2113 1491 2145 τοσούτοις
1505 2115 1611 2146 κακοῖς,
1628 2114 1674 2140 καὶ
1685 2113 1822 2150 τιμωρίαν

197 2158 345 2186 nivitarum
362 2158 575 2193 improbitatem,
588 2159 667 2191 cuius
682 2157 811 2184 instinctu
824 2161 897 2183 tanta
912 2155 983 2182 mala

1038 2158 1106 2194 ὑπὲρ
1126 2159 1251 2186 ἁπάντων
1276 2159 1398 2192 ἐδέξαντο
1414 2160 1462 2195 τὴν
1488 2159 1566 2192 ἀξίαν
1581 2169 1589 2176 ·
1605 2160 1654 2187 καὶ
1670 2159 1756 2186 ταῦτα
1772 2160 1821 2195 μὲν

184 2202 417 2240 τερρεεὶνοτιιηι,
432 2204 575 2239 iustasque
585 2204 693 2231 demum
709 2203 843 2231 scelerum
862 2201 984 2229 omnium

197 2258 294 2286 pcenas
311 2251 510 2278 sustinuerunt.
533 2249 621 2284 Atque
638 2250 705 2281 haec,
726 2257 786 2284 qua:
811 2248 891 2276 beato
909 2247 986 2275 Jona’.

198 2297 263 2324 olim
277 2296 446 2328 acciderunt.
464 2297 505 2323 vel
524 2296 559 2323 de
569 2295 664 2322 eodem
688 2295 761 2322 dicta
782 2298 856 2324 sunt.
876 2301 921 2326 ea.
939 2294 983 2320 in-

197 2348 291 2375 quam.
305 2341 396 2368 omnia
405 2341 433 2368 in
442 2339 517 2367 Novo
528 2344 620 2375 pastea
636 2341 812 2366 Testamento
822 2339 984 2372 instaurata,

198 2386 280 2414 sicuti
295 2387 353 2420 jam
381 2385 450 2418 dixi,
475 2385 537 2420 jure
554 2385 708 2420 meritoque
732 2385 828 2413 videre
851 2389 903 2412 est.
930 2385 986 2420 Age

199 2440 265 2460 vero
282 2440 328 2460 res
344 2432 418 2465 illas,
437 2439 498 2467 qua:
512 2437 577 2459 tunc
591 2435 675 2466 gestae
686 2431 831 2466 libelloque
846 2438 986 2458 commen-

199 2479 269 2505 data:
284 2478 406 2511 fuerunt,
423 2481 450 2506 et
464 2486 524 2513 qua:
541 2478 567 2505 ei
586 2477 701 2512 tempori
717 2477 864 2512 plurimum
881 2477 986 2505 emolu-

200 2528 319 2551 mentum
338 2528 419 2559 atque
436 2532 515 2552 usum
532 2523 728 2556 exhibuerunt,
753 2530 785 2551 ex
802 2523 905 2550 eisdem
927 2522 985 2550 sin-

200 2570 316 2604 gillatim
343 2577 550 2604 cognoscemus.
574 2576 691 2604 quarum
706 2569 763 2604 jam
784 2568 986 2604 interpretatio-

199 2622 260 2641 nem
278 2613 333 2641 Deo
349 2615 461 2649 auspice
477 2613 679 2649 aggrediemur.

533 2659 610 2687 CAP.
632 2659 652 2687 Ι.

237 2704 317 2740 158
331 2703 413 2732 Vens.
440 2705 464 2732 Ι.
482 2707 509 2732 2.
527 2720 562 2725 —
589 2715 599 2731 ι
624 2705 657 2732 Et
680 2704 781 2733 factum
805 2710 848 2734 est
873 2705 986 2733 verbum

201 2750 306 2777 Domini
327 2751 360 2777 ad
377 2750 472 2778 Jonam
489 2752 598 2778 Amathi
615 2751 700 2779 tilium
717 2751 813 2779 dicens
829 2761 837 2778 :
855 2750 941 2787 Surge
960 2755 987 2778 et

199 2797 268 2824 vade
284 2796 398 2824 Niniven
410 2798 435 2824 in
448 2798 542 2824 urbem
559 2805 697 2834 magnam,
708 2801 791 2832 atque
806 2798 840 2825 ibi
856 2798 987 2833 pmdica-

235 2854 258 2871 "
272 2853 350 2882 Rom.
368 2862 406 2888 ιι,
422 2856 430 2882 l
451 2862 511 2889 sqq.

1038 2203 1068 2236 ἐξ
1080 2204 1206 2231 ἁπάντων
1224 2205 1278 2231 τὼν
1297 2205 1361 2241 περὶ
1382 2205 1427 2232 τὸν
1453 2206 1587 2241 μακάριον
1610 2206 1701 2232 Ίωνᾶν
1715 2206 1823 2240 γεγονό-

1036 2257 1091 2276 των
1116 2257 1145 2276 τε
1171 2249 1303 2285 πρότερον
1325 2249 1372 2276 καὶ
1392 2249 1555 2286 εἰρημένων,
1571 2250 1683 2286 ὕστερον
1699 2250 1745 2276 ἐπὶ
1773 2249 1823 2284 τῆς

1037 2295 1141 2330 Καινῆς
1157 2295 1305 2330 Διαθήκης,
1314 2295 1385 2322 καθὰ
1401 2295 1517 2331 πρόσθεν
1530 2295 1696 2331 ἐδείκνυμεν,
1712 2295 1823 2326 εἰκότως

1036 2341 1113 2376 γνοίη
1127 2349 1170 2373 τις
1185 2341 1235 2368 ἄν·
1249 2341 1284 2368 τὰ
1299 2341 1329 2368 δέ
1342 2350 1373 2376 γε
1385 2342 1444 2368 τότε
1456 2342 1587 2376 γεγονότα
1603 2350 1633 2368 τε
1649 2342 1696 2368 καὶ
1712 2340 1756 2368 διὰ
1773 2341 1823 2375 τῆς

1036 2385 1083 2413 τοῦ
1108 2386 1209 2421 βιϐλίου
1230 2386 1381 2422 δηλούμενα
1408 2387 1582 2422 συγγραφῆς,
1601 2387 1619 2413 ἃ.
1638 2387 1669 2421 δὴ
1688 2386 1736 2413 καὶ
1754 2386 1824 2412 κατὰ.

1036 2431 1083 2458 τὸν
1097 2431 1192 2468 καιρὸν
1216 2433 1318 2459 ἐκεῖνον
1335 2432 1467 2468 μεγίστην
1490 2434 1546 2463 τοῖς
1564 2432 1624 2458 τότε
1636 2432 1685 2466 τήν
1702 2439 1731 2457 τε
1750 2430 1823 2464 ὠφέ-

1037 2477 1113 2504 λειαν
1128 2477 1279 2514 παρέσχετο
1295 2479 1342 2505 καὶ
1358 2478 1463 2514 χρείαν,
1479 2478 1508 2511 ἐξ
1523 2478 1612 2505 αὐτῶν
1624 2477 1754 2513 εἰσόμεθα
1768 2476 1823 2503 τῶν

1037 2524 1109 2551 κατὰ
1123 2525 1216 2559 μέρος,
1226 2521 1318 2561 ὦνπερ
1328 2522 1374 2551 οὖν
1386 2524 1432 2551 καὶ
1450 2523 1594 2559 ἑρμηνείας
1615 2523 1738 2558 ἁψόμεθα
1755 2521 1823 2550 Θεοῦ

1038 2571 1165 2602 διδόντος.

1365 2659 1443 2686 ΚΕΦ.
1461 2659 1499 2686 A’.

1074 2704 1148 2740 Στίχ.
1160 2708 1193 2737 α’,
1208 2705 1278 2740 (5'.—
1292 2705 1329 2741 (ρ.
1345 2705 1409 2741 240)
1424 2715 1432 2730 ι
1445 2705 1498 2731 Καὶ
1509 2704 1616 2738 ἐγένετο
1631 2703 1708 2737 λόγος
1721 2703 1823 2738 Κυρίου
1861 2699 1867 2705 ”

1039 2750 1107 2786 πρὸς
1128 2750 1219 2778 Ἰωνᾶν
1235 2751 1280 2777 τὸν
1299 2751 1346 2778 τοῦ
1370 2749 1466 2786 Ἀμαθὶ
1482 2750 1585 2784 λέγων·
1609 2748 1754 2784 Ἀνάστηθι
1778 2749 1825 2775 καὶ

1040 2796 1186 2833 πορεύθητι
1210 2797 1249 2830 είς
1275 2796 1375 2830 Νινευὴ
1403 2795 1452 2831 τὴν
1468 2795 1544 2823 πόλιν
1559 2795 1609 2830 τὴν
1632 2795 1762 2831 μεγάλτιν.
1778 2795 1826 2822 καὶ
