1981 3073
154 106 209 134 329

681 108 955 137 COMMENTARIUS
974 109 1007 137 IN
1026 110 1123 139 ΙΟΝᾹΞ
1143 111 1219 139 CAP.
1233 111 1252 140 I.

1730 115 1782 144 διο

157 165 276 201 κήρυξον
289 166 319 192 ὲν
335 165 415 200 αὐτῇ,
423 166 462 192 ὅτι
473 166 554 201 ἀνέὗη
572 166 680 201 κραυγὴ
691 167 742 202 τῆς
753 167 853 199 κακίας
861 168 946 195 αὑτῶ·¹

1002 176 1045 202 ca,
1060 170 1132 204 quod
1148 170 1208 204 ejus
1222 170 1356 197 scelerum
1374 171 1477 198 clamor
1494 171 1528 199 ad
1546 179 1589 199 me
1611 179 1697 207 lisque
1715 180 1782 200 con-

157 211 226 246 πρός
244 219 287 245 με.
315 221 324 237 ι
346 212 527 246 Ἀποχάλυψιν
546 212 621 238 θείαν
640 212 759 245 ἐδέξατο,
781 214 873 248 φησὶν,
892 214 949 240 ’ἰω-

157 257 208 288 νᾶς
223 257 237 283 ὁ
256 257 401 292 προφήτης
424 258 464 288 εὶς
479 257 580 292 Νινευή
603 257 654 292 τὴν
672 258 748 284 πόλιν
771 259 898 285 ἀπελθεῖν
917 268 947 286 τε

156 303 205 329 καὶ
221 301 340 337 κηρύξαι
357 303 385 328 ὲν
399 302 484 337 αὐτῇ,
497 302 534 334 ὡς
557 303 663 338 μεγάλα
686 311 717 337 γε
739 303 829 330 αὐτῶν
858 313 947 339 παρα-

156 348 323 383 νομούντων,
337 348 384 374 καὶ
403 348 515 375 τοιαῦτα
530 346 573 375 οἶα
598 349 678 375 ἱκανὰ
701 349 740 384 τῷ
757 349 866 384 μεγέθει
880 358 947 384 συγ-

141 398 143 403 '
156 393 268 428 κινῆσαι
283 393 328 419 τὸν
345 393 411 419 Θεόν
421 401 427 407 ·
447 393 577 428 μεγίστην
593 393 621 419 δὲ
642 393 712 427 ἄγαν
731 391 812 420 οὖσαν
834 393 883 429 τὴν
897 395 946 420 πό-

156 437 199 464 λιν
214 438 262 463 καὶ
275 437 327 464 ὑπὸ
351 437 469 472 πλήθους
493 438 760 473 στενοχωρουμένην.
779 439 826 465 καὶ
847 439 902 465 τῶν
918 440 948 466 ἐν

164 483 317 519 Ἀσσυρίοις
327 483 440 509 ἀπασῶν
451 483 510 510 τότε
522 492 553 510 πε
559 485 753 520 ριφανεστέραν
761 482 853 515 οὖσαν,
866 485 948 520 ἀναγ-

155 531 235 556 καῖον
249 527 283 565 ἦν
297 530 326 562 ἐξ
340 530 424 564 ἀκοῆς
442 531 497 561 τοῖς
514 530 585 556 κατὰ
599 531 649 565 τὴν
665 530 791 557 Ἰουδαίαν
802 531 945 565 ἐγνῶσθαι·

156 574 219 601 ὅθεν
232 574 264 609 δή
275 575 321 600 καὶ
334 574 372 605 ὡς
387 575 432 600 ἐπὶ
446 575 587 610 γνωρίμην
596 575 678 601 αὑτὸν
688 575 846 602 ἀποστέλλει
858 576 945 607 πόλιν,

153 620 196 652 ὡς
218 621 268 647 οὐκ
282 619 342 654 ὄψει
361 628 392 654 γε
413 620 470 646 ἀλλ’
487 621 556 655 ἀκοῇ
577 620 658 656 μόνον
684 621 769 657 αὐτὴν
786 622 886 649 εἰδότα·
904 624 947 649 ὲν-

156 667 246 693 ταῦθα
261 669 310 702 μὲν
322 665 369 694 οὖν
391 667 470 693 τοῦτο
486 667 564 702 μόνον
582 668 674 703 φησὶν,
693 669 733 695 ὅτι
750 678 760 694 ι
777 669 900 704 Κήρυξον
918 669 947 695 ἐν

156 713 229 748 αὐτῇ
238 722 244 729 α
265 723 274 738 ι
287 713 365 748 δῆλον
378 713 406 740 δὲ
420 713 458 745 ὡς
472 713 518 739 ἐπὶ
541 714 627 749 τούτῳ
642 722 673 748 γε
689 714 840 750 ἐπέμπετο,
849 716 894 741 ἐπὶ
908 715 947 750 τῷ

157 760 206 786 καὶ
221 759 268 795 τήν
282 760 472 795 καταστροφὴν
492 760 638 794 ἀπειλῆσαι
663 762 695 795 τῇ
714 761 806 793 πόλει,
828 763 873 788 καὶ
888 770 946 788 νου-

157 805 272 839 θετῆσαι
297 806 361 837 τοὺς
385 805 525 837 οἰκοῦντας
550 807 671 839 ἅπαντας
706 807 773 842 πρὸς
803 808 946 842 μετάνοιαν

998 214 1146 241 scenderit.
1165 224 1174 240 ι
1192 213 1350 246 Oraculum,
1366 215 1467 250 inquit,
1483 217 1605 244 divinum
1619 215 1704 245 Jonas
1719 226 1783 254 pro-

996 259 1077 294 pheta
1096 260 1212 294 accepit,
1230 263 1260 287 ut
1276 261 1364 288 abiret
1386 261 1415 288 in
1434 263 1526 290 urbem
1548 263 1675 296 Niniven,
1691 265 1785 300 ibique

997 305 1178 339 praedicaret;
1197 305 1277 339 cujus
1293 305 1367 333 cives
1385 310 1526 342 tantopere
1543 313 1653 343 tamque
1664 310 1784 344 graviter

998 349 1157 384 peccabant,
1177 354 1206 376 ut
1229 349 1277 377 Dei
1296 351 1466 378 iracundiam
1489 354 1697 381 commoverim.
1722 354 1783 382 Jam

998 403 1059 421 cum
1078 395 1124 421 illa
1141 395 1206 423 urbs
1228 395 1346 422 maxima
1361 401 1434 424 esset
1450 400 1478 424 et
1497 398 1597 432 populo
1612 399 1784 427 confertissi-

997 449 1052 474 ma,
1065 446 1148 476 atque
1161 443 1371 478 Assyriacarum
1388 444 1510 470 omnium
1526 444 1722 478 illustrissima,
1736 453 1784 473 ne-

997 495 1074 515 cesse
1088 493 1147 515 erat
1164 496 1223 515 eam
1239 488 1311 516 fama
1328 488 1430 517 Judzeis
1448 490 1602 518 innotuisse
1623 500 1630 518 :
1654 500 1740 527 quare
1756 496 1783 520 et

997 532 1069 560 Deus
1088 534 1248 568 prophetam
1264 534 1349 561 veluti
1366 535 1399 562 ad
1417 536 1556 570 cognitam
1575 536 1669 563 urbem
1689 537 1782 571 mittit,

997 579 1069 606 haud
1090 579 1149 606 visu
1170 584 1261 607 tamen
1279 581 1327 607 sed
1350 581 1444 608 auditu
1466 583 1656 610 tantummodo
1679 588 1782 611 notam.

998 622 1046 649 Hic
1060 627 1149 650 autem
1163 632 1247 650 unum
1267 625 1316 652 hoc
1333 625 1411 657 dicit,
1433 633 1530 661 nempe
1548 630 1576 653 ut
1593 627 1618 654 in
1636 635 1667 654 ea
1683 628 1783 662 praedi-

996 670 1050 693 cet.
1069 667 1151 701 Atqui
1173 667 1284 702 insuper
1301 673 1409 696 constat
1425 670 1539 697 missum
1559 678 1621 698 eum
1646 671 1731 699 fuisse
1750 672 1784 699 ad

998 712 1178 740 miuitandum
1206 722 1316 749 quoque
1339 715 1398 742 urbi
1414 716 1562 748 excidium,
1581 717 1783 744 admonendos—

997 765 1050 791 que
1077 758 1183 786 incolas
1202 766 1308 791 onmes,
1336 764 1367 787 ut
1390 761 1423 788 de
1438 762 1598 797 pmnitentia
1621 763 1782 798 cogitarent,

997 811 1046 830 I-cu
1066 804 1088 831 si
1109 804 1161 831 hoc
1175 810 1255 839 pacto
1272 806 1349 834 urbis
1364 808 1533 834 eversionem
1555 808 1664 835 vitaturi
1681 814 1783 836 essent.

159 850 236 877 ἰδεῖν,
248 851 286 882 ὡς
300 850 371 877 οὓτω
383 859 414 884 γε
434 850 630 886 κερδανοῦντας
646 852 695 887 τῆς
717 852 822 884 πόλεως
834 853 882 886 τὴν
898 861 946 879 κα-

1000 850 1095 877 Solent
1110 851 1183 877 enim
1200 851 1300 878 divime
1316 851 1464 887 Scripturte
1478 853 1562 880 multa
1579 854 1727 889 congestim
1743 854 1784 881 di-

158 898 315 932 ταστροφήν
326 905 333 912 ·
345 897 393 932 τῆς
410 896 484 928 θείας
507 898 617 932 Γραφῆς
634 898 668 924 τὰ
683 898 769 925 πολλὰ
791 899 948 934 συντέμνειν

157 943 296 974 εἰωθυίας,
306 943 343 968 ὅτ’
355 943 387 969 ἂν
399 944 456 973 τοῖς
466 942 681 977 ἀναγινώσκουσι
692 943 725 970 τὰ
739 944 872 972 ἀκόλουθα
887 945 948 971 συλ-

158 988 313 1021 λογίζεσθαι
328 988 439 1014 δυνατὸν
450 989 558 1025 ὑπάρχῃ
569 998 575 1004 ·
585 989 646 1015 οὔτε
657 990 710 1024 γὰρ
723 990 814 1025 ἐπειδὴ
832 990 947 1017 ἐνταῦθα

159 1030 230 1064 εἷπε,
247 1042 256 1058 ι
275 1032 400 1068 Κήρυξον
419 1033 447 1058 ὲν
466 1033 546 1067 αὐτῇ,
563 1043 572 1058 ι
591 1033 733 1060 ἀπέστειλε
748 1035 792 1060 τὸν
806 1036 947 1071 προφήτην

158 1078 238 1104 τοῦτο
257 1079 336 1112 μόνον
365 1077 451 1104 εἰπὼν
465 1078 479 1103 ὁ
497 1077 571 1108 Θεὸς,
594 1078 630 1112 (p.
649 1078 709 1112 ‘2“)
725 1079 772 1105 καὶ
795 1079 825 1105 οὐ
840 1079 948 1112 διδάξας

157 1124 176 1150 ὃ
189 1132 216 1149 τι
236 1123 299 1149 ποτὲ
323 1122 440 1158 κηρύξαι
462 1122 599 1157 προσῆκον
620 1120 654 1157 ἦν
679 1123 773 1149 αὐτόν·
792 1123 898 1150 οῡθ“ὅτ“
914 1124 947 1150 ἂν

158 1168 239 1203 λέγῃ,
257 1177 266 1193 ι
285 1167 344 1194 Ἔτι
360 1168 434 1202 τρεῖς
454 1166 566 1201 ἡμέραι,
588 1168 635 1193 καὶ
652 1167 751 1202 Νινευὴ
767 1169 947 1203 κατασκαφὴ-

161 1223 252 1244 σεται,
270 1224 279 1239 ι
297 1214 384 1239 ἐκεῖνο
401 1213 479 1248 μόνον
495 1214 582 1239 εἰπεῖν
594 1214 608 1239 ὁ
628 1214 770 1248 προφήτης
790 1213 946 1249 ἐκελεύσθη,

159 1261 217 1288 ἀλλ’
229 1260 299 1286 ὥστε
309 1261 341 1294 τῇ
356 1259 470 1294 μηνύσει
483 1259 533 1293 τῆς
545 1260 735 1295 καταστροφῆς
748 1260 884 1294 βελτίονας
899 1261 947 1287 αὑ-

158 1307 222 1337 τοὺς
248 1305 457 1340 ἀπεργάσασθαι
475 1313 482 1320 ·
503 1305 598 1332 ἐλπίδα
612 1305 744 1337 λαῧόντας
755 1305 813 1337 τοῦ,
829 1307 852 1332 εἰ
865 1314 948 1341 μετα-

131 1373 134 1375 .
159 1351 313 1387 μεληθεῖεν,
332 1351 458 1386 κερδᾶναι
472 1351 520 1385 τὴν
541 1350 655 1385 ἀπειλήν
666 1359 672 1366 ·
688 1351 749 1377 ἐπεὶ
763 1351 810 1377 καὶ
820 1352 947 1387 περιττὸν

155 1397 193 1434 ἦν
206 1399 330 1426 ἀπειλεῖν
350 1399 400 1434 τὴν
421 1398 624 1434 καταστροφὴν,
640 1399 664 1425 εἰ
687 1398 813 1433 γενέσθαι
837 1399 947 1432 πάντως

157 1445 244 1480 αὐτὴν
256 1444 349 1480 ἐχρῆν,
361 1444 439 1470 οὐθὲν
448 1444 497 1479 τῆς
514 1443 630 1479 ἀπειλῆς
654 1444 758 1480 κέρδος·
778 1444 849 1472 ὥστε
865 1445 881 1482 ἦ
899 1454 947 1480 με-

157 1491 358 1525 ταὸαλομένους
380 1490 448 1525 γοῦν
476 1490 603 1526 κερδᾶναι
624 1491 674 1526 τὴν
697 1491 847 1527 τιμωρίαν,
868 1492 884 1527 ἢ
909 1491 946 1527 μὴ

159 1537 388 1572 μεταϐαλομένοις
403 1537 513 1568 δικαίως
523 1537 606 1572 αὐτὴν
618 1537 782 1572 ἐπαχθεῖσαν
794 1538 868 1573 παρὰ
879 1538 945 1564 Θεοῦ

159 1586 192 1611 ὲκ
203 1584 251 1618 τῆς
266 1582 355 1609 αὐτῶν
369 1582 523 1609 δείκνυσθαι
540 1582 649 1613 κακίας.

195 1629 268 1664 Στίχ.
294 1631 329 1662 γ’.
354 1643 389 1648 ——
412 1627 504 1654 Ταῦτα
527 1627 554 1653 δὲ
583 1627 628 1654 καὶ
650 1628 664 1653 ό
690 1628 832 1663 προφήτης
859 1627 946 1658 εἰδὼς,

158 1675 297 1709 θαρσεῖς.
321 1674 420 1709 φησὶν,
440 1674 552 1708 ἔφυγεν
573 1673 607 1699 ὲκ
631 1673 793 1706 προσώπου
815 1673 946 1706 Κυρίου·

158 1721 211 1747 οὐκ
225 1720 257 1747 ἄν
271 1729 303 1754 γε
317 1720 396 1746 τοῦτο
411 1718 567 1754 πεποιηκὼς
584 1720 607 1745 εἰ
620 1718 668 1753 τὴν
683 1718 872 1754 καταστροφὴν
887 1719 948 1744 ἐσο-

160 1765 246 1800 μένην
263 1765 370 1796 πάντως
382 1764 526 1800 ἠπίστατο.
543 1764 589 1790 καὶ
602 1763 648 1790 επὶ
662 1763 748 1798 τούτῳ
763 1772 794 1798 γε
814 1763 949 1790 ἀπεστάλ-

159 1811 216 1842 θαι,
229 1811 267 1842 ὡς
279 1810 311 1837 ἂν
326 1810 469 1845 μηνύσειεν
487 1809 566 1845 μόνον
581 1809 708 1843 ἐσόμενον
728 1809 759 1834 τὸ
772 1807 883 1835 τοσοῦτο
898 1817 950 1834 κα-

159 1858 218 1890 κδν,
236 1857 343 1888 οὐθενὸς
366 1857 494 1891 ἐσομένου
516 1855 642 1888 καθάπαξ
666 1855 799 1890 βελτίονος
813 1854 948 1882 ἐντεῦθεν.

160 1904 277 1939 Θαρσεῖς
290 1903 319 1929 δὲ
334 1903 358 1929 οἱ
368 1903 422 1938 »μὲν
437 1902 542 1936 ἔφασαν
554 1901 683 1935 λέγεσθαί
697 1901 747 1936 τὴν
761 1900 877 1936 Ταρσὸν,
894 1899 950 1926 ἀπὸ

160 1949 211 1982 τῆς
223 1946 293 1973 κατά
306 1947 354 1981 τήν
367 1946 519 1981 ὲκφωνησιν
528 1947 687 1980 ὲγγυτητος,
697 1945 735 1976 ὡς
749 1946 830 1977 Bome,
843 1946 944 1980 πλανη-

159 1993 263 2025 θέντες,
286 1991 390 2025 Ταρσὸς
414 1991 462 2026 μὲν
484 1990 538 2024 γὰρ
562 1990 770 2025 παραθαλασσία
794 1991 870 2022 πόλις
894 1993 944 2018 οὐκ

159 2039 236 2065 ἐστιν
245 2047 252 2052 ·
267 2038 316 2072 τὴν
329 2037 356 2063 δὲ
368 2036 552 2072 προσηγορίαν
567 2036 668 2068 ταύτην
676 2038 716 2068 εἰς
729 2037 843 2072 δήλωσιν
858 2047 944 2073 παρα-

167 2084 322 2111 Θαλασσίων
340 2084 443 2109 πόλεων
460 2083 554 2109 εἴωθεν
568 2083 584 2117 ἡ
601 2082 660 2109 θεία
673 2082 760 2117 λέγειν
775 2083 869 2119 Γραφή
881 2093 888 2100 ⁶
907 2084 944 2116 ὡς

160 2129 237 2164 παρὰ
254 2129 294 2164 τῷ
317 2129 442 2164 μακαρίῳ
464 2128 544 2155 Δαυῖδ
559 2128 600 2159 τὸ.
622 2128 672 2155 Ἐν
693 2130 837 2163 πνεύματι
854 2130 944 2163 βιαίῳ

158 2174 338 2208 συντρίψεις
357 2174 450 2200 πλοῖα
469 2173 610 2207 Θαρσεῖς·
628 2174 696 2208 ὅπερ
710 2172 756 2200 οὖν
771 2175 816 2201 ἐπὶ
832 2175 881 2209 μὲν
894 2176 944 2210 τῆς
962 2192 983 2220 D

160 2220 380 2255 παραθαλασσίου
400 2221 456 2255 (54)
476 2220 578 2251 πόλεως
591 2220 637 2246 καὶ
653 2221 717 2256 παρ’
731 2221 816 2256 αὐτὴν
830 2221 943 2257 ἐχούσης

162 2267 269 2293 ἑστῶτα
281 2268 315 2293 τὰ
328 2267 407 2293 πλοῖα
424 2267 460 2301 (p.
480 2267 544 2299 262)
566 2267 690 2300 λέγεσθαι
707 2267 827 2298 δυνατὸν,
849 2268 895 2294 ἐπὶ
915 2268 943 2294 δὲ

159 2313 209 2346 τῆς
225 2312 420 2347 ἀπῳκισμένης
433 2312 493 2338 ὅσον
507 2320 559 2347 περ
575 2312 592 2346 ἡ
605 2312 709 2346 Ταρσὸς
721 2312 865 2346 ἀφεστῶσα
879 2313 941 2347 φαί-

159 2367 236 2385 νεται
257 2358 307 2391 τῆς
329 2358 475 2392 θαλάσσης.
501 2357 626 2392 οὐδαμῶς
646 2358 794 2393 ἁρμόττον·
815 2359 902 2394 ἕτεροι
915 2359 944 2385 δὲ

159 2405 210 2438 τὴν
232 2404 321 2430 Ῥόδον
332 2403 436 2438 ἔφασαν
448 2413 455 2419 ·
469 2404 526 2430 ἀλλ’
538 2404 624 2438 ἔγωγε
637 2405 725 2431 πᾶσαν
737 2404 785 2439 τὴν
804 2404 944 2439 ἀκριϐολο-

160 2449 223 2482 γίαν
240 2450 342 2484 ταύτην
359 2449 489 2484 περιττὴν
508 2446 577 2475 εἶναι
592 2449 659 2484 πρὸς
672 2449 892 2483 τὸλπροκείμενον
905 2458 944 2475 νο-

162 2495 245 2530 μίζω,
261 2495 308 2522 ἀτε
321 2494 368 2521 τοῦ
385 2495 456 2521 κατὰ
468 2494 514 2520 τὸν
528 2495 668 2530 προφήτην
685 2494 849 2529 διηγήματος
864 2495 944 2530 ἐρρω-

163 2543 247 2577 μένου
264 2541 295 2576 δὴ
318 2541 428 2572 πάντως
442 2540 555 2575 ὁμοίως,
570 2541 665 2575 ἥντινα
674 2539 771 2574 δήποτε
785 2540 861 2571 εἴτις
875 2538 944 2567 εἶναι

160 2588 267 2623 νομίζοι
279 2588 328 2622 τὴν
345 2587 423 2613 πόλιν
434 2594 442 2601 ⁶
464 2586 662 2620 ὲπισημαντέον
683 2586 712 2612 δὲ
730 2587 818 2613 ὲκεῖνο
835 2586 942 2621 μᾶλλον,

159 2634 203 2660 ὅτι
214 2634 264 2659 οὐκ
275 2630 364 2664 εἶπεν,
384 2632 504 2666 Ἔφυγεν
526 2632 558 2658 ὲκ
571 2631 616 2658 τοῦ
633 2631 710 2663 Θεοῦ,
722 2632 779 2659 ἀλλ’
798 2633 844 2659 Ἐκ
853 2640 944 2666 προοῖ-

157 2678 243 2706 ὠπου
266 2678 395 2712 Κυρίου’
410 2677 441 2703 οὐ
462 2677 516 2712 γὰρ
541 2677 607 2704 Θεὸν
635 2678 743 2712 φεύγειν
764 2678 778 2704 ὸ
804 2679 944 2714 προφήτης

211 2757 233 2772 ⁷⁷
248 2757 320 2784 Psal.
340 2763 424 2786 xcvu.
440 2755 467 2781 8.

195 2824 253 2859 (34)
269 2824 306 2852 Ita
325 2824 369 2850 hic
385 2822 446 2850 cod.
465 2831 513 2848 ιου.
531 2824 564 2848 At
579 2829 659 2857 supra
681 2830 713 2848 ια.

326 2869 464 2898 Γιτιιοι..
483 2866 541 2896 Gn.
560 2867 664 2897 LXVI.

998 903 1073 927 cere,
1092 896 1310 932 quotiescunque
1329 897 1481 932 legentibus
1496 898 1641 925 ratiocinio
1656 899 1785 934 colligere

997 943 1192 977 consequentia
1215 943 1290 972 licet.
1317 944 1410 979 Neque
1435 952 1500 972 sane
1524 952 1586 972 cum
1605 945 1631 972 in
1656 946 1783 980 praesenti

997 987 1078 1018 dixit,
1093 996 1104 1013 ι
1117 986 1241 1022 Praedica,
1253 998 1262 1014 ι
1276 989 1329 1017 hoc
1343 997 1396 1018 uno
1408 990 1491 1018 verbo
1504 992 1661 1026 prophetam
1681 992 1785 1020 instru-

998 1038 1070 1060 ctum
1087 1034 1161 1060 misit
1176 1032 1259 1064 Deus,
1276 1033 1342 1067 quin
1359 1033 1441 1061 simul
1463 1035 1585 1066 doceret,
1607 1044 1731 1071 quaenam
1749 1038 1784 1066 ab

998 1086 1032 1105 eo
1046 1079 1174 1113 posthinc
1200 1078 1372 1113 praedicanda
1393 1083 1496 1107 essent.
1515 1080 1607 1115 Neque
1623 1089 1685 1109 cum
1702 1083 1783 1116 dixit,

997 1135 1005 1150 ι
1017 1125 1084 1152 Tres
1094 1126 1180 1153 adhuc
1191 1126 1256 1158 dies,
1271 1127 1298 1152 et
1309 1123 1403 1151 Ninive
1411 1125 1589 1157 subvertetur,
1602 1136 1610 1152 ι
1621 1127 1646 1154 id
1664 1132 1785 1155 tantum-

997 1169 1077 1197 modo
1093 1171 1225 1205 propheta
1240 1171 1333 1199 dicere
1344 1171 1440 1206 jussus
1457 1172 1518 1205 fuit,
1530 1173 1577 1200 sed
1591 1172 1657 1201 dare
1671 1181 1782 1209 operam

998 1220 1027 1241 ut
1051 1215 1226 1250 praedictione
1252 1217 1352 1244 excidii
1368 1217 1403 1244 ad
1431 1218 1567 1245 saniorem
1594 1226 1642 1246 eos
1667 1225 1783 1247 mentem

998 1265 1156 1294 revocaret;
1178 1270 1226 1296 spe
1241 1262 1343 1294 oblata,
1368 1263 1391 1290 si
1407 1264 1482 1298 ipsos
1504 1265 1657 1299 paeniteret,
1675 1264 1733 1292 l'ore
1755 1269 1786 1292 ut

997 1307 1086 1334 minas
1103 1307 1196 1335 irritas
1214 1308 1371 1336 redderent.
1387 1309 1496 1344 Alioqui
1511 1310 1607 1338 inutile
1623 1311 1720 1339 fuisset
1737 1311 1786 1337 mi-

997 1354 1079 1381 nitari
1105 1355 1230 1387 exitium,
1255 1355 1277 1382 si
1302 1355 1328 1382 id
1351 1356 1508 1383 necessario
1529 1361 1689 1383 eventurum
1714 1361 1783 1384 erat.

997 1399 1047 1426 llic
1062 1403 1121 1426 erat
1133 1407 1197 1434 ergo
1213 1400 1349 1426 minarum
1374 1399 1491 1432 fructus.
1512 1409 1608 1436 nempe
1623 1405 1653 1428 ut
1668 1401 1710 1429 vcl
1728 1409 1786 1437 pm-

997 1447 1116 1473 r.itentes
1130 1446 1261 1473 ultionem
1276 1446 1437 1481 ell‘ugerent,
1456 1446 1497 1474 vel
1513 1447 1668 1482 pertinaces
1680 1455 1785 1482 cogno-

998 1496 1106 1519 scerent
1124 1491 1200 1526 juste
1217 1492 1335 1519 inﬂictas
1349 1499 1364 1519 a
1379 1492 1435 1519 Deo
1452 1500 1546 1528 pinnas
1561 1493 1596 1521 ob
1611 1493 1681 1520 hanc
1698 1494 1784 1529 ipsam

998 1540 1106 1566 illorum
1121 1539 1337 1573 improbitatem.

1034 1626 1115 1661 159
1133 1626 1215 1654 Vsus.
1239 1627 1265 1653 5.
1283 1641 1316 1648 -
1339 1626 1452 1658 Harum,
1482 1627 1581 1662 inquit,
1605 1635 1696 1654 rerum
1721 1634 1784 1661 pro-

999 1671 1079 1706 pheta
1095 1679 1209 1703 gnarus.
1232 1682 1241 1698 ι
1253 1671 1370 1708 fugiebat
1384 1680 1398 1700 a
1414 1672 1480 1700 facie
1491 1672 1594 1699 Domini
1609 1672 1635 1698 in
1651 1671 1760 1700 Tharsis
1772 1682 1781 1698 ι

998 1717 1085 1744 Porro
1105 1717 1132 1744 id
1148 1718 1260 1744 omnino
1277 1725 1331 1744 non
1349 1718 1537 1749 l'actitavisset.
1559 1718 1581 1745 si
1598 1718 1709 1745 exitium
1726 1718 1786 1744 sine

998 1762 1083 1790 dubio
1097 1763 1219 1790 futurum
1236 1768 1339 1794 nosset.
1362 1768 1388 1790 ct
1413 1764 1436 1790 si
1461 1764 1540 1791 unice
1558 1764 1590 1790 ad
1604 1764 1785 1791 calamitatem

999 1810 1176 1837 nuntiandum
1191 1811 1291 1837 missus
1307 1810 1413 1840 fuisset,
1433 1811 1467 1836 ita
1481 1813 1510 1836 ut
1525 1810 1594 1836 nihil
1611 1809 1673 1836 boni
1687 1817 1786 1836 conse-

999 1859 1140 1888 queretur.
1162 1855 1220 1881 Jam
1247 1855 1362 1882 Tharsis
1385 1855 1510 1882 nonnulli
1534 1855 1610 1881 aiunt
1632 1854 1786 1890 significari:

999 1899 1128 1930 Tarsum,
1149 1899 1267 1926 nominis
1281 1899 1484 1934 propinquitate
1508 1903 1536 1926 ut
1550 1900 1659 1926 videtur
1669 1898 1784 1933 decepti.

999 1945 1104 1972 Tarsus
1117 1945 1189 1972 enim
1209 1945 1281 1972 haud
1306 1949 1347 1972 est
1365 1947 1502 1972 maritima
1523 1946 1588 1973 urbs
1606 1954 1612 1972 :
1632 1945 1679 1972 illo
1694 1950 1785 1972 autem

999 1991 1109 2018 nomine
1122 1991 1274 2018 maritimas
1290 1991 1372 2017 urbes
1387 1991 1532 2025 designare
1550 1991 1690 2026 Scriptura
1706 1991 1786 2021 solet,

999 2036 1085 2063 veluti
1102 2036 1173 2070 apud
1191 2036 1301 2062 beatum
1317 2035 1444 2062 Daviilcm
1462 2045 1469 2064 :
1490 2046 1498 2061 ι
1516 2035 1602 2063 Vento
1620 2036 1709 2063 valido
1724 2043 1787 2063 con-

1000 2087 1073 2109 teres
1089 2089 1174 2108 naves
1185 2080 1299 2108 Tharsis
1313 2082 1334 2096 ⁷⁷
1348 2091 1354 2108 z
1374 2091 1382 2107 ι
1402 2081 1428 2108 id
1442 2082 1513 2116 quod
1526 2082 1558 2109 de
1568 2082 1705 2109 maritima
1718 2083 1786 2110 urbe

999 2135 1084 2155 naves
1104 2127 1176 2162 apud
1193 2135 1222 2154 se
1237 2127 1355 2154 habente
1372 2126 1425 2154 dici
1439 2133 1546 2162 potest;
1563 2133 1673 2154 remoue
1684 2131 1785 2159 autem,

999 2182 1048 2202 ceu
1064 2174 1167 2201 Tarsus
1182 2177 1234 2205 est,
1253 2180 1268 2199 a
1280 2173 1418 2205 mari,non
1441 2174 1578 2208 congruit.
1594 2173 1646 2200 Alii
1659 2172 1786 2200 Rhodum

1000 2220 1170 2254 intelligunt.
1198 2218 1254 2253 Ego
1278 2226 1342 2245 vero
1368 2226 1475 2245 omnem
1504 2218 1573 2245 hanc
1601 2219 1785 2246 curiositatem

1002 2267 1132 2294 existimo
1160 2272 1402 2299 supervacaneam,
1425 2272 1458 2291 ac
1479 2265 1618 2299 prepheta:
1647 2263 1786 2291 historiam

1000 2318 1076 2345 aeque
1092 2309 1208 2342 ﬁrmam,
1231 2309 1382 2343 quamlibet
1394 2309 1511 2344 quisque
1524 2310 1660 2336 civitatem
1673 2309 1785 2344 cogitet.

1000 2356 1067 2382 Illud
1086 2355 1175 2390 potius
1193 2354 1429 2382 animadversioae
1444 2354 1554 2389 dignum
1573 2359 1625 2385 est.
1641 2354 1713 2389 quod
1733 2361 1786 2380 non

1001 2402 1111 2433 dixerit,
1135 2400 1215 2436 Fugit
1238 2408 1253 2427 a
1278 2400 1344 2431 Deo,
1363 2400 1422 2432 sed,
1438 2409 1454 2426 ιι
1470 2400 1539 2433 facie
1561 2400 1675 2428 Domini.
1695 2399 1788 2434 Neque

999 2448 1070 2475 enim
1086 2448 1217 2482 propheta
1240 2454 1270 2474 se
1290 2454 1305 2473 a
1327 2445 1383 2474 Deo
1405 2446 1498 2481 fugere
1517 2448 1786 2484 opinabatur.quem

998 2495 1120 2521 omnium
1150 2493 1294 2520 Dominum
1324 2498 1530 2529 creatoremque
1562 2495 1676 2526 sciebat,
1705 2500 1787 2531 atque

998 2540 1100 2575 ubique
1114 2543 1277 2574 praesentem
1301 2539 1438 2567 credebat.
1457 2539 1509 2567 Sed
1524 2541 1651 2574 quoniam
1675 2541 1701 2568 in
1720 2541 1787 2569 Sion

998 2590 1090 2613 monte
1106 2585 1264 2612 universum
1288 2585 1340 2612 sibi
1362 2586 1466 2612 cultum
1489 2586 1609 2614 adhiberi
1635 2586 1707 2614 Deus
1724 2588 1786 2622 jus-

998 2636 1081 2663 serat,
1094 2632 1222 2666 opinione
1238 2631 1356 2665 quadam
1375 2630 1477 2659 Judmis
1501 2632 1636 2665 immissa,
1654 2635 1732 2668 quasi
1749 2633 1786 2660 ibi

998 2678 1139 2709 incoleret,
1170 2684 1304 2712 suumque
1335 2677 1436 2705 ibidem
1475 2683 1617 2706 aspectum
1653 2680 1788 2707 revelat-ct

1589 2869 1623 2898 Il
