1981 3073
203 135 252 167 851

779 138 954 167 TﬂEODORl
968 139 1082 169 MOPSU
1088 140 1210 168 ES’I‘ENI

1772 143 1826 173 532

203 198 300 233 (quare
321 201 348 226 et
369 197 556 232 Hierosolyma
583 200 610 223 et
633 195 707 231 regio
736 197 826 224 omnis
848 197 985 231 promissa

1044 196 1114 232 Ιᾤετο,
1130 198 1237 225 πάντων
1257 197 1337 224 αὑτὸν
1352 198 1489 234 Δεσπότην
1504 198 1551 226 καὶ
1568 199 1680 236 ποιητήν
1698 198 1768 229 εἶναι
1780 211 1825 227 vo-

203 244 346 272 dicebatur
370 244 405 271 ob
425 251 484 270 eam
511 250 624 269 causam
652 242 798 269 tentorium
818 241 875 274 Dei,
899 250 948 270 ceu
964 242 988 269 si

203 291 275 318 hanc
291 291 446 317 universam
460 293 607 324 occuparet
618 288 737 316 incolatu
751 296 801 315 suo
819 287 900 320 Deus,
914 296 989 315 eam—

203 337 320 371 demque
333 336 423 363 oculis
458 335 666 370 perlustraret);
688 335 792 362 idcirco
812 341 827 362 a
845 334 915 363 facie
935 334 990 361 Do—

203 383 269 409 mini
291 382 394 417 fugisse
412 381 570 416 prophetam
586 382 623 408 ait
640 380 791 416 Scriptura,
807 383 854 416 qui
869 389 990 409 excesse-

203 431 246 456 rat
277 435 309 455 ea
344 428 464 463 regione.
495 427 521 454 in
551 435 605 462 qua
637 431 723 454 semet
745 426 818 454 Deus
841 427 988 454 revelahat.

202 473 304 509 Nempe
321 474 363 501 his
380 473 471 502 verbis
493 474 520 500 in
540 473 619 500 aliam
643 472 768 507 quamvis
787 477 920 500 remotam
935 478 990 500 ter-

204 528 261 547 ram
279 520 428 548 secessisse
446 519 577 555 propheta
594 518 695 546 dicitur
712 528 718 545 :
736 519 782 554 qui
797 527 892 554 reapse
908 520 944 546 ita
961 528 990 547 se

203 569 336 600 gesserat.
350 573 399 593 ceu
415 565 437 592 si
454 565 481 592 in
495 564 604 599 judaica
622 565 734 599 regione
749 565 868 592 manenti
881 566 990 600 appari-

204 616 283 639 turus
295 612 408 639 onmiuo
432 611 502 639 Deus
521 614 604 642 esset.
622 618 705 645 seque
724 610 757 637 ad
776 611 852 646 jussa
868 610 989 638 facienda

203 658 374 685 excitaturus
388 667 394 685 ε
409 663 503 684 contra
527 657 548 683 si
571 656 665 691 procul
688 657 773 687 lieret,
794 657 943 683 cariturum
961 665 991 684 se

205 704 329 732 molestia
353 703 479 737 sperabat
502 711 509 729 :
530 702 610 737 160
628 702 706 737 quasi
734 703 862 729 nimirum
884 702 945 730 aliis
963 703 990 729 in

205 750 274 777 locis
292 749 363 777 Deus
374 752 460 776 semet
472 748 595 775 revelare
610 755 664 774 non
682 750 831 782 pateretur.
849 747 938 782 Atque
953 748 990 774 ita

203 793 301 826 Judaei,
319 794 383 821 dum
403 794 502 829 captivi
524 793 722 823 detinerentur.
737 793 911 820 victimarum
923 800 992 827 quo-

203 848 257 874 que
269 840 310 867 vel
325 840 448 875 cujusvis
468 840 608 874 religionis
634 839 690 866 Deo
705 839 864 866 exhibendae
885 839 990 866 nullum

206 888 325 914 fructum
346 894 407 914 esse
425 887 557 921 putabant
573 895 580 913 :
601 893 650 912 ceu
676 886 699 912 si
722 884 793 912 Deus
810 885 864 912 illis
879 885 906 912 in
923 885 990 911 lacis

205 940 292 967 neque
317 939 449 967 apparere
477 939 566 966 neque
591 931 720 958 honorem
750 930 908 965 religiosum
937 930 990 958 sibi

205 978 356 1005 adhibitum
370 978 469 1009 soleret
484 977 635 1004 admittere.
660 976 839 1012 Perspicuum
854 983 937 1011 porro
948 979 990 1003 est

205 1023 364 1059 prophetam
396 1023 429 1050 ad
454 1023 481 1050 id
510 1023 648 1058 negotium
674 1024 819 1058 torpuisse.
847 1026 989 1057 propterea

205 1069 276 1104 quod
293 1076 354 1096 eum
371 1068 442 1096 Deus
458 1069 567 1104 quidem
585 1077 638 1096 non
651 1068 710 1095 sine
722 1068 852 1103 praeclara
868 1076 915 1103 spe
927 1068 991 1094 mit-

205 1115 278 1143 tebat
295 1115 394 1150 (neque
417 1115 490 1142 enim
509 1115 590 1142 unius
612 1115 712 1141 excidii
741 1122 823 1142 causa
851 1115 994 1141 nuntiandi

205 1161 338 1192 misisset,
358 1161 411 1188 nisi
436 1160 501 1188 hinc
519 1168 628 1196 quoque
651 1160 715 1188 boni
733 1160 836 1195 aliquid
853 1160 996 1188 moliretur

204 1206 384 1241 extundere);
404 1206 452 1234 sed
473 1211 564 1233 tamen
582 1206 640 1241 ipse
657 1206 735 1234 valde
753 1206 902 1234 absurdum
917 1210 995 1241 puta-

206 1253 262 1283 bat.
280 1253 303 1280 si
320 1252 390 1280 forte
413 1253 495 1279 homo
516 1252 608 1280 subito
629 1252 824 1287 superveniens
841 1251 884 1280 his
898 1253 944 1288 qui
963 1259 993 1279 se

206 1303 285 1325 antea
301 1306 355 1326 non
378 1303 520 1330 noverant.
536 1299 666 1326 continuo
684 1299 828 1326 nebulonis
849 1298 991 1332 cujusdam

205 1348 234 1370 rt
249 1344 424 1371 circulatoris
449 1343 547 1370 famam
563 1343 739 1371 contraheret
753 1352 760 1370 :
783 1342 810 1370 id
833 1342 906 1377 quod
922 1343 995 1377 ipsc-

207 1392 262 1416 met
290 1389 317 1416 in
350 1389 582 1425 consequentibus
618 1396 680 1416 mox
718 1389 892 1416 sermonibus
925 1389 993 1416 satis

206 1433 337 1462 ostendit.

1041 243 1137 278 μίζων,
1152 244 1200 270 καὶ
1215 244 1352 279 πανταχοῦ
1371 246 1497 280 παρεῖναι
1513 246 1665 273 πιστεύων·
1687 247 1780 284 ἐπειδὴ
1796 248 1825 275 δὲ

1039 289 1086 315 ἐπὶ
1100 289 1147 315 τοῦ
1163 288 1232 316 Σιὼν
1257 290 1337 326 ὄρους
1358 290 1467 317 ἃπασαν
1481 291 1554 327 αὐτῷ
1570 292 1755 327 προσάγεσθαι
1776 294 1828 328 τὴν

1040 335 1167 371 λατρείαν
1184 336 1349 372 προσέταξεν
1363 338 1377 363 ό
1392 337 1468 369 Θεος,
1485 338 1612 365 ὑπόνοιαν
1632 339 1769 372 Ἰουδαίοις
1782 341 1827 366 ἐν·

1039 381 1170 413 τεθεικὼς
1183 381 1220 414 ὡς
1235 382 1328 409 αὐτόθι
1342 391 1373 417 γε
1389 383 1437 410 καὶ
1449 384 1531 410 οἰκῶν
1547 385 1592 410 καὶ
1606 384 1655 420 τὴν
1666 385 1829 419 ἐπιφάνειαν

1040 427 1199 462 ποιούμενος
1210 428 1260 463 τὴν
1274 429 1384 456 οίκείαν·
1399 430 1446 456 καὶ
1461 430 1592 465 σκήνωμα
1602 430 1630 457 δέ
1643 431 1691 458 τοῦ
1705 431 1772 458 Θεοῦ
1784 431 1830 459 διὰ

1040 474 1141 510 ταύτην
1157 474 1206 511 τὴν
1228 476 1318 502 αἰτίαν
1334 476 1351 511 ἦ
1368 485 1397 502 τε
1413 476 1489 508 πόλις
1511 476 1688 513 Ἰερουσαλὴμ
1707 478 1828 513 ἐλέγετο,

1041 519 1086 547 καὶ
1102 520 1118 555 ή
1132 519 1168 555 γῆ
1182 520 1210 546 δὲ
1225 521 1299 547 πᾶσα
1315 520 1364 556 τῆς
1377 519 1552 556 ἐπαγγελίας,
1587 521 1626 553 ὡς
1640 522 1672 549 ἃν
1686 522 1714 549 ἐν
1734 523 1830 560 ἁπάσῃ

1040 574 1069 592 τε
1083 565 1221 597 οἰκοῦντος
1235 565 1282 592 τοῦ
1300 565 1367 592 Θεοῦ
1383 566 1430 592 καὶ
1447 566 1536 592 πᾶσαν
1551 566 1636 601 αὐτὴν
1658 566 1810 602 ἐφορῶντος
1820 575 1827 581 ·

1040 611 1084 637 διὰ.
1097 610 1174 637 τοῦτο
1189 611 1221 637 ἐκ
1238 610 1382 646 προσώπου
1398 610 1445 638 τοῦ
1460 610 1562 645 Κυρίου
1576 610 1741 644 πεφευγέναι
1755 610 1831 644 λέγει

1040 656 1086 682 τὸν
1115 656 1268 692 προφήτην,
1294 655 1339 682 τὸν
1369 655 1418 690 τῆς
1445 657 1537 692 χώρας
1569 656 1676 691 ἐκείνης
1701 656 1730 682 ἑν
1756 653 1830 693 ᾗπερ

1041 703 1158 728 ἐποιεῖτο
1175 701 1224 737 τὴν
1239 701 1342 728 οἰκείαν
1358 701 1518 736 ἐπιφάνειαν
1534 703 1548 727 ὁ
1563 701 1629 734 Θεὸς
1643 702 1772 733 ὲκὸάντα,
1789 702 1830 733 είς

1041 749 1137 783 ἑτέραν
1153 747 1213 774 τινὰ
1228 747 1275 774 καὶ
1295 747 1493 782 ἀπῳκισμένην
1509 747 1600 783 χώραν
1615 747 1742 774 ἀπελθεῖν
1758 747 1832 774 οὕτω

1041 794 1128 830 δηλῶν
1145 803 1152 810 ·
1175 793 1254 820 τοῦτο
1271 794 1326 830 γὰρ
1339 794 1354 820 ό
1368 793 1511 829 προφήτης
1528 793 1624 820 ἐποίει·
1641 793 1678 825 ὡς
1699 793 1763 828 ἄχρι
1779 792 1830 828 μὲν

1042 841 1071 867 ἐν
1103 839 1194 875 ἐκείνῃ
1221 839 1296 875 διῆγε
1320 841 1354 875 τῇ
1384 839 1459 875 χώρᾳ
1486 838 1696 874 ἐπιφαινομένου
1720 839 1830 870 πάντως

1043 885 1081 919 (p.
1093 884 1157 920 245)
1180 883 1255 919 αὐτῷ
1273 883 1320 911 τοῦ
1335 883 1402 911 Θεοῦ
1424 885 1470 911 καὶ
1485 883 1663 919 διεγείροντος
1685 883 1766 910 αὑτὸν
1786 883 1831 917 ἐφ’

1042 931 1110 967 ὅπερ
1129 931 1269 958 ἐϐούλετο·
1292 932 1315 958 εί
1329 930 1357 957 δὲ
1373 931 1469 966 πόρῤω
1481 930 1594 964 γένοιτο,
1610 929 1759 966 κερδαίνων
1779 930 1831 964 τὴν

1043 975 1181 1010 ἐνόχλησιν
1196 976 1317 1010 ἐκείνην·
1335 975 1373 1007 ὡς
1389 975 1422 1002 ἂν
1440 975 1505 1010 μηδέ
1523 974 1712 1009 ἐπιφαίνεσθαι
1725 975 1754 1000 ἐν
1768 974 1830 1001 ἐτέ-

1044 1030 1102 1056 ροις
1113 1022 1206 1052 τόποις
1219 1023 1381 1057 ἀνεχομένου
1396 1020 1442 1048 τοῦ
1455 1021 1542 1048 Θείου·
1557 1021 1628 1047 οὕτω
1642 1021 1689 1047 καὶ
1709 1021 1830 1047 Ἰουδαῖοι

1043 1068 1089 1094 ἐπὶ
1111 1067 1161 1102 τῆς
1182 1067 1370 1102 αἰχμαλωσίας
1387 1067 1462 1098 οντες
1473 1087 1480 1099 ,
1507 1067 1636 1103 περιττὰς
1653 1067 1767 1103 ἡγοῦντο
1780 1068 1830 1094 καὶ

1042 1113 1092 1145 τὰς
1116 1113 1210 1144 θυσίας
1235 1114 1280 1140 καὶ
1304 1113 1353 1149 τὴν
1367 1113 1495 1148 λατρείαν
1510 1113 1618 1140 ἃπασαν
1641 1114 1690 1148 τὴν
1709 1113 1748 1148 τῷ
1768 1113 1830 1148 Θεῷ

1043 1159 1262 1194 προσαγομένην,
1279 1158 1316 1191 ὡς
1337 1159 1419 1186 αὑτοῦ
1448 1160 1484 1195 μὴ
1507 1159 1696 1194 ἐπιφαίνεσθαι
1721 1159 1750 1185 ἐν
1773 1161 1832 1191 τοῖς

1044 1205 1102 1231 ἐκεῖ
1113 1205 1215 1236 τόποις,
1235 1205 1302 1241 μηδὲ
1320 1205 1445 1240 δέχεσθαι
1463 1205 1498 1232 τὰ
1513 1205 1605 1232 αὐτόθι
1627 1206 1667 1237 είς
1682 1205 1730 1240 τὴν
1747 1205 1830 1232 αὑτοῦ

1044 1250 1218 1287 πληρούμενα
1231 1250 1314 1286 τιμὴν
1329 1251 1500 1286 ἀνεχομένου·
1518 1251 1596 1286 δῆλος
1608 1251 1636 1278 δὲ
1650 1249 1684 1286 ἦν
1697 1251 1711 1277 ό
1725 1251 1832 1285 προφή-

1043 1304 1092 1330 της
1106 1296 1173 1331 προς
1187 1296 1217 1321 τὸ
1234 1297 1349 1331 πρᾶγμα
1367 1296 1454 1322 ὀκνῶν
1464 1317 1472 1328 ,
1496 1296 1540 1323 διὰ
1554 1297 1584 1323 τὸ
1602 1297 1715 1332 συνορᾷν
1732 1296 1780 1331 μὲν
1793 1296 1832 1328 ὡς

1044 1339 1089 1365 ἐπί
1100 1347 1169 1365 τισιν
1184 1340 1263 1366 αὑτὸν
1274 1340 1433 1367 ἀποστέλλει
1448 1341 1556 1373 πάντως
1571 1343 1702 1377 χρησταῖς
1713 1341 1830 1368 ἐλπίσιν·

1046 1386 1095 1411 οὑκ
1112 1385 1144 1412 ἄν
1157 1395 1187 1420 γε
1202 1387 1248 1412 ἐπὶ
1264 1386 1295 1421 δὴ
1314 1387 1396 1421 μόνης
1411 1387 1520 1422 πέμψας
1537 1388 1616 1414 αὑτὸν
1630 1387 1832 1423 καταστροφῆς,
1859 1409 1864 1414 .

1047 1434 1070 1458 εἰ
1089 1433 1125 1467 μή
1140 1441 1167 1458 τι
1184 1433 1230 1459 καὶ
1253 1433 1354 1466 ἀγαθὸν
1369 1432 1493 1459 ἐντεῦθεν
1512 1435 1663 1468 οἰκονομεῖν
1686 1434 1811 1460 ἐϐούλετο
1822 1441 1830 1449 ο

206 1481 260 1508 τῶν
278 1480 348 1514 ἄγαν
365 1480 394 1507 δὲ
425 1480 532 1507 ἀτόπων
557 1478 625 1506 εῖναι
663 1479 776 1515 νομίσας
799 1479 824 1505 εἰ
850 1477 957 1512 πρῶτον
993 1477 1147 1512 ἀνθρώποις
1169 1477 1261 1512 ὀφθεὶς
1282 1479 1336 1510 τοῖς
1365 1479 1395 1505 οὺ
1422 1478 1553 1514 πρότερον
1584 1479 1662 1505 αὐτὸ»
1687 1478 1834 1513 ἐπισταμέ-

206 1537 272 1560 νοις,
289 1527 353 1556 εὐθύ
370 1536 441 1559 τινος
453 1527 571 1561 ψεύστου
586 1527 634 1553 καὶ
644 1526 800 1557 ἀπατεῶνος
813 1525 992 1559 ἀπενέγκοιτο
1006 1525 1093 1558 δόξαν·
1107 1526 1185 1552 τοῦτο
1207 1526 1234 1552 δέ
1255 1527 1300 1554 καὶ
1314 1526 1394 1558 αὐτὸς
1414 1528 1443 1553 ἐν
1460 1528 1515 1558 τοῖς
1545 1526 1690 1562 μετέπειτα
1710 1528 1754 1554 διὰ
1778 1528 1834 1554 τῶν

205 1574 314 1600 οἰκείων
330 1573 417 1609 δηλῶν
432 1573 557 1608 φαίνεται
572 1572 712 1608 ῥημάτων.

243 1619 326 1649 Vsus.
349 1620 409 1647 4-6.
424 1635 460 1640 -
478 1619 534 1646 llac
560 1619 594 1646 de
614 1626 698 1646 causa
725 1618 868 1645 descendit
890 1617 993 1652 Joppcn

1083 1617 1156 1651 Στίχ,
1173 1617 1241 1648 δ’-ς’.
1267 1630 1301 1635 —-
1313 1615 1425 1649 Κατέϐη
1441 1615 1490 1649 μὲν
1504 1613 1551 1642 οὖν
1563 1615 1603 1646 εἰς
1620 1615 1670 1650 τὴν
1692 1615 1802 1650 Ἰόππην
1820 1617 1835 1642 ὁ

208 1668 351 1703 propheta,
366 1666 589 1701 deprehensaque
603 1666 666 1694 navi
686 1665 800 1693 Tharsis
820 1673 917 1693 versus
934 1669 994 1692 len-

207 1715 298 1747 dente,
318 1714 430 1741 naulum
456 1713 571 1741 exsolvit
598 1714 777 1739 contumacia:
797 1719 863 1742 sum,
884 1715 911 1738 et
933 1718 994 1738 cum

208 1760 313 1794 reliqua
330 1760 408 1786 turba
433 1758 620 1786 conscendens
638 1757 753 1785 Tharsis
774 1757 928 1792 navigabat,
946 1763 994 1783 ceu

210 1806 232 1832 si
249 1806 285 1833 ibi
298 1805 388 1832 divina
404 1806 529 1832 molestia
545 1804 612 1831 liber
626 1808 699 1831 esset
713 1803 832 1834 futurus.
845 1803 909 1838 quia
923 1801 996 1829 Deus

210 1852 308 1879 alienis
319 1852 346 1878 in
361 1851 518 1886 regionibus
534 1850 646 1877 minime
665 1850 716 1877 sibi
730 1857 897 1876 occursurus
912 1853 994 1880 esset,

209 1906 298 1934 neque
311 1899 503 1925 necessitatem
524 1897 589 1925 certi
608 1896 661 1924 loci
673 1897 789 1924 adeundi
806 1896 995 1930 impositurus.

208 1943 268 1971 Jam
288 1943 335 1971 ubi‘
355 1943 383 1970 in
410 1944 495 1970 altum
521 1949 683 1977 progressus
708 1941 767 1973 fuit,
793 1939 942 1968 declaravit
957 1939 996 1966 illi

209 1989 282 2017 Deus
302 1997 382 2024 quam
407 1989 532 2016 inutilem
550 1995 688 2023 quamque
711 1987 821 2014 stultam
843 1985 933 2020 fugam
950 1992 997 2012 ca-

208 2036 387 2071 pessivisset;
405 2035 557 2071 graviorem
582 2035 653 2061 enim
681 2040 856 2060 commovens
874 2035 995 2062 ventum,

209 2086 313 2109 tantam
330 2083 357 2109 in
379 2081 447 2108 mari
462 2081 590 2108 conflavit
608 2079 765 2114 procellam,
780 2082 809 2104 ut
823 2075 933 2111 infringi
948 2084 998 2103 na-

209 2129 252 2156 vis
264 2128 477 2164 periclitaretur,
502 2134 562 2161 qum
579 2126 632 2153 vim
651 2125 780 2152 ﬂuctuum
805 2132 858 2151 non
882 2123 995 2151 ferebat.

209 2175 281 2201 Hinc
295 2181 379 2209 pavor
396 2173 566 2208 navigantes,
591 2176 621 2199 ut
644 2179 692 2208 par
716 2174 785 2202 erat,
807 2170 955 2205 corripuit;
970 2172 997 2196 et

210 2221 282 2256 apud
297 2228 377 2248 suum
401 2220 517 2255 quisque
538 2218 672 2246 creditum
700 2217 789 2248 deum,
813 2223 892 2251 quem
910 2215 996 2250 patria

210 2266 344 2301 religione
369 2266 494 2298 colebat,
519 2272 639 2300 prmsens
662 2264 723 2291 vitae
744 2263 893 2290 discrimen
917 2261 997 2288 elatis

210 2312 379 2340 clamoribus
393 2311 601 2347 deprecabatur.
618 2309 686 2337 Tum
711 2316 741 2336 se
763 2308 918 2336 intendente
933 2315 998 2342 pro-

212 2358 292 2391 cella,
308 2358 433 2386 sarcinas
450 2365 559 2392 quoque
575 2359 709 2391 quotquot
733 2354 868 2389 imposita:
890 2353 998 2380 fuerant

212 2402 246 2430 de
263 2410 338 2430 more
352 2403 380 2430 in
393 2411 468 2430 mare
489 2402 638 2437 jaciebant,
661 2401 684 2428 si
710 2400 779 2427 forte
800 2407 883 2427 onere
911 2400 998 2425 levata

213 2449 291 2477 navis
315 2449 466 2484 periculum
494 2448 631 2476 evaderet.
658 2446 705 2475 llis
728 2447 803 2473 addit
831 2445 998 2480 Scriptura:

215 2494 326 2523 «Jonas
353 2500 444 2522 autem
472 2495 499 2521 in
529 2495 665 2522 sentinam
695 2492 772 2520 navis
795 2492 998 2523 descenderat.

213 2539 308 2574 ibique
331 2539 468 2567 dormiens
482 2539 558 2574 161
577 2539 717 2566 stertebat.
738 2547 746 2564 ι
765 2536 823 2564 Non
843 2537 914 2571 quod
938 2540 999 2571 post

213 2589 380 2613 commotam
403 2589 591 2620 tempestatem
609 2585 637 2611 in
654 2583 783 2611 inferiora
799 2583 876 2610 navis
896 2582 999 2610 dormi-

214 2636 272 2658 tum
295 2631 488 2658 descenderit:
505 2635 579 2658 esset
604 2630 677 2658 enim
702 2629 860 2659 ridiculum,
882 2628 905 2656 si
922 2631 997 2654 tanta

215 2675 420 2712 perturbatione
445 2679 548 2707 coorta,
575 2675 738 2709 cunctisque
757 2673 791 2701 de
814 2674 904 2702 salute
923 2673 997 2708 peri-

214 2722 384 2753 clitantibus,
408 2721 467 2756 ipse
490 2728 587 2748 somno
607 2729 637 2748 se
664 2720 846 2747 tradidisset:
862 2724 998 2746 verumta-

215 2775 277 2796 men
302 2767 328 2795 id
356 2771 450 2803 egerat
476 2767 566 2795 statim
593 2773 624 2794 ac
644 2766 736 2795 navim
769 2765 949 2799 conscendit;
972 2768 1000 2792 at

251 2859 306 2896 (55)
317 2859 355 2887 Ita
375 2858 439 2888 Cod.

1047 1664 1188 1698 προφήτης
1203 1661 1303 1697 ταύτης
1317 1661 1398 1687 ἕνεκα
1414 1661 1463 1695 τῆς
1478 1661 1576 1692 αἰτίας·
1595 1660 1687 1687 αὐτόθι
1701 1660 1729 1686 δὲ
1742 1661 1833 1687 πλοῖον

1047 1710 1093 1735 ἐπὶ
1112 1709 1227 1743 Θαρσεῖς
1247 1707 1327 1734 ἀπιὸν
1344 1706 1440 1742 εὑρὼν,
1456 1706 1502 1732 τόν
1517 1715 1547 1732 τε
1563 1705 1658 1741 μισθὸν
1671 1706 1768 1733 δέδωκε
1783 1707 1832 1740 τῆς

1046 1755 1173 1785 ἀπονοίας
1186 1774 1193 1784 ,
1211 1754 1258 1780 καὶ
1278 1753 1364 1788 ἐμὸὰς
1383 1753 1450 1787 μετὰ
1463 1752 1516 1778 τῶν
1532 1752 1632 1778 λοιπῶν
1655 1753 1692 1786 (p.
1703 1752 1768 1786 ΞΗ)
1786 1753 1832 1778 ἐπὶ

1045 1800 1163 1835 Θαρσεῖς
1185 1798 1308 1830 ἐξέπλει·
1330 1798 1367 1830 ὡς
1386 1798 1420 1825 ἂν
1433 1797 1525 1824 αὐτόθι
1548 1797 1596 1833 τὴν
1614 1798 1753 1832 ἐνόχλησιν
1769 1798 1833 1832 μέλ-

1045 1845 1099 1872 λων
1113 1845 1245 1871 ἐκκλίνειν
1260 1843 1308 1879 τὴν
1323 1843 1407 1875 θείαν,
1426 1844 1475 1870 οὐκ
1492 1843 1702 1878 ἐπιφαινομένου
1715 1852 1744 1870 τε
1759 1843 1833 1878 αὺτῷ

1046 1893 1076 1918 ὲν
1097 1892 1245 1926 ἀλλοτρίοις
1267 1891 1360 1922 τόποις
1381 1890 1428 1917 τοῦ
1455 1890 1533 1921 Θεοῦ,
1553 1891 1598 1916 καὶ
1613 1890 1768 1924 ἐπείγοντος
1784 1891 1832 1917 ἐπὶ

1046 1938 1076 1965 τὸ
1091 1937 1269 1974 προκείμενον
1282 1935 1418 1963 ἀπελθεῖν·
1435 1935 1528 1970 ἐπειδὴ
1541 1935 1568 1962 δὲ
1586 1935 1657 1962 κατά
1671 1935 1719 1970 τὴν
1733 1935 1833 1962 θάλατ-

1046 1993 1094 2010 ταν
1110 1984 1217 2018 ἐγένετο
1232 1983 1330 2015 πλέων,
1345 1982 1422 2017 δῆλον
1436 1982 1516 2007 αὑτὸν
1535 1982 1590 2008 οἷον
1611 1981 1667 2017 (55)
1686 1982 1699 2008 ὁ
1712 1981 1777 2013 Θεὸς
1790 1981 1833 2008 ὅτι

1047 2031 1175 2064 περιττήν
1192 2037 1253 2055 τινα
1266 2027 1311 2055 καὶ
1328 2027 1442 2063 ματαίαν
1459 2027 1577 2062 ὑπέμενε
1594 2027 1643 2062 τὴν
1656 2026 1754 2062 φυγὴν,
1769 2034 1834 2060 σφο-

1046 2075 1110 2111 δρὸν
1134 2074 1242 2109 πνεῦμα
1265 2074 1389 2108 κινήσας,
1411 2072 1536 2099 τοσοῦτον
1553 2072 1598 2099 ἐπὶ
1623 2073 1671 2107 τῆς
1696 2072 1834 2107 θαλάσσης

1047 2123 1194 2158 εἰργάσατο
1214 2121 1260 2148 τὸν
1277 2120 1409 2151 κλύδωνα,
1427 2120 1497 2146 ὥστε
1514 2120 1560 2146 καὶ
1580 2119 1754 2154 συντριϐῆναι
1775 2128 1834 2145 κιν-

1047 2168 1167 2195 δυνεύειν
1184 2167 1214 2194 τὸ
1227 2167 1317 2193 πλοῖον
1331 2167 1361 2192 οὑ
1383 2166 1466 2201 φέρον
1478 2164 1532 2191 τῶν
1547 2165 1677 2200 κυμάτων
1688 2164 1737 2200 τὴν
1751 2165 1812 2199 βίαν
1823 2171 1833 2181 ·

1049 2214 1129 2248 φόϐος
1151 2214 1183 2240 ἐκ
1204 2212 1298 2238 τούτου
1323 2212 1384 2242 τοὺς
1406 2212 1434 2238 ἐν
1457 2209 1531 2245 αὐτῷ
1547 2210 1656 2245 εἴληφεν
1679 2209 1717 2241 ὡς
1740 2209 1832 2240 εἰκός·

1048 2259 1160 2290 ἕκαστός
1174 2267 1204 2285 τε
1218 2258 1285 2294 πρὸς
1300 2258 1329 2284 ὃν
1344 2258 1436 2292 ήγεῖτο
1455 2257 1524 2288 θεὸν,
1542 2256 1589 2283 καὶ
1609 2252 1686 2291 ᾧπερ
1700 2255 1835 2291 θρησκεύ-

1014 2291 1036 2320 D
1049 2315 1090 2332 ειν
1105 2305 1205 2337 εἰώθει,
1219 2291 1251 2339 τῇ
1267 2304 1341 2338 φωνῇ
1356 2291 1526 2338 κεχρημένος
1541 2301 1700 2337 ἀπαλλαγὴν
1714 2302 1773 2336 ᾔτει
1786 2301 1833 2327 τοῦ

1047 2351 1179 2387 παρόντος
1201 2349 1326 2385 γενέσθαι
1350 2349 1472 2375 κινδύνου
1485 2357 1491 2364 ⁸
1519 2348 1720 2382 ἐπιτεινομένου
1737 2347 1765 2373 δὲ
1784 2347 1832 2374 τοῦ

1047 2398 1180 2428 κλύδωνος
1191 2417 1198 2427 ,
1223 2396 1269 2422 καὶ
1282 2395 1316 2421 τὰ
1332 2395 1426 2421 ἐνόντα
1442 2394 1480 2429 τῷ
1497 2394 1582 2429 πλοίῳ
1598 2393 1665 2420 κατὰ
1682 2393 1712 2419 τὸ
1737 2393 1833 2424 εἰωθὸς

1046 2444 1103 2474 τοῖς
1117 2441 1324 2478 χειμαζομένοις
1345 2439 1499 2476 ἀπέρριψαν
1520 2440 1559 2471 εἰς
1577 2439 1626 2474 τήν
1642 2438 1787 2470 θάλασσαν,
1809 2438 1837 2465 et

1046 2497 1106 2520 *πως
1117 2486 1261 2521 κουφισθὲν
1274 2485 1398 2520 διαφύγοι
1412 2485 1458 2512 τὸν
1471 2485 1591 2511 κίνδυνον
1605 2484 1635 2510 τὸ
1650 2484 1750 2510 πλοῖον.
1766 2483 1835 2510 Τού-

1051 2543 1108 2566 τοις
1128 2533 1236 2567 ἐπάγει·
1266 2541 1274 2557 ι
1295 2531 1382 2562 Ἰωνᾶς
1397 2531 1425 2557 δὲ
1441 2529 1542 2565 κατέϐη
1558 2530 1597 2561 εἰς
1612 2528 1660 2564 τὴν
1683 2529 1776 2564 κοίλην
1787 2528 1835 2555 τοῦ

1051 2581 1155 2611 πλοίου,
1168 2579 1216 2605 καὶ
1228 2576 1371 2604 ἐκάθευδεν
1392 2577 1450 2602 ἐκεῖ
1470 2576 1516 2602 καὶ
1535 2574 1657 2610 ἔρεγχεν.
1677 2584 1686 2600 ι
1718 2575 1774 2609 Οὐχ
1793 2574 1835 2600 ὃτι

1053 2626 1121 2662 μετὰ
1134 2625 1165 2652 τὸ
1179 2625 1269 2651 ἐκεῖνα
1284 2622 1409 2657 γενέσθαι
1420 2623 1459 2653 εἰς
1474 2622 1504 2648 τὸ
1521 2621 1610 2648 πλοῖον
1622 2619 1760 2648 κατελθὼν
1771 2620 1836 2647 ἐκά-

1051 2672 1154 2699 θευδενσ
1171 2670 1272 2704 γελοῖον
1291 2668 1346 2703 γὰρ
1362 2669 1386 2694 εἰ
1402 2667 1524 2703 ταραχῆς
1540 2667 1673 2702 τοσαύτης
1689 2666 1835 2701 γενομένης

1052 2718 1100 2745 καὶ
1116 2717 1224 2744 πάντων
1245 2715 1309 2751 περὶ
1330 2715 1378 2750 τῆς
1399 2714 1535 2750 σωτηρίας
1556 2713 1762 2740 κινδυνευόντων
1784 2712 1835 2747 τῆς

1052 2763 1164 2796 οἰκείας,
1181 2763 1220 2794 εἰς
1240 2761 1323 2788 ὕπνον
1339 2759 1434 2787 ἐαυτὸν
1450 2760 1552 2791 ἐκεῖνος
1568 2759 1650 2786 ἐδίδου
1663 2766 1670 2773 ⁸
1698 2757 1764 2786 ἀλλὰ
1780 2757 1835 2792 γὰρ
