1981 3073
132 170 187 199 ππ

659 170 931 200 COMMENTARIUS
948 171 984 198 lN
998 169 1093 199 JONE
1114 171 1189 199 CAP.
1211 179 1229 198 ι.

1701 169 1754 198 551.

133 231 213 258 τοῦτο
227 230 276 266 μὲν
293 229 373 262 εὐθὺς
397 229 494 260 ἐπιϐὰς
514 230 646 265 πεποίηκε
661 231 708 256 τοῦ
730 231 821 257 πλοίου
835 239 841 246 ·
859 232 875 266 ὴ
892 230 920 256 δὲ

977 229 1114 265 Scriptura
1137 234 1280 265 postquam
1297 231 1444 265 procellam
1461 231 1594 263 narravit,
1617 234 1755 266 postremo

134 275 230 312 Γραφὴ
252 275 369 302 τὰκατὰ
382 275 427 301 τὸν
444 274 566 302 κλύδωνα
581 276 769 310 διηγησαμένη
780 295 787 307 ,
809 275 920 311 ὕστερον

135 323 258 357 ἐπήγαγε
273 322 307 348 τὰ
323 321 396 356 παρὰ
410 321 455 347 τοῦ
470 321 608 357 προφήτου
624 323 682 348 κατ’
697 323 798 348 ἐκεῖνον
811 321 920 356 (ρ.245)

135 367 268 402 γενόμενα
279 367 324 393 τὸν
339 366 442 402 καιρόν·
456 367 497 393 ὅτι
513 376 542 393 τε
555 369 570 394 ὁ
588 368 714 403 πρωρεὺς
723 368 760 399 ὡς
777 369 805 394 ὲν
815 369 920 403 ταραχῇ

134 412 253 448 τοσαύτῃ
265 412 429 439 καθεύδοντα
442 413 488 439 τὸν
504 414 646 449 προφήτην
658 414 722 440 ὶδείν
735 413 920 449 ἀπεληλυθὼς,

135 458 258 495 διήγειρέ
273 466 302 484 τε
315 457 408 491 αὐτὸν,
422 459 470 484 καὶ
483 458 637 493 ἐθαύμαζεν
651 459 691 495 ὅτι
708 458 835 486 τοσούτου
849 467 922 493 γινο-

137 502 218 538 μένου
249 503 356 535 κακοῦ,
387 502 519 538 μηδεμίαν
550 503 675 538 αἴσθησιν
702 503 758 538 ἔχοι
781 503 834 529 τῶν
854 512 921 530 κατ-

135 548 251 583 εχόντων
262 548 361 580 αὐτοὺς
373 549 478 580 κακῶν,
493 549 550 576 ἀλλ’
562 549 600 581 ὡς
615 550 691 585 ἀδείᾳ
705 549 788 585 πολλῇ
799 549 922 577 καθεύδει

135 602 164 620 τε
183 593 229 619 καὶ
245 594 347 628 ῥέγχει·
366 593 559 629 ὑπεμίμνησκε
575 594 603 621 δὲ
618 595 699 621 αὐτὸν
714 596 865 622 ἀναστάντα
877 595 923 621 τὸν

136 639 197 666 θεὸν
211 639 302 665 καλεῖν
317 641 362 666 τὸν
381 640 456 672 ἴδιον,
473 640 499 667 εἴ
512 649 570 672 πως
583 641 628 667 ὑπ’
648 641 730 668 αὑτοῦ
745 641 922 675 γοῦνιδιασω-

138 684 221 712 θεῖεν.

171 731 246 766 Στίχ.
269 731 337 764 ζ’-θ’.
357 746 393 752 —-
407 728 457 758 Ὧν
479 731 508 758 δὲ
528 734 542 758 ὁ
562 732 610 767 μὲν
628 736 769 768 προφήτης
789 733 866 759 οὐδὲν
885 733 923 759 δι-

135 777 302 813 επράττετο·
322 777 425 804 τοιοῦτο
445 777 577 813 σφαλερὸν
602 775 670 804 εἶναι
690 778 806 812 νομίζων
819 778 923 813 δεήσεις

136 823 283 857 προσάγειν
299 822 385 857 τούτῳ
399 820 483 858 οὗπερ
498 823 639 857 πεφεύγει.
660 823 825 850 Ἐπετείνετο
837 823 864 850 δὲ
877 823 923 850 τοῦ

136 866 271 898 κλύδωνος
293 867 324 893 τὸ
345 867 430 893 κακόν
444 875 450 882 ·
465 867 629 902 ἐδοκίμασαν
643 867 736 893 λοιπὸν
758 867 850 902 κλήρῳ
867 868 924 894 δια-

135 912 237 946 γνῶναι
252 912 297 938 τὸν
308 911 356 938 τοῦ
366 911 497 948 παρόντος
512 913 597 938 αἴτιον
615 912 710 939 κακοῦ·
726 912 805 938 τοῦτο
817 913 849 939 δὲ
865 913 926 948 ἐδή-

137 958 183 985 λου
206 958 243 993 μὴ
264 958 351 984 κοινὸν
366 957 436 984 κατὰ
455 959 545 993 πάσης
565 958 701 993 θαλάσσης
717 955 786 984 εἶναι
807 958 851 984 τὸν
868 967 924 993 χει-

138 1003 223 1038 prima,
235 1003 301 1030 άλλὰ
310 1004 373 1039 περὶ
382 1003 447 1030 αὑτό
464 1012 494 1037 γε
511 1004 589 1038 μόνον
602 1003 632 1030 τὸ
648 1003 738 1030 πλοῖον
753 1004 802 1039 τὴν
815 1003 924 1038 σύμπα-

137 1059 186 1076 σαν
200 1050 322 1086 ταραχὴν
337 1050 479 1077 κινεῖσθαι·
495 1051 540 1085 ἀφ’
554 1047 638 1086 οὗπερ
651 1051 676 1077 οἱ
689 1051 717 1076 ἐν
731 1049 804 1085 αὑτῷ
817 1049 923 1084 λογιζό-

139 1104 213 1130 μενοι
227 1095 275 1130 την
286 1096 386 1127 αἰτίαν,
397 1095 490 1131 κλήρῳ
501 1095 688 1130 διαγινώσκειν
701 1095 745 1122 τὸν
755 1095 840 1122 αἴτιον
849 1095 925 1122 ἐϐού-

137 1142 213 1169 λοντο
225 1142 276 1168 τῶν
286 1142 388 1168 κακῶν·
400 1142 479 1177 τυχὸν
489 1142 591 1169 καὶτοῦ
601 1141 734 1168 Δεσπότου
746 1141 812 1168 θεοῦ
823 1142 924 1177 ταύτην

136 1188 228 1219 αὐτοῖς
244 1188 441 1223 ἐμϐεϐληκότος
461 1188 510 1224 τὴν
527 1187 661 1221 διάνοιαν,
675 1188 714 1220 ὡς
728 1188 760 1215 ἂν
772 1188 924 1220 ἀκολούθως

136 1233 172 1267 τά
186 1234 266 1260 λοιπά
277 1242 307 1268 γε
321 1233 466 1269 πραχθείη·
478 1234 502 1260 οἱ
514 1234 562 1269 μὲν
571 1233 625 1270 γὰρ
636 1235 786 1270 ἐχρήσαντο
796 1235 851 1266 τοῖς
863 1234 925 1270 κλή-

139 1287 206 1313 ροις·
223 1279 357 1306 ἐδείκνυτο
372 1280 400 1306 δὲ
415 1281 429 1306 ὁ
448 1279 581 1315 μακάριος
600 1280 692 1311 Ἰωνᾶς
706 1279 760 1306 τῶν
775 1279 924 1314 γεγονότων

138 1326 233 1357 αἴτιος·
250 1326 291 1360 ἐφ’
308 1322 330 1359 ᾧ
339 1325 371 1361 δὴ
384 1325 430 1352 καὶ
441 1324 629 1360 Θαυμάσαντες
644 1325 669 1352 οἰ
683 1326 804 1352 ναυτικοὶ
819 1325 931 1357 λοιπὸνω

137 1372 163 1398 εἰ
180 1371 284 1398 τοιοῦτό
300 1380 326 1398 τι
345 1371 537 1406 πεπραγμένον
553 1370 628 1406 αὐτῴ
648 1371 775 1406 τυγχάνοι
794 1370 863 1398 ὥστε
878 1371 925 1397 καὶ

138 1417 264 1445 τοσοῦτον
277 1417 406 1452 γεννῆσαι
423 1417 517 1448 κακὸν.
539 1416 607 1452 μετὰ
631 1417 746 1452 σφοδρᾶς
769 1417 818 1452 τῆς
838 1418 925 1444 ὲπιτι-

140 1464 249 1500 μήσεως
263 1463 310 1489 καὶ
330 1463 472 1498 μονονουχὶ
488 1462 636 1497 δικαστικῷ
652 1463 743 1489 λοιπὸν
761 1463 924 1498 κεχρημένοι

139 1509 177 1545 τῷ
193 1512 321 1545 σχήματι,
339 1512 378 1544 (p.
393 1509 456 1543 2‘6)
478 1509 514 1540 ὠς
527 1509 560 1535 ἂν
577 1508 643 1544 πρὸς
657 1508 798 1544 ἄνθρωπον
810 1508 925 1535 καταδε-

138 1554 300 1590 δικασμένον
323 1554 372 1590 ήδη
398 1553 436 1589 τῷ
461 1554 553 1590 κλήρῳ
576 1554 779 1588 διαλεγόμενοι,
803 1554 923 1589 ἀπῄτουν

141 1601 237 1636 μαθεῖν
250 1601 264 1627 ὅ
273 1601 299 1627 τί
311 1609 363 1635 περ
377 1600 450 1635 αὐτῷ
463 1600 654 1636 πεπραγμένον
665 1601 718 1635 εἴη,
733 1599 758 1626 τί
769 1600 796 1627 δὲ
806 1600 853 1627 καὶ
863 1601 923 1626 επι-

139 1647 260 1682 τηδευμα
274 1646 377 1682 μετῄει,
391 1645 451 1673 ὅθεν
462 1655 491 1673 τε
508 1646 621 1682 ἔρχοιτο,
638 1646 684 1672 καὶ
703 1646 763 1672 ὅποι
783 1654 835 1682 περ
849 1646 925 1674 ἄπει-

140 1701 193 1725 σιν,
216 1693 248 1719 ἐκ
270 1693 349 1724 ποίας
371 1701 400 1720 τε
419 1693 536 1728 ὁρμᾶται
558 1692 665 1727 χώρας,
688 1693 734 1718 καὶ
757 1688 831 1726 ᾧτινι
854 1691 925 1718 ἔθνει

140 1739 264 1775 προσῆκε
273 1739 326 1766 τῶν
337 1739 384 1765 ἀνθ
389 1738 496 1774 ρώπωνο
510 1738 578 1773 πρὺς
590 1737 636 1770 οὓς
650 1738 743 1771 σαφῶς
753 1737 924 1773 ἀπεκρίνετο·

141 1795 153 1812 ι
164 1785 262 1817 Δοῦλος
279 1785 382 1821 Κυρίου
401 1784 455 1819 ἐγώ
470 1785 536 1819 εἰμι,
556 1785 603 1811 καὶ
618 1784 720 1820 Κύριον
734 1784 779 1811 τὸν
795 1783 861 1810 Θεὸν
878 1784 925 1810 τοῦ

140 1831 257 1867 οὐρανοῦ
272 1830 328 1864 ἐγὼ
344 1830 469 1865 σέϐομαι,
484 1830 513 1861 ὃς
530 1829 641 1865 ἐποίησε
664 1829 712 1864 τὴν
727 1829 864 1856 θάλασσαν
879 1829 927 1855 καὶ

140 1877 190 1912 τὴν
202 1877 298 1912 ξηράν.
312 1886 322 1902 ι
345 1876 388 1907 Ὣς
401 1875 454 1910 γὰρ
474 1875 585 1902 ἐκείνων
603 1874 667 1911 περὶ
688 1875 784 1901 εἴδωλα
799 1874 925 1910 ἐχόντων,

141 1923 220 1955 αὐτὸς
241 1923 271 1949 τὺ
287 1923 337 1957 τῆς
356 1923 459 1954 οίκείας
473 1921 621 1958 θρησκείας
635 1920 772 1957 ἐξαίρετον
791 1920 926 1956 ἐδήλωσεν

141 1969 226 1996 εἰπὼν
246 1970 288 1996 ὅτι
311 1969 401 2001 δοῦλος
422 1968 464 2003 εἴη
487 1968 534 1994 τοῦ
557 1967 625 1994 Θεοῦ
638 1967 779 1998 ,τουτέστι
801 1966 926 2002 φροντίδα

141 2016 211 2050 ἔχων
226 2016 315 2042 πᾶσαν
328 2015 376 2050 τῆς
391 2014 537 2050 θεραπείας
552 2013 739 2049 ἐπιμελεῖσθαι
755 2012 802 2039 τοῦ
823 2012 904 2038 αὐτοῦ
918 2020 924 2026 ·

141 2060 171 2086 οὗ
186 2061 240 2096 γὰρ
253 2060 285 2095 δὴ
304 2059 374 2087 κατὰ
390 2060 420 2086 τὺ
435 2059 523 2086 κοινὸν
542 2057 614 2091 εἷπε,
632 2059 755 2091 Δοῦλος,
770 2058 830 2085 καθ’
849 2059 863 2085 ὃ
880 2059 926 2085 καὶ

141 2107 203 2139 τοὺς
223 2106 323 2138 ναύτας
337 2105 371 2141 ἦν
393 2106 499 2140 ἀνάγκη
520 2105 629 2136 δούλους
654 2102 722 2131 εἶναι
737 2104 784 2131 τοῦ
800 2104 866 2131 Θεοῦ
881 2106 926 2131 ὑπ’

142 2153 224 2180 αὐτοῦ
241 2152 395 2186 γεγονότας·
410 2149 470 2178 εἶτα
483 2151 529 2178 καὶ
541 2151 572 2176 τὸ
589 2150 687 2182 ἰδιάζον
697 2150 783 2184 λέγων
798 2150 844 2177 τοῦ
859 2150 925 2177 Θεοῦ

141 2199 172 2225 ὃν
192 2198 340 2234 ἐθρήσκευε
352 2217 360 2228 ,
384 2197 436 2223 Τὸν
451 2196 498 2224 τοῦ
519 2197 629 2228 παντὸς,
652 2196 728 2231 φησὶ,
745 2196 857 2232 ποιητὴν
872 2195 927 2229 ἐγὼ

143 2244 269 2280 σέὸομαι,
294 2243 323 2274 ὃς
346 2243 393 2269 καὶ
413 2242 526 2278 οὐρανοῦ
540 2242 587 2269 καί
601 2241 737 2274 θαλάσσης
755 2242 802 2268 καὶ
819 2242 927 2269 πάντων
943 2250 967 2279 υ

142 2292 257 2327 τωιητής
271 2291 355 2317 ἐστιν.

179 2341 254 2376 Στιχ.
271 2343 347 2374 ι’-ιγ⁴.
370 2355 403 2359 -
422 2339 607 2375 Ἐφοὸήοησαν
623 2340 648 2366 οἱ
670 2339 765 2376 ἄνδρες
781 2340 929 2374 ἀκηκοότες

142 2385 239 2416 ταῦτα,
251 2384 289 2416 ὼς
300 2384 333 2411 ἂν
345 2383 393 2410 τοῦ
406 2384 511 2411 πάντων
525 2383 637 2419 ποιητοῦ
650 2384 709 2410 κατ’
721 2384 811 2410 αὐτῶν
821 2392 930 2419 κεκινη-

145 2432 226 2466 μένου
240 2439 247 2445 ·
264 2430 324 2457 ὅθεν
346 2430 396 2457 καὶ
416 2430 461 2457 τὸν
486 2431 625 2466 προφήτην
649 2429 778 2465 ἠρώτων·
796 2429 828 2455 Τί
852 2429 930 2456 τοῦτο

143 2477 292 2512 ὶποίησας;
308 2477 356 2504 καὶ
368 2476 515 2512 ἐπειδήπερ
528 2476 649 2510 ἔγνωσαν
664 2475 744 2502 αὐτὸν
757 2477 790 2502 ἐκ
803 2475 850 2501 τοῦ
862 2474 930 2501 Θεοῦ

144 2522 308 2556 πεφευγέναι
336 2522 385 2558 τὴν
411 2522 561 2557 ὑπόμνησιν
582 2521 738 2548 ἐκκλίνοντα
752 2521 801 2556 τὴν
816 2520 930 2553 ἐκεῖθεν,

145 2567 206 2595 εἷτα
226 2568 264 2603 τῷ
288 2569 401 2604 παρόντι
416 2568 464 2594 σὺν
478 2568 568 2598 αὐτοῖς
584 2567 823 2603 περιπεπτωκέναι
842 2566 930 2602 κακῷ,

146 2614 185 2648 (p.
198 2613 262 2648 ΞΠ)
276 2613 314 2645 ὡς
330 2613 363 2640 ἂν
378 2613 454 2648 γνοίη
470 2612 607 2648 πανταχοῦ
623 2613 743 2648 παρόντα
756 2621 786 2639 τε
799 2613 843 2639 τὸν
854 2612 931 2644 Θεὸν,

146 2658 194 2685 καὶ
205 2659 306 2694 ὁμοίως
322 2658 476 2694 ἁπανταχοῦ
489 2658 523 2685 τὰ
536 2658 665 2685 δοκοῦντα
678 2659 869 2694 ἐργαζόμενον,
885 2657 933 2684 καὶ

148 2704 216 2739 μηδὲ
231 2701 294 2731 Ἲοῖόν
313 2713 343 2730 τε
357 2702 426 2731 εἶναι
440 2705 534 2739 φυγεῖν
548 2704 592 2731 τὸν
608 2705 728 2731 τοιοῦτον
741 2713 748 2720 ·
770 2704 838 2739 πρὸς
852 2703 932 2730 αὑτὸν

145 2749 178 2785 δὴ
191 2750 284 2777 λοιπὸν
298 2749 345 2776 τὸν
363 2750 506 2785 προφήτην
522 2749 602 2784 φασίν
612 2759 619 2765 ·
647 2759 658 2776 ι
671 2750 703 2776 Τί
717 2758 758 2776 σοι
772 2749 931 2784 ποιήσομεν,

146 2796 194 2821 καὶ
208 2795 325 2822 κοπάσει
343 2795 361 2830 ή
377 2794 498 2822 Θάλασσα
513 2795 557 2829 ἀφ’
575 2795 669 2830 ὴμῶν;
687 2805 696 2820 ι
731 2795 778 2821 Ἐκ
800 2793 853 2829 γὰρ
879 2795 932 2820 τῶν

148 2841 301 2876 εἰρημένων
317 2841 352 2868 τὰ
368 2840 433 2875 περὶ
446 2840 527 2867 αὑτὸν
543 2840 701 2874 ἐγνωκότες.
716 2841 763 2867 καὶ
774 2840 815 2866 ὅτι
829 2840 934 2875 ὑπηρέ-

145 2893 196 2921 της
211 2894 242 2912 τε
259 2886 308 2913 καὶ
332 2885 477 2921 προφήτης
499 2885 554 2912 ἐστὶ
567 2884 613 2912 τοῦ
634 2885 712 2919 Θεοῦ,
727 2885 775 2912 καὶ
792 2885 824 2920 δὴ
839 2886 884 2912 καὶ
899 2885 934 2912 τὰ

971 277 1031 303 loco
1051 276 1130 308 dixit,
1153 284 1213 311 quae
1236 277 1368 312 propheta
1384 278 1475 312 priore
1497 281 1618 312 tempore
1641 276 1754 303 fecerat.

970 321 1062 357 Pergit
1083 330 1165 356 porro
1183 322 1286 354 dicere,
1309 327 1337 349 ut
1355 323 1521 358 gubernator
1536 324 1569 351 ad
1594 322 1755 358 prophetam

972 368 1117 395 videndum
1138 369 1252 398 venerit.
1275 369 1321 403 qui
1344 368 1370 394 in
1395 374 1470 396 tanta
1493 369 1614 396 omnium
1635 369 1755 403 trepida-

971 414 1045 440 tione
1063 413 1234 446 dormiebat;
1254 421 1372 448 emuque
1393 413 1564 446 excitaverit,
1587 414 1756 448 miratusque

973 458 1064 490 fuerit,
1079 458 1152 494 quod
1171 460 1197 485 iu
1214 466 1246 486 eo
1266 459 1408 493 procinctu
1427 460 1530 486 nullutn
1551 460 1608 494 ipse
1626 460 1756 495 ingrueri-

973 505 1041 531 tium
1063 504 1195 531 malorum
1212 512 1323 532 sensum
1339 505 1509 539 perciperet;
1535 503 1583 531 sed
1599 504 1679 531 veluti
1693 512 1755 539 pro-

975 550 1059 577 funda
1090 550 1239 578 securitate
1267 553 1386 578 stertens
1412 550 1553 578 dormiret.
1585 549 1655 585 Ergo
1681 550 1756 576 illmn

973 597 1124 627 admonuit,
1147 601 1176 623 ut
1190 596 1384 631 expergiscens
1404 596 1483 623 deum
1506 603 1585 623 suum
1606 596 1756 629 invocaret,

974 643 996 671 si
1011 643 1079 670 forte
1094 643 1130 669 ab
1145 650 1179 670 eo
1193 645 1379 669 servarentur.

1010 730 1094 759 Vens.
1111 731 1167 758 7-9.
1181 746 1211 750 —
1227 730 1278 758 Sed
1294 731 1366 758 enim
1379 738 1442 758 cum
1457 731 1587 766 propheta
1604 730 1758 764 nihilejus-

974 776 1047 803 modi
1073 781 1174 812 ageret,
1203 777 1267 811 quia
1291 777 1409 803 intutum
1435 776 1608 803 existimabat
1630 776 1758 811 precibus

975 831 1037 850 eum
1060 823 1212 850 obtundere
1234 831 1248 849 a
1269 830 1324 858 quo
1343 822 1480 857 fugiebat;
1497 830 1615 857 cumque
1635 823 1676 849 vis
1695 825 1760 849 tem—

977 869 1089 904 pestatis
1107 873 1281 904 augescurct,
1307 869 1486 896 decreverunt
1508 873 1606 899 nautae.
1632 869 1759 903 quisnam

944 913 963 940 B
976 919 1050 942 esset
1064 915 1124 949 ejus
1141 914 1205 941 mali
1221 919 1327 946 auctor,
1346 914 1442 942 sortito
1456 915 1610 949 exquirere.
1626 913 1696 942 Hinc
1712 922 1759 942 sa-

974 960 1010 986 tis
1030 959 1207 994 intelligimus
1229 959 1301 986 haud
1322 965 1480 994 generalem
1504 960 1588 987 luisse
1609 964 1665 987 toto
1690 960 1758 986 mari

975 1005 1131 1040 procellam,
1155 1006 1202 1034 sed
1222 1007 1295 1034 circa
1318 1006 1384 1034 illud
1406 1013 1490 1033 unum
1517 1005 1653 1041 navigium
1674 1005 1760 1032 unda-

974 1059 1035 1079 rum
1055 1052 1200 1086 strepitum
1213 1052 1359 1081 desmvisse
1377 1062 1384 1079 :
1402 1060 1456 1088 qua
1471 1060 1501 1080 re
1518 1051 1552 1079 ad
1565 1051 1758 1086 suspicandam

974 1103 1086 1124 causam
1116 1098 1246 1124 commoti
1278 1102 1378 1129 nautae,
1406 1097 1570 1125 calamitatis
1599 1096 1659 1130 ejus
1683 1104 1759 1124 reum

974 1141 1025 1169 sibi
1051 1141 1264 1170 discernendum
1289 1144 1411 1171 sortibus
1431 1147 1594 1178 putaverunt
1619 1141 1761 1170 :Domino

975 1188 1093 1216 fortasse
1114 1188 1170 1216 Deo
1189 1189 1259 1217 hanc
1279 1190 1333 1218 illis
1348 1190 1540 1224 cogitationem
1562 1189 1713 1224 ingerente,
1731 1193 1760 1215 ut

974 1239 1178 1270 consequenter
1190 1236 1296 1270 reliqua
1310 1239 1515 1271 peragerentur.
1533 1234 1603 1270 Ergo
1618 1243 1679 1262 cum
1694 1242 1761 1262 nau-

975 1283 1008 1306 tre
1024 1283 1113 1307 sortes
1128 1280 1273 1315 jecissent.
1290 1281 1385 1308 beatus
1403 1279 1488 1308 Jonas
1510 1280 1654 1314 praesentis
1668 1279 1762 1306 adver-

974 1325 1065 1354 silatis
1092 1333 1177 1354 causa
1204 1326 1409 1354 demonstratus
1437 1331 1489 1354 est.
1515 1325 1542 1353 Id
1569 1326 1640 1361 quod
1664 1325 1762 1353 deinde

974 1374 1064 1397 nautae
1083 1370 1226 1402 mirantes,
1252 1370 1390 1406 quodnam
1414 1371 1520 1398 scilicet
1538 1370 1583 1398 ille
1606 1374 1662 1397 tam
1680 1378 1763 1405 gravo

976 1415 1085 1443 facinus
1098 1415 1267 1448 admisisset,
1285 1420 1314 1443 ut
1327 1415 1396 1443 tanti
1414 1416 1477 1443 mali
1494 1420 1590 1444 auctor
1605 1417 1761 1448 exsisteret.

973 1465 1001 1486 et
1018 1459 1074 1494 jam
1092 1459 1246 1488 vehementi
1270 1460 1461 1496 objurgatione
1477 1468 1509 1488 ac
1531 1468 1614 1496 prope
1636 1461 1762 1496 judiciali

975 1504 1095 1533 formula
1123 1509 1240 1540 utentes,
1264 1511 1346 1541 atque
1371 1506 1509 1534 hominem
1539 1514 1589 1534 ceu
1610 1507 1667 1542 jam
1688 1511 1763 1535 sorte

974 1551 1133 1579 datnnatum
1169 1557 1331 1587 arguentes,
1368 1553 1499 1580 certiores
1531 1552 1587 1580 ﬁeri
1617 1553 1761 1586 volebant,

977 1598 1108 1632 quidnam
1124 1598 1181 1633 ipse
1203 1602 1347 1633 patrasset,
1371 1606 1452 1633 quam
1469 1603 1554 1626 artem
1577 1599 1761 1634 profiteretur,

977 1643 1050 1671 unde
1073 1643 1271 1678 digrederetur,
1295 1651 1414 1678 quonam
1441 1644 1574 1677 tenderet,
1594 1653 1647 1680 qua
1674 1647 1762 1681 patria

977 1689 1112 1717 oriundus
1127 1693 1210 1721 esset,
1229 1690 1271 1717 vel
1285 1689 1330 1717 cui
1345 1689 1487 1717 hominum
1499 1691 1572 1726 genti
1583 1691 1681 1719 allinis.
1697 1691 1762 1725 Qui-

978 1735 1028 1761 bus
1051 1735 1096 1762 ille
1119 1738 1212 1770 aperte
1233 1734 1376 1770 respondit
1396 1744 1403 1763 :
1423 1745 1432 1761 ι
1451 1735 1552 1764 Servus
1581 1736 1688 1764 Domini
1713 1745 1764 1773 ego

977 1789 1048 1812 sum,
1063 1780 1207 1808 Dominum
1224 1780 1308 1808 Deum
1319 1782 1381 1809 caeli
1395 1782 1466 1814 colo,
1487 1782 1534 1816 qui
1552 1782 1630 1818 162
1647 1791 1722 1810 mare
1735 1789 1763 1810 ct

978 1826 1084 1853 aridam
1101 1826 1174 1854 fecit.
1191 1836 1201 1852 ι
1218 1826 1286 1854 Nam
1303 1827 1367 1862 quia
1385 1827 1423 1855 illi
1440 1827 1593 1855 idololatra:
1605 1833 1694 1862 erant,
1716 1837 1763 1864 pe-

977 1871 1110 1898 culiarem
1124 1871 1183 1905 ipse
1196 1871 1355 1907 religionem
1376 1879 1455 1899 suam
1470 1872 1632 1906 declaravit,
1651 1872 1716 1900 dum
1733 1882 1764 1901 se

979 1915 1025 1943 Dei
1056 1924 1164 1943 servum
1186 1916 1274 1949 dixit;
1299 1918 1453 1945 studiosqu
1476 1925 1572 1953 nempe
1591 1926 1764 1954 summopeI-e

977 1963 1079 1993 cultus,
1098 1963 1144 1998 qui
1163 1970 1224 1989 eum
1249 1962 1372 1994 decebat,
1398 1963 1556 1998 praestandi.
1574 1963 1667 1999 Neque
1690 1968 1763 1992 enim

978 2006 1097 2041 generali
1114 2006 1232 2042 quadam
1259 2007 1365 2035 ratione
1389 2016 1419 2035 se
1437 2008 1506 2035 dixit
1519 2017 1531 2034 ‹
1551 2016 1671 2042 servum,
1690 2020 1699 2035 ι
1719 2018 1766 2037 cu-

975 2050 1097 2085 jusmodi
1121 2051 1189 2079 alios
1211 2059 1320 2086 quoque
1340 2056 1438 2080 nautas
1462 2061 1532 2088 opus
1548 2058 1608 2081 erat
1631 2053 1679 2082 Dei
1701 2063 1764 2082 esse

979 2104 1084 2129 servos,
1096 2104 1111 2124 a
1130 2105 1185 2132 quo
1198 2097 1306 2125 fuerant
1323 2099 1419 2126 creati.
1437 2098 1539 2127 Deinde
1551 2103 1579 2127 et
1598 2100 1762 2136 singularem

979 2143 1117 2170 notionem
1129 2142 1215 2170 edidit
1228 2143 1288 2178 ejus
1302 2143 1347 2171 Dei
1358 2145 1404 2171 cui
1417 2149 1478 2172 erat
1487 2145 1617 2179 devotus;
1633 2147 1763 2174 nimirqu

979 2190 1016 2216 ait
1041 2197 1071 2217 se
1101 2190 1190 2217 colere
1210 2190 1294 2218 Deum
1325 2198 1340 2217 a
1357 2199 1413 2226 quo
1438 2192 1547 2224 coelum.
1570 2197 1653 2224 terra,
1676 2200 1763 2225 mare,

981 2243 1078 2270 resque
1091 2243 1187 2264 omnes
1201 2241 1300 2264 creatae
1313 2236 1432 2264 fuerunt.

1015 2333 1099 2361 Vsus.
1123 2334 1216 2363 10-53.
1228 2335 1330 2368 —Quo
1349 2335 1452 2369 audito,
1490 2342 1658 2371 cxpaverunt
1675 2338 1765 2366 homi-

981 2389 1048 2412 nes.
1080 2382 1152 2416 quod
1184 2382 1312 2408 nimirum
1340 2382 1474 2409 universa:
1504 2387 1608 2411 natura:
1638 2385 1764 2412 conditor

981 2432 1077 2454 contra
1097 2435 1127 2454 se
1143 2431 1298 2455 commotus
1319 2428 1426 2455 fuisset.
1444 2427 1626 2462 Quamobrem
1645 2431 1764 2466 prophe-

981 2477 1035 2500 tam
1061 2473 1283 2506 sciscitabantur,
1305 2474 1443 2509 quodnam
1465 2475 1568 2503 crimen
1590 2477 1764 2510 patravisset.

985 2518 1044 2545 Mox
1065 2519 1109 2546 ubi
1129 2519 1201 2546 hunc
1216 2519 1308 2555 fugere
1323 2527 1338 2547 a
1355 2519 1409 2548 Deo
1420 2527 1615 2556 cognoverunt,
1635 2526 1718 2558 atque
1730 2524 1766 2551 ab

981 2565 1041 2599 ejus
1057 2565 1287 2593 admonitionibus
1299 2566 1451 2598 declinare;
1472 2566 1588 2601 ideoque
1603 2567 1630 2594 in
1645 2575 1766 2602 praesen-

984 2615 1039 2637 tem
1064 2617 1126 2637 cum
1144 2610 1213 2645 ipsis
1233 2611 1415 2638 calamitatem
1437 2612 1597 2643 incurrisse,
1615 2617 1644 2640 ut
1663 2621 1767 2648 cogno-

983 2661 1072 2683 sceret
1094 2655 1178 2683 Deum
1201 2655 1300 2690 ubique
1320 2656 1462 2688 interesse,
1484 2657 1616 2693 nulloque
1637 2658 1698 2686 loco
1710 2667 1765 2686 non

983 2709 1032 2728 sua
1057 2702 1155 2736 placita
1182 2701 1281 2733 facere,
1295 2710 1383 2737 neque
1399 2702 1455 2730 ﬁeri
1481 2711 1572 2738 posse,
1595 2709 1625 2732 ut
1642 2706 1767 2732 mortalis

983 2748 1126 2782 quisquam
1153 2748 1187 2775 ab
1207 2748 1267 2783 ejus
1287 2753 1421 2783 potestate
1444 2749 1583 2783 discedat;
1603 2751 1765 2786 prophetam

983 2793 1081 2821 deinde
1104 2798 1191 2821 nauta:
1215 2795 1365 2829 rogabant:
1387 2804 1396 2820 ι
1411 2795 1482 2828 Quid
1506 2795 1554 2822 tibi
1581 2796 1712 2824 faciemus
1737 2800 1769 2823 ut

984 2846 1058 2866 mare
1084 2839 1163 2866 nobis
1191 2839 1322 2866 sedetur?
1344 2849 1354 2866 ι
1386 2839 1452 2867 Nam
1482 2848 1515 2867 ex
1547 2841 1630 2869 dictis
1657 2843 1767 2875 cognita

985 2885 1103 2914 hominis
1116 2893 1242 2921 persona,
1265 2894 1360 2922 nempe
1374 2887 1444 2922 quod
1460 2887 1579 2915 famulus
1593 2891 1619 2915 et
1635 2887 1767 2922 propheta
