1972 3066
201 153 254 181 555

795 152 968 180 'l‘llEODOHI
989 152 1231 182 MOPSUESTE‘NI

1775 153 1828 181 336

204 211 249 239 Dei
271 215 359 244 esset;
385 219 446 239 cum
463 211 533 238 facta
562 219 672 246 quoque
694 211 785 239 verbis
809 216 991 239 consentanea

1045 213 1192 248 πράγματα
1205 211 1349 246 συνᾴδοντα
1360 213 1415 244 τοῖς
1427 211 1582 247 λεγομένοις
1592 212 1752 246 ἐγνωκότες,
1763 215 1830 248 παρ’

203 259 414 294 comperissent.
435 258 470 285 ab
483 265 516 285 eo
535 257 642 285 discere
657 257 813 289 voluerunt,
836 258 903 292 quid
926 266 942 284 a
963 266 992 285 se

204 304 261 332 fieri
278 308 414 339 oporteret
429 305 465 331 ob
479 303 676 339 impetrandam
700 303 845 338 praesentis
863 303 925 330 mali
951 303 993 330 fu-

203 358 276 385 gam.
296 348 383 376 Porro
407 349 483 376 addit
511 348 673 383 Scriptura,
699 355 774 375 mare
802 347 992 374 vehementius

205 396 350 427 ferbuisse,
367 394 521 429 ﬂuctusque
537 394 657 429 majores
672 394 823 427 extulisse;
842 397 991 428 tempesta-

204 441 238 468 tis
260 440 366 472 scilicet
389 440 584 467 incrementum
610 439 780 474 signiﬁcans,
807 439 887 473 cujus
908 446 992 466 causa

204 493 261 512 rem
284 485 422 520 negligere
437 488 525 511 nautae
543 491 597 511 non
615 487 753 519 poterant.
771 483 873 511 Deinde
893 484 968 511 addit
983 494 990 511 ε

206 539 215 555 ι
232 529 359 564 Dixitque
377 530 416 556 eis
431 527 633 558 Jonas,Tollite
644 536 687 556 me
705 532 732 555 et
750 528 835 563 jacite
856 528 883 555 in
905 536 990 560 mare,

203 574 276 608 quod
293 574 366 600 illico
385 573 463 600 vobis
486 573 644 600 sedabitur:
668 574 730 600 novi
750 574 822 600 enim
843 574 990 608 procellam

205 619 341 654 ingentem
363 619 432 646 hanc
449 619 500 646 mei
517 626 601 646 causa
622 619 699 646 vobis
718 620 875 646 excitatam.
893 629 903 646 ι
926 619 990 655 Ego,

204 665 305 699 inquit,
324 665 422 692 horum
446 665 524 692 vobis
549 664 627 700 origo
652 666 785 692 malorum
809 674 891 693 sum:
908 674 993 701 quare

204 710 307 738 suadeo
330 715 360 737 ut
380 718 422 737 me
448 711 475 737 in
496 710 661 745 profundum
687 711 833 746 mergatis,
855 719 910 746 quo
933 719 992 746 po:-

203 763 254 783 nas
270 756 331 783 dem
351 756 437 791 culpa:
462 763 528 783 meae
554 756 580 783 in
605 756 701 788 Deum,
727 765 830 791 vosque
850 757 925 784 necis
950 758 992 784 la-

204 809 275 836 queo
298 801 490 837 expediamini.
518 800 711 829 Verumtamen
742 802 780 829 illi
808 802 992 837 periculosum

206 847 284 883 163
298 846 486 874 existimantes
503 846 584 873 talem
605 846 693 873 virum
712 847 814 881 Deique
830 846 991 874 familiarem

1043 258 1125 285 αὑτοῦ
1150 258 1246 294 μαθεῖν
1269 258 1451 294 ἐϐουλήθησαν
1473 258 1499 286 τί
1521 258 1554 294 δὴ
1577 260 1715 294 προσῆκεν
1731 258 1830 291 αὐτοὺς

1042 304 1240 339 διαπράξασθαι
1255 304 1303 331 καὶ
1316 304 1504 340 ἀπαλλαγῆναι
1520 305 1567 331 τοῦ
1585 304 1717 340 παρόντος
1730 304 1829 331 κακοῦ.

1042 352 1096 378 Καὶ
1107 352 1213 385 ὲπὰγει’
1229 352 1269 378 ὅτι
1284 361 1293 376 ι
1313 351 1341 378 'll
1354 351 1475 378 θάλασσα
1487 351 1632 387 ἐπορεύετο
1645 352 1693 378 καὶ
1706 351 1830 386 ἐξήγειρε

1046 397 1145 432 μᾶλλον
1163 397 1293 423 κλύδωνα·
1309 407 1318 423 ι
1333 397 1439 428 δεικνὺς
1455 397 1496 423 ὃτι
1510 396 1667 432 προσθήκην
1682 396 1726 422 ἀεὶ
1737 396 1771 422 τὰ
1781 395 1829 422 τοῦ

1042 443 1175 478 χειμῶνος
1199 443 1314 477 ἐδέχετο,
1328 443 1365 474 ὡς
1388 443 1420 469 ἂν
1447 442 1483 478 μὴ
1506 443 1533 469 ἐν
1550 442 1664 477 ἀμελείᾳ
1677 442 1702 467 οἱ
1717 441 1786 468 κατὰ
1799 441 1830 467 τὸ

1043 489 1132 514 πλοῖον
1150 489 1220 514 θεῖεν
1240 489 1270 514 τὸ
1286 489 1436 524 γινόμενον.
1463 485 1530 515 Εῖτά.
1551 495 1635 523 φησι·
1657 497 1665 512 ι
1680 488 1736 514 Καὶ
1753 486 1830 513 εἶπεν

1050 535 1142 567 Ἰωνᾶς
1155 535 1221 570 πρὸς
1238 535 1344 567 αὐτούς·
1362 535 1462 570 ’Ἄρατε
1478 535 1524 561 καὶ
1537 533 1667 569 ἐμϐάλετέ
1683 542 1716 568 με
1728 534 1768 565 είς
1780 533 1830 568 τῆν

1043 580 1180 608 θάλασσαν
1190 601 1197 612 ,
1221 581 1268 607 καὶ
1284 581 1397 608 κοπάσει
1414 582 1430 615 ἡ
1446 580 1566 607 Θάλασσα
1581 581 1626 614 ἀφ’
1643 579 1719 614 ὑμῶν
1732 587 1739 594 ο
1763 579 1830 605 διότι

1042 626 1148 661 ἔγνωκα
1162 626 1216 661 ἐγὼ
1232 627 1272 653 ὅτι
1286 627 1318 653 δι’
1334 626 1383 661 ἐμὲ
1399 628 1414 653 ό
1425 626 1527 652 κλύδων
1540 622 1618 657 οὗτος
1631 626 1644 652 ό
1660 625 1745 660 μέγας
1755 624 1830 650 ἐστὶν

1043 673 1084 706 ἐφ’
1101 673 1183 708 ὑμᾶς.
1196 682 1205 698 ι
1230 672 1300 706 Ἐγὼ
1315 673 1363 707 μὲν
1378 671 1442 706 γὰρ,
1461 672 1538 706 φησὶ.
1555 671 1657 697 τούτων
1670 671 1755 701 αἴτιος
1765 670 1830 704 ὑμῖν

1043 719 1101 752 είμι
1115 718 1169 744 τῶν
1184 718 1276 744 κακῶν
1289 727 1296 734 ’
1323 717 1498 752 συμϐουλεύω
1513 717 1540 743 δέ
1557 718 1621 752 ύμῖν
1644 717 1722 752 ῥῖψαί
1739 725 1772 752 με
1789 718 1830 748 είς

1042 763 1091 798 τὴν
1103 763 1251 796 Θάλασσαν,
1269 763 1305 794 ὡς
1325 763 1357 790 ἂν
1371 763 1426 797 ἐγὼ
1439 763 1513 798 δοίην
1528 763 1605 794 δίκας
1619 763 1688 797 ὑπὲρ
1704 762 1722 789 ἃ
1736 763 1829 797 ἥμαρ-

1042 818 1087 836 τον
1101 810 1140 841 είς
1154 809 1230 841 Θεὸν,
1245 810 1321 836 αὐτοί
1334 817 1363 835 τε
1382 808 1458 835 λύσιν
1471 809 1524 835 τῶν
1538 809 1706 844 κατεχόντων
1721 807 1829 835 λάϐοιτε

1043 855 1135 882 κακῶν
1148 864 1155 871 ’
1183 856 1241 882 ἀλλ’
1263 855 1361 882 ἐκεῖνοί
1381 864 1413 890 γε
1438 855 1571 890 σφαλερὸν
1590 853 1659 881 εἶναι
1673 854 1829 890 νομίζοντες

206 903 232 921 ιη
251 901 326 921 mare
349 898 450 922 temere
471 893 602 928 abjicere,
622 894 724 920 (labant
741 898 852 921 strenue
866 901 989 928 operam,

1045 901 1124 936 ἄνδρα
1146 901 1271 927 τοσοῦτον
1293 901 1340 927 καὶ
1363 900 1421 936 Θεῷ
1439 900 1611 936 προσήκοντα
1633 901 1672 931 εἰς
1693 899 1829 927 θάλατταν

204 941 226 966 si
251 940 308 967 fieri
325 944 417 974 posset
433 943 462 966 ut
486 939 519 966 ad
539 939 604 966 litus
622 940 711 966 navim
735 939 913 974 appellentes,
929 947 991 973 pro-

204 986 310 1020 phetam
329 990 508 1020 exponerent.
537 984 590 1012 Sed
617 993 679 1012 cum
706 985 732 1012 id
760 986 871 1020 assequi
890 985 990 1019 ncqui-

204 1031 318 1063 visseut,
335 1031 498 1066 graviorque
510 1031 595 1058 maris
604 1035 688 1058 aestus
700 1031 786 1063 ﬁeret,
799 1031 905 1066 praefati
918 1031 990 1066 apud

204 1077 288 1104 Deum
309 1077 360 1109 rei,
384 1083 466 1111 quam
484 1076 574 1103 acturi
598 1080 688 1108 erant,
714 1077 931 1108 excusationem,
954 1077 989 1104 ita

203 1122 312 1150 demum
323 1122 483 1158 prophetam
500 1121 528 1148 in
540 1129 614 1149 mare
625 1122 795 1157 dejecerunt.

239 1267 323 1295 Vens.
342 1267 438 1294 “~16.
454 1282 489 1287 -—
508 1267 615 1302 Quippe
626 1267 664 1294 ait
679 1265 839 1299 Scriptura:
861 1275 871 1290 ι
890 1266 989 1293 Excla—

203 1315 348 1339 maverunt
362 1311 395 1338 ad
411 1311 555 1338 Dominum
573 1309 631 1338 :Ne
646 1318 797 1346 percautus,
814 1309 938 1344 Domine,
955 1311 990 1338 ob

204 1358 286 1391 hujus
300 1356 418 1384 hominis
433 1356 527 1389 vitam,
546 1363 633 1390 neque
656 1356 816 1391 sanguinem
841 1356 989 1383 innocuum

204 1404 284 1431 nobis
299 1403 428 1438 imputes,
442 1403 507 1438 quia
522 1407 561 1435 tu,
578 1402 703 1433 Domine.
719 1407 799 1437 prout
815 1402 863 1430 tibi
881 1402 988 1430 libitum

204 1450 255 1476 fuit
271 1457 328 1476 rem
340 1449 460 1483 gessisti.
479 1458 488 1474 ι
507 1448 545 1475 Ne
565 1455 671 1483 ptenas,
691 1449 829 1482 inquiunt,
855 1448 889 1475 de
910 1448 989 1476 nobis

204 1501 309 1524 sumas.
321 1493 398 1527 quasi
420 1493 554 1520 hominem
569 1492 674 1527 justum
695 1492 755 1519 sine
766 1499 849 1519 causa
866 1493 892 1519 in
916 1500 990 1520 mare

203 1540 368 1576 jecerimus;
388 1539 468 1568 nobis
482 1539 728 1574 enimmagnoper'e
740 1539 768 1566 in
781 1539 853 1566 votis
868 1543 926 1566 erat
942 1539 990 1566 ho-

1045 947 1136 978 ἁτιλῶς
1152 947 1301 982 ἐκρίπτειν,
1318 947 1497 981 ἐφιλονείκουν
1511 946 1538 972 εἴ
1550 955 1608 978 πως
1620 943 1675 972 οἷόν
1684 955 1713 972 τε
1724 946 1770 972 ἐπὶ
1779 945 1829 981 τὴν

1044 993 1095 1028 γῆν
1113 993 1313 1024 ἐπανελθόντες,
1336 992 1421 1023 οὕτως
1437 991 1482 1018 τοῦ
1508 992 1601 1018 πλοίου
1618 992 1662 1018 τὸν
1688 991 1829 1028 προφήτην

1043 1035 1200 1070 ἐξαγαγεῖν
1232 1037 1241 1064 ί
1254 1044 1279 1071 p.
1297 1036 1368 1071 248)
1395 1036 1488 1071 ἐπειδὴ
1513 1036 1542 1062 δὲ
1568 1036 1647 1063 τοῦτο
1668 1037 1753 1062 ποιεῖν
1776 1036 1828 1062 οὐκ

1042 1082 1173 1118 ἠδύναντο
1196 1082 1382 1118 ἐπιτεινούσης
1403 1083 1494 1113 αὐτοῖς
1516 1081 1560 1108 τὸν
1579 1082 1699 1116 χειμῶνα
1714 1082 1763 1117 τῆς
1779 1082 1828 1109 θα-

1043 1129 1161 1164 λάσσης,
1187 1129 1419 1163 ἀπολογησάμενοι
1440 1129 1478 1162 τῷ
1498 1127 1557 1163 Θεῷ
1570 1128 1641 1164 ὑπὲρ
1655 1125 1684 1155 οὗ
1697 1128 1729 1164 δὴ
1744 1130 1830 1164 πράτ-

1043 1183 1100 1201 τειν
1121 1174 1253 1210 ἤμελλον,
1278 1174 1349 1201 οὕτω
1364 1175 1397 1209 τῇ
1420 1173 1542 1211 θαλάσσῃ
1563 1174 1609 1201 τὸν
1628 1175 1769 1210 προφήτην
1784 1176 1827 1201 ἐν.

1044 1220 1149 1247 έΰαλον.

1078 1265 1151 1300 Στίχ.
1166 1265 1263 1297 ιδ’-ις’.
1276 1281 1310 1285 -
1320 1265 1401 1299 Λέγει
1414 1265 1468 1301 γὰρ
1482 1265 1578 1297 οὕτως·
1597 1265 1666 1292 «Kal
1679 1265 1829 1301 ἀνεϐόησαν

1043 1311 1111 1346 πρὸς
1126 1310 1226 1347 Κύριον
1249 1311 1296 1337 καὶ
1318 1309 1408 1338 εἶπαψ
1425 1311 1576 1347 Μηδαμῶς,
1593 1311 1689 1347 Κύριε,
1709 1312 1745 1347 μὴ
1762 1312 1829 1338 ἀπο-

1042 1355 1150 1390 λώμεθα
1167 1355 1259 1382 ἕνεκεν
1272 1356 1321 1390 τῆς
1336 1355 1424 1390 ψυχῆς
1439 1356 1484 1382 τοῦ
1498 1355 1641 1392 ἀνθρώπου
1656 1355 1760 1388 τούτου,
1781 1356 1829 1382 καὶ

1044 1401 1081 1437 μὴ
1093 1401 1163 1436 δῲης
1181 1402 1221 1435 ἐφ’
1236 1401 1310 1436 ἡμᾶς
1324 1398 1393 1436 αἷμα
1406 1401 1509 1428 δίκαιον
1520 1410 1526 1418 ν
1545 1401 1611 1428 διότι
1629 1402 1672 1434 σὺ,
1688 1401 1782 1436 Κύριε,
1798 1401 1829 1428 δν

1042 1448 1140 1483 τρόπον
1155 1447 1264 1474 ἐϐούλου
1278 1447 1438 1482 πεποίηκας.
1453 1457 1463 1474 ι
1481 1447 1526 1483 Μὴ
1537 1448 1591 1483 γὰρ
1602 1447 1644 1483 δὴ,
1660 1448 1736 1483 φησὶ,
1747 1456 1830 1482 τιμω-

1045 1493 1104 1529 ρίαν
1119 1493 1184 1528 ἡμῖν
1198 1493 1353 1528 ἐπαγάγῃς,
1369 1493 1406 1524 ὡς
1421 1492 1454 1520 ἂν
1468 1493 1570 1520 δίκαιον
1584 1493 1672 1528 μάτην
1687 1493 1830 1528 ῥίπτουσιν

1043 1540 1083 1570 είς
1098 1539 1244 1571 θάλασσαν,
1259 1540 1351 1574 ἐπειδὴ
1364 1540 1430 1575 ἡμῖν
1444 1540 1492 1575 μὲν
1506 1538 1540 1575 ἦν
1557 1540 1620 1575 περὶ
1634 1540 1760 1566 πλείστου
1775 1547 1828 1566 σω-

204 1587 303 1614 minem
315 1593 498 1614 conservare:
518 1585 566 1613 sed
586 1585 665 1612 aliter
679 1585 727 1612 tibi
742 1585 830 1613 visum
851 1585 913 1613 inde
923 1593 990 1613 con-

1045 1585 1121 1620 θῆναι
1133 1585 1179 1611 τὸν
1192 1585 1284 1620 ἄνδρα·
1301 1586 1331 1611 ού
1346 1586 1439 1620 γέγονε
1453 1586 1481 1612 δὲ
1495 1585 1583 1618 τοῦτο,
1599 1586 1636 1617 ὼς
1649 1585 1720 1612 ἐοικέ
1734 1594 1774 1612 σοι
1790 1585 1828 1621 μὴ

204 1636 269 1664 stat,
285 1632 359 1667 quod
382 1636 462 1658 aucta
480 1631 609 1666 procella,
625 1630 698 1658 haud
723 1639 774 1658 nos
795 1632 882 1659 sivisti
910 1631 991 1660 saluti

204 1678 323 1706 hominis
338 1677 490 1705 consulere.
508 1677 555 1705 liis
569 1685 618 1712 pro
636 1685 664 1704 se
682 1677 752 1711 apud
766 1676 851 1704 Deum
872 1685 992 1712 perora—

203 1725 250 1754 tis,
264 1723 361 1750 Ionam
385 1723 454 1750 mari
472 1727 642 1756 merserunt;
660 1727 742 1758 atque
771 1723 844 1750 illico
867 1725 992 1758 proeella:

204 1769 296 1795 omnis
305 1768 395 1796 fervor
407 1769 526 1803 quievit:
539 1768 613 1796 unde
627 1773 654 1795 et
669 1769 742 1803 gravi
758 1772 863 1796 terrore
873 1769 992 1804 correpti

205 1819 268 1842 sunt
284 1818 418 1847 vectores,
433 1814 551 1850 supremi
569 1814 676 1841 Domini
699 1815 819 1848 potentia
830 1815 931 1850 agnita,
945 1815 991 1850 qui

205 1868 281 1887 mare
293 1868 343 1894 pro
359 1860 435 1887 libito
449 1865 649 1893 commoverat,
670 1860 818 1896 eodemque
835 1869 896 1887 mox
915 1861 992 1888 libito

205 1907 329 1942 quietum
347 1906 520 1941 praestiterat.
546 1906 615 1934 Exin
632 1906 751 1939 additur,
770 1905 842 1941 quod
861 1915 870 1931 ι
893 1911 920 1933 et
939 1905 991 1932 Do-

206 1954 281 1980 mino
309 1953 532 1984 sacrificaverint.
557 1957 584 1980 et
610 1958 670 1980 vola
695 1954 881 1987 conceperint.
897 1962 907 1978 ι
933 1951 992 1979 Non

206 2000 278 2034 quod
293 1999 329 2026 ibi
346 1999 436 2026 statim
449 1998 564 2026 Domino
579 2007 657 2027 sacra
672 1999 803 2031 fecerint;
818 2006 906 2033 neque
919 1998 992 2026 enim

208 2045 234 2072 in
254 2045 317 2071 navi
335 2045 441 2072 hostias
460 2044 578 2071 oblaturi
591 2049 669 2072 erant
688 2055 694 2072 :
716 2044 763 2072 sed
786 2043 927 2079 Scriptura
953 2044 992 2072 si-

206 2090 326 2126 gniﬁcat.
342 2095 465 2118 vectores
484 2090 545 2118 illos
556 2091 635 2125 plane
655 2090 688 2117 ab
699 2090 778 2118 idolis
789 2089 934 2121 defecisse,
951 2097 994 2118 se-

206 2144 260 2171 que
276 2135 321 2163 Dei
337 2136 423 2163 cultui
440 2135 595 2169 addixisse;
613 2136 665 2164 lide
683 2135 756 2168 data,
774 2143 803 2163 se
818 2136 946 2171 deinceps
965 2136 992 2163 in

206 2183 267 2217 ejus
281 2182 412 2209 famulatu
433 2183 551 2213 futuros.
565 2183 725 2217 debitasque
746 2182 871 2210 victimas
893 2182 992 2210 immo-

207 2230 322 2257 laturos.
339 2229 366 2256 ld
382 2231 453 2256 enim
472 2229 608 2264 significat
621 2233 684 2256 vota
695 2228 849 2263 concipere.

1042 1631 1138 1658 δοκοῦν
1148 1651 1154 1663 ,
1173 1632 1218 1666 ἀφ’
1234 1627 1271 1658 ὦν
1283 1632 1486 1667 ἐπιτεινόμενος
1503 1633 1516 1658 ὁ
1533 1632 1635 1658 κλύδων
1650 1633 1736 1658 ποιεῖν
1752 1633 1828 1667 ἡμᾶς

1042 1677 1076 1704 τὰ
1091 1679 1130 1708 είς
1146 1678 1281 1712 σωτηρίαν
1294 1678 1341 1704 τοῦ
1357 1678 1500 1713 ἀνθρώπου
1513 1679 1563 1705 οὐκ
1576 1678 1620 1705 εἴα
1631 1687 1637 1694 ·
1654 1678 1725 1705 οὕτω
1740 1687 1769 1705 τε
1783 1678 1828 1705 διὰ

1042 1723 1146 1748 τούτων
1171 1723 1432 1758 ἀπολογησάμενοι
1455 1723 1494 1756 τῷ
1518 1723 1579 1756 Θεῷ
1607 1724 1660 1750 τῶν
1686 1723 1828 1758 ῥημάτων,

1043 1768 1168 1795 ἐνέϐαλον
1190 1768 1234 1795 τὸν
1257 1768 1347 1795 Ἰωνᾶν
1371 1771 1411 1801 εὶς
1424 1770 1471 1805 τὴν
1490 1769 1641 1797 θάλασσαν·
1657 1769 1704 1796 καὶ
1720 1769 1800 1800 εὐθὺς
1813 1769 1829 1796 ὸ

1043 1813 1145 1840 κλύδων
1159 1815 1229 1844 ita;
1243 1814 1381 1842 ἐπαύσατο
1392 1823 1398 1830 ·
1420 1815 1489 1842 ὥστε
1507 1816 1554 1842 καὶ
1569 1816 1643 1851 φόϐῳ
1656 1815 1765 1851 μεγάλῳ
1778 1824 1828 1842 κα-

1041 1860 1205 1895 τασχεθῆναι
1224 1861 1285 1892 τοὺς
1301 1861 1398 1896 ἄνδρας
1409 1882 1415 1893 ,
1437 1861 1621 1897 θεασαμένους
1637 1861 1686 1898 τὴν
1703 1861 1828 1894 ἐξουσίαν

1042 1906 1088 1932 τοῦ
1105 1907 1212 1933 πάντων
1227 1907 1339 1942 Κυρίου,
1352 1908 1381 1938 ὃς
1396 1908 1441 1934 καὶ
1456 1908 1615 1944 συνεκίνησε
1629 1909 1677 1944 τὴν
1690 1907 1827 1935 θάλασσαν

1043 1952 1080 1984 ὡς
1094 1952 1219 1979 ἐϐούλετο
1230 1973 1237 1984 ,
1260 1953 1307 1979 καὶ
1323 1953 1462 1988 βουληθεὶς
1477 1954 1561 1989 αὐτὴν
1584 1954 1648 1981 εὐθὺ
1669 1954 1715 1981 καὶ
1738 1962 1829 1990 παρα-

1043 1998 1137 2034 χρῆμα
1151 1994 1240 2025 πᾟσαν
1257 2000 1297 2031 είς
1313 1999 1433 2036 γαλήνην
1451 2000 1624 2036 μετέστησεν.
1641 1999 1708 2027 Εἶτα
1720 2001 1828 2034 ἐπάγει,

1042 2046 1082 2072 δτι
1103 2056 1111 2070 ι
1128 2047 1182 2072 Καὶ
1195 2045 1294 2072 ἔθυσαν
1309 2047 1349 2081 τῷ
1372 2047 1466 2082 Κυρίῳ
1489 2048 1535 2074 καὶ
1557 2047 1673 2083 ηὔξαντο
1694 2048 1775 2083 εὐχάς
1789 2057 1796 2063 ·
1817 2058 1826 2074 ι

1042 2091 1091 2126 οὐχ
1105 2092 1145 2118 δτι
1161 2092 1236 2127 παρὰ
1253 2092 1322 2118 αὐτὰ
1335 2092 1434 2120 ἔθυσαν
1444 2093 1484 2128 τῷ
1497 2093 1592 2129 Κυρίῳ
1607 2093 1694 2127 λέγων
1703 2102 1710 2109 ⁵
1732 2094 1763 2120 οὐ
1775 2094 1829 2130 γὰρ

1043 2138 1089 2164 ἐπὶ
1107 2137 1153 2164 τοῦ
1169 2137 1262 2164 πλοίου
1281 2138 1376 2170 θυσίας
1393 2139 1508 2174 ἤμελλον
1533 2139 1666 2166 ἐπιτελεῖν
1679 2148 1686 2154 ·
1710 2139 1767 2166 ἀλλ’
1785 2139 1830 2167 ἵνα

1044 2183 1108 2218 εἴπῃ
1131 2183 1171 2209 ὅτι
1193 2183 1248 2209 τῶν
1272 2183 1388 2210 εἰδώλων
1413 2183 1551 2215 παντελῶς
1575 2184 1739 2216 ἀποστάντες
1752 2204 1759 2216 ,
1783 2185 1830 2211 ἀν-

1044 2229 1139 2257 έθεσαν
1163 2231 1261 2262 αὐτοὺς
1283 2232 1316 2266 τῇ
1331 2229 1377 2256 τοῦ
1403 2229 1470 2256 Θεοῦ
1494 2230 1621 2265 λατρεία,
1646 2230 1759 2266 (ρ.249)
1782 2231 1830 2257 καὶ

206 2277 356 2312 ὑπέσχοντο
367 2276 412 2304 τοῦ
428 2276 521 2303 λοιποῦ
533 2277 581 2312 τῆς
595 2277 676 2303 αὑτοῦ
690 2275 811 2306 δουλείας
825 2275 993 2309 ἀνθέξεσθαι,
1011 2277 1085 2306 αὐτῶ
1102 2286 1131 2304 τε
1145 2278 1192 2304 καὶ
1207 2279 1257 2309 τὰς
1272 2277 1445 2312 καθηκούσας
1464 2277 1609 2313 προσάξειν
1624 2277 1717 2309 θυσίας
1729 2286 1736 2293 ·
1751 2278 1830 2304 τοῦτο

206 2326 261 2360 γὰρ
275 2325 349 2360 λέγει
363 2324 404 2358 τὸ,
421 2324 558 2357 Ηῦξαντο
577 2324 678 2358 εὐχάς.

535 2370 612 2397 CAP.
624 2369 655 2397 ll.

243 2416 317 2443 Vens
329 2415 385 2442 1-7.
399 2430 435 2435 —
448 2414 533 2442 Porro
547 2414 631 2443 Jonas
643 2415 710 2442 mari
723 2416 817 2450 perdiu
828 2415 992 2452 iactabatur,

208 2460 296 2488 donec
317 2460 389 2489 Deus
399 2464 461 2487 ceto
485 2459 582 2495 grandi
600 2460 752 2492 mandavit,
775 2465 805 2488 ut
830 2460 992 2495 naufragum

209 2508 370 2534 devoraret:
397 2506 476 2540 cujus
502 2506 528 2532 in
548 2510 643 2533 ventre
663 2510 720 2534 tres
744 2506 803 2534 dies
818 2507 918 2534 mansit
931 2511 998 2534 tres-

209 2560 264 2586 que
273 2556 368 2580 noctes
386 2552 562 2587 incorruptus
578 2551 657 2586 plane
672 2552 823 2587 propheta:
844 2553 880 2580 ita
897 2556 928 2580 ut
940 2553 998 2587 ipse

211 2599 316 2626 mirans
328 2605 406 2625 suam
422 2598 493 2624 intra
511 2603 599 2625 cetum
609 2598 824 2625 incolumitatem
841 2602 868 2625 et
879 2598 995 2633 integri-

210 2648 305 2675 tatem,
330 2642 410 2679 164
434 2643 498 2670 dum
519 2644 555 2670 ibi
572 2651 622 2670 ceu
643 2644 670 2670 in
695 2644 859 2671 domuncula
880 2644 997 2679 quadam

213 2695 269 2717 tute
280 2690 366 2725 degit,
382 2697 532 2717 conversus
547 2690 580 2716 ad
599 2697 694 2724 preces
716 2695 770 2721 est,
794 2698 864 2725 quas
881 2698 913 2718 ex
941 2691 994 2717 ceti

212 2740 306 2764 ventre
323 2735 356 2763 ad
369 2735 455 2762 Deum
478 2735 548 2763 fudit
563 2745 570 2764 :
585 2744 702 2771 quarum
717 2744 828 2772 precum
845 2737 902 2764 haec
912 2736 995 2764 verba

212 2785 278 2809 sum
289 2790 296 2808 :
307 2790 317 2806 ι
332 2781 454 2809 Clamavi
472 2781 506 2809 ad
520 2781 665 2808 Dominum
680 2781 763 2809 Deum
779 2790 880 2814 meum,
893 2783 939 2817 qui
952 2790 995 2810 me

211 2827 370 2855 exaudivit:
387 2826 515 2854 emissam
533 2826 566 2854 de
583 2832 678 2855 ventre
699 2827 780 2855 inferi
794 2828 922 2855 clamoris
943 2827 994 2855 mei

212 2880 305 2901 vocem
321 2872 491 2902 auseultasti.
509 2882 518 2899 ι
538 2872 706 2901 Gravissima
721 2881 850 2908 pressura
861 2873 994 2905 irretitus,

1370 2369 1448 2395 ΚΕΦ.
1470 2368 1508 2394 B‘.

1082 2416 1155 2451 Στίχ.
1172 2416 1240 2448 α’-ξ.
1252 2430 1286 2435 ——
1305 2416 1333 2442 '0
1351 2416 1399 2451 μὲν
1413 2414 1459 2443 οὖν
1480 2416 1570 2447 Ἰωνᾶς
1586 2415 1632 2442 ἐπὶ
1646 2415 1770 2442 πλεῖστον
1784 2415 1831 2442 ἐπὶ

1047 2461 1097 2496 τῆς
1114 2461 1250 2497 θαλάσσης
1265 2461 1377 2496 ἐφέρετο
1389 2469 1397 2477 ο
1422 2461 1571 2496 προσέταξε
1586 2461 1614 2487 δέ
1635 2461 1650 2486 ό
1670 2461 1736 2492 Θεὸς
1751 2462 1830 2497 κήτει

1047 2507 1157 2542 μεγάλῳ
1178 2507 1224 2533 ἐπὶ
1237 2507 1286 2542 τῆς
1305 2507 1442 2542 θαλάσσης
1467 2507 1615 2542 φερόμενον
1629 2509 1771 2534 καταπιεῖν
1784 2508 1831 2534 τὸν

1052 2552 1153 2584 Ἰωνᾶν,
1169 2550 1299 2588 οὗπερ-ἐν
1314 2554 1348 2587 τῇ
1365 2553 1453 2588 κοιλίᾳ
1466 2553 1540 2588 τρεῖς
1555 2552 1661 2588 ἡμέρας
1679 2561 1709 2579 τε
1724 2553 1771 2580 καὶ
1783 2553 1830 2579 νύ-

1047 2607 1112 2630 κτας
1135 2599 1282 2633 πεποίηκεν
1303 2599 1464 2634 ἀδιάφθορος
1478 2598 1616 2628 παντελῶς
1637 2599 1652 2625 ὁ
1666 2601 1808 2634 προφήτης
1821 2607 1828 2613 ·

1046 2643 1116 2670 ὥστε
1136 2644 1183 2670 καὶ
1199 2643 1278 2670 αὐτὸν
1292 2643 1470 2679 θαυμάσαντα
1481 2665 1488 2676 ,
1513 2644 1553 2670 ὅτι
1570 2652 1622 2679 περ
1644 2643 1763 2679 ἀϐλαϐὴς
1785 2644 1832 2671 ἐπὶ

1029 2690 1094 2726 ’τοῦ
1114 2690 1213 2725 κήτους
1236 2691 1405 2725 πεφύλακται
1429 2691 1476 2717 καὶ
1500 2690 1660 2726 ἀδιάφθορος
1683 2690 1835 2731 παντελῶςς

1048 2737 1086 2768 ὡς
1109 2738 1138 2764 ἐν
1162 2737 1276 2773 οἰκίσκῳ
1297 2738 1349 2764 τινὶ
1377 2737 1445 2772 μετὰ
1469 2737 1569 2772 πολλῆς
1593 2738 1760 2773 τυγχάνοντα
1783 2733 1835 2772 τῆς

1048 2782 1207 2817 ἀσφαλείας,
1220 2783 1264 2809 ἐπὶ
1280 2783 1432 2819 προσευχὴν
1446 2784 1598 2819 τραπῆναι,
1616 2783 1650 2818 ἢν
1662 2785 1705 2810 ἐκ⁴
1715 2785 1763 2820 τῆς
1779 2789 1833 2811 κοι-

1048 2828 1108 2860 λίας
1118 2828 1164 2854 τοῦ
1179 2830 1278 2863 κήτους
1286 2830 1426 2865 ἀνέπεμπε
1437 2830 1475 2864 τῷ
1487 2830 1555 2865 Θεῷ.
1571 2830 1612 2856 Τὰ
1621 2830 1649 2856 δέ
1656 2830 1708 2865 τῆς
1718 2839 1837 2867 «posco-

1049 2873 1099 2908 χῆς
1115 2873 1223 2908 ῥήματα
1236 2874 1328 2901 τοῦτον
1342 2874 1396 2909 ἔχει
1411 2874 1456 2901 τὸν
1470 2874 1568 2909 τρόπον
1579 2882 1585 2890 ·
1612 2874 1748 2910 (Ἒοόησα
1764 2873 1832 2910 πρδξ
