1981 3073
139 160 190 188 5δῖ

667 161 944 192 COMMENTARIUS
962 163 994 190 IN
1007 163 1103 192 JON/E
1122 165 1198 192 CAP.
1219 165 1251 192 ll.

1714 161 1766 188 53

141 221 242 256 Κύριον
256 221 302 248 τὸν
313 221 378 248 Θεόν
393 231 454 257 μου,
475 223 522 249 καὶ
540 223 683 258 εἰσήκουσέ
698 232 760 258 μου’
776 225 808 250 ἐκ
824 224 927 256 κοιλίας

983 228 1061 258 atque
1079 224 1105 251 in
1118 224 1186 259 ipsis
1202 226 1310 256 inferis,
1322 224 1475 259 desperatis
1489 223 1595 250 scilicet
1608 221 1698 252 malis,
1710 229 1757 249 ver

139 267 203 303 ᾆὸου
217 268 342 302 κραυγῆς
361 276 411 302 μου
423 268 552 302 ἥκουσας,
567 268 658 302 φωνῆς
673 276 735 303 μου.
746 278 756 294 ι
782 269 826 295 Ἐν
843 269 927 304 βαρυ-

140 319 208 348 τάτῃ
218 312 307 347 θλίψει
319 313 459 348 τυγχάνων
471 313 518 340 καὶ
529 314 558 340 ἐν
569 314 643 349 αὺτῷ
653 322 684 348 γε
697 315 736 350 τῷ
748 314 798 351 ᾄδῃ
809 315 928 350 γεγονὼς

140 360 172 394 τῇ
188 358 241 385 τῶν
255 359 348 386 κακῶν
358 358 520 394 ἀπογνώσει,
536 359 637 395 ἐϐόησά
651 369 680 386 τε
696 361 764 396 πρὸς
779 361 809 388 σὲ
823 361 869 388 καὶ
879 361 929 388 οὐκ

141 404 274 438 ἀπέτυχον
292 404 346 431 τῶν
360 405 504 439 αἰτήσεων.
530 413 540 430 ι
560 404 729 440 Ἀπέρριψάς
747 414 780 441 με
803 407 842 437 εἰς
859 405 928 440 βάθη

142 450 253 486 καρδίας
281 450 441 486 θαλάσσης,
470 451 517 477 καὶ
541 451 659 486 ποταμοί
693 460 726 486 με
753 451 927 478 ἐκύκλωσανο

141 497 239 527 πάντες
262 497 287 522 οἱ
307 497 489 532 μετεωρισμοί
506 505 552 523 σου
573 497 620 524 καὶ
640 498 674 524 τά
689 497 801 532 κύματά
817 506 864 523 σου
885 499 928 524 ἐπ’

134 543 189 578 ἐμὲ
202 542 318 578 διῆλθον.
334 552 345 569 ι
371 543 558 577 ’Δποφυγόντα
572 543 627 579 γὰρ
646 544 695 578 τὴν
715 544 865 578 ὑπουργίαν
879 544 929 579 τὴν

141 589 200 624 σὴν,
214 590 347 624 ἐμπεσεῖν
363 597 392 614 τε
407 590 440 624 τῇ
455 589 574 625 θαλάττῃ
589 590 753 624 πεποὶηκας,
770 590 816 616 καὶ
830 589 928 616 πολλοῦ

140 644 212 666 ’τινος
228 635 391 670 πειραθῆναι
404 634 450 661 τοῦ
472 635 605 667 κλύδωνος
619 644 626 651 δ
651 636 695 670 ὑφ’
709 633 739 662 οὗ
757 636 790 671 δὴ
803 635 872 669 ἄγαν
882 644 929 662 τα-

141 681 309 716 ραττομένης
327 680 378 714 τῆς
397 680 531 715 Θαλάττης
555 681 684 716 ποταμῶν
706 681 783 716 δίκην
805 680 930 707 ἐντεῦθεν

141 726 253 762 ἐπέρρει
271 735 316 761 μοι
331 726 385 753 ’τῶν
405 727 534 762 κυμάτων
548 727 583 753 τά
598 726 691 754 ὕδατα.
713 728 752 762 (p.
768 727 831 762 250)
849 736 858 752 ε
875 727 930 753 Καὶ

140 771 195 805 ἐγὼ
209 770 286 798 εἷπον
299 780 306 787 ·
325 771 469 808 Ἀπῶσμαι
484 772 514 805 ἐξ
531 772 679 807 ὀφθαλμῶν
694 781 741 799 σου
752 781 759 788 ⁸
776 771 830 808 ἆρα
844 781 929 808 προσ-

141 817 215 852 θήσω
238 817 284 844 τοῦ
296 818 440 852 ἐπιϐλέψαι
451 818 518 853 πρὸς
531 819 593 845 ναὸν
604 819 649 845 τὸν
659 819 736 853 ἆγιόν
749 827 795 846 σου
806 827 813 851 ;
831 829 840 844 ι
862 819 930 845 Ὑπὸ

139 865 204 898 γοῦν
218 865 268 899 τῆς
280 864 334 891 τῶν
349 865 441 892 κακῶν
448 865 603 901 ἀμηχανίας
616 866 796 901 ἐκϐεϐλῆσθαι
807 867 856 901 τῆς
867 875 931 901 προ-

980 278 1055 302 sans,
1084 271 1200 298 clamavi
1226 270 1260 298 ad
1275 275 1322 303 te;
1341 278 1430 306 neque
1447 270 1525 297 irrita
1544 269 1596 296 fuit
1619 268 1768 304 postulatio

980 323 1050 342 mea.
1070 325 1079 342 ‹
1098 315 1243 351 Projecisti
1259 323 1302 343 uie
1315 317 1342 342 in
1359 315 1523 350 profundum
1536 314 1621 342 maris
1638 321 1697 346 cor,
1717 321 1768 340 un-

979 361 1075 395 daque
1092 369 1135 388 me
1145 362 1360 393 concluserunt;
1378 367 1473 387 omnes
1485 363 1568 387 astus
1591 359 1630 386 tui
1653 358 1767 386 ﬂuctus-

980 414 1033 441 que
1044 414 1127 440 super
1143 414 1185 434 me
1201 406 1378 434 transierunt.
1395 415 1404 431 ι
1426 405 1478 438 Qui
1502 405 1614 440 perfuga
1638 412 1712 433 eram
1732 404 1768 432 ab

980 452 1135 480 obedientia
1149 457 1205 485 tua,
1225 451 1330 479 curasti
1347 455 1376 478 ut
1391 450 1418 477 in
1434 458 1510 477 mare
1528 450 1688 482 inciderem,
1714 450 1768 477 ibi—

979 499 1178 534 queiugentem
1195 498 1333 532 experirer
1353 496 1500 531 procellam
1515 503 1521 520 :
1537 503 1591 530 qua
1600 496 1665 522 dum
1681 503 1766 526 mare,

980 545 1100 572 ﬂuminis
1114 545 1211 576 instar,
1228 544 1355 579 agitatur,
1377 549 1427 577 ego
1443 541 1553 576 quidem
1565 548 1696 576 aquarum
1712 549 1769 567 voi-

981 591 1080 618 ticibus
1099 597 1304 625 quaqueversus
1320 589 1464 615 obruebar.
1485 597 1493 612 ‹
1515 586 1546 613 lit
1557 594 1608 621 ego
1622 586 1679 613 dixi
1693 595 1700 613 :
1715 585 1769 613 Re-

978 638 1068 672 jeclus
1083 645 1143 664 sum
1159 636 1253 671 procul
1276 635 1365 662 oculis
1387 635 1450 661 tuis.
1470 633 1540 660 Num
1567 634 1658 660 denuo
1673 633 1769 660 videbo

981 684 1109 718 templum
1136 686 1261 710 sanctum
1287 680 1386 708 tuum?
1413 690 1422 705 ι
1450 679 1499 707 His
1528 687 1571 706 me
1602 679 1681 706 malis
1706 686 1768 705 cum

980 729 1108 764 expedire
1136 728 1300 763 nequirem,
1325 727 1466 754 exclusum
1500 733 1543 752 me
1571 725 1731 759 reputabam
1754 733 1770 750 ει

981 775 1150 810 providentia
1166 778 1230 806 tua;
1251 773 1409 807 nullamque
1436 777 1565 807 praeterea
1587 778 1663 806 spem
1696 770 1770 798 [οια-

981 822 1054 854 ham,
1077 822 1134 848 l'ore
1151 825 1181 847 ut
1201 820 1229 847 in
1255 820 1388 854 templum
1406 824 1482 846 tuum
1497 825 1624 846 reversus
1652 818 1769 852 legitima

982 866 1161 902 perfungerer
1193 865 1336 900 religione.
1374 864 1479 899 Quippe
1505 864 1582 891 illinc
1612 863 1770 898 longissime

140 911 213 942 νοίας
229 910 309 946 ᾤμην
328 911 379 945 τῆς
395 911 453 946 σῆς,
472 913 520 938 καὶ
535 912 663 948 οὐδεμίαν
681 911 753 947 εἶχον
766 912 860 938 ἐλπίδα
873 912 929 939 λοι-

983 913 1101 944 aberam,
1119 911 1291 948 gravissimis
1305 911 1453 945 implicitus
1465 909 1679 937 calamitatibus.
1702 919 1710 933 ι
1723 907 1763 935 Ot-

141 956 188 983 πὺν
197 957 245 983 τοῦ
263 957 407 992 γενόμενος
422 958 451 983 ὲν
465 957 504 992 τῷ
515 958 572 993 ναῷ
587 967 633 985 σου
647 958 686 993 τῷ
703 958 772 993 ἁγίῳ
784 957 833 993 τὴν
847 957 930 993 καθή-

140 1011 239 1029 κουσαν
252 1004 379 1030 ἀποτῖσαί
394 1012 434 1030 σοι
451 1003 600 1040 θρησκείαν
610 1012 616 1019 ·
631 1004 679 1030 ἆτε
697 1005 790 1039 πόρρω
805 1012 834 1030 τε
847 1004 929 1030 αὑτοῦ

139 1049 293 1084 τυγχάνων,
307 1050 355 1076 καὶ
368 1050 528 1085 βαρυτάτοις
545 1050 811 1085 περιεστοιχισμένος
825 1051 928 1081 κακοῖς.

143 1104 152 1120 ι
165 1095 318 1131 Περιεχύθη
333 1104 377 1131 μοι
393 1095 465 1131 ὕδωρ
478 1095 530 1127 ἕως
547 1096 636 1132 ψυχῆς
655 1104 716 1131 μου.
733 1106 743 1121 ι
773 1096 862 1131 Αὐτῆς
879 1104 930 1130 μου

140 1142 188 1177 τῆς
201 1142 291 1177 ψυχῆς
313 1141 442 1169 καθίκετο
465 1142 520 1169 τῶν
538 1141 762 1178 περικεχυμένων
776 1143 793 1177 ἡ
813 1143 930 1178 ταραχή.

143 1197 152 1214 ‹
165 1187 298 1219 Ἀὂυσσος
312 1187 452 1214 ἐκύκλωσέ
467 1197 500 1223 με
513 1188 626 1223 ἐσχάτη.
640 1197 649 1213 ι
669 1188 705 1214 Τὸ
721 1187 872 1215 τελευταῖον
885 1188 930 1215 ὑπ’

139 1233 222 1268 αὐτῆς
238 1233 391 1269 κατεπόθην
407 1233 455 1268 τῆς
470 1233 599 1260 ἀϐύσσου.
623 1243 632 1258 ί
648 1233 711 1259 Ἔδυ
728 1234 745 1268 ἡ
759 1233 863 1268 κεφαλή
880 1241 930 1268 μου

139 1280 179 1311 εἰς
200 1279 320 1314 σκιαμας
346 1279 441 1313 ὀρέων.
460 1289 469 1305 ι
496 1279 653 1305 Διαλάττειν
676 1287 706 1305 τε
728 1279 802 1306 οὐδὲν
823 1280 932 1306 ἐδόκουν

141 1325 251 1361 ἐμαυτῷ
267 1324 314 1352 τοῦ
340 1325 369 1351 ἐν
394 1324 558 1360 διαιρέσεσιν
585 1325 671 1361 ὀρέων
697 1325 862 1360 βαρυτάταις
882 1325 931 1361 λη-

141 1372 262 1406 φθέντος,
281 1368 341 1397 εἶτα
358 1371 412 1397 τῶν
429 1371 514 1406 ὀρέων
532 1371 578 1397 ἐπὶ
590 1371 688 1397 ταυτὸν
702 1371 931 1405 συνεληλυθότων,

140 1417 266 1452 οὐδεμίαν
281 1416 426 1451 ἀποφυγῆς
445 1416 599 1451 εὐρίσκοντι
611 1416 704 1442 λοιπὸν
721 1417 826 1444 ἐλπίδα.
840 1427 848 1442 ι
863 1418 934 1444 Κατ-

141 1463 204 1499 έδην
219 1465 259 1494 εἰς
273 1463 337 1498 γῆν,
356 1460 390 1498 ἦς
410 1464 433 1489 οἱ
459 1462 552 1498 μοχλοὶ
567 1463 651 1499 αὐτῆς
668 1462 778 1498 κάτοχοι
793 1463 907 1492 αἰώνιοι.
921 1474 930 1490 ι

142 1506 205 1536 Εἶτα
221 1508 329 1535 ἐκεῖθεν
351 1508 484 1541 διεδέξατό
501 1517 534 1544 με
559 1508 589 1535 τὸ
607 1509 690 1544 κῆτος
702 1529 710 1541 ,
737 1509 784 1535 καὶ
805 1509 857 1545 γῆν
873 1518 933 1537 τινα

140 1556 222 1582 οἰκεῖν
247 1555 376 1586 ἐδόκουν,
406 1554 436 1586 ἐξ
461 1552 494 1589 ἦς
511 1555 661 1589 ἀποφυγεῖν
689 1554 729 1590 ’τῷ
755 1555 932 1590 κατεχομένῳ

981 959 1049 986 fusae
1068 959 1135 985 Inibi
1148 962 1212 985 sunt
1227 965 1305 992 aqua
1327 965 1414 992 usque
1428 957 1462 984 ad
1475 957 1605 983 animam.
1620 965 1630 982 ι
1650 956 1771 982 Circum-

982 1005 1114 1032 stantium
1139 1005 1275 1031 malorum
1295 1008 1418 1031 terrores
1430 1003 1464 1030 ad
1484 1003 1571 1038 ipsam
1587 1002 1708 1029 animam
1722 1010 1770 1036 pc-

981 1054 1170 1078 netraverunt.
1187 1051 1262 1076 clma
1272 1058 1315 1077 me
1335 1049 1446 1076 vallavit
1465 1050 1592 1084 abyssus.
1615 1057 1624 1073 ι
1646 1047 1767 1082 Denique

981 1097 1089 1132 gurgite
1107 1096 1254 1130 absorptus
1266 1103 1337 1122 sum.
1361 1105 1370 1120 ι
1390 1095 1479 1130 Caput
1496 1102 1586 1122 meum
1609 1095 1636 1120 in
1658 1095 1772 1121 iissuras

981 1143 1115 1169 montium
1133 1143 1282 1169 demissum
1298 1145 1350 1168 est.
1369 1151 1378 1167 ι
1401 1141 1475 1168 Nihil
1491 1141 1558 1168 mihi
1572 1141 1682 1167 dill'erre
1699 1140 1772 1167 vide-

982 1189 1032 1216 bar
1042 1189 1077 1215 ab
1094 1188 1128 1215 iis
1147 1189 1193 1223 qui
1214 1188 1242 1214 in
1259 1188 1386 1215 cavernis
1408 1187 1542 1214 montium
1563 1186 1704 1213 altissimis
1723 1185 1772 1212 de-

983 1233 1115 1264 tinentur,
1135 1233 1173 1260 ita
1193 1237 1223 1259 ut
1242 1232 1405 1260 coeuntibus
1420 1233 1448 1259 in
1475 1240 1505 1259 se
1529 1232 1679 1264 utentibus,
1698 1232 1772 1258 nulla

982 1287 1046 1314 spes
1066 1278 1199 1306 evadendi
1227 1278 1333 1312 reliqua
1359 1279 1405 1305 sit.
1429 1287 1439 1303 ι
1463 1277 1597 1305 Descendi
1623 1278 1696 1304 inlra
1721 1279 1772 1304 liu-

983 1333 1068 1357 muln,
1087 1325 1166 1359 cujus
1181 1329 1273 1352 vectes
1293 1328 1395 1352 aeterna
1408 1324 1560 1352 retinacula
1579 1328 1654 1351 sunt.
1676 1333 1685 1349 ι
1703 1323 1772 1350 Tum

983 1372 1020 1399 ibi
1036 1379 1080 1399 me
1098 1371 1206 1407 excepit
1229 1377 1318 1404 cetus,
1348 1371 1422 1398 intra
1445 1378 1525 1405 quem
1553 1374 1655 1397 terram
1682 1376 1772 1403 quam

983 1418 1046 1445 dam
1067 1417 1181 1445 videbar
1205 1417 1342 1449 incolere,
1369 1416 1441 1444 unde
1460 1416 1578 1444 evadere
1596 1416 1706 1443 detento
1726 1415 1773 1442 ho~

983 1463 1051 1490 mini
1083 1470 1198 1498 prorsus
1224 1470 1279 1489 non
1310 1462 1420 1490 licebat.
1453 1461 1608 1496 Caeteroqui
1627 1460 1773 1488 incolumis

983 1509 1059 1537 intus
1079 1509 1172 1536 divino
1192 1513 1260 1536 nutu
1280 1515 1390 1541 servor,
1410 1515 1569 1543 quanquam
1591 1508 1694 1535 exitum
1714 1508 1771 1534 nul-

985 1555 1041 1582 lum
1062 1556 1218 1582 nanciscor.

141 1602 249 1629 δυνατὸν
267 1600 394 1636 οὐδαμῶς
414 1600 534 1636 ὑπῆρξεν
546 1609 552 1615 ·
574 1600 694 1636 ἀϐλαϐὴς
715 1601 763 1634 μὲν
781 1600 854 1627 ἔνδον
867 1602 900 1637 τῇ
916 1600 976 1637 θείᾳ
1001 1602 1114 1638 προνοίᾳ
1131 1601 1341 1637 φυλαττόμενος,
1362 1600 1411 1636 τὴν
1427 1599 1532 1626 ἐκεῖθέν
1545 1607 1575 1625 τε
1591 1598 1700 1626 ἔκδυσιν
1715 1598 1774 1634 ἥτις

147 1648 178 1675 ἂν
193 1648 301 1682 γένοιτο
322 1647 371 1682 οὐχ
392 1647 538 1682 εὑρίσκων.

175 1694 247 1729 Στίχ.
259 1696 354 1729 η’-ια’.
370 1708 406 1713 —
422 1702 431 1718 ‹
451 1693 506 1719 Καὶ
525 1692 655 1728 ἀναὸητω
670 1693 702 1718 ἐκ
717 1692 820 1728 φθορᾶς
838 1694 854 1728 ἡ
876 1693 931 1729 ζωή

1023 1692 1102 1728 165
1119 1691 1200 1719 Vens.
1217 1691 1293 1718 8-H.
1307 1705 1341 1710 —-
1359 1699 1369 1715 ι
1381 1690 1492 1718 Utinam
1509 1697 1538 1717 se
1552 1693 1674 1724 emergat
1687 1697 1703 1716 a
1718 1697 1776 1716 eor-

144 1749 192 1776 μου
205 1740 275 1775 πρὸς
293 1740 333 1770 σὲ,
350 1739 448 1775 Κύριε,
462 1739 551 1770 ὁΘεός
568 1747 630 1774 μου.
651 1749 661 1765 ι
681 1739 761 1765 Ἀλλά
777 1740 831 1774 γὰρ
847 1740 931 1774 μόνης

143 1786 190 1821 ’τῆς
216 1786 266 1822 σῆς
289 1787 349 1813 ἐστι
372 1785 513 1820 δυνάμεως
535 1786 585 1820 τῆς
609 1785 815 1820 ὑπειλημμένης
837 1785 931 1813 αὐτόθι

146 1832 245 1867 φθορᾶς
267 1832 422 1865 ἀπαλλάξαι
450 1840 502 1866 μου
519 1831 568 1866 τὴν
589 1830 673 1867 ζωήν.
703 1834 738 1866 (p.
767 1831 831 1866 251)
853 1842 861 1858 ι
887 1832 932 1858 Ἐν

145 1877 183 1912 τῷ
204 1877 342 1903 ἐκλείπειν
358 1877 405 1903 ἀπ’
423 1876 489 1911 ἐμοῦ
504 1876 554 1911 τὴν
569 1876 657 1912 ψυχήν
684 1885 735 1912 μου
746 1897 753 1908 ,
768 1877 815 1903 τοῦ
829 1877 932 1912 Κυρίου

147 1923 293 1958 ἐμνήσθην.
319 1932 328 1948 ι
346 1922 450 1957 Μικροῦ
468 1922 522 1958 γὰρ
537 1923 627 1956 ἀφιεὶς
646 1924 678 1958 τῇ
696 1922 798 1958 ἀπορίᾳ
815 1923 864 1958 τὴν
878 1922 930 1956 ψυ-

147 1968 203 2004 χὴν,
220 1969 269 2003 τὴν
285 1968 336 2003 σὴν
347 1967 428 2003 ᾔτουν
446 1968 580 2004 βοήθειαν.
601 1979 610 1994 ‹
631 1969 685 1995 Καὶ
698 1968 770 1995 ἐλθοι
787 1969 855 2004 πρὸς
873 1969 932 2005 σὲὴ

147 2015 282 2048 προσευχὴ
303 2023 354 2049 μου
376 2015 416 2045 εἰς
435 2014 498 2040 ναὸν
518 2014 595 2048 ἅγιόν
617 2014 674 2041 σου.
695 2023 704 2039 ι
724 2014 809 2046 Αὐτός
830 2015 860 2041 τέ
881 2023 932 2050 μου

145 2058 216 2090 δέξαι
226 2060 275 2094 τὴν
288 2060 442 2094 προσευχὴν
455 2061 484 2086 ἐν
499 2059 537 2095 τῷ
550 2060 606 2095 ναῴ
621 2060 762 2092 καθεστὼς
775 2061 814 2096 τῷ
829 2062 931 2096 οἰκείῳ,

146 2105 222 2132 οὐθέν
241 2114 272 2132 σε
299 2106 349 2141 τῆς
375 2106 543 2138 διαστάσεως
563 2107 617 2134 τῶν
638 2107 728 2133 τόπων
753 2107 867 2142 ἀμύνειν
888 2116 933 2143 μοι

147 2151 312 2186 κωλυούσης.
329 2161 337 2176 ι
354 2151 555 2187 Φυλασσόμενοι
567 2153 671 2187 μάταια
684 2152 731 2179 καὶ
747 2152 844 2188 ψεύδη,
859 2152 934 2178 ἔλεον

147 2197 234 2223 αὐτῶν
250 2197 442 2232 ἐγκατέλιπον.
464 2208 472 2223 ι
489 2199 520 2224 Οἱ
537 2199 585 2234 μὲν
601 2199 656 2233 γὰρ
672 2199 722 2233 τὴν
738 2199 866 2234 ναυτικὴν
885 2207 934 2234 με-

147 2241 245 2271 τιόντες
265 2242 408 2278 ἐργασίαν,
435 2243 523 2270 καίτοι
541 2251 573 2277 γε
593 2243 711 2275 εἰδώλοις
739 2244 933 2279 προσέχοντες,

148 2291 192 2316 καὶ
206 2290 268 2324 περὶ
284 2290 334 2325 τὴν
349 2290 458 2324 ἀπάτην
473 2290 580 2325 ἐκείνην
597 2290 780 2325 ὴσχολημένοι
793 2310 800 2321 ,
817 2289 933 2325 ὴόουλη-

148 2336 230 2371 θησάν
256 2336 308 2372 μού
331 2345 391 2362 τινα
416 2335 580 2370 ποιήσασθαι
603 2336 704 2370 φειδῶ-
732 2336 888 2371 νικηθέντες
905 2336 934 2363 δὲ

982 1741 1109 1774 ruptinne
1119 1739 1175 1765 vita
1188 1745 1247 1765 mea
1259 1738 1292 1764 ad
1308 1741 1344 1770 te,
1358 1736 1470 1764 Domine
1488 1736 1557 1764 Deus
1570 1743 1647 1764 meus
1659 1737 1665 1763 l
1681 1745 1691 1762 ›
1710 1735 1775 1764 Tuae

982 1786 1106 1822 profecto
1121 1784 1310 1812 tantummodo
1321 1784 1431 1811 virtutis
1439 1786 1492 1814 est,
1508 1790 1523 1808 a
1535 1783 1624 1810 teuaci
1634 1782 1681 1810 illo
1691 1782 1775 1810 exitio

982 1833 1088 1867 eripere
1113 1832 1231 1858 animam
1258 1837 1357 1857 meam.
1378 1839 1387 1855 ι
1401 1829 1469 1856 Cum
1491 1829 1548 1864 jam
1575 1837 1618 1856 me
1635 1829 1775 1856 desereret

983 1879 1097 1914 spiritus
1125 1885 1212 1910 meus,
1233 1876 1341 1904 Domini
1365 1883 1468 1903 memor
1486 1876 1535 1902 fui.
1550 1885 1559 1901 ι
1584 1875 1652 1902 Cum
1672 1876 1728 1910 jam
1747 1877 1774 1903 in

983 1924 1118 1960 angustiis
1144 1924 1262 1951 animum
1291 1930 1408 1957 agerem.
1439 1927 1513 1948 tuam
1544 1922 1653 1956 poposci
1681 1929 1772 1956 opem.

987 1979 996 1995 ε
1010 1969 1106 1997 Veniat
1117 1969 1221 1996 utinam
1232 1968 1265 1995 ad
1277 1972 1303 1994 te
1312 1967 1338 1994 in
1351 1968 1480 2001 templum
1491 1971 1566 1993 tuum
1576 1966 1664 1993 oratio
1676 1967 1749 1994 mea!
1761 1977 1770 1992 ι

983 2013 1042 2049 lpse
1056 2013 1185 2048 excepisti
1211 2019 1306 2047 preces
1320 2019 1394 2039 meas
1408 2016 1455 2038 tuo
1470 2012 1497 2038 in
1511 2011 1612 2046 templo
1630 2011 1773 2045 residens;

983 2061 1052 2088 nihil
1076 2066 1102 2088 te
1127 2062 1251 2087 locorum
1277 2058 1418 2090 distantia,
1436 2058 1584 2093 quominus
1605 2057 1671 2084 mihi
1688 2057 1773 2085 ferres

984 2114 1076 2142 opem,
1101 2104 1254 2141 prohibuit.
1280 2103 1351 2137 «Qui
1369 2103 1539 2130 vanitatibus
1565 2103 1632 2130 dant
1660 2110 1773 2138 operam

985 2157 1067 2186 atque
1094 2150 1256 2181 mendaciis,
1285 2148 1503 2176 misericordiam
1530 2148 1770 2183 dereliqueruntn

985 2196 1018 2223 Hi
1030 2197 1076 2232 qui
1090 2195 1227 2223 nauticam
1242 2195 1325 2222 vitam
1337 2199 1466 2222 exercent
1480 2199 1508 2221 et
1525 2193 1594 2222 idola
1610 2195 1770 2227 observant,

985 2249 1067 2278 atque
1082 2242 1217 2278 ejusmodi
1234 2241 1428 2269 fraudulentiis
1445 2246 1554 2274 vacant,
1569 2245 1700 2276 optarunt
1713 2243 1775 2276 qni-

986 2289 1048 2316 dem
1067 2289 1133 2316 mihi
1146 2287 1349 2323 quodammodo
1368 2295 1482 2323 parcere
1497 2296 1503 2314 :
1521 2292 1708 2315 verumtamen
1723 2289 1773 2315 ad-

985 2337 1116 2364 versitate
1134 2336 1210 2366 victi,
1230 2335 1264 2362 de
1278 2335 1414 2362 sententia
1434 2342 1484 2361 sua
1500 2335 1697 2362 decesserunt:
1715 2343 1775 2362 cer-

148 2382 198 2408 ὐπὺ
213 2383 266 2409 τῶν
286 2382 396 2415 κακῶν,
423 2383 473 2417 ’τῆς
495 2382 608 2417 γνώμης
623 2382 782 2417 ἀπέστησαν
808 2383 931 2417 ἐκείνης,

987 2383 1072 2410 tiores
1090 2381 1154 2409 iacti
1173 2382 1245 2409 haud
1266 2381 1318 2409 sibi
1338 2382 1420 2407 vitam
1446 2380 1661 2415 superfuturum,
1690 2381 1743 2408 nisi
1759 2389 1774 2407 a

148 2429 260 2463 ὁρῶντες
276 2429 326 2455 οὐκ
346 2429 374 2454 ἐν
393 2429 485 2459 αὐτοῖς
500 2427 606 2463 βιωτὸν,
628 2429 652 2454 εἰ
670 2427 707 2463 μὴ
722 2428 771 2462 ’τῆς
783 2427 934 2463 ὲγγὺτητος

148 2474 328 2509 ἀπαλλαγεῖεν
343 2474 392 2509 τῆς
409 2474 490 2509 ἐμῆς,
511 2483 520 2499 ι
546 2473 616 2508 Ἐγὼ
632 2473 660 2500 δέ
674 2474 744 2509 μετὰ
758 2475 849 2509 φωνῆς
863 2474 936 2500 αἰνέ-

150 2528 215 2552 σεως
227 2522 274 2547 καὶ
285 2521 506 2556 ὲξομολογησεως
518 2519 592 2546 θύσω
603 2528 656 2551 σοι,
671 2520 721 2546 ὅσα
731 2519 856 2554 ηὐξάμην
871 2520 937 2546 ἀπο-

149 2564 224 2592 δώσω
238 2575 278 2593 σοι
291 2568 332 2598 εἰς
348 2567 482 2604 σωτήριον
496 2565 534 2601 τῷ
548 2566 652 2601 Κυρίῳ.
673 2575 682 2591 ι
702 2566 782 2592 Ἀλλὰ
798 2565 853 2601 γὰρ
866 2574 935 2592 παν-

150 2613 259 2647 ταχόθεν
277 2613 348 2649 μόνῃ
371 2615 404 2649 τῇ
418 2614 511 2648 χάριτι
527 2615 560 2648 τῇ
576 2614 608 2648 σῇ
625 2612 772 2647 φυλαχθεὶς
785 2631 792 2643 ,
814 2611 862 2638 καὶ
885 2612 935 2647 τὴν

149 2659 308 2696 ἀπαλλαγὴν
325 2660 372 2686 τοῦ
393 2659 507 2686 θανάτου
527 2659 635 2690 λαϐὼν,
654 2659 754 2694 ὕμνους
772 2667 801 2685 τε
823 2659 869 2685 καὶ
891 2658 936 2684 εὑ-

152 2707 289 2741 χαριστίας
307 2706 428 2733 ἀποτίσω
452 2715 492 2732 σοι
505 2727 513 2740 ,
528 2707 598 2741 ὑπὲρ
611 2702 648 2733 ὧν
663 2707 695 2741 τῇ
713 2705 826 2740 προνοίᾳ
845 2705 935 2731 διασέ-

155 2759 258 2787 σωσμαι
275 2754 308 2788 ’τῇ
326 2754 371 2788 σῇ.
389 2753 430 2779 Τὰ
452 2753 500 2788 μὲν
515 2753 547 2788 δὴ
566 2753 616 2786 τῆς
635 2753 716 2788 εὐχῆς
732 2752 778 2782 τοῦ
795 2754 935 2788 προφήτου

155 2798 262 2832 ῥήματα
275 2798 374 2824 ταῦτα*
388 2798 418 2825 τὸ
430 2798 458 2824 δὲ
474 2799 553 2834 κῆτος
565 2799 700 2833 Πνεύματι
711 2798 776 2833 θείῳ
787 2798 831 2824 τὸν
845 2798 936 2824 Ὶωνᾶν

155 2842 198 2868 ἐπὶ
211 2843 261 2877 τὴν
276 2843 364 2879 ξηρὰν
377 2844 488 2879 ἤμεσεν,
507 2843 597 2875 καθὼς
616 2844 703 2871 ἐδόκει
715 2844 794 2870 τοῦτο
809 2844 936 2877 γενέσθαι

155 2888 190 2922 τῷ
202 2889 258 2924 Θεῷ
268 2897 274 2904 ·
287 2890 338 2924 τῆς
353 2889 407 2925 γὰρ
417 2890 532 2924 ἐσχάτης
544 2889 617 2916 ἐστὶν
630 2889 720 2921 ἀνοίας
736 2888 869 2916 τοσούτων
883 2888 936 2916 τῶν

989 2435 1048 2454 mea
1072 2436 1102 2454 se
1119 2427 1219 2454 vicinia
1235 2426 1422 2461 sejungerent.
1452 2434 1461 2450 ε
1476 2425 1532 2460 Ego
1546 2433 1611 2452 vero
1625 2433 1687 2452 eum
1708 2433 1774 2453 voce

986 2472 1076 2500 laudis
1092 2477 1174 2507 atque
1191 2471 1319 2507 praeconii
1337 2471 1499 2499 sacriﬁcabo
1523 2471 1586 2498 tibi:
1602 2479 1774 2507 quaecunque

985 2520 1047 2547 vovi
1066 2521 1182 2552 solvam,
1209 2527 1259 2554 pro
1278 2519 1367 2546 salute
1396 2523 1516 2553 recepta,
1541 2518 1602 2551 tibi,
1621 2519 1746 2547 Domine.
1761 2529 1770 2545 ι

987 2566 1120 2601 Equidem
1132 2569 1177 2592 tua
1189 2566 1246 2593 sola
1260 2565 1349 2600 gratia
1364 2569 1491 2592 servatus
1507 2568 1534 2592 et
1550 2569 1637 2592 morte
1651 2570 1772 2600 ereptus.

989 2613 1105 2648 hymnos
1132 2612 1179 2638 tibi
1200 2616 1227 2639 et
1253 2612 1403 2646 gratiarum
1430 2611 1552 2638 actiones
1576 2611 1699 2643 reddam,
1727 2613 1773 2647 qui

989 2667 1062 2686 curae
1079 2663 1132 2685 tua:
1151 2659 1268 2686 salutem
1292 2662 1432 2693 acceptam
1451 2657 1518 2684 fero.
1539 2658 1628 2692 Atque
1650 2657 1708 2684 hate
1723 2657 1773 2684 t‘uit

989 2705 1128 2740 propheta:
1148 2705 1246 2731 oratio.
1265 2704 1349 2731 Cetus
1364 2709 1455 2731 autem
1469 2712 1484 2730 a
1498 2708 1595 2732 sancto
1609 2703 1712 2739 Spiritu
1729 2704 1772 2731 in-

986 2754 1102 2779 stinctus
1118 2750 1213 2778 Jouani
1234 2752 1260 2777 in
1279 2751 1370 2778 littore
1383 2750 1514 2782 evomuit,
1527 2751 1606 2778 sicuti
1620 2750 1674 2778 Deo
1684 2750 1773 2777 visum

986 2802 1046 2824 erat
1060 2801 1089 2824 ut
1103 2797 1187 2824 ﬁeret.
1208 2796 1327 2824 Summa:
1341 2798 1414 2824 enim
1430 2797 1544 2823 insanire
1565 2797 1644 2828 foret,
1662 2800 1724 2830 post
1733 2800 1774 2822 tot

987 2844 1060 2872 circa
1082 2844 1177 2872 Jonaiu
1202 2849 1309 2879 patrata
1333 2844 1474 2875 miracula,
1497 2843 1686 2878 praecipueque
1712 2848 1773 2876 post

988 2894 1120 2918 retentam
1137 2890 1208 2917 intra
1219 2890 1271 2917 ceti
1286 2890 1390 2918 viseera
1404 2890 1497 2922 vitam,
1513 2889 1650 2924 prophem
1663 2887 1771 2914 demum
