1972 3066
194 126 246 154 323

793 132 968 162 THEODORI
985 135 1229 166 MOPSUE'STENI

1765 141 1817 170 σεο

196 183 290 210 eodem
307 191 339 211 ex
360 187 422 211 ceto
436 184 539 212 exitum
557 185 678 214 humano
694 186 804 223 ingenio
828 189 985 226 intelligibi-

1044 195 1101 228 περὶ
1123 196 1204 222 αὑτὸν
1220 196 1378 232 παραδόξως
1401 198 1560 231 γεγονότων,
1581 206 1630 224 και
1645 198 1762 234 μάλιστα
1787 207 1818 233 γε

197 229 261 258 lem.
283 235 329 258 atu
344 234 437 256 nostra
455 238 522 258 voce
536 231 735 266 explicabilcm,
749 239 884 269 reputare.

1038 240 1145 267 πάντων
1158 242 1207 276 τῆς
1221 243 1250 269 ἐν
1263 242 1302 277 τῷ
1321 244 1400 278 κήτει
1414 243 1560 278 σωτηρίας,
1577 243 1616 279 (p.
1635 243 1708 278 252)
1721 244 1771 279 τὴν
1787 245 1821 270 ἐκ

197 275 244 301 τοῦ
262 277 360 326 κήτους
385 276 473 326 ἔξοδον
492 278 730 314 πολυπραγμονεῖν
750 281 797 307 τοῦ
813 283 965 317 προφήτου,
982 284 1104 322 λογισμῷ
1122 297 1152 314 τε
1171 275 1273 315 deceat
1287 275 1504 325 καταλαμϐάνειν
1523 275 1759 326 ἀνθρωπίνῳξκαλ.
1775 289 1822 316 διὰ

197 321 287 355 φωνῆς
299 321 348 356 τῆς
362 322 498 358 ἡμετέρας
514 323 603 358 λέγειν
613 324 687 356 ὅπως
698 325 816 359 ἐγένετο.

523 367 601 396 CAP.
615 368 662 395 ΙΙΙ.

234 409 315 437 Vsus.
332 411 390 438 1-4.
405 426 437 431 -—
453 411 513 439 Jam
532 413 578 440 ubi
598 413 625 441 in
643 415 733 442 littore
748 416 879 451 propheta
897 419 982 450 stetit.

198 463 306 483 rursum
319 456 389 485 Deus
402 459 529 494 precepit
545 461 582 487 illi
599 465 628 487 ut
640 460 754 489 Niniven
772 463 834 495 iret,
849 464 931 499 idque
946 465 984 492 ibi

198 503 360 535 praedicaret
375 504 446 538 quod
458 505 544 532 eidem
558 510 638 533 antea
660 506 688 533 in
703 509 840 536 mandatis
862 509 983 537 dederat.

200 546 276 574 Unde
293 550 467 582 potissimum
491 551 708 586 demonstratur,
727 554 807 590 166
824 555 895 582 haud
916 556 984 583 sim-

199 594 306 627 pliciter
319 593 395 622 .lonac
408 596 489 623 Deum
503 597 677 626 mandavisse
692 603 721 626 ut
737 599 897 634 praedicaret
908 601 987 629 :«Ad-

199 639 253 665 huc
271 643 326 667 tres
349 640 418 672 dies,
436 645 463 668 ct
481 641 576 671 Ni‘nive
595 644 771 672 subvertetur
787 654 796 671 ι
820 646 986 681 (quanquam

198 686 225 712 id
247 686 365 714 breviter
390 688 430 714 sic
454 688 560 716 videtur
582 688 725 724 Scriptura
748 691 861 727 dicere);
887 700 984 720 verum

197 731 280 758 etiam
298 735 326 758 ut
339 733 482 760 minaciter
497 742 557 768 qua:
568 739 698 762 eventura
711 741 790 763 erant
805 737 982 772 signiﬁcaret,

198 775 251 803 nisi
271 777 435 810 pmnitentes
461 778 535 806 cives
550 786 565 805 a
589 779 663 807 vitiis
678 780 853 808 recederentt
879 781 984 809 Idcirco

1362 374 1440 400 ΚΕΦ.
1461 374 1498 401 Γ¹.

1071 418 1150 453 Στίχι
1159 417 1229 444 α’-δ’.
1243 433 1277 437 -
1288 418 1392 444 Μέντοι.
1402 426 1433 452 γε
1449 418 1514 449 Θεὸς
1530 418 1576 444 ἐπὶ
1586 418 1635 453 τῆς
1648 418 1734 453 ξηρᾶς
1744 426 1822 452 γεγον

1036 462 1093 489 νότι
1107 461 1146 498 τῷ
1161 463 1289 499 προφήτῃ
1306 462 1387 489 πάλιν
1401 462 1528 490 ἀπελθεῖν
1540 463 1579 494 είς
1591 463 1640 498 τὴν
1655 463 1677 489 Ν
1682 464 1755 498 ινευὴ
1772 471 1819 489 κε-

1036 508 1119 540 λεύει,
1133 509 1179 535 καὶ
1191 509 1309 545 κηρύξαι
1324 509 1359 545 δὴ
1372 510 1463 536 ἐκεῖνα
1476 509 1494 536 ἃ.
1509 509 1625 545 πρόσθεν
1637 508 1711 544 αὺτῷ
1727 509 1822 544 εῐρητο

1036 552 1102 587 παρ’
1122 552 1204 579 αὑτοῦ
1216 562 1222 568 ·
1247 553 1293 588 ἀφ¹
1311 551 1340 580 οὗ
1356 553 1388 588 δὴ
1412 553 1529 588 μάλιστα
1553 553 1688 580 δείκνυται
1711 554 1752 580 ὅτι
1769 554 1820 589 οὐχ

1036 597 1130 629 ἁπλῶς
1142 595 1219 624 εἶπεν
1229 598 1304 633 αὐτῷ
1315 598 1484 633 κηρύττειν(
1492 599 1552 625 Ἔτι
1563 600 1637 634 τρεῖς
1645 599 1758 634 ἡμέραι,
1772 599 1820 625 καὶ

1036 642 1141 678 Νινευὴ
1155 643 1429 678 καταστραφήσεται’
1452 653 1462 669 ι
1480 644 1504 670 εί
1521 643 1569 670 καὶ
1586 644 1656 678 μετὰ.
1673 644 1820 679 συντομίας

1037 687 1103 713 αὐτὸ
1117 687 1206 722 λέγειν
1227 687 1314 719 οὕτως
1339 689 1355 723 ἡ
1374 688 1434 715 θεία
1448 688 1522 715 δοκεῖ
1540 689 1634 724 Γραφή
1648 698 1654 704 ·
1670 689 1728 716 ἀλλ’
1748 690 1820 716 ὥστε

1036 733 1083 759 καὶ
1105 732 1225 768 δηλῶσαι
1242 733 1283 760 ὅτι
1302 733 1412 759 ἀπειλεῖ
1424 733 1509 760 ταῦτα
1526 733 1722 769 συμϐήσεσθαι,
1739 734 1763 760 εἰ
1781 734 1823 770 μὴ

1038 778 1247 814 μεταμεληθεῖεν
1262 779 1429 810 ἀποστάντες
1441 779 1487 805 τοῦ
1504 778 1639 814 χείρονος’
1660 779 1701 805 διό
1726 787 1819 814 φησιν⁸

198 822 253 848 ait:
274 822 414 849 «Prtedica
439 823 476 850 ibi
500 824 732 859 praedicationem,
761 826 795 854 de
817 834 871 862 qua
893 831 983 855 tecum

1044 834 1047 849 l
1067 823 1190 860 Κήρυξον
1205 825 1234 850 ἐν
1247 824 1315 860 αὑτῇ
1329 824 1400 851 κατά
1412 824 1442 851 τὸ
1455 827 1586 860 κήρυγμα
1599 824 1630 850 τὺ
1642 824 1796 860 ἔμπροσθεν
1805 825 1821 851 ὃ

199 871 279 894 antea
296 868 406 896 locutus
422 877 492 896 sum.
507 880 523 896 »η
536 870 641 904 Quibus
665 873 755 900 verbis
772 872 927 901 universam
945 874 984 901 illi

199 914 351 941 doctrinam
377 915 477 949 innuit,
503 924 556 952 qua
584 918 726 952 superiore
742 926 869 947 sermone
884 928 984 955 praece-

199 963 276 994 perat
292 964 321 986 ut
333 959 467 989 Ninivitas
484 961 628 989 imbueret.
646 962 732 991 Porro
747 969 836 991 autem
854 965 986 999 propheta

198 1004 367 1039 experientia
384 1013 474 1032 rerum
497 1007 552 1041 jam
576 1007 699 1036 eruditus
717 1008 866 1035 festinabat
883 1014 912 1036 ut
939 1010 986 1036 Dei

198 1050 284 1084 jussis
306 1050 516 1086 obtemperaret.
545 1051 589 1079 Ait
615 1061 679 1080 vero
703 1053 844 1090 Scriptura
867 1063 876 1080 ι
891 1055 986 1082 urbem

201 1095 280 1121 illam
295 1095 380 1123 fuisse
396 1097 542 1124 maximam
558 1105 649 1125 coram
668 1098 737 1126 Deo:
751 1109 761 1125 ι
790 1108 887 1135 nempe
902 1100 987 1135 signi-

200 1142 274 1172 ﬁcat,
291 1148 350 1168 eam
362 1141 454 1169 divina
467 1143 637 1177 providentia
652 1144 738 1172 fuisse
750 1150 877 1179 auctam:
906 1151 987 1180 atque

201 1187 239 1213 ita
258 1194 310 1214 nos
325 1187 416 1220 docet,
438 1188 586 1223 quominus
603 1189 751 1217 humanum
771 1191 919 1226 quidquam
937 1200 986 1226 pu-

202 1237 291 1260 temus
308 1232 336 1259 in
357 1233 469 1268 gloriam
485 1235 575 1262 venire
590 1243 681 1270 posse,
709 1235 762 1263 nisi
792 1236 817 1263 id
835 1236 906 1264 Deus
921 1245 987 1263 cura

201 1285 250 1305 sua
262 1279 397 1313 dignetur.
417 1288 426 1305 ι
440 1279 503 1307 Erat
518 1285 620 1312 autem.
632 1282 732 1316 inquit,
746 1282 829 1309 veluti
841 1283 893 1309 iter
904 1283 986 1309 trium

202 1325 308 1351 dierum
321 1333 328 1351 :
340 1334 350 1350 ι
368 1325 441 1353 haud
457 1334 523 1354 sane
538 1327 692 1362 intelligens
708 1332 810 1355 tantam
828 1328 889 1363 ejus
903 1329 987 1356 fuisse

203 1370 418 1405 longitudinem;
438 1372 484 1399 sed
500 1373 574 1407 quod
599 1376 639 1399 tot
655 1373 751 1401 diebus
776 1381 847 1408 opus
868 1378 940 1401 esset
953 1374 987 1400 ad

203 1422 263 1441 eam
282 1415 514 1449 circumeundam,
535 1421 616 1452 atque
630 1417 663 1445 ad
676 1419 798 1453 ejusdem
813 1421 942 1454 speciem,
963 1420 987 1448 si

204 1460 266 1494 quis
292 1460 383 1492 vellet,
410 1462 520 1489 curiose
548 1462 759 1490 observandam.
780 1463 879 1492 Subdit
906 1473 985 1501 ergo:

1038 868 1092 903 ἐγὼ
1118 869 1237 904 ἐλάλησα
1256 869 1324 904 πρὸς
1350 869 1394 895 σέ·
1417 879 1426 896 ι
1447 869 1555 896 ἃπασαν
1580 870 1654 904 αὐτῷ
1679 871 1821 905 σημαίνων

1038 915 1086 950 τὴν
1100 915 1273 942 διδασκαλίαν
1295 917 1328 951 ἢν
1341 915 1471 948 ἐπέταξεν
1490 917 1519 943 ἐν
1539 917 1595 948 τοῖς
1614 917 1730 952 πρόσθεν
1746 916 1822 952 αὐτῷ

1038 960 1106 995 πρὸς
1124 961 1186 992 τοὺς
1202 961 1344 992 Νινευῖτας
1359 960 1533 996 ποιήσασθαι.
1557 960 1587 986 Ὀ
1604 960 1653 994 μὲν
1666 960 1698 995 δὴ
1713 961 1821 996 προφή-

1037 1015 1086 1041 της
1100 1006 1147 1033 ἅτε
1161 1007 1194 1042 τῇ
1209 1006 1291 1042 πείρᾳ
1305 1006 1397 1032 λοιπὸν
1409 1005 1601 1042 σωφρονισθεὶς
1614 1005 1742 1040 ἠπείγετο
1752 1006 1822 1041 πρὸς

1039 1052 1126 1087 πέρας
1142 1052 1255 1086 ἀγαγεῖν
1269 1050 1304 1077 τὰ
1325 1051 1401 1087 παρά
1423 1051 1470 1077 τοῦ
1495 1050 1562 1077 Θεοῦ
1592 1050 1798 1086 προσταχθέντα
1813 1058 1820 1065 ·

1040 1098 1115 1132 λέγει
1131 1098 1159 1124 δὲ
1176 1098 1260 1133 ὄτιιή
1275 1097 1352 1128 πόλις
1365 1095 1399 1132 ἦν
1415 1097 1531 1132 μεγίστη
1547 1097 1586 1133 τῷ
1596 1097 1680 1134 Θεῷ-ι
1693 1097 1735 1123 ἵνα
1756 1095 1824 1132 εἴπῃ

1039 1143 1079 1169 ὃτι
1092 1144 1126 1179 τῇ
1140 1143 1201 1178 θείᾳ
1215 1143 1331 1179 προνοίᾳ
1343 1143 1381 1174 είς
1395 1142 1508 1177 μέγεθος
1522 1141 1668 1177 αὐξηθεῖσα
1682 1149 1687 1155 ·
1700 1141 1737 1172 ὡς
1749 1141 1822 1167 διδά-

1040 1189 1110 1222 ξειεν
1121 1188 1154 1215 ἂν
1171 1189 1243 1224 ἡμᾶς
1260 1188 1342 1224 μηδὲν
1364 1187 1467 1214 οἴεσθαι
1480 1187 1591 1214 δυνατὸν
1604 1185 1674 1214 εἶναι
1689 1186 1761 1213 κατὰ
1774 1186 1822 1212 τὸν

1041 1235 1096 1269 βίον
1111 1235 1148 1270 (p.
1162 1234 1225 1269 255)
1236 1234 1330 1261 τοῦτον
1346 1234 1386 1265 είς
1399 1233 1577 1269 περιφάνειαν
1591 1231 1769 1272 καταστῆναι,
1784 1231 1826 1266 μὴ

1039 1281 1106 1308 Θεοῦ
1125 1281 1290 1316 παρέχοντος
1306 1281 1354 1315 τὴν
1370 1281 1473 1307 οἰκείαν
1489 1279 1663 1315 κηδεμονίαν.
1690 1288 1699 1304 ι
1717 1277 1770 1304 τΗν
1783 1277 1822 1311 δὲ,

1041 1327 1133 1362 φησὶν,
1148 1326 1213 1352 ὡσεὶ
1223 1327 1240 1361 ἡ
1255 1325 1352 1360 πορεία
1365 1324 1426 1352 ὀδοῦ
1438 1325 1548 1360 ἡμερῶν
1570 1324 1663 1360 τριῶν.
1684 1334 1692 1349 ι
1712 1323 1779 1358 Οὐχὶ
1792 1322 1826 1349 τὺ

1042 1374 1127 1408 μῆκος
1140 1373 1224 1408 αὐτῆς
1236 1371 1363 1399 τοσοῦτον
1377 1369 1446 1398 εἶναι
1459 1371 1556 1405 λέγων,
1569 1370 1626 1397 ἀλλ’
1636 1370 1674 1401 ὡς
1688 1369 1824 1395 τοσούτων

1042 1419 1151 1455 ἡμερῶν
1159 1418 1287 1454 δεομένου
1298 1417 1346 1444 τοῦ
1358 1418 1446 1444 πᾶσαν
1461 1416 1545 1452 αὐτὴν
1559 1415 1745 1452 ἐκπεριελθεῖν
1752 1423 1782 1441 τε
1793 1417 1823 1441 ὲν

1043 1465 1135 1500 κύκλῳ
1151 1465 1198 1492 καὶ
1210 1464 1329 1491 κατιδεῖν
1340 1464 1384 1490 οἵα
1397 1463 1439 1494 τίς
1454 1463 1527 1489 ἐστιν
1544 1462 1706 1498 βουλομένου
1720 1462 1825 1496 σαφῶς,

207 1515 218 1530 ο
228 1506 368 1541 Coepitque
381 1506 466 1535 Jonas
476 1508 602 1543 progredi
615 1509 684 1536 intra
695 1510 789 1537 urbem
802 1511 880 1545 quasi
893 1511 989 1539 itinere

1049 1511 1163 1545 Ἐπάγει
1175 1510 1240 1545 γοῦν
1252 1517 1259 1524 ·
1275 1519 1284 1535 ι
1305 1510 1360 1536 Καὶ
1375 1509 1476 1545 ἧρξατο
1495 1509 1586 1540 Ἰωνᾶς
1602 1508 1650 1534 τοῦ
1665 1507 1826 1544 εἰσπορεύε-

206 1552 287 1579 unius
303 1553 365 1579 diei.
378 1562 387 1578 ι
409 1552 508 1580 Narrat
521 1554 636 1587 scilicet,
653 1555 812 1590 prophetam
832 1556 927 1584 urbem
945 1557 989 1584 in-

206 1605 339 1632 gressum,
355 1603 436 1634 atque
453 1599 484 1626 in'
497 1599 620 1635 ejusdem
631 1605 708 1635 parte
717 1601 833 1636 quadam
841 1603 991 1637 praedicare

205 1649 310 1675 orsum,
331 1643 491 1671 circumisse
507 1644 611 1676 taudiu.
639 1645 726 1672 donec
739 1653 821 1673 unam
848 1647 931 1674 veluti
948 1648 991 1674 in-

207 1689 324 1724 sumpsit
337 1690 419 1722 diem,
432 1691 584 1725 praelicans
594 1695 675 1726 atque
685 1690 778 1719 dicens
791 1701 797 1719 ε
810 1692 921 1720 «Adhuc
934 1697 990 1722 tres

206 1734 275 1768 dies,
292 1739 318 1762 et
340 1734 436 1763 Ninive
459 1736 668 1769 subverteturn
687 1740 714 1764 et
728 1737 833 1772 reliqua
858 1746 989 1774 quaecun-

207 1788 261 1814 que
277 1781 311 1808 ab
324 1789 356 1808 eo
374 1781 428 1809 dici
445 1790 494 1816 par
509 1786 569 1810 erat
593 1783 620 1810 in
642 1782 759 1818 singulis
775 1784 850 1812 urbis
866 1785 990 1820 partibus

208 1825 242 1852 ad
257 1826 357 1854 civium
374 1828 567 1856 eruditionem;

247 1964 329 1992 Vens.
341 1965 401 1993 5-9.
415 1981 449 1985 —
466 1965 514 1994 His
531 1966 606 1993 addit
620 1976 626 1994 :
643 1977 652 1992 ι
664 1966 697 1994 Et
713 1967 888 1996 crediderunt
899 1969 995 1996 incolae

209 2009 336 2037 Ninivila:
349 2010 412 2038 Deo.
426 2021 435 2037 ι
454 2012 549 2047 Coepta
574 2019 622 2047 per
648 2014 807 2048 prophetam
823 2014 850 2041 in
875 2014 992 2049 quadam

210 2055 287 2083 urhis
303 2061 379 2091 parte
396 2058 596 2092 praedicatione,
621 2059 746 2086 celeriter
759 2059 906 2087 admodum
922 2061 993 2087 inter

209 2108 306 2129 eumos
321 2101 423 2130 diditus
441 2111 531 2131 sermo
548 2103 735 2139 signiﬁcatur;
752 2105 788 2132 ita
804 2110 834 2132 ut
852 2106 931 2141 vulgo
943 2106 992 2132 ho-

211 2148 299 2176 mines
322 2153 425 2176 ccrlam
451 2157 482 2176 ex
504 2150 587 2178 dictis
611 2151 793 2186 suscipientes
817 2153 993 2184 sententiam,

211 2194 378 2221 consternati
411 2202 574 2230 magnopere
600 2195 711 2223 monitis
735 2196 992 2232 obtemperaverint.
1009 2215 1032 2243 Β

213 2238 355 2268 Prmterea.
375 2239 447 2274 quod
471 2239 596 2267 Ninivilae
619 2241 693 2268 cives
705 2240 759 2268 Deo
774 2242 950 2274 crediderint,
968 2243 994 2270 id

214 2284 404 2315 satisindicat,
431 2284 502 2311 haud
524 2285 684 2320 simpliciter
707 2286 815 2314 dixisse
826 2288 994 2322 prophetam,

216 2341 223 2355 ι
238 2331 332 2357 Adhuc
358 2334 414 2357 tres
442 2331 518 2364 dies,
538 2331 616 2366 ιϐ’]
633 2336 660 2359 et
677 2331 773 2360 Ninive
789 2334 972 2361 subvertctur.
985 2344 994 2360 ι

213 2376 305 2411 Neque
324 2377 394 2403 enim
413 2376 449 2404 ob
466 2376 536 2404 hanc
554 2384 634 2404 unam
660 2379 784 2405 vocula-ii
810 2379 923 2407 credere
942 2379 997 2407 Deo

214 2428 349 2458 poterant,
373 2423 396 2450 si
411 2422 494 2450 homo
515 2423 674 2458 peregrinus
689 2425 812 2459 ipsisque
826 2432 938 2460 prorsus
956 2426 998 2453 in-

214 2470 341 2503 cognitus
358 2468 471 2496 exitium
494 2469 613 2497 minatus
628 2475 711 2501 esset.
738 2471 805 2498 nihil
821 2474 911 2498 autem
929 2480 998 2507 pra:-

215 2519 289 2540 terea
314 2514 485 2541 addidisset:
502 2522 591 2549 neque
611 2516 749 2544 docuisset
772 2517 920 2550 auditores,
945 2526 998 2552 quo

217 2559 340 2586 mittente
355 2560 484 2587 venisset.
511 2560 563 2587 Sed
583 2561 654 2588 enim
671 2563 840 2597 exploratum
855 2568 907 2595 est,
936 2571 999 2599 pro-

215 2604 323 2639 phetam
346 2607 374 2631 et
388 2603 435 2631 Dei
457 2606 613 2635 meminisse
635 2609 755 2636 omnium
771 2608 889 2643 Domini,
918 2615 945 2638 et
970 2618 1000 2638 se

216 2657 330 2677 missum
356 2649 391 2676 ab
404 2657 437 2676 eo
449 2651 670 2681 conﬁrmavisse:
699 2661 726 2682 et
743 2655 908 2689 praeconium
923 2657 998 2684 exitii

216 2695 323 2726 fecisse,
351 2697 437 2727 atque
460 2695 493 2722 ad
513 2697 702 2729 pmniteuliam
726 2707 787 2727 esse.
808 2699 998 2728 adhortatum:

215 2747 331 2775 quarum
357 2745 449 2765 rerum
474 2740 572 2766 notitia
587 2741 699 2776 imbuti,
728 2745 824 2772 merito
848 2745 915 2772 dicti
936 2751 1003 2774 sunt

215 2785 369 2812 credidisse
391 2782 465 2817 Deo;
493 2785 571 2818 cujus
595 2787 731 2816 decretum
761 2790 1001 2827 magisteriumque

216 2831 398 2865 excipientes,
415 2829 558 2864 prophetae
569 2834 808 2866 voce-nuntiatum,
824 2835 856 2862 ad
871 2836 998 2864 virtutem

1043 1556 1105 1583 σθαι
1126 1557 1166 1587 εἰς
1189 1555 1238 1591 τὴν
1264 1554 1340 1581 πόλιν
1363 1554 1429 1580 ὡσεὶ
1450 1552 1563 1588 πορείαν
1582 1551 1689 1587 ἡμέρας
1713 1552 1797 1586 μαῖς’
1813 1559 1827 1577 δ

1043 1601 1085 1627 ἵνα
1096 1601 1170 1636 εῐπῃ,
1187 1601 1228 1626 ὅτι
1242 1598 1421 1634 είσεληλυθὼς
1437 1599 1477 1630 εἰς
1487 1598 1536 1633 τὴν
1550 1597 1628 1624 πόλιν
1641 1598 1655 1623 ὁ
1670 1597 1829 1632 προφήτης,

1043 1647 1089 1673 καὶ
1112 1646 1183 1673 κατά
1197 1654 1269 1678 τινος
1294 1646 1395 1681 μέρους
1418 1644 1570 1679 ἀρξάμενος
1585 1643 1636 1678 τῆς
1659 1643 1762 1674 πόλεως
1781 1643 1828 1669 ἐκο

1043 1694 1151 1730 περιῄει
1173 1701 1201 1719 τε
1225 1692 1318 1728 αὐτὴν,
1334 1692 1381 1718 καὶ
1397 1691 1463 1717 ὡσεὶ
1490 1690 1554 1726 μίαν
1570 1691 1677 1725 ἡμέραν
1694 1689 1828 1724 πεποίηκε

1043 1738 1186 1773 κηρύττων
1200 1746 1230 1763 τε
1242 1737 1289 1763 καὶ
1300 1736 1397 1770 λέγων,
1410 1735 1451 1762 ὅτι
1469 1744 1478 1760 ι
1499 1735 1558 1761 Ἔτι
1572 1736 1646 1769 τρεῖς
1665 1733 1768 1769 ἡμέραι
1779 1732 1828 1759 καὶ

1043 1784 1142 1819 Νινευὴ
1162 1782 1433 1818 καταστραφήσεται,
1459 1790 1469 1806 ι
1487 1780 1577 1806 καὶτὰ
1594 1779 1677 1806 λοιπά
1696 1778 1729 1814 δὴ
1742 1777 1830 1804 ὁπόσα

1044 1829 1132 1863 λέγειν
1146 1828 1226 1854 αὑτὸν
1239 1826 1407 1853 καθέκαστον
1420 1826 1502 1862 μέρος
1513 1825 1562 1860 τῆς
1574 1825 1675 1856 πόλεως
1689 1824 1757 1860 πρὸς
1766 1823 1831 1855 τοὺς

1041 1875 1175 1909 παρόντας
1195 1873 1241 1899 ἐπὶ
1254 1871 1412 1906 διδασκαλίᾳ
1435 1871 1488 1897 τῶν
1503 1870 1656 1897 ἀκουόντων
1674 1868 1830 1901 ἀκολούθως

1042 1919 1115 1945 ἐνῆν.

1077 1934 1080 1944 ι
1094 1934 1115 1945 ν.

1077 1934 1150 1999 ὲτίχ.
1170 1963 1237 1990 ε’-θ’.
1251 1977 1285 1982 ——-
1306 1962 1417 1994 Τούτοις
1433 1962 1549 1996 ἐπάγει’
1569 1970 1578 1987 α
1601 1961 1654 1988 Καὶ
1667 1960 1832 1987 ἐπίστευσαν

1042 2013 1066 2038 oi
1078 2011 1173 2047 ἄνδρες
1189 2009 1292 2044 Νινευὴ
1305 2009 1344 2044 τῷ
1357 2008 1417 2044 Θεῷ
1429 2015 1436 2023 ·
1456 2019 1465 2034 ι
1481 2009 1588 2039 δεικνὺς
1605 2008 1645 2034 ὃτι
1659 2007 1692 2033 ἐκ
1715 2006 1763 2033 τοῦ
1780 2005 1829 2042 μι-

1048 2066 1109 2093 ρους
1123 2057 1173 2092 τῆς
1186 2056 1290 2087 πόλεως
1303 2055 1458 2091 ἀρξαμένου
1479 2054 1526 2081 τοῦ
1540 2054 1680 2089 προφήτου
1694 2052 1831 2080 ποιεῖσθαι

1045 2104 1076 2130 τὸ
1096 2103 1245 2138 κήρυγμα,
1267 2102 1307 2133 είς
1327 2101 1450 2132 ἆπαντάς
1469 2109 1498 2127 τε
1514 2101 1528 2126 ὁ
1546 2100 1623 2133 λόγος
1639 2098 1742 2134 διεδόθη
1761 2097 1831 2133 μετά

1048 2148 1146 2175 πολλοῦ
1158 2148 1205 2174 τοῦ
1222 2147 1320 2184 τάχους
1330 2156 1336 2162 -
1361 2147 1407 2173 καὶ
1423 2146 1456 2182 δὴ
1473 2146 1572 2177 πάντες
1587 2144 1768 2181 ἀναμφίὸολον
1783 2143 1832 2171 ἐπὶ

1047 2196 1102 2226 τοῖς
1118 2194 1274 2229 λεγομένοις
1289 2193 1339 2228 τὴν
1352 2192 1463 2227 γνώμην
1488 2191 1629 2226 δεξάμενοι
1649 2190 1719 2226 μετά
1734 2189 1834 2217 πολλού

1047 2241 1093 2266 τοῦ
1119 2240 1202 2274 φόϐου
1225 2241 1281 2270 τοῖς
1301 2238 1457 2274 λεγομένοις
1483 2237 1640 2264 ἐπείθοντο·
1658 2236 1780 2263 δείκνυσι
1804 2236 1834 2262 δὲ

1047 2288 1095 2314 καὶ
1108 2287 1149 2319 τὸ,
1164 2296 1173 2312 ι
1185 2287 1364 2313 Ἐπίστευσαν
1378 2286 1402 2312 οἱ
1418 2284 1511 2320 ἄνδρες
1522 2284 1623 2320 Νινευὴ
1637 2284 1675 2319 τῷ
1688 2282 1759 2318 Θεῷ,
1769 2292 1777 2308 ι
1792 2284 1834 2309 ὅτι

1047 2331 1096 2366 οὐχ
1110 2331 1201 2362 ἁπλῶς
1213 2331 1291 2358 τοῦτο
1303 2331 1381 2366 μόνον
1393 2330 1494 2364 ἔλεγεν,
1505 2330 1546 2356 ὃτι
1557 2339 1566 2354 ι
1574 2330 1633 2356 Ἔτι
1648 2330 1721 2364 τρεῖς
1731 2328 1834 2363 ἡμέραι

1049 2377 1094 2403 καὶ
1107 2376 1208 2412 Νινευὴ
1229 2377 1487 2411 καταστραφήσεται
1500 2383 1507 2390 ·
1528 2385 1537 2400 ι
1558 2374 1588 2400 οὺ
1606 2374 1659 2409 γάρ
1678 2373 1731 2400 ἀπὸ
1750 2373 1835 2408 μόνης

1047 2424 1150 2459 ταύτης
1165 2423 1214 2458 τῆς
1228 2422 1318 2458 φωνῆς
1334 2422 1474 2449 πιστεύειν
1492 2419 1564 2457 εἶχον
1576 2421 1615 2456 τῷ
1625 2420 1694 2455 Θεῷ,
1714 2421 1753 2454 (p.
1769 2419 1834 2454 254)

1048 2470 1143 2506 ἀνδρὸς
1156 2470 1231 2502 ξένου
1248 2469 1295 2496 καὶ
1304 2469 1444 2503 ἀγνώστου
1456 2469 1548 2499 αὐτοῖς
1561 2465 1698 2498 παντελῶς
1710 2466 1759 2501 τὴν
1785 2475 1836 2493 κα-

1049 2516 1200 2551 ταστροφὴν
1211 2516 1261 2552 μέν
1282 2514 1469 2546 ἀπειλοῦντος,
1494 2513 1683 2550 προστιθέντος
1699 2512 1728 2539 δὲ
1746 2511 1834 2544 οὐδὲν,

1048 2563 1103 2589 οὐδ’
1114 2563 1158 2597 ὑφ’
1171 2563 1232 2589 ὅτου
1245 2570 1297 2597 περ
1311 2560 1514 2595 ἀπεσταλμένος
1527 2559 1570 2593 εἴη
1586 2557 1758 2589 διδάσκοντος
1769 2558 1834 2588 τοῦς

1049 2608 1196 2638 ἀκούοντας
1207 2615 1214 2621 ·
1232 2607 1290 2633 ἀλλ’
1305 2605 1416 2640 εὔδηλον
1429 2606 1470 2631 ὅτι
1484 2604 1532 2631 καὶ
1548 2603 1616 2630 Θεοῦ
1631 2603 1770 2639 ἐμέμνητο
1785 2602 1834 2629 τοῦ

1050 2653 1158 2680 πάντων
1170 2652 1272 2687 Κυρίου
1282 2670 1289 2683 ,
1304 2650 1351 2677 καὶ
1365 2649 1532 2677 ἀπεστάλθαι
1551 2649 1627 2683 ἔλεγε
1646 2648 1711 2684 παρ’
1730 2645 1812 2674 αὑτοῦ
1827 2653 1834 2662 ·

1050 2699 1098 2725 καὶ
1116 2697 1147 2723 τὸ
1168 2700 1300 2732 κήρυγμα
1324 2696 1442 2722 ἐποιεῖτο
1456 2695 1506 2730 τῆς
1529 2695 1739 2730 καταστροφῆς,
1765 2692 1834 2728 πρὸς

1053 2743 1232 2779 μεταμέλειαν
1246 2742 1344 2772 αὐτοὺς
1354 2740 1553 2776 ἐκκαλούμενος
1562 2748 1568 2754 ·
1586 2736 1680 2775 ὧνπερ
1699 2737 1745 2767 οὖν
1759 2738 1836 2771 δεξά-

1052 2797 1127 2825 μενοι
1148 2788 1196 2823 τὴν
1211 2787 1394 2820 διδασκαλίαν,
1413 2787 1523 2818 εἰκότως
1549 2785 1688 2813 πιστεύειν
1709 2784 1834 2818 ἐλέγοντο

1052 2834 1092 2869 τῷ
1107 2833 1182 2868 Θεῷ·
1199 2831 1228 2860 οὗ
1250 2833 1298 2867 τήν
1320 2841 1349 2859 τε
1369 2833 1505 2867 ἀπόφασιν
1525 2832 1570 2859 καὶ
1589 2831 1639 2867 τὴν
1660 2830 1833 2859 διδασκαλίας
