1972 3066
135 166 186 194 3M

654 167 931 197 COMMENTARIUS
950 167 982 196 IN
1000 167 1097 196 JONA-S
1113 167 1187 195 CAP.
1208 168 1253 196 IV.

1707 167 1763 196 342

137 222 278 258 δεξάμενοι
296 224 366 252 κατά
392 224 440 261 τὴν
465 225 514 252 τοῦ·
531 226 669 262 προφήτου
693 226 784 262 φωνὴν
806 227 874 262 πρὸς
893 226 940 256 τὺ,

993 225 1166 261 ιιειίρυειύιιιἸ
1177 224 1215 251 ita
1231 228 1260 251 ut
1277 224 1369 252 multa:
1386 224 1608 259 vehementisque
1624 225 1760 260 ptenitcn-

138 270 262 302 κρεῖττον
283 267 370 296 εἶδον·
389 270 459 297 ὥστε
480 271 527 297 καὶ
541 271 641 306 πολλήν
659 279 720 298 τινα
729 272 781 298 καὶ
801 272 924 298 σύντονον

137 314 191 348 τὴν
209 315 390 350 μεταμέλειαν
415 316 617 348 ἐπιδείξασθαι·
644 318 770 353 νηστείαν
798 318 852 353 γὰρ
873 317 926 344 ἀνά

138 359 188 394 τὴν
200 360 276 387 πόλιν
289 361 435 397 ἐκήρυξαν,
445 362 483 394 ὥς
494 371 570 398 φησι,
584 364 630 389 καὶ
646 363 764 395 σάκκους
776 364 874 395 πάντες
885 364 925 390 ὲν·

139 404 285 440 δυσάμενοι
298 406 390 441 μικροί
401 415 430 433 τε
441 407 488 433 καὶ
498 407 620 442 μεγάλοι,
631 407 750 442 πενθικῷ
761 406 926 442 κεχρημένοι

139 450 179 485 τῷ
195 451 324 486 σχήματι,
337 451 400 478 ἵλεω
414 452 539 486 γενέσθαι
553 453 598 479 τὸν
615 452 680 480 Θεὺν
695 453 787 484 αὐτοῖς
803 452 925 487 ἐξῄτουν·

141 496 235 531 ἐπειδὴ
249 496 278 523 δὲ
297 497 345 523 καὶ
359 497 422 533 ἄχρι
443 497 490 524 τοῦ
510 498 641 533 βασιλέως
655 498 792 534 ἐληλυθὼς
809 499 823 524 ό
837 499 926 533 λόγος,

140 540 200 566 οὐδὲ
212 541 316 572 ἐκεῖνος
328 541 468 576 ἀμελήσας
478 543 602 577 φαίνεται
612 543 658 569 τοῦ
669 543 831 579 πράγματος
841 552 847 558 ·
859 543 927 569 ἀλλά

142 586 230 620 μικρὰ
240 586 295 612 ,τοῦ
319 586 458 621 βασιλικοῦ
475 586 621 623 φροντίσας
634 589 788 624 ἀξιώματος
800 609 807 620 ,
831 590 877 616 τόν
898 597 927 615 τε

141 629 238 664 θρόνον
260 630 340 664 ἀφεὶς
363 631 408 658 τὸν
427 632 537 663 οἰκεῖον,
555 634 602 659 καὶ
617 633 666 668 τὴν
680 632 820 668 βασιλικὴν
833 633 929 668 στολὴν

141 675 308 710 ἀπορρίψας.
324 676 424 703 σάκκον
437 677 485 704 καὶ
496 678 578 710 αὐτὸς
592 678 781 714 περιθέμενος,
798 680 844 705 ἐπὶ
860 688 927 706 σπου

142 720 188 746 δοῦ
213 720 396 755 καθεζόμενος
422 721 553 749 διετέλει·
585 723 786 758 προστάγματά
811 733 841 751 τε
866 724 930 758 ἑξῆς

143 766 308 800 παράτετοῦ
315 766 444 801 βασιλέως
453 768 499 794 καὶ
508 767 561 795 τῶν
568 769 628 795 κατ’
636 769 721 804 αὐτὴν
730 770 784 804 (56)
793 770 931 805 ἀρχόντων

144 811 256 846 ἐξετέθη
273 811 319 838 τοῦ
336 812 373 847 μὴ
390 814 453 844 τοὺς
467 813 626 849 ἀνθρώπους
647 814 737 850 μόνον,
753 814 820 841 ἀλλά
837 816 883 842 καὶ
898 816 932 842 τὰ

145 857 215 892 πρὸς
231 858 384 893 ὑπηρεσίαν
399 859 490 891 αὐτοῖς
506 861 661 896 τεταγμένα
678 861 736 893 ζῶα
757 862 886 893 παντοίας
901 870 931 888 τε

974 272 1019 299 tia:
1033 273 1111 307 signa
1128 272 1271 299 ediderint.
1291 271 1430 306 Jejunium
1452 272 1525 299 enim
1537 279 1586 307 per
1607 263 1758 305 civitatem,

975 321 1004 345 ut
1029 318 1076 351 ait,
1094 317 1260 351 indixerunt,
1284 326 1448 353 saccumque
1472 319 1562 346 omnis
1577 319 1755 350 atlasinduit,

975 362 1081 398 lugubri
1094 363 1187 390 habitu
1201 363 1248 390 Dei
1260 363 1430 391 clementiam
1440 364 1625 398 implorantes.
1638 363 1761 399 Cumque

975 408 1010 435 ad
1039 409 1127 443 ipsum
1154 417 1241 444 usque
1261 416 1352 444 regem
1374 417 1464 437 sermo
1490 409 1655 443 devenisset,
1684 417 1719 436 ne
1737 409 1762 436 is

976 454 1086 488 quidem
1099 462 1155 481 rem
1173 455 1247 489 parvi
1264 454 1328 482 fecit
1340 463 1348 487 ;
1361 455 1408 482 sed
1425 455 1498 490 regia
1513 460 1601 490 spreta
1619 455 1760 490 dignitate,

977 501 1077 528 throno
1091 502 1198 535 relicto,
1224 502 1361 538 regalique
1378 507 1453 530 veste
1467 502 1581 537 abjecta,
1609 510 1720 531 saccum
1734 507 1763 531 et

978 545 1038 581 ipse
1053 546 1152 580 induit,
1179 552 1261 582 atque
1276 547 1303 575 in
1327 549 1420 575 cinere
1434 548 1504 576 Sedit
1517 557 1524 574 :
1546 549 1732 584 scriptumque
1747 557 1762 575 ι

979 599 1041 628 rege
1055 592 1174 620 edictum
1193 597 1234 620 est
1250 597 1278 621 et
1294 601 1309 620 a
1326 595 1445 621 civitatis
1465 594 1643 629 principibus,
1662 599 1691 621 ut
1708 602 1763 622 non

979 638 1067 665 solum
1083 638 1220 670 homines,
1235 646 1329 665 verum
1344 640 1426 666 etiam
1446 638 1570 674 iumenta
1585 639 1693 666 illorum
1709 646 1767 665 ser-

979 683 1046 710 vitio
1060 683 1167 710 addicta
1181 685 1255 711 omni
1271 685 1371 719 pabulo
1385 690 1504 721 potuque
1518 689 1656 713 carerent.
1673 684 1766 719 Neque

981 729 1114 757 hactenus
1135 729 1242 757 illorum
1259 731 1417 765 paenitentia
1430 731 1523 765 stetit;
1551 731 1598 759 sed
1614 731 1687 758 omni
1704 734 1767 758 ante

982 778 1050 801 actae
1062 774 1124 801 vita:
1136 774 1270 802 maleficio
1282 775 1396 806 omisso.
1413 775 1570 810 mutuisque
1583 774 1709 809 imposito
1723 774 1766 800 itt-

981 820 1062 855 jnriis
1084 819 1147 853 ﬁne,
1164 828 1328 857 magnopere
1342 821 1497 856 sperabant,
1513 821 1571 848 fore
1588 824 1618 847 ut
1629 821 1687 856 ipse
1702 827 1769 855 quo-

984 873 1038 900 que
1050 865 1121 893 Deus
1134 866 1270 900 ptenitens
1282 867 1416 901 perlatum
1431 867 1569 893 decretum
1585 865 1709 892 funditus
1722 872 1770 892 an-

145 903 248 937 τροφῆς
260 903 305 929 καὶ
317 904 398 930 ποτοῦ
409 904 546 939 διαμένειν
560 905 639 937 ἐκτός
648 914 655 921 ·
669 906 715 932 καὶ
728 906 758 932 οὐ
775 907 855 942 μέχρι
869 905 930 933 τού-

993 912 1114 946 .iquaret.
1133 921 1142 937 ι
1156 911 1224 944 Quis
1236 912 1322 944 enim,
1343 912 1431 947 inquit
1446 912 1597 946 Scriptura,
1615 910 1690 938 novit
1705 918 1769 937 nmn

145 956 200 974 των
215 951 253 983 (p.
267 949 331 984 955i)
342 949 459 985 ἔστησαν
468 951 517 986 τὴν
531 952 722 987 μεταμέλειαν,
737 952 804 978 ἀλλά
818 952 872 988 γὰρ
885 952 931 978 καὶ

993 961 1051 984 orte
1067 958 1227 985 immutetur
1245 958 1437 993 mitigeturque
1450 956 1532 989 Deus,
1548 962 1630 992 atque
1651 957 1685 984 ab
1700 960 1771 984 aestu

146 995 201 1022 τῶν
217 995 302 1021 πάλαι
323 995 415 1028 κακῶς
435 997 526 1028 αὐτοῖς
544 997 738 1032 πραττομένων
755 997 931 1030 ἀποστάντες,

993 1002 1084 1029 ‘uroris
1101 1003 1144 1030 sui
1156 1003 1276 1035 recedat,
1292 1003 1372 1031 nobis
1386 1003 1588 1030 incolumibus?
1600 1012 1610 1028 ι
1628 1001 1693 1035 Qua:
1705 1009 1772 1030 sane

147 1040 238 1075 πάσης
249 1049 279 1066 τε
294 1040 344 1075 τῆς
355 1042 394 1072 είς
409 1041 519 1076 ἑτέρους
530 1042 636 1074 ἀδικίας
648 1043 812 1078 χωρίσαντες
823 1043 931 1075 αὐτοὺς,

993 1046 1037 1073 lici
1053 1047 1088 1073 ah
1101 1047 1141 1074 eis
1155 1055 1207 1074 non
1230 1051 1388 1082 potuerunt,
1406 1047 1458 1074 nisi
1475 1046 1642 1082 propheticis
1657 1045 1772 1073 vocibus

149 1086 252 1121 σφόδρα
267 1095 299 1120 γε
315 1087 445 1122 ἀνέμενον
458 1087 488 1113 τὸ
509 1087 556 1114 καὶ
569 1087 614 1114 τὸν
627 1088 693 1114 Θεὸν
711 1088 753 1122 ἐφ’
770 1086 810 1120 οἷς
826 1089 934 1124 ἀπεφή-

993 1090 1101 1118 ’uissent
1118 1091 1223 1119 edocti;
1252 1092 1278 1119 id
1301 1092 1374 1126 quod
1401 1099 1497 1126 reapse
1519 1091 1620 1117 factum
1640 1089 1773 1125 propheta

149 1139 214 1157 νατο
229 1132 289 1158 κατ’
305 1131 394 1158 αὐτῶν
414 1133 581 1166 μεταγνόντα
596 1132 675 1159 λῦσαι
690 1132 738 1168 τὴν
748 1133 934 1168 ἐξενεχθείσαν

993 1138 1063 1165 licit.
1081 1137 1140 1165 Jam
1156 1143 1303 1173 postquam
1316 1146 1363 1166 eos
1378 1139 1505 1175 cognovit
1520 1137 1591 1165 Deus
1604 1137 1678 1164 vitiis
1690 1137 1774 1163 omis-

150 1177 288 1211 ἀπόφασιν
302 1177 441 1209 παντελῶς
453 1187 459 1193 ·
484 1187 494 1203 ι
510 1178 558 1209 Τίς
575 1178 638 1214 γάρ,
657 1177 824 1213 φησὶν,οῐδεν
846 1179 870 1205 εἰ
887 1188 933 1214 με-

993 1183 1025 1210 sis
1037 1183 1070 1210 ad
1082 1183 1210 1211 virtutem
1220 1184 1341 1216 tendere,
1356 1184 1495 1212 decretum
1509 1183 1565 1219 ipse
1578 1190 1688 1218 quoque
1701 1182 1773 1216 quod

149 1224 278 1258 τανοήσει
292 1223 341 1250 καὶ
353 1224 593 1259 παρακληθήσεται
611 1224 625 1250 ό
642 1224 719 1256 Θεὸς,
733 1225 781 1251 καὶ
795 1225 934 1261 ἀποστρέ-

993 1237 1014 1255 ηη
1032 1236 1080 1256 eos
1095 1229 1195 1256 tulerat
1209 1230 1362 1265 abrogavit.

149 1269 195 1304 ψει
213 1269 267 1295 ἀπὸ
280 1269 365 1304 ὀργῆς
384 1269 469 1305 θυμοῦ
483 1269 576 1302 αὐτοῦ,
590 1271 637 1297 καὶ
657 1271 687 1297 οὐ
712 1271 748 1306 μὴ
763 1270 946 1306 ἀπολώμεθας
963 1282 972 1299 ι
994 1274 1066 1310 ἅπερ
1082 1274 1129 1302 οὖν
1147 1276 1196 1311 οὐχ
1212 1273 1269 1303 οἷόν
1285 1285 1314 1303 τε
1332 1277 1421 1310 λέγειν
1435 1276 1533 1307 αὐτοὺς
1550 1274 1587 1310 μὴ
1608 1274 1640 1300 ἔκ
1654 1273 1708 1300 τῶν
1728 1272 1774 1300 τοῦ

150 1317 291 1351 προφήτου
321 1317 525 1352 δεδιδαγμένους
548 1318 658 1352 φωνῶν·
683 1318 765 1345 τοῦτο
797 1319 830 1354 δὴ
859 1320 906 1345 καὶ
927 1322 1091 1357 γεγενῆσθαί
1116 1332 1199 1359 φησιν
1225 1325 1239 1350 ὁ
1268 1326 1428 1360 προφήτης·
1459 1324 1505 1350 καὶ
1534 1322 1683 1357 ἐπειδήπερ
1707 1317 1776 1347 εἶδεν

153 1361 250 1392 αὐτοὺς
264 1361 279 1386 ό
291 1360 357 1393 Θεὸς
368 1362 538 1394 ἀποστάντας
555 1363 604 1397 μὲν
617 1363 672 1390 τῶν
687 1363 826 1399 χειρόνων,
845 1364 994 1397 νεύσαντας
1008 1366 1036 1392 δὲ
1052 1367 1119 1403 πρὸς
1131 1369 1162 1395 τὸ
1176 1371 1310 1404 κρεῖττον,
1325 1369 1402 1396 ἔλυσε
1417 1370 1463 1396 καὶ
1477 1369 1557 1400 αὐτὸς
1571 1368 1619 1403 τὴν
1640 1366 1776 1401 ἀπόφασιν

151 1407 241 1441 ἤνπερ
255 1405 302 1434 οὖν
316 1407 467 1443 ἐξενηνόχει
481 1408 542 1434 κατ’
559 1408 657 1436 αὐτῶν.

479 1454 557 1480 ΚΕΦ.
576 1456 611 1481 Δ⁹.

188 1499 262 1534 Στίχ.
279 1498 350 1526 α’-δ’.
363 1515 398 1519 -
413 1509 423 1525 ι
456 1500 516 1526 Ἐπὶ
533 1499 639 1532 τούτοις
658 1500 779 1536 ἐλυπήθη
790 1521 796 1533 ,
811 1501 906 1535 φησὶν,
923 1501 937 1526 ό

1027 1497 1107 1533 168
1123 1498 1206 1527 Vens.
1223 1500 1279 1526 1-4.
1291 1456 1520 1536 -ξῗῗεέἒεειὶε,
1536 1501 1623 1536 pergit
1635 1499 1776 1536 Scriptura

160 1546 253 1576 Ἰωνᾶς
275 1546 365 1580 λύπην
394 1546 515 1581 μεγάλην
538 1546 584 1572 καὶ¹
605 1545 749 1581 συνεχύθη.
770 1555 779 1571 »
801 1545 939 1576 Εἰκότως·

993 1543 1092 1573 dicere.
1112 1551 1239 1580 magnum
1263 1547 1401 1572 contraxit
1416 1545 1502 1574 Jonas
1518 1554 1676 1577 maerorem.
1697 1546 1778 1581 eique

154 1591 344 1626 διεταράττετο
357 1591 412 1625 γὰρ
427 1591 466 1622 ὡς
488 1591 646 1623 ἀπατεῶνος
664 1592 711 1618 καὶ
723 1590 842 1625 ψεύστου
859 1589 940 1622 δόξαν

157 1637 264 1672 μέλλων
287 1636 473 1672 ἀποφέρεσθαι
495 1638 560 1672 παρ’
581 1637 694 1669 αὐτοῖς,
714 1637 755 1663 ὅτι
774 1637 788 1662 ὁ
809 1636 859 1671 μὲν
876 1635 942 1662 εἴσω

155 1683 240 1718 τριῶν
255 1682 369 1718 ἡμερῶν
384 1682 530 1718 ἠπείλησεν
545 1682 653 1709 ἔσεσθαι
669 1683 720 1718 τὴν
731 1681 922 1717 καταστροφήν
933 1689 940 1696 ·

157 1727 266 1762 ἐγένετο
285 1728 313 1754 δὲ
330 1728 420 1755 οὐδέν·
436 1726 496 1755 εἶτα
511 1729 557 1755 καὶ
570 1728 637 1763 πρὸς
651 1728 695 1754 τὸν
710 1728 775 1754 Θεὸν
789 1727 942 1762 ἀποϐλέψας

158 1773 251 1808 ἔλεγεν
264 1781 270 1788 '
289 1783 300 1799 ‹
318 1774 373 1809 Οὐχ
385 1772 456 1801 οὗτοι
468 1774 494 1800 οἱ
509 1773 583 1808 λόγοι
599 1782 648 1809 μου
665 1772 735 1809 ἦσαν
750 1774 789 1800 ἔτι
802 1774 877 1804 ὄντος
893 1781 943 1808 μου

160 1820 188 1845 ὲν
204 1821 237 1854 τῇ
253 1820 287 1854 γῇ
304 1828 371 1854 μου;
394 1820 438 1846 διὰ
452 1819 530 1846 τοῦτο
551 1819 713 1855 προέφθασα
727 1819 774 1846 τοῦ
795 1820 889 1854 φυγεῖν
904 1819 944 1850 είς

162 1865 293 1900 Θαρσεῖς,
309 1865 376 1891 διότι
395 1865 480 1900 ἔγνων
496 1866 537 1892 ὅτι
550 1866 582 1892 σὺ
595 1865 718 1901 ἐλεήμων
735 1863 761 1892 εἴ
774 1865 819 1892 καὶ
843 1865 945 1899 οἰκτίρ-

163 1920 232 1945 μων,
254 1911 430 1946 μακρόθυμος
449 1911 496 1937 καὶ
513 1911 657 1942 πολυέλεος
670 1911 717 1937 καὶ
742 1910 879 1945 μετανοῶν
900 1910 946 1936 ἐπὶ

161 1957 220 1984 ταῖς
236 1955 356 1986 κακίαις.
383 1964 393 1980 »
409 1954 506 1988 Σαφῶς
527 1955 580 1990 γὰρ
596 1955 729 1990 ἐδήλωσεν
746 1954 787 1980 ὅτι
805 1953 884 1980 τοῦτο
899 1953 946 1979 καὶ

162 2001 211 2035 τῆς
226 2002 315 2036 (p.-ﬂ;
328 1999 403 2035 αύτῷ
415 2000 526 2034 γέγονεν
551 2001 646 2031 αἴτιον,
667 1999 705 2034 (ρ.
728 1999 791 2034 956)
804 1999 835 2024 τι)
847 1998 946 2024 εἰδέναι

162 2046 203 2071 ὅτι
218 2045 406 2080 φιλάνθρωπος
429 2044 477 2075 ὢν,
506 2045 530 2071 εί
548 2044 783 2079 μεταϐαλομένους
807 2043 873 2076 ἴδοι,
897 2043 946 2077 τὴν

164 2091 301 2124 ἀτώφασιν
320 2090 428 2122 πάντως
450 2089 559 2122 ἀλλάξει
577 2089 627 2124 τὴν
648 2089 751 2116 οἰκείαν
763 2096 770 2103 ⁶
795 2089 836 2115 ὁτι
855 2096 884 2114 τε
903 2089 947 2114 ὲν-

165 2136 258 2163 τεῦθεν
278 2135 353 2171 αὐτῷ
372 2135 513 2170 περιέσται
529 2134 560 2161 τὸ
580 2134 697 2168 ψεύστου
720 2134 792 2166 τινὸς
807 2134 854 2160 καὶ
877 2133 948 2159 ἀπα-

164 2182 264 2213 τεῶνος
288 2181 366 2214 δόξαν
391 2181 483 2208 λαὸεῖν
513 2182 578 2216 παρ’
605 2181 717 2212 αὐτοῖς·
744 2180 805 2206 ὅθεν
831 2180 945 2213 ἐπάγει·

168 2237 178 2254 ι
200 2228 254 2254 Καὶ
266 2227 324 2259 νῦν,
336 2227 459 2254 Δέσποτα
471 2227 566 2262 Κύριε,
581 2226 646 2253 λάϐε
663 2227 711 2261 τὴν
724 2226 812 2261 ψυχήν
836 2234 886 2260 μου
901 2225 947 2251 ἀπ’

165 2274 233 2308 ἐμοῦ
243 2293 251 2305 ,
266 2274 307 2300 ὅτι
320 2274 400 2300 καλόν
420 2282 464 2308 μοι
479 2273 510 2299 τὸ
530 2273 675 2300 ἀποθανεῖν
697 2281 731 2307 με
750 2272 850 2307 μᾶλλον
867 2271 883 2306 ἢ
899 2270 949 2306 ζῇν

169 2329 212 2355 με.
232 2329 241 2345 r
259 2320 310 2346 Διά
326 2320 354 2346 δὲ
367 2320 461 2346 τούτου
472 2341 479 2352 ,
492 2320 571 2355 φησὶ,
585 2320 631 2346 τὸν
645 2319 758 2346 θάνατον
769 2317 949 2354 αἱρετώτερον

167 2366 251 2401 κρινῶ
274 2365 322 2392 τοῦ
347 2366 415 2400 μετὰ
436 2365 514 2400 δόξης
531 2365 659 2400 τοιαύτης
675 2364 725 2400 ζῇν
746 2364 822 2399 παρά
836 2364 892 2394 τοῖς
908 2363 950 2389 ἀν-

167 2411 295 2446 θρώποις.
305 2411 335 2438 ’0
348 2411 397 2445 μὲν
410 2409 455 2438 οὖν
469 2411 534 2443 Θεδς
548 2412 562 2437 ό
576 2411 624 2438 καὶ
636 2411 703 2446 πρὸς
713 2410 775 2441 τοὺς
790 2408 951 2445 μετανοοῦν-

167 2465 217 2487 τας
243 2456 436 2492 φιλάνθρωπος
460 2456 508 2482 καὶ
529 2457 585 2488 τοῖς
611 2455 721 2486 οἰκείοις
744 2455 848 2490 ἥμερος
870 2454 950 2488 ἄγαν,

168 2501 351 2537 ὲντρεπτικῷς
380 2501 516 2535 ἐπιτιμῶν
539 2501 578 2536 τῷ
603 2502 730 2537 προφήτῃ
754 2500 852 2535 φησιν’
882 2508 892 2525 ‹
921 2500 953 2525 Εἰ

171 2549 272 2584 σφόδρα
294 2548 469 2583 λελύπησαι;
494 2557 503 2574 ι
528 2548 589 2574 ἀντὶ
615 2548 663 2574 τοῦ
676 2568 683 2579 ,
705 2548 817 2578 Ἔοικας
836 2546 951 2581 ἀθυμεῖν

169 2594 304 2620 τοσούτων
334 2593 514 2629 σεσωσμένων
524 2602 532 2608 ·
549 2594 609 2620 δέον
623 2594 785 2629 ὰντισηκοῦν
801 2594 834 2628 τῇ
848 2591 951 2628 ὑπολή-

170 2641 214 2674 ψει
224 2641 256 2675 τῇ
272 2639 371 2666 σαυτοῦ
382 2640 432 2674 τὴν
443 2639 550 2666 πάντων
562 2640 708 2675 σωτηρίαν,
717 2639 764 2666 καὶ
775 2638 952 2674 αἱρετώτερον

170 2687 290 2721 νομίζειν
304 2685 386 2712 αὐτόν
402 2693 431 2711 σε
446 2685 562 2712 τοιοῦτον
578 2685 776 2721 ὑποληφθῆναι,
791 2686 808 2721 ἢ
819 2684 953 2711 τοσούτωι

173 2731 308 2759 ἀπώλειαν
325 2730 507 2765 γεγενῆσθαιᾹ

207 2777 281 2811 Στίχ.
297 2777 371 2811 ε’-η’.
392 2791 429 2796 ——
454 2777 482 2802 ὐ
504 2777 530 2804 δὲ
550 2778 694 2813 προφήτης
719 2777 883 2813 ἐξεληλυθὼς
908 2777 956 2812 τῆς

208 2871 265 2905 (5B)
282 2869 319 2897 Ita
333 2869 394 2897 cod.

992 1588 1101 1616 animus
1112 1590 1286 1624 perturbatus
1296 1595 1347 1617 est.
1363 1600 1372 1616 ι
1390 1590 1482 1626 Neque
1495 1590 1640 1618 immerito.
1656 1590 1779 1618 Timebat

992 1633 1064 1660 enim
1081 1641 1116 1661 ne
1130 1634 1192 1660 vani
1204 1638 1230 1661 et
1245 1635 1383 1662 mendacis
1393 1635 1549 1670 opinionem
1560 1634 1633 1670 apud
1645 1634 1779 1663 Ninivitas

993 1679 1163 1714 acquireret:
1194 1680 1413 1715 quandoquidem
1441 1681 1499 1716 ipse
1519 1681 1629 1716 quidem
1655 1680 1778 1708 futurum

993 1724 1113 1752 minatus
1127 1730 1186 1752 erat
1200 1726 1272 1753 intra
1287 1731 1344 1754 tres
1355 1726 1413 1754 dies
1427 1727 1562 1754 excidium
1575 1736 1583 1760 ;
1610 1727 1677 1754 nihil
1690 1730 1779 1755 autem

994 1770 1057 1798 inde
1066 1775 1244 1798 consecutum
1255 1776 1307 1798 est.
1323 1771 1383 1798 Mox
1401 1770 1483 1798 Deum
1504 1771 1657 1806 suspiciens
1670 1771 1759 1798 aiebat
1771 1781 1778 1798 :

997 1825 1007 1842 ι
1027 1815 1123 1844 Nonne
1139 1817 1181 1844 hic
1193 1821 1251 1843 erat
1262 1825 1352 1844 sermo
1367 1824 1454 1850 meus,
1471 1817 1535 1844 dum
1550 1817 1639 1845 adhuc
1650 1817 1677 1844 in
1695 1819 1781 1852 patria

995 1862 1105 1897 regione
1129 1863 1274 1890 versarer?
1303 1863 1419 1898 ideoque
1435 1863 1526 1898 fugam
1543 1864 1570 1890 in
1595 1863 1708 1892 Tharsis
1724 1872 1782 1891 ma-

995 1911 1149 1935 turaveram
1162 1917 1170 1942 ;
1185 1908 1249 1943 quia
1268 1911 1295 1935 te
1310 1909 1470 1936 clementem
1488 1916 1616 1936 noveram
1631 1913 1657 1936 et
1673 1909 1783 1936 miseri-

995 1953 1118 1985 cordem,
1131 1954 1277 1988 patientem
1290 1953 1436 1980 admodum
1448 1957 1475 1981 et.
1491 1954 1687 1988 indulgentem,
1701 1957 1783 1988 atque

995 1999 1189 2027 obliviscendis
1207 1999 1316 2034 injuriis
1340 1999 1458 2026 facilem.
1473 2009 1482 2025 ι
1500 1999 1648 2034 Perspicua
1670 1998 1784 2026 demoov

996 2049 1066 2072 strat
1082 2045 1152 2072 hanc
1170 2045 1222 2072 sibi
1238 2044 1307 2079 fugae
1324 2052 1435 2072 causam
1456 2044 1552 2077 fuisse,
1568 2045 1629 2079 quia
1647 2048 1782 2077 mutatum

998 2091 1030 2119 iri
1044 2091 1182 2119 decretum
1199 2095 1322 2123 noverat,
1342 2091 1366 2118 si
1393 2090 1464 2119 Deus
1487 2091 1717 2118 clementissimus
1729 2090 1782 2117 im»

998 2137 1098 2164 mutari
1114 2137 1227 2165 vidisset
1250 2137 1390 2170 homines;
1420 2144 1450 2164 se
1464 2144 1529 2164 vero
1543 2136 1648 2164 fallacis
1666 2136 1783 2164 hominis

999 2190 1032 2210 ac
1044 2183 1197 2218 deceptoris
1225 2183 1324 2210 famam
1359 2187 1567 2217 aucupaturum.
1607 2183 1697 2215 Quare
1725 2181 1781 2208 ait:

1005 2237 1013 2252 ι
1025 2226 1114 2260 Nunc,
1129 2232 1225 2262 potens
1241 2226 1366 2259 Domine,
1383 2226 1509 2261 spiritum
1529 2226 1595 2252 mihi
1610 2226 1694 2260 eripe,
1720 2225 1784 2260 quia

1003 2274 1071 2301 mori
1082 2273 1148 2300 mihi
1163 2281 1244 2308 quam
1256 2274 1347 2300 vivere
1358 2273 1444 2300 satius
1457 2277 1506 2300 est.
1524 2282 1534 2298 ι
1553 2271 1702 2307 Optabilior
1713 2272 1785 2299 enim

1003 2319 1080 2351 mihi,
1111 2319 1209 2354 inquit,
1234 2327 1308 2347 mors
1328 2324 1379 2351 est,
1407 2326 1488 2353 quam
1513 2318 1541 2345 in
1565 2318 1617 2344 hac
1645 2317 1786 2344 hominum

1004 2366 1130 2401 opinione
1153 2366 1266 2393 versari.
1285 2365 1353 2392 Tum
1370 2365 1442 2392 Deus
1463 2364 1653 2400 poenitentium
1671 2367 1786 2395 amator,

1005 2413 1117 2447 suisque
1131 2411 1276 2438 admodum
1292 2411 1376 2442 mitis,
1403 2411 1533 2446 pudorem
1548 2409 1623 2437 Jonae
1640 2409 1786 2440 incutiens,

1006 2457 1141 2492 increpuit
1155 2458 1265 2484 dicens:
1287 2467 1295 2482 ι
1306 2456 1375 2483 Num
1391 2457 1440 2483 tibi
1463 2463 1626 2491 magnopere
1642 2455 1714 2483 dolet
1729 2455 1788 2481 aniv-

1005 2512 1067 2531 mus
1078 2505 1106 2531 2»
1122 2503 1223 2539 Nempe
1231 2511 1346 2531 moerere
1354 2502 1465 2534 videris,
1475 2502 1550 2538 quod
1564 2505 1640 2528 tanta
1648 2500 1787 2528 hominum

1006 2550 1151 2578 multitudo
1164 2554 1324 2577 conservata
1336 2551 1381 2577 sit.
1395 2549 1475 2585 Atqui
1492 2549 1605 2576 deberes
1617 2554 1787 2575 communem

1005 2596 1120 2624 salutem
1134 2596 1202 2631 aequi
1220 2596 1339 2631 bonique
1353 2595 1497 2622 consulere
1508 2602 1563 2629 prae
1578 2594 1647 2621 fama
1661 2597 1723 2626 tua;
1738 2592 1787 2620 tuir

1005 2648 1058 2676 que
1073 2641 1192 2669 nominis
1201 2641 1348 2673 maculam,
1363 2647 1445 2675 quam
1458 2643 1497 2666 tot
1508 2639 1647 2667 hominum
1662 2638 1788 2670 exitium.

1006 2687 1094 2715 malle.

1043 2777 1126 2806 Vsus.
1141 2778 1201 2806 5-8.
1217 2793 1250 2798 —
1267 2777 1343 2805 Tunc
1383 2777 1450 2805 urbe
1482 2776 1612 2812 propheta
1647 2779 1785 2813 egressura,
