1972 3066
222 143 276 173 ΞΒ

820 146 864 173 ἸῊ
870 146 994 175 EODOBI
1011 145 1250 174 MOPSUESTENI

1794 145 1853 173 5M

220 199 313 219 coram
337 191 448 223 resedit,
479 190 614 226 tuguriolo
641 190 676 218 ibi
701 197 860 220 constructo
878 202 884 220 :
903 193 930 220 in
951 201 1004 228 quo

1058 192 1170 224 πόλεως,
1195 191 1338 223 ἐκαθέζετο
1353 191 1530 226 κατάντικρυ,
1546 191 1648 228 σκηνὴν
1663 190 1752 226 ἑαυτῷ
1764 193 1853 226 ποιή-

222 247 346 271 manens,
367 238 488 273 nunquid
506 242 637 273 prmtcrea
658 239 759 265 civitati
777 240 862 272 ﬁeret,
879 241 1009 267 observa—

222 283 287 310 bat:
312 284 447 309 minarum
468 283 540 309 enim
565 282 725 316 gravitatem
749 291 840 310 secum
866 289 1007 319 reputans,

222 324 395 350 existimabat
412 324 475 350 hinc
491 323 595 358 aliquid
611 328 833 352 conseculurum.
850 325 909 351 Mox
925 326 1008 360 jussit

221 364 294 391 Deus
309 369 338 391 ut
359 366 501 392 cucurbita
515 371 624 399 repente
639 369 702 391 nata
714 367 852 400 tugurium
865 371 961 396 totum.
980 368 1006 394 in

220 413 275 440 quo
299 406 431 440 propheta
451 406 620 438 versabatur,
640 407 735 433 umbra
753 408 908 441 obtegeret:
928 408 1008 443 169

220 455 306 482 quare
325 446 409 474 Jonas
429 448 541 482 putabat
559 448 703 483 quamdam
722 456 751 475 se
775 448 884 475 domum
909 450 1007 476 habere

220 489 355 517 deus:tate
371 489 496 516 foliorum
513 489 734 524 circumseptam.
749 489 781 515 Et
793 490 902 524 quidem
927 498 1006 525 poma

220 538 328 565 quoque
346 530 446 556 allatim
464 531 583 565 undique
593 531 773 565 dependentia
786 532 931 558 maximam
947 533 1008 558 ani-

220 579 265 600 mo
286 573 441 606 praebebant
463 572 684 600 oblectationem.
707 572 772 605 llis,
796 574 921 608 inquam,
942 583 1006 609 pro-

221 614 301 649 pheta
327 621 492 648 magnopere
520 614 669 640 latabatur.
703 614 755 641 Sed
787 616 859 640 enim
885 616 949 642 dum
975 624 1007 643 eo

220 655 364 686 miraculo,
386 655 478 690 reique
495 661 604 690 aspectu
624 660 704 689 atque
735 663 785 682 usu
804 655 914 687 fruitur,
942 657 1006 683 dum

220 697 305 723 multa
336 696 372 723 ob
397 696 424 723 id
453 696 590 731 voluptate
628 697 819 732 perfunditur,
851 702 932 733 atque
956 698 1008 725 hac

220 737 273 764 sibi
305 737 473 765 recreatione
503 738 600 765 beatus
622 738 751 771 videtur;
773 738 867 766 divino
898 744 1008 774 repente

220 783 287 806 nutu
319 779 487 806 vermiculus
521 779 620 814 plantat
650 780 779 812 innatus,
818 781 888 807 hanc
914 781 1008 808 conie-

221 820 284 846 stim
310 820 434 854 corrupit
453 824 534 855 atque
553 821 711 848 exsiccavit.
741 819 801 848 1am
822 821 894 849 hunc
909 822 1008 849 vermi-

1060 247 1118 272 σας,
1132 239 1178 265 καὶ
1194 239 1246 265 ὑπὸ
1261 238 1362 273 ταύτην
1375 238 1486 272 διάγων,
1501 238 1580 273 ἄχρις
1600 238 1648 264 ίδοι
1665 238 1693 264 τί
1713 246 1777 264 ποτε
1792 238 1852 273 ἄρα.

1057 284 1161 318 γένοιτο
1174 284 1254 310 πλέον
1264 283 1328 319 περὶ
1339 283 1386 319 τὴν
1397 284 1483 310 πόλιν·
1499 284 1547 319 τῆς
1557 283 1612 319 γὰρ
1628 283 1742 318 ἀπειλῆς
1756 283 1786 310 τὸ
1797 283 1852 318 μέ-

1059 329 1138 364 γεθος
1151 329 1375 364 ἀναλογιζόμενος
1387 329 1559 365 ὑπελάμδανέ
1569 337 1596 355 τι
1604 329 1634 355 τὸ
1643 329 1721 363 τυχὸν
1730 329 1776 355 καὶ
1786 328 1850 354 ἔσε-

1060 375 1122 402 σθαι
1137 375 1206 410 μετὰ
1220 374 1312 401 τοῦτο·
1332 372 1390 401 εἶτα
1405 374 1569 410 προσέταξεν
1580 375 1594 400 6
1605 374 1669 406 Θεὸς
1680 374 1849 400 κολόκυνθαν

1059 420 1156 456 ἀθρόον
1173 421 1329 454 ἐκφυεῐσαν,
1349 420 1458 447 ἃπασαν
1475 419 1522 455 τὴν
1538 420 1640 455 σκηνὴν
1655 421 1684 446 ἐν
1697 417 1770 456 ᾗπερ
1781 417 1816 454 ἦν
1832 420 1850 446 ὁ

1057 465 1200 500 προφήτης
1223 465 1365 500 πληρῶσαι
1383 465 1461 496 σκιᾶς
1473 473 1479 480 -
1498 467 1506 499 (
1519 473 1545 499 p.
1559 465 1609 491 257
1622 465 1630 499 )
1646 465 1683 496 ὡς
1699 464 1747 491 καὶ
1763 463 1850 490 αὐτὸν

1056 510 1145 537 δοκεῖν
1159 510 1246 542 οἰκίας
1260 511 1331 542 τινὸς
1345 511 1449 546 σκέπην
1464 511 1535 546 ἔχειν
1549 510 1588 545 τῷ
1601 510 1697 545 πλήθει
1710 510 1763 536 τῶν
1777 510 1845 544 φύλ-

1059 555 1128 582 λων⁴
1144 556 1191 582 καὶ
1203 556 1235 591 δὴ
1250 556 1297 583 καὶ
1318 556 1363 582 τὸν
1376 556 1482 591 καρπὸν
1499 556 1668 591 πανταχόθεν
1688 556 1784 592 ἁθρόον
1798 556 1849 582 ὲκ-

1059 600 1244 637 κρεμάμενον,
1263 601 1392 637 πλείστην
1406 602 1467 628 τινὰ
1481 601 1610 636 παρέχειν
1624 601 1698 636 αὑτῷ
1712 601 1761 636 τὴν
1773 601 1846 635 ψυχ-

1057 647 1198 681 αγωγίαν·
1225 644 1275 682 ἧσε
1300 647 1379 674 τοῦτο
1402 647 1447 674 τὸν
1469 647 1611 682 προφήτην
1631 646 1668 678 ὡς
1688 646 1761 676 εἰκὸς
1780 654 1848 681 τερ-

1058 692 1158 727 φθέντα
1170 692 1209 727 τῷ
1222 693 1364 728 παραδόξῳ
1375 693 1424 727 τῆς
1436 701 1466 719 τε
1481 693 1543 724 θέας
1558 693 1605 719 καὶ
1625 692 1674 727 τῆς
1688 692 1781 727 χρείας
1795 692 1847 719 τοῦ

1057 738 1198 772 γεγονότος
1210 747 1217 754 ·
1230 738 1268 770 ὡς
1278 738 1307 764 δὲ
1325 739 1425 774 πολλὴν
1442 739 1488 765 ἐπὶ
1504 739 1542 774 τῷ
1563 738 1705 774 πράγματι
1719 738 1769 774 τὴν
1782 738 1846 773 ἠδο-

1058 783 1105 818 νὴν
1119 783 1193 818 ἔσχε,
1208 784 1254 810 καὶ
1269 784 1405 819 ἀρκοῦσὰν
1427 793 1488 811 τινα
1506 783 1664 820 κομίζεσθαι
1687 783 1739 819 τὴν
1758 783 1846 818 ψυχα-

1057 828 1162 862 γωγίαν
1186 828 1310 855 ἐντεῦθεν
1329 829 1436 862 ἐδόκει,
1452 829 1549 864 ἀθρόον
1569 829 1651 855 πάλιν
1674 829 1846 864 ἐπιτάγματι

220 861 311 888 culum
323 861 464 896 Scriptura
474 862 636 888 matutinum
646 866 735 894 vocat,
745 867 773 889 ut
781 863 913 898 signiticet
923 871 1004 898 genus

1059 861 1122 909 θείω
1136 873 1243 910 σκώληξ
1265 874 1415 908 ἐγγεγονὼς
1485 861 1561 908 φυτῷ
1575 874 1648 900 ἅπαν
1665 861 1844 908 demeare

220 906 355 940 serpentis
371 906 507 933 matutino
524 910 645 940 tempore
662 906 718 934 Deo
732 908 840 935 volente
863 907 890 934 in
909 908 1007 936 arbore

220 949 313 984 geniti,
331 949 401 977 hanc
415 950 524 984 penitus
539 951 724 979 exsiccavisse
737 960 743 977 :
772 951 809 978 ita
823 955 853 978 ut
867 956 928 979 orto
942 960 1004 980 mox

219 992 287 1024 sole,
304 992 451 1021 vehemens
467 993 495 1020 in
523 992 620 1020 Jonam
635 994 733 1022 solaris
747 994 862 1022 ﬂamma:
881 996 1007 1023 inciderit

219 1036 323 1064 radius.
347 1035 439 1072 Pergit
463 1036 604 1072 Scriptura
626 1038 736 1066 dicere:
759 1038 910 1074 «Precepit
936 1039 1006 1067 Deus

219 1080 328 1115 spiritui
342 1081 432 1108 calido
446 1082 534 1108 urenti
549 1086 580 1108 ut
592 1082 699 1110 saeviret
713 1082 741 1110 in
754 1082 830 1110 Jonas
842 1087 941 1117 caput;
959 1084 1006 1118 qui

218 1124 309 1151 animo
331 1125 480 1152 concidens
491 1125 548 1160 jam
572 1126 654 1152 vitam
679 1127 858 1161 respuebat.»
880 1127 919 1154 Ita
942 1134 1006 1155 vero

218 1167 397 1203 intelligimus
418 1168 490 1196 haud
505 1175 667 1197 consuetum
687 1169 760 1197 hunc
780 1170 864 1197 fuisse
874 1171 1004 1203 calorem,

218 1211 265 1238 sed
284 1211 421 1238 ﬂammam
439 1212 628 1247 gravissimam
646 1212 740 1240 divino
758 1214 873 1241 consilio
900 1214 1005 1242 intutis-

218 1261 295 1288 sam;
311 1255 390 1289 cujus
404 1262 488 1282 causa
500 1256 629 1290 majorem
648 1256 729 1283 solito
749 1257 856 1292 patiens
870 1257 1004 1292 propheta

217 1306 340 1330 sensum,
358 1299 543 1327 vehementius
561 1300 721 1335 angebatur,
740 1309 890 1336 parumque
901 1302 1004 1336 aberat,

218 1343 285 1377 quin
299 1343 380 1370 vitam
394 1343 531 1371 amitteret
543 1344 570 1371 vi
587 1345 698 1372 caloris.
715 1344 772 1372 Hoc
783 1346 855 1373 enim
870 1346 1005 1382 signiﬁcat

220 1395 231 1412 α
245 1387 325 1414 vitam
348 1388 505 1422 respuebat.
520 1398 529 1414 ι
548 1388 592 1415 Ait
613 1388 694 1424 igitur
712 1389 786 1417 Deo:
807 1399 816 1416 ι
829 1389 923 1418 Melius
938 1392 1004 1419 mihi

218 1433 287 1459 mori
302 1440 384 1467 quam
414 1433 514 1460 vivere.
527 1442 536 1459 ι
554 1433 660 1466 Quibus
683 1435 775 1462 verbis
800 1435 851 1462 hoc
871 1436 1004 1470 quodam-

219 1475 300 1503 modo
313 1477 420 1504 aiebat:
448 1477 580 1504 Malorum
610 1478 674 1504 mihi
693 1478 815 1506 solamen
842 1479 898 1506 haec
914 1480 1003 1514 planta

218 1519 285 1553 fuit;
309 1520 357 1548 sed
371 1521 464 1548 eadem
481 1529 544 1548 mox
561 1520 670 1548 defecit.
690 1520 746 1557 Ego
765 1529 829 1550 vero
846 1526 944 1557 praeter
964 1523 1004 1550 l‘a-

218 1571 288 1590 mam
302 1565 459 1599 pessimam,
472 1565 572 1592 caloris
584 1572 694 1600 quoque
708 1565 859 1593 molestiam
870 1572 897 1594 et
909 1566 1004 1595 discri-
1019 1565 1041 1577 "

218 1614 279 1634 men
300 1610 398 1642 patior.
414 1608 514 1641 Quidni
530 1609 612 1644 igitur
622 1608 691 1636 mori
702 1609 793 1636 malim
803 1617 885 1644 quam
900 1611 1000 1646 vivere,

217 1653 264 1685 qui
281 1652 364 1679 tantis
377 1653 515 1680 obtundor
532 1653 634 1681 malis?

1058 919 1196 954 ἀνήλωσεν
1206 927 1237 945 τε
1249 919 1295 945 καὶ
1312 919 1441 954 ἐξήρανεν
1461 919 1597 950 παντελῶς
1609 927 1616 934 ·
1632 918 1662 945 τὸ
1675 918 1729 953 γὰρ
1744 927 1752 943 ι
1772 917 1845 944 σκώ-

1058 964 1119 1000 ληκι
1135 965 1232 1000 ἐωθινῇ
1249 974 1259 990 ι
1275 964 1359 998 λέγει,
1371 964 1414 991 ἵνα
1423 964 1486 1000 εῐπῃ
1499 964 1540 990 ὄτι
1555 963 1639 990 ἕωθεν
1650 962 1844 999 προστάγματι

1057 1009 1120 1044 θείῳ
1137 1009 1245 1045 σκώληξ
1264 1009 1362 1044 ἁθρόον
1385 1009 1497 1044 ἑκφυεὶς
1511 1009 1557 1034 ἐπὶ
1571 1008 1618 1034 τοῦ
1639 1007 1721 1042 φυτοῦ
1737 1007 1843 1043 ἀπεξή-

1058 1063 1137 1089 ρανεν
1155 1055 1243 1082 ἃπαν·
1258 1054 1329 1081 ὥστε
1346 1054 1535 1086 ἀνατείλαντος
1559 1053 1606 1080 τοῦ
1630 1053 1704 1088 ἡλίου
1728 1053 1842 1088 σφοδρο-

1056 1100 1140 1136 τὰτην
1157 1100 1231 1136 αὺτῷ
1247 1100 1294 1127 τοῦ
1320 1100 1434 1136 ἡλιακοῦ
1462 1101 1602 1130 καύσωνος
1624 1100 1764 1126 ἐπιπεσεῖν
1791 1098 1843 1134 τὴν

1056 1147 1162 1174 ἀκτῖνα.
1183 1146 1265 1180 Λέγει
1284 1146 1360 1180 γοῦν,
1379 1146 1420 1172 ὃτι
1439 1155 1447 1172 ι
1467 1145 1635 1181 Προσέταξεν
1651 1145 1665 1171 6
1679 1144 1745 1176 Θεὸς
1759 1143 1842 1171 πνεύ-

1057 1200 1123 1227 ματι
1148 1191 1286 1222 καύσωνος
1315 1191 1481 1226 συγκαίοντι,
1504 1191 1551 1218 καὶ
1565 1189 1699 1221 ἐπάταξεν
1723 1189 1769 1216 ἐπὶ
1791 1190 1841 1225 τὴν

1056 1237 1177 1272 κεφαλὴν
1204 1237 1289 1269 Ἰωνᾶ,
1306 1237 1354 1264 καὶ
1369 1236 1541 1272 ὼλιγοψύχει,
1559 1236 1607 1263 καὶ
1624 1235 1779 1270 ἀπελέγετο“
1790 1235 1841 1271 τὴν

1055 1283 1143 1318 ψυχὴν
1162 1282 1244 1310 αὑτοῦ
1257 1291 1263 1298 ’
1286 1292 1296 1308 ι
1313 1282 1419 1314 δεικνὺς
1432 1282 1473 1309 ὅτι
1492 1282 1522 1308 οὺ
1539 1282 1609 1308 κατὰ
1629 1281 1659 1308 τὸ
1672 1281 1766 1312 εἰωθὸς
1778 1281 1840 1307 οὐδὲ

1055 1329 1069 1355 6
1086 1328 1194 1355 καύσων
1208 1328 1325 1361 ἐγένετο,
1344 1327 1412 1354 ἀλλὰ.
1431 1326 1623 1362 προστάγματι
1645 1325 1709 1361 θείῳ
1724 1325 1841 1361 βαρυτά-

1055 1382 1105 1409 την
1121 1372 1195 1407 αὑτῷ
1217 1372 1264 1408 τὴν
1284 1371 1371 1406 φλόγα
1387 1371 1520 1406 ἔπεμψεν,
1547 1372 1584 1402 ὡς
1607 1370 1639 1397 ἂν
1663 1370 1772 1405 μείζονα
1792 1370 1839 1397 τοῦ

1057 1419 1210 1455 συμϐάντος
1223 1418 1272 1453 τὴν
1283 1417 1408 1452 αἴσθησιν
1423 1416 1512 1443 λαϐὼν
1526 1417 1566 1443 ἔτι
1581 1416 1680 1451 μᾶλλον
1695 1416 1840 1450 ἀλγήσειεν

1054 1465 1069 1490 ὀ
1090 1464 1245 1499 προφήτης,
1272 1462 1369 1498 μικροῦ
1391 1461 1456 1496 γοῦν
1481 1462 1590 1496 ἀφιέναι
1612 1461 1662 1496 τὴν
1680 1461 1769 1496 ψυχὴν
1787 1459 1840 1486 ὑπὸ

1055 1509 1101 1536 τοῦ
1116 1510 1253 1540 καύσωνος
1273 1508 1434 1535 κινδυνεύων
1446 1517 1452 1523 ·
1467 1507 1546 1534 τοῦτο
1557 1508 1611 1543 γὰρ
1625 1507 1682 1533 ἐστι
1697 1506 1738 1540 τὺ,
1758 1515 1767 1532 ι
1784 1505 1840 1532 Καὶ

1057 1558 1205 1592 ἀπελέγετο
1221 1557 1270 1592 τὴν
1281 1556 1368 1592 ψυχὴν
1381 1556 1474 1583 αὐτοῦ.
1496 1566 1505 1583 ι
1523 1557 1595 1591 Ἔφη
1612 1555 1679 1591 πρὸς
1696 1555 1741 1581 τὸν
1753 1554 1819 1580 Θεόν
1831 1562 1839 1570 ο

1058 1615 1067 1632 ι
1088 1605 1173 1632 Καλόν
1192 1614 1237 1640 μοι
1251 1605 1280 1631 τὸ
1298 1604 1442 1631 ἀποθανεῖν
1455 1604 1472 1639 ἢ
1486 1603 1546 1640 ζῇν.
1570 1613 1579 1630 ι
1597 1604 1634 1639 (p.
1653 1602 1716 1637 258)
1729 1601 1839 1629 Τοιοῦτό

1053 1663 1080 1681 τι
1093 1655 1191 1688 λέγων,
1201 1654 1243 1680 ὅτι
1254 1654 1439 1688 Ψυχαγωγίαν
1448 1654 1509 1680 τινὰ
1521 1653 1574 1679 τῶν
1587 1652 1750 1687 συνεχόντων
1762 1650 1839 1683 ἔδοξα

218 1699 311 1726 κακῶν
324 1700 395 1736 ἔχειν
408 1701 439 1727 τὸ
452 1702 534 1735 φυτόν
545 1710 551 1716 ·
566 1700 625 1728 εἶτα
641 1702 738 1737 ἀθρόον
751 1702 781 1728 τὸ
799 1703 849 1736 μὲν
863 1703 1040 1738 ἀπελήλυθεν,
1057 1703 1112 1737 ἐγὼ
1127 1703 1156 1729 δὲ
1169 1704 1203 1738 τῇ
1217 1702 1352 1738 μοχθηρίᾳ
1365 1702 1413 1737 τῆς
1429 1701 1589 1736 ὑπολήψεως
1608 1699 1838 1735 προσεκτησάμην

219 1744 265 1771 τοῦ
274 1745 414 1777 καύσωνος
425 1746 475 1781 τὴν
486 1746 625 1782 βαρύτητα
641 1747 742 1773 καὶτὸν
756 1747 914 1782 ἐνοχλοῦντα
925 1749 1045 1776 κίνδυνον
1058 1747 1193 1775 ἐντεῦθεν·
1209 1747 1267 1779 πῶς
1287 1746 1333 1774 οὖν
1351 1748 1381 1774 οὐ
1399 1747 1446 1774 τοῦ
1465 1747 1514 1782 ζῇν
1526 1747 1629 1782 βέλτιον
1641 1745 1672 1772 τὸ
1682 1745 1837 1777 ἀποθανεῖν,

217 1791 242 1816 εἰ
252 1790 388 1823 τοσούτοις
403 1791 526 1827 μέλλοιμι
539 1792 662 1819 παλαίειν
678 1794 790 1824 κακοῖς;

254 1837 338 1866 Vens.
359 1839 437 1866 9-H.
449 1854 484 1859 —
495 1839 678 1873 Quamobrem
695 1840 734 1866 ait
751 1840 792 1867 illi
807 1839 881 1868 Deus
894 1850 900 1868 :
911 1850 920 1866 ι
932 1840 1002 1867 Num

218 1887 247 1910 tu
273 1892 439 1919 magnopere
463 1892 564 1912 matres
584 1892 694 1920 propter
711 1885 905 1913 cucurbitam?
921 1896 930 1912 ι
948 1894 1004 1921 quo

219 1930 420 1965 respondente,
441 1938 470 1958 se
489 1931 641 1959 mortiferis
661 1932 724 1967 angi
747 1931 890 1960 doloribus
913 1932 1004 1967 (adeo

215 1975 367 2011 jucundam
388 1976 488 2004 fecerat
509 1978 647 2013 propheta:
664 1979 792 2006 arborem
810 1979 898 2012 Deus,
916 1978 1004 2006 idem-

218 2030 273 2057 que
286 2026 392 2049 tantam
407 2022 441 2050 de
455 2022 529 2050 illius
542 2023 626 2050 exilio
641 2024 779 2051 tristitiam
793 2028 935 2052 creaverat
948 2045 955 2056 ,
972 2029 1002 2051 ut

219 2067 270 2096 hoc
289 2068 415 2103 exemplo
434 2075 580 2096 maerorem
600 2069 719 2097 hominis
731 2069 765 2097 de
781 2070 899 2097 civitatis
913 2070 1002 2098 salute

218 2114 430 2148 injustissimum
459 2115 650 2149 coargueret);
682 2114 775 2142 subdit
800 2114 871 2142 Deus
895 2123 901 2140 :
923 2114 1003 2149 17o

221 2169 231 2186 ε
241 2159 317 2187 Tune
327 2163 468 2194 tantopere
483 2159 635 2187 cucurbitae
642 2167 726 2188 causa
735 2167 845 2191 maeres.
855 2160 900 2194 qui
913 2160 1000 2187 eidem

1088 1838 1161 1872 Στίχ.
1182 1838 1265 1864 θ’-ια’.
1284 1853 1317 1857 -
1332 1837 1377 1863 Διὸ
1395 1836 1427 1872 δή
1450 1845 1516 1872 φησι
1541 1837 1608 1872 πρὸς
1626 1837 1705 1864 αὐτὸν
1718 1838 1733 1863 6
1752 1837 1835 1868 θεὸς·

1054 1893 1064 1909 ι
1081 1883 1112 1910 El
1127 1883 1228 1918 σφόδρα
1241 1882 1391 1918 λελύπησαι
1405 1882 1451 1909 ἐπὶ
1467 1884 1500 1918 τῇ
1520 1882 1687 1917 κολοκύνθη;
1706 1892 1715 1908 ι
1736 1882 1835 1909 Τούτου

1050 1928 1079 1955 δὲ
1103 1928 1240 1961 εἰπόντος,
1269 1928 1321 1959 ἓως
1345 1927 1460 1954 θανάτου
1483 1927 1626 1954 λυπεῖσθαι
1648 1927 1744 1960 (οὕτως
1764 1928 1836 1963 αὐτῷ

1051 1974 1099 1999 καὶ
1121 1974 1252 2008 ἐράσμιον
1268 1972 1350 2004 ἔδειξε
1361 1973 1391 1999 τὸ
1407 1973 1489 2007 φυτὸν
1500 1974 1513 1999 ὁ
1528 1972 1603 2005 Θεὸς,
1615 1973 1661 1999 καὶ
1675 1973 1724 2008 τὴν
1741 1973 1786 1999 ἐπὶ
1801 1975 1834 2009 τῇ

1054 2018 1176 2054 ἀπωλείᾳ
1196 2019 1242 2045 τοῦ
1265 2018 1348 2052 φυτοῦ
1365 2018 1451 2054 λύπην
1470 2018 1543 2054 αὐτῷ
1558 2019 1669 2054 μείζονα
1688 2019 1836 2054 πεποίηκεν

1055 2064 1228 2098 ἐγγενέσθαι,
1251 2064 1298 2090 ἐπὶ
1313 2064 1352 2100 τῷ
1366 2064 1515 2099 παραθέσει
1542 2065 1672 2099 μειζόνως
1692 2065 1773 2091 αὐτοῦ
1788 2065 1835 2100 τὴν

1054 2111 1102 2136 ἐπὶ
1116 2111 1150 2145 τῇ
1174 2110 1295 2145 σωτηρίᾳ.
1315 2110 1364 2144 τῆς
1379 2110 1481 2141 πόλεως
1497 2110 1585 2145 λύπην
1598 2110 1704 2145 ἐλέγξαι
1719 2111 1836 2138 κάκιστα

1055 2155 1266 2190 γεγενημένην),
1278 2155 1384 2189 ὲπάγει’
1401 2165 1410 2180 ι
1424 2153 1488 2181 Εἶτα
1504 2155 1536 2181 σὺ
1549 2156 1608 2190 μὲν,
1623 2157 1698 2191 φησι,
1711 2157 1835 2184 τοσοῦτον

217 2205 374 2233 excolenda:
382 2205 485 2232 nullum
496 2206 615 2232 laborem
625 2206 800 2240 impendisti?
808 2213 861 2233 una
870 2207 943 2233 enim
952 2213 1002 2233 no-

1056 2201 1124 2237 ὐπέρ
1139 2202 1187 2236 τῆς
1207 2201 1370 2236 κολοκύνθης
1393 2201 1523 2236 ἠλγησας,
1546 2202 1639 2228 οὐδένα
1659 2203 1781 2237 κάματον
1798 2205 1835 2235 εἰς

218 2255 261 2278 cte
275 2255 386 2286 repente
406 2255 480 2282 nata,
503 2251 579 2278 illico
593 2258 647 2277 una
664 2255 744 2279 nocte
761 2252 902 2278 interitum
922 2259 1002 2285 passa

218 2299 279 2329 est;
295 2303 337 2323 me
357 2303 420 2322 vcl'o
440 2303 490 2322 cur
505 2297 592 2331 magis
607 2303 662 2323 non
675 2295 765 2324 decuit
780 2297 907 2324 miserari
922 2295 1000 2323 Nini-

218 2350 284 2374 ven,
305 2343 372 2370 tanti
393 2341 484 2377 populi
504 2342 657 2373 civitatem,
679 2345 709 2368 ut
728 2342 870 2370 duodecim
890 2342 926 2369 ibi
948 2343 1004 2370 sint

219 2387 355 2422 myriadcs
367 2387 518 2419 hominum,
527 2387 573 2422 qui
585 2387 678 2414 laevam
688 2394 702 2413 a
713 2387 825 2414 dextera
833 2395 887 2414 non
900 2387 1003 2415 discer-

220 2439 287 2461 nunt
300 2434 312 2460 ?
325 2444 334 2459 ι
348 2434 429 2461 Pueri
445 2434 576 2461 nimirum
592 2432 714 2460 infantes
731 2433 900 2468 intelligendi
917 2438 1003 2465 sunt,

219 2479 266 2514 qui
280 2487 376 2514 reapse
391 2480 464 2506 laavm
473 2479 630 2514 dextraeque
642 2479 789 2507 discrimen
804 2479 907 2506 nullum
919 2486 1004 2513 agno-

221 2529 322 2553 scunt:
341 2526 442 2560 quique
462 2526 497 2553 ob
516 2525 606 2553 aetatis
626 2526 813 2553 infirmitatem
830 2525 906 2552 nulla
923 2525 956 2552 de
975 2533 1004 2552 re

218 2570 343 2605 judicare
364 2574 488 2604 queunt;
518 2570 635 2605 ideoque
661 2577 696 2598 ne
714 2570 800 2605 culpa:
827 2570 937 2604 quidem
955 2570 1004 2597 ob-

221 2615 295 2642 noxii
311 2614 440 2647 fuerunt,
456 2619 536 2643 aetate
550 2615 672 2643 nondum
689 2616 821 2650 patiente.
844 2614 891 2642 Sic
910 2620 1002 2642 autem

221 2660 294 2688 Deus
309 2660 417 2687 locutus
431 2665 473 2687 est
481 2661 515 2687 ob
522 2661 711 2688 declarandam
727 2661 875 2688 incolarum
885 2661 1002 2695 copiam.

224 2703 271 2732 tibi
289 2705 362 2732 enim
378 2704 522 2732 infantium
537 2710 630 2734 tantus
642 2710 701 2734 erat
717 2714 848 2734 numerus
859 2725 865 2737 ,
881 2709 1004 2740 quantus

224 2751 332 2778 demum
344 2749 498 2777 adulterum
510 2751 670 2786 cogitandus
681 2751 739 2779 est?
748 2750 806 2778 Jam
818 2751 926 2778 caeteris
937 2759 1005 2785 pra:-

224 2794 378 2826 termissis,
399 2793 469 2822 Deus
486 2797 642 2824 lactentium
663 2796 824 2824 memoravit
841 2803 984 2824 numerum
995 2816 1002 2828 ,

224 2835 342 2876 quorum
368 2838 427 2866 sine
452 2840 535 2869 dubio
553 2846 664 2877 propter
689 2842 872 2869 innocentiam
895 2842 1001 2870 nullum

1054 2248 1103 2281 τὴν
1117 2248 1246 2274 σύστασιν
1255 2247 1339 2281 αὐτῆς
1351 2246 1529 2280 εἰσενεγκών;
1544 2248 1573 2273 ἐν
1585 2248 1661 2274 νυκτὶ
1675 2248 1730 2284 γὰρ
1742 2249 1835 2284 ἀθρόον

1053 2294 1196 2326 γεγονυῖα,
1221 2292 1318 2328 ἀθρόον
1340 2294 1368 2319 ὲν
1395 2293 1474 2319 νυκτὶ
1496 2293 1542 2318 καὶ
1568 2293 1617 2328 τὴν
1644 2294 1781 2322 ἀπώλειαν
1795 2295 1835 2321 δέ·

1053 2339 1162 2365 δεκται·
1189 2339 1250 2373 ἐμοὶ
1265 2339 1293 2365 δὲ
1317 2338 1374 2370 πῶς
1400 2339 1430 2364 ού
1458 2339 1568 2366 πλείονα
1597 2340 1730 2375 ἁρμόττον
1754 2340 1834 2374 φειδὼ

1054 2384 1154 2420 Νινευὴ
1177 2385 1226 2420 τῆς
1253 2384 1355 2416 πόλεως
1376 2385 1458 2420 ἔχειν,
1482 2386 1532 2421 τῆς
1556 2386 1625 2412 οὕτω
1642 2387 1781 2421 μεγίστης,
1798 2387 1834 2418 ὡς

1053 2430 1156 2457 δώδεκα
1174 2430 1305 2465 μυριάδας
1320 2431 1404 2466 αὐτὴν
1421 2431 1504 2458 οίκείν
1515 2431 1665 2467 ἀνθρώπων
1686 2431 1736 2457 οὐκ
1752 2433 1834 2465 ἐγνω-

1054 2476 1140 2503 κότων
1155 2475 1230 2509 δεξιὰ
1240 2476 1257 2511 ἢ
1272 2477 1418 2512 ἀριπερά;
1435 2487 1445 2504 ι
1460 2478 1502 2504 ἴνα
1522 2477 1597 2512 εἴπῃ,
1612 2477 1738 2511 Νηπίων’
1749 2477 1834 2504 τοιού-

1053 2530 1116 2553 τους
1139 2521 1192 2556 γὰρ
1213 2523 1263 2548 οὺκ
1285 2523 1437 2556 ἐγνωκότας
1465 2523 1569 2558 δεξιὰ-η
1590 2522 1722 2559 ἀριστερὰ
1746 2523 1832 2557 λέγει,

1054 2567 1116 2598 τοὺς
1127 2567 1171 2594 διὰ
1188 2568 1336 2603 νηπιότητα
1350 2569 1400 2594 οὐκ
1414 2569 1512 2604 ἀκριϐῆ
1530 2569 1584 2595 τῶν
1599 2569 1767 2604 πραγμάτων
1777 2569 1832 2596 διὰ-

1055 2620 1142 2647 κρισιν
1165 2612 1287 2647 ἔχοντας,
1302 2613 1363 2639 οὐδὲ
1388 2614 1417 2640 ἐν
1432 2614 1578 2649 ἁμαρτίαις
1596 2615 1660 2640 ποτὲ
1676 2615 1713 2646 ὡς
1727 2614 1832 2649 γεγονόι

1053 2666 1113 2690 τας,
1135 2658 1182 2684 ἃτε
1196 2659 1245 2693 τῆς
1266 2658 1374 2694 ἡλικίας
1386 2659 1417 2686 οὐ
1433 2659 1579 2695 δεχομένης
1599 2660 1691 2686 τοῦτο·
1706 2660 1750 2695 (p.
1766 2660 1832 2694 259)

1054 2702 1127 2736 λέγει
1142 2703 1191 2737 μὲν
1208 2703 1262 2739 γὰρ
1279 2704 1343 2730 αὐτὸ
1360 2705 1399 2736 είς
1423 2704 1557 2737 ἀπόδειξιν
1571 2704 1618 2730 τοῦ
1639 2704 1758 2739 πλήθους
1782 2704 1832 2730 τῶν

1054 2748 1198 2776 οίκούντων
1216 2749 1264 2784 τὴν
1281 2750 1358 2777 πόλιν
1368 2758 1374 2764 ·
1395 2750 1459 2776 ἔνθα
1471 2750 1524 2786 γὰρ
1539 2750 1649 2776 τοσοῦτο
1666 2750 1720 2776 τῶν
1732 2751 1832 2785 νηπίων

1054 2793 1087 2829 ἦν
1107 2795 1138 2822 τὺ
1154 2795 1271 2830 πλῆοος,
1288 2797 1370 2823 πόσον
1390 2797 1422 2832 δὴ
1439 2797 1468 2823 τὸ
1484 2797 1537 2823 τῶν
1552 2797 1663 2823 τελείων
1686 2797 1832 2833 ἀνθρώπων

1055 2837 1104 2874 ἦν;
1119 2840 1187 2872 Τοὺς
1201 2841 1229 2866 δέ
1244 2850 1273 2875 γε
1291 2842 1399 2874 λοιποὺς
1421 2842 1542 2874 ἅπαντας
1556 2841 1718 2877 παραλιπὼν
1731 2843 1746 2868 6
1759 2843 1832 2875 θεὸς,
