1981 3073
184 114 238 144 545

678 115 952 144 COMMENTARIUS
969 115 1003 143 IN
1020 114 1175 144 ΜΙΩΗΛΕᾸΞ
1195 114 1274 142 CAP.
1289 115 1311 142 l.

1757 116 1811 144 5M

182 174 230 200 τὸν
253 173 308 200 τῶν
330 174 433 209 νηπίων
455 172 532 202 εἶπεν
551 175 683 210 ἀριθμόν·
708 176 732 202 οἳ
751 175 976 211 ὁμολογουμένως

1038 179 1087 202 ενοι
1105 181 1194 210 ptume
1211 174 1350 202 meritum.
1373 173 1459 202 Nemo
1481 177 1557 201 certe
1580 173 1680 201 dixerit
1704 173 1812 208 simpli-

184 219 343 252 ἐφαίνοντο,
369 220 419 246 οὑκ
443 219 518 251 ὄντες
541 220 610 253 ἄξιοι
628 221 676 248 τοῦ
702 230 728 248 τι
750 221 835 248 κακὸν
861 221 972 253 παθεῖν,

185 263 234 290 Evt;
251 263 318 298 μηδὲ
331 265 520 299 ἡμαρτηκότες
537 274 562 292 τι
582 265 665 297 τέως’
693 266 723 292 οὐ
746 266 800 302 γὰρ
814 267 856 302 δὴ,
881 267 973 301 φησὶν,

185 308 274 340 εῐποις
295 309 328 335 ἄν
350 309 390 336 ὅτι
414 311 460 336 καὶ
481 311 605 337 τοσοῦτον
634 312 750 347 ἀριθμὸν
772 312 875 348 νηπίων
897 312 974 339 οὺθέν

185 355 386 390 ἡμαρτηκότων
409 356 557 383 ἀπολέσθαι
577 357 715 392 προσῆκον
736 356 784 393 ἦν’
800 358 869 384 ὥστε
885 358 936 385 κᾶν
950 360 974 384 εἰ

188 399 226 435 μὴ
241 399 295 426 τῶν
311 400 422 427 τελείων
439 401 531 435 φειδὼ,
546 401 611 436 γοῦν
629 402 683 429 τῶν
703 404 806 438 νηπίων
823 403 973 439 μνησθῆναι

188 445 288 480 μᾶλλον
301 446 395 481 ἐχρῆν,
408 446 454 473 ἐπὶ
466 446 505 482 τῷ
517 447 599 482 μηδὲν
614 447 697 475 κακὸν
710 449 758 484 τὴν
771 449 848 476 πόλιν
866 449 972 476 παθεῖν.

187 490 347 525 Προσέθηκε
361 490 389 517 δὲ
403 490 443 523 τὸ,
468 500 477 516 ι
498 491 545 517 καὶ
559 492 645 527 κτήνη
667 492 765 520 πολλά·
787 501 797 518 ι
815 493 853 524 ὼς
875 492 907 520 ἂν
927 493 974 520 καὶ

186 535 288 562 τούτων
313 535 440 562 ἀϐλασῶν
462 536 643 570 φυλάττεσθαι
673 537 835 572 ὀφειλόντων
863 538 974 570 δικαίως

186 582 241 612 τοῖς
254 581 301 607 ἐπὶ
327 582 379 616 τῆς
400 581 502 613 πόλεως
520 582 729 618 διασωζομένοις
744 582 799 610 τῶν
812 582 973 618 ἀνθρώπων.

1025 221 1098 248 cium
1118 220 1296 255 parvulorum
1314 223 1417 246 tantam
1437 219 1639 247 multitudinem
1656 227 1734 254 atquo
1748 220 1812 254 jure

1026 266 1112 294 fuisse
1129 266 1307 301 perdendam.
1323 266 1505 299 Quamobrem
1520 265 1628 294 etiamsi
1645 265 1715 294 forte
1731 266 1811 292 adul-

1025 315 1117 338 torum
1142 312 1216 338 nulla
1239 311 1337 339 fuisset
1360 311 1520 343 miseratio,
1540 312 1691 346 puellorum
1717 312 1812 346 utique

1027 358 1186 385 meminisse
1206 358 1348 392 oportuit,
1376 364 1432 391 quo
1455 357 1523 384 nihil
1549 358 1613 385 mali
1638 358 1698 385 urbi
1723 358 1810 385 lieret.

1027 403 1134 437 Adjecit
1155 402 1227 430 Deus
1239 423 1246 434 ,
1264 412 1273 427 ι
1291 406 1318 429 et
1334 402 1458 436 jumenta
1481 402 1585 436 multa;
1603 413 1612 429 ι
1628 410 1677 430 ceu
1705 403 1727 431 si
1755 411 1812 431 me-

1027 448 1080 474 rito
1098 448 1156 475 haec.
1172 456 1282 483 quoque
1299 448 1403 475 servari
1420 448 1567 475 incolumia
1585 448 1761 482 debuissent,
1777 449 1812 476 ob

1027 494 1146 528 civium,
1162 495 1264 530 quibus
1278 498 1337 522 erat
1354 494 1490 530 parcitum
1501 514 1509 527 ,
1525 495 1758 522 commoditatem.

189 689 1802 707 Μ

470 792 752 836 ΕΡΜΗΝΕΙΑ
787 793 984 836 ΜΙΧΑΙΟ

1064 795 1178 838 ΤΟΥ
1213 796 1533 840 ΠΡΟΦΗΤΟΥ.

187 1001 762 1062 COMMENTARIUS
818 1006 889 1062 IN
944 1007 1299 1064 MlCH/EAM
1354 1007 1812 1064 PROPHETAM.

517 1235 596 1262 ΚΕΦ.
617 1236 652 1262 A’.

224 1278 299 1313 Στίχ.
320 1282 356 1312 α’,
375 1278 408 1314 β’.
426 1280 653 1316 -Παραπλήσια
672 1281 730 1314 τοῖς
750 1283 814 1319 περί
839 1292 869 1309 τε
901 1284 979 1318 Ὠσηὲ

189 1325 237 1351 καὶ
260 1323 352 1359 ’Δμὼς
374 1325 421 1351 καὶ
442 1327 504 1358 τοὺς
528 1325 637 1359 λοιποὺς
653 1328 748 1354 ὁπόσοι
767 1329 855 1356 ταυτὰ
875 1329 979 1362 τούτοις

189 1372 408 1406 προεφήτευσαν,
431 1371 509 1407 δῆλός
531 1373 653 1400 ἐστικαὶ
676 1374 690 1400 ὁ
717 1375 852 1411 μακάριος
876 1383 982 1411 προφη-

187 1417 275 1443 τεύων
291 1418 427 1453 Μιχαίας·
444 1419 477 1445 τὰ
493 1420 547 1455 γὰρ
560 1421 625 1456 περὶ
639 1420 683 1447 τὸν
700 1420 763 1448 λαὸν
776 1422 893 1457 ἐσόμενα
906 1422 982 1456 παρά

188 1471 220 1488 τε
240 1462 295 1489 τῶν
314 1464 464 1499 Ἀσσυρίων
484 1465 530 1491 καὶ
547 1465 601 1491 τῶν
615 1465 793 1493 Βαϐυλωνίων
810 1469 981 1502 πνευματικῇ

190 1509 349 1544 κινούμενος
369 1511 402 1545 τῇ
417 1510 507 1546 χάριτι
531 1511 577 1537 καὶ
600 1512 680 1543 αὐτὸς
703 1514 899 1548 προαγορεύειν
923 1522 983 1539 πει-

193 1556 284 1590 ρᾶται,
306 1556 388 1587 εὐθὺς
401 1557 433 1582 ὲκ
451 1557 600 1592 προοιμίων
623 1559 713 1585 κοινὸν
736 1559 800 1594 περὶ
817 1559 916 1591 παντὸς
935 1559 982 1585 τοῦ

198 1601 308 1637 Ἰσραὴλ
324 1604 369 1637 (p.
383 1602 453 1637 260)
468 1603 629 1638 ποιούμενος
645 1604 691 1630 τὸν
705 1605 793 1638 λόγον,
811 1605 864 1631 τῶν
877 1614 906 1631 τε
920 1605 985 1632 δέκα

191 1647 266 1682 λέγω
286 1648 387 1682 φυλῶν,
406 1644 444 1674 ὧν
458 1649 507 1683 τὴν
521 1649 677 1685 Σαμάρειαν
694 1651 818 1686 ἐξάρχειν
832 1651 983 1684 συνέϐαινε,

193 1695 241 1721 καὶ
255 1694 310 1720 τῶν
325 1694 371 1721 δύο
386 1692 477 1730 ὧνπερ
498 1693 544 1721 οὖν
603 1696 780 1732 Ἰερουσαλὴμ
796 1699 904 1733 ἡγεῖτο·
923 1698 982 1732 φαί-

194 1749 271 1767 νεται
286 1740 314 1767 δὲ
328 1741 375 1767 καὶ
392 1742 462 1767 κατὰ
487 1742 549 1774 τοὺς
563 1743 661 1774 αὐτοὺς
677 1743 789 1778 καιροὺς
807 1744 985 1779 προφητεύων

195 1788 326 1819 ἐκείνοις,
341 1788 480 1814 τουτέστιν
504 1789 533 1815 ἐν
550 1789 669 1825 ἡμέραις
689 1789 809 1825 Ἰωάθαμ
833 1790 881 1816 καὶ
899 1790 986 1825 Ἀχαζ

195 1834 244 1860 καὶ
264 1834 383 1865 Ἐζεκίου
399 1833 453 1859 τῶν
473 1833 603 1868 βασιλέων
634 1834 729 1861 Ἰούδα.
753 1844 763 1861 ι
787 1836 831 1862 Ἑν
853 1836 908 1872 γὰρ
923 1835 986 1862 ταύ-

194 1888 256 1912 ταις
273 1881 333 1911 ταίς
354 1880 471 1915 ἡμέραις
493 1880 655 1915 γεγενῆσθαι
684 1881 762 1915 λόγον
779 1882 881 1917 Κυρίου
918 1878 984 1915 φησὶ

196 1927 266 1962 πρὸς
278 1927 397 1962 Μιχαίαν
413 1928 457 1955 τὸν
471 1928 652 1964 Μοραῖθίτην·
669 1937 679 1952 ι
697 1927 834 1954 τουτέστιν
847 1927 986 1962 ἐνεργείας

196 1973 390 2008 τετε-υχηκέναι
407 1973 491 2005 θείας.
512 1974 590 2004 Τίνος
607 1973 715 2005 ’ἐνεκενς
737 1981 746 1997 ι
770 1972 855 2008 Ὑπὲρ
872 1969 909 1999 ὧν
933 1969 987 1999 εἶδε

198 2020 264 2054 περὶ
279 2020 436 2054 Σαμαρείας
456 2019 503 2046 καὶ
522 2020 585 2055 περὶ
606 2019 801 2054 Ἰερουσαλήμ·
821 2029 830 2044 ι
849 2019 891 2045 ἵνα
906 2019 986 2056 εἴπῃ,

198 2065 303 2097 Παντὸς
331 2065 378 2091 τοῦ
406 2065 603 2101 Ἰσραηλιτικοῦ
626 2064 706 2097 λαοῦ,
729 2065 779 2099 τῆς
796 2073 826 2091 τε
851 2064 988 2100 βασιλείας

196 2111 253 2138 τῶν
268 2111 334 2137 δέκα
353 2111 453 2144 φυλῶν,
470 2111 516 2137 καὶ
538 2111 586 2146 τῆς
613 2110 666 2136 τῶν
686 2109 733 2136 δύο
755 2106 847 2146 ὧνπερ
863 2110 988 2145 ἡγεῖσθαι

197 2157 247 2191 τὴν
268 2156 353 2182 Ἰούδα
376 2156 516 2183 συνέϐαινε
533 2157 631 2192 φυλὴν,
646 2156 700 2183 τῶν
725 2157 757 2182 ἐκ
777 2156 825 2182 τοῦ
853 2156 988 2191 μακαρίου

198 2202 282 2229 Δαυῗδ
297 2203 367 2229 κατά
381 2203 430 2238 τὴν
451 2203 518 2238 πρὸς
531 2202 611 2229 αὑτὸν
624 2202 810 2238 γεγενημένην
825 2201 989 2236 ἐπαγγελίαν

199 2249 396 2284 βασιλευόντων
416 2249 499 2284 αὐτῆς
510 2258 517 2264 ·
545 2249 614 2284 ὑπὲρ
629 2248 661 2284 δὴ
683 2248 784 2275 τούτων
797 2249 844 2275 καὶ
858 2248 911 2275 τῶν
926 2248 990 2283 περὶ

199 2296 300 2326 αὐτοὺς
314 2295 449 2330 ἐσομένων
460 2294 584 2330 ἐνεργείᾳ
595 2295 656 2330 θείᾳ
668 2294 718 2330 τὴν
732 2294 901 2329 ἀποκάλυψιν
915 2294 991 2326 δεξά-

202 2349 284 2376 μενος
305 2341 319 2366 ὁ
333 2340 453 2375 Μιχαίας
473 2339 546 2373 λέγει
564 2339 668 2371 ταῦτα,
685 2339 755 2375 ἅπερ
774 2338 820 2366 οὖν
843 2341 928 2366 εἰπεῖν
945 2340 992 2366 ἐπὶ

198 2385 249 2420 τῆς
262 2384 459 2419 ἀποκαλύψεως
478 2384 601 2420 ἐδιδάχθη
617 2385 665 2419 τῆς
681 2384 764 2416 Θείας,
780 2385 932 2420 ἀρξάμενος
946 2384 991 2410 οὒ-

198 2440 264 2462 τως·
289 2441 298 2456 ι
331 2430 498 2462 Ἀκούσατε,
524 2430 583 2456 λαοί¹
604 2430 720 2462 πάντες,
736 2430 841 2465 λόγους,
873 2440 881 2456 ι
913 2431 993 2456 Ἀκο-

200 2478 304 2509 λοὺθως
319 2477 349 2504 τὸ
363 2487 373 2502 ι
394 2476 452 2503 λαοὶ
465 2477 575 2508 πάντες,
598 2486 606 2502 ι
626 2476 670 2503 ἵνα
686 2477 761 2512 εἴπῃ,
780 2477 836 2508 Πᾶς
851 2477 864 2502 ὁ
884 2475 991 2511 Ἰσραὴλ

201 2527 216 2552 ὁ
241 2526 301 2556 ταῖς
327 2524 375 2550 δύο
396 2523 544 2559 βασιλείαις
569 2523 732 2558 προσήκων-
761 2522 822 2549 ὅθεν
849 2523 990 2557 ἐπήγαγε’

206 2582 215 2597 ι
239 2572 294 2598 Καὶ
324 2570 479 2606 προσεχέτω
501 2570 518 2604 ἡ
541 2569 577 2604 γῆ
598 2569 644 2594 καὶ
661 2571 759 2599 πάντες
782 2570 808 2594 οἱ
829 2569 858 2594 ἐν
873 2569 959 2604 αὐτῇ·
980 2577 989 2594 ι

201 2619 343 2646 τουτέστιν
363 2617 379 2651 ἡ
407 2615 589 2652 Ἰσραηλιτικὴ
615 2615 692 2651 χώρα
719 2616 808 2641 πᾶσα·
829 2615 877 2641 εἴτ’
899 2613 945 2641 οὖν
969 2616 993 2641 οἱ
1011 2600 1032 2627 D

201 2666 306 2701 ταύτην
325 2663 473 2696 οἰκοῦντες,
491 2663 594 2690 ἄνωθεν
608 2664 640 2688 ἐκ
653 2662 701 2696 τῆς
717 2662 784 2697 πρὸς
797 2662 860 2693 τοὺς
873 2661 994 2696 πατέρας

203 2711 374 2746 ἐπαγγελίας
397 2710 443 2737 τοῦ
469 2710 536 2736 Θεοῦ
558 2709 702 2744 δεδομένης
725 2709 826 2739 αὐτοῖς,
855 2708 898 2743 (p.
921 2707 993 2743 “2.61)

207 2768 216 2785 ι
237 2758 292 2784 Καὶ
305 2757 382 2783 ἔσται
403 2756 501 2792 Κύριος
516 2758 529 2782 ό
541 2755 606 2786 Θεὸς
623 2756 650 2780 ὲν
670 2755 733 2789 ὑμῖν
747 2755 787 2785 εἰς
808 2754 964 2790 μαρτύριον.
984 2764 992 2778 ι

203 2803 368 2837 Διαλέγεται
380 2801 423 2833 δέ,
442 2802 532 2836 φησιν,
546 2801 611 2835 ὑμῖν
623 2800 656 2825 δι’
671 2800 748 2834 ἡμῶν
760 2800 775 2825 ὁ
789 2799 864 2831 Θεὸς,
877 2799 995 2834 διαμαρσ

209 2851 303 2888 πυρίαν
325 2850 388 2877 τινὰ
409 2848 473 2885 περὶ
491 2847 544 2875 τῶν
561 2847 696 2882 ἐσομένων
711 2846 884 2881 ποιούμενος·
902 2845 995 2881 ἐπειδὴ

1369 1239 1444 1266 CAP.
1466 1239 1486 1266 Ι.

1068 1283 1149 1312 Vsus.
1168 1284 1194 1316 l,
1206 1283 1387 1311 9..—Similia
1402 1283 1481 1311 Oscae
1497 1285 1633 1312 etAmoso
1653 1289 1680 1311 et
1696 1285 1818 1320 reliquis,

1032 1335 1165 1365 quotquot
1182 1331 1224 1358 his
1239 1331 1315 1365 paria
1330 1331 1570 1365 prophetaveruut,
1583 1335 1694 1365 apparet
1712 1331 1819 1358 beatum

1032 1386 1141 1413 quoque
1159 1377 1304 1404 vaticinari
1325 1377 1474 1403 Micb:eam.
1494 1376 1600 1403 Etenim
1621 1381 1751 1404 eventura
1773 1385 1820 1412 po-

1033 1425 1097 1459 pqu
1118 1424 1153 1451 ab
1168 1423 1289 1460 Assyriis
1311 1428 1391 1458 alque
1409 1423 1485 1457 171
1508 1423 1664 1458 Babyloniis
1685 1424 1822 1458 spirituali

1034 1474 1173 1505 permotus
1188 1470 1274 1505 gratia
1291 1470 1349 1504 ipse
1365 1477 1474 1504 quoque
1489 1469 1634 1504 prmdicere
1650 1470 1755 1501 nititur,
1767 1474 1823 1497 sta-

1034 1517 1080 1544 tim
1094 1517 1127 1544 ab
1140 1516 1252 1544 exordio
1267 1524 1438 1544 communem
1456 1517 1489 1543 de
1505 1516 1633 1543 universo
1650 1516 1750 1543 lsraele
1767 1524 1823 1543 ser-

1034 1571 1140 1590 monem
1164 1563 1328 1595 instituens,
1355 1562 1388 1589 de
1411 1562 1546 1593 tribubus.
1565 1563 1687 1597 inquam,
1710 1561 1822 1592 decem,

1034 1615 1149 1643 quarum
1168 1608 1243 1643 regni
1268 1611 1349 1642 caput
1371 1611 1430 1634 erat
1452 1605 1591 1636 Samaria,
1616 1610 1642 1632 et
1663 1606 1696 1632 de
1718 1605 1824 1632 duabus

1035 1661 1150 1689 quarum
1163 1653 1320 1687 metropolis
1336 1652 1515 1680 Hierusalem.
1529 1651 1607 1679 Patet
1623 1657 1711 1678 autem
1728 1651 1824 1679 iisdem

1035 1700 1135 1734 quibus
1151 1699 1306 1733 superiores
1321 1698 1526 1733 prophetavisse
1541 1697 1710 1732 temporibus
1721 1719 1728 1727 ,
1743 1697 1768 1723 id
1783 1701 1826 1724 est

1036 1745 1133 1772 diebus
1145 1743 1280 1771 Joathami
1293 1765 1300 1776 ,
1316 1743 1433 1770 Achaazi
1443 1763 1450 1775 ,
1469 1746 1497 1770 et
1512 1742 1615 1769 Eleciae
1629 1749 1720 1776 regum
1731 1741 1824 1773 Judat;

1036 1791 1136 1818 etenim
1156 1800 1164 1815 ι
1176 1790 1219 1817 his
1232 1790 1328 1817 diebus
1344 1790 1382 1816 ait
1396 1789 1497 1816 factum
1515 1796 1575 1815 esse
1589 1788 1701 1815 verbum
1718 1786 1826 1814 Domini

1037 1838 1070 1864 ad
1089 1837 1228 1864 Michwam
1249 1835 1441 1866 Moraithitem,
1459 1843 1468 1860 ›
1481 1833 1508 1861 id
1528 1837 1571 1860 est
1590 1840 1620 1860 se
1639 1832 1758 1859 divinam
1779 1839 1827 1858 ex—

1040 1888 1143 1920 pertum
1157 1890 1217 1910 esse
1231 1881 1427 1917 operationem.
1439 1880 1511 1907 Cur?
1525 1888 1533 1904 ι
1548 1879 1589 1905 Ob
1604 1886 1635 1905 ea
1644 1885 1703 1912 quae
1714 1877 1780 1903 vidit
1793 1876 1828 1903 de

1039 1929 1161 1957 Samaria
1174 1933 1201 1956 et
1213 1927 1392 1955 Hierusalem.
1406 1935 1416 1951 ι
1428 1925 1461 1952 de
1478 1925 1607 1965 universo
1625 1923 1730 1950 scilicet
1741 1921 1828 1948 lsrac-

1038 1977 1111 2003 litico
1126 1974 1226 2010 populo
1237 1993 1244 2005 ,
1261 1981 1308 2000 Seu
1326 1972 1359 1999 de
1377 1972 1471 1999 decem
1493 1971 1612 1997 tribuum
1634 1976 1734 2004 regno,
1751 1972 1778 1994 et
1795 1966 1828 1994 de

1037 2023 1144 2050 duabus
1156 2029 1270 2056 quarunt
1286 2019 1467 2054 principatum
1482 2017 1592 2044 tenebat
1606 2016 1664 2051 ipsa
1678 2015 1754 2042 Juda
1776 2015 1827 2040 tri-

1038 2069 1100 2101 bus,
1119 2067 1189 2096 beati
1208 2067 1318 2094 Davidis
1334 2065 1449 2100 posteris
1461 2063 1539 2098 juxta
1555 2062 1601 2089 Dei
1620 2062 1784 2097 promissum
1800 2061 1827 2087 in

1038 2122 1070 2141 ea
1080 2112 1256 2147 regnantibus
1269 2121 1275 2138 :
1288 2111 1321 2138 de
1332 2110 1432 2145 quibus
1448 2115 1597 2143 eorumque
1610 2108 1703 2137 rebus.
1717 2110 1829 2140 accepta

1039 2159 1170 2188 divinitus
1184 2157 1350 2185 revelatione
1364 2155 1490 2183 Michzeas
1503 2155 1560 2181 hate
1576 2154 1659 2186 dicit,
1676 2160 1737 2187 qua:
1751 2152 1805 2179 Deo
1817 2171 1824 2182 ,

1039 2209 1070 2232 ut
1095 2204 1232 2234 diximus,
1257 2202 1398 2229 revelante
1419 2200 1567 2232 didicerat,
1595 2199 1635 2226 sic
1661 2197 1828 2225 exordiens:

1043 2260 1052 2276 ι
1074 2249 1172 2277 Audite
1200 2248 1302 2280 verba,
1334 2247 1427 2282 populi
1454 2253 1561 2272 omnes.
1589 2254 1598 2270 ι
1618 2245 1828 2272 Consentanee.

1045 2306 1053 2321 ‹
1067 2295 1155 2332 populi
1166 2300 1269 2325 omnes,
1283 2303 1292 2318 ι
1305 2297 1333 2320 ut
1347 2292 1499 2320 universum
1514 2290 1636 2318 lsraelcm
1652 2290 1762 2318 denotet
1781 2289 1828 2323 qui

1041 2344 1075 2370 ad
1105 2349 1189 2377 regna
1216 2341 1272 2368 duo
1301 2339 1465 2374 pertinebat.
1494 2337 1676 2371 Quamobrem
1703 2335 1827 2362 addidit:

1043 2398 1053 2415 ί
1069 2388 1254 2423 Attendatque
1272 2392 1354 2418 terra,
1370 2391 1397 2413 et
1416 2392 1511 2412 omnes
1526 2383 1572 2418 qui
1591 2383 1617 2409 in
1634 2390 1664 2409 ea
1681 2385 1754 2413 sunt,
1773 2391 1782 2406 ι
1801 2380 1828 2407 id

1041 2439 1083 2463 est
1100 2434 1250 2462 Israelitica
1268 2437 1324 2459 tota
1339 2433 1432 2466 regio,
1461 2433 1517 2458 sive
1539 2430 1600 2463 ejus
1627 2429 1739 2458 incolae,
1763 2434 1832 2460 quo-

1042 2490 1102 2509 rum
1130 2481 1177 2507 illa
1202 2480 1328 2515 patribus
1354 2479 1448 2505 divino
1475 2476 1612 2511 promisso
1638 2474 1739 2501 tradita
1767 2472 1828 2499 fuit.

1045 2537 1055 2554 ‹
1071 2527 1104 2554 Ει
1127 2527 1179 2554 erit
1203 2526 1334 2552 Dominus
1360 2524 1431 2551 Deus
1453 2523 1531 2550 vobis
1555 2523 1581 2549 in
1601 2519 1801 2549 testimonium.
1820 2528 1830 2544 I

1047 2573 1182 2608 Loquitur
1197 2572 1276 2599 vobis
1295 2578 1343 2605 per
1360 2578 1411 2597 nos
1430 2569 1516 2600 Deus,
1536 2567 1726 2595 testimonium
1745 2565 1833 2599 quod-

1047 2621 1108 2647 dam
1127 2619 1208 2645 rebus
1226 2617 1328 2644 i'uturis
1343 2616 1432 2648 dans;
1449 2623 1482 2642 ex
1500 2623 1554 2648 quo
1573 2622 1623 2641 vos
1639 2621 1712 2647 saepe
1731 2612 1764 2638 ad
1785 2612 1834 2637 ho-

1048 2669 1125 2693 nesta
1144 2664 1321 2693 adhortatus.
1342 2660 1445 2689 nullam
1463 2661 1489 2687 in
1508 2660 1606 2687 melius
1627 2657 1833 2686 conversionem

1048 2710 1197 2746 perspexit.
1218 2708 1309 2742 Quare
1329 2711 1443 2742 apparet
1462 2707 1538 2733 illum
1560 2705 1671 2740 quidem
1693 2703 1760 2730 nihil
1788 2709 1833 2726 ve-

1049 2763 1111 2785 strae
1126 2755 1254 2783 utilitatis
1269 2761 1354 2781 causa
1369 2761 1424 2780 non
1442 2753 1587 2783 molitum,
1605 2758 1653 2778 vos
1666 2756 1731 2776 vero
1749 2747 1836 2774 nihilo

1051 2801 1176 2829 meliores
1200 2799 1258 2827 ﬁeri
1280 2798 1414 2830 voluisse,
1438 2797 1485 2825 sed
1510 2797 1579 2823 mala
1603 2797 1630 2823 in
1646 2803 1695 2822 vos
1713 2797 1835 2821 tantum-

1050 2847 1131 2875 modo
1142 2851 1317 2882 provocasse.
1329 2855 1338 2872 ι
1352 2844 1486 2874 Dominus
1498 2844 1531 2872 de
1543 2843 1624 2871 domo
1638 2844 1732 2869 sancta
1747 2845 1797 2866 sua
1827 2848 1832 2862 ε
