1972 3066
189 113 243 141 SH

790 114 965 145 THEODORI
976 117 1214 146 MOPSUESTENI

1757 116 1820 144 3£8

191 171 379 199 Necessarium
390 172 603 200 additamentum
619 182 627 199 ι
641 177 750 208 sancta;
762 184 772 200 ι
785 183 846 202 nam
855 176 917 211 quia
927 184 970 212 ge-

1025 177 1153 208 πολλάκις
1168 177 1231 212 ὑμῖν
1245 176 1279 204 τὰ
1301 176 1474 212 προσήκοντα
1487 175 1645 210 διαλεχθεὶς,
1666 175 1725 202 οὐδὲ
1740 176 1817 211 μίαν

191 218 308 245 neratim
327 225 422 246 omnes
439 219 595 253 alloquitur,
612 220 713 247 multus
725 225 814 248 autem
826 227 885 249 erat
901 222 974 257 apud

191 265 285 291 decem
300 263 388 290 tribus
410 263 544 291 idolorum
566 266 675 297 cultus,
698 266 778 300 cujus
798 274 882 294 causa
902 267 974 296 fanis

190 311 272 336 etiam
290 310 457 337 constructis
468 330 475 340 ,
491 309 630 338 daemones
646 312 796 340 honoribus
810 313 911 341 divinis
925 321 973 341 co-

189 355 285 382 lendos
307 356 450 388 curabant,
465 361 537 384 recte
560 358 628 384 dixit
644 367 649 384 :
669 358 747 393 172
763 369 772 384 ι
787 359 917 387 Dominus
938 361 972 388 de

189 401 270 427 domo
281 404 376 428 sancta
390 409 450 431 sua,
464 411 473 427 ι
487 402 677 430 demonstrans
691 412 719 431 se
734 404 767 431 ad
784 412 879 432 omnes
894 413 970 432 com-

189 446 308 473 muniter
322 446 402 474 verba
418 446 523 478 facere,
539 448 575 474 ob
590 448 615 474 id
632 456 646 474 a
665 448 718 476 Deo
733 449 834 477 missus
849 451 895 484 qui
912 450 971 478 llie-

188 491 334 527 rosolymis
363 492 472 519 domum
503 493 583 521 habet
609 502 704 528 suam,
732 503 814 530 quam
844 501 968 524 sanctam

188 541 298 571 propter
314 536 424 564 insitam
441 538 467 564 ei
482 537 609 565 virtutem
627 539 732 567 deﬁnit.
757 539 855 568 Postea
878 542 968 577 pergit

186 584 292 612 dicere:

1025 223 1175 259 μεταϐολὴν
1197 223 1357 258 δεξαμένους
1378 223 1424 249 ἐπὶ
1437 222 1468 249 τὸ
1483 223 1603 257 κρεῖττον
1619 219 1688 248 εἶδεν
1698 229 1708 261 ἰ
1720 221 1758 254 ὡς
1775 222 1817 249 ἂν

1023 270 1143 304 φαίνοιτο
1157 270 1172 295 ὁ
1191 269 1239 304 μὲν
1262 269 1350 296 πάντα
1367 268 1401 295 τὰ
1418 267 1485 303 πρὸς
1501 267 1636 303 ὑμετέραν
1650 267 1816 302 πεποιηκὼς

1021 315 1170 349 ὠφέλειαν,
1193 315 1271 349 ὑμεῖς
1289 314 1318 340 δὲ
1333 313 1407 340 οὐδὲν
1421 313 1583 348 θελήσαντες
1607 313 1711 340 ἑαυτῶν
1729 312 1815 347 γενέ-

1026 360 1086 387 σθαι
1103 359 1239 395 βελτίους,
1260 358 1472 394 ὲφελκυσάμενοι
1491 358 1519 384 δὲ
1541 358 1619 393 μόνον
1641 358 1682 392 ἐφ’
1695 358 1813 389 ἑαυτοὺς

1023 406 1057 432 τὰ
1071 405 1153 432 κακά.
1166 414 1176 430 ι
1193 405 1292 440 Κύριος
1306 404 1335 437 ἐξ
1348 403 1422 430 οἴκου
1434 404 1512 438 ἁγίου
1528 403 1619 430 αὐτοῦ.
1636 413 1646 429 ι
1660 403 1815 437 ’Δναγκαία

1023 451 1040 486 ή
1060 450 1216 486 προσθήκη·
1240 450 1331 485 ἐπειδὴ
1352 450 1406 485 γὰρ
1422 449 1490 484 πρὸς
1509 449 1633 481 ἅπαντας
1654 451 1730 485 κοινῇ
1747 449 1812 476 δια-

1022 496 1149 530 λέγεται,
1176 495 1261 530 πολλὴ
1280 495 1309 522 δὲ
1333 493 1366 530 ἦν
1389 496 1406 530 ἡ
1423 496 1487 531 περὶ
1506 496 1540 522 τὰ
1561 495 1657 522 εἴδωλα
1669 495 1723 522 τῶν
1741 495 1814 522 δέκα

1023 541 1114 576 φυλῶν
1127 541 1270 577 θεραπεία,
1285 542 1328 576 ἐφ’
1377 542 1424 567 καὶ
1439 541 1529 572 οἴκους
1543 541 1811 573 κατασκευάσαντες,

1023 587 1060 619 ὡς
1085 587 1163 618 θεοὺς
1186 587 1230 614 διὰ
1253 587 1307 613 τῶν
1335 586 1450 613 εἰδώλων
1471 586 1632 622 θεραπεύειν
1658 586 1812 622 ἐπειρῶντο

187 630 249 662 τοὺς
258 631 396 666 δαίμονας,
408 632 496 663 καλῶς
506 633 658 668 προσέθηκε
669 633 709 663 τὸ.
728 644 737 660 ι
750 635 852 670 Κύριος
869 634 899 667 ἐξ
909 634 984 661 οἴκου
1001 635 1079 669 ἁγίου
1095 633 1187 661 αὑτοῦ·
1208 643 1217 659 ι
1232 633 1318 669 δηλῶν
1327 633 1368 661 ὅτι
1383 635 1458 669 κοινῇ
1484 634 1552 669 πρὸς
1578 633 1700 665 ἅπαντας
1722 635 1810 660 ποιεῖ-

186 684 231 702 ται
254 677 317 708 τοὺς
336 676 443 711 λόγους,
459 677 533 713 παρά
546 678 612 705 Θεοῦ
627 679 713 706 ταῦτα
726 681 812 707 εἰπεῖν
831 679 1033 714 ἀπεσταλμένος
1053 679 1100 705 τοῦ
1120 680 1148 705 ὲν
1164 678 1340 714 Ἰερουσαλὴμ
1361 678 1407 705 τὸν
1430 676 1505 705 οἷκον
1520 678 1629 713 ἔχοντος
1650 678 1696 704 τὸν
1721 678 1809 704 [διον⁵

186 725 215 751 ὃν
228 725 274 751 καὶ
291 725 368 759 ἆγιον
382 726 424 752 διὰ
437 726 488 761 τῆς
500 727 638 761 ἐνεργείας
652 728 774 764 ἀπέφηνε
787 729 836 764 τῆς
848 728 961 759 οἰκείας.
984 727 1050 755 Εἶτα
1065 728 1112 754 καὶ
1129 727 1301 762 προστίθησι·

226 768 307 796 Vsus.
326 770 387 797 3-5.
399 785 433 789 —
445 780 454 796 ι
474 771 542 803 Quia
559 779 623 799 ecce
639 772 770 801 Dominus
785 774 921 809 egreditur
936 774 973 801 de

187 817 248 843 loco
262 824 314 844 suo
328 826 334 844 :
352 821 379 844 et
394 817 544 846 descendet
567 824 650 855 atque
668 821 799 849 ascendet
823 830 907 858 super
923 831 971 850 ex-

1058 773 1132 807 Στὶχ.
1146 772 1216 806 γ’-ε’.
1230 786 1266 792 -
1280 781 1289 797 ι
1305 771 1377 798 Διότι
1398 771 1452 798 ἰδοὺ
1466 770 1568 806 Κύριος
1582 770 1758 804 ἐκπορεύεται
1776 772 1812 798 ὲκ

1022 817 1067 844 τοῦ
1092 817 1174 843 τόπου
1196 816 1294 843 αὑτοῦ·
1320 817 1366 843 καὶ
1381 817 1565 853 καταὸήσεται
1584 817 1631 844 καὶ
1650 817 1811 851 ἐπιϐήσεται

186 861 259 889 celsa
276 865 365 890 terrae.
383 862 415 889 Et
425 866 669 893 commovebuntur
677 874 783 895 montes
794 869 885 896 subter
897 876 970 901 eum.

1023 863 1068 889 ἐπὶ
1078 863 1112 888 τά
1127 862 1181 897 ὕψη
1195 862 1245 897 τῆς
1259 863 1310 897 γῆς
1323 870 1329 876 ·
1347 863 1394 889 καὶ
1407 863 1601 898 σαλευθήσεται
1621 863 1655 890 τὰ
1673 864 1725 899 ὄρη
1740 864 1811 890 ὑπο-

185 911 213 934 et
229 907 313 936 valles
330 908 482 942 liquescent
498 910 568 937 sicut
583 919 645 938 cera
659 919 673 938 a
689 912 757 940 facie
772 913 854 948 ignis,
866 917 893 940 et
903 914 974 942 sicut

186 961 258 988 aqua
275 961 335 988 qua
358 955 479 982 decurrit
501 956 529 982 in
551 964 679 992 prmceps.
697 967 707 984 ι
721 957 875 987 Procedens
898 960 971 987 enim

185 1008 219 1026 ex
234 1000 298 1030 illo.
317 1001 420 1036 inquit,
439 1007 531 1029 monte
550 1002 622 1030 Deus
634 1024 642 1036 ,
658 1004 836 1032 habitationis
856 1013 914 1032 sua!
931 1006 972 1032 lo-

186 1052 249 1072 cum
270 1047 409 1079 ostendit,
433 1054 550 1082 eumque
566 1049 701 1076 universae
725 1050 910 1077 lsraelitarum
930 1057 972 1077 re-

189 1091 264 1126 gioni
281 1093 418 1119 dominari
440 1093 526 1124 dicit,
548 1102 629 1128 quam
655 1095 785 1129 propheta
809 1095 970 1131 alloquitur.

185 1137 364 1164 Conturbabit
375 1142 465 1165 autem
476 1147 602 1174 proceres
616 1140 676 1175 ejus
688 1149 696 1174 ;
713 1141 763 1168 hos
777 1141 850 1168 enim
865 1145 973 1169 montes

185 1183 221 1210 ob
237 1191 314 1211 suam
330 1185 505 1215 eminentiam
523 1187 660 1221 appellat;
678 1195 782 1214 necnon
802 1192 830 1215 et
852 1188 972 1223 reliquos

185 1236 282 1256 omnes
297 1238 304 1256 :
324 1237 386 1256 nam
402 1230 487 1257 valles
501 1231 617 1259 classem
636 1232 776 1259 hominum
796 1232 970 1259 humiliorum

186 1276 318 1302 nominat.
334 1274 410 1302 Patet
425 1279 520 1303 autem
539 1277 608 1303 haud
625 1277 735 1304 divisim
755 1277 846 1305 dicere
865 1282 972 1305 montes

186 1325 340 1348 commotos
354 1325 381 1347 et
397 1321 557 1355 liquefactas
574 1322 657 1350 valles
668 1342 676 1353 ,
693 1322 739 1349 sed
756 1322 890 1351 Hebraico
902 1323 972 1350 idio-

186 1365 268 1392 tismo
290 1373 371 1400 quem
397 1373 469 1401 saepe
494 1366 653 1399 docuimus,
677 1375 726 1402 per
751 1367 886 1395 diaeresin]
905 1368 973 1395 dicit

186 1417 347 1443 commune,
363 1410 438 1445 quod
454 1419 550 1446 nempe
567 1419 662 1439 omnes
679 1420 807 1447 proceres
825 1413 972 1448 reliquam-

187 1463 241 1490 que
256 1456 362 1490 plebem
385 1456 476 1483 divina
498 1457 536 1483 ira
555 1457 699 1492 corripiet,
724 1465 899 1486 commovens
923 1459 971 1486 de-

187 1505 351 1536 strucnsque
365 1509 434 1529 cerae
448 1510 523 1530 more
542 1503 596 1538 igni
617 1503 753 1530 admoth
775 1504 971 1539 pertrahetque

1025 908 1144 935 κάτωθεν
1163 909 1258 935 αὐτοῦ·
1281 909 1327 935 καὶ
1343 909 1370 934 αἱ
1387 908 1508 940 κοιλάδες
1528 910 1691 944 τακήσονται
1706 909 1743 942 ὡς
1757 918 1811 946 κη-

1025 954 1070 989 ρὸς
1093 953 1146 980 ἀπὸ
1175 953 1320 989 προσώπου
1341 955 1426 990 πυρὸς
1454 954 1495 990 (p.
1521 954 1590 989 262)
1614 955 1660 981 καὶ
1682 955 1718 987 ὡς
1735 955 1809 990 ὕδωρ

1024 1000 1243 1035 καταφερόμενον
1266 1001 1295 1026 ὲν
1317 1000 1474 1027 καταόάσει.
1493 1010 1502 1026 ι
1527 1000 1634 1035 Προϊὼν
1647 1001 1700 1038 γὰρ
1714 1002 1748 1028 ὲκ
1760 1001 1810 1029 τοῦ

1023 1046 1101 1080 ὅρους
1127 1045 1248 1078 ἐκείνου,
1269 1047 1368 1081 φησιν,
1398 1047 1412 1073 ὁ
1436 1046 1515 1078 Θεὸς,
1538 1046 1587 1081 τῆς
1608 1047 1740 1082 οἰκήσεως
1758 1047 1810 1082 τῆς

1023 1092 1123 1123 οἰκείας
1145 1091 1226 1118 τόπον
1248 1092 1400 1127 ἀπέφηνεν,
1417 1092 1525 1126 ἀπάσης
1541 1091 1591 1128 μὲν
1604 1094 1809 1128 κατακρατήσει

1023 1137 1072 1171 τῆς
1086 1137 1136 1171 γῆς
1148 1137 1196 1171 τῆς
1215 1136 1432 1172 Ὶσραηλιτικῆς,.
1447 1135 1544 1170 λέγων,
1567 1136 1635 1172 πρὸς
1647 1137 1681 1172 ἢν
1698 1139 1712 1164 ό
1730 1137 1809 1171 λόγος

1023 1181 1112 1217 αὐτῷ,
1130 1183 1158 1208 ὲν
1178 1183 1283 1217 ταραχῇ
1299 1182 1327 1208 δὲ
1349 1183 1412 1213 τοὺς
1424 1183 1453 1208 ἐν
1466 1183 1533 1217 αὐτῇ
1550 1183 1715 1218 καταστήσει
1726 1183 1808 1209 δυνα-

1022 1227 1099 1259 τοὺς,
1120 1227 1231 1259 τούτους
1247 1228 1301 1263 γὰρ
1315 1228 1363 1263 ὅρη
1384 1227 1429 1254 διὰ
1448 1228 1479 1254 τὺ
1502 1228 1634 1264 ὑπερέχον
1653 1228 1742 1260 καλεῖ,
1760 1229 1808 1255 καὶ

1021 1274 1084 1304 τοὺς
1097 1273 1206 1305 λοιποὺς
1218 1273 1246 1299 δὲ
1267 1274 1387 1305 ἅπαντας
1396 1283 1403 1290 ·
1420 1273 1544 1305 κοιλάδας
1566 1274 1620 1308 γὰρ
1634 1275 1697 1306 τοὺς
1709 1282 1807 1301 ταπει-

1022 1317 1148 1352 νοτέρους
1169 1317 1314 1353 ὀνομάζει,
1337 1317 1415 1353 δίκην
1441 1318 1525 1353 κηροῦ
1546 1319 1612 1353 πυρὶ¹
1632 1319 1806 1354 προσωμιλη-

1022 1362 1099 1394 κότος
1114 1363 1320 1390 καταναλίσκων
1335 1363 1432 1396 αὐτούς
1443 1373 1450 1380 υ
1463 1364 1544 1398 δήλου
1561 1373 1592 1398 γε
1606 1364 1681 1395 ὄντος
1697 1365 1737 1391 ὅτι
1755 1365 1805 1392 οὐκ

1023 1408 1141 1440 ἐκείνους
1168 1409 1218 1444 μὲν
1247 1408 1406 1436 σαλεύεσθαι
1439 1408 1531 1444 λέγει,
1557 1409 1605 1442 τὰς
1632 1409 1756 1441 κοιλάδας
1775 1410 1804 1437 δὲ

1021 1453 1161 1488 τήκεσθαι,
1175 1453 1243 1480 ἀλλὰ
1254 1454 1324 1481 κατὰ
1340 1454 1370 1480 τὸ
1388 1454 1485 1490 ἰδίωμα
1494 1455 1524 1481 τὸ
1541 1455 1694 1491 Ἐὃραῖκὺν,
1711 1455 1725 1482 ὃ
1742 1455 1806 1481 πολ-

1022 1499 1100 1531 λάκις
1113 1499 1307 1534 ἀπεδείξαμεν,
1324 1499 1395 1526 κατὰ
1410 1500 1540 1535 διαίρεσιν
1556 1499 1641 1535 λέγων
1653 1500 1683 1527 τὸ
1707 1502 1805 1533 κοινὸν,

188 1546 222 1572 ad
241 1554 349 1582 plenam
367 1548 453 1575 instar
477 1555 553 1583 aquae
575 1548 746 1576 vehementis
767 1549 918 1584 impetuose
936 1557 968 1577 ex

1023 1547 1062 1573 ὄτι
1084 1545 1187 1576 πάντας
1206 1546 1253 1572 καὶ
1272 1546 1400 1578 δυνατοὺς
1417 1547 1463 1573 καὶ
1482 1547 1527 1574 τὸν
1550 1546 1639 1574 λοιπὸν
1658 1547 1742 1583 δῆμον
1755 1548 1805 1574 ἐπ-

187 1593 244 1620 alto
258 1594 291 1620 ad
306 1593 438 1621 inferiora
452 1595 566 1624 ruentis.
584 1595 685 1623 Horum
703 1601 794 1623 autem
812 1604 894 1624 causa
907 1601 967 1625 est:

189 1649 200 1665 ι
215 1638 330 1674 Propter
345 1641 436 1668 scelus
451 1640 536 1668 Jacoh
551 1642 608 1669 lucc
622 1643 713 1669 omnia
724 1663 731 1674 ,
747 1647 774 1669 et
789 1648 899 1678 propter
911 1651 972 1679 pee-

185 1689 279 1712 catum
306 1686 403 1713 domus
429 1686 545 1714 lsraelis.
572 1697 580 1713 I
599 1687 659 1715 Mox
686 1688 782 1716 addit:
801 1699 809 1714 ι
827 1689 970 1722 Quodnam

186 1731 280 1759 scelus
293 1731 398 1759 Jacob?
415 1740 505 1760 nonne
521 1732 667 1760 Samaria?
693 1734 725 1760 Et
745 1735 882 1769 quodnam
906 1743 969 1770 pec-

186 1782 278 1803 catum
295 1777 393 1805 domus
407 1777 483 1804 Juda:
496 1778 507 1804 ‘3
524 1786 614 1805 nonne
630 1778 821 1807 Hierusalem?
836 1789 845 1805 ι
860 1779 968 1807 Illorum

186 1823 296 1858 quidem
314 1823 458 1851 manifesta
475 1829 533 1851 erat
547 1825 672 1860 impietas
690 1826 737 1861 qui
755 1825 885 1853 Samaria:
902 1834 970 1854 con-

185 1868 367 1902 gregabantur
385 1869 418 1896 ad
436 1869 571 1896 idolorum
590 1870 693 1897 cultum
707 1891 714 1902 .
735 1871 816 1905 cujus
835 1873 971 1907 prmcipue

185 1921 269 1942 causa
289 1914 344 1942 illic
360 1915 490 1943 aediﬁcata
512 1915 573 1942 fana
590 1916 737 1945 habebant.
756 1917 809 1945 Sed
826 1922 853 1945 et
867 1917 964 1945 horum

186 1959 319 1995 iniquitas
335 1961 407 1988 haud
425 1961 514 1989 minus
529 1963 691 1994 constabat,
709 1964 755 1998 qui
772 1963 968 1999 Hierosolymis

185 2006 314 2040 templum
334 2007 405 2040 apud
426 2015 456 2034 se
471 2007 620 2040 habentes,
639 2008 690 2035 hoc
707 2009 852 2044 despecto.
863 2011 897 2037 ab
912 2010 969 2037 ido-

183 2051 272 2078 lorum
296 2051 371 2078 cultu
399 2059 454 2078 non
480 2051 664 2080 abstinebant.
689 2054 790 2082 Deinde
813 2056 969 2091 punitiones

183 2103 346 2124 enumerans
363 2105 370 2123 ἒ

1023 1591 1160 1619 ελεύσεται
1181 1593 1197 1627 ή
1213 1592 1280 1627 ὀργὴ
1298 1593 1315 1627 ὴ
1331 1591 1400 1626 θεία,
1419 1592 1567 1619 σαλεύουσά
1588 1601 1619 1619 τε
1642 1593 1740 1625 αὐτοὺς
1759 1594 1805 1620 καὶ

1023 1636 1191 1671 ἀφανίζουσα
1206 1637 1283 1672 δίκην
1300 1636 1386 1673 κηροῦ
1403 1637 1470 1672 πυρὶ
1485 1638 1737 1673 προσωμιληκότος·
1754 1647 1804 1665 κα-

1023 1684 1156 1711 τασπάσει
1170 1692 1199 1710 τε
1212 1684 1309 1715 αὐτοὺς
1326 1685 1365 1715 εἰς
1378 1684 1522 1719 τιμωρίαν,
1539 1684 1616 1719 δίκην
1630 1684 1724 1716 ὓδατος
1739 1693 1803 1719 σφο-

1023 1729 1087 1764 δροῦ
1112 1738 1141 1756 τε
1163 1729 1210 1755 καὶ
1235 1729 1363 1763 ῥαγδαίου
1392 1729 1421 1762 ἐξ
1445 1728 1528 1764 ὕψους
1545 1730 1590 1756 ἐπὶ
1614 1729 1648 1756 τὰ
1664 1730 1804 1766 κατώτερα

1019 1775 1178 1810 φερομένου.
1199 1774 1231 1801 Ἣ
1247 1774 1274 1800 δὲ
1289 1774 1391 1800 τούτων
1408 1775 1482 1801 αἰτία
1493 1794 1501 1806 ,
1520 1784 1529 1800 ι
1548 1775 1587 1801 Δι’
1603 1775 1731 1802 ἀσέῦειαν
1752 1776 1802 1801 Ὶα-

1019 1820 1076 1847 κὼὸ
1089 1821 1178 1847 πάντα
1192 1819 1278 1846 ταῦτα
1287 1840 1294 1851 ,
1309 1820 1356 1846 καὶ
1367 1820 1400 1847 δι’
1413 1819 1547 1855 ἁμαρτίαν
1560 1820 1633 1847 οἴκου
1653 1820 1771 1856 Ἰσραήλ.
1790 1830 1799 1846 ι

1020 1864 1087 1892 Εἶτα
1104 1865 1210 1899 ἐπάγει·
1228 1875 1237 1891 ε
1256 1866 1303 1896 Τίς
1314 1867 1330 1900 ή
1345 1866 1455 1892 ἀσέϐεια
1481 1865 1595 1899 ’1ακώ6;
1610 1866 1658 1901 οὐχ
1673 1867 1688 1902 ή
1713 1867 1802 1902 Σαμά-

1022 1920 1097 1948 ρεια;
1113 1912 1160 1939 καὶ
1175 1911 1216 1943 τίς
1229 1913 1245 1946 ἠ
1261 1912 1383 1947 ἁμαρτία
1393 1912 1467 1939 οἴκου
1489 1912 1590 1945 Ἰούδας
1605 1913 1654 1948 οὺχ
1670 1913 1687 1947 ή
1707 1913 1802 1949 Ἰερου-

1023 1958 1129 1993 σαλήμ;
1147 1967 1156 1983 ι
1178 1958 1304 1984 Ἐκείνων
1318 1966 1348 1983 τε
1365 1957 1418 1993 γὰρ
1430 1959 1446 1993 ἡ
1460 1958 1571 1985 ἀσέϐεια
1583 1958 1650 1994 δήλη
1665 1959 1694 1985 ἐν
1709 1959 1801 1993 Σαμα-

1024 2004 1083 2039 ρείᾳ
1095 2002 1296 2038 συλλεγομένων
1321 2003 1367 2029 ἐπὶ
1381 2005 1414 2038 τῇ
1440 2004 1493 2030 τῶν
1512 2004 1628 2030 εἰδώλων
1649 2004 1800 2040 θεραπείᾳ,

1022 2047 1052 2076 οὗ
1074 2049 1106 2084 δὴ
1131 2049 1247 2084 μάλιστα
1270 2050 1332 2080 τοὺς
1357 2049 1403 2075 ἐπὶ
1428 2049 1513 2084 τούτῳ
1539 2051 1800 2085 κατεσκευασμένους

1022 2096 1093 2131 εἶχον
1114 2094 1207 2126 ναούςν
1225 2095 1272 2121 καὶ
1293 2094 1393 2121 τούτων
1409 2095 1438 2121 δὲ
1450 2096 1467 2130 ἡ
1488 2095 1645 2130 παρανομία
1657 2096 1706 2131 οὺχ
1720 2093 1800 2131 ἦττον

183 2140 260 2175 δήλη,
273 2142 296 2167 οἱ
312 2141 361 2176 τὴν
377 2141 554 2177 Ἰερουσαλὴμ.
570 2141 676 2177 ἔχοντες
689 2142 719 2169 ὲν
737 2143 852 2176 ἑαυτοῖς,
867 2145 910 2179 (p.
921 2144 984 2179 265)
1004 2144 1064 2172 οὐδὲ
1084 2143 1131 2169 τὸν
1156 2140 1218 2168 ναὸν
1237 2141 1424 2176 αἰσχυνόμενοι
1443 2141 1491 2176 τῆς
1512 2141 1566 2167 τῶν
1586 2140 1700 2168 είδώλων
1721 2142 1799 2168 ἀπεί-

182 2194 260 2221 χοντο
283 2186 441 2221 θεραπείας·
467 2186 525 2214 εἶτα
554 2187 604 2219 τὰς
625 2188 760 2223 τιμωρίας
788 2189 1038 2226 ἀπαριθμούμενος’

222 2231 299 2266 173
311 2231 394 2258 Vsus.
407 2232 465 2260 6-9.
476 2247 511 2253 —
529 2242 538 2259 ι
559 2233 592 2259 Et
606 2241 704 2268 ponam
721 2233 871 2262 Samariam
889 2235 967 2269 quasi

1053 2235 1129 2269 Στίχ.
1143 2237 1184 2266 ς’·
1198 2233 1229 2262 θ’.
1241 2248 1275 2253 —
1289 2243 1298 2259 ‹
1316 2232 1370 2259 Καὶ
1382 2231 1498 2268 θήσομαι
1510 2233 1664 2268 Σαμάρειαν
1676 2235 1715 2265 εἰς
1729 2235 1799 2261 ὀπω-

183 2285 327 2311 pomorum
342 2278 505 2310 custodiam,
518 2280 633 2314 etquasi
649 2279 842 2314 plantationem
858 2288 945 2308 vmeze
959 2290 966 2308 :

184 2327 211 2350 et
224 2323 363 2350 detraham
380 2324 406 2351 in
429 2325 585 2359 voraginem
610 2325 712 2360 lapides
731 2326 791 2361 ejus
817 2330 844 2354 et
870 2326 969 2353 funda-

185 2373 276 2396 menta
295 2370 356 2404 ejus
379 2371 513 2398 revelabo.
540 2381 550 2397 ι
571 2371 744 2399 Constituam
767 2371 917 2400 Samariam
942 2373 968 2399 in

185 2416 358 2444 solitudinem
368 2421 482 2450 vastam,
499 2419 535 2445 ita
552 2422 582 2445 ut
596 2418 683 2453 campi
710 2419 797 2446 instar
814 2419 841 2446 in
852 2426 883 2446 ea
898 2419 971 2454 agri-

184 2461 301 2495 coletur,
315 2467 341 2490 et
353 2464 459 2497 tuguria
472 2464 509 2491 ibi
521 2464 584 2492 ﬁant
596 2465 632 2492 ob
642 2472 783 2500 pomorum
796 2465 947 2493 custodiam
962 2475 968 2492 :

185 2507 286 2534 etenim
309 2515 359 2543 ego
375 2508 486 2535 aedilicia
502 2509 560 2543 ejus
574 2510 666 2538 omnia
683 2510 823 2537 destruam
840 2518 854 2537 a
871 2510 972 2537 funda-

185 2553 285 2580 mentis
295 2558 435 2585 evertens,
452 2562 484 2581 ex
500 2562 553 2589 quo
565 2555 608 2582 illa
623 2556 715 2583 omnia
730 2559 886 2591 sequentur.
903 2565 912 2581 ι
937 2555 970 2582 Et

185 2598 277 2625 omnia
297 2599 432 2633 sculptilia
456 2600 516 2634 ejus
539 2601 728 2629 concidentur.
760 2611 770 2628 ›
786 2602 864 2629 Tunc
887 2602 967 2629 etiam

188 2651 319 2670 vanorum
333 2644 504 2678 opiﬁciorum
513 2652 624 2672 suorum
635 2647 771 2674 excidium
786 2651 909 2677 cernent,
921 2647 970 2674 de-

188 2689 242 2715 leta
259 2689 363 2717 scilicet
373 2695 484 2717 cernunt
511 2691 545 2717 ab
562 2692 685 2721 hostibus
700 2702 759 2729 qua:
770 2693 971 2721 labricaverant

189 2734 271 2761 idola.
289 2744 298 2760 ι
312 2735 342 2762 Ει
362 2743 456 2763 omnes
482 2738 620 2765 mercedes
632 2740 690 2773 ejus
725 2740 787 2774 igne
813 2740 974 2766 comburen-

188 2784 243 2806 tur.
266 2789 275 2806 ι
293 2780 426 2808 Exuretur
443 2782 504 2817 igne
519 2787 631 2811 ornatus
653 2785 740 2812 omnis
757 2784 836 2812 idolis
853 2786 970 2812 circum-

191 2826 295 2860 positus
312 2831 391 2862 atque
419 2828 535 2863 templis.
555 2837 634 2867 quem
657 2830 692 2856 illi
716 2830 792 2865 quasi
819 2830 968 2859 mercedem

1021 2281 1182 2316 ροφυλάκιον
1197 2279 1292 2315 ἀγροῦ,
1314 2279 1360 2305 καὶ
1379 2279 1419 2309 εἰς
1437 2279 1548 2313 φυτείαν
1564 2279 1739 2313 ἀμπελῶνος·
1756 2280 1799 2307 καὶ

1020 2328 1186 2355 κατασπάσω
1199 2328 1237 2358 εἰς
1263 2327 1328 2362 χάος
1344 2327 1407 2357 τοὺς
1427 2327 1517 2358 λίθους
1536 2327 1630 2362 αὐτῆς,
1648 2327 1695 2353 καὶ
1710 2327 1743 2353 τὰ
1759 2327 1800 2353 θε-

1022 2374 1101 2409 μέλια
1113 2373 1197 2407 αὐτῆς
1210 2372 1388 2407 ἀποκαλύψω.
1404 2382 1413 2398 ι
1426 2373 1597 2407 Καταστήσω
1608 2373 1634 2399 δὲ
1647 2373 1799 2408 Σαμάρειαν

1021 2420 1060 2450 εἰς
1070 2419 1209 2454 ἐρήμωσιν
1224 2417 1334 2452 πολλὴν,
1345 2416 1415 2443 ὥστε
1426 2417 1517 2453 χώρας
1527 2417 1604 2452 δίκην
1612 2417 1798 2452 γεωργεῖσθαι,

1021 2464 1123 2499 σκηνάς
1145 2472 1176 2490 τε
1188 2464 1231 2489 ἐπ’
1249 2463 1333 2498 αὐτῆς
1357 2462 1441 2490 θεῖναι
1465 2464 1511 2490 ἐπὶ
1534 2463 1640 2498 φυλακῇ
1660 2463 1715 2490 τῶν
1734 2473 1799 2499 καρ-

1021 2509 1098 2536 πῶν·
1115 2509 1220 2543 ἀφανιῶ
1245 2509 1299 2545 γὰρ
1321 2509 1405 2544 αὐτῆς
1428 2509 1476 2541 τὰς
1499 2509 1641 2544 οἰκοδομὰς
1665 2510 1800 2542 παντελῶς

1020 2556 1053 2582 ἐκ
1079 2554 1186 2590 βάθρων
1209 2556 1293 2587 αὐτὰς
1320 2556 1495 2586 ἀνασπάσας·
1519 2555 1564 2589 ἀφ’
1581 2553 1611 2582 οὗ
1635 2555 1666 2591 δὴ
1695 2556 1799 2590 πάντως

1020 2601 1114 2635 ἕψεται
1138 2602 1260 2628 κάκεῖνα.
1279 2610 1288 2627 ι
1306 2602 1360 2628 Καὶ
1384 2602 1471 2628 πάντα
1484 2602 1518 2628 τὰ
1534 2601 1640 2636 γλυπτὰ
1655 2602 1739 2638 αὐτῆς
1755 2611 1800 2629 κα-

1019 2647 1176 2681 τακὸψουσι.
1197 2657 1205 2673 ι
1220 2647 1286 2674 Τότε
1304 2647 1336 2683 δὴ
1359 2648 1406 2674 καὶ⁸
1422 2648 1476 2674 τῶν
1493 2649 1616 2683 ματαίων
1639 2648 1728 2674 πόνων
1741 2649 1800 2674 ὲαυ-

1021 2691 1075 2718 τῶν
1097 2691 1205 2726 (xl/oth
1227 2692 1276 2726 τὴν
1293 2692 1440 2722 ἀπώλειαν,
1458 2692 1658 2727 καθαιρούμενα
1676 2693 1727 2719 ὑπὸ
1748 2692 1799 2719 τῶν

1023 2737 1158 2771 πολεμίων
1182 2737 1298 2773 ὁρῶντες
1323 2736 1340 2764 ἃ
1366 2738 1570 2764 κατεσκεύασαν
1594 2738 1700 2766 εἴδωλα.
1719 2747 1728 2763 ι
1749 2737 1799 2764 Καὶ

1023 2783 1111 2809 πάντα
1124 2783 1158 2809 τὰ
1174 2782 1334 2818 μισθώματα
1350 2783 1434 2817 αὐτῆς
1449 2783 1636 2818 ἐμπρήσουσιν
1650 2783 1679 2809 ὲν
1695 2782 1769 2817 πυρί.
1789 2791 1797 2808 ι

1027 2826 1117 2856 Πάντα
1130 2828 1174 2855 τὸν
1190 2829 1288 2863 κόσμον
1308 2829 1352 2855 τὴν
1367 2829 1555 2865 περικείμενον
1571 2829 1626 2860 τοῖς
1640 2837 1668 2855 τε
1686 2828 1800 2862 εἰδώλοις
