1981 3073
161 125 215 153 529

679 127 956 156 COMMENTARIUS
973 129 1008 157 ΙΝ
1028 129 1182 159 IIICI-11518
1202 131 1277 158 CAP.
1297 132 1319 158 l.

1740 131 1792 158 350

165 183 212 210 καὶ
234 184 290 214 τοῖς
305 184 379 216 ναοῖς
401 183 560 218 ἀφανιοῦσιν
584 184 613 211 ὲν
629 186 707 220 πυρὶ,
729 185 758 212 ὃν
782 186 876 222 ὥσπερ
893 187 953 214 τινὰ

1019 189 1150 224 1uamdam
1172 189 1342 217 daemonibus
1371 189 1572 224 persolvebant.
1598 198 1608 214 ‹
1635 187 1667 215 Et
1701 189 1792 216 omnia

168 228 263 264 μισθὸν
277 228 383 255 ἐτέλουν
399 230 455 259 τοῖς
475 228 593 263 δαίμοσι.
609 239 619 256 ι
636 231 691 256 Καὶ
703 230 790 258 πάντα
802 232 836 258 τὰ
856 232 954 258 εἴδωλα

168 275 254 310 αὐτῆς
268 275 386 310 θήσομαι
403 275 442 305 εἰς
455 274 607 310 ἀφανισμόν
620 283 625 288 ·
642 275 709 302 διότι
723 277 755 302 ἐκ
770 277 955 313 μισθωμάτων

168 320 272 355 πόρνης
285 321 432 355 συνήγαγε,
459 319 506 345 καὶ
523 321 555 346 ὲκ
572 320 756 356 μισθωμάτων
777 322 879 357 πόρνης
895 331 956 349 συν-

167 365 294 400 έστρεψε.
311 373 321 390 ι
333 365 452 400 Πορνικῇ
468 364 522 399 γὰρ
536 365 703 400 χρησάμενοι
714 365 820 402 γνώμῃ,
832 367 879 393 καὶ
890 368 956 394 ἁπο-

168 411 281 442 στὰντες
295 410 345 445 μὲν
360 410 438 445 ἐμοῦ,
462 410 605 442 νεύσαντες
619 410 647 437 δὲ
660 411 728 446 πρὸς
739 412 774 438 τὰ
786 411 893 444 εἴδωλα,
913 421 956 447 μι-

169 456 300 492 σθώματα
314 464 374 482 τινα
384 456 435 490 τῆς
447 455 551 482 ἑαυτῶν
557 455 725 491 ἀθροίζοντες
732 457 869 493 πορνείας,
878 466 958 493 προσ-

169 502 267 538 έφερον
280 502 371 528 ἐκεῖνα
387 503 420 537 τῇ
442 501 495 527 τῶν
512 501 628 528 εἰδώλων
639 501 782 537 θεραπείᾳ,
796 502 815 528 ἃ»
824 503 855 538 δὴ
869 503 958 530 πάντα

168 547 240 574 κατὰ
264 547 362 574 ταυτὸν
386 547 503 581 ἀφανιῶ.
521 548 655 574 ι”Ενεκεν
676 547 770 574 τούτου
785 548 894 582 κόψεται
910 549 958 575 καὶ

171 593 184 618 θ
189 593 312 628 ρηνήσει,
320 592 481 628 πορεύσεται
490 592 650 624 ἀνυπόδετος
657 593 704 620 καὶ
713 595 816 628 γυμνή.
828 603 837 619 ι
849 596 885 629 (p.
893 594 957 628 26L)

176 639 220 664 Ἐν
235 638 344 673 θρήνοις
362 638 438 665 ἔσται
452 639 500 665 καὶ
520 641 645 670 κοπετοῖς
667 639 842 676 αἰχμαλωσίᾳ
866 649 943 676 παρα

169 683 277 710 δοθεῖσα
294 684 426 720 μεγίστῃ·
441 684 520 711 τοῦτο
540 684 593 720 γὰρ
616 685 689 718 λέγει
709 685 749 717 τὸ,
769 695 778 711 ι
802 687 892 722 γυμνὴ
912 687 959 713 καὶ

171 730 344 762 ἁνυπόδετος,
365 739 375 755 ›
395 730 436 756 ὅτι
462 730 548 762 οὕτως
565 730 737 765 αἰχμάλωτος
760 732 958 767 ἀπαχθήσεται,

173 776 272 807 παντὸς
299 776 480 812 ἀφαιρεθεῖσα
507 776 553 802 τοῦ
578 776 723 812 προσόντος
750 778 819 813 αὐτῇ
845 778 959 813 κόσμου.

175 832 184 847 ι
204 822 350 856 Ποιήσεται
367 821 481 848 κοπετὸν
506 822 543 853 ὡς
561 822 726 857 δρακόντων,
743 824 790 850 καὶ
814 824 909 855 πένθος
923 825 960 855 ὡς

1005 236 1076 262 idola
1090 236 1150 270 ejus
1166 243 1266 271 ponam
1280 236 1306 262 in
1332 235 1521 270 perditionem,
1548 235 1612 270 quia
1633 243 1665 262 ex
1686 241 1792 261 merce-

1005 280 1086 307 dibus
1099 280 1251 308 meretricis
1262 280 1444 314 congregavit,
1459 283 1487 307 et
1501 287 1534 307 ex
1550 279 1722 307 mercedibus
1734 285 1792 305 me-

996 326 1114 353 retricis
1131 326 1274 353 convertit.
1291 335 1299 350 1
1317 324 1467 352 Meretricia
1478 329 1567 352 mente
1583 332 1598 351 a
1610 332 1653 351 mc
1662 322 1794 351 receden-

1007 376 1058 403 tes,
1073 376 1099 398 et
1113 371 1146 398 ad
1168 371 1239 398 idola
1265 370 1435 402 accedentes,
1460 370 1599 397 mercedes
1611 369 1743 404 quasdam
1759 376 1794 395 ex

1007 417 1129 451 ipsorum
1144 419 1338 443 coacervantes
1353 415 1543 448 fornicatione,
1559 415 1693 442 idolorum
1708 414 1794 441 cultui

1007 461 1158 488 oﬁ‘erehant
1174 469 1180 487 :
1193 468 1253 495 qua:
1264 467 1314 495 ego
1324 459 1415 486 omnia
1426 459 1506 486 simul
1521 458 1687 493 disperdam.
1700 467 1710 484 ‹
1727 457 1795 485 Pro-

1009 511 1068 542 pter
1088 506 1139 533 llOC
1158 505 1266 541 planget
1286 509 1314 532 et
1333 504 1534 537 lamentabitur,
1556 503 1605 530 ibit
1629 504 1796 532 discalceata

1008 557 1035 580 et
1050 551 1132 579 nuda.
1153 560 1162 576 ι
1189 550 1218 577 lu
1234 550 1360 578 lamentis
1385 551 1437 577 erit
1454 553 1481 577 et
1496 549 1616 577 luctibus
1642 549 1796 584 captivitati

1009 598 1133 625 maximae
1143 597 1256 630 tradita;
1269 595 1294 623 id
1305 596 1377 623 enim
1391 595 1546 630 signiﬁcant
1560 594 1644 622 verba
1659 603 1669 620 ι
1687 595 1759 621 nuda
1769 600 1798 623 et

1009 644 1190 676 discalceata;
1212 652 1220 668 ι
1243 649 1340 676 nempe
1358 641 1431 676 quod
1450 640 1501 668 hoc
1520 639 1602 667 modo
1621 639 1726 674 captiva
1751 640 1797 666 ah-

1009 689 1134 721 ducetur,
1160 688 1234 715 omni
1259 695 1308 714 suo
1332 691 1492 714 ornatnento
1517 686 1645 721 spoliata.
1670 695 1680 711 ‹
1707 684 1799 712 Faciet

1010 735 1147 770 planctum
1161 733 1238 768 quasi
1248 733 1409 764 draconum,
1428 736 1455 760 et
1471 732 1575 759 luctum
1587 731 1666 766 quasi
1683 731 1799 758 ﬁliarunt

1010 780 1173 806 sirenarum.
1197 787 1206 803 ι
1226 777 1312 805 Verba
1324 777 1402 812 quasi
1418 778 1565 803 draconum
1580 780 1608 803 et
1633 775 1798 806 sirenarum,

1011 826 1050 851 ait
1066 824 1216 852 secundum
1245 822 1439 850 nonnullorum
1459 821 1579 854 tabulas;
1602 820 1692 848 dicere
1709 819 1802 847 volens

172 868 331 903 θυγατέρων
357 869 509 903 σειρήνων·
535 868 576 894 ὅτι
597 868 802 903 κατεκράτησεν
824 871 840 903 ὴ
868 869 959 904 πληγὴ

1019 871 1071 897 ποι-ο
1096 873 1126 895 ιιι
1143 868 1189 895 illa
1204 875 1264 903 qua
1287 868 1314 894 in
1329 867 1430 894 fabulis
1449 866 1519 900 apud
1538 865 1801 899 multosjactantur,

172 914 273 949 αὐτῆς·
291 913 356 940 διότι
372 911 455 948 ἦλθεν
466 913 517 944 ἕως
541 912 635 944 Ἰούδα,
646 913 693 939 καὶ
708 913 795 948 ἥψατο
807 914 858 945 ἕως
875 914 960 948 πύλης

171 958 237 985 λαοῦ
255 967 306 993 μου
322 958 374 990 ἕως
392 958 577 993 Ἰερουσαλήμ.
593 967 602 983 ι
618 958 654 984 Τὸ
672 968 681 983 (
698 959 736 989 ὡς
747 959 899 994 δρακόντων
914 961 960 986 καὶ

173 1004 307 1038 σειρήνων
323 1013 332 1029 ›
345 1003 417 1037 λέγει
426 1003 496 1029 κατὰ
509 1003 538 1029 τὸ
548 1003 778 1038 μυθολογούμενον
787 1004 852 1040 παρ’
864 1005 958 1036 ἐνίοις·

174 1048 252 1075 τοῦτο
278 1049 440 1084 βουλόμενος
457 1049 553 1080 εἰπεῖν,
572 1049 612 1075 ὅτι
633 1049 725 1074 ἐκεῖνα
738 1048 770 1084 δὴ
786 1051 820 1076 τὰ
838 1051 867 1076 ἐν
887 1049 964 1086 μύθῳ

1014 916 1065 951 ipsi
1077 923 1105 942 re
1117 921 1180 942 vera
1198 914 1362 945 sustineant,
1376 912 1439 939 dum
1450 919 1500 946 ego
1517 919 1624 948 gravem
1644 911 1677 937 iis
1694 917 1801 945 poenam

1014 961 1163 995 imponam,
1178 966 1238 993 quae
1253 965 1268 984 a
1282 957 1407 984 Samaria
1425 957 1570 990 incipiens,
1581 953 1614 981 ad
1630 953 1726 981 Judam
1741 961 1803 989 per-

1014 1005 1114 1036 veniet,
1126 1009 1154 1032 et
1171 1005 1258 1039 ipsam
1280 1003 1394 1037 attinget
1410 1001 1597 1033 Hierusalem;
1626 1000 1754 1035 quoniam
1775 1004 1804 1026 et

1018 1051 1088 1078 hanc
1104 1056 1242 1085 postremo
1259 1048 1401 1083 Babylonii
1415 1052 1557 1082 ceperunt.

175 1096 250 1131 παρὰ
263 1095 317 1122 τῶν
333 1094 438 1121 πολλῶν
457 1094 601 1129 λεγόμενα,
621 1095 664 1121 ἐπ’
679 1095 769 1121 αὐτῶν
782 1096 946 1130 ὑπομενοῦσι
962 1097 1016 1124 τῶν
1034 1097 1132 1132 ἔργων,
1143 1096 1182 1131 τῷ
1198 1096 1309 1130 βαρεῖαν
1322 1095 1414 1126 αὐτοῖς
1429 1093 1579 1128 ἐπαχθῆναι
1595 1093 1659 1128 παρ’
1674 1091 1741 1127 ἐμοῦ
1754 1091 1804 1127 τὴν

175 1140 291 1176 πληγὴν.
310 1141 370 1175 ἥτις
386 1139 439 1166 ἀπὸ
457 1140 508 1174 τῆς
525 1139 682 1175 Σαμαρείας
701 1140 843 1176 ἀρξαμένη
857 1141 903 1167 ἐπὶ
920 1141 966 1168 τὸν
984 1141 1085 1168 Ἰούδαν
1107 1141 1298 1176 μετελεύσεται
1318 1138 1457 1174 ἁπτομένη
1480 1137 1528 1164 καὶ
1544 1137 1593 1172 τῆς
1614 1135 1806 1172 Ἰερουσαλήμσ

175 1188 236 1214 ἐπεὶ
247 1186 374 1220 κάκείνην
387 1185 500 1221 ὕστερον
514 1182 586 1212 εἶλον
600 1185 774 1213 Βαόυλώνιοι.

211 1234 285 1268 Στίχ.
308 1236 386 1267 ι’-ιγ¹.
402 1248 437 1252 -
455 1242 464 1258 ι
484 1233 515 1258 Οἱ
532 1234 561 1258 ἐν
576 1232 640 1264 Γὲθ,
653 1233 690 1268 μὴ
708 1232 902 1268 μεγαλύνεσθε,
919 1233 968 1260 καὶ

175 1281 201 1308 οἱ
212 1282 241 1306 ὲν
254 1280 361 1314 Ἀκεὶμ,
373 1279 410 1314 μὴ
423 1278 623 1313 ἀνθικώομεῖτε
637 1278 667 1310 ἐξ
674 1279 748 1305 οἴκου
762 1279 964 1313 καταγέλωτα..

183 1326 245 1352 Ἐπὶ
260 1326 322 1356 τοὺς
347 1325 502 1360 περιοίκους
518 1325 571 1351 τῶν
586 1325 670 1351 ἐθνῶν
693 1325 789 1360 τρέπει
808 1325 854 1351 τὸν
869 1325 947 1359 λόγον
959 1333 967 1342 ·

178 1372 244 1406 περὶ
256 1369 293 1398 ὧν
308 1371 354 1398 καὶ
364 1372 378 1397 ὁ
395 1371 528 1406 μακάριος
551 1370 641 1405 ’Δμὼς
652 1370 715 1405 ἐφη,
730 1370 815 1402 ὡςτὰ
828 1371 898 1398 αὐτὰ
911 1374 967 1403 τοῖς

184 1418 366 1453 Ἰσραηλίταις
394 1417 563 1452 πεισομένων
586 1417 638 1443 ὑπὸ
659 1416 714 1443 τῶν
743 1416 892 1452 Ἀσσυρίων
915 1418 966 1443 κά-

178 1464 289 1490 κείνων·
302 1464 333 1490 Ol
348 1463 448 1494 τοίνυν,
461 1462 553 1498 φησὶν,
568 1463 596 1488 ἐν
609 1462 726 1494 ἐκείναις
739 1463 797 1493 ταῖς
810 1462 913 1493 πόλεσι,
929 1462 966 1497 μὴ

180 1509 287 1544 μεγάλα
304 1509 438 1543 φρονεῖτε,
450 1508 499 1539 τὰς
511 1506 614 1533 τούτων
627 1507 742 1542 ὁρῶντες
754 1507 906 1542 συμφορὰς,
918 1515 968 1542 μη-

181 1601 321 1628 σπάσασθε
334 1601 373 1632 εἰς
386 1600 572 1634 καταγέλωτα.
589 1610 598 1625 ι
621 1599 767 1635 Ἃρμόττον
780 1599 834 1633 γὰρ
846 1599 910 1633 ὑμῖν
924 1607 970 1624 κα-

180 1647 371 1674 τασπάσασθαι
387 1646 470 1678 κόνιν,
487 1646 515 1681 (p
539 1645 601 1680 265)
623 1646 691 1681 ὑπὲρ
706 1642 743 1671 ὧν
755 1645 858 1679 ἑτέροις
876 1644 969 1670 ἔσεσθε

180 1693 278 1728 γέλως.
298 1692 361 1723 Πῶς
387 1692 435 1718 καὶ
461 1692 522 1718 τίνα
548 1691 593 1718 τὸν
615 1691 735 1726 τρόπον;
756 1700 765 1716 ‹
784 1689 971 1724 Κατοικούσης

182 1737 284 1769 καλῶς,
306 1736 412 1763 καθελῶ
427 1736 477 1767 τὰς
498 1735 588 1767 πόλεις
609 1736 702 1770 αὐτῆς.
721 1744 730 1760 ›
749 1735 842 1765 Ὅπως
864 1734 918 1768 γὰρ
936 1734 969 1760 ἂν

182 1783 313 1819 νομίσητε
328 1780 357 1809 εὖ
372 1781 420 1814 τὰς
436 1782 527 1814 πόλεις
539 1783 623 1808 οἰκεῖν
637 1781 686 1812 τὰς
708 1781 776 1812 ἰδίας
788 1780 825 1812 ὡς
842 1781 871 1806 ὲν
884 1781 972 1814 ἀσφα-

182 1829 224 1855 λεῖ
235 1828 416 1859 καθεστῶτες,
428 1826 526 1861 ὕψεσοε
537 1826 631 1852 πασῶν
643 1826 692 1860 τὴν
707 1825 878 1860 καθαίρεσιν.
892 1834 901 1850 ι
916 1825 973 1851 Οὐκ

183 1875 280 1909 ἐξῆλθε
308 1873 472 1900 κατοικοῡσα
492 1873 575 1898 Αὶνὰν
597 1871 727 1906 κόψεσθαι
742 1868 827 1897 οἷκον.
845 1871 972 1906 ἐχόμενον

183 1921 279 1954 αὐτῆς.
304 1930 312 1946 ι
338 1919 418 1946 Ἀλλὰ
440 1919 571 1949 κάκεῖνοι,
588 1918 680 1952 φησὶν,
695 1917 811 1951 ὁρῶντες
836 1917 867 1943 ἐκ
882 1916 972 1950 γειτό-

185 1975 238 1992 νων
260 1966 340 1997 ὄντας
356 1965 420 1997 τοὺς
440 1963 618 2000 Ἰσραηλίτας,
635 1963 682 1989 καὶ
704 1962 835 1992 τοιούτοις
858 1969 973 1996 περιπει

186 2012 331 2043 πτωχότας
348 2013 456 2044 κακοῖς,
469 2011 520 2037 οὐκ
531 2010 717 2045 ἐϐουλήθησαν
732 2008 909 2044 προελθόντες
919 2007 974 2033 τῶν

186 2058 270 2087 ἰδίων,
288 2057 450 2091 κοινωνῆσαι
471 2055 518 2082 τοῦ
540 2054 654 2086 πένθους
677 2055 780 2087 αὐτοῖς,
797 2053 922 2089 ἡδόμενοι
946 2051 975 2078 δὲ

186 2105 234 2130 ἐπὶ
250 2104 312 2134 ταῖς
338 2103 490 2137 συμφοραῖς
508 2100 598 2127 αὐτῶν
621 2100 755 2126 διετέλουν
785 2100 918 2125 κάκεῖνοι.
943 2097 975 2124 Τί

184 2147 248 2180 οὗν;
276 2158 284 2174 ι
303 2147 427 2183 Λήψεσθε
453 2147 482 2180 ἐξ
506 2145 583 2180 ὑμῶν
609 2145 716 2180 πληγὴν
744 2144 849 2178 ὀδύνης.
873 2153 883 2169 ι
906 2143 974 2170 Ἀλλ’

186 2194 282 2230 ἐπειδὴ
298 2195 353 2225 τοῖς
367 2192 516 2228 ἀλλοτρίοις
529 2191 559 2218 οὺ
572 2190 758 2226 συνηλγήσατε
773 2191 878 2221 κακοῖς,
894 2189 973 2216 αὐτοὶ

186 2240 294 2276 πληγὴν
306 2239 436 2274 ὀδυνηρὰν
449 2237 600 2272 δεξάμενοι,
613 2236 690 2271 δίκην
706 2235 804 2261 δώσετε
814 2235 863 2269 τῆς
876 2234 976 2270 μοχθη-

188 2287 238 2322 ρᾶς
251 2285 362 2320 γνώμης
377 2284 494 2318 ἐκείνης,
510 2282 571 2309 καθ’
587 2283 619 2317 ἣν
639 2283 696 2313 τοῖς
712 2281 862 2316 ἀλλοτρίοις
881 2281 977 2315 ἐφήδε-

188 2331 236 2358 σθε
251 2332 353 2362 κακοῖς.
376 2339 385 2355 ι
405 2329 452 2360 Τίς
468 2328 569 2363 ἤρξατο
582 2329 620 2359 εἰς
634 2326 723 2361 ἀγαθὰ
738 2325 901 2360 κατοικούσῃ
917 2325 976 2351 ὀδύ-

187 2386 255 2410 νας;
274 2387 283 2403 ι
300 2377 354 2402 Καὶ
376 2376 430 2410 γὰρ
446 2375 505 2401 οὐδὲ
519 2372 574 2400 οἷόν
590 2382 618 2399 τε
634 2373 736 2407 ἀγαθοῦ
760 2380 831 2403 τινος
851 2372 973 2406 μετέχειν

187 2425 252 2455 τοὺς
267 2425 296 2449 ἐν
309 2422 415 2453 ὀδύναις
430 2421 589 2451 οἰκοῦντας,
611 2419 654 2446 ’διὰ
674 2419 704 2445 τὸ
721 2418 833 2453 μέγεθος
855 2417 908 2444 τῶν
924 2417 974 2443 ἐπ-

188 2469 352 2505 ενεχθέντων
377 2468 468 2498 αὐτοῖς
497 2465 600 2493 κακῶν.
623 2463 689 2492 Εἶτα
716 2466 755 2496 εἰς
778 2464 913 2497 ἀπόδειξιν
928 2463 975 2490 τὶῦ

189 2516 320 2553 ῥηθέντος
334 2523 342 2531 ⁸
363 2525 372 2540 ι
395 2515 456 2540 "Ou
481 2512 583 2546 κατέϐη
609 2511 680 2538 κακὰ
702 2511 776 2546 παρὰ
801 2511 903 2546 Κυρίου
931 2510 978 2536 ἐπὶ

191 2563 289 2594 πύλαις
312 2559 500 2596 Ἰερουσαλὴμ,
523 2558 608 2593 ψόφος
630 2557 759 2592 ἁρμάτων
779 2557 825 2582 καὶ
848 2556 976 2582 ἱππευόν-

1054 1231 1133 1266 174
1150 1230 1231 1258 Vens.
1249 1229 1339 1257 l0—l5.
1354 1244 1389 1249 —
1407 1236 1417 1255 ι
1440 1227 1492 1261 Qui
1508 1227 1535 1254 in
1548 1227 1628 1257 Gelli,
1644 1226 1728 1252 nolite
1745 1232 1804 1251 ma-

1016 1277 1160 1313 gniticari;
1179 1280 1207 1303 et
1235 1276 1281 1310 qui
1299 1276 1327 1302 in
1349 1274 1439 1307 Acim,
1471 1273 1556 1300 nolite
1581 1270 1746 1299 rezediﬁcare
1771 1277 1807 1296 ex

1016 1324 1137 1352 domoin
1166 1323 1263 1350 risum.
1291 1330 1301 1346 ι
1325 1320 1470 1347 Finitimos
1495 1317 1610 1354 populos
1627 1316 1669 1343 hic
1690 1315 1804 1350 respicit

1016 1377 1117 1401 sermo,
1133 1371 1167 1396 de
1188 1367 1289 1402 quibus
1313 1366 1395 1393 etiam
1417 1364 1514 1391 beatus
1533 1364 1616 1389 Oseas
1628 1361 1730 1391 aiebat,
1744 1359 1803 1386 fore

1020 1423 1049 1445 ut
1063 1417 1138 1452 paria
1153 1415 1283 1444 lsraelitis
1298 1414 1315 1440 ii
1329 1419 1438 1448 quoque
1450 1411 1486 1438 ab
1497 1409 1618 1445 Assyriis
1638 1411 1807 1443 paterentur.

1020 1463 1071 1496 Qui
1082 1470 1156 1496 ergo.
1172 1461 1268 1495 inquit,
1283 1459 1310 1486 in
1331 1458 1444 1485 urbibus
1464 1456 1519 1483 illis
1532 1453 1690 1483 versamini.
1707 1460 1741 1479 ne
1761 1459 1808 1478 su-

994 1541 1002 1548 .
1020 1509 1151 1545 perbiatis
1164 1508 1228 1534 dum
1246 1505 1429 1533 lsraelitarum
1452 1507 1591 1529 azrumnas
1602 1498 1742 1533 spectatis,
1759 1505 1808 1523 nc-

179 1555 208 1583 δὲ
225 1554 309 1589 πολὴν
330 1554 374 1580 ἐπ’
391 1553 480 1585 αὐτοῖς
507 1553 628 1588 ἐγείρετε
644 1553 762 1586 γέλωτα.
780 1562 788 1578 ι
810 1553 863 1587 Γῆν
882 1561 967 1579 κατα·
983 1544 1004 1570 (λ

1020 1542 1073 1590 que
1090 1555 1174 1581 altum
1189 1552 1353 1579 cachinnum
1368 1548 1505 1584 superbis
1526 1545 1673 1574 extollatis.
1694 1552 1703 1569 ι
1724 1542 1809 1569 Terra

1023 1588 1160 1635 aspergite
1180 1597 1345 1625 derisionem
1369 1599 1497 1622 vestram.
1516 1602 1526 1618 ι
1547 1591 1702 1625 Congruum
1732 1588 1810 1615 vobis

1020 1633 1156 1680 aspergite
1179 1643 1330 1678 pulverem,
1348 1640 1412 1675 quia
1429 1638 1536 1666 caeteris
1557 1637 1623 1663 risui
1641 1635 1728 1662 eritis.
1741 1633 1808 1665 Cur.

1022 1695 1069 1718 aut
1082 1687 1236 1724 quomodo?
1251 1697 1259 1712 ι
1279 1687 1420 1713 llestruam
1438 1683 1564 1711 civitates
1578 1682 1648 1715 ejus.
1662 1688 1721 1714 qua:
1741 1680 1810 1706 bene

1021 1737 1137 1764 habitat.
1158 1744 1167 1761 ›
1187 1733 1238 1766 Qui
1254 1733 1322 1760 bene
1333 1730 1445 1758 creditis
1460 1729 1586 1756 civitates
1601 1731 1707 1753 vestras
1732 1724 1811 1751 habi—

1022 1788 1090 1813 tare,
1114 1781 1193 1816 quasi
1208 1784 1267 1806 tuto
1280 1779 1306 1805 in
1323 1778 1382 1804 loco
1403 1774 1556 1804 constituti.
1575 1773 1670 1800 harum
1687 1771 1810 1798 omnium

1022 1826 1234 1856 destructionem
1263 1823 1400 1852 videbitis.
1426 1832 1435 1847 ί
1453 1821 1511 1848 Νοιι
1532 1824 1574 1847 est
1596 1827 1705 1854 egressa
1734 1817 1812 1844 habi-

1023 1875 1105 1902 tatrix
1124 1872 1233 1903 Enan,
1254 1870 1396 1904 deplorare
1416 1867 1525 1894 domum
1547 1865 1697 1900 proximam
1716 1864 1778 1891 sibi.
1799 1873 1808 1888 ι

1024 1918 1063 1944 llli
1091 1916 1200 1952 quidem
1224 1914 1346 1942 videntes
1373 1912 1540 1947 propinquos
1566 1917 1631 1937 suos
1658 1908 1810 1938 lsraetitas,

1023 1963 1106 1990 tantis
1131 1961 1210 1988 malis
1234 1966 1359 1988 mersos,
1383 1957 1424 1984 his
1452 1956 1620 1992 gratulantes
1642 1954 1810 1989 perstabant.

1024 2008 1093 2041 Quid
1107 2007 1187 2042 ergo?
1203 2016 1212 2030 ί
1231 2004 1378 2039 Αο‹·ἱι›ίειὶε
1393 2010 1426 2029 ex
1447 2001 1523 2028 vobis
1547 2001 1651 2035 plagam
1664 1998 1777 2025 doloris.
1799 2007 1809 2022 ι

1025 2055 1077 2082 Sed
1087 2053 1149 2088 quia
1162 2051 1258 2078 alienis
1270 2057 1325 2076 non
1340 2047 1521 2075 condoluistis
1533 2046 1622 2076 malis,
1634 2045 1684 2079 ipsi
1704 2051 1812 2078 quoque

1025 2100 1150 2127 acerbaln
1171 2097 1337 2131 accipientes
1349 2095 1466 2128 plagam,
1483 2099 1578 2126 ptenas
1595 2090 1725 2126 improst
1740 2089 1814 2115 illius

1026 2144 1125 2171 mentis
1138 2142 1250 2174 dabitis,
1266 2149 1319 2176 qua
1331 2139 1427 2166 alienis
1435 2137 1520 2172 gavisi
1535 2137 1602 2163 estis
1620 2135 1707 2162 malis.
1723 2143 1732 2159 ι
1747 2133 1814 2166 Quis

1028 2189 1108 2216 faciet
1133 2188 1267 2215 bonorutn
1288 2185 1406 2216 initium,
1421 2184 1443 2210 si
1460 2183 1562 2209 habitet
1581 2182 1607 2208 in
1622 2179 1783 2207 doloribus?
1801 2188 1810 2203 ›

1028 2233 1154 2261 Profecto
1177 2233 1233 2259 lieri
1253 2231 1354 2265 nequit,
1383 2233 1412 2256 ut
1436 2228 1454 2255 ii
1473 2228 1564 2262 aliquo
1585 2226 1656 2253 bono
1674 2225 1812 2256 fruantur,

1026 2280 1073 2316 qui
1092 2280 1118 2306 in
1136 2278 1276 2305 doloribus
1289 2279 1442 2304 versantur.
1459 2272 1634 2300 incumbente
1645 2271 1712 2305 ipsis
1727 2270 1814 2296 maln-

1026 2334 1086 2354 rum
1105 2326 1184 2352 mole.
1202 2323 1262 2350 Mox
1279 2322 1351 2349 dicta
1373 2320 1539 2348 conﬁrmans
1555 2325 1563 2343 :
1580 2327 1589 2343 ι
1608 2317 1676 2350 Quia
1698 2317 1813 2343 descen-

1026 2373 1124 2400 derunt
1138 2370 1206 2396 mala
1223 2375 1238 2394 a
1251 2367 1365 2393 Domino
1395 2365 1421 2392 in
1437 2368 1530 2399 portas
1554 2360 1733 2393 Hierusalem,
1748 2363 1815 2387 stre-

1028 2420 1101 2454 pitus
1114 2423 1242 2444 currutun
1256 2417 1280 2441 et
1293 2413 1440 2446 equitatus.
1463 2420 1472 2436 ι
1484 2410 1583 2440 Tanta,
1593 2407 1691 2442 inquit,
1707 2407 1814 2441 ingruet

1029 2452 1056 2491 in
1070 2470 1164 2490 omnes
1183 2462 1222 2487 ira
1239 2459 1295 2489 Dei.
1315 2463 1344 2484 ut
1367 2465 1402 2484 ne
1413 2454 1609 2489 Hierosolymis
1626 2452 1735 2487 quidem
1752 2458 1815 2486 par-

1030 2509 1145 2537 cendum
1161 2508 1207 2539 sit,
1220 2506 1347 2533 curribus
1361 2508 1387 2532 et
1411 2503 1534 2538 equitatu
1549 2505 1576 2529 et
1593 2500 1667 2529 omni
1682 2499 1772 2526 hostili
1789 2499 1814 2524 vi

1030 2555 1160 2583 obsessis.

187 2621 253 2639 των.
271 2590 419 2643 »ττοσαύτη
432 2590 495 2643 γάρ,
511 2590 602 2642 φησίν,
617 2590 776 2636 ἐπὶἺπάντας
794 2604 869 2631 ἔσται
888 2606 905 2640 ἡ
925 2604 993 2639 ὀργὴ
1013 2603 1058 2629 τοῦ
1078 2601 1155 2633 Θεοῦ,
1173 2600 1242 2626 ὥστε
1263 2597 1329 2634 μηδὲ
1351 2597 1400 2633 τῆς
1421 2594 1597 2630 Ἰερουσαλὴμ
1616 2593 1676 2620 τότε
1691 2590 1817 2625 γενέσθαι

191 2658 275 2693 φειδὼ
290 2655 480 2690 κυκλουμένης
495 2653 547 2681 ὑπό
557 2662 587 2679 τε
604 2652 733 2688 ἁρμάτων
748 2652 795 2678 καὶ
812 2652 902 2677 ῖππων
915 2652 962 2677 καὶ
979 2650 1068 2684 πάσης
1084 2649 1132 2683 τῆς
1145 2646 1275 2681 πολεμίας
1288 2645 1387 2680 χειρός.

228 2706 302 2740 Στίχ.
314 2707 450 2738 ιγ’-ιε¹.-
461 2701 571 2737 (μ.266)
587 2697 653 2726 Εἶτα
668 2700 833 2733 ἀποστρέφει
845 2699 889 2725 τὸν
901 2698 979 2732 λόγον

193 2753 241 2779 ἐπὶ
255 2751 304 2786 τὴν
320 2750 420 2784 Λάχεις
433 2747 510 2774 πόλιν
523 2744 604 2773 οὖσαν
617 2746 666 2780 τῆς
686 2745 771 2771 ’ἰούδα
783 2744 919 2778 βασιλείας
933 2744 980 2770 καὶ

194 2796 300 2823 πολλῶν
328 2793 504 2829 παρανομιῶν
533 2791 643 2826 μεστὴν,
669 2790 715 2816 καί
738 2797 835 2824 φησιν·
851 2799 860 2814 ι
879 2790 978 2815 K110:-

196 2842 284 2871 πιοῦσα
299 2841 411 2877 Λάχεις,
425 2838 545 2875 ἀρχηγὸς
564 2837 698 2873 ἁμαρτίας
713 2835 785 2870 αὕτη
804 2835 861 2861 ἐστὶ
884 2836 918 2870 τῇ
934 2834 980 2860 θυ-

1069 2696 1151 2723 νειιε.
1166 2693 1255 2721 13-15.
1277 2706 1311 2712 ——
1326 2691 1422 2718 Postea
1449 2695 1601 2716 sermonem
1627 2685 1762 2713 convertit
1780 2684 1814 2711 ad

1032 2743 1131 2771 Lacliis
1146 2741 1240 2768 urbem
1261 2738 1334 2774 regni
1350 2737 1437 2767 Judae,
1452 2739 1624 2771 peccatorum
1640 2731 1819 2759 multitudine

1032 2787 1239 2817 redundantem,
1261 2785 1370 2818 aitque:
1385 2792 1394 2808 ‹
1412 2782 1478 2815 Quae
1493 2780 1600 2808 habitas
1615 2778 1721 2808 Lat-his,
1741 2777 1820 2811 prin-

1033 2841 1096 2870 ceps
1113 2832 1212 2869 peccati
1231 2832 1286 2858 haec
1296 2834 1338 2857 est
1350 2829 1411 2856 ﬁliae
1429 2827 1534 2860 Sionis;
1546 2825 1609 2861 quia
1627 2824 1653 2851 in
1666 2828 1692 2850 te
1704 2821 1819 2849 iuventa
