1972 3066
184 102 233 131 351

775 106 949 136 THEODORI
969 108 1209 138 MOPSUESTENI

1754 115 1808 143 552

186 164 250 187 sunt
262 160 366 188 scelera
382 159 501 189 lsraelis.
522 171 531 188 ι
544 161 617 190 Scito
636 167 662 191 et
679 168 718 195 tu,
734 165 836 200 inquit,
848 173 908 200 qua:
919 166 968 193 tibi

1026 168 1102 202 γατρὶ
1130 167 1215 195 Σιών·
1230 168 1270 195 ὄτι
1285 169 1314 194 ὲν
1340 169 1380 195 σοὶ
1403 168 1553 205 εὑρέθησαν
1572 171 1600 197 αἱ
1622 171 1745 198 ἀσέϐειαι
1759 173 1807 199 τοῦ

187 206 266 242 175
279 206 405 234 evenient
427 208 515 240 mala,
538 216 600 243 qua:
617 210 724 237 malitiae
743 211 797 238 dux
809 211 884 239 fuisti
909 212 970 239 urbi

185 251 354 280 Hierusalem
378 254 462 289 (nam
493 254 575 281 ﬁliam
595 255 686 283 Sionis
717 257 787 284 hanc
817 258 968 293 nominat),

171 290 253 324 'nihil
267 298 394 326 diﬂerens
407 307 423 326 a
436 299 558 327 Samaria
581 302 679 330 mentis
703 306 756 330 tuaa
782 305 970 339 perversitate.

188 353 198 369 ι
222 343 367 379 Propterea
388 346 467 373 dabis
490 347 648 375 emissarios
668 356 751 384 super
785 350 970 378 haereditatem

186 388 265 420 Gelli.
282 391 378 418 domos
392 400 475 420 vanas
499 402 506 419 :
537 393 633 421 domus
660 402 790 422 vanorum
809 396 836 422 in
856 403 971 423 vacuum

187 435 264 462 factm
279 440 342 463 sunt
359 437 468 472 regibus
488 437 606 467 lsraelis.
625 449 634 466 ι
650 440 799 475 Eapropter
820 446 847 468 tu
863 450 972 477 quoque

186 481 371 515 captivitatem
396 485 536 516 sustines;
563 493 624 511 nam
643 495 653 511 ι
679 486 757 514 dabis
783 488 940 516 emissarios
959 498 969 514 ι

187 526 252 553 dicit
265 534 322 561 pro.
341 527 422 554 Mittis
436 529 462 555 in
478 529 673 564 captivitatem,
691 531 729 558 tui
744 539 827 558 causa
841 533 914 567 paria
931 533 972 560 in-

186 571 254 596 colis
281 571 349 598 Geth
371 580 496 606 passura.
525 575 633 602 cunctis
663 583 722 610 quae
748 577 782 603 ad
807 577 971 612 impietatem

186 616 307 643 struxisti
331 617 452 646 aedificiis
471 619 518 646 tibi
534 620 711 654 pereuntibus
724 630 731 654 ;
744 623 971 656 quemadmodum

186 661 257 695 apud
274 662 422 690 Samariam
435 672 542 700 quoquc
552 666 656 701 dejecta
668 672 731 694 sunt
748 667 809 695 fana
825 669 970 698 idolorum.

187 715 198 733 ι
222 707 312 742 Usque
329 709 361 736 ad
373 710 494 738 hazredes
508 716 568 738 tuos
583 717 609 740 te
623 713 768 741 adducam.
788 724 798 740 ›
817 715 880 742 Haec
897 720 973 750 pate-

185 754 234 785 ris,
249 762 291 781 me
305 755 353 782 tibi
371 756 463 784 hostes
482 758 644 792 adduc-cute,
667 760 712 795 qui
731 761 769 787 tui
788 766 867 788 erunt
886 762 973 789 haere-

186 799 243 827 dcs.
272 809 280 826 ι
302 802 368 834 Qum
390 803 495 831 habitas
521 804 628 839 Lachis,
663 806 807 834 haereditas
828 816 914 842 usque
939 809 971 836 ad

186 847 309 873 Odollam
340 849 441 882 veniet,
461 851 546 885 gloria
573 852 632 879 lilite
655 851 755 880 Sionis.
775 863 784 879 ι
812 854 842 881 lli
874 854 972 884 Lachis

186 892 272 927 ipsam
295 895 434 929 tenebunt,
458 902 485 923 et
513 906 598 932 usque
621 899 654 925 ad
679 898 801 927 Odollam
825 902 972 930 extendcnt

187 938 372 968 hacrcditatem
387 949 475 972 suam.
491 943 517 970 id
535 948 577 971 est
603 948 688 971 totam
713 946 888 980 occupabunt
907 955 970 982 pro-

186 985 296 1011 missam
313 988 459 1021 regionem.
473 989 504 1015 Et
514 997 596 1024 super
610 990 679 1023 haec,
697 991 742 1018 illa
757 992 837 1019 etiam
849 993 970 1028 gloriosa

187 1035 297 1066 propter
311 1033 447 1060 conditum
460 1035 486 1061 in
507 1043 537 1062 ea
555 1037 694 1071 templum,
709 1038 832 1073 capietur
843 1038 973 1066 Hierusa-

187 1077 249 1104 lem.

1029 212 1146 249 Ἰσραήλ.
1168 223 1177 240 ι
1196 214 1263 240 Ἵσθι
1279 214 1311 249 δὴ
1335 215 1381 240 καὶ
1397 215 1440 246 σὺ,
1459 215 1536 250 φησὶ,
1555 215 1590 242 τὰ
1613 216 1810 253 συμϐησόμενά

1023 267 1064 285 σοι
1088 259 1172 291 κακὰ,
1188 260 1205 295 ἥ
1228 261 1261 295 τῇ
1285 260 1461 296 Ἰερουσαλὴμ
1490 261 1638 297 (θυγατέρα
1661 262 1715 298 γὰρ
1738 263 1808 290 Σιὼν

1021 304 1123 340 ταύτην
1139 305 1277 340 ὀνομάζει)
1302 306 1412 342 ἡγεμὼν
1434 305 1505 342 ἦσθα
1522 307 1576 334 τῶν
1599 308 1704 340 κακῶν,
1731 309 1809 336 οὐδὲν

1022 350 1216 377 διαλλάττουσα
1231 351 1286 378 τῶν
1302 352 1365 387 περὶ
1379 352 1427 387 τὴν
1449 353 1605 388 Σαμάρειαν
1621 354 1652 389 τῇ
1667 354 1716 389 τῆς
1742 355 1808 381 ἀσε-

1023 396 1097 428 ϐείας
1112 396 1218 433 γνώμῃ.
1240 406 1249 423 ι
1265 397 1314 423 Διὰ
1329 397 1407 424 τοῦτο
1419 397 1513 429 δώσεις
1529 397 1809 435 ὲξαποστελλομένους

1023 441 1074 473 ἕως
1086 442 1267 478 κληρονομίας
1275 443 1336 476 Γὲθ,
1349 444 1440 475 οῐκους
1449 444 1579 479 ματαίους
1587 454 1594 460 ·
1605 443 1674 472 οἴκοι
1687 447 1809 481 ματαίων

1022 489 1062 519 εὶς
1077 489 1153 514 κενὸν
1171 489 1295 522 ἐγένοντο
1308 490 1364 520 τοῖς
1377 489 1530 524 βασιλεῦσιν
1550 491 1668 526 Ἰσραήλ.
1689 501 1699 517 t
1722 492 1809 527 ’Υπὲρ

1022 533 1054 569 δὴ
1071 533 1172 560 τούτων
1182 534 1230 569 τὴν
1243 534 1329 569 αὐτὴν
1343 535 1532 569 αἰχμαλωσίαν
1546 536 1690 571 ὑπομένεις
1702 537 1748 563 καὶ
1763 537 1807 564 σύ·

1023 578 1052 605 τὸ
1068 579 1122 614 γὰρ
1136 588 1144 603 ι
1160 578 1255 610 δώσεις
1269 578 1556 615 ὲξαποστελλομένους,
1573 590 1582 605 ι
1591 580 1664 614 λέγει
1678 582 1738 608 ἀντὶ
1748 582 1808 614 τοῦ,

1029 623 1214 655 Ἀποστέλλεις
1229 625 1269 655 εἰς
1292 625 1489 659 αἰχμαλωσίαν,
1507 625 1538 657 ὲξ
1558 626 1657 661 ἑαυτῆς
1679 627 1713 653 τὰ
1738 627 1809 654 αὐτὰ

1024 671 1074 705 μὲν
1092 670 1240 705 πεισομένη
1257 671 1312 701 τοῖς
1326 671 1375 705 τὴν
1384 671 1403 696 Γ
1405 671 1434 697 ὲθ
1451 671 1582 703 οἰκοῦσιν,
1599 672 1707 699 πάντων
1719 673 1747 699 δέ
1767 682 1810 700 σοι

1022 714 1077 741 τῶν
1093 715 1136 740 ἐπ’
1149 714 1262 750 ἀσεϐείᾳ
1278 716 1538 750 κατεσκευασμένων
1555 716 1636 743 οἴκων
1656 717 1811 753 διαφθειρο-

1025 760 1126 795 μένων·
1142 760 1224 796 ὅνπερ
1237 761 1269 796 δὴ
1283 761 1384 795 τρόπον
1398 762 1444 788 καὶ
1460 762 1484 788 οἱ
1500 762 1570 789 κατὰ
1585 763 1633 798 τὴν
1653 763 1810 798 Σαμάρειαν

1023 804 1205 841 διεφθάρησαν
1227 802 1295 832 οἴκοι
1310 805 1363 832 τῶν
1389 805 1516 833 εἰδώλων.
1540 816 1549 832 ι
1573 807 1645 839 Ἕως
1668 808 1730 840 τοὺς
1743 808 1810 843 κλη-

1024 852 1154 887 ρονόμους
1176 852 1273 886 ἀγάγω
1291 861 1348 879 σου.
1368 861 1377 877 ι
1400 852 1563 887 Ύπομένεις
1581 853 1613 888 δὴ
1631 853 1719 880 ταῦτα
1741 853 1809 888 ἐμοῦ

1022 898 1085 929 τοὺς
1099 897 1244 932 πολεμίους
1259 898 1380 932 ἄγοντος,
1398 898 1422 924 οἳ
1441 899 1495 925 τῶν
1511 898 1564 925 σῶν
1579 899 1689 932 ἀγαθῶν
1703 898 1811 926 ἔσονται

1023 943 1193 979 κληρονόμοι.
1213 953 1222 969 ι
1247 945 1417 971 Κατοικούσα
1441 944 1551 980 Λάχεις,
1572 945 1738 980 κληρονομία
1757 945 1811 978 ἓως

1029 989 1158 1024 Ὀδολλὰμ
1169 989 1238 1024 ἥξει,
1252 989 1314 1022 δόξα
1327 990 1377 1025 τῆς
1392 990 1526 1024 θυγατρὸς
1538 990 1616 1017 Σιών.
1636 1000 1644 1016 ι
1660 991 1691 1017 Οἳ
1706 991 1751 1017 καὶ
1761 991 1810 1026 τὴν

1023 1035 1122 1070 Λάχεις
1139 1037 1293 1072 κτήσονται,
1312 1036 1358 1062 καὶ
1374 1035 1452 1071 ἄχρις
1472 1036 1603 1071 Ὀδολλὰμ
1618 1036 1667 1072 τὴν
1682 1036 1812 1072 κληρονο-

1029 1082 1093 1117 μίαν
1109 1082 1247 1109 ὲκτενοΰσι
1272 1081 1322 1117 τὴν
1345 1082 1462 1109 οἰκείαν·
1482 1081 1524 1108 ἵνα
1544 1083 1618 1118 εἴπῃ,
1631 1083 1723 1110 Πᾶσαν
1746 1083 1812 1109 καο-

187 1124 274 1157 έξουσι
295 1126 343 1162 τὴν
367 1127 420 1162 γῆν
441 1127 490 1162 τῆς
511 1129 692 1163 ἐπαγγελίας·
709 1129 746 1165 (ρ.
764 1130 828 1165 267)
852 1130 918 1165 πρὸς
938 1127 979 1161 οἷς
1004 1129 1050 1155 καὶ
1072 1129 1088 1164 ή
1109 1128 1230 1162 ἐπίδοξος
1250 1126 1319 1155 εἶναι
1341 1128 1456 1155 δοκοῦσα
1478 1128 1522 1154 διὰ
1539 1128 1586 1154 τὸν
1602 1128 1631 1154 ὲν
1654 1129 1722 1164 αὐτῇ
1747 1129 1810 1156 ναδν

185 1173 353 1209 ληφθήσεται
370 1176 386 1210 ή
406 1175 593 1212 Ἰερουσαλήμ.

221 1221 348 1249 Nonnulli
370 1223 506 1256 dixerunt,
525 1224 580 1252 haec
601 1226 671 1260 loqui
694 1226 851 1260 prophetam
877 1231 972 1253 contra

185 1266 294 1299 Lachis,
313 1269 377 1302 quia
391 1276 479 1302 regem
494 1269 643 1297 Amessiam
664 1271 801 1298 occiderat
818 1281 824 1297 :
842 1278 903 1298 nam
919 1272 972 1306 pri-

1056 1222 1134 1253 Τινὲς
1148 1221 1176 1248 δὲ
1191 1221 1295 1255 ἔφασαν
1306 1221 1374 1257 πρὸς
1387 1222 1436 1256 τὴν
1451 1221 1550 1256 Λάχεις
1565 1222 1653 1256 λέγειν
1663 1222 1749 1249 ταῦτα
1762 1222 1810 1248 τὸν

1023 1267 1175 1302 προφήτην,
1189 1266 1226 1297 ὡς
1239 1266 1283 1292 τὸν
1305 1266 1450 1300 Ἀμεσσίαν
1463 1266 1609 1293 ἀνελοῦσαν
1620 1267 1664 1293 τὺν
1679 1266 1808 1302 βασιλέα-

187 1319 231 1338 mo
244 1313 378 1346 ejusmodi
399 1314 425 1340 in
442 1315 485 1341 illa
506 1315 573 1342 urbe
588 1315 694 1343 facinus
717 1316 767 1342 fuit
783 1317 884 1352 proprii
901 1317 972 1349 regis

1026 1312 1114 1347 ἐπειδὴ
1127 1312 1205 1338 τοῦτο
1220 1312 1326 1347 πρῶτον
1342 1311 1476 1347 ἐτολμήθη
1492 1314 1557 1348 παρ’
1570 1314 1660 1344 αὐτοῖς
1670 1313 1701 1339 τὸ
1711 1314 1810 1339 οἰκεῖον

187 1358 344 1392 occidendi;
363 1367 424 1386 cum
446 1360 516 1394 apud
542 1361 634 1388 decem
663 1362 783 1389 tribuum
810 1371 920 1398 regnum
946 1364 972 1391 id

1026 1359 1123 1386 Ξινε).εῖν
1139 1359 1260 1394 βασιλέα,
1277 1359 1409 1394 πρότερόν
1427 1368 1458 1393 γε
1479 1360 1508 1385 ὲν
1525 1360 1558 1394 τῇ
1574 1359 1626 1385 τῶν
1642 1360 1707 1386 δέκα
1720 1359 1810 1393 φυλῶν

188 1412 259 1438 saepe
277 1405 332 1439 jam
354 1405 508 1433 accidisset.
529 1407 609 1441 Atqui
631 1407 682 1434 hoc
705 1412 791 1435 totum
817 1409 970 1437 fabulosum

1026 1404 1147 1439 βασιλείᾳ
1161 1404 1254 1431 τούτου
1268 1404 1408 1438 γεγονότος
1426 1404 1555 1436 πολλάκις
1565 1413 1571 1419 ·
1588 1405 1645 1430 ἔστι
1658 1405 1686 1431 δὲ
1708 1413 1810 1431 παντα-

188 1450 341 1485 falsumque
354 1451 445 1478 videre
463 1456 520 1483 est,
536 1452 570 1478 ab
590 1452 623 1480 iis
645 1453 826 1488 excogitatum
841 1455 887 1489 qui
909 1463 972 1489 pro-

1026 1449 1102 1484 χόθεν
1119 1449 1202 1485 μῦθον
1219 1451 1264 1476 καὶ¹
1285 1450 1398 1485 πλάσμα
1413 1450 1444 1476 τὸ
1465 1449 1545 1484 ῥηθὲν
1569 1450 1642 1482 ἰδεῖν,
1659 1451 1810 1486 ηὑρημένον

187 1497 294 1531 pheiica
315 1498 396 1524 verba
414 1505 467 1524 non
489 1498 688 1525 intellexerunt.
704 1498 770 1525 Nam
796 1507 846 1527 nec
869 1501 972 1535 primus

1026 1495 1079 1522 ἀπὸ
1104 1495 1158 1522 τῶν
1181 1495 1230 1531 τὴν
1261 1497 1434 1531 προφητικὴν
1457 1496 1487 1522 οὑ
1513 1496 1680 1531 νενοηκότων
1703 1498 1808 1530 φωνήν·

186 1541 264 1570 Inda:
275 1543 361 1570 tribus
376 1551 468 1578 regum
488 1544 626 1571 Amessias
647 1544 799 1576 proditione
819 1533 972 1573 fuitrinter-

1026 1540 1084 1567 οὔτε
1098 1541 1152 1576 γὰρ
1173 1542 1318 1577 Ἀμεσσίας
1337 1542 1444 1577 πρῶτος
1466 1543 1497 1568 ὲκ
1521 1542 1574 1569 τῶν
1593 1542 1641 1577 τῆς
1661 1542 1744 1568 Ἰούδα
1760 1542 1810 1577 βα-

187 1584 310 1624 emptus;
336 1596 397 1615 nam
417 1588 516 1616 Joasus
536 1593 612 1624 paler
634 1590 693 1625 ejus
714 1595 794 1617 antea
820 1591 871 1618 hoc
893 1592 973 1619 modo

188 1635 278 1662 fuerat
292 1635 459 1668 exstinctus,
475 1639 503 1661 ut
524 1634 626 1669 Regum
643 1636 757 1663 historia
778 1637 861 1664 tradit
879 1637 912 1669 ⁷⁸,
932 1638 974 1665 di-

188 1688 253 1707 cens
270 1690 275 1706 :
293 1690 302 1706 ι
323 1680 530 1708 lnsurrexerunt
549 1682 619 1708 servi
640 1681 724 1713 Joasi,
741 1687 767 1710 et
786 1683 974 1717 conjuratione

189 1728 217 1755 in
228 1735 289 1754 eum
310 1731 423 1757 structa.
442 1733 636 1762 percusserunt
648 1735 709 1755 eum
728 1738 734 1755 :
754 1738 764 1754 ι
782 1737 851 1763 quos
865 1730 972 1764 quidem

189 1774 248 1808 ipse
271 1772 420 1804 Amessias,
445 1772 518 1799 illius
535 1773 616 1804 lilius,
645 1781 730 1807 regno
753 1776 854 1808 potitus
881 1778 974 1809 postea

188 1818 269 1852 cepit,
285 1821 387 1852 patrem
399 1825 477 1844 suum
490 1817 624 1845 ulciscens
637 1825 644 1844 :
659 1818 692 1845 de
703 1826 758 1853 quo
767 1819 869 1854 ipsoait
882 1819 974 1853 Scrip-

188 1867 249 1890 tura
264 1871 270 1889 :
286 1865 318 1890 ιιι
335 1863 435 1889 factum
449 1866 502 1895 est,
519 1867 660 1898 postquam
674 1871 787 1898 regnum
804 1865 830 1891 in
844 1865 974 1892 Amessite

188 1917 269 1935 manu
284 1909 474 1935 conlirmatnm
502 1908 562 1940 luit.
579 1910 715 1943 percussit
736 1917 830 1938 servos
847 1919 911 1938 suos
928 1911 973 1946 qui

189 1954 276 1989 ipsius
296 1954 376 1988 176
394 1958 585 1988 percusserant
606 1954 640 1979 ⁷⁵.
668 1953 800 1982 Praeterea
821 1956 973 1985 Amessiam

189 2008 243 2027 non
270 2001 396 2026 videntur
420 1999 518 2027 Lachis
549 2000 623 2026 civrs
647 2001 791 2028 occidisse.
824 2001 870 2029 Sic
902 2004 973 2029 enim

189 2047 321 2082 scriptum
337 2049 378 2073 est
397 2055 402 2072 :
429 2045 461 2072 Et
480 2046 602 2072 revoluta
628 2051 670 2072 est
693 2047 822 2073 contritio
844 2049 974 2076 adversus

188 2094 339 2120 Amessiam
372 2093 399 2119 in
424 2091 603 2125 Hierusalem,
637 2093 683 2126 qui
714 2093 783 2128 fugit
814 2095 840 2120 in
865 2094 973 2122 Lachis.

189 2139 320 2174 Missique
348 2142 412 2165 sunt
439 2143 500 2173 post
514 2146 575 2165 eum
603 2138 727 2166 homines
744 2140 777 2166 ad
798 2139 906 2172 Lachis,
928 2141 974 2175 qui

1025 1587 1204 1614 σιλευσάντων
1219 1587 1305 1623 φυλῆς
1321 1588 1350 1620 ἐξ
1363 1587 1509 1623 ἐπιϐουλῆς
1520 1588 1650 1624 ἀνῃρέθη,
1672 1588 1748 1620 Ἰωας
1763 1588 1810 1614 τοῦ

1024 1633 1126 1668 πατρὸς
1150 1633 1232 1660 αὑτοῦ
1259 1634 1390 1668 πρότερον
1410 1634 1597 1669 ἀναιρεθέντος
1622 1633 1717 1665 οὕτως,
1735 1634 1773 1665 ὠς
1791 1635 1809 1670 ἡ

1023 1679 1077 1705 τῶν
1084 1679 1232 1706 Βασιλειῶν
1243 1679 1347 1714 ίστορία
1358 1679 1433 1714 δηλοί
1443 1678 1568 1713 λέγουσα,
1577 1680 1617 1705 ὅτι
1628 1688 1637 1705 ι
1649 1679 1810 1714 Ἀνέστησαν

1023 1725 1047 1750 ol
1065 1724 1152 1751 δοῦλοι
1175 1724 1222 1750 τοῦ
1249 1725 1334 1756 Ίώας,
1359 1725 1405 1751 καὶ
1430 1725 1561 1760 ἐποίησαν
1585 1725 1742 1760 σύνδεσμον,
1763 1726 1810 1752 καὶ

1025 1772 1145 1807 συνῆψαν
1154 1772 1196 1798 ἐπ’
1205 1771 1295 1804 αὑτὸν,
1306 1772 1352 1798 καὶ
1358 1772 1495 1804 ἐπάταξαν
1502 1770 1592 1799 αυτόν·
1602 1771 1706 1807 οὕσπερ
1712 1769 1757 1798 οὖν
1764 1772 1811 1798 καὶ

1030 1817 1176 1852 ’Δμεσσίας
1190 1818 1204 1843 ὸ
1218 1817 1312 1844 τούτου
1324 1818 1380 1848 υἱὸς
1394 1817 1535 1853 παρελθὼν
1550 1819 1589 1849 εἰς
1606 1819 1655 1853 τὴν
1671 1817 1808 1853 βασιλειαν

1024 1861 1096 1890 εἷλεν
1122 1862 1244 1899 ὕστερον,
1262 1863 1307 1889 τὸν
1331 1863 1410 1897 φόνον
1432 1863 1547 1890 ἐκδικῶν
1565 1863 1612 1889 τοῦ
1636 1864 1738 1899 πατρὸς
1762 1863 1810 1890 τοῦ

1024 1909 1141 1936 οίκείου’
1169 1909 1232 1945 περὶ
1258 1906 1288 1935 οὗ
1308 1910 1354 1935 καὶ
1371 1909 1453 1935 αὑτοῦ
1471 1918 1537 1944 φησι
1549 1918 1555 1924 ·
1576 1910 1630 1936 Καὶ
1653 1911 1761 1944 ἐγένετο
1774 1910 1811 1941 ὡς

1024 1954 1224 1990 ὲκραταιώθηὴ
1240 1955 1363 1989 βασιλεία
1380 1956 1409 1981 ὲν
1426 1956 1458 1990 τῇ
1477 1956 1549 1990 χειρὶ
1571 1956 1728 1990 ’Λμεσσίου,
1744 1956 1811 1982 ὲπά-

1024 2002 1087 2034 ταξε
1098 2003 1161 2033 τοὺς
1176 2002 1274 2033 παῖδας
1286 2003 1368 2029 αὑτοῦ
1384 2003 1446 2034 τοὺς
1462 2003 1633 2036 πατάξαντας
1648 2003 1693 2030 τὸν
1705 2004 1810 2039 πατέρα

1025 2049 1121 2075 αὐτοῦ·
1144 2050 1191 2075 καὶ
1215 2050 1260 2076 τὸν
1283 2049 1429 2084 Ἀμεσσίαν
1452 2049 1481 2076 δὲ
1497 2050 1545 2084 οὐχ
1564 2051 1588 2076 οἱ
1606 2050 1634 2076 ὲν
1651 2050 1750 2085 Λάχεις
1767 2050 1812 2076 ἀν-

1024 2095 1128 2127 ελόντες
1145 2095 1292 2129 φαίνονται·
1307 2095 1380 2128 λέγει
1391 2094 1445 2130 γὰρ
1455 2095 1550 2126 οὕτως’
1570 2095 1624 2121 Καὶ
1639 2096 1809 2131 συνεστράφη

1025 2140 1180 2176 σύντριμμα
1195 2141 1241 2166 ἐπὶ
1267 2141 1410 2175 ’Λμεσσίαν
1425 2142 1453 2167 ὲν
1473 2140 1665 2176 Ἰερουσαλήμ·
1687 2142 1733 2168 καὶ
1746 2142 1810 2175 ἐφυ-

189 2186 277 2220 ipsum
305 2185 341 2211 ibi
371 2185 574 2216 iuterl‘cccrunt,
608 2184 800 2219 sublatumque
836 2186 862 2212 in
891 2194 972 2221 equo,

1026 2194 1072 2220 γεν
1086 2186 1126 2217 εἰς
1139 2186 1246 2220 Λάχεις,
1260 2186 1307 2212 καὶ
1319 2185 1492 2212 ἐθανάτωσαν
1505 2186 1585 2212 αὐτὸν
1598 2187 1669 2212 ἐκεῖ·
1683 2188 1730 2213 καὶ
1741 2185 1810 2222 ἦραν

188 2230 385 2265 Hierosolymis
399 2231 573 2265 sepelierunt.
602 2230 639 2257 Ex
653 2239 707 2265 quo
722 2232 867 2259 manifeste
880 2238 974 2260 osten-

188 2277 263 2304 ditur
285 2277 491 2304 consurrexisse
523 2278 654 2305 advvrsus
687 2286 749 2305 eum
774 2279 906 2313 quosdam
940 2281 973 2307 de

189 2323 396 2358 lli.-roso|ymis.
423 2323 626 2358 fugientemque
651 2324 677 2350 in
692 2323 790 2351 Lachts
811 2325 904 2352 missis
928 2326 972 2353 ho-

189 2369 309 2397 minibus
324 2369 468 2397 occidisse.
480 2368 526 2396 Sic
537 2377 602 2404 ergo
612 2369 725 2396 evidens
741 2370 830 2397 fabula
846 2372 971 2398 convicta

188 2420 240 2442 est.
261 2416 345 2442 Porro
358 2415 456 2442 Lachis
467 2415 596 2449 propheta
616 2415 773 2450 alloquitur,
799 2416 825 2442 in
843 2417 902 2450 ejus
924 2425 973 2443 no-

188 2462 271 2494 mine,
286 2467 414 2496 tanquam
432 2462 459 2488 in
476 2467 565 2496 parte,
579 2469 622 2489 res
637 2461 713 2489 Iuda:
729 2470 812 2497 regno
828 2469 972 2492 eventuros

189 2515 304 2535 narrans
320 2517 326 2534 :
341 2507 567 2541 quemadmodum
580 2512 607 2534 et
624 2508 656 2535 de
667 2508 790 2535 Samaria
807 2509 972 2543 loculuscsl;

190 2558 281 2589 mpotc
296 2554 341 2588 qui
353 2553 386 2580 de
403 2557 517 2587 utroque
532 2554 613 2580 simul
639 2561 723 2587 regno
740 2559 767 2581 et
784 2555 916 2582 visionem
932 2556 972 2582 vi-

189 2601 267 2627 derat
285 2605 312 2627 et
329 2599 498 2632 loquebatur,
524 2599 595 2626 sicut
614 2599 734 2626 vaticinii
755 2601 897 2628 cvordium
913 2609 976 2635 pcr-

191 2646 284 2681 spicue
298 2644 426 2672 ostendit.
442 2643 500 2671 iam
517 2645 550 2671 de
565 2644 663 2672 Lachis
677 2645 717 2672 sic
739 2645 826 2680 pergit
844 2647 974 2681 propheta

190 2692 280 2720 dicere
296 2703 302 2721 :

229 2737 309 2764 Vens.
338 2735 380 2762 ιθ.
404 2750 440 2754 -
462 2744 471 2760 ι
504 2734 662 2762 Decalvator
686 2739 713 2763 ct
741 2736 866 2763 tondetor
893 2744 975 2772 super

225 2826 249 2841 "
261 2824 293 2852 iV
311 2825 375 2861 ltcg.
394 2832 442 2857 ιιι,
457 2825 493 2851 ‘20
546 2824 568 2840 τ’
584 2824 617 2851 lV
632 2823 697 2859 Reg.
712 2832 766 2857 xrv,
782 2823 806 2851 5.

1026 2232 1072 2257 est
1084 2231 1130 2258 τὸν
1145 2231 1242 2264 ἵππον,
1265 2231 1302 2266 (p.
1318 2231 1382 2265 268)
1404 2232 1451 2257 καὶ
1469 2231 1555 2266 ἐτάφη
1573 2232 1602 2258 έν
1622 2232 1809 2268 Ἰερουσαλήμ·

1027 2277 1119 2311 σαφῶς
1132 2276 1256 2312 δηλώσας
1269 2277 1310 2303 ὅτι
1326 2277 1515 2312 ἐπανέστησαν
1528 2277 1602 2312 αὐτῷ
1618 2286 1689 2309 τινες
1705 2279 1750 2304 ἐπὶ
1763 2279 1811 2314 τῆς

1031 2323 1217 2359 Ἰερουσαλὴμ,
1232 2323 1257 2349 οἳ
1287 2324 1478 2357 καταφυγόντα
1493 2325 1532 2354 εὶς
1553 2324 1603 2358 τὴν
1621 2324 1720 2358 Λάχεις
1746 2325 1812 2350 ἀπο-

1026 2369 1176 2400 στείλαντες
1192 2368 1305 2396 ἀνεῖλον.
1323 2369 1344 2394 Τ
1346 2369 1408 2395 οὐτο
1421 2369 1469 2404 μὲν
1483 2367 1528 2395 οὖν
1546 2369 1674 2404 ἄντικρυς
1688 2370 1810 2404 φαίνεται

1025 2415 1153 2450 πλάσμα·
1169 2415 1237 2451 πρὸς
1262 2415 1290 2441 δὲ
1308 2415 1357 2450 τὴν
1383 2416 1482 2450 Λάχεις
1495 2416 1509 2440 ὁ
1535 2417 1676 2450 προφήτης
1695 2416 1810 2441 ποιεῖται

1024 2462 1070 2487 τὸν
1093 2461 1180 2494 λόγον,
1200 2461 1231 2494 ἐξ
1257 2462 1364 2496 ἐκείνης
1376 2462 1413 2492 ὡς
1431 2462 1484 2487 απὸ
1500 2461 1599 2496 μέρους
1625 2462 1659 2488 τὰ
1676 2462 1739 2496 περὶ
1762 2461 1810 2497 τὴν

1033 2507 1116 2534 Ἰούδα
1130 2507 1266 2542 βασιλείαν
1278 2508 1470 2543 συμϐησόμενα
1484 2508 1570 2542 λέγων
1579 2516 1584 2522 ·
1594 2508 1677 2542 ὅνπερ
1691 2505 1737 2534 οὖν
1749 2508 1810 2543 τρό-

1025 2562 1074 2580 πον
1094 2555 1139 2581 καὶ
1154 2554 1187 2580 τὰ
1200 2555 1262 2589 περὶ
1278 2554 1433 2589 Σαμάρειαν
1445 2552 1519 2580 εἶπεν
1529 2562 1535 2568 ·
1554 2553 1591 2584 ὼς
1606 2554 1676 2588 ὑπὲρ
1693 2553 1811 2588 ἀμφοτέ-

1027 2608 1080 2634 ρων
1104 2600 1150 2625 καὶ
1169 2600 1308 2634 ἑωρακὼς,
1327 2601 1374 2626 καὶ
1401 2599 1496 2633 λέγων,
1522 2599 1592 2625 καῡᾱ
1615 2598 1646 2624 τὸ
1669 2598 1810 2634 προοίμιον

1025 2644 1119 2678 ἐδήλου
1154 2645 1264 2678 σαφῶς·
1291 2645 1358 2680 πρὸς
1386 2645 1418 2680 ἣν
1449 2644 1601 2671 ἀκολουθῶν
1629 2645 1644 2671 ὁ
1671 2645 1810 2680 προφήτης

1026 2691 1113 2725 ἐαυτῷ
1130 2699 1195 2725 φησι
1205 2699 1212 2705 ·

1063 2736 1137 2772 Στίχ.
1156 2737 1386 2774 ις’.-‹-Ξύρησαι
1400 2737 1447 2765 καὶ
1463 2737 1552 2772 κεῖραι
1567 2736 1612 2762 ἐπὶ
1626 2736 1658 2762 τὰ
1672 2743 1753 2762 τεκνα
1765 2743 1810 2762 σου
