1972 3066
147 156 197 183 555

635 152 908 182 COMMENTARIUS
927 152 960 181 ΙΝ
980 152 1133 182 ΜῙΟΙΙᾹΞΑΞ
1151 154 1227 182 CAP.
1249 155 1282 182 ll.

1718 151 1771 180 τοι

145 213 179 239 τὰ
194 211 331 247 τρυφεράο
349 210 517 246 ἐμπλάτυνον
531 211 580 247 τὴν
597 211 710 246 ξύρησίν
725 220 772 238 σου
787 212 825 244 ὡς
842 211 931 243 ἀετὸς,

990 212 1054 239 lilios
1067 212 1198 239 delicatos
1213 216 1273 239 tuos
1287 221 1292 238 :
1310 198 1396 239 'dilata
1427 210 1564 237 calvitium
1581 212 1669 243 tuum,
1697 210 1771 237 sicut

145 259 186 285 ὅτι
206 257 457 293 ῂχμαλωτεύθησαν
481 257 535 284 ἀπὸ
559 257 616 284 σοῦ.
641 267 650 283 ι
670 257 782 285 Πενθεῖν
803 258 857 294 γάρ
881 265 932 289 σοι,

145 305 237 339 φησὶν,
255 303 389 338 ἁρμόττον
401 303 449 339 τὴν
461 302 649 338 αἰχμαλωσίαν
670 303 724 329 τῶν
738 303 792 330 σῶν
805 310 812 317 ’
826 303 852 330 οἳ
867 303 933 338 πρό-

144 357 224 385 τερον
248 349 296 383 μὲν
312 349 350 379 ὡς
375 349 404 374 ὲν
424 349 533 380 οἰκείοις
555 349 622 383 μετά
652 348 753 383 πολλῆς
772 347 863 383 διῆγον
884 348 934 381 τῆς

143 395 261 430 τρυφῆς,
274 394 322 420 νῦν
341 394 369 420 δὲ
390 394 444 420 τῶν
459 396 507 429 τῆς
518 394 705 430 αἰχμαλωσίας
724 394 933 430 πειραθήσονται

143 441 238 467 κακῶν
247 449 252 454 ·
262 440 293 466 τὸ
304 440 342 471 δὲ,
363 450 372 465 ι
388 440 524 466 Πλάτυνον
534 440 582 475 τὴν
598 439 710 475 ξύρησίν
718 449 765 466 σου
778 440 815 471 ὡς
827 439 931 470 de:ng

145 486 232 520 λέγει,
249 486 343 521 ἐπειδὴ
357 485 464 512 ἅπαντα
478 486 548 512 κατά
570 486 665 522 καιρὸν
683 485 844 512 ἀποϐάλλειν
860 485 935 512 τουτὶ

142 532 175 558 τὸ
191 533 282 568 ὄρνεον
304 531 339 558 τὰ
355 532 442 557 οἰκεῖα
465 531 572 565 λέγεται
585 531 682 566 πτερά.
698 528 764 558 Εἶτα
787 531 834 557 καὶ
849 531 933 565 λέγει,

145 579 219 605 κατὰ
230 578 261 604 τὸ
274 577 380 609 εἰωθὸς,
396 577 451 603 τῶν
462 577 555 603 κακῶν
570 577 618 611 τὴν
635 577 735 604 αἰτίαν.

471 623 550 650 ΚΕΦ.
572 623 608 649 Β’.

181 669 256 704 Στίχ.
283 673 358 703 α’-Υ,
382 684 417 689 --
436 677 446 695 ε
468 669 606 703 Ἐγένοντο
625 669 793 705 λογιζόμενοι
822 669 933 701 κόπους,

143 715 193 742 καὶ
219 715 398 751 ἐργαζόμενοι
419 714 493 741 κακά
509 715 538 740 ὲν
553 715 612 746 ταῖς
637 715 740 747 κοίταις
761 714 850 741 αὐτῶν
863 723 870 730 ·
888 715 935 741 καὶ

143 761 205 792 ἃμα
227 761 261 795 τῇ
287 760 378 795 ἡμέρᾳ
403 759 561 786 συνετέλουν
585 760 672 786 αὑτά·
693 769 702 785 ›
728 760 764 794 (p.
792 759 854 794 269)
875 759 935 786 ἀντὶ

142 806 204 838 τοῦ,
222 807 364 832 Διετέλουν
378 806 505 837 τοιαύτας
517 807 546 832 ἐν
561 806 666 838 ἑαυτοῖς
681 806 877 842 συστρέφοντες
889 806 935 832 ἔνο

142 852 230 884 νοίας,
248 853 295 886 ἀφ’
315 849 352 878 ὧν
371 852 479 884 τούτους
494 853 599 883 ἑαυτοῖς
611 852 799 887 ἀπεγέννησαν
812 852 875 884 τοὺς
888 852 935 878 κό-

144 907 224 931 πους,
239 898 437 929 ἀνατυποῦντες
454 899 502 932 μὲν
514 899 559 925 ἐπὶ
574 899 622 934 τῆς
633 898 725 933 κοίτης
737 897 788 932 τῆς
800 897 867 929 ιδίας
881 897 934 923 τῶν

143 945 256 972 ἀτόπων
275 945 324 980 τὴν
343 945 491 980 ἐργασίαν·
507 945 611 980 ἡμέρας
625 944 654 970 δὲ
672 944 830 979 γενομένης,
850 943 935 978 πέρας

144 992 200 1022 τοῖς
215 990 363 1025 μοχθηροῖς
375 990 464 1017 αὐτῶν
475 990 641 1021 ἐπιτιθέντες
652 989 825 1024 βουλεύμασι.
840 998 850 1014 ι
863 988 935 1014 Διότι

143 1036 196 1062 οὐκ
211 1033 283 1070 ἦραν
297 1035 366 1070 πρὸς
383 1036 428 1061 τὸν
449 1035 515 1062 Θεὸν
539 1036 632 1070 χεῖρας
653 1034 742 1061 αὐτῶν
755 1043 762 1050 ·
777 1034 824 1061 καὶ
839 1033 936 1060 ἐπεθύ-

147 1089 215 1116 μουν
232 1081 345 1116 ἀγροὺς,
364 1081 410 1107 καὶ
432 1081 579 1116 διήρπαζον
601 1081 746 1116 ὀρφανοὺς,
773 1079 821 1107 καὶ
845 1079 936 1110 οῑκους

145 1126 389 1158 Μτεδυνάστευον,
404 1128 451 1153 καὶ
467 1126 615 1161 διήρπαζον
629 1126 722 1163 ἄνδρα,
736 1126 784 1152 καὶ
801 1125 847 1152 τὸν
863 1123 936 1151 οἷκον

146 1172 242 1203 αὑτοῦ,
253 1172 337 1208 ἄνδρα
354 1173 401 1199 καὶ
411 1173 460 1208 τὴν
472 1173 653 1208 κληρονομίαν
664 1172 757 1199 αὑτοῦ.
776 1180 784 1197 ι
801 1171 873 1206 Πρὸς
887 1171 936 1206 μὲν

145 1219 201 1253 γὰρ
217 1218 285 1244 Θεὸν
296 1219 401 1253 ἀφορᾷν
413 1218 463 1244 οὑκ
478 1218 628 1249 ὲὸούλοντο,
643 1218 703 1244 οὐδέ
717 1226 777 1244 τινα
790 1217 868 1251 λόγον
883 1216 936 1243 τῶν

146 1265 213 1300 παρ’
228 1264 312 1290 αὐτοῦ
327 1263 580 1299 νενομοθετημένων
596 1263 746 1290 ποιεῖσθαι·
763 1263 827 1299 περὶ
844 1262 871 1289 δὲ
885 1262 937 1293 τὰς

145 1310 202 1337 τῶν
212 1310 363 1345 ἀλλοτρίων
375 1310 520 1345 ἐπιθυμίας
536 1309 708 1344 ἠσχολοῦντο,
722 1309 768 1336 καὶ
784 1309 837 1335 τῶν
850 1309 936 1344 ἀπρο-

149 1358 323 1384 πασιάστων
341 1357 388 1383 καὶ
403 1357 527 1392 πενήτων
542 1356 691 1392 διήρπαζον
705 1356 740 1382 τὰ
750 1356 887 1390 κτήματα,
898 1355 938 1386 εἰς

146 1403 250 1430 ἄτοπον
264 1404 297 1438 τῇ
312 1402 416 1429 ἑαυτῶν
430 1401 666 1438 κατακεχρημένοι
683 1400 836 1435 δυναστείᾳ.
854 1410 863 1426 t
889 1401 938 1426 Διά

146 1449 225 1476 τοῦτο
245 1449 308 1476 τάδε
335 1449 408 1483 λέγει
432 1449 547 1484 Κύριος·
568 1448 632 1475 Ἰδοὺ
656 1447 711 1482 ἐγὼ
733 1447 875 1482 λογίζομαι
891 1447 938 1473 ἐπὶ

145 1495 195 1530 τὴν
209 1495 299 1530 φυλὴν
314 1495 415 1530 ταύτην
431 1495 512 1526 κακὰ,
522 1494 552 1527 ἐξ
560 1491 596 1520 ὧν
606 1494 636 1521 οὐ
647 1494 684 1529 μὴ
694 1494 777 1529 ἄρητε
792 1494 855 1524 τοὺς
870 1501 938 1529 τρα-

985 256 1086 291 aquila.
1104 257 1232 291 qttoniam
1257 256 1357 291 captivi
1374 255 1482 282 abducti
1497 258 1562 282 sunt
1576 262 1608 281 ex
1620 258 1656 282 te.
1679 263 1688 280 ι
1715 253 1772 281 Lu-

984 310 1047 337 gere
1061 302 1132 329 enim
1149 306 1174 330 te
1187 306 1293 336 oportet
1306 303 1488 337 captivitatem
1497 307 1616 332 tuortnn,
1630 302 1676 336 qui
1690 306 1771 329 antea

987 353 1115 382 tanquam
1132 348 1159 375 in
1189 348 1275 382 patria
1303 347 1418 374 delicate
1439 348 1575 379 vivebant,
1604 356 1676 375 nunc
1705 356 1771 376 vero

985 394 1150 428 captivitatis
1167 394 1237 420 tnala
1254 393 1410 428 gustabunt.
1425 394 1494 426 1am,
1512 393 1617 420 «Dilata
1631 394 1770 421 calvitium

985 438 1060 466 tuum
1079 444 1108 466 ut
1128 440 1230 474 aquila,
1246 449 1256 465 ι
1273 440 1319 472 ait,
1335 440 1399 475 quia
1413 439 1470 466 hace
1490 441 1547 467 avis
1559 445 1634 468 certo
1648 444 1773 475 tempore

985 490 1099 513 cunctas
1125 494 1190 513 suas
1216 486 1333 520 abjicere
1361 486 1477 513 traditur
1503 494 1607 520 paruas.
1637 486 1772 521 Deinceps

985 539 1061 559 more
1075 540 1124 559 suo
1141 539 1251 560 causam
1267 532 1399 559 malorum
1416 533 1522 559 recitat.

1321 623 1397 652 CAP.
1418 624 1462 651 lll.

1021 669 1102 697 Vens.
1118 670 1173 698 ιδ.
1188 685 1218 690 -—
1236 679 1246 695 I
1262 669 1338 697 Facti
1357 674 1420 697 sunt
1435 670 1586 704 cogitantes
1604 670 1720 700 labores.
1744 673 1772 697 et

985 720 1130 750 operantes
1144 716 1214 742 mala
1231 716 1258 742 in
1274 715 1410 743 cubilibus
1435 716 1503 746 suis,
1517 720 1543 743 et
1563 716 1622 743 luce
1640 717 1772 743 matutina

986 763 1212 789 consummabant
1229 770 1270 790 ea.
1298 772 1307 788 ι
1326 762 1354 790 ld
1372 767 1427 794 est,
1451 762 1499 790 has
1517 763 1608 790 animo
1628 763 1773 790 versabant

986 808 1176 841 cogitationes,
1192 808 1262 836 unde
1283 808 1349 843 ipsis
1366 808 1391 834 hi
1408 808 1477 842 parti
1494 812 1558 835 sunt
1574 807 1692 839 labores,
1705 809 1774 835 ima-

986 854 1110 888 ginautes
1129 855 1156 881 in
1173 855 1242 881 lecto
1267 862 1316 882 suo
1331 859 1472 889 protervos
1488 858 1574 884 actus,
1593 859 1619 881 et
1635 862 1695 881 mox
1713 854 1774 882 illu-

987 903 1113 926 cescente
1128 899 1171 926 die
1183 899 1295 926 consilia
1311 899 1432 933 improba
1448 899 1474 925 in
1486 907 1541 925 rem
1557 898 1772 926 conferentibus.

990 954 999 970 ι
1018 944 1150 977 Quoniam
1167 952 1219 971 non
1235 945 1390 972 extulerunt
1407 945 1438 971 ad
1452 943 1535 971 Deum
1548 952 1644 972 manus
1659 953 1734 976 suas,
1747 948 1774 971 et

987 991 1183 1025 concupiebant
1194 998 1285 1025 agros,
1298 995 1323 1018 et
1335 990 1499 1024 diripiebant
1515 990 1600 1017 virum
1617 998 1648 1018 ac
1663 991 1773 1018 domum

987 1035 1057 1069 ejus,
1073 1036 1171 1067 virum,
1188 1036 1265 1070 177
1285 1036 1405 1070 inquam,
1423 1039 1449 1062 et
1469 1036 1650 1063 hereditatem
1669 1035 1739 1070 ejus.
1761 1045 1772 1062 ι

988 1080 1110 1115 Namque
1126 1081 1158 1108 ad
1176 1081 1260 1107 Deum
1275 1081 1411 1116 respicere
1427 1082 1564 1113 nolebant,
1587 1089 1674 1117 neque
1691 1082 1773 1108 ullam

989 1127 1179 1154 mandatorum
1196 1127 1256 1161 ejus
1271 1128 1404 1154 rationeut
1419 1127 1566 1159 habebant,
1580 1132 1606 1154 et
1622 1127 1717 1154 alienae.
1735 1127 1772 1154 rei

988 1173 1146 1206 inhiabant,
1166 1177 1192 1200 et
1222 1181 1370 1207 pattperttm
1393 1181 1424 1199 ac
1449 1174 1601 1208 patrocinio
1623 1173 1775 1200 carentium

989 1218 1130 1246 facultates
1143 1218 1318 1253 diripiebant,
1335 1219 1454 1253 potentia
1475 1226 1523 1246 sna
1547 1219 1580 1245 ad
1605 1219 1775 1253 iniquitatem

988 1264 1141 1291 abutentes.
1161 1273 1170 1290 ι
1196 1263 1342 1298 Propterea
1373 1264 1430 1291 haec
1451 1263 1516 1290 dicit
1529 1263 1658 1290 Dominus
1682 1263 1774 1290 :i’.ccc

988 1316 1038 1344 ego
1052 1309 1142 1344 cogito
1156 1316 1239 1343 super
1253 1309 1354 1336 tribum
1370 1308 1539 1341 istammala,
1551 1316 1582 1335 ex
1601 1308 1702 1342 quibus
1720 1315 1776 1335 non

989 1357 1118 1384 auferetis
1146 1357 1216 1383 colla
1242 1360 1342 1388 vestra,
1367 1361 1393 1383 et
1417 1363 1471 1383 non
1493 1355 1667 1383 ambulabitis
1692 1355 1776 1382 erecti

989 1402 1090 1434 subito,
1105 1402 1168 1437 quia
1199 1403 1299 1429 malum
1316 1406 1422 1437 tempus
1445 1407 1497 1429 est.
1517 1411 1526 1426 ι
1546 1401 1658 1436 Propter
1686 1405 1776 1429 vestra

990 1447 1047 1474 haec
1057 1447 1172 1474 consilia
1195 1451 1222 1474 et
1239 1451 1327 1478 actus,
1350 1447 1432 1474 talem
1445 1447 1522 1474 vobis
1537 1454 1643 1481 pmnam
1659 1446 1776 1479 edicam,

989 1501 1021 1520 ex
1038 1501 1092 1528 qua
1108 1493 1244 1528 respirare
1257 1493 1333 1520 vobis
1349 1500 1402 1520 non
1433 1493 1542 1525 licebit;
1561 1492 1608 1520 sed
1623 1492 1699 1519 curvi
1716 1500 1777 1518 om-

147 1541 246 1576 χήλους
259 1541 350 1576 ὑμῶν,
367 1541 414 1567 καὶ
425 1541 455 1567 οὐ
469 1540 507 1576 μὴ
521 1540 673 1576 πορευθῆτε
687 1539 761 1575 ὀρθοί
773 1548 780 1555 ·
796 1538 936 1573 ἐξαίφνης,

990 1542 1056 1566 nino
1080 1539 1226 1566 manebitis
1239 1543 1267 1566 et
1289 1539 1373 1566 humo
1392 1539 1470 1574 proni
1491 1539 1542 1566 sub
1557 1538 1777 1566 incumbentium

146 1587 187 1614 ὅτι
203 1587 304 1623 καιρὸς
315 1587 432 1622 πονηρός
451 1588 533 1613 ἐστιν.
551 1596 561 1612 ι
582 1586 667 1621 ’Υπὲρ
681 1586 712 1621 δὴ
735 1585 836 1612 τούτων
859 1585 936 1620 ὑμῶν

989 1586 1123 1611 malorum
1143 1585 1270 1620 pondere.

147 1633 201 1660 τῶν
214 1642 245 1660 τε
272 1633 463 1668 βουλευμάτων
484 1633 596 1660 καὶτῶν
615 1632 740 1667 πράξεων
764 1631 890 1666 τοιαύτην
906 1631 970 1666 ὑμῖν
984 1630 1085 1657 ὲποίσω
1098 1631 1243 1666 τιμωρίαν,
1264 1631 1310 1664 ἀφ’
1324 1628 1358 1666 ἦς
1381 1630 1442 1657 οὐδὲ
1463 1630 1609 1658 ἀνανεῦσαι
1627 1629 1689 1665 ὑμῖν
1702 1630 1778 1656 ἔσται

147 1680 275 1708 δυνατόν·
299 1679 449 1713 διαμενείτε
468 1678 496 1705 δὲ
522 1677 744 1712 συγκεκαμμένοι
760 1675 899 1708 παντελῶς
931 1675 977 1702 καὶ
992 1675 1067 1702 κάτω
1087 1675 1211 1707 νεύοντες
1232 1675 1285 1702 ὑπὸ
1307 1675 1354 1702 τοῦ
1373 1676 1505 1711 μεγέθους
1524 1676 1578 1702 τῶν
1598 1676 1780 1711 ἐπικειμένων

149 1734 250 1753 κακῶν.

185 1773 260 1808 Στίχ.
277 1770 309 1803 δ’,
320 1774 352 1797 ε’.
365 1784 401 1789 —
420 1778 429 1794 ι
449 1768 493 1795 Ἑν
506 1769 539 1804 τῇ
558 1767 650 1804 ἡμέρᾳ
668 1766 759 1802 ἐκείνῃ
771 1765 938 1802 ληφθήσεται

151 1819 192 1854 ἐφ’
214 1819 290 1854 ὑμᾶς
321 1815 463 1851 παραϐολὴ
487 1815 535 1841 καὶ
551 1813 751 1849 θρηνηθήσεται
779 1811 887 1848 θρῆνος,
909 1812 939 1838 ἐν

154 1865 228 1901 μέλει
240 1863 385 1897 λεγόντων·
407 1860 584 1896 Ταλαιπωρία
601 1859 873 1894 ὲταλαιπωρήσαμεν,
891 1865 939 1892 με-

153 1913 193 1945 ρὶς
211 1910 279 1938 λαοῦ
295 1918 345 1945 μου
364 1907 554 1943 κατεμετρήθη
570 1907 607 1940 (p.
622 1905 685 1940 270)
702 1906 730 1932 ὲν
751 1903 875 1940 σχοινίῳ·
893 1903 940 1930 καὶ

151 1957 201 1985 οὐκ
221 1954 255 1992 ἦν
272 1957 288 1982 ὸ
303 1954 433 1982 κωλύσων
448 1953 529 1980 αὑτὸν
548 1951 595 1978 τοῦ
613 1951 801 1985 ἀποστρέψαι·
815 1951 839 1976 οἱ
860 1949 942 1985 ἀγροὶ

154 2002 228 2038 ὑμῶν
243 2000 472 2037 ὄιεμετρήθησαν.
489 2008 498 2024 ι
517 1998 584 2024 Τότε
600 1997 633 2032 δὴ
650 1996 748 2032 θρῆνος
763 1997 827 2032 ὑμῖν
845 1995 941 2031 ὀδυνη-

155 2049 199 2083 ρὸς
208 2047 336 2083 ἁρμόσει·
346 2046 376 2072 τὸ
386 2045 439 2081 γὰρ
453 2055 462 2070 ι
471 2046 500 2071 ἐν
511 2044 585 2079 μέλει
598 2053 606 2068 ι
617 2043 697 2070 τοῦτο
707 2043 790 2077 λέγει.
805 2043 854 2069 Ὃν
865 2043 942 2077 ποιή-

155 2094 232 2120 σεσθε
239 2094 288 2128 τὴν
296 2092 400 2119 ἑαυτῶν
406 2091 420 2117 θ
425 2090 565 2127 ρηνοῦντες
571 2088 883 2124 ταλαιταυρίαν,όρῶντες
890 2088 940 2123 τὴν

157 2138 249 2173 μερίδα
271 2137 321 2172 τὴν
334 2135 446 2167 οἰκείαν,
461 2135 583 2162 τουτέστι
598 2134 647 2170 ⁴τὴν
663 2135 727 2169 ὑμῖν
747 2133 938 2169 προσήκουσαν

156 2182 204 2218 γῆν
218 2182 270 2208 ὑπὸ
293 2180 440 2216 ἀλλοτρίων
464 2179 649 2214 κατεχομένην
667 2187 697 2205 τε
719 2179 768 2206 καὶ
785 2178 939 2214 διαιρουμέ-

156 2237 202 2262 νην
214 2227 320 2259 οὐδενὸς
328 2227 403 2258 ὄντος
417 2225 463 2252 τοῦ
479 2225 593 2252 κωλύειν
603 2224 689 2252 ταῦτα
703 2225 851 2261 γιγνόμενα
860 2226 938 2252 δυνα-

1026 1763 1110 1792 Vens.
1126 1765 1153 1797 Δ,
1173 1765 1200 1791 5.
1217 1779 1252 1784 —-
1269 1773 1278 1790 ι
1299 1764 1346 1791 Illa
1362 1763 1407 1790 die
1426 1768 1549 1791 sumetur
1571 1771 1653 1798 super
1669 1771 1718 1790 vos
1730 1771 1779 1798 pa-

992 1810 1096 1840 rabola,
1115 1813 1143 1837 et
1163 1810 1288 1844 planctus
1305 1809 1448 1844 plangetur
1459 1809 1486 1835 in
1505 1809 1625 1840 cantico,
1637 1809 1777 1837 dicendo:
1799 1818 1802 1822 '

992 1856 1101 1883 Miseria
1117 1856 1209 1883 miseri
1229 1855 1292 1882 facti
1308 1863 1423 1882 sumus:
1442 1862 1504 1890 pars
1526 1855 1618 1889 populi
1636 1856 1688 1882 mei
1705 1855 1779 1883 funi-

993 1902 1054 1930 culo
1069 1901 1192 1928 dimensa
1211 1905 1262 1932 est,
1289 1907 1315 1928 et
1331 1908 1383 1927 non
1406 1905 1464 1928 erat
1478 1900 1524 1935 qtti
1542 1900 1696 1935 prohiberet
1715 1909 1778 1928 eum

990 1953 1020 1975 ιιι
1037 1951 1215 1975 averteretur.
1230 1947 1293 1981 Agri
1319 1946 1400 1973 vestri
1430 1945 1509 1973 divisi
1530 1945 1651 1972 fuerunt.
1672 1955 1681 1971 ι
1698 1945 1778 1972 Tunc

989 2000 1038 2019 vos
1052 1992 1151 2018 acerba
1169 1990 1324 2019 lamentatio
1336 1989 1441 2018 decebit
1453 1998 1460 2017 :
1472 1997 1533 2017 nam
1549 2000 1558 2016 ι
1570 1989 1703 2018 canticum
1715 1999 1723 2016 ι
1749 1990 1777 2018 id

989 2038 1110 2069 denotat,
1139 2036 1211 2071 qttod
1225 2037 1372 2063 cantabitis
1390 2040 1509 2063 vestram
1529 2036 1700 2071 deplorantes
1728 2037 1778 2063 mi-

990 2083 1100 2115 seriam.
1121 2082 1274 2117 portionem
1290 2086 1409 2108 vestram
1434 2081 1569 2114 videntes,
1587 2081 1613 2109 id
1627 2086 1670 2109 est
1693 2082 1776 2109 vestri

989 2130 1061 2165 juris
1077 2129 1223 2164 regionem.
1248 2127 1283 2154 ab
1305 2127 1401 2154 alienis
1427 2132 1586 2161 occupatam
1605 2131 1687 2161 atque
1707 2127 1779 2155 divi-

992 2183 1061 2207 sam,
1082 2174 1192 2202 nemine
1215 2173 1241 2200 id
1268 2173 1413 2208 prohibere
1427 2173 1552 2206 valente;
1569 2178 1596 2200 et
1612 2181 1692 2208 agros
1707 2181 1778 2208 quos

992 2225 1174 2258 praepotenter
1189 2220 1383 2251 obtinueratis,
1402 2219 1480 2246 vobis
1491 2223 1600 2253 ereptos
1621 2223 1775 2248 cernentes.

159 2275 245 2309 μένου,
253 2273 316 2306 τούς
326 2283 354 2301 τε
360 2273 459 2309 ἀγροὺς
465 2272 541 2308 ὑμῶν
548 2272 595 2303 οὒς
603 2274 635 2299 ἐκ
646 2271 800 2304 πλεονεξίας
812 2275 937 2309 κατεσχή-

993 2272 1020 2295 et
1037 2267 1107 2294 alios
1136 2266 1263 2294 dominos
1288 2269 1380 2292 vestra
1409 2264 1460 2292 sibi
1487 2265 1647 2298 partientes.
1675 2263 1778 2291 Deinde

158 2328 232 2353 κατε,
239 2319 356 2355 ὁρῶντες
365 2319 380 2345 ὑ
384 2319 440 2353 μῶν
453 2319 501 2353 μὲν
510 2318 737 2354 ἀφαιρουμένους,
747 2318 776 2344 ὲν
786 2318 900 2356 διανομῇ
913 2321 942 2348 δὲ

158 2365 258 2401 ἑτέροις
273 2364 511 2400 παραδιδομένους.
522 2362 588 2391 Εἶτα
599 2365 696 2398 ἐπάγει
706 2372 713 2379 ·
731 2365 796 2391 (Διά
806 2365 886 2392 τοῦτο
893 2367 943 2393 οὐκ

159 2411 232 2438 ἔσται
247 2420 290 2438 σοι
302 2411 405 2447 βάλλων
419 2411 535 2446 σχοινίον
547 2411 650 2446 κλήρῳ.
668 2420 677 2436 ι
701 2410 810 2447 Ἐπειδὴ
827 2412 858 2438 τὸ
872 2421 943 2448 σχοι-

160 2456 212 2483 νίον
225 2458 272 2484 ἐπὶ
286 2457 337 2492 τῆς
351 2457 553 2492 διαμετρήσεως
569 2456 647 2483 εἴωθε
662 2456 761 2490 λέγειν,
775 2457 828 2483 ἀπὺ
843 2457 898 2484 τῶν
913 2459 943 2484 ἐν

159 2502 197 2537 τῷ
208 2505 314 2539 μετρεῖν
330 2505 385 2536 τιίς
395 2503 509 2538 σχοίνοις
517 2503 694 2538 κεχρημένων
703 2510 710 2517 '
722 2502 758 2534 ὼς
767 2503 804 2529 ὅτ’
813 2503 846 2530 ἂν
857 2503 923 2539 λέγῃ
933 2512 940 2520 ο

165 2557 174 2573 ι
184 2549 290 2583 Σχοινία
302 2549 434 2576 ὲπέπεσόν
447 2557 492 2584 μοι
506 2550 535 2575 ὲν
542 2549 599 2580 τοῖς
613 2548 778 2583 κρατίστοις·
790 2558 799 2574 ι
810 2549 852 2575 ἵνα
867 2549 941 2586 εἴπῃ,

162 2593 200 2619 ὅτι
214 2595 379 2630 Διεμετρήθη
402 2603 446 2630 μοι
459 2595 507 2622 καὶ
528 2594 658 2629 ὲπέλαχεν
674 2595 703 2621 ὲν
718 2594 811 2630 κλήρῳ
829 2595 860 2621 τὸ
874 2595 940 2622 κάλ-

162 2637 246 2665 λιστον
267 2639 349 2674 μέρος
366 2640 416 2675 τῆς
431 2639 500 2674 γῆς·
516 2639 594 2666 τοῦτο
615 2639 698 2673 λέγει,
717 2639 760 2666 ὅτι
775 2639 891 2674 Ὄψεσθε
906 2639 943 2666 τὰ

163 2684 278 2720 ὑμέτερα
304 2685 412 2722 ἐτέρους
431 2685 480 2721 μὲν
495 2685 684 2721 λαμϐάνοντας
702 2685 749 2711 καὶ
761 2684 943 2720 ,διαμετροῦν-

163 2736 219 2762 τις,
232 2730 362 2765 ὑμέτερον
372 2731 399 2758 δὲ
414 2731 443 2764 ἐξ
459 2731 585 2758 ἁπάντων
598 2731 720 2765 ὑπάρχον
735 2729 825 2756 οὐδέν·
839 2730 868 2756 ὲν
878 2730 941 2764 ὑμῖν

165 2771 207 2800 οὖν
217 2776 303 2807 οὐδεὶς
313 2777 387 2803 ἔσται
400 2777 515 2813 μετρῶν,
527 2777 587 2804 οὐδὲ
598 2775 701 2818 κλῆρον
714 2775 817 2802 ϐάλλων
825 2784 832 2790 ’
848 2775 940 2811 ἐπειδὴ

195 2863 217 2879 ⁸⁸
233 2862 302 2891 Psal.
322 2872 364 2898 xv,
376 2865 404 2894 ϐ.

992 2314 1067 2342 addit
1081 2321 1089 2339 :
1106 2323 1116 2339 ι
1139 2312 1201 2340 Ideo
1216 2319 1269 2339 non
1289 2311 1341 2339 erit
1355 2310 1431 2338 vobis
1446 2311 1550 2344 jaciens
1567 2311 1593 2337 in
1620 2309 1778 2338 hereditate

992 2358 1154 2386 funiculum.
1187 2367 1196 2383 ι
1223 2356 1357 2390 Quoniam
1382 2355 1521 2382 funiculus
1556 2355 1583 2381 in
1607 2354 1779 2382 dimensione

991 2405 1044 2432 tlici
1061 2405 1139 2433 solet.
1167 2403 1230 2437 quia
1245 2403 1292 2429 illo
1309 2406 1424 2428 ututttur
1446 2401 1571 2428 homines
1582 2399 1615 2427 ad
1630 2400 1777 2427 dimetien-

991 2452 1072 2483 dum;
1088 2450 1161 2477 velut
1175 2449 1214 2475 ait
1236 2447 1382 2475 Psalmista
1396 2456 1403 2474 ε
1422 2455 1432 2472 t
1452 2445 1579 2473 Funiculi
1592 2445 1658 2472 mibi
1671 2445 1780 2473 cecide-

992 2502 1057 2523 runt
1069 2495 1096 2522 in
1112 2494 1222 2530 optimis
1233 2493 1275 2525 “;
1308 2502 1318 2518 ι
1332 2499 1363 2519 ac
1396 2492 1418 2520 si
1432 2491 1520 2520 dicat:
1533 2490 1689 2518 Dimensum
1711 2490 1778 2517 mihi

993 2543 1053 2574 fuit,
1068 2547 1095 2569 et
1107 2541 1210 2576 optima
1221 2544 1301 2567 teme
1312 2545 1376 2573 pars
1385 2537 1536 2565 haereditati
1549 2536 1664 2570 obtigit;
1675 2535 1780 2564 idcirco

993 2589 1051 2616 ait:
1067 2587 1140 2614 Bona
1163 2591 1252 2614 vestra
1276 2584 1394 2612 cernetis
1415 2583 1450 2610 ab
1464 2582 1525 2609 aliis
1541 2582 1601 2617 capi
1619 2585 1700 2617 atque
1722 2581 1780 2609 dis-

993 2634 1075 2662 tribui
1086 2633 1182 2667 ;vobis
1192 2637 1282 2658 autem
1299 2631 1366 2658 nihil
1386 2636 1447 2657 esse
1463 2628 1608 2663 reliqttum.
1638 2627 1683 2654 Sic
1696 2627 1780 2662 igitur

992 2687 1074 2708 nemo
1085 2679 1215 2706 intervos
1226 2677 1278 2704 erit
1292 2676 1338 2711 qui
1366 2674 1524 2702 dimetiatur
1544 2673 1584 2700 vel
1617 2677 1718 2700 sortem
1739 2672 1781 2706 ja-

994 2726 1059 2757 ciat,
1069 2724 1133 2759 quia
1147 2726 1236 2750 vestra
1258 2721 1348 2747 omnia
1371 2719 1539 2749 auferentur,
1559 2721 1587 2745 et
1601 2717 1689 2745 aliena
1705 2716 1778 2744 ﬁent.

995 2771 1061 2800 Vos.
1073 2770 1195 2805 inquam,
1209 2775 1242 2795 ex
1252 2771 1293 2794 tot
1302 2766 1400 2801 opibus
1413 2764 1516 2793 nullius
1527 2763 1565 2790 rei
1579 2762 1781 2798 possessionem
