1972 3066
183 134 238 163 555

763 136 936 166 THEODORI
955 135 1194 166 MOPSUESTENI

1761 131 1813 162 350

184 191 347 223 retinebitis,
363 192 409 220 sed
423 192 514 219 omnia
528 192 555 219 in
573 192 688 219 aliorum
706 193 786 228 178
801 193 969 220 dominatum

1023 194 1113 220 πάντα
1130 194 1179 229 μὲν
1199 192 1275 229 ὑμῶν
1297 192 1526 228 ἀφαιρηθήσεται,
1550 192 1626 218 ἔσται
1639 191 1667 218 δὲ
1690 191 1810 227 ἑτέρων·

184 237 302 264 transire
313 237 439 264 videbitis
452 246 458 263 :
473 237 553 267 alios.
581 237 705 272 inquam,
731 245 779 272 pro
792 245 843 265 suo
859 239 972 272 quzcsito

183 282 256 317 jure,
268 283 337 311 bona
349 287 438 311 vestra
452 284 524 311 inter
540 291 570 312 se
585 284 717 312 tribuere.

219 424 304 452 Vens.
318 426 346 457 6,
359 426 384 453 7.
398 441 433 446 —-
458 436 468 452 ι
487 426 515 453 In
530 426 650 455 Ecclesia
680 426 786 454 Domini
810 428 893 455 nolite
909 428 973 456 ﬂere

183 471 323 506 lacrymis,
338 479 426 506 neque
441 472 625 508 Iacrymenlur
639 481 722 508 super
749 474 808 505 his;
824 482 878 501 non
899 475 971 501 enim

184 517 295 549 ahjiciet
318 518 462 551 opprobria
480 518 525 551 qui
537 518 604 545 dicit
626 529 632 546 :
649 519 750 546 Domus
763 519 847 547 Jacob
859 521 891 547 ad
905 521 972 548 iram

184 561 341 594 provocavit
354 561 484 596 Spiritum
499 562 616 589 Domini.
638 573 647 589 ι
664 563 752 590 Nolite
769 572 834 598 ergo
846 565 871 591 in
894 566 973 592 coeti-

184 605 235 632 bus
251 606 352 633 vestris
365 606 509 642 lacrymari
521 607 582 635 sine
603 609 772 642 pmnitentia,
787 609 834 636 sed
849 610 972 638 dolentes

184 652 373 678 tantummodo
389 651 422 679 de
437 653 569 680 malorum
585 651 737 681 vestrorum
761 655 895 689 gravitate
921 663 929 684 :
946 660 972 683 et

183 703 246 722 cum
269 696 323 723 Deo
346 698 541 732 propemodum
571 700 782 734 expostulando,
811 701 933 729 dicentes
963 711 970 728 :

184 740 244 768 Kon
267 749 317 769 nos
331 743 381 769 soli
400 742 483 769 Deum
510 743 687 776 irritavimus.
700 753 787 780 neque
807 754 856 774 nos
867 751 971 774 tantum

183 793 265 821 p'ave
292 795 341 815 nos
360 788 503 821 gessimus.
524 788 592 821 Quid
608 789 619 815 ?
640 789 738 816 Czeteri
753 791 861 824 quidem
877 799 927 826 pro
940 792 972 818 li-

184 831 241 859 bito
259 839 308 860 nos
325 837 434 864 vexant,
445 840 495 860 nos
506 840 569 860 vero
580 833 629 860 soli
643 834 764 867 passivi?
778 834 860 869 Atqui
875 842 907 861 ex
929 834 972 862 his

1023 239 1069 264 καὶ
1092 239 1170 273 ὑμεῖς
1189 238 1239 274 μὲν
1262 239 1294 264 ὲκ
1317 237 1422 264 πολλῶν
1449 237 1595 273 κτημάτων
1612 236 1704 263 ἔσεσθε
1724 236 1814 272 κύριοι

1021 284 1141 316 οὐδενὸς,
1161 286 1204 318 (p.
1224 284 1293 319 271)
1313 283 1413 318 ὄψεσθε
1436 283 1464 309 δὲ
1482 283 1551 310 αύτά
1567 282 1620 309 ὑπὸ
1641 282 1690 317 τὴν
1711 283 1814 317 ἑτέρων

1022 330 1171 365 γιγνόμενα
1179 330 1338 356 δεσποτείαν
1347 350 1355 362 ,
1367 329 1414 356 καὶ
1426 329 1535 364 ἐτέρους
1550 330 1610 355 κατ’
1621 328 1747 361 ἐξουσίαν
1759 328 1814 355 δια-

1024 375 1191 410 νεμομένους
1205 375 1239 401 τά
1257 375 1386 410 ὑμέτερα.

1058 420 1131 455 Στίχ.
1145 423 1182 452 ς’,
1194 419 1226 452 ζ’.
1235 435 1268 440 ——
1282 429 1291 446 ι
1303 421 1347 447 Ἐν
1363 419 1508 455 Ἐκκλησία
1521 420 1622 455 Κυρίου
1635 419 1672 455 μὴ
1681 419 1813 454 δακρύετε

1022 466 1162 501 δάκρυσιν,
1189 466 1257 501 μηδὲ
1281 465 1472 501 δακρυέτωσαν
1496 465 1542 491 ἐπὶ
1566 465 1686 496 τούτοις·
1707 465 1736 491 ού
1758 464 1813 499 γὰρ

1023 512 1163 539 ἀπώσεται
1177 512 1265 547 ὀνείδη
1284 511 1384 545 λέγων·
1406 509 1487 543 Οῖκος
1507 510 1602 538 ’ἰακὼὸ
1637 509 1814 546 παρώργισεν

1023 557 1135 593 Πνεῦμα
1163 557 1285 593 Κυρίου.
1307 567 1318 583 ι
1344 557 1391 592 Μὴ
1419 557 1508 583 τοίνυν
1538 557 1674 588 συνιόντες
1698 556 1812 591 δάκρυσι

1023 604 1158 640 κέχρησθε
1181 604 1212 630 οὗ
1235 603 1426 638 μεταμελείας.
1445 603 1503 630 ἀλλ’
1523 602 1669 636 ἀλγοῦντες
1697 602 1746 637 μὲν
1766 601 1813 628 ἐπὶ

1022 649 1061 684 τῷ
1077 649 1187 684 μεγέθει
1203 649 1257 676 τῶν
1276 648 1486 684 συμϐεϐηκότων
1511 649 1576 683 ὑμῖν
1589 647 1692 678 κακῶν,
1712 647 1812 683 τρόπον

1022 694 1051 720 δέ
1071 703 1130 720 τινα
1148 694 1195 720 καὶ
1217 693 1336 720 αἱτίασιν
1361 693 1544 729 προσάγοντες
1558 692 1598 728 τῷ
1613 692 1682 727 Θεῷ,
1696 692 1743 719 καὶ
1766 691 1811 718 λέ-

1022 749 1127 774 γοντες,
1139 741 1179 766 ὅτι
1190 741 1246 775 Οὐχ
1256 741 1335 776 ἡμεῖς
1350 739 1429 775 μόνον
1441 739 1507 766 Θεὸν
1519 738 1811 775 παρωργίσαμεν,οὑδὲ

1023 787 1087 821 παρ’
1110 786 1189 821 ἡμῶν
1205 785 1291 820 μόνων
1311 785 1345 811 τά
1366 785 1454 811 ἄτοπα
1479 784 1647 819 πέπρακται.
1663 783 1696 809 Τί
1717 783 1811 818 δήποτ’

1023 831 1084 864 05v;
1100 832 1188 867 ἕτεροι
1216 831 1266 867 μὲν
1290 830 1326 858 τὰ
1351 830 1480 857 δοκοῦντα
1509 830 1633 856 ποιοῦσιν
1658 830 1698 860 είς
1723 829 1811 864 ἡμᾶς,

182 878 274 905 verbis
301 878 403 904 nullam
431 885 477 904 vos
511 878 653 905 utilitatem
677 879 805 913 capietis;
822 887 910 914 neque
934 879 970 906 ob

1022 878 1100 912 ἡμεῖς
1113 877 1141 903 δὲ
1155 878 1295 911 πάσχομεν
1314 876 1410 911 μόνον;
1426 876 1493 902 Οὐδὲ
1506 875 1561 910 γὰρ
1575 874 1651 901 ἔσται
1667 883 1704 907 τι,
1717 874 1811 909 φησιν,

184 922 255 950 hanc
281 923 417 958 querelam
442 923 563 950 vitabilis
586 923 719 951 malorum
745 924 971 958 experimentum,

182 973 266 1003 atque
277 976 291 995 a
305 969 491 996 maledicendo
502 970 537 996 ob
554 971 771 1003 supervenientia
795 970 865 997 mala
879 978 972 998 cessa-

183 1014 258 1042 bitis.
279 1013 352 1045 Haec,
374 1014 472 1049 inquit,
491 1014 576 1041 nolite
586 1014 685 1042 facere.
706 1024 716 1040 ι
738 1013 765 1042 Si
782 1015 823 1042 h:e
837 1019 902 1042 sunt
928 1023 974 1042 or-

183 1061 339 1088 dinationes
350 1061 421 1095 ejus,
437 1068 527 1088 nonne
537 1061 600 1087 boni
613 1065 676 1088 sunt
687 1068 827 1088 sermones
836 1061 896 1096 ejus
910 1069 972 1089 cum

184 1107 254 1142 ipso,
270 1108 391 1142 rectique
400 1106 571 1142 procedunt?
584 1117 592 1132 ο
605 1106 672 1134 Illud
682 1107 772 1141 potius
789 1107 971 1139 considerate,

183 1153 268 1180 Deum
281 1153 327 1188 qui
341 1153 403 1180 talia
416 1154 492 1181 vobis
510 1153 612 1184 intulit.
624 1153 691 1180 nihil
700 1153 823 1180 debitum
834 1153 972 1187 omisisse;

183 1200 231 1228 sed
245 1203 272 1226 et
286 1199 391 1227 idoneis
414 1199 506 1227 verbis
532 1207 580 1227 vos
596 1207 658 1227 esse
679 1199 840 1229 allocutum.
856 1203 884 1225 et
902 1206 974 1233 saepe

183 1244 300 1272 officium
323 1245 460 1276 docuisse,
486 1250 513 1272 et
536 1245 634 1272 futurae
658 1252 745 1280 poenae
767 1245 943 1279 praedictione
957 1253 973 1272 a

183 1290 325 1318 maleﬁciis
340 1298 389 1318 vos
403 1290 541 1318 retrahere
554 1290 684 1318 voluisse.
709 1293 743 1317 At
764 1298 814 1317 vos
832 1290 913 1317 dictis
929 1299 975 1317 au-

182 1336 302 1364 scultare
318 1340 476 1370 renuentes,
500 1336 646 1364 verborum
665 1336 711 1363 Dei
737 1336 931 1364 rectitudinem
947 1342 974 1363 et

182 1382 337 1416 a2quitatem
349 1381 494 1409 manifeste
510 1382 722 1417 comprobastis,
743 1382 789 1417 qui
807 1382 895 1417 primo
911 1383 973 1417 qui-

183 1426 245 1454 dem
262 1427 408 1454 emendare
417 1435 465 1455 vos
480 1427 566 1454 voluit
577 1427 800 1462 praedictionibus
819 1436 828 1459 ;
840 1428 887 1456 sed
899 1432 976 1462 post-

182 1480 265 1507 quam
280 1480 334 1500 non
349 1473 570 1507 obtemperastis,
580 1474 738 1501 necessario
754 1473 831 1501 vobis
844 1481 899 1501 non
916 1482 976 1509 pte-

183 1518 331 1546 nitentibus
352 1519 494 1546 veritatem
503 1519 638 1548 dictorum
651 1527 761 1548 suorum
774 1521 975 1555 comprobavit.

1023 923 1055 949 ὲκ
1075 922 1176 948 τούτων
1197 922 1252 948 τῶν
1274 921 1402 956 ῥημάτων
1418 921 1513 955 δφελος
1528 921 1608 956 ὑμῖν,
1624 920 1685 947 οὐδὲ
1709 921 1740 946 ὲκ
1761 919 1811 953 τῆς

1023 969 1168 1000 αἱτιάσεως
1190 968 1292 1003 ταύτης
1304 967 1480 1002 διαφεύξεσοε
1510 967 1559 1002 μὲν
1574 967 1628 993 τῶν
1649 965 1742 993 κακῶν
1763 965 1812 1000 τὴν

1024 1016 1131 1050 πεῖραν,
1146 1014 1282 1041 παύσεσθε
1296 1014 1324 1040 δὲ
1338 1014 1383 1040 ἐπὶ
1401 1015 1456 1045 τοῖς
1472 1013 1673 1048 συμϐεὸηκόσιν
1682 1010 1811 1043 ὀνειδιζόοι

1026 1069 1100 1096 μενοι
1121 1062 1233 1092 κακοῖς·
1247 1060 1331 1086 ταῦτα
1354 1060 1404 1095 μὲν
1415 1057 1472 1091 οὖν,
1490 1059 1566 1094 φησὶ,
1591 1059 1627 1093 μὴ
1650 1058 1762 1084 ποιεῖτε.
1778 1057 1811 1083 Τί

1023 1107 1069 1139 δέ.;
1090 1117 1099 1132 «
1116 1107 1148 1134 Et
1168 1105 1253 1133 ταῦτα
1275 1105 1477 1141 ἐπιτηδεύματα
1499 1105 1581 1133 αὑτοῦ
1607 1105 1692 1136 ἐστιν,
1708 1104 1768 1139 οὐχὶ
1786 1103 1811 1130 οι

1024 1153 1097 1187 λόγοι
1110 1152 1194 1179 αὐτοῦ
1209 1152 1287 1179 καλοί
1305 1153 1358 1179 είσι
1381 1151 1439 1187 μετ’
1458 1151 1551 1183 αὐτοῦ,
1567 1151 1615 1178 καὶ
1630 1151 1705 1187 ὀρθοὶ
1727 1150 1812 1177 πεπό-

1025 1208 1149 1235 ρευνται;
1166 1208 1175 1224 3
1194 1199 1297 1225 Ἐκεῖνο
1306 1199 1334 1225 δὲ
1348 1198 1446 1233 μᾶλλον
1457 1197 1637 1232 ἀποϐλέψατε,
1647 1198 1687 1223 ὅτι
1701 1198 1714 1223 ὁ
1725 1196 1812 1223 ταῦτα

1025 1245 1135 1279 ἐπάγων
1152 1246 1216 1280 ὑμῖν
1232 1244 1307 1276 Θεὸς,
1325 1244 1401 1271 οὐδὲν
1415 1243 1599 1279 παραλέλοιπε
1616 1244 1669 1270 τῶν
1682 1243 1810 1270 δεόντων·

1024 1291 1092 1318 ἀλλά
1114 1291 1161 1318 καὶ
1187 1290 1277 1324 λόγοις
1304 1290 1438 1326 ἐχρήσατο
1464 1291 1519 1322 τοῖς
1549 1290 1717 1325 προσήκουσι
1744 1290 1813 1326 πρὸς

1025 1338 1111 1373 ὑμᾶς’
1129 1338 1176 1364 καὶ
1191 1336 1310 1369 ἐδίδαξεν
1329 1337 1402 1371 ὑμᾶς
1414 1336 1543 1367 πολλάκις
1556 1336 1575 1362 ἂ
1592 1336 1632 1363 δεῖ
1645 1337 1731 1363 ποιεῖν
1741 1343 1747 1350 ·
1765 1337 1814 1363 καὶ

1024 1386 1057 1419 τῇ
1077 1383 1190 1419 μηνύσει
1205 1383 1255 1418 τῆς
1273 1382 1421 1418 μελλούσης
1445 1382 1578 1418 τιμωρίας
1600 1381 1753 1417 ἀποστῆσαι
1763 1382 1813 1417 τῆς

1025 1429 1215 1464 κακοπραγίας
1230 1429 1304 1464 ὑμᾶς
1330 1428 1485 1463 ἠϐουλήθη·
1503 1428 1582 1463 ὑμεῖς
1597 1427 1625 1454 δὲ
1647 1428 1698 1455 οὑκ
1719 1428 1812 1464 ἐθελή-

1026 1485 1121 1508 σαντες
1137 1475 1282 1511 προσέχειν
1296 1475 1351 1506 τοῖς
1365 1474 1536 1509 λεγομένοις,
1552 1474 1595 1509 (p.
1609 1473 1678 1509 272)
1694 1474 1750 1501 τῶν
1763 1474 1811 1501 τοῦ

1026 1521 1093 1548 Θεοῦ
1114 1521 1200 1554 λόγων
1218 1519 1266 1555 τὴν
1278 1519 1410 1554 ὀρθότητα
1427 1520 1474 1545 καὶ
1493 1519 1541 1554 τὴν
1555 1519 1752 1554 δικαιοκρισίαν
1765 1520 1814 1546 ὲπ-

181 1565 299 1597 ιδείξατε
314 1567 415 1601 σαφῶς,
427 1567 451 1594 οἵ
468 1568 599 1603 πρότερον
613 1568 661 1602 μὲν
674 1567 745 1603 ὑμᾶς
762 1568 882 1603 βελτιοῦν
895 1568 1038 1603 ἠϐούλοντο
1061 1570 1094 1604 τῇ
1119 1568 1242 1604 μηνύσει,
1264 1567 1356 1602 ἐπειδὴ
1371 1567 1400 1593 δὲ
1413 1567 1463 1594 οὐκ
1485 1567 1638 1602 ἐπείσθητε,
1657 1567 1812 1602 ἀναγκαίως

182 1611 248 1645 ὑμῖν
263 1610 294 1636 οὐ
316 1611 526 1646 μεταμεληθεῖσι
546 1612 596 1647 τὴν
611 1612 741 1647 ἀλήθειαν
762 1613 903 1645 ἐπέδειξαν
917 1613 966 1649 τὴν
986 1614 1098 1641 οἰκείαν.

216 1656 299 1684 Vitas.
317 1657 430 1684 8-l0.——
442 1657 542 1686 Deinde
558 1659 691 1693 amplians
703 1659 895 1692 invectionem,
908 1661 964 1686 ait:

1053 1660 1126 1695 Στίχ.
1150 1663 1216 1693 η’-ι’.
1235 1674 1263 1679 -
1279 1657 1344 1685 Εἶτα
1355 1659 1402 1685 καὶ
1416 1657 1544 1685 ἐκτείνων
1560 1658 1609 1694 τὴν
1627 1659 1809 1693 κατηγορίαν·

186 1711 196 1728 ‹
215 1701 248 1728 Et
276 1707 354 1729 antea
372 1704 488 1738 populus
515 1711 591 1730 meus
610 1712 671 1731 cttm
705 1705 846 1732 inimicitia
868 1706 969 1733 restitit

181 1751 276 1774 contra
294 1755 387 1782 pacem
412 1756 500 1776 suam.
523 1758 533 1774 ι
551 1748 602 1776 Sed
622 1757 670 1777 vos
688 1749 744 1784 jam
759 1751 824 1777 olitn
849 1751 967 1778 inimici-

181 1792 247 1819 tiam
255 1793 410 1827 quamdam,
419 1793 600 1829 hostilemque
610 1795 743 1823 adversus
751 1803 793 1822 me
805 1797 967 1823 sententiam

183 1839 353 1874 suscepistis,
368 1839 479 1867 obedire
490 1839 571 1868 dictis
584 1841 722 1873 uoluistis,
731 1845 882 1877 vestraeque
894 1843 968 1876 pacis

183 1885 278 1920 magis,
290 1892 372 1920 quam
389 1885 501 1913 alterius
515 1885 671 1920 cujuslibet,
688 1886 835 1914 adversarii
847 1887 969 1914 exstitis—

183 1931 229 1959 tis.
246 1931 316 1967 Ergo
329 1934 426 1958 vestrm
448 1932 628 1959 contumacia:
643 1931 749 1959 lucrum
768 1932 849 1967 179
858 1933 968 1966 cepistis

183 1983 303 2011 praesens
333 1975 443 2002 bellum.
473 1984 483 2001 ‹
502 1974 602 2002 Pellem
634 1976 921 2010 ejusexcoriaveruut,
941 1982 970 2004 ut

182 2028 258 2056 spem
275 2021 423 2056 eriperent,
437 2021 627 2049 contritionem
645 2022 718 2050 belli.
737 2032 747 2048 ι
767 2022 905 2058 Quidquid
919 2024 969 2050 fuit

182 2067 253 2102 apud
273 2074 407 2102 pauperes
425 2067 576 2102 eripuistis,
602 2075 766 2103 omnemque
789 2069 897 2096 illorum
922 2070 971 2096 bo-

184 2121 246 2140 nam
261 2120 335 2148 spem
346 2112 525 2148 prascidistis:
543 2120 624 2148 quam
639 2113 675 2140 ob
687 2121 797 2142 causam
808 2114 870 2142 belli
887 2114 969 2149 hujus

183 2158 375 2186 contritionem
385 2158 516 2186 adversus
525 2166 572 2186 vos
582 2159 754 2187 concitastis.
769 2160 834 2194 Cur,
849 2160 890 2188 vel
901 2168 971 2195 quo-

184 2204 288 2231 modo?
305 2213 314 2229 ι
335 2203 481 2239 Propterea
497 2205 582 2232 duces
599 2205 690 2239 populi
705 2207 755 2233 mei
771 2206 918 2240 ejicientur
935 2214 968 2233 ex

183 2250 288 2278 uadibus
300 2250 460 2278 deliciarum
477 2258 599 2283 suarum,
614 2257 724 2286 propter
738 2253 823 2279 malas
839 2253 971 2280 adiuven-

184 2296 274 2323 tioues
290 2303 354 2323 suas
364 2296 445 2330 ejecti
460 2299 534 2323 sunt.
553 2306 563 2322 ι
579 2295 679 2324 Cuncti
695 2297 741 2332 qui
765 2298 912 2332 principari
928 2298 970 2325 vi-

1025 1714 1034 1730 ι
1055 1705 1110 1731 Καὶ
1121 1703 1274 1739 ἔμπροσθε-ι
1285 1703 1299 1729 ὁ
1313 1703 1375 1734 λαός
1392 1711 1441 1737 μου
1454 1704 1493 1734 είς
1503 1702 1602 1738 ἔχθραν
1615 1703 1729 1738 ἀντέστη
1744 1712 1811 1730 κατ-

1022 1750 1112 1776 έναντι
1128 1750 1176 1784 τῆς
1193 1749 1303 1784 εἰρήνης
1317 1748 1408 1775 αὑτοῦ.
1424 1758 1434 1775 ι
1454 1748 1546 1783 Ὑμεῖς
1559 1749 1587 1775 δὲ
1599 1748 1700 1776 ἄνωθεν
1711 1749 1811 1786 ἔχθραν

1022 1796 1082 1822 τινὰ
1093 1796 1140 1822 καὶ
1151 1794 1283 1830 πολεμίαν
1297 1793 1409 1829 γνώμην
1418 1794 1520 1821 εἵλεσθε
1533 1794 1601 1830 πρὸς
1616 1795 1675 1829 ἐμὲ,
1685 1795 1811 1822 πείθεσθε

1024 1843 1073 1877 μὲν
1084 1842 1139 1873 τοῖς
1155 1840 1310 1876 λεγομένοις
1323 1840 1372 1866 οὐκ
1387 1840 1532 1872 ἐθέλοντες,
1545 1840 1726 1875 πολεμοῦντες
1736 1841 1763 1867 δὲ
1776 1842 1809 1876 τῇ

1022 1888 1110 1923 οἰκείᾳ
1118 1888 1212 1923 εἰρήνῃ
1227 1886 1325 1922 μᾶλλον
1338 1886 1408 1922 ἥπερ
1422 1886 1508 1922 ἑτέρῳ
1518 1886 1568 1921 τῆς
1581 1886 1645 1920 γοῦν
1670 1886 1810 1918 ἀπειθείας

1022 1935 1070 1968 τῆς
1089 1933 1193 1960 ἑαυτῶν
1213 1933 1307 1967 κέρδος
1326 1932 1455 1969 εἰλήφατε
1479 1932 1524 1959 τὸν
1545 1933 1665 1968 παρόντα
1682 1933 1810 1969 πόλεμον.

1025 1989 1034 2004 ι
1051 1979 1104 2014 Τὴν
1117 1979 1197 2014 δορὰν
1213 1978 1295 2005 αὑτοῦ
1310 1978 1456 2013 ὲξέδειραν,
1470 1977 1517 2004 τοῦ
1539 1978 1684 2013 ἀφελέσθαι
1704 1979 1809 2012 ἐλπίδα,

1024 2025 1189 2060 συντριμμὺν
1205 2025 1334 2060 πολέμου.
1348 2033 1357 2050 ι
1369 2024 1461 2051 Πάντα
1476 2024 1511 2050 τὰ
1527 2024 1654 2059 περιόντα
1662 2027 1717 2057 τοῖς
1728 2026 1810 2060 πένη-

1024 2079 1066 2097 σιν
1080 2071 1241 2107 ἀφῃρεῖσθε,
1254 2071 1301 2097 καὶ
1317 2071 1407 2097 πᾶσαν
1421 2069 1511 2096 αὐτῶν
1527 2070 1633 2105 ἀγαθὴν
1648 2069 1810 2103 ὲξεκόπτετε

1023 2117 1131 2144 ἐλπίδαο
1148 2117 1217 2153 ὑπὲρ
1230 2115 1267 2144 ὧν
1286 2117 1317 2152 δὴ
1333 2116 1380 2143 τοῦ
1396 2117 1530 2150 παρόντος
1550 2116 1668 2152 πολέμου
1681 2117 1730 2151 τὴν
1745 2125 1810 2143 συν.

1022 2163 1117 2198 τριὸὴν
1135 2163 1195 2190 καθ’
1213 2162 1316 2189 ἑαυτῶν
1340 2163 1514 2198 κεκινήκατε.
1538 2161 1599 2194 Πῶς
1622 2163 1670 2189 καὶ
1689 2162 1750 2188 τίνα
1764 2164 1811 2189 τὸν

1021 2209 1134 2244 τρόπονς
1149 2218 1157 2234 ι
1173 2208 1221 2235 Διά
1235 2208 1313 2235 τοῦτο
1326 2209 1350 2234 at
1363 2207 1509 2243 ἡγούμενοι
1522 2207 1568 2235 τοῦ
1582 2207 1647 2234 λαοῦ
1660 2217 1710 2243 μου
1721 2209 1811 2245 ἀπορ-

1024 2255 1183 2290 ριφήσονται
1213 2256 1244 2281 ἐκ
1264 2255 1318 2280 τῶν
1344 2254 1436 2281 οἰκιῶν
1462 2254 1567 2289 τρυφῆς
1594 2254 1693 2281 αὐτῶν·
1709 2255 1754 2281 διὰ
1775 2255 1810 2282 τὰ

1022 2300 1129 2335 πονηρὰ
1146 2300 1346 2335 ἐπιτηδεύματα
1359 2299 1450 2326 αὐτῶν
1466 2299 1632 2335 ἐξώσθησαν.
1651 2309 1660 2325 ι
1674 2300 1809 2332 Ἅπαντες

183 2342 283 2368 dentur
301 2349 350 2369 sua
361 2342 388 2369 in
403 2343 532 2377 populum
546 2342 741 2376 dominatione,
756 2347 782 2369 et
795 2344 822 2370 in
837 2351 968 2378 pauperes

1022 2346 1074 2381 γὰρ
1089 2347 1113 2372 ot
1128 2345 1254 2382 ἐξάρχειν
1271 2345 1413 2378 δοκοῦντες
1428 2346 1472 2372 διὰ
1488 2345 1537 2381 τὴν
1556 2345 1713 2372 δυναστείαν
1728 2346 1756 2372 ὲν
1770 2346 1809 2381 τῷ

183 2387 337 2422 iniquitate,
350 2388 494 2423 ejicientur
505 2388 630 2416 domibus
642 2389 669 2415 in
687 2389 788 2423 quibus
799 2389 968 2417 deliciaban-

182 2439 237 2465 tur,
253 2435 298 2461 ubi
314 2434 444 2470 plurimas
467 2442 617 2470 pauperum
640 2442 706 2469 opes
721 2440 966 2469 coacervaverant;

181 2484 209 2507 et
229 2480 299 2507 hanc
324 2481 453 2516 nequitiae
469 2489 526 2509 suae
540 2489 648 2516 poenam
675 2482 762 2513 luent,
777 2481 850 2516 quod
873 2489 966 2509 earum

181 2535 271 2554 rerum
283 2535 413 2562 possessu
423 2529 560 2560 excident,
572 2535 641 2563 quas
664 2528 766 2563 injuste
778 2529 966 2556 obtinuerant.

181 2572 252 2605 Quid
281 2573 367 2608 ergo?
391 2582 400 2598 ε
432 2573 616 2608 Propiuquate
647 2574 786 2602 montibus
808 2574 931 2602 aeternis.
954 2583 963 2599 ι

182 2620 269 2656 Surge
297 2625 324 2649 et
353 2621 539 2657 proﬁciscere,
565 2623 630 2657 quia
658 2629 712 2649 non
729 2623 772 2650 hic
795 2622 841 2650 tibi
857 2623 966 2657 requies

180 2673 293 2702 propter
316 2667 518 2694 immunditiam
547 2675 553 2692 ε
576 2668 699 2701 corrupti
727 2668 792 2696 estis
803 2668 963 2704 putredine:

181 2712 302 2747 fugistis.
339 2712 448 2739 nomine
488 2717 677 2748 persequente.
703 2710 787 2739 Vobis
816 2713 907 2747 itaque
934 2719 969 2740 ne

181 2757 318 2792 pugnandi
329 2757 439 2793 quidem
452 2758 585 2785 adversus
599 2759 693 2785 hostes
703 2761 855 2792 ‘praetextus
871 2766 969 2793 super-

180 2802 243 2835 erit,
258 2803 387 2837 quoniam
400 2803 443 2831 his
454 2811 468 2830 a
477 2803 532 2831 Deo
542 2804 578 2831 ob
587 2803 738 2839 nequitiam
748 2807 865 2831 vestram
877 2803 967 2831 traditi

182 2846 283 2876 tutetis.
298 2847 510 2877 Proﬁcisdmini
523 2856 588 2884 ergo
600 2849 633 2877 ad
661 2848 779 2877 hostium
793 2849 871 2878 lines.
897 2856 967 2884 quos

1020 2390 1077 2425 λαῴ
1093 2391 1163 2426 ὑπὲρ
1178 2391 1226 2425 τῆς
1240 2391 1280 2422 εἰς
1299 2391 1361 2422 τοὺς
1373 2391 1491 2426 πένητας
1504 2391 1620 2423 ἀδικίας,
1640 2391 1808 2426 ὲξωσθήσον-

1019 2445 1064 2464 ται
1080 2436 1134 2462 τῶν
1148 2436 1229 2462 οἴκων
1245 2434 1286 2467 οἷς
1298 2436 1462 2471 ἐνετρύφων,
1477 2435 1592 2463 πλοῦτον
1608 2437 1640 2462 ἐκ
1655 2435 1708 2462 τῶν
1725 2437 1809 2472 πενή-

1019 2492 1073 2510 των
1102 2483 1276 2516 συλλέγοντες
1304 2482 1446 2509 πλεῖστον·
1465 2482 1504 2518 (p.
1523 2483 1587 2517 273)
1612 2483 1636 2509 οἳ
1661 2482 1707 2508 καὶ
1730 2482 1808 2515 δίκας

1018 2530 1068 2564 τῆς
1088 2529 1226 2564 μοχθηρᾶς
1251 2528 1377 2564 πράξεως
1402 2528 1528 2560 δώσουσι,
1544 2529 1574 2554 τὸ
1600 2528 1652 2560 ἔξω
1679 2528 1807 2562 γενέσθαι

1018 2574 1120 2600 τούτων
1134 2573 1303 2605 δεσποτείας,
1318 2572 1336 2600 ἃ
1350 2573 1443 2605 κακῶς
1457 2573 1687 2608 προσεκτήσαντο.
1701 2573 1734 2599 Τί
1743 2571 1805 2604 οὖνς

1022 2629 1031 2645 ε
1054 2619 1195 2654 Ἐγγίσατε
1214 2618 1306 2654 ὄρεσιν
1329 2618 1460 2648 αἰωνίοις.
1480 2627 1489 2643 ι
1515 2618 1658 2654 Ἀνάστηθι
1685 2619 1732 2645 καὶ
1757 2626 1806 2645 πο-

1020 2662 1110 2698 ρεύου,
1126 2662 1166 2689 ὅτι
1180 2661 1230 2688 οὐκ
1250 2661 1308 2688 ἐστι
1323 2670 1364 2688 σοι
1379 2661 1449 2697 αὕτη
1465 2662 1618 2694 ἀνάπαυσις
1631 2663 1723 2689 ἕνεκεν
1737 2664 1806 2690 ἀκα-

1017 2708 1147 2744 θαρσίαςο
1163 2707 1327 2744 διεφθάρητε
1352 2707 1455 2743 φθορᾷ·
1474 2708 1683 2744 κατεδιώχθητε,
1700 2708 1804 2739 οὑοενδς

1015 2754 1167 2786 διώκοντος.
1183 2754 1239 2789 Οὐχ
1261 2753 1452 2780 ὑπολέλειπται
1469 2754 1558 2780 τοίνυν
1583 2754 1646 2789 ὑμῖν
1673 2754 1733 2780 οὐδὲ
1750 2754 1802 2788 μά-

1015 2810 1066 2837 χης
1085 2801 1154 2836 πρὸς
1166 2800 1230 2832 τοὺς
1242 2800 1388 2836 πολεμίους
1405 2800 1552 2836 πρόφασις.
1565 2801 1617 2827 ὑπὸ
1633 2800 1700 2827 Θεοῦ
1715 2809 1803 2836 παρα-

1015 2846 1166 2882 δεδομένοιε
1180 2845 1224 2872 διὰ
1238 2845 1288 2882 τὴν
1313 2845 1462 2882 μοχθηρίαν
1476 2846 1526 2875 τὴν
1547 2846 1651 2873 οἰκείαν
1661 2855 1667 2862 ·
1681 2845 1761 2872 ἄπιτε
1773 2845 1802 2873 δὲ
