1972 3066
160 135 210 165 557

641 138 916 169 COMMENTARIUS
934 140 968 168 IN
986 142 1142 173 MICHAEIE
1160 146 1234 174 CAP.
1260 147 1301 175 III.

1728 154 1781 183 353

160 194 204 220 ὲπὶ
218 192 254 219 τὰ
269 193 332 228 δρια
347 192 401 220 τῶν
414 193 561 230 πολεμίων,
575 194 593 222 ἃ
605 195 746 232 πόρρωθεν
766 198 830 232 ὑμῖν
847 198 931 234 ηὑτρέ

996 203 1082 230 multo
1095 208 1174 233 antea
1189 206 1266 234 vobis
1279 207 1384 241 paravit
1410 207 1490 240 Deus,
1512 212 1542 235 ut
1557 208 1611 236 illic
1625 210 1724 245 captivi
1741 213 1780 239 in-

158 245 235 263 πισεν
255 238 269 264 ὁ
286 237 362 269 Θεὸς,
378 238 415 269 ὼς
434 238 467 265 ἂν
486 239 554 274 μετὰ
574 241 761 274 αἰχμαλωσίας
778 242 895 277 οίκοίητε
914 244 943 269 ἐν

157 282 263 314 αὐτοῖς·
278 285 369 317 τυχεῖν
383 284 436 318 γάρ
448 292 478 310 σε
489 285 538 318 τῆς
552 285 667 312 ἐνταῦθα
685 286 874 319 ἀναπαύσεως,
889 287 943 314 τῶν

157 327 308 355 ἀδυνάτων·
338 329 432 364 ἐπειδὴ
463 329 533 365 ὑπὲρ
559 326 597 356 ὧν
629 330 785 368 ἀκαθαρσία
814 332 943 367 συνεςῆτε

156 372 239 408 πολλῇ
255 373 326 400 κατά
339 382 368 400 τε
390 373 438 408 τὴν
452 374 590 407 ἅσέῦειαν,
605 375 676 402 κατά
694 384 723 402 τε
736 377 785 412 τὴν
802 377 856 404 τῶν
871 378 941 414 πρά-

156 418 222 450 ξεων
243 419 404 455 μοχθηρίαν,
427 421 460 455 τῇ
477 420 531 446 τῶν
550 421 687 456 πολεμίων
712 422 845 458 διαφθορᾷ
872 432 944 459 παρ-

153 465 262 500 εδόθητε
289 467 327 498 είς
351 467 384 502 ἧν
399 466 602 499 συνελαύνεσθε,
625 468 675 495 οὐκ
697 468 848 504 ἀνθρώπων
870 469 942 504 ὑμᾶς

153 511 326 544 ἀπαγόντων,
342 512 410 538 ἀλλὰ
429 512 496 539 Θεοῦ
518 512 565 539 τοῦ
586 513 634 549 τὴν
651 513 785 549 τιμωρίαν
800 515 941 551 ὁρίσαντος

151 555 255 591 ταύτην
271 556 345 591 ὑμῖν.

188 600 261 635 Στίχ.
276 604 371 636 ια’-ιγα
386 617 421 621 -
434 602 488 629 Καὶ
503 602 551 638 τὴν
563 603 652 630 αἰτίαν
666 603 752 639 λέγων
766 605 815 640 τῆς
827 604 881 632 τῶν
896 614 942 632 πε-

151 647 319 682 πραγμένων
346 649 437 679 αὐτοῖς
464 648 630 684 διαφθορᾶς,
662 660 671 675 1
702 651 814 686 Πνεῦμα
842 651 940 687 ἔστησε

149 692 266 727 ψευδές·
294 702 303 719 ι
331 693 425 728 γέγονε
450 694 478 721 δέ
496 703 548 727 σοι,
572 696 648 730 φησὶ,
667 697 776 723 πάντων
802 697 886 724 αἴτιον
910 698 940 724 τὸ

150 738 290 765 πιστεύειν
310 740 344 774 τῇ
364 739 418 766 τῶν
433 739 663 777 ψευδοπροφητῶν
683 742 784 778 ἀπάτῃ.
806 751 815 768 1
846 744 940 770 Ἑστά-

148 783 214 817 λαΞὲ
227 793 268 811 σοι
282 786 322 817 είς
335 783 405 812 οἶνον
427 787 474 813 καὶ
496 787 630 822 μέθυσμα.
651 798 660 814 ι
681 789 801 815 Ἐκείνου
817 789 870 825 γὰρ
886 790 938 816 ἀπ-

148 830 281 863 εστάλαξέ
294 840 335 857 σοι
350 833 461 866 ταυτηνὶ
471 833 519 867 τὴν
534 835 678 869 τιμωρίαν,
687 835 733 869 ἀφ’
745 832 778 870 ἧς
793 835 938 870 μεθύοντος

148 875 305 911 διενήνοχας
320 876 407 909 οὐδὲν,
423 879 455 912 τῇ
470 878 590 915 ποικιλίᾳ
605 881 801 915 περιαγόμενος
815 881 868 908 τῶν
885 891 934 909 κα-

149 920 220 946 κῶν
236 921 376 956 ἐδείξαμεν
391 925 430 957 (p.
449 923 512 957 27-5)
528 924 556 950 δὲ
569 925 614 951 καὶ
627 925 739 960 ἑτέρωθι
749 927 789 953 ὅτι
803 927 848 953 τὸν
861 926 935 955 οἶνον

148 965 195 991 ἐπὶ
209 967 260 1001 τῆς
270 967 405 1003 τιμωρίας
418 967 501 1002 λέγει.
518 978 528 994 ‹
546 970 600 996 Καὶ
611 970 687 998 ἔσται
701 972 733 998 ὲκ
744 972 795 1008 τῆς
807 974 935 1007 σταγόνος

147 1010 195 1036 τοῦ
212 1011 278 1038 λαοῦ
296 1012 389 1038 τούτου
413 1014 594 1050 συναγόμενος
613 1017 809 1052 συναχθήσεται
838 1019 934 1049 Ίακὼό

147 1057 198 1084 σὺν
212 1059 305 1085 πᾶσιν.
325 1068 334 1084 ι
357 1059 403 1086 Ἐκ
416 1059 443 1086 δὲ
455 1060 556 1097 ταύτης
572 1064 621 1098 τῆς
637 1064 728 1096 κακῶς
745 1065 809 1100 ὑμῖν
824 1067 934 1100 ἐγγενο-

148 1103 233 1138 μένης
245 1105 353 1141 ἀπάτης
371 1107 424 1133 τῶν
437 1107 665 1144 ψευδοπροφητῶν
675 1131 683 1143 ,
695 1111 814 1144 ἅπαντες
830 1113 869 1145 είς
884 1114 933 1149 τὴν

145 1150 288 1185 παροῦσαν
304 1151 465 1188 ἡθροίσθητε
479 1154 630 1189 τιμωρίαν,
649 1155 681 1190 ἣν
696 1156 820 1192 οὐδαμῶς
836 1158 933 1194 διαφυ-

144 1196 205 1227 γεῖν
227 1195 290 1230 ὑμῖν
309 1196 429 1223 δυνατόν.
452 1207 461 1223 1
493 1199 683 1235 Ἐκδεχόμενος
702 1202 844 1238 ἐκδέξομαι
870 1206 932 1238 τοὺς

143 1241 328 1274 καταλοίπους
345 1243 392 1269 τοῦ
420 1244 537 1279 Ἰσραὴλ,
555 1245 600 1272 ἐπὶ
611 1246 642 1272 τὸ
659 1247 725 1274 αὐτὸ
749 1247 866 1285 θήσομαι
882 1251 931 1286 τὴν

142 1288 321 1323 ἀποστροφὴν
332 1289 430 1316 αὐτῶν.
451 1299 460 1315 ι
478 1290 619 1324 ’Δπαντας
630 1292 717 1320 τοίνυν
731 1294 815 1330 ὑμᾶς,
829 1296 891 1329 τούς
901 1307 931 1325 τε

142 1334 279 1369 πρότερον
300 1334 450 1369 ληφθέντας
475 1337 526 1363 ὑπὸ
541 1337 595 1364 τῶν
616 1338 780 1374 Ἀσσυρίων,
798 1342 845 1368 καὶ
868 1344 932 1376 τοὺς

138 1377 271 1414 ὕστερον.
286 1379 412 1415 ἀναμενῶ
425 1382 457 1417 τῇ
473 1382 591 1419 τοσαύτῃ
606 1384 834 1421 παραδιδομένους
847 1396 933 1423 τιμω-

142 1425 199 1461 ρίᾳ.
213 1426 256 1457 είς
266 1425 299 1461 ἢν
308 1426 378 1452 κατὰ
390 1427 485 1454 ταυτὸν
499 1428 554 1455 τῶν
565 1429 655 1456 τόπων
668 1431 865 1468 ἀφαιρηθὲντες
877 1435 931 1462 τῶν

138 1471 263 1503 οἰκείων,
280 1472 522 1509 ἀποπραφήσεσθε
537 1475 577 1506 είς
593 1477 779 1511 αἰχμαλωσίαν
794 1479 932 1516 ἀπαγόμε,

994 250 1105 284 colatis;
1118 259 1181 279 nam
1193 256 1220 280 te
1234 252 1286 280 hoc
1300 253 1360 280 loco
1372 254 1476 281 diutius
1488 255 1638 289 quiescere.
1652 257 1779 291 impossi-

993 296 1048 323 bile
1061 300 1120 330 est;
1135 298 1355 332 quandoquidem
1377 304 1487 335 propter
1503 302 1563 328 vita:
1579 306 1676 330 vestrae
1689 303 1779 339 impu-

994 343 1101 370 ritatem
1138 344 1196 372 sive
1228 345 1380 380 irreligiose
1413 346 1470 374 sive
1502 347 1624 382 improbe
1661 350 1777 382 agendo.

994 389 1119 417 hostibus
1151 390 1249 418 vestris
1277 391 1311 417 ad
1340 392 1488 426 perniciem
1513 394 1604 420 traditi
1629 395 1713 426 estis,
1742 396 1777 422 ad

992 441 1074 468 quam
1090 433 1244 467 ducemini;
1266 436 1338 463 haud
1355 436 1512 465 hominibus
1535 447 1582 466 vos
1594 441 1775 473 trahentibus,

992 479 1040 507 sed
1055 480 1116 516 ipso
1131 481 1185 509 Deo
1200 482 1245 517 qui
1262 483 1332 510 hanc
1344 484 1421 512 vobis
1433 492 1539 519 penam
1553 486 1682 514 decrevit.

1027 622 1109 650 VERS.
1129 623 1226 650 Il—I3.
1237 639 1272 644 —
1283 625 1350 651 Tum
1366 633 1477 653 causam
1492 628 1651 661 corrupti-Ia:
1667 627 1774 656 illorum

990 669 1086 696 dicens
1102 679 1109 695 :
1127 679 1136 695 1
1153 668 1273 704 Spiritus
1285 692 1293 704 ,
1315 671 1403 705 inquit
1416 692 1424 703 ,
1445 673 1541 699 statuit
1561 674 1743 701 mendacium.
1760 684 1771 701 ›

990 715 1078 742 Causa
1097 716 1146 743 tibi
1161 716 1259 743 horum
1279 718 1400 744 omnium
1423 718 1492 748 fuit.
1514 719 1592 746 fidem
1613 720 1774 748 adhibuisse

991 762 1122 790 falsorum
1153 763 1346 798 prophetarum
1377 764 1477 792 fraudi.
1496 775 1504 790 1
1523 765 1641 793 Stillavit
1667 767 1715 794 tibi
1745 768 1773 796 in

989 808 1080 835 vinum
1097 809 1308 838 et.ebrietatem.
1324 819 1333 835 ι
1348 809 1385 837 Ex
1404 810 1449 837 illo
1469 811 1515 837 tibi
1541 812 1682 839 instillavit
1702 813 1773 840 hanc

953 869 973 897 Β
990 853 1159 887 punitionem
1171 873 1179 883 .
1195 861 1248 888 qua
1267 853 1353 881 fartus
1369 862 1398 882 es
1412 855 1489 882 ebrio
1503 856 1601 882 similis
1613 877 1619 887 ,
1636 857 1772 884 malorum

987 900 1124 926 variorum
1139 899 1313 927 multitudine
1327 901 1519 927 circumactus.
1536 901 1569 928 Et
1583 902 1692 936 quidem
1708 903 1772 930 alibi

986 952 1036 972 nos
1050 945 1238 975 ostendimus.
1257 947 1349 973 viuum
1366 946 1420 974 dici
1441 955 1454 974 a
1475 947 1616 983 Scriptura
1634 949 1770 980 interdum

985 998 1036 1026 pro
1052 991 1202 1026 punitione.
1222 993 1304 1027 180
1318 1002 1328 1018 1
1340 993 1372 1019 Et
1386 994 1439 1020 erit
1450 1015 1457 1026 ,
1479 994 1512 1020 de
1528 994 1601 1021 stilla
1615 996 1706 1030 populi
1721 996 1772 1022 hu-

982 1036 1046 1070 jus,
1067 1037 1279 1071 congregatione
1297 1038 1508 1073 congregahilur
1524 1038 1608 1066 Jacoh
1628 1048 1689 1067 cum
1710 1049 1770 1068 om-

985 1082 1077 1109 nibus.
1093 1091 1102 1108 ι
1118 1081 1159 1110 0h
1179 1083 1249 1109 hanc
1268 1089 1358 1110 autem
1380 1084 1449 1111 male
1469 1085 1547 1111 vobis
1566 1085 1731 1113 insinuatam
1754 1094 1770 1114 a

984 1125 1061 1153 falsis
1088 1127 1228 1161 prophetis
1254 1127 1397 1160 fraudem,
1418 1130 1512 1156 cuncti
1537 1130 1618 1158 simul
1642 1131 1675 1158 ad
1700 1131 1771 1160 hanc

983 1171 1073 1198 adacti
1099 1179 1205 1205 pmnam
1230 1172 1336 1204 fuistis.
1365 1181 1446 1207 quam
1471 1182 1525 1202 non
1550 1175 1615 1201 licet
1639 1176 1768 1211 effugere.

986 1227 995 1243 1
1002 1218 1182 1253 Suscipiendo
1189 1219 1338 1254 suscipiant
1348 1220 1467 1255 reliquos
1475 1220 1596 1252 lsraelis.
1605 1221 1631 1248 in
1643 1222 1669 1249 id
1679 1223 1769 1258 ipsum

983 1271 1081 1298 ponam
1099 1264 1267 1292 aversionem
1283 1273 1388 1292 eorum.
1409 1275 1418 1292 ι
1432 1265 1554 1295 Cunctos
1568 1275 1633 1302 ergo
1648 1275 1696 1295 vos
1711 1272 1769 1296 tum

983 1313 1060 1336 antea
1074 1313 1169 1344 captos
1184 1310 1219 1336 ab
1232 1311 1353 1346 Assyriis
1363 1331 1370 1342 .
1387 1315 1444 1338 tum
1469 1316 1563 1346 postea
1575 1333 1583 1345 ,
1604 1315 1770 1348 exspectabo

982 1355 1028 1382 tali
1044 1363 1131 1390 paenae
1144 1356 1314 1384 contraditus
1324 1378 1332 1388 ,
1347 1357 1381 1384 ad
1393 1365 1474 1392 quam
1491 1359 1612 1394 propriis
1627 1360 1715 1388 avulsi
1730 1369 1771 1388 sc-

982 1401 1063 1429 dibus
1082 1402 1260 1432 avertemini.
1283 1403 1310 1430 in
1327 1403 1511 1438 captivitatem
1533 1405 1650 1441 abrepti.
1666 1416 1675 1431 1
1691 1406 1770 1434 Sicut

981 1453 1047 1474 oves
1063 1447 1091 1474 in
1108 1448 1287 1475 tribulatione
1297 1469 1303 1481 ,
1318 1449 1396 1483 quasi
1414 1457 1509 1485 greges
1524 1451 1551 1478 in
1566 1452 1656 1479 medio
1671 1453 1769 1482 nubilis

982 1493 1025 1520 sui
1038 1513 1045 1523 ,
1061 1493 1189 1521 exsilient
1201 1501 1233 1521 ex
1249 1494 1415 1523 hominibus.
1431 1495 1555 1525 iTantus
1572 1498 1646 1525 vobis
1661 1499 1770 1534 ingruet

139 1525 191 1543 νοι.
216 1525 227 1542 ε
257 1516 300 1549 Ὠς
318 1518 440 1552 πρόϐατα
455 1519 484 1545 ὲν
499 1518 596 1554 θλίψει,
617 1521 654 1553 ὡς
677 1524 789 1558 ποίμνια
810 1527 839 1552 ἐν
856 1526 930 1562 μέσῳ

140 1562 237 1574 mi---
256 1563 342 1574 __-_.-,.
365 1563 456 1574 UA,-
541 1566 568 1574 η.
595 1567 600 1574 .
623 1567 635 1574 η
667 1568 672 1574 .
814 1572 834 1574 _
886 1572 897 1574 _

984 1516 1024 1520 _...
1038 1516 1045 1523 ,
1063 1516 1189 1521 νπ-....,...
1201 1516 1233 1521 ν..
1250 1516 1415 1523 ..ν-...ηηη-υ.
1431 1516 1439 1522 1
1456 1516 1555 1525 ..ι-...ιο
1575 1516 1646 1525 unum
1662 1516 1768 1534 ιιιδιιιει

984 1546 1066 1573 pavor
1089 1539 1123 1566 ab
1143 1539 1261 1566 hostium
1276 1540 1406 1574 incursu,
1421 1546 1451 1568 ut
1471 1542 1543 1569 haud
1560 1543 1707 1572 dissimiles
1725 1545 1768 1572 fu-

140 1562 238 1598 κοίτης
253 1563 343 1589 αὐτῶν
364 1563 520 1597 ὲξαλοῦνται
540 1566 568 1600 ἐξ
589 1567 748 1604 ἀνθρώπιον,
777 1580 786 1597 ι
813 1572 930 1599 Τοσοῦτο

140 1608 195 1644 γὰρ
211 1608 279 1644 ὑμῖν
295 1609 454 1645 ἐμπεσεῖται
469 1612 527 1644 δέος
550 1613 583 1639 ὲκ
601 1614 650 1649 τῆς
669 1616 763 1649 ἐφόδου
779 1617 834 1644 τῶν
851 1619 930 1646 πολε-

141 1653 223 1688 μίων,
253 1653 323 1681 ὥστε
348 1655 432 1690 μηδὲν
457 1657 529 1692 ὑμᾶς
553 1659 710 1687 ὰπεοικέναι
729 1662 888 1697 προϐάτων,
911 1664 930 1691 ἃ.

140 1698 308 1726 καθεύδοντα
320 1699 417 1735 ἀθρόον
428 1702 588 1735 ἐπιστάντος
601 1704 694 1738 λύκου,
710 1708 750 1738 είς
763 1710 885 1745 ταραχήν
899 1718 928 1736 τε

142 1744 324 1772 καθίστανται
344 1746 391 1772 καὶ
405 1746 480 1779 δέος,
507 1749 570 1783 περὶ
587 1749 635 1784 τῆς
651 1752 787 1787 σωτηρίας
809 1744 928 1787 ἀγωνίαν

142 1789 355 1826 ἀναγκαζόμενα
369 1792 417 1826 τῆς
432 1793 543 1824 οἰκείας.
567 1803 576 1820 1
609 1795 738 1832 Ἀνάόηθι
752 1798 795 1824 διὰ
815 1799 865 1834 τῆς
883 1808 929 1826 κο-

142 1835 196 1869 πῆς
225 1835 280 1870 πρὸ
303 1835 449 1871 προσώπου
475 1838 581 1866 αὐτῶν·
605 1840 732 1876 διέκοψαν
753 1845 798 1870 καὶ
822 1845 929 1880 διῆλθον

143 1880 244 1916 πύλην,
260 1882 306 1908 καὶ
317 1882 428 1918 ἐξῆλθον
437 1883 470 1910 δι’
482 1885 576 1919 αὐτῆς·
590 1887 637 1913 καὶ
651 1888 759 1923 ἐξῆλθεν
773 1891 786 1916 δ
801 1890 928 1925 βασιλεὺς

143 1926 231 1954 αὐτῶν
250 1927 303 1963 πρὸ
316 1928 462 1962 προσώπου
477 1930 575 1958 αὐτῶν.
597 1941 608 1958 ›
633 1932 741 1969 Ἐπειδὴ
760 1935 814 1972 γὰρ
833 1937 857 1963 οἱ
876 1938 928 1964 Βα-

143 1971 267 1999 ϐυλώνιοι
284 1974 331 2000 ἐπὶ
354 1974 420 2001 πολὺ
437 1975 486 2011 τὴν
514 1977 691 2015 Ἰερουσαλὴμ
707 1971 926 2018 πολιορκοῦντες,

144 2018 181 2052 (ιι.
197 2018 261 2054 275)
277 2021 455 2056 μηχανήμασι
471 2021 519 2057 τὴν
532 2023 608 2050 πόλιν
619 2025 745 2059 λαϐόντες
762 2028 885 2065 διένεμον
897 2031 928 2058 τὸ

143 2064 243 2099 τεῖχος,
265 2064 338 2091 οὓτω
357 2074 387 2092 τε
406 2067 454 2102 τὴν
471 2069 510 2099 εὶς
529 2069 579 2104 τὴν
602 2071 677 2098 πόλιν
699 2073 802 2100 εἴσοδον
821 2064 928 2109 ἑαυτοῖς

145 2111 429 2146 πραγματευσάμενοι,
446 2113 568 2147 ἅπαντας
584 2117 652 2151 μετὰ
667 2118 715 2145 τοῦ
737 2119 867 2154 βασιλέως
883 2123 927 2150 διὰ

144 2154 192 2200 τῆς
211 2155 300 2191 πύλης
323 2157 369 2184 ὲπὶ
390 2158 440 2193 τὴν
464 2161 651 2196 αἰχμαλωσίαν
678 2163 829 2200 ἐξήγαγον·
848 2168 926 2196 τοῦτο

144 2199 230 2234 λέγει·
249 2202 338 2228 ΙἈνιθι
356 2203 399 2238 δὴ,
416 2205 492 2239 φησὶ,
516 2207 562 2232 καὶ
578 2207 628 2242 δρα
648 2209 677 2235 τὸ
696 2199 786 2246 τεῖχός
805 2220 851 2239 σου
872 2213 928 2241 δια·
944 2216 966 2244 D

143 2246 324 2281 τετμημένον,
340 2247 354 2273 ὃ
373 2247 548 2283 διακόψαντες
566 2252 591 2278 οῑ
608 2252 732 2289 πολέμιοι
749 2257 867 2290 ματαίαν
885 2267 926 2285 σοι

144 2290 192 2326 τὴν
203 2292 426 2330 ὑποπιευομὲνην
439 2296 563 2324 ἐντεῦθεν
574 2298 723 2334 ἀσφάλειαν
733 2304 924 2339 πεποιήκασιψ

145 2335 266 2370 ἅπαντας
280 2339 334 2375 γὰρ
347 2341 408 2371 τοὺς
422 2342 449 2367 ὲν
465 2343 496 2377 τῇ
511 2343 586 2370 πόλει
601 2345 670 2379 μετὰ
682 2347 733 2382 τὴν
749 2348 803 2376 τῶν
817 2335 926 2378 πεπτω-

145 2381 228 2429 κότων
246 2384 404 2419 ἀναίρεσιν,
418 2386 463 2414 διὰ
485 2388 536 2423 τῆς
561 2389 656 2425 πύλης,
739 2394 850 2429 ἀνάγειν
876 2398 926 2424 οὑκ

145 2426 295 2462 ἐϐούλεσθε,
311 2430 439 2463 λαδὸντες
454 2434 641 2469 αἰχμαλώτους
655 2426 781 2473 ἐξῆλθον,
796 2426 970 2479 πῳηγουμὲν

147 2481 190 2507 ρον
219 2475 369 2509 δοκοῦντος.
396 2478 451 2505 Καὶ
472 2479 531 2511 πῶς
559 2481 645 2510 ταῦτα
674 2484 786 2519 ποιῆσαι
810 2475 969 2523 δυνήσονται

146 2518 236 2556 ἐπειδὴ
256 2521 321 2554 Θεδς
347 2523 438 2556 αὐτοῖς
462 2524 491 2551 ὲν
514 2526 570 2558 τοῖς
593 2527 652 2553 καθ’
669 2518 746 2564 ὑμῶν
767 2539 816 2567 στρ

145 2563 241 2593 λέγων’

463 2619 542 2648 ΚΕΦ.
565 2621 600 2650 Γ.

179 2658 252 2709 Felix.
272 2661 341 2709 a':6'.
353 2677 386 2683 —
401 2672 410 2689 1
427 2665 481 2692 Καὶ
493 2666 566 2702 ἐρεῖ·
584 2668 729 2696 ’Δκούσατε
745 2670 787 2706 δὴ.
801 2672 829 2698 at
845 2672 928 2709 ἀρχαὶ

149 2702 192 2729 τοῦ
213 2705 326 2740 Ἰακὼϐ,
342 2708 389 2735 καὶ
404 2709 429 2736 al
444 2711 602 2740 κατάλοιποι
626 2714 702 2741 οίκου
730 2702 928 2756 Ἰσραήλ-Ιοὶύχ

154 2747 161 2756 ,
187 2750 197 2756 ,
231 2751 238 2756 _
333 2753 347 2756 _
406 2755 416 2756 η

150 2747 211 2801 ὑμῖν
230 2751 287 2779 ἐστι
300 2753 347 2780 τοῦ
366 2755 467 2789 γνῶναι
483 2757 513 2784 τὸ
529 2760 633 2795 κρῖμα;
657 2769 668 2787 ›
687 2747 844 2797 Συμπράξει
862 2747 927 2801 γὰρ’,

153 2794 225 2846 φησι,
330 2799 407 2834 ὑμῶν
422 2803 478 2835 τοῖς
498 2794 650 2841 πολεμίοις,
675 2794 775 2842 ταύτας
795 2794 928 2846 ὑμῖν-τας

153 2839 237 2874 ιίτίας
251 2843 373 2879 ἐπάγων,
390 2848 437 2874 καὶ
453 2849 519 2885 πρὸς
534 2839 654 2886 ἅπαντας
670 2853 734 2886 τούς
747 2839 776 2883 τε
800 2839 927 2893 ἐξάρχει-’ί

982 1585 1034 1611 turi
1052 1585 1112 1612 sitis
1127 1586 1218 1612 uvium
1232 1594 1293 1620 qua:
1306 1586 1488 1618 dormientes.
1498 1588 1633 1616 'irruente
1657 1595 1769 1623 repente

980 1629 1061 1664 lupo.
1079 1631 1197 1658 tumultu
1214 1636 1242 1659 et
1254 1635 1477 1661 consternatione
1494 1635 1650 1669 turbantur.
1671 1636 1706 1664 de
1723 1645 1769 1664 sa-

979 1675 1035 1702 lute
1047 1683 1095 1703 sua
1109 1677 1246 1711 trepidare
1259 1683 1370 1706 coacta).
1383 1688 1392 1704 1
1407 1679 1531 1708 Ascende
1545 1689 1592 1716 per
1606 1682 1767 1711 divisionem

980 1725 1043 1748 ante
1061 1721 1156 1749 faciem
1174 1730 1268 1750 eorum
1282 1733 1289 1757 ;
1306 1724 1461 1753 diviserunt
1478 1731 1505 1754 et
1519 1729 1688 1756 transierunt
1705 1738 1768 1765 por-

980 1769 1035 1792 tam
1048 1785 1056 1797 ,
1071 1770 1099 1794 et
1115 1775 1163 1802 per
1177 1775 1238 1796 eam
1254 1776 1451 1799 excesserunt:
1467 1777 1494 1799 et
1511 1781 1557 1800 rex
1572 1782 1666 1802 eorum
1685 1777 1768 1804 exivit

979 1815 1043 1839 ante
1062 1813 1146 1847 ipsos.
1164 1823 1173 1839 ι
1186 1813 1334 1850 Postquam
1359 1816 1499 1853 Babylonii
1524 1818 1693 1848 Hierusalem
1719 1822 1766 1850 diu

979 1858 1162 1891 obsederunt,
1183 1867 1394 1897 expugnataque
1408 1864 1517 1892 demum
1539 1867 1607 1893 urbe
1630 1868 1766 1895 machinis

979 1905 1079 1932 mmnia
1095 1905 1265 1939 diviserunt,
1283 1911 1365 1943 atque
1380 1909 1506 1944 ingressu
1532 1912 1584 1939 sibi
1609 1914 1746 1947 patefacto
1758 1936 1766 1946 ,

978 1953 1093 1977 cunctos
1106 1958 1160 1978 una
1175 1959 1236 1979 cum
1253 1961 1316 1988 rege
1330 1962 1378 1988 per
1399 1960 1505 1989 portam
1529 1958 1554 1984 in
1577 1959 1765 1993 captivitatem

978 1995 1161 2029 expulerunt;
1180 1997 1232 2025 hoc
1250 1998 1287 2025 ait
1302 2009 1308 2025 :
1327 2000 1466 2033 Ascende,
1487 2002 1549 2030 vide
1564 2011 1672 2031 murum
1689 2008 1766 2033 tuum

978 2039 1112 2073 divisum,
1129 2048 1209 2076 quem
1226 2043 1320 2071 hostes
1335 2044 1513 2075 demolientes
1528 2055 1626 2075 vanam
1644 2050 1691 2077 tibi
1708 2059 1768 2085 spe-

977 2089 1065 2113 ratam
1082 2087 1117 2114 ab
1134 2088 1185 2115 hoc
1201 2089 1316 2116 salutem
1330 2090 1489 2120 effecerunt.
1503 2092 1637 2122 Omnibus
1651 2096 1722 2122 enim
1739 2097 1766 2124 in

978 2132 1046 2160 urbe
1062 2133 1271 2169 superstitibus,
1290 2142 1352 2170 post
1369 2138 1523 2165 occisorum
1547 2144 1664 2175 stragem
1681 2143 1766 2177 capti~

977 2177 1058 2210 vatis,
1073 2186 1122 2214 per
1136 2184 1243 2214 portam
1252 2189 1333 2216 quam
1344 2190 1469 2211 reserare
1479 2184 1617 2217 noluistis,
1628 2187 1765 2219 exierunt.

981 2228 1117 2258 praaeunte
1139 2226 1167 2253 in
1189 2227 1373 2262 captivitatem
1390 2229 1436 2257 illo
1451 2230 1497 2265 qui
1513 2238 1591 2259 antea
1604 2241 1651 2260 rex
1669 2241 1764 2262 eorum

979 2278 1040 2298 esse
1052 2271 1203 2300 videbatur.
1216 2273 1249 2301 At
1258 2274 1329 2301 enim
1341 2276 1479 2310 quomodo
1488 2277 1544 2305 haec
1556 2278 1648 2306 hostes
1657 2284 1766 2314 patrare

980 2318 1133 2350 poterunt?
1146 2327 1155 2343 1
1173 2317 1306 2347 Dominus
1318 2320 1373 2348 dux
1390 2314 1503 2349 villorum
1525 2324 1588 2351 erit.
1606 2334 1615 2349 ι
1634 2324 1765 2354 Dominus

978 2359 1152 2394 imperatoris
1177 2363 1237 2390 vice
1260 2363 1384 2400 fungitur
1407 2367 1479 2400 apud
1506 2368 1632 2397 inimicos
1646 2374 1761 2399 vestros.

979 2401 1080 2432 Deinde
1096 2413 1146 2433 cur
1161 2407 1219 2434 haec
1233 2409 1383 2442 patiantur.
1401 2413 1559 2439 rursusait.

972 2455 1001 2474 ου
1021 2449 1071 2484 τῆς
1095 2451 1281 2486 αἰχμαλωσίας
1306 2454 1353 2480 τοῦ
1377 2455 1528 2489 βασιλεύειν
1552 2458 1642 2484 αὐτῶν
1665 2459 1764 2495 πρότε-

989 2494 1014 2519 οῑ
1039 2495 1180 2532 πολέμιοι;
1205 2508 1214 2524 1
1242 2499 1270 2525 '0
1291 2499 1319 2526 δὲ
1340 2500 1441 2536 Κύριος
1467 2502 1599 2537 ἡγήσεται
1622 2505 1730 2533 αὐτῶνθ
1749 2516 1761 2533 ι

819 2537 915 2569 ατηγεί
940 2538 1088 2574 πολεμίοις.
1114 2540 1180 2570 Εἶτα
1195 2543 1242 2570 καὶ
1266 2544 1337 2579 ὑπὲρ
1358 2541 1396 2572 ὧν
1414 2546 1498 2573 ταῦτα
1516 2549 1654 2577 πείσονται
1682 2553 1763 2580 πάλιν

1250 2635 1327 2670 131
1346 2635 1422 2663 CAP.
1444 2637 1486 2665 Ill.

1012 2676 1094 2724 illius.
1111 2677 1169 2705 1-4.
1185 2694 1216 2699 -
1231 2689 1240 2705 1
1257 2680 1288 2707 Et
1302 2681 1393 2709 dicet:
1418 2683 1533 2718 Audite,
1559 2688 1698 2724 principes
1715 2690 1763 2719 Ja-

976 2721 1038 2754 cob,
1047 2727 1074 2749 et
1085 2723 1183 2758 reliqui
1194 2725 1292 2754 domus
1301 2727 1422 2757 Israelis:
1436 2721 1625 2766 nunquidnon
1640 2721 1760 2766 vestrum

977 2772 1020 2796 est
1041 2776 1206 2817 cognoscere
1226 2771 1360 2805 judicium
1374 2775 1387 2801 ’ί
1405 2785 1415 2801 ι
1432 2776 1624 2812 Auxiliabitur,
1653 2781 1758 2817 inquit,

979 2813 1081 2840 vestris
1105 2813 1249 2848 hostibus;
1267 2815 1317 2844 has
1341 2818 1419 2847 vobis
1443 2820 1576 2855 objiciens
1597 2813 1710 2857 causas,
1730 2813 1759 2852 et

979 2859 1087 2887 cunctis
1110 2859 1281 2896 principibus
1307 2864 1424 2899 vestris,
1451 2870 1476 2894 et
1502 2867 1635 2903 reliquis,
1665 2870 1759 2898 dicens
