1972 3066
198 146 251 174 τέἰθ
273 151 276 154 ’

780 140 957 169 τηεοῡοιιι
977 138 1220 168 MOPSUESTENI

1769 136 1822 164 580

198 202 327 230 debuisse
338 208 387 228 vos
401 200 524 235 apprime
537 199 656 227 oilicium
670 202 792 227 vestrum
808 199 982 231 discernere,

1044 206 1084 229 τας
1098 199 1128 225 ὲν
1143 198 1208 233 ὑμῖν
1221 197 1268 224 καὶ
1281 197 1344 229 τοὺς
1360 195 1469 227 λοιποὺς
1480 195 1576 229 λέγων,
1590 195 1630 222 ὅτι
1644 196 1754 223 Πάντων
1772 196 1825 230 μά-

198 248 295 276 vitium
310 246 446 277 aversari,
463 246 592 271 virtutem
608 244 736 279 amplecti
747 263 755 276 ,
776 244 904 278 quoniam
928 243 985 270 haec

198 293 290 320 omnia
305 298 357 326 ego
371 298 419 317 vos
433 290 579 317 docuerant
593 294 652 316 tum
675 289 742 324 legis
766 289 966 316 constitutione
977 308 984 319 ,

200 343 255 365 tum
273 336 335 364 aliis
351 342 411 370 quae
425 342 498 369 sepe
513 334 549 361 ob
564 334 638 361 hunc
654 335 734 361 tinem
748 334 832 361 edixi.
849 343 858 359 ι
875 333 928 360 Vos
942 340 987 359 au-

198 387 253 410 tem
267 383 331 410 odio
346 382 454 408 habetis
471 382 572 408 bonum
583 399 591 413 ,
606 384 634 407 et
647 380 775 415 appetitis
789 380 888 406 malum
899 399 907 410 ,
925 379 987 406 diri-

199 429 265 464 pitis
277 435 371 455 eorum
386 426 471 462 pelles
484 427 601 459 desnper
611 425 653 453 eis
662 445 670 457 .
681 429 708 454 et
724 432 821 452 carnes
832 432 865 452 ex
879 425 987 452 ossibus

200 481 305 502 rerum.
323 482 332 499 I
348 472 405 499 Vos
427 479 493 500 vero
519 471 690 499 contrarium
712 471 845 498 doctrina:
869 476 988 505 acceptae

200 520 291 547 facitis
302 541 309 553 ,
325 523 484 547 aversantes
501 518 602 545 bonum
614 537 621 548 .
640 522 830 552 pcrpetrantes
847 517 934 548 mala,
951 521 989 543 to-

201 571 312 600 tamque
328 569 448 592 vestram
473 565 500 590 in
524 571 656 599 pauperes
679 563 892 597 humilioresque
911 570 989 590 exer-

199 616 296 640 centes
311 611 484 645 iniquitatem
495 630 502 641 ,
519 614 635 637 cunctas
649 617 743 635 eorum
761 608 931 635 multimodis
946 608 989 634 di-

200 658 328 693 ripieudo
343 656 500 684 facultates.
517 655 589 688 Quid
605 655 690 690 ergo?
705 663 718 680 ι
731 653 809 682 Sicut
826 654 920 689 populi
936 653 989 681 mei

198 711 300 733 carnes
325 703 522 736 comederunt,
546 707 574 730 ct
595 702 683 737 pelles
700 701 726 728 ei
748 701 946 731 detraxerunt,
963 704 990 726 et

202 758 267 778 ossa
281 749 518 781 comminuerunt,
531 753 558 776 et
572 748 754 775 conciderunt
765 749 837 775 sicut
849 754 947 774 carnes
962 747 990 774 in

202 796 307 826 lebete.
324 799 351 822 et
368 796 440 823 sicut
453 802 564 823 carnem
586 795 616 822 in
630 794 704 821 olla:
729 794 770 821 sic
793 793 826 820 ad
843 793 989 820 Dominum

200 841 377 873 clamabunt,
400 840 449 876 qui
471 847 526 867 non
548 839 676 867 exaudiet
693 846 757 870 eos,
774 842 933 872 avertetque
948 837 990 865 fa-

1035 244 1113 271 λιστα
1131 244 1204 279 ὑμᾶς
1219 244 1303 278 ἐχρῆν
1317 243 1465 277 διακρίνειν
1485 242 1515 268 τὸ
1531 242 1606 272 δέον,
1623 241 1670 267 καὶ
1689 240 1824 276 ἀποστρέ-

1036 289 1134 322 φεσθαι
1150 289 1200 324 μὲν
1215 288 1244 314 τὸ
1257 289 1358 323 χεῖρον,
1376 286 1512 322 αίρεῖσθαι
1533 285 1561 312 δὲ
1575 287 1605 312 τδ
1621 287 1744 321 κρεῖττον
1755 305 1761 317 ,
1777 285 1825 312 ἅτε

1036 335 1164 361 ἁπάντων
1181 334 1230 367 μὲν
1245 333 1324 360 τοῦτο
1347 333 1412 368 παρ’
1427 331 1494 367 ἐμοῦ
1509 332 1708 366 δεδιδαγμένων
1729 331 1774 358 διά
1794 340 1825 358 τε

1036 381 1086 415 τῆς
1106 380 1221 416 νομικῆς
1246 379 1393 412 διατάξεως
1414 379 1460 406 καὶ
1480 377 1534 405 τῶν
1554 378 1671 410 λοιπῶν,
1687 378 1774 404 ὁπόσα

1038 426 1106 461 πρὸς
1126 426 1206 452 τοῦτο
1227 426 1364 461 πεποίηκα
1380 424 1520 455 πολλάκις,
1542 424 1579 459 (p.
1596 424 1659 458 276)
1676 424 1723 450 ἐπὶ
1739 423 1826 458 τούτῳ

1038 472 1066 498 δὲ
1082 472 1130 498 καὶ
1139 471 1193 498 τῶν
1205 471 1344 506 ἀρχόντων
1354 472 1393 504 εἰς
1403 472 1452 507 τήν
1463 471 1589 506 ἐξουσίαν
1600 470 1825 506 παρεληλυθότων

1037 518 1151 552 ταύτην.
1169 527 1177 543 ι
1194 518 1226 544 Οἱ
1239 518 1262 544 δ’
1277 517 1318 544 ἐτι
1330 517 1470 553 μισοῦντες
1483 517 1518 545 τὰ
1528 517 1608 548 καλὰ,
1621 517 1667 544 καὶ
1682 516 1826 553 ζητοῦντες

1038 564 1072 590 τὰ
1084 563 1200 598 πονηρὰ,
1211 563 1379 598 ἁρπάζοντες
1388 563 1424 590 τὰ
1433 564 1554 599 δέρματα
1565 563 1654 590 αὐτῶν
1662 563 1715 589 ἀπὺ
1727 561 1824 594 αὐτῶν,

1039 610 1087 636 καὶ
1100 609 1149 641 τὰς
1171 609 1276 645 σάρκας
1291 609 1381 636 αὐτῶν
1402 610 1456 637 ἀπὸ
1470 609 1527 636 τῶν
1542 609 1628 636 ὀστῶν
1645 609 1742 635 αὐτῶν.
1765 618 1774 634 ι
1794 609 1826 635 Οἱ

1038 655 1067 681 δὲ
1080 655 1236 681 τούναντίον
1251 651 1289 681 ὧν
1300 655 1458 691 ἐδιδάχθητε
1473 654 1680 690 διαπράττεσθε,
1691 655 1827 689 ἀποστρε-

1041 701 1152 736 φόμενοι
1175 701 1224 736 μὲν
1238 701 1274 727 τὰ
1285 701 1355 727 καλά
1365 720 1372 733 ,
1387 700 1565 737 ἐργαζόμενοι
1576 700 1605 727 δὲ
1623 699 1658 727 τὰ
1671 700 1766 735 χείρω,
1780 699 1827 726 καὶ

1041 747 1131 773 πᾶσαν
1146 747 1186 777 είς
1198 746 1260 778 τοὺς
1272 746 1393 782 πένητάς
1404 755 1433 773 τε
1446 747 1494 773 καὶ
1503 746 1708 781 εὐτελεστέρους
1722 745 1826 772 ἀδικίαν

1041 791 1257 827 ἐπιδεικνύμενοι
1267 792 1307 828 τῷ
1322 792 1412 819 πάντα
1431 792 1465 819 τά
1485 793 1621 828 προσόντα
1634 792 1725 822 αὐτοῖς
1744 791 1826 824 ἀφαι-

1043 837 1147 872 ρεῖσθαι
1169 837 1309 869 ποικίλως.
1323 838 1356 864 Τί
1371 836 1438 870 οὖν;
1460 847 1470 863 ι
1491 839 1540 864 Ὃν
1559 838 1658 873 τρόπον
1674 837 1828 871 κατέφαγον

202 886 271 913 ciem
287 893 363 913 suam
378 886 413 912 ab
427 885 495 920 ipsis
510 890 633 920 tempore
645 885 707 916 illo.
721 885 851 920 quoniam
866 884 991 918 nequiter

1044 882 1091 915 τὰς
1105 883 1210 919 σάρκας
1221 883 1268 910 τοῦ
1283 883 1347 910 λαοῦ
1364 892 1427 919 μου,
1439 885 1486 911 καὶ
1500 884 1534 911 τά
1545 885 1666 920 δέρματα
1678 884 1767 910 αὐτῶν
1781 883 1828 910 ἀπ’

200 935 316 966 egerunt
329 931 357 957 in
371 931 612 958 adinventiouibus
625 930 693 957 suis.
707 938 716 955 ι
733 929 802 962 Quia
817 933 876 960 vos,
892 929 991 964 inquit,

201 974 295 1000 omnia
315 974 484 1009 pauperibus
503 974 665 1009 eripuistis,
682 973 758 1000 varie
778 974 839 1002 illos
861 974 993 1001 fraudau-

202 1022 261 1051 tes.
291 1020 479 1054 opprimenles
505 1024 587 1054 atque
613 1024 805 1051 conterentes,
836 1019 897 1047 ideo
921 1019 992 1047 facta

202 1063 324 1091 hostium
343 1063 504 1092 incursione
519 1064 683 1092 invocabitis
697 1065 808 1100 quidem
827 1065 993 1092 necessitate

204 1114 344 1144 premente
359 1109 443 1137 Deum
454 1129 462 1141 ,
480 1109 586 1136 nullum
603 1114 694 1137 tamen
712 1110 896 1145 impetrabitis
911 1110 946 1137 ab
958 1117 991 1137 eo

204 1155 358 1181 auxilium:
377 1155 432 1182 imo
448 1163 482 1182 ne
498 1155 636 1190 respicere
650 1155 760 1190 quidem
783 1163 833 1183 vos
854 1156 943 1187 volet,
963 1159 992 1183 et

204 1200 373 1228 instantibus
401 1201 515 1228 omnino
545 1201 625 1228 malis
653 1201 820 1234 contradet,
849 1205 992 1236 propterea

201 1247 277 1282 quod
295 1250 350 1274 tam
367 1246 478 1281 indigna
488 1267 497 1279 ,
512 1252 623 1282 tamque
638 1248 717 1281 plena
731 1247 874 1281 injustitia:
887 1248 993 1282 operari

203 1301 254 1321 vos
276 1294 411 1328 coenavit.
438 1292 497 1320 Jam
522 1298 666 1328 postquam
689 1294 758 1320 dixit
783 1301 844 1329 quae
859 1293 993 1326 fecerint,

206 1338 286 1372 182
301 1343 328 1366 et
342 1346 402 1373 quas
416 1338 471 1365 sint
485 1342 627 1374 propterea
640 1340 746 1374 passuri
758 1360 766 1372 ,
778 1339 842 1374 quia
859 1340 991 1368 falsorum

204 1385 400 1419 prophetarum
410 1384 501 1412 verbis
513 1384 699 1417 crediderunt,
707 1389 802 1413 contra
814 1386 889 1420 ipsos
902 1386 993 1414 denuo

202 1429 290 1457 falsos
305 1430 451 1464 prophetas
465 1437 620 1458 sermonem
636 1432 788 1464 convertit,
803 1436 832 1459 et
846 1432 902 1459 ait:

204 1475 344 1508 παντελῶς
359 1475 388 1502 δὲ
401 1477 458 1507 τοῖς
472 1475 630 1511 κατέχουσιν
644 1476 764 1508 ἐκδιδοὺς
776 1478 880 1510 κακοῖς,
901 1478 992 1514 ἐπειδὴ

1041 929 1131 956 αὐτῶν
1143 929 1291 965 ὲξέδειραν,
1307 931 1354 956 καὶ
1368 930 1402 957 τά
1414 931 1482 957 ὀστᾶ.
1493 931 1582 957 αὐτῶν
1594 929 1769 962 συνέθλασαν,
1782 930 1828 956 καὶ

1041 975 1172 1009 ὲμέρισαν
1186 975 1224 1006 ὡς
1241 976 1346 1011 σάρκας
1369 976 1410 1007 είς
1433 976 1551 1011 λέϐητα,
1576 977 1622 1002 καὶ
1643 975 1680 1007 ὡς
1696 975 1764 1011 κρέα
1789 976 1828 1006 εἰς

1041 1020 1143 1056 χύτραν
1155 1042 1163 1054 ,
1181 1021 1268 1053 οὕτως
1293 1022 1471 1057 κεκράξονται
1489 1022 1557 1057 πρὸς
1577 1022 1677 1057 Κύριον
1690 1041 1698 1054 ,
1716 1022 1763 1048 καὶ
1778 1023 1829 1048 οὐκ

1042 1066 1232 1093 είσακούσεται
1254 1067 1355 1099 αὐτῶν,
1376 1068 1424 1094 καὶ
1447 1068 1614 1103 ἀποστρέψει
1634 1069 1664 1094 τὺ
1685 1068 1829 1104 πρόσωπον

1043 1110 1126 1137 αὐτοῦ
1143 1112 1190 1138 ἀπ’
1211 1112 1301 1139 αὐτῶν
1314 1112 1344 1138 ὲν
1361 1113 1401 1148 τῷ
1415 1113 1503 1149 καιρῷ
1518 1114 1628 1149 ἐκείνῳ,
1643 1114 1699 1140 ἀνθ’
1713 1111 1750 1141 ὧν
1765 1116 1828 1142 ἐπο-

1044 1156 1210 1192 νηρεύσαντο
1236 1159 1265 1184 ὲν
1288 1160 1344 1190 τοῖς
1372 1160 1586 1195 ἐπιτηδεύμασιν
1607 1160 1696 1187 αὐτῶν
1716 1160 1760 1187 ἐπ’
1778 1162 1829 1188 αὐ-

1045 1204 1112 1235 τοῖς.
1134 1212 1142 1228 ι
1165 1204 1273 1240 Ἐπειδὴ
1291 1204 1360 1240 γὰρ,
1381 1205 1481 1240 φησὶν,
1503 1206 1583 1240 ὑμεῖς
1607 1207 1696 1233 πάντα
1719 1207 1753 1233 τὰ
1776 1206 1830 1233 τῶν

1047 1250 1170 1283 πενήτων
1185 1250 1344 1285 ἀφῃρεῖσθε,
1360 1251 1491 1283 ποικίλως
1505 1251 1602 1283 αὐτοὺς
1618 1251 1771 1283 ἀδικοῦντες
1784 1253 1830 1280 καὶ

1047 1294 1178 1329 ἄρχοντες
1189 1296 1236 1322 καὶ
1250 1296 1449 1332 συντρίϐοντες,
1462 1298 1506 1325 διὰ
1516 1298 1595 1325 τοῦτο
1608 1299 1657 1334 τῆς
1671 1298 1766 1333 ἐφόδου
1777 1299 1831 1325 τῶν

1046 1342 1184 1378 πολεμίων
1196 1344 1359 1380 γιγνομένης
1373 1346 1503 1372 καλέσετε
1518 1346 1568 1381 μὲν
1582 1347 1634 1373 ὑπὸ
1648 1347 1697 1381 τῆς
1710 1346 1832 1382 ἀνάγκης

1045 1388 1090 1414 τὸν
1102 1388 1179 1422 Θεὸν,
1196 1389 1325 1425 οὐδεμιᾶς
1334 1391 1362 1417 δὲ
1376 1391 1502 1424 τεύξεσθε
1515 1392 1566 1428 τῆς
1577 1392 1682 1419 ἐκεῖθεν
1696 1392 1830 1429 βοηθείας

1039 1434 1106 1461 ἀλλὰ
1128 1435 1177 1470 μὲν
1202 1436 1226 1461 εί
1255 1436 1323 1472 μηδὲ
1354 1437 1535 1473 προσὸλέπειν
1561 1439 1626 1474 ὑμῖν
1650 1439 1831 1475 αἱρούμενος.

1022 1480 1136 1508 τοιαῦτα
1152 1481 1239 1508 ἄτοπα
1259 1482 1306 1508 καὶ
1336 1483 1469 1519 τοσαύτης
1498 1484 1604 1517 ἀδικίας
1621 1485 1708 1520 μεστά
1728 1494 1834 1522 πεπρα-

203 1523 318 1558 χὸσι·(ρ.
331 1522 394 1556 277)
408 1522 527 1549 σύνοιδεν
541 1522 622 1558 ὑμῖν·
637 1523 757 1559 εἰρηκὼς
778 1523 807 1550 δὲ
819 1524 838 1551 ἃ
864 1533 894 1551 τε
910 1525 1053 1561 ἔπραττον,
1072 1528 1119 1554 καὶ
1138 1527 1156 1555 ἃ
1188 1529 1327 1557 πείσονται
1353 1530 1423 1566 ὑπὲρ
1448 1530 1566 1565 τούτων,
1586 1533 1642 1564 τοῖς
1660 1531 1715 1558 τῶν
1739 1533 1833 1568 ψευδο-

206 1569 352 1606 προφητῶν
366 1569 579 1601 πεπιστευκότες
597 1569 698 1604 λόγοις,
719 1570 765 1596 ὲπῗ
784 1571 884 1603 αὐτοὺς
899 1572 980 1599 πάλιν
996 1575 1059 1607 τοὺς
1074 1574 1300 1612 ψευδοπροφήτας
1317 1576 1413 1612 τρέπει
1428 1577 1473 1604 τὸν
1492 1577 1585 1612 λόγον,
1604 1578 1650 1604 καί
1665 1587 1745 1614 φησι·

243 1614 324 1644 Vens.
341 1615 440 1643 5-7.—
455 1626 465 1642 ι
479 1615 541 1644 Haec
556 1616 623 1643 dicit
639 1616 771 1644 Dominus
782 1625 864 1653 super
877 1618 993 1654 prophe-

1079 1621 1153 1656 Στίχ.
1171 1621 1238 1654 ε’-ζ,
1254 1635 1289 1643 -ι
1309 1632 1318 1648 ι
1336 1622 1405 1649 Τάδε
1419 1623 1493 1658 λέγει
1514 1623 1616 1660 Κύριος
1632 1624 1678 1650 ἐπὶ
1692 1625 1754 1656 τοὺς
1770 1633 1836 1660 προ-

205 1666 267 1694 tas.
290 1662 337 1698 qui
358 1662 492 1690 seducunt
512 1663 642 1699 populum
665 1671 775 1696 meum,
804 1664 851 1700 qui
870 1665 995 1693 mordent

205 1708 334 1736 dentibus
347 1708 405 1736 suis
417 1728 425 1740 ,
441 1712 469 1735 et
483 1709 632 1743 praedicant
649 1709 690 1736 eis
712 1717 827 1744 pacem;
848 1710 924 1745 atqui
941 1710 998 1737 haec

206 1754 304 1781 tradita
318 1761 372 1781 non
386 1758 428 1782 est
443 1755 483 1781 ori
502 1762 609 1782 eorum.
622 1754 705 1782 xHaec
716 1755 750 1782 de
761 1755 840 1783 falsis
854 1757 997 1791 prophetis

206 1798 275 1827 dicit
290 1800 375 1832 Deus.
391 1800 438 1835 qui
454 1800 632 1827 multifariam
649 1800 791 1828 fraudibus
809 1802 939 1836 populum
960 1803 995 1830 ab

209 1846 324 1873 honesto
335 1846 511 1878 abducentes.
522 1854 584 1873 eum
597 1846 794 1881 propemodum
807 1852 906 1874 vorant
921 1847 996 1874 fabu-

207 1891 356 1919 lationibus
378 1892 437 1919 suis
455 1895 482 1919 et
496 1892 622 1924 actibus,
638 1892 673 1920 ad
685 1899 717 1920 ea
734 1892 796 1920 illas
813 1899 996 1927 provocantes

206 1946 327 1974 quorum
342 1945 428 1966 causa
450 1938 586 1973 punitioni
603 1939 668 1966 item
688 1939 810 1966 obnoxii.
829 1939 998 1967 Constanter

208 1989 300 2013 autem
313 1992 406 2020 pacem
422 1985 477 2012 illis
492 1986 672 2017 nuntiabant,
686 1989 714 2013 et
730 1986 804 2021 quod
821 1991 996 2021 peccatorum

209 2037 323 2058 suorum
350 2037 435 2057 causa
462 2029 529 2057 uibil
555 2030 620 2058 mali
649 2029 739 2057 forent
766 2030 892 2065 passuri,
921 2030 997 2065 iuxta

207 2076 292 2103 verba
306 2076 512 2111 prophetarum.
529 2074 583 2103 Sed
596 2075 670 2103 enim
685 2075 758 2103 haud
774 2075 881 2104 sincera
905 2080 997 2104 mente

208 2122 370 2158 loquentes,
393 2128 487 2157 pacem
513 2128 601 2148 meam
622 2121 805 2153 nuntiabant.
828 2129 909 2156 quam
933 2130 997 2157 pro-

208 2169 319 2195 mittere
333 2168 422 2195 edocti
437 2175 452 2193 a
466 2175 509 2194 me
525 2175 578 2193 non
595 2167 713 2194 fuerant.
731 2167 809 2194 Unde
820 2167 886 2202 quid
901 2167 997 2195 confc-

209 2213 327 2242 cerunt?
339 2222 348 2239 ι
363 2212 607 2240 Saitctiﬂcaverunt
619 2220 703 2247 super
715 2220 764 2240 eos
778 2213 889 2240 bellum.
903 2223 913 2239 ι
927 2213 995 2240 Dnm

210 2267 304 2296 pacem
326 2259 472 2290 nuntiant,
495 2258 597 2286 bellum
623 2259 676 2294 ipsi
702 2260 896 2291 concitarunt,
923 2259 995 2294 quod

209 2312 306 2334 contra
320 2314 368 2334 eos
391 2305 450 2333 ﬂeri
467 2305 641 2333 deﬁnierunt.
658 2315 667 2332 ι
683 2306 834 2340 Propterea
850 2314 905 2334 nox
921 2308 999 2334 vobis

209 2361 242 2380 ex
258 2353 364 2380 visione
377 2352 445 2384 erit,
470 2355 498 2378 et
519 2352 639 2378 tenebrat
661 2347 738 2379 vobis
752 2356 833 2379 erunt
845 2359 878 2379 ex
894 2352 999 2379 divina-

209 2398 284 2425 tione
296 2407 303 2425 :
320 2401 347 2425 et
361 2396 504 2425 occumbet
519 2397 561 2423 sol
573 2404 655 2431 super
667 2397 815 2431 prophetas
825 2417 833 2429 ,
847 2401 874 2424 et
885 2398 1000 2425 obtene-

209 2443 335 2470 brabitur
348 2449 432 2478 super
452 2449 501 2469 eos
519 2441 589 2469 dies.
614 2441 646 2468 Et
664 2441 870 2469 coniundentur
886 2442 934 2477 qui
956 2443 998 2469 vi-

210 2489 277 2516 dent
291 2488 398 2515 somnia
409 2507 418 2520 ,
432 2491 460 2516 et
475 2488 544 2514 risui
558 2491 640 2514 erunt
655 2487 736 2514 arioli
746 2507 753 2518 .
765 2492 792 2514 et
807 2487 1001 2515 obtrectabunt

211 2535 246 2562 iis
258 2541 374 2567 omnes;
390 2534 453 2569 quia
470 2541 525 2560 non
540 2533 593 2561 erit
608 2533 655 2568 qui
673 2533 736 2561 illos
751 2533 854 2561 audiat.
871 2543 881 2559 )
896 2534 950 2560 Pro
963 2541 996 2561 eo

210 2578 283 2614 quod
298 2585 327 2606 se
340 2578 432 2606 videre
445 2582 472 2606 et
493 2578 617 2606 divinare
627 2599 634 2610 ,
659 2579 789 2614 populum
811 2578 995 2613 decipientes,

210 2623 393 2656 simulabant,
413 2624 536 2652 tenebris
551 2624 604 2659 ipsi
629 2629 656 2651 et
677 2624 718 2652 eis
739 2624 886 2652 credentes
905 2625 996 2652 cuncti

210 2673 362 2699 obruentur
374 2679 382 2697 :
397 2670 466 2698 adeo
478 2674 508 2698 ut
519 2677 554 2698 ne
566 2671 608 2698 sol
616 2670 727 2706 quidem
741 2671 886 2705 splendere
899 2671 940 2698 eis
954 2670 996 2697 vi~

210 2716 316 2745 dendus
323 2718 361 2745 sit
367 2716 554 2752 magnitudine
562 2717 698 2744 malorum
708 2716 894 2744 obtenehratis
907 2725 914 2743 :
929 2719 956 2744 et
971 2716 999 2743 hi

209 2764 257 2799 qui
270 2770 319 2792 eas
329 2762 451 2803 visiones
463 2756 556 2791 videre
570 2768 598 2791 et
610 2770 724 2790 narrare
736 2763 880 2794 simulant,
894 2763 999 2798 pudore

211 2803 412 2841 sudundﬂitlir.
437 2809 519 2837 rebus
533 2813 631 2837 contra
654 2810 766 2837 illorum
788 2809 997 2837 aﬂirmationem

215 2855 394 2884 testantibus:
410 2859 469 2884 tum
489 2860 516 2884 et
535 2856 637 2884 multus
657 2856 692 2884 de
709 2855 745 2884 iis
770 2856 844 2884 risus
866 2856 999 2886 exsistet.

1049 1668 1136 1703 φήτας
1146 1669 1208 1699 τοὺς
1223 1668 1382 1700 πλανῶντας
1396 1669 1440 1695 τὸν
1458 1669 1521 1696 λαόν
1539 1678 1600 1704 μου.
1614 1670 1676 1701 τοὺς
1689 1670 1835 1703 δάκνοντας

1047 1714 1076 1740 ἐν
1091 1716 1148 1746 τοῖς
1164 1715 1269 1742 ὀδοῦσιν
1285 1715 1386 1747 αὐτῶν,
1411 1716 1457 1742 καὶ
1473 1716 1660 1752 κηρύσσοντας
1678 1717 1721 1743 ἐπ’
1743 1717 1835 1749 αὐτοῖς

1047 1760 1158 1796 είρήνην
1168 1769 1175 1776 ·
1191 1761 1237 1788 καὶ
1250 1761 1300 1788 οὐκ
1313 1761 1390 1797 ἐδόθη
1405 1763 1445 1793 εἰς
1458 1761 1489 1789 τὺ
1499 1762 1586 1798 στόμα
1596 1762 1694 1789 αὐτῶν.
1710 1772 1720 1788 ι
1743 1763 1835 1790 Ταῦτα

1047 1805 1084 1838 δὲ,
1096 1807 1172 1842 φησὶ,
1183 1807 1248 1843 περὶ
1259 1807 1312 1833 τῶν
1323 1807 1554 1844 ψευδοπροφητῶν
1568 1809 1643 1844 λέγει
1655 1809 1731 1841 Θεὸς,
1743 1809 1767 1835 οἳ
1781 1809 1837 1836 δια-

1048 1851 1138 1887 φόρως
1149 1853 1209 1884 ταῖς
1221 1853 1326 1880 ἑαυτῶν
1341 1854 1459 1886 ἀπάταις
1468 1854 1610 1889 ἐξάγοντες
1621 1854 1667 1881 τοῦ
1686 1855 1835 1890 προσήκονι

1046 1905 1092 1928 τος
1111 1897 1156 1924 τὸν
1170 1898 1244 1931 λαὸν,
1264 1901 1405 1935 μονονουχὶ
1428 1900 1573 1936 κατήσθιον
1593 1900 1691 1933 αὐτοὺς
1706 1901 1782 1927 αὐτοὶ
1801 1901 1836 1927 δι’

1046 1939 1084 1969 ὧν
1094 1943 1185 1978 ἔλεγόν
1195 1953 1225 1970 τε
1237 1945 1284 1972 καὶ
1295 1944 1438 1982 ἔπραττον,
1449 1946 1496 1973 ἐπὶ
1506 1946 1590 1974 ταῦτα
1602 1948 1698 1979 αὐτοὺς
1708 1947 1837 1974 ἐκκαλού-

1049 1997 1124 2024 μενοι
1140 1989 1210 2026 ὑπὲρ
1223 1987 1261 2018 ὧν
1274 1991 1324 2027 τὴν
1338 1991 1471 2028 τοσαύτην
1486 1992 1603 2028 ήμελλον
1614 1992 1737 2028 δέχεσθαι
1750 2002 1836 2029 τιμω-

1049 2034 1126 2070 ρίαν·
1141 2035 1276 2063 διετέλουν
1290 2036 1344 2072 γάρ
1361 2037 1474 2073 εἰρήνην
1488 2038 1579 2069 αὺτοῖς
1594 2038 1835 2074 ἐπαγγελλόμενοι,

1047 2080 1096 2106 καὶ
1112 2080 1149 2112 ὡς
1161 2081 1237 2107 οὐδὲν
1252 2081 1322 2117 ὑπὲρ
1333 2079 1372 2110 ὧν
1385 2082 1571 2117 ἁμαρτάνουσι
1587 2083 1723 2109 πείσονται
1739 2083 1835 2114 κακὸν,

1048 2125 1118 2151 κατά
1129 2126 1163 2152 τὰ
1173 2126 1282 2161 ῥήματα
1292 2126 1346 2152 τῶν
1355 2127 1511 2162 προφητῶν·
1520 2126 1604 2154 ταῦτα
1612 2127 1640 2154 δὲ
1648 2128 1678 2154 οὐ
1689 2127 1759 2158 κατὰ
1765 2127 1836 2162 γνώ-

1050 2178 1103 2204 μην
1117 2170 1166 2205 τὴν
1179 2169 1248 2206 ἐμὴν
1255 2171 1453 2206 ἐπηγγέλλοντο
1463 2172 1584 2208 εἰρήνην,
1596 2172 1628 2208 ἢν
1636 2172 1687 2200 οὐκ
1697 2172 1837 2209 ἐδιδάχθη-

1050 2223 1098 2241 σαν
1116 2215 1204 2249 λέγειν
1221 2217 1286 2252 παρ’
1299 2215 1377 2252 ἐμοῦ.
1400 2217 1457 2251 Ἀφ’
1476 2214 1513 2244 ὦν
1534 2217 1566 2254 δή
1587 2227 1613 2245 τι
1633 2218 1835 2256 πεποιήκασινς

1052 2270 1060 2285 ι
1086 2261 1217 2295 ἸῙγίασαν
1232 2263 1274 2288 ἐπ’
1294 2262 1382 2289 αὐτῶν
1403 2263 1529 2299 πόλεμον.
1554 2273 1563 2289 ι
1590 2263 1835 2301 Ἐπαγγελλόμενοι

1016 2301 1037 2327 Ι)
1050 2307 1104 2342 γὰρ
1117 2307 1228 2342 εἰρήνην
1238 2327 1245 2335 .
1262 2308 1379 2343 πόλεμον
1395 2309 1486 2341 αὐτοῖς
1501 2310 1662 2346 ἐπήγειραν,
1680 2309 1711 2337 δν
1728 2311 1835 2347 ἀφώρι-

1049 2361 1099 2379 σαν
1113 2354 1154 2384 εῑς
1172 2353 1202 2379 τὸ
1225 2354 1285 2379 κατ’
1305 2355 1396 2381 αὐτῶν
1418 2355 1554 2389 γενέσθαι.
1581 2366 1591 2382 ι
1617 2355 1666 2383 Διά
1685 2356 1764 2383 τοῦτο
1788 2356 1836 2389 νὺξ

1049 2399 1113 2434 ὑμῖν
1137 2398 1212 2425 ἔσται
1235 2399 1264 2432 ἐξ
1283 2400 1422 2436 ὁράσεως,
1443 2401 1490 2428 καὶ
1512 2402 1606 2428 σκοτία
1626 2402 1688 2437 ὑμῖν
1706 2401 1781 2428 ἔσται
1803 2403 1837 2429 ἐκ

1050 2444 1192 2480 μαντείας·
1209 2445 1256 2472 καὶ
1273 2445 1382 2472 δύσεται
1399 2446 1413 2472 ὀ
1430 2446 1505 2481 ἥλιος
1525 2447 1570 2473 ἐπὶ
1591 2447 1654 2479 τοὺς
1681 2448 1835 2484 προφήτας,

1049 2491 1097 2518 καὶ
1113 2492 1276 2518 συσκοτάσει
1299 2492 1342 2518 ἐπ’
1362 2493 1461 2525 αὐτοὺς
1480 2493 1498 2528 ἡ
1515 2493 1620 2529 ἡμέρα·
1634 2494 1642 2526 (
1655 2502 1680 2528 p.
1701 2493 1773 2528 278)
1789 2495 1836 2521 καὶ

1050 2536 1326 2571 καταισχυνθήσονται
1338 2537 1362 2563 οι
1375 2538 1493 2573 ὁρῶντες
1505 2538 1538 2565 τὰ
1554 2537 1676 2570 ἐνύπνια,
1690 2539 1738 2565 καὶ
1753 2547 1836 2566 κατα-

1050 2581 1260 2617 γελασθήσονται
1280 2583 1305 2608 ot
1328 2583 1454 2618 μάντεις,
1471 2584 1518 2610 καὶ
1536 2584 1754 2620 καταλαλήσουσι
1777 2586 1835 2612 κατ’

1050 2626 1139 2653 αὐτῶν
1161 2627 1261 2659 πάντες
1277 2629 1370 2655 αὐτοί·
1395 2630 1463 2657 διότι
1482 2630 1534 2657 οὐκ
1557 2630 1634 2658 ἔσται
1657 2633 1672 2657 ό
1693 2631 1836 2658 ἐπακούων

1050 2672 1150 2699 αὐτῶν.
1170 2682 1179 2698 ι
1206 2667 1293 2709 ’Υπὲρ
1306 2673 1338 2709 δὴ
1354 2673 1455 2701 τούτων
1470 2671 1508 2702 ὧν
1525 2676 1592 2712 ὸρᾷν
1612 2684 1641 2702 τε
1656 2677 1703 2703 καὶ
1719 2676 1834 2712 μαντεύ-

1047 2718 1123 2744 εσθαι
1137 2719 1348 2754 προσεποιοῦντο
1361 2720 1407 2746 τδν
1421 2720 1484 2747 λαὸν
1501 2721 1669 2755 ἀπατῶντες,
1683 2723 1776 2758 σκοτία
1785 2722 1834 2750 αὺ-

1047 2763 1087 2790 τοί
1107 2772 1137 2790 τε
1153 2764 1201 2791 καὶ
1225 2766 1249 2791 οἱ
1273 2765 1429 2800 πειθόμενοι
1453 2766 1698 2803 περιϐληθήσονται
1717 2769 1832 2800 πάντες’

1046 2809 1117 2836 ὥστε
1134 2810 1227 2842 αὐτοῖς
1247 2811 1315 2846 μηδὲ
1329 2811 1375 2838 τὸν
1389 2811 1464 2847 ἥλιον
1483 2812 1588 2847 φαίνειν
1602 2812 1690 2841 δοκεῖν
1710 2813 1763 2841 ὑπὸ
1785 2813 1832 2841 τοῦ

1048 2855 1178 2890 μιγιθους
1195 2856 1249 2884 τῶν
1263 2857 1355 2884 κακῶν
1370 2858 1590 2894 ἐσκοτισμινοις·
1605 2859 1682 2886 αὐτοί
1699 2867 1729 2886 τε
1743 2859 1798 2895 γὰρ
1807 2860 1832 2886 οἰ
