1972 3066
141 97 188 126 361

608 96 883 126 COMMENTARIUS
898 97 932 125 ΙΝ
953 97 1108 126 MICIUEIE
1126 97 1202 126 CAP.
1223 97 1266 125 Ill.

1712 100 1765 130 569

140 155 174 181 τὰ
201 153 316 180 τοιαῦτα
342 154 407 188 ἁρᾷν
433 161 463 179 τε
491 152 720 189 προσποιούμενοι
745 153 793 179 καὶ
819 153 922 187 λέγειν,

977 153 1085 181 nemine
1097 151 1153 188 jam
1179 154 1270 181 verbis
1285 161 1379 181 eorum
1394 154 1513 188 praebere
1528 161 1621 182 aurem
1646 154 1766 190 volente,

139 200 255 235 αἰσχύνῃ
269 199 525 234 περιεληθήσονται,
545 198 598 226 τῶν
615 198 785 234 πραγμάτων
797 199 925 225 ἐναντίων

138 244 178 278 οἷς
197 247 315 280 ἔφασκον
328 245 510 279 δεικνυμένων
521 253 528 261 ·
544 245 630 278 γέλως
641 253 671 270 τε
682 244 765 276 πολὺς
779 245 823 271 ἐπ’
835 245 926 276 αὐτοῖς

979 204 1121 234 postquam
1144 199 1330 233 experimento
1350 199 1521 233 didicerunt,
1544 205 1709 235 quantarum
1723 201 1765 229 eis

978 251 1161 272 aerumnarum
1172 264 1180 276 .
1198 245 1292 272 fraude
1308 252 1373 277 sua.
1389 252 1472 273 causa
1487 246 1654 274 exstiterint.

139 293 215 327 παρὰ
233 292 342 322 πάντων
368 291 523 325 γενήσεται,
540 290 647 321 οὐδενὸς
668 290 728 317 οὐδὲ
751 290 894 326 προσέχειν
918 291 964 316 ἐπὶ
982 291 1036 322 τοῖς
1060 289 1126 324 παρ’
1147 289 1236 316 αὐτῶν
1257 289 1414 324 λεγομένοις
1439 290 1593 323 ἐθέλοντος,
1614 291 1657 318 διὰ
1682 292 1712 318 τὸ
1731 293 1765 328 τῇ

139 340 220 374 πείρᾳ
237 339 332 373 μαθεῖν
346 338 414 364 δσων
428 338 520 369 αὐτοῖς
537 337 580 363 διὰ
599 338 649 372 τῆς
662 338 771 373 ἀπάτης
785 338 834 373 τῆς
848 338 916 369 ἰδίας
931 337 1075 372 γεγόνασιν
1089 337 1170 364 αἴτιοι
1187 337 1290 365 κακῶν.

173 385 249 418 Στίχ.
279 386 366 418 η’-ιακ
389 398 424 403 --
450 392 459 408 t
493 382 574 409 Ἀλλὰ
605 384 658 418 μὴν
683 383 738 417 ἐγὼ
760 383 928 418 ἐνεπλήσθην

139 430 233 464 ἰσχύος
247 430 276 454 ἐν
292 428 427 463 πνεύματι
442 428 557 463 Κυρίου,
574 429 620 454 καὶ
636 429 770 464 κρίματος
787 429 834 456 καὶ
847 429 927 455 δυνα-

138 474 232 505 στείας
252 474 300 500 τοῦ
323 473 489 507 ἀπαγγεῖλαι
506 473 544 508 τῷ
573 472 670 499 Ἰακὼὸ
689 473 815 505 ἀσεϐείας
831 473 926 505 αὑτοῦ,

138 521 187 547 καὶ
203 520 242 556 τῷ
269 520 378 554 Ἰσραὴλ
393 520 529 555 ἁμαρτίας
549 519 641 546 αὑτοῦ.
664 529 673 546 ι
701 519 772 554 Ἐγὼ
792 519 820 546 δὲ
836 521 927 546 πᾶσαν

137 566 247 601 ἐκείνην
259 565 309 600 τὴν
326 566 433 599 ἀπάτην
448 565 537 599 ἀφεὶς,
557 565 707 600 πνεύματος
725 565 802 599 ἁγίου
819 565 925 600 πλήρης

135 611 270 646 γεγονὼς,
281 611 430 646 διακρίνειν
443 619 471 636 τε
489 611 640 645 ἐπίσταμαι
654 611 685 636 τὸ
704 611 763 637 δέον
772 631 780 644 ,
793 611 840 637 καὶ
855 611 924 645 μετὰ

135 658 240 693 πολλῆς
252 658 300 692 τῆς
313 657 403 692 ἰσχύος
416 656 521 691 καὶτῆς
533 657 688 691 παρρησίας
699 657 867 692 προάγομαι,
879 656 924 683 τδν

136 704 202 730 λαὸν
218 703 289 738 ὑπὲρ
302 700 340 729 ὦν
354 702 463 738 ἦμαρτέ
479 711 509 729 τε
527 702 575 729 καὶ
590 703 722 737 ἠσέϐησεν
738 702 859 738 ἐλέγχειν
869 722 876 734 ,
889 703 924 728 εἰ·

135 749 192 780 δὼς
206 749 246 775 ὅτι
261 748 340 774 τοῦτο
353 748 444 779 αὐτοῖς
459 747 629 782 λυσιτελήσει
650 747 749 782 μᾶλλον
763 749 802 780 εις
818 757 922 783 σωφροο

1015 383 1097 411 Vens.
1117 384 1196 410 8-H.
1209 399 1242 404 —
1257 393 1266 409 ι
1285 383 1475 412 Verumtamen
1493 393 1543 421 ego
1561 386 1682 421 repletus
1700 395 1762 415 sum

979 429 1140 457 fortitudine
1162 430 1189 456 in
1210 430 1309 464 spiritu
1331 430 1452 462 Domini,
1468 434 1495 458 et
1514 432 1621 465 judicio
1635 439 1667 460 ac
1682 433 1760 468 183

977 479 1110 510 potestate
1128 495 1136 506 ,
1156 479 1186 502 ut
1211 476 1369 503 annunticm
1393 475 1478 503 εἰσευῦ
1504 477 1658 512 impietates
1684 479 1761 513 ejus,

975 525 1002 548 ct
1017 520 1109 548 lsraeli
1126 525 1235 555 peccata
1249 520 1319 554 ejus.
1334 529 1343 545 ›
1358 519 1414 555 Ego
1428 528 1492 548 vero
1507 521 1581 548 omni
1598 522 1643 549 illa
1666 522 1763 550 fraude

977 566 1105 596 exclusa.
1126 565 1225 600 spiritu
1246 565 1340 592 divino
1361 566 1476 600 plenus,
1499 566 1655 594 discernere
1676 567 1762 595 hone—

976 614 1048 638 sturn
1063 610 1138 636 valeo
1150 630 1157 642 ,
1174 610 1313 644 multoque
1329 617 1391 637 cum
1409 610 1507 637 robore
1520 618 1551 637 ac
1567 611 1663 638 fiducia
1679 619 1761 647 pergo

976 656 1106 690 populum
1122 655 1155 682 de
1169 655 1290 690 peccatis
1303 660 1384 690 atque
1396 656 1581 690 impietatibus
1595 664 1760 692 coarguere;

973 701 1063 728 sciens
1071 701 1096 728 id
1108 701 1161 728 illis
1170 701 1203 728 ad
1211 701 1426 729 emendationem
1436 702 1618 737 profuturum,
1626 703 1689 737 quia
1698 711 1761 737 pec-

972 751 1097 774 catorum
1107 747 1237 774 memoria
1248 751 1274 774 et
1287 746 1369 774 futuri
1385 748 1598 776 comminatione
1612 747 1645 775 ad
1660 748 1760 776 bonam

135 795 254 830 νισμὺν,
282 795 316 828 τῇ
340 802 370 820 τε
395 794 491 828 μνήμῃ
514 792 569 820 τῶν
587 793 800 828 ἁμαρτηθέντων
823 795 870 820 καὶ
892 795 922 829 τῇ

977 791 1080 826 frugem
1088 791 1197 825 perduci
1211 796 1348 825 poterunt.
1364 801 1373 818 ι
1386 792 1484 820 Audite
1492 793 1558 825 haec,
1569 792 1653 821 duces
1661 794 1760 822 domus

134 840 238 875 ἀπειλῇ
253 839 307 866 τῶν
320 839 467 874 ἐσομένων,
485 838 553 874 πρὸς
568 839 599 865 τὸ
615 839 674 864 δέον
688 838 832 872 ὲνάγεσθαι
845 839 926 866 δυνα-

136 887 242 921 μένοις.
265 896 276 911 ι
302 885 448 911 ’Λκούσατε
467 885 499 920 δὴ
519 884 614 917 ταῦτα,
639 885 664 911 οἱ
685 884 831 920 ἡγούμενοι
849 886 924 912 οῐκου

140 930 253 963 Ἰακὼϐ,
273 932 311 965 (p.
327 930 391 964 279)
407 929 454 956 καὶ
467 930 493 955 oi
508 929 668 956 κατάλοιποι
681 930 756 956 οἴκου
775 929 894 964 Ἰσραήλ.
912 939 922 955 ι

141 977 230 1011 ’Υπὲρ
244 976 277 1010 δὴ
293 975 379 1002 ταῦτα
395 975 490 1001 τούτου
501 994 509 1006 ,
529 975 612 1010 φησὶ,
629 975 719 1002 κοινὸν
735 975 802 1010 πρός
817 984 847 1001 τε
863 976 926 1007 τοὺς

132 1021 305 1058 ἡγουμένους
323 1022 370 1047 καὶ
389 1021 452 1052 τοὺς
466 1021 577 1052 λοιποὺς
592 1020 715 1052 ἅπαντας
729 1021 859 1056 ποιοῦμαι
880 1022 925 1048 τὸν

134 1067 226 1100 λόγον,
235 1065 372 1097 ὀνειδίζων
381 1066 445 1100 ὑμῖν
454 1065 489 1092 τὰ
500 1066 692 1100 πεπραγμένα.
705 1067 771 1092 Ποῖα
779 1066 812 1102 δὴ
823 1066 923 1098 ταῦτα;

137 1121 148 1137 (
168 1112 199 1138 Οἱ
220 1111 427 1146 βδελυσσόμενοι
444 1112 544 1146 κρῖμα,
566 1110 655 1137 πάντα
669 1111 703 1137 τὰ
721 1111 789 1146 ὀρθὰ
803 1112 925 1147 διαστρέ-

135 1166 244 1191 φοντες.
267 1166 275 1182 ι
294 1157 325 1182 Οἱ
338 1156 368 1183 τὸ
382 1156 431 1191 μὲν
445 1156 615 1191 κεκριμένως
629 1157 817 1191 διαγινώσκειν
830 1158 863 1184 ἐκ
876 1157 923 1184 τοῦ

135 1204 223 1231 κακοῦ
245 1204 275 1230 τὸ
287 1205 408 1239 κρεῖττον
419 1203 663 1238 ἀποστρεφόμενα,
675 1203 704 1229 ὲν
715 1202 823 1238 διαδολῇ
839 1203 866 1229 δὲ
884 1212 924 1229 τι-

132 1250 244 1284 θέμενοι
259 1250 305 1274 καὶ
318 1249 350 1274 τὰ
364 1248 427 1282 παρ’
443 1248 544 1282 ἑτέρων
555 1247 690 1282 λεγόμενά
705 1256 733 1274 τε
749 1248 796 1274 καὶ
810 1247 924 1284 πραττό-

135 1303 205 1329 μενα
221 1295 262 1325 εἰς
277 1294 348 1324 δέον,
364 1293 433 1320 ὥστε
450 1294 496 1319 xui.
512 1295 568 1324 τοῖς
586 1292 664 1328 ἡμῶν
679 1294 824 1328 προφητῶν
843 1294 923 1320 ἀπει-

134 1340 192 1366 θεῖν
206 1340 309 1373 λόγοις.
329 1349 338 1365 ι
357 1339 388 1365 Οἱ
402 1339 606 1373 οἰκοδομοῦντες
623 1339 692 1364 Σιὼν
706 1339 735 1365 ἐν
755 1339 863 1374 αἵμασι,
878 1339 923 1365 καὶ

140 1385 322 1420 Ἰερουσαλὴμ
337 1385 364 1410 ἐν
383 1384 511 1414 ἀδικίαις.
530 1393 538 1408 ι
558 1383 759 1419 Πεπληρώκατε
775 1385 863 1410 πᾶσαν
876 1385 923 1410 αὺ-

133 1432 183 1466 τὴν
198 1431 289 1465 φόνων
307 1431 353 1456 καὶ
372 1430 489 1461 ἀδικίας.
510 1439 520 1455 ι
544 1430 575 1455 Οἱ
590 1430 735 1464 ἡγούμενοι
754 1430 837 1464 αὐτῆς
854 1430 922 1464 μετὰ

133 1476 232 1512 δώρων
254 1476 378 1510 ἔκρινον,
400 1475 447 1500 καὶ
465 1475 490 1500 οἱ
517 1474 598 1509 ἱερεῖς
622 1474 708 1508 αὐτῆς
730 1473 802 1508 μετὰ
826 1474 921 1509 μισθοῦ

134 1521 326 1557 ἀπεκρίνοντο,
346 1520 393 1546 καὶ
412 1521 435 1546 οἰ
451 1520 587 1554 προφῆται
602 1520 686 1554 αὐτῆς
703 1519 771 1554 μετὰ
789 1520 921 1554 ἀργυρίου

134 1566 318 1602 ἐμαντεύοντο
330 1585 337 1596 ,
353 1566 400 1591 καὶ
417 1565 462 1591 ἐπὶ
477 1566 523 1591 τὸν
539 1565 642 1599 Κύριον
662 1564 864 1590 ὲπανεπαύοντο
877 1564 922 1590 λέ-

133 1620 241 1647 γοντες·
254 1611 324 1646 Οὐχὶ
338 1611 437 1646 Κύριος
451 1612 479 1636 ἑν
492 1611 557 1645 ἡμῖν
568 1611 656 1641 istm;
670 1611 699 1636 οὐ
715 1609 751 1645 μὴ
767 1609 867 1645 ἐπέλθῃ
881 1610 922 1643 ἐφ’

133 1659 207 1693 ἡμᾶς
223 1657 308 1684 κακά.
333 1667 342 1682 ι
359 1657 389 1683 Ol
407 1656 455 1691 μὲν
471 1656 525 1690 γὰρ
542 1655 701 1690 ἐξάρχοντες
713 1655 808 1682 οὐδένα
820 1655 867 1681 τοῦ
882 1655 922 1681 δι-

135 1705 212 1730 καίου
230 1703 369 1729 ποιεῖσθαι
391 1703 468 1736 λόγον
483 1702 631 1733 ἐθέλοντες,
649 1701 797 1737 χρημάτων
819 1703 847 1728 έν
864 1703 924 1733 ταῖς

135 1750 259 1784 κρίσεσιν
274 1747 395 1774 ἐπώλουν
414 1748 443 1774 τὸ
456 1747 570 1774 δίκαιον·
590 1749 614 1774 οἱ
636 1747 664 1773 δὲ
681 1748 710 1774 ὲν
724 1748 762 1782 τῷ
777 1746 925 1782 ἱερατεύειν

135 1794 318 1825 καθεστῶτες,
339 1793 369 1825 ἐξ
389 1793 496 1825 ἀδικίας
515 1794 644 1828 χρήματα
667 1795 699 1829 τῇ
719 1793 853 1829 προφάσει
875 1794 924 1828 τῆς

136 1840 283 1874 ἱερατειας,
297 1839 391 1874 ὥσπερ
403 1838 477 1869 τινὰς
489 1839 601 1874 μισθοὺς
613 1839 750 1873 συλλέγειν
763 1838 922 1874 ὲπειρῶντο”

135 1886 181 1912 καὶ
197 1885 252 1920 μὴν
269 1884 315 1911 καὶ
328 1885 352 1910 οἱ
371 1883 592 1918 ψευδοπροφῆται
604 1885 660 1915 τοῖς
674 1884 812 1919 χρήμασιν
824 1884 922 1920 ἡδόμε-

137 1939 188 1962 νοι,
206 1930 276 1964 πρὸς
296 1929 327 1955 τὺ
339 1930 534 1964 κεχαρισμένον
549 1931 603 1960 τοῖς
619 1930 768 1964 παρέχουσι
785 1929 833 1961 τὰς
857 1937 923 1964 μαν-

975 836 1059 864 Iacob
1078 841 1105 864 et
1118 837 1215 872 reliqui
1235 837 1333 865 domus
1353 837 1471 866 lsraelis.
1486 848 1496 864 ο
1511 839 1547 866 De
1559 839 1610 866 hoc
1621 858 1631 872 ,
1654 840 1759 875 inquit.

975 890 1147 910 communem
1161 883 1313 911 orationem
1329 882 1362 910 ad
1376 883 1459 911 duces
1476 884 1652 919 reliquosque
1665 892 1760 913 omnes

976 928 1080 960 habeo,
1108 928 1178 955 facta
1202 933 1293 956 vestra
1320 929 1398 956 vobis
1421 930 1602 964 exprobrans.
1627 929 1759 963 Quaenam

975 981 1040 1001 vero
1054 973 1130 1001 haec?
1143 983 1151 1000 ι
1165 973 1217 1007 Qui
1231 974 1427 1002 abominamini
1449 975 1600 1009 judicium,
1618 980 1645 1004 et
1666 976 1759 1003 omnia

976 1023 1049 1046 recta
1064 1020 1229 1054 pervertitis.
1249 1028 1258 1044 ι
1272 1019 1352 1052 Quia
1374 1021 1446 1047 malo
1466 1021 1567 1048 bonum
1590 1021 1759 1056 distinguere

975 1065 1126 1096 recusatis,
1157 1066 1358 1093 calumniantes
1394 1066 1506 1101 insuper
1544 1066 1662 1094 aliorum
1686 1071 1760 1094 recte

975 1109 1047 1137 dicta
1061 1115 1088 1137 et
1103 1110 1185 1143 facta,
1196 1118 1283 1145 usque
1293 1111 1361 1138 adeo
1373 1115 1403 1138 nt
1416 1119 1450 1138 ne
1462 1111 1565 1138 nostris
1581 1111 1759 1147 quidem,qui

976 1155 1113 1190 prophetae
1133 1163 1245 1187 sumus,
1266 1155 1357 1184 verbis
1378 1155 1505 1183 credatis.
1520 1165 1531 1181 ‹
1546 1156 1598 1189 Qui
1617 1157 1758 1184 aediﬁcatis

975 1199 1084 1227 Sinnem
1099 1200 1126 1227 in
1142 1201 1340 1235 sanguinibus,
1357 1205 1383 1228 et
1399 1200 1569 1229 Hierusalem
1588 1202 1614 1228 iu
1630 1202 1759 1236 iniquita-

974 1246 1056 1274 tibus.
1085 1255 1094 1271 ι
1117 1246 1169 1279 Qui
1191 1254 1251 1274 eam
1274 1247 1401 1280 replestis
1424 1247 1544 1275 caadibus
1569 1252 1595 1275 et
1613 1247 1757 1282 iniustitia.

977 1300 986 1316 ι
1003 1291 1142 1326 Principes
1156 1291 1216 1326 ejus
1229 1299 1291 1319 cum
1308 1293 1466 1320 muneribus
1477 1292 1655 1327 judicabant;
1671 1299 1697 1321 et
1712 1301 1758 1321 sa-

974 1338 1097 1366 cerdotes
1109 1338 1170 1371 ejus
1193 1345 1255 1364 cum
1277 1337 1402 1365 mercede
1418 1337 1638 1372 respondebant:
1654 1342 1681 1365 et
1696 1346 1759 1373 pro-

973 1383 1061 1417 pheta:
1081 1383 1141 1418 ejus
1156 1390 1218 1410 cum
1232 1389 1344 1419 argento
1359 1383 1534 1415 divinabam,
1557 1388 1584 1411 et
1603 1391 1686 1418 super
1707 1384 1759 1411 Do-

974 1429 1078 1456 minum
1105 1429 1313 1464 requiescebant
1327 1429 1448 1457 dicentes
1463 1429 1575 1457 :Nonnc
1586 1430 1717 1458 Dominus
1730 1430 1758 1457 in

975 1474 1053 1502 nobis
1067 1474 1131 1501 est?
1145 1482 1199 1501 non
1215 1474 1324 1502 venient
1339 1483 1423 1510 super
1438 1483 1488 1503 nos
1502 1476 1583 1502 mala.
1597 1486 1606 1502 ι
1618 1476 1758 1511 Principes

973 1520 1076 1546 nullam
1094 1520 1164 1555 aequi
1179 1520 1249 1554 juris
1273 1521 1406 1548 rationem
1421 1521 1521 1548 habere
1535 1521 1658 1549 volentes
1669 1542 1676 1554 ,
1692 1529 1759 1548 ven-

974 1565 1075 1593 debant
1086 1565 1114 1592 id
1130 1566 1156 1593 in
1170 1566 1291 1600 iudiciis.
1307 1565 1377 1593 Tum
1392 1570 1419 1593 et
1433 1566 1600 1598 sacerdotes,
1614 1567 1757 1601 pecuniam

974 1611 1118 1646 injustam.
1135 1611 1280 1638 sacerdotii
1295 1615 1424 1646 praetextu
1435 1632 1443 1645 ,
1457 1619 1506 1639 ceu
1520 1611 1661 1639 mercedes
1674 1619 1759 1646 quas-

974 1656 1036 1683 dam
1052 1656 1181 1691 colligere
1200 1657 1365 1684 nitebantur.
1384 1657 1506 1691 Denique
1521 1656 1581 1684 falsi
1595 1657 1677 1684 etiam
1693 1665 1759 1692 pro-

973 1702 1077 1736 phetae,
1108 1702 1225 1736 pecunia
1253 1701 1397 1735 delectati,
1427 1702 1461 1729 ad
1487 1702 1600 1738 gratiam
1626 1702 1758 1730 vaticinia

974 1746 1090 1773 edebant
1103 1747 1279 1774 donantibus.
1295 1746 1409 1775 Talibus
1423 1755 1487 1775 vero
1502 1756 1533 1775 ac
1554 1748 1637 1775 tantis
1652 1748 1758 1775 onerati

975 1791 1095 1826 peccatis
1106 1811 1113 1823 ,
1129 1792 1295 1819 simulabant
1310 1800 1340 1820 se
1352 1792 1407 1819 Deo
1421 1792 1545 1819 addictos
1556 1812 1563 1824 ,
1578 1791 1717 1827 Deumque
1730 1792 1758 1819 in

973 1845 1003 1865 se
1014 1837 1113 1865 habere
1126 1846 1132 1864 :
1151 1845 1201 1865 nec
1215 1838 1273 1865 ﬁeri
1285 1847 1365 1873 posse
1379 1838 1487 1865 aiebant
1500 1841 1529 1864 ut
1546 1841 1621 1864 tanto
1636 1837 1682 1864 Dei
1698 1845 1760 1864 mn-

975 1890 1039 1910 nere
1053 1882 1161 1917 ωπᾱίιί
1179 1883 1250 1910 mala
1266 1884 1312 1910 illa
1336 1884 1526 1918 experirentur
1548 1890 1682 1917 unquam,
1699 1889 1759 1917 qua

977 1935 992 1954 a
1008 1928 1087 1955 nobis
1105 1928 1246 1963 prophetis
1259 1929 1472 1963 portenduntur.
1489 1928 1558 1961 Quid
1574 1928 1661 1962 ergo?

136 1975 208 2005 τείας
228 1973 382 2000 ἐποιοῦντο-
406 1971 466 2000 εἶτα
479 1973 597 2000 τοσαῦτα
613 1974 792 2009 ἐργαζόμενοι
808 1973 891 2007 κακὰ,
908 1974 1119 2010 προσεποιοῦντο
1185 1974 1244 2009 Θεῷ
1257 1975 1370 2006 ἑαυτοὺς
1383 1974 1551 2008 ἐπιτρέπειν,
1568 1973 1606 2008 (p.
1619 1972 1681 2007 280)
1693 1972 1760 1998 Θεὸν

136 2021 164 2046 ὲν
179 2022 284 2052 ἑαυτοῖς
299 2020 370 2055 ἔχειν
390 2021 513 2054 λέγοντες
526 2028 532 2034 ’
550 2022 597 2047 καὶ
614 2022 663 2056 οὐχ
677 2019 732 2048 οἷόν
752 2030 781 2047 τε
803 2019 871 2047 εἶναι
885 2021 1011 2047 τοιούτων
1031 2021 1209 2056 ἠξιωμένους,
1231 2021 1393 2056 πειραθῆναι
1409 2021 1462 2047 τῶν
1478 2020 1547 2047 κατὰ
1563 2020 1674 2056 γνώμην
1691 2020 1759 2046 Θεοῦ

136 2067 198 2100 παρ’
216 2065 296 2100 ἡμῶν
312 2067 486 2101 μηνυομένων
503 2066 604 2092 κακῶν.
621 2066 652 2091 Τί
667 2064 729 2098 οὗνς

171 2114 244 2148 Στίχ.
262 2113 305 2147 ιβ’.
321 2127 356 2133 -ο
371 2122 380 2138 ‹
399 2113 448 2138 Διὰ
463 2112 541 2139 τοῦτο
561 2112 593 2138 δι’
605 2113 676 2148 ὑμᾶς
692 2112 760 2139 Σιὼν
782 2113 820 2144 ὡς
838 2113 921 2148 ἀγρὸς

1008 2111 1091 2138 Vens.
1110 2110 1153 2136 12.
1173 2124 1207 2129 -
1233 2119 1242 2135 ι
1264 2109 1337 2139 Ideo.
1364 2109 1449 2136 vestri
1471 2115 1564 2140 causa,
1591 2107 1657 2134 Sion
1679 2107 1759 2142 quasi

137 2158 373 2194 ἀροτριαθήσεται,
390 2159 437 2184 καὶ
459 2158 635 2194 Ἰερουσαλὴμ
648 2159 688 2189 εἰς
697 2158 921 2193 ὀπωροιρυλάκιον

138 2203 222 2234 ἔσται,
249 2203 344 2229 καὶτὸ
366 2203 428 2238 ὅρος
450 2203 497 2229 τοῦ
519 2204 595 2230 οἴκου
620 2204 659 2235 εἰς
675 2204 755 2235 ἄλσος
773 2203 886 2239 δρυμοῦ.
909 2213 918 2228 ι

143 2248 250 2283 Ἐπειδὴ
267 2248 357 2274 τοίνυν
375 2250 431 2279 τοῖς
447 2249 496 2282 μὲν
517 2249 660 2284 ἡμετέροις
674 2249 812 2275 ἀπειθείτε
833 2249 922 2282 λόγοις

137 2293 205 2318 κατὰ
218 2292 331 2327 γνώμην
343 2292 411 2318 Θεοῦ
427 2293 606 2326 γιγνομένοις1
619 2294 674 2324 τοῖς
686 2293 923 2329 ψευδοπροφήταις

137 2339 163 2365 δὲ
180 2339 359 2374 προσέχοντες
380 2339 513 2370 τοσαύτας
534 2339 661 2370 ἀσεϐείας
688 2347 717 2365 τε
739 2341 784 2366 καὶ
805 2348 922 2374 παρανο-

139 2383 200 2417 μίας
215 2383 277 2409 καθ’
292 2383 410 2417 ἑκάστην
428 2383 546 2415 ἅπαντες
562 2384 669 2418 ἡμέραν
689 2384 835 2410 ὲπιτελείτε
846 2405 853 2418 ,
876 2385 920 2411 διὰ

138 2427 214 2454 τοῦτο
236 2428 341 2454 εἴσεσθε
361 2428 414 2454 τῶν
438 2429 578 2464 ἡμετέρων
597 2429 684 2462 λόγων
708 2429 757 2464 τὴν
780 2430 918 2465 ἀλήθειαν,

138 2473 184 2498 καὶ
198 2472 238 2498 ὅτι
256 2472 375 2506 τοσαύτη
393 2481 434 2503 τις
451 2473 552 2508 ἐρημία
569 2473 757 2508 καταλήψεται
777 2474 836 2500 τότε
853 2475 922 2501 Σιὼν

139 2515 198 2549 ἔαρος
211 2518 256 2543 καὶ
273 2517 322 2551 τὴν
337 2517 380 2543 ἐπ’
395 2517 476 2543 αὑτοῦ
490 2518 575 2551 πόλιν,
588 2519 626 2550 ὡς
638 2518 668 2544 τὸ
683 2519 733 2554 μὲν
746 2519 831 2555 ἀγροῦ
843 2519 920 2554 δίκην

139 2562 327 2596 γεωργεῖσθαι,
349 2562 398 2597 τὴν
420 2563 446 2589 δὲ
467 2564 567 2598 σκηνῆς
588 2564 757 2591 διαλλάττειν
775 2564 857 2600 μηδὲν
876 2565 921 2592 ἐπὶ

139 2605 251 2640 ὀπωρῶν
267 2607 372 2642 φυλακῇ
393 2610 659 2644 κατεσκευασμένης,
676 2610 729 2636 τῶν
740 2611 922 2646 οίκοδομημά·

140 2658 190 2675 των
204 2651 272 2686 αὐτῇ
286 2652 450 2686 πανταχόθεν
465 2655 701 2689 κατερριμμένων.
715 2655 767 2681 πᾶν
774 2664 814 2688 τε,
828 2655 920 2682 συντό-

143 2703 196 2728 μως
209 2697 308 2728 εἰπεῖν,
321 2696 352 2722 τὸ
369 2697 431 2731 ὄρος
443 2699 470 2724 ἐν
484 2696 560 2733 ᾧπερ
576 2700 590 2724 ὁ
606 2699 652 2726 τοῦ
665 2699 731 2726 Θεοῦ
750 2697 822 2731 οἶκός
838 2701 920 2731 ἐστιν.

141 2740 212 2766 οῦδὲν
238 2741 331 2767 διοίσει
359 2743 441 2768 τόπου
465 2744 623 2778 συμφύτου,
655 2745 789 2772 τοσούτων
814 2748 846 2772 ἐκ
872 2747 922 2781 τῆς

141 2785 253 2820 ἐρημίας
266 2787 462 2822 ἀναδιδομένων
474 2789 565 2815 αὐτόοι
578 2791 680 2824 ιρυτῶν.
700 2791 778 2817 Ἀλλὰ
792 2791 845 2826 γὰρ
856 2792 921 2827 ἄχρι

299 2843 435 2875 ΡΑτιιοι.
459 2846 516 2876 Gn.
542 2847 652 2877 LXVI.

976 2164 1039 2191 ager
1060 2155 1192 2187 arabitur,
1214 2160 1239 2182 et
1261 2154 1411 2182 Jerusalem
1435 2154 1512 2189 quasi
1534 2153 1659 2180 custodia
1679 2151 1759 2187 184

974 2202 1089 2238 pomarii
1100 2203 1161 2233 erit,
1174 2206 1200 2228 et
1213 2209 1292 2228 mons
1308 2201 1400 2235 templi
1417 2201 1495 2235 quasi
1512 2200 1591 2226 lucus
1605 2199 1631 2225 in
1648 2198 1729 2225 saltu.
1746 2207 1755 2223 ι

972 2247 1107 2281 Quoniam
1123 2247 1216 2281 itaque
1235 2246 1337 2274 nostris
1352 2245 1508 2273 discreditis
1527 2245 1631 2274 verbis,
1648 2250 1709 2278 qua:
1725 2250 1758 2270 cx

974 2294 1020 2321 Dei
1045 2293 1180 2321 sententia
1197 2292 1372 2328 protulimus,
1397 2294 1425 2318 et
1451 2290 1526 2317 falsis
1543 2288 1684 2324 prophetis
1709 2295 1755 2313 au-

973 2340 1137 2372 scultantes,
1155 2343 1194 2366 tot
1212 2338 1373 2372 iniquitates
1389 2344 1421 2363 ac
1435 2334 1672 2371 praevaricationes
1690 2340 1759 2367 quo-

973 2385 1038 2412 tidie
1060 2384 1250 2416 committitis;
1271 2386 1413 2418 propterea
1433 2385 1591 2408 nostrorum
1611 2379 1756 2407 verborum

973 2429 1114 2456 veritatem
1130 2428 1322 2463 cognoscetis;
1349 2426 1414 2461 quia
1431 2429 1507 2452 tanta
1531 2429 1597 2451 tunc
1619 2423 1648 2450 in
1673 2422 1757 2449 Sione

973 2477 1064 2500 monte
1081 2477 1107 2500 et
1130 2473 1157 2499 in
1179 2472 1307 2507 imposita
1324 2471 1348 2498 ei
1376 2471 1487 2498 civitate
1512 2468 1631 2497 solitudo
1654 2467 1708 2499 ﬂet,
1727 2471 1756 2493 nt

974 2519 1017 2546 ille
1028 2519 1136 2553 quidem
1150 2518 1207 2552 agri
1222 2518 1308 2544 instar
1319 2516 1439 2543 arandus
1453 2515 1499 2547 sit,
1511 2515 1568 2541 haec
1580 2518 1670 2541 autem
1683 2511 1756 2539 hand

973 2563 1114 2591 dissimilis
1141 2562 1231 2589 futura
1261 2563 1297 2588 sit
1322 2561 1429 2596 tugurio
1452 2558 1639 2587 custodiendis
1667 2558 1755 2592 pomis

973 2613 1078 2642 erecto;
1095 2609 1207 2636 urbanis
1219 2615 1315 2642 nempe
1329 2607 1451 2634 aediliciis
1466 2606 1568 2641 ubique
1583 2603 1729 2640 prostratis
1744 2611 1752 2630 :

973 2659 1054 2690 atque
1077 2659 1106 2681 ut
1122 2653 1284 2688 compendio
1304 2653 1404 2684 dicam,
1432 2659 1510 2679 mons
1534 2651 1562 2678 in
1579 2658 1632 2685 quo
1657 2650 1755 2676 domus

974 2701 1020 2728 Dei
1035 2704 1087 2733 est,
1104 2701 1170 2728 nihil
1186 2709 1200 2727 a
1216 2701 1335 2736 plantato
1351 2700 1411 2726 loco
1426 2698 1543 2730 dill'eret,
1560 2700 1600 2724 tot
1619 2696 1673 2723 illis
1688 2702 1754 2730 pro—

973 2751 1032 2781 pter
1052 2746 1225 2774 solitudinem
1250 2745 1445 2780 pullnlantibus
1469 2743 1580 2778 plantis.
1605 2741 1664 2769 Jam
1689 2747 1756 2767 vero

973 2793 1091 2820 narratis
1116 2793 1246 2820 hactenus
1269 2791 1377 2820 inﬂictis
1403 2791 1533 2818 lsraelitis
1555 2790 1663 2825 poenis,
1689 2785 1754 2814 dicit

1539 2849 1575 2878 1'2
