1981 3073
220 103 272 131 ζῶ

791 96 965 125 τιιῑοῡοῐιι
987 94 1228 124 MOPSUESTENI

1791 94 1845 121 ποι

221 160 350 195 deinceps
364 166 410 187 res
423 165 518 186 eorum
540 162 601 192 pest
619 162 760 192 capturum
778 156 906 189 futuras;
925 155 1006 182 nimi-

1062 154 1150 181 τούτου
1165 155 1215 186 τὰς
1235 154 1408 189 ἐπαγομένας
1429 153 1522 185 αὐτοῖς
1545 153 1686 188 συμφορὰς
1706 153 1843 188 εἰρηκὼς,

221 212 282 233 rum
295 208 424 239 quantam
441 203 559 230 habituri
571 203 626 230 sint
639 203 665 229 in
678 202 774 229 melius
786 201 1004 228 conversionem.

221 251 309 284 Quem
326 256 430 277 morem
446 248 530 276 fuisse
549 248 715 283 reliquorum
731 247 938 282 prophetarum,
956 253 1006 273 no-

222 295 400 329 minatimque
415 293 488 321 beati
514 293 636 325 Davidis,
653 300 724 327 saepe
743 292 914 320 ostendimus
935 300 942 318 :
963 291 1007 318 ni-

222 340 322 366 mirum
335 337 498 374 prazdicendi
517 342 579 373 post
595 345 778 365 aerumnarum
793 337 944 364 cruciatum
962 336 1006 371 ju-

221 383 327 416 cunda;
346 383 446 410 deinde
467 390 566 410 rursus
588 382 677 410 tristia
695 381 814 412 dicendi,
831 386 859 408 ut
876 381 927 408 hae
940 388 1008 408 cono

222 430 300 456 tinua
315 428 454 460 memoria,
476 432 591 462 utroque
611 426 692 454 modo
715 433 763 454 eos
779 425 929 458 erudirent,
946 433 1008 453 cor-

223 475 353 509 ripientes
363 473 481 500 tristium
493 472 640 502 mentione,
652 471 796 499 hortantes
805 473 895 497 autem
907 470 1008 497 nuncio

223 527 314 546 rerum
332 519 532 553 heuigniorum,
547 525 622 552 spem
639 523 704 552 erga
717 515 801 543 Deum
820 515 921 544 fovere.
937 515 1008 543 Dicit

222 573 287 600 ergo
302 573 309 591 :

547 650 622 677 CAP.
642 650 686 678 IV.

260 697 342 725 Vens.
361 696 439 724 1—3.
459 704 468 721 ι
490 695 522 722 Et
539 697 591 723 erit
608 696 764 724 novissimis
785 695 882 722 diebus
896 693 1008 727 conspi-

223 750 291 769 cuus
313 748 392 768 mons
406 740 504 768 domus
522 739 640 773 Domini,
661 744 828 775 praeparatus
850 740 877 766 in
895 738 1007 766 vertici-

224 789 275 817 bus
291 788 436 820 montium,
450 791 477 814 et
490 786 615 814 sublimis
631 793 713 820 super
734 785 828 812 colles.
849 784 881 811 Et
909 790 1008 818 prope-

224 836 324 862 rabunt
343 834 377 861 ad
397 841 459 861 eum
481 832 585 868 populi,
604 836 768 871 pergentque
788 835 881 866 gentes
905 829 1007 862 multae,
1024 826 1045 854 Β

224 886 251 908 et
267 880 358 908 dicent
371 888 378 907 :
391 879 496 911 Venite,
515 878 696 905 ascendamus
710 878 738 904 in
753 881 872 904 montem
888 875 1007 908 Domini,

225 931 251 953 et
267 926 300 953 ad
315 925 426 952 domum
450 924 495 952 Dei
516 923 611 951 Jacob.
628 923 662 950 Et
682 921 910 950 demonstrabant
929 920 1009 948 nobis

225 973 296 999 viam
312 972 382 1006 ejus.
395 975 422 999 et
438 971 538 998 ibimus
552 971 579 997 in
593 969 699 998 semitis
712 969 773 1004 ejus
787 978 793 995 :
806 967 870 1003 quia
882 967 915 995 de
926 967 1009 995 Sione

224 1018 379 1053 egredietur
392 1017 446 1048 lex,
462 1021 488 1043 ct
505 1017 618 1044 verbum
635 1015 741 1042 Domini
755 1015 789 1042 de
801 1013 963 1042 Jerusalem.
976 1013 1010 1040 Et

222 1063 357 1097 judicabit
368 1063 438 1089 inter
451 1061 530 1096 185
539 1060 655 1095 pepulos
666 1059 777 1090 multos,
795 1062 821 1085 et
837 1061 932 1093 arguet
946 1065 1010 1092 gen-

225 1115 266 1136 tes
294 1107 380 1136 fortes
409 1115 496 1142 usque
523 1107 550 1133 in
573 1106 763 1140 longinquum.
785 1114 794 1130 ι
815 1103 1009 1131 Verumtamen

225 1156 368 1187 postquam
383 1151 453 1178 mala
470 1151 591 1185 perpessi
611 1149 722 1179 fuerint,
741 1147 828 1182 primo
850 1147 959 1182 quidem
975 1146 1010 1173 ab

225 1199 346 1234 Assyriis
363 1197 504 1232 eaptivati,
522 1195 623 1223 deinde
642 1202 657 1222 a
674 1193 848 1229 Babyloniis;
866 1196 941 1219 tanta
964 1192 1009 1218 ﬁet

226 1243 278 1270 hoc
289 1242 316 1269 iu
333 1242 392 1268 loco
401 1248 491 1268 rerum
500 1239 652 1270 conversio,
665 1242 694 1265 ut
707 1237 875 1272 conspicuus
882 1235 1010 1263 omnibus

225 1287 336 1315 futurus
353 1287 388 1314 sit
402 1293 491 1319 mens,
501 1285 528 1312 in
541 1292 595 1319 quo
603 1283 674 1311 Deus
688 1283 811 1310 habitare
827 1282 1008 1313 existimatur,

225 1336 252 1358 et
273 1329 381 1357 cunctis
407 1327 552 1355 sublimior
578 1326 719 1354 montibus
737 1325 936 1360 plurimumque
960 1324 1010 1352 bos

226 1375 373 1407 excedens.
393 1381 544 1408 omnesque
559 1373 654 1404 colles,
678 1377 788 1407 propter
809 1371 1010 1398 tnanifestatam

225 1422 326 1449 divinae
337 1420 431 1447 tutelae
446 1420 474 1446 in
491 1427 524 1446 eo
537 1419 665 1454 gloriam.
681 1417 757 1445 Multi
768 1424 876 1454 quoque
889 1416 1011 1444 extranei

226 1467 321 1494 multis
330 1473 367 1494 ex
384 1465 451 1492 locis
466 1468 631 1491 concurrent
643 1462 676 1489 ad
688 1462 761 1489 hunc
775 1461 821 1488 Dei
837 1464 967 1492 amntem.
982 1461 1009 1487 in

224 1521 282 1548 quo
299 1511 426 1540 videlicet
447 1510 572 1538 habitare
594 1509 667 1536 Deus
687 1508 818 1541 creditur,
839 1512 869 1534 ut
883 1507 947 1534 hinc
961 1507 1010 1533 do—

226 1564 341 1587 ceantur
362 1556 499 1593 quomodo
517 1563 564 1584 eos
582 1562 746 1590 eompoaere
766 1561 857 1581 mores
874 1557 1009 1588 oporteat,

225 1609 252 1632 et
264 1612 296 1632 ex
314 1610 409 1631 norma
430 1601 582 1629 honestatis
598 1601 707 1628 vivere:
724 1600 760 1626 ita
774 1603 804 1626 ut
818 1599 858 1626 lex
871 1599 917 1626 iiat
928 1599 1010 1626 etiam

226 1647 374 1679 extraneis,
393 1646 438 1673 illa
451 1653 511 1682 quae
527 1646 579 1672 hoc
599 1645 658 1671 loco
672 1647 766 1679 regnat
786 1643 846 1677 lex;
861 1646 1010 1677 putentque

227 1698 324 1718 omnes
339 1698 369 1717 se
384 1689 431 1717 Dei
454 1696 546 1716 vocem
564 1688 668 1719 audire,
693 1694 746 1721 qua
767 1686 897 1721 iubentur
912 1693 1010 1712 secun-

225 1735 291 1764 dum
307 1735 431 1763 instituta
445 1734 564 1762 civitatis
574 1733 725 1760 Jerusalem
740 1732 842 1759 vivere.
859 1730 905 1758 Sic
920 1735 1009 1758 autem

227 1781 326 1809 merito
355 1780 570 1811 existimabunt,
599 1781 754 1814 spectantes
778 1776 928 1804 evidentem
962 1775 1009 1803 Dei

227 1826 386 1861 potentiam,
401 1825 464 1851 dum
478 1825 578 1850 multos
590 1830 622 1850 ex
636 1823 669 1849 iis
683 1822 730 1856 qui
752 1821 822 1848 tnale
839 1821 918 1848 nobis
939 1820 1010 1847 fece-

226 1874 292 1897 runt
303 1870 335 1897 ad
349 1877 428 1898 suum
441 1869 572 1903 judicium
586 1867 732 1903 pertrahit,
744 1866 888 1901 arguitque
899 1865 1010 1892 validis-

227 1917 312 1944 simos
328 1916 421 1948 etiam,
434 1915 610 1949 quantumvis
627 1913 720 1948 procul
742 1913 839 1940 abesse
855 1911 1008 1943 videantur,

226 1963 262 1988 ob
278 1961 367 1988 illatas
386 1960 467 1986 nobis
488 1959 621 1993 injurias;
645 1965 794 1993 pmnasque
818 1956 872 1983 illis
895 1956 1010 1991 imponit

226 2005 393 2032 facinoribus
408 2004 528 2038 ipsorum
539 2003 658 2037 dignam.

1059 200 1130 233 λέγει
1146 199 1238 226 λοιπὸν
1253 201 1299 227 καὶ
1311 198 1355 227 οἷα
1365 201 1400 228 τά
1410 201 1474 236 περὶ
1484 200 1582 232 αὐτοὺς
1598 200 1668 235 μετὰ
1679 200 1728 235 τὴν
1743 200 1845 227 ἅλωσιν

1058 245 1144 276 ἔσται,
1156 245 1221 280 ὅσην
1240 253 1270 271 τε
1285 244 1340 277 ἕξει
1353 245 1402 280 τὴν
1419 246 1466 273 ἐπὶ
1485 246 1517 272 τὸ
1533 246 1657 280 κρεῖττον
1676 245 1844 281 μεταϐολήν·

1058 290 1126 324 ὅπερ
1140 288 1186 316 οὖν
1201 290 1295 322 είωθδς
1312 290 1343 317 δν
1360 292 1416 322 τοῖς
1437 290 1540 322 λοιποῖς
1556 291 1708 326 προφήταις
1721 291 1768 327 (p.
1780 290 1846 327 9.8!)

1058 334 1105 361 καὶ
1121 334 1160 369 τῷ
1175 335 1304 370 μακαρίῳ
1325 336 1416 368 Δαυτδ,
1428 335 1557 367 πολλάκις
1578 336 1728 372 ἐδείξαμεν,
1743 337 1774 364 τδ
1791 346 1846 373 μη-

1058 381 1130 407 νύειν
1146 381 1215 416 μετὰ
1233 382 1284 416 τὴν
1303 382 1358 408 τῶν
1377 382 1503 418 χαλεπῶν
1526 384 1623 417 πεῖραν
1640 383 1674 410 τὰ
1693 383 1770 418 ἡδέα,
1786 381 1847 411 εῐτα

1059 426 1140 453 πάλιν
1152 427 1240 461 λέγειν
1255 427 1290 454 τὰ
1301 427 1420 463 λυπηρὰ,
1434 428 1476 454 ἵνα
1487 429 1521 464 τῇ
1537 427 1660 464 συνεχείᾳ
1671 428 1720 463 τῆς
1735 429 1846 463 μνήμης

1058 471 1091 497 δι’
1102 472 1265 508 ἀμφοτέρων
1279 473 1379 504 αὐτοὺς
1393 473 1554 504 παιδεὺωσι,
1567 472 1778 508 σωφρονίζοντες
1796 474 1846 509 μὲν

1058 518 1091 552 τῇ
1108 517 1202 553 μνήμῃ
1214 517 1270 544 τῶν
1285 517 1425 553 λυπηρῶν,
1440 518 1654 554 προτρεπόμενοι
1668 518 1697 545 δὲ
1711 520 1744 554 τῇ
1764 519 1847 555 μηνύ-

1060 572 1101 589 σει
1127 563 1182 590 τῶν
1207 564 1397 599 χρηστοτέρων
1416 565 1466 600 τῆς
1486 564 1594 596 ἐλπίδος
1617 565 1778 601 ἀντέχεσθαι
1797 568 1847 603 τῆς

1059 607 1143 640 θείας.
1159 609 1239 643 Λέγει
1254 609 1343 636 τοίνυν
1357 617 1364 624 ·

1384 656 1466 684 ΚΕΦ.
1481 657 1518 683 Δ’.

1093 703 1165 738 Στίχ.
1181 703 1254 736 α’-γ’.
1272 717 1307 723 -—
1327 713 1335 728 I
1353 703 1408 729 Καὶ
1422 703 1497 730 ἔσται
1515 703 1557 730 ἐπ’
1570 703 1691 738 ἐσχάτων
1705 703 1761 730 τῶν
1775 704 1847 738 ἡμε-

1060 748 1114 784 ρῶν
1134 749 1254 784 ὲμφανὲς
1276 749 1306 775 τὺ
1319 749 1381 785 ὅρος
1395 750 1442 776 τοῦ
1456 749 1532 776 οἴκου
1544 748 1646 785 Κυρίου
1658 769 1665 781 ,
1677 749 1784 784 ἕτοιμον
1799 750 1846 776 ἐπὶ

1059 794 1108 825 τὰς
1135 794 1257 830 κορυφάς
1286 794 1341 821 τῶν
1373 795 1475 830 ὀρέων,
1516 795 1562 821 καὶ
1597 795 1845 830 μετεωρισθήσεται

1059 839 1186 875 ὑπεράνω
1199 839 1253 865 τῶν
1265 839 1367 874 βουνῶν
1378 849 1384 855 ·
1399 840 1446 866 καὶ
1463 841 1625 867 σπεύσουσιν
1640 840 1684 867 ἐπ’
1696 841 1761 867 αὐτὸ
1774 841 1845 872 λαοὶ,

1059 884 1106 910 καὶ
1130 883 1292 920 πορεύσεται
1309 884 1372 920 ἔθνη
1396 885 1495 912 πολλά·
1512 886 1559 912 καὶ
1575 884 1684 920 ἐροῦσι,
1698 885 1778 912 Δεῦτε
1799 887 1847 912 καὶ

1059 928 1203 963 ἀναϐὦμεν
1217 929 1257 960 είς
1271 928 1301 955 τὸ
1316 929 1379 964 ὅρος
1397 929 1509 964 Κυρίου,
1524 930 1570 956 καὶ
1585 930 1624 960 είς
1645 929 1690 956 τὸν
1710 927 1783 956 οἷκον
1798 929 1846 956 τοῦ

1059 972 1126 999 Θεοῦ
1158 972 1272 1000 Ἰακώϐ·
1295 973 1343 999 καὶ
1364 973 1497 1005 δείξουσιν
1516 975 1580 1008 ἡμῖν
1602 973 1652 1008 τὴν
1673 973 1731 1000 ὁδον
1751 973 1845 1005 αὑτοῦ,

1059 1018 1105 1044 καὶ
1120 1018 1308 1053 πορευσόμεθα
1325 1019 1354 1044 ὲν
1369 1019 1429 1050 ταῖς
1442 1018 1544 1054 τρίϐοις
1560 1018 1653 1044 αὑτοῦ·
1674 1019 1715 1045 ὃτι
1730 1019 1761 1044 ὲκ
1777 1018 1847 1045 Σιὼν

1060 1063 1229 1096 ἐξελεύσεται
1239 1063 1331 1098 νόμος,
1344 1064 1391 1089 καὶ
1402 1064 1479 1097 λόγος
1493 1064 1594 1098 Κυρίου
1608 1064 1637 1096 ἐξ
1655 1064 1846 1099 Ἰερουσαλήμ·

1060 1109 1106 1134 καὶ
1123 1109 1210 1143 κρινεῖ
1221 1108 1272 1135 ἀνὰ
1286 1108 1368 1143 μέσον
1379 1108 1451 1135 λαῶν
1467 1108 1581 1140 πολλῶν,
1599 1109 1645 1135 καὶ
1660 1106 1765 1143 ἐλέγξει
1782 1109 1848 1145 ἔθνη

1061 1155 1159 1190 ἰσχυρὰ
1174 1155 1226 1186 ἕως
1251 1155 1370 1189 μακράν.
1391 1164 1400 1180 ι
1425 1155 1505 1180 Ἀλλά
1526 1154 1581 1189 γὰρ
1602 1155 1670 1189 μετὰ
1681 1155 1730 1190 τὴν
1746 1157 1848 1190 πεῖραν

1059 1198 1115 1225 τῶν
1136 1198 1229 1225 κακῶν
1253 1199 1282 1224 ιν
1299 1196 1372 1235 ᾗπερ
1393 1199 1562 1234 γενήσονται,
1577 1199 1708 1234 πρότερον
1728 1199 1777 1234 μὲν
1795 1199 1850 1226 ὑπὸ

1067 1242 1216 1277 ’Λσσυρίων
1242 1241 1524 1276 αἰχμαλωτισθέντες,
1546 1241 1598 1268 ὑπὸ
1622 1242 1798 1269 Βαϐυλωνίων
1819 1243 1848 1269 δὲ

1061 1287 1184 1322 ὕστερον,
1197 1286 1316 1321 τοσαύτη
1333 1286 1468 1322 μεταϐολὴ
1492 1287 1555 1321 περὶ
1569 1287 1615 1313 τὸν
1629 1287 1710 1314 τόπον
1730 1288 1847 1322 γενήσε-

1061 1339 1105 1358 ται
1122 1331 1225 1360 τοῦτον,
1244 1330 1314 1357 ὥστε
1335 1331 1483 1365 περιφανὲς
1497 1331 1582 1357 ἅπασι
1594 1330 1624 1357 τὸ
1634 1331 1696 1366 ὅρος
1710 1331 1847 1365 γενέσθαι,

1062 1377 1091 1402 ὲν
1106 1373 1183 1411 ᾧπερ
1198 1376 1282 1402 οἰκεῖν
1298 1376 1463 1410 ὑπείληπται
1483 1375 1558 1407 Θεὸς,
1571 1376 1697 1403 ἁπάντων
1716 1385 1746 1402 τε
1763 1376 1848 1411 ὑπερ-

1061 1421 1186 1456 κείμενον
1207 1421 1344 1456 δειχθῆναι
1368 1421 1422 1448 τῶν
1448 1421 1545 1456 ὀρέων,
1565 1422 1612 1448 καὶ
1636 1422 1760 1448 πλεῖστον
1786 1422 1849 1448 ὅσον

1063 1467 1210 1502 ὑπεραῖρον
1231 1467 1320 1494 πάντα
1343 1467 1392 1501 μὲν
1411 1467 1476 1502 δρη,
1502 1467 1606 1498 πάντας
1626 1466 1654 1493 δὲ
1670 1466 1789 1501 βουνοὺς.
1803 1466 1849 1493 διὰ

1063 1512 1111 1548 τὴν
1128 1513 1159 1538 ἐκ
1172 1513 1222 1546 τῆς
1237 1512 1311 1543 θείας
1328 1512 1490 1547 κηδεμονίας
1510 1513 1538 1538 ἐν
1556 1511 1630 1547 αὐτῷ
1644 1511 1790 1546 γινομένην
1808 1511 1850 1537 δύο

1063 1555 1125 1588 ξαν·
1147 1555 1359 1590 συναχθήσονται
1380 1555 1407 1581 δὲ
1432 1555 1523 1581 πολλοὶ
1548 1555 1711 1590 πολλαχόθεν
1730 1557 1775 1582 καὶ
1791 1555 1847 1581 τῶν

1061 1600 1208 1635 ἀλλοτρίων
1227 1600 1400 1635 ἐπειγόμενοι
1414 1600 1492 1627 τοῦτο
1503 1601 1536 1636 δὴ
1545 1601 1593 1627 τοῦ
1605 1601 1671 1628 Θεοῦ
1685 1601 1848 1628 καταλαϐεῖν

1060 1644 1090 1670 τὸ
1111 1644 1184 1679 δρος,
1202 1644 1239 1678 (p.
1258 1644 1321 1677 282)
1341 1644 1370 1669 ὲν
1395 1641 1471 1679 ᾧπερ
1495 1646 1579 1671 οἰκεῖν
1597 1645 1737 1677 δοξάζεται
1762 1645 1847 1676 Θεὸς·

1060 1686 1177 1713 ἐνταῦθα
1189 1695 1217 1713 τε
1237 1686 1414 1721 παιδευθῆναι
1431 1687 1460 1714 ὃν
1482 1687 1514 1722 δὴ
1530 1688 1628 1723 τρόπον
1647 1687 1784 1723 προσῆκεν
1797 1687 1848 1715 αὒ-

1061 1731 1124 1762 τοὺς
1149 1731 1352 1763 πολιτεύεσθαι,
1372 1732 1446 1764 ὅπως
1471 1741 1500 1758 τε
1525 1732 1598 1767 βιοῦν
1623 1733 1693 1760 κατὰ
1717 1733 1748 1758 τὸ
1769 1733 1846 1760 δέον⁸

1060 1776 1129 1802 ὥστε
1145 1776 1226 1810 νόμον
1244 1774 1313 1803 εἶναι
1326 1777 1373 1803 καὶ
1393 1779 1448 1808 τοῖς
1462 1777 1574 1813 ἑτέρωθι
1588 1778 1634 1804 τὸν
1647 1778 1764 1805 ἐνταῦθα
1780 1787 1848 1814 κρα-

1060 1821 1157 1848 τοῦντα
1171 1822 1261 1856 νόμον,
1279 1823 1370 1857 φωνῆς
1387 1831 1416 1849 τε
1437 1823 1511 1855 θείας
1532 1824 1619 1850 δοκεῖν
1633 1824 1742 1850 ἀκούειν
1761 1825 1846 1851 ἃπαν-

1061 1877 1118 1899 τας,
1134 1868 1180 1902 ἀφ’
1195 1866 1229 1903 ἧς
1242 1869 1379 1903 προσῆκεν
1392 1870 1447 1900 τοῖς
1467 1869 1641 1905 Ἰερουσαλὴμ
1661 1870 1848 1897 πολιτεύεσθαι

1061 1913 1201 1948 νομίμοις*
1222 1913 1308 1939 ταῦτα
1327 1913 1355 1940 δὲ
1371 1914 1509 1949 οἰήσονται
1527 1914 1655 1946 δικαίως,
1670 1915 1786 1950 δρῶντες
1799 1915 1848 1941 τοῦ

1063 1958 1129 1985 Θεοῦ
1146 1958 1192 1993 τὴν
1206 1958 1320 1994 δύναμιν
1331 1959 1365 1994 ἢν
1377 1959 1549 1991 ἐπιδείξεται,
1563 1959 1676 1991 πολλοὺς
1691 1960 1745 1986 τῶν
1755 1960 1849 1992 κακῶς

1063 2001 1266 2028 διατεθεικότων
1284 2002 1359 2036 ἡμᾶς
1385 2002 1437 2028 ὑπὸ
1459 2002 1509 2037 τὴν
1528 2002 1618 2038 κρίσιν
1640 2002 1714 2036 ἄγων
1733 2003 1782 2038 τὴν
1808 2004 1849 2029 ol-

226 2050 316 2082 κείαν,
338 2048 455 2084 ἐλέγχων
477 2057 506 2074 τε
528 2049 575 2074 καὶ
597 2048 659 2078 τοὺς
688 2047 756 2080 ἄγαν
778 2044 847 2072 εἶναι
867 2046 1012 2078 δοκοῦντας
1038 2047 1180 2082 ἰσχυροὺς,
1197 2047 1249 2074 κᾶν
1272 2048 1296 2073 εί
1317 2048 1460 2082 πόρρωθεν
1483 2045 1552 2074 εἶναι
1578 2048 1699 2080 δοκοῖεν,
1720 2048 1789 2083 ὑπὲρ
1811 2045 1849 2076 ὧν

226 2097 266 2128 είς
285 2095 359 2131 ἡμᾶς
388 2092 635 2128 πεπλημμελήκασι
646 2113 653 2123 ,
669 2092 716 2117 καὶ
732 2091 764 2126 δὴ
784 2091 831 2117 κα).
854 2091 990 2127 τιμωρίαν
1013 2091 1104 2124 αὐτοῖς
1123 2092 1232 2126 ἐπάγων
1246 2091 1300 2118 τῶν
1315 2091 1522 2127 τετολμημένων
1535 2092 1623 2125 ἀξίαν.

262 2140 345 2168 Miror
368 2144 457 2167 autem
478 2146 527 2166 eos
547 2138 592 2172 qui
616 2137 795 2169 allirmarunt,
816 2137 889 2164 dicta
916 2138 973 2165 haec
997 2146 1011 2165 a
1029 2140 1050 2166 ι)

227 2186 357 2222 propheta
379 2185 413 2212 de
432 2184 513 2211 rebus
539 2183 668 2211 lsraelitis
691 2183 840 2215 eventuris,
863 2187 1008 2218 postquam

227 2233 363 2267 Babylone
376 2231 479 2259 reversi
499 2229 633 2260 fuissent;
654 2228 785 2256 addentes
804 2229 896 2260 etiam.
917 2233 1008 2264 typum

226 2275 371 2310 quemdam
383 2281 430 2302 eas
443 2273 527 2300 fuisse
540 2280 630 2300 rerum
643 2272 694 2299 sub
705 2272 816 2299 Christo
831 2271 945 2300 Domino
962 2281 1009 2306 ge—

227 2320 384 2348 rendarum.
401 2318 482 2354 Atqui
498 2318 548 2346 hos
560 2324 621 2352 ego,
636 2320 772 2351 quatenus
788 2317 879 2351 populi
893 2318 1009 2345 reditum

226 2365 364 2400 Babylone
375 2364 421 2391 his
434 2363 524 2391 verbis
535 2362 672 2397 designari
685 2361 774 2392 aiunt,
791 2369 839 2388 ceu
852 2362 954 2396 optime
969 2363 1011 2390 di»

227 2412 322 2435 centes
336 2407 427 2435 laudo.
442 2405 520 2441 Quod
537 2410 625 2432 autem
647 2409 727 2440 typus
741 2405 851 2440 quidam
870 2405 896 2432 in
913 2405 1009 2432 iisdem

228 2451 312 2477 lateat
324 2457 415 2476 rerum
427 2447 528 2476 Christi
543 2448 661 2480 Domini,
674 2448 746 2476 haud
761 2449 818 2476 scio
833 2450 970 2484 quomodo
983 2449 1010 2475 id

228 2494 362 2532 amt'mare
377 2494 499 2521 animum
513 2493 670 2521 induxerth
683 2502 689 2520 :
705 2499 813 2521 constat
828 2495 901 2522 enim
917 2499 1010 2530 typum

228 2537 408 2564 imitationem
420 2544 481 2564 esse
493 2537 638 2572 quamdam
652 2538 712 2572 ejus
734 2538 782 2570 rei,
797 2538 876 2573 cujus
895 2547 955 2566 esse
969 2538 1011 2565 di-

229 2582 301 2610 citur
319 2586 414 2616 typus;
433 2581 518 2608 dictio
541 2587 651 2610 autem:
671 2592 680 2608 ι
701 2583 739 2610 De
760 2583 843 2611 Sione
857 2584 1012 2619 egredietur

230 2628 284 2660 lex,
301 2632 328 2655 et
346 2627 458 2654 verbum
483 2627 589 2654 Domini
612 2628 646 2654 de
673 2628 836 2660 ierusalem,
859 2638 868 2655 ι
897 2629 1011 2656 multum

230 2675 308 2700 ai-est
324 2680 338 2700 a
351 2672 453 2700 Christi
468 2673 665 2708 propositione,
681 2674 727 2708 qui
746 2674 856 2702 disertis
867 2674 957 2702 verbis
968 2673 1017 2701 Sa-

229 2719 370 2745 maritana
385 2717 453 2745 dixit
466 2718 487 2733 "
502 2727 508 2745 :
525 2727 533 2744 ι
555 2718 662 2751 Mulier,
673 2719 756 2747 crede
773 2720 849 2752 mihi,
861 2720 925 2755 quia
941 2721 1015 2747 venit

267 2783 287 2800 "
302 2782 379 2812 Joan.
398 2791 436 2816 tv,
454 2783 498 2810 2|.

1106 2138 1264 2173 Ἐθαύμασα
1279 2138 1306 2165 δὲ
1320 2139 1382 2170 τοῦς
1404 2139 1550 2174 είρηκότας
1565 2139 1687 2174 λελέχθαι
1700 2140 1749 2175 μὲν
1763 2141 1850 2168 ταῦτα

1062 2183 1101 2218 τῷ
1114 2184 1238 2218 προφήτῃ
1255 2184 1301 2210 ἐπὶ
1317 2183 1370 2209 τῶν
1391 2184 1455 2219 περὶ
1483 2184 1545 2215 τοὺς
1568 2184 1736 2219 Ἰσραηλίτας
1750 2186 1850 2220 ἐσομέ-

1062 2237 1125 2260 νων,
1140 2229 1224 2254 ὲπειδ*
1241 2229 1273 2255 ἂν
1287 2228 1473 2262 ὲπανάγεσθαι
1486 2228 1603 2263 μέλλωσι
1617 2230 1665 2264 τῆς
1680 2229 1849 2264 Βαόυλῶνος,

1062 2274 1202 2308 φήσαντας
1229 2273 1258 2299 δὲ
1282 2272 1366 2299 τύπον
1385 2272 1454 2299 αὑτά
1478 2281 1540 2298 τινα
1568 2272 1615 2298 καὶ
1636 2272 1691 2299 τῶν
1709 2273 1780 2300 κατὰ
1804 2273 1850 2300 τὸν

1062 2316 1200 2351 Δεσπότην
1223 2316 1294 2351 ἔχειν
1306 2315 1422 2349 Χριστόν
1437 2323 1443 2330 ”
1460 2315 1506 2347 οὓς
1526 2316 1566 2341 ὅτι
1581 2315 1632 2350 μὲν
1650 2317 1699 2351 τὴν
1712 2317 1744 2342 ὲκ
1761 2316 1852 2342 Βαϐυ-

1062 2361 1145 2392 λῶνος
1160 2361 1288 2388 ἐπάνοδον
1302 2361 1348 2388 τοῦ
1361 2361 1426 2388 λαοῦ
1436 2362 1617 2397 σημαίνεσθαι
1632 2362 1734 2397 ἔφασαν
1751 2364 1779 2389 ἐν
1788 2363 1851 2390 τού-

1064 2413 1130 2435 τοις,
1141 2405 1178 2435 ὡς
1190 2404 1320 2431 κάλλιστά
1333 2413 1364 2438 γε
1375 2405 1520 2441 εἰρηκότας
1534 2405 1638 2431 ἐπαινῶ
1649 2414 1656 2420 ·
1673 2406 1713 2432 ὅτι
1726 2406 1754 2432 δὲ
1766 2406 1851 2433 τύπον

1065 2451 1124 2477 τινὰ
1146 2450 1200 2477 τῶν
1215 2450 1284 2477 κατὰ
1296 2450 1341 2476 τὸν
1359 2451 1496 2485 Δεσπότην
1513 2450 1570 2485 ἔχει
1587 2451 1713 2486 Χριστὸν,
1730 2452 1780 2478 οὐκ
1793 2449 1851 2478 οἶδα.

1064 2496 1137 2526 ὅπως
1148 2495 1322 2530 προήχθησαν
1329 2495 1425 2525 εἰπεῖν,
1433 2495 1512 2530 δήλου
1519 2503 1550 2528 γε
1558 2495 1633 2526 ὄντος
1642 2495 1678 2526 ὡς
1688 2495 1760 2527 ἅπας
1766 2495 1852 2528 τύπος

1065 2538 1181 2573 μίμησιν
1197 2538 1253 2572 ἔχει
1265 2537 1326 2564 τινὰ
1341 2538 1409 2573 πρὸς
1427 2539 1514 2564 έκεῖνο
1527 2535 1611 2572 οὗπερ
1625 2537 1734 2571 λέγεται
1747 2538 1850 2570 τύπος·

1064 2583 1095 2610 τὸ
1106 2583 1135 2609 δὲ
1147 2584 1180 2609 ὲκ
1202 2582 1270 2609 Σιὼν
1286 2581 1475 2614 ἐξελεύσεσθαι
1493 2583 1584 2617 νόμον,
1595 2583 1642 2609 καὶ
1655 2583 1732 2617 λόγον
1747 2584 1850 2618 Κυρίου

1066 2628 1095 2660 ἐξ
1117 2627 1304 2663 Ἰερουσαλὴμ,
1321 2629 1360 2663 (p.
1371 2627 1435 2663 285)
1446 2628 1512 2654 πολύ
1528 2636 1560 2662 γε
1575 2629 1730 2663 ἀφέστηκεν
1743 2629 1792 2663 τῆς
1803 2629 1851 2655 τοῦ

1063 2673 1182 2709 Χριστοῦ
1195 2673 1353 2706 διατάξεως,
1365 2673 1394 2705 ὃς
1408 2673 1501 2707 σαφῶς
1508 2673 1602 2709 εἴρηκε
1618 2674 1686 2708 πρὸς
1697 2674 1746 2708 τὴν
1757 2674 1852 2708 Σαμα-

1065 2721 1164 2756 ρεῖτιν
1185 2728 1194 2744 ι
1210 2718 1324 2744 Πίστευέ
1351 2726 1406 2753 μοι,
1423 2718 1513 2753 γύναι,
1527 2719 1567 2746 ὅτι
1586 2718 1696 2755 ἔρχεται
1721 2718 1791 2754 ὥρα,
1806 2718 1853 2746 δη
