1981 3073
165 75 219 103 $65

654 74 928 103 COMMENTARIUS
947 74 979 101 ΙΝ
1001 73 1154 103 MICHIEA".
1169 74 1245 102 CAP.
1266 74 1309 102 IV.

1731 79 1784 105 366

163 134 227 161 οὔτε
250 134 280 161 ὲν
306 132 514 169 Ἰεροσολύμοις,
528 134 588 160 οὕτε
601 135 630 161 ὲν
645 134 684 169 τῷ
694 135 752 170 ὕρει
767 135 854 170 τούτῳ
864 143 950 170 προσ-

1008 135 1080 166 bora.
1097 134 1208 169 quando
1223 141 1311 168 neque
1323 133 1530 168 Hierosolymis.
1550 142 1638 170 neque
1660 136 1741 172 186
1757 142 1784 164 tu

165 179 297 213 κυνήσετε
310 179 349 213 τῷ
356 178 444 214 Πατρί
452 187 458 193 ·
474 188 483 204 ι
492 179 539 205 καὶ
552 180 601 214 τὴν
608 180 697 206 αἰτίαν
709 179 805 214 λέγων,
817 189 826 205 t
839 179 952 214 Πνεῦμα

162 224 179 250 ὁ
196 224 271 255 Θεὸς.
288 223 409 255 καὶτοὺς
430 224 649 259 προσκυνοῦντας
668 225 759 256 αὑτὸν,
778 226 808 251 ὲν
819 224 952 258 πνεύματι

164 270 214 297 καὶ
224 269 336 304 ἀληθείᾳ
353 269 394 295 δεῖ
408 271 585 305 προσκυνεῖν·
599 279 609 295 ι
625 270 716 304 σαφῶς
731 270 785 305 γὰρ
796 270 953 304 ἀπεφήνατο

164 314 401 348 καταλυθήσεσθαι
425 314 475 349 τὴν
500 315 565 350 περὶ
593 314 638 340 τὺν
661 315 742 340 τόπον
760 313 952 349 ἀκριϐολογίαν

165 360 316 391 παντελῶς,
333 360 380 386 καὶ
410 360 510 394 μηδένα
521 360 599 393 λόγον
617 360 725 386 ἔσεσθαι
738 359 784 386 τοῦ
805 360 834 385 ὲν
851 359 953 394 Ἰερου-

165 404 258 439 σαλὴμ
273 404 397 439 μα’λλονῆ
411 404 523 440 ἑτέρωθι
535 405 698 440 προσκυνεῖν
709 412 715 418 ·
728 403 822 438 ἐπειδὴ
833 403 953 434 ἅπαντες

165 449 356 480 παιδευθέντες
370 449 514 484 ἀσώματον
525 447 594 475 εἶναι
605 449 635 475 τὸ
643 449 729 481 Θεῐον,
747 448 816 484 μετὰ
825 448 953 482 τοιαύτης

164 493 240 528 αὐτῷ
271 495 434 528 προσκυνεῖν
463 494 589 528 μέλλουσι
603 495 652 529 τῆς
673 494 791 524 διανοίας
804 502 811 508 ·
828 494 866 525 ὡς
885 494 952 520 ὅπου

164 539 226 564 ποτ’
254 538 287 564 ἂν
317 538 384 564 αὐτὸ
408 538 649 574 διαπράττωνται,
676 539 753 565 οὐδὲν
785 539 952 574 ἀλλοιότερον

163 583 305 615 ποιοῦντες
315 591 322 598 ·
335 584 399 617 περὶ
413 584 463 618 μὲν
475 583 566 619 δὴτῆς
591 584 721 611 ἐπανόδου
738 584 788 618 τῆς
802 585 856 610 ἀπὸ
869 585 954 611 Βαόυ-

163 629 249 661 λῶνος
265 630 452 664 ἁρμοττόντως
467 629 572 664 λέγοιτο
588 630 633 662 ἂν,
648 639 657 655 ι
676 630 723 656 Ἐκ
735 629 803 655 Σιὼν
817 630 953 663 ἐξελεύσε-

162 683 210 701 ται
222 675 314 710 νόμος,
329 675 375 701 καὶ
387 674 466 708 λόγος
482 675 582 710 Κυρίου
601 676 630 708 ἐξ
647 675 834 711 Ἰερουσαλὴμ,
850 685 859 700 ι
879 677 953 702 ὲπει-

162 719 252 755 δήπερ
261 720 429 754 ἀπεδόθησαν
441 720 605 755 Ἰσραηλῖται
617 720 677 746 τότε
684 720 723 755 τῷ
734 720 809 755 τόπῳ
823 720 862 755 τῷ
871 720 951 752 Σιὼν,

162 765 236 792 ὥστε
251 765 321 792 κατὰ
336 766 385 800 τὴν
400 766 515 801 νομικὴν
535 766 666 798 διάταξιν,
681 767 731 801 τὴν
742 766 953 801 διατεταγμένην

1002 183 1094 206 monte
1108 179 1159 206 hoc
1175 179 1326 207 adorabitis
1341 179 1457 208 Patrem.
1477 189 1486 205 ι
1505 179 1574 207 Tum
1587 187 1698 208 causam
1713 182 1783 209 assi-

1001 231 1108 259 gnans:
1126 233 1136 250 ‹
1155 223 1284 259 Spiritus,
1301 233 1311 250 ι
1331 225 1428 259 inquit,
1449 234 1458 251 t
1476 230 1518 252 est
1531 224 1615 258 Deus,
1635 229 1662 253 et
1675 233 1722 254 eos
1737 227 1784 261 qui

1001 269 1116 296 adorant
1129 277 1203 301 eum,
1223 269 1250 296 in
1267 269 1364 304 spiritu
1388 274 1416 297 et
1431 271 1542 298 veritate
1559 275 1667 306 oportet
1687 272 1787 299 πάθης

1001 321 1031 340 re
1051 323 1057 340 :
1078 323 1087 339 I
1113 314 1258 348 perspicue
1277 314 1379 341 docens
1396 315 1515 342 solutum
1543 315 1578 343 iri
1597 316 1711 344 omnino
1731 317 1785 344 loci

1001 356 1060 391 eius
1076 358 1267 392 scrupulosam
1286 357 1511 391 observantiam;
1538 359 1662 394 nullique
1684 360 1711 387 in
1734 367 1785 395 po-

1002 406 1105 428 sterum
1117 410 1192 430 curae
1208 402 1266 430 fore
1283 406 1374 429 utrum
1388 402 1583 438 Hierosolymis
1599 405 1689 439 potius
1702 412 1785 439 quam

1001 447 1065 474 alibi
1080 447 1223 481 adoretur;
1238 448 1303 482 quia
1313 455 1408 476 omnes
1423 449 1616 483 incorporeum
1627 458 1689 478 esse
1700 451 1785 478 Deum

1001 491 1102 524 edocti.
1129 493 1176 519 tali
1201 501 1262 520 eum
1287 501 1349 520 cum
1374 499 1464 522 mente
1488 495 1628 522 adoraturi
1653 502 1733 530 sunt;
1760 502 1786 524 et

1001 538 1134 572 quidquid
1148 539 1237 566 ubivis
1252 538 1377 570 fecerint,
1389 540 1501 575 perinde
1511 541 1630 568 alienum
1644 550 1699 569 non
1715 542 1784 570 fore.

1005 581 1197 610 Verumtamen
1221 584 1255 611 de
1279 585 1366 612 reditu
1379 585 1663 621 quideuteBabylone
1686 595 1787 615 conve-

1003 627 1109 655 nienter
1126 628 1179 655 dici
1196 631 1303 664 potuit:
1332 639 1341 655 ‹
1360 629 1397 657 De
1412 629 1494 657 Sione
1509 631 1664 666 egredietur
1686 632 1742 663 lex,
1759 637 1788 660 et

1003 674 1114 701 verbum
1131 674 1238 702 Domini
1261 676 1296 703 de
1317 675 1486 709 Jerusalem;
1504 686 1514 702 ι
1533 678 1597 711 quia
1616 682 1681 705 tunc
1703 678 1787 706 resti-

1003 721 1054 747 tuti
1079 720 1189 748 fuerunt
1219 721 1346 749 Israelita;
1368 724 1396 749 In
1422 721 1513 750 Sionis
1537 723 1729 754 stationem,ut
1750 723 1787 751 ibi

1003 766 1101 801 lcgalia
1127 767 1251 794 instituta
1279 771 1307 794 et
1335 768 1524 802 praescriptum
1543 769 1647 796 cultum
1668 768 1789 802 comple-

164 810 315 845 θρησκείαν
329 810 423 837 αὐτόθι
433 810 554 845 πληροῦν
563 811 613 846 ,ῆν
628 811 740 846 ἑτέρωθί
755 819 786 845 γε
799 811 875 842 ὄντες
887 811 955 846 πλη-

1008 815 1080 843 rent,
1104 819 1184 846 quem
1210 812 1276 839 alibi
1303 813 1385 848 positi
1410 813 1534 841 factitare
1557 821 1613 840 non
1637 817 1787 848 poterant:

167 856 231 891 ροῦν
246 856 296 882 οὐκ
308 855 452 891 ἠδύναντο⁴
465 857 503 888 ὡς
516 857 561 884 καὶ
572 857 660 890 λέγειν
671 857 718 883 ἐπὶ
733 857 781 891 τῆς
797 856 955 888 Βαϐυλῶνος

165 901 255 932 ὂντας·
273 911 282 927 t
299 901 362 932 Πῶς
377 901 478 937 ᾇσομεν
490 901 539 936 τὴν
552 901 622 936 ᾠδὴν
637 902 740 937 Κυρίου
756 902 802 928 ἐπὶ
814 903 865 937 γῆς
876 901 954 927 ἀλλο-

164 946 259 980 τρίας;
275 955 285 971 ι
297 945 386 972 "rem
402 946 470 980 δὲγε
484 946 542 978 πῶς
557 946 590 972 ἂν
601 946 657 980 ἔχοι
672 947 738 981 πρὸς
750 947 783 973 τὰ
794 946 840 974 τοῦ
854 947 956 973 Δεσπό-

164 999 213 1017 του
231 991 361 1026 Χριστοῦ,
381 988 467 1027 οὗπερ
494 992 512 1026 ἡ
535 992 656 1024 διάταξις
675 993 775 1027 ὁμοίως
798 991 954 1027 ἁπανταχοῦ

165 1036 336 1072 πληροῦσθαι
351 1037 400 1072 τὴν
415 1037 490 1063 Θείαν
505 1037 629 1072 βούλεται
644 1038 781 1074 λατρείαν,
795 1038 897 1073 τρόπῳ,
909 1038 956 1064 καὶ

164 1081 197 1107 οὐ
219 1081 294 1116 τόπῳ
305 1081 516 1117 διακρινομένων
531 1082 570 1118 (p.
589 1079 652 1116 εει)
670 1083 724 1110 τῶν
735 1081 764 1110 εὖ
788 1091 817 1109 τε
841 1083 887 1110 καὶ.
901 1084 956 1117 χεῖ-

165 1134 213 1160 ρον
228 1126 311 1162 αὐτὴν
323 1127 496 1162 πληρούντων
507 1137 515 1161 ;

203 1182 277 1217 Στίχ.
295 1182 327 1214 δ’,
339 1182 370 1209 ε’.
383 1197 418 1203 -—
435 1182 504 1209 Ἀλλ’
518 1184 532 1210 ὃ
548 1192 579 1217 γε
596 1184 737 1219 προφήτης
755 1184 789 1218 τῇ
806 1183 956 1218 προρῤήσει

165 1227 221 1254 τῶν
229 1228 413 1263 προκειμένων
422 1229 611 1257 ὲπισυνάπτων
621 1230 694 1261 τάδε,
704 1229 785 1264 φησὶν
804 1230 857 1255 ὁτι(
870 1231 959 1256 Κατα-

166 1272 279 1306 κὺᾇουσι
308 1272 358 1304 τὰς
384 1273 521 1309 μαχαίρας
542 1275 631 1300 αὐτῶν
657 1275 697 1306 είς
719 1275 831 1309 ἄροτρα.
855 1274 902 1301 καὶ
924 1273 959 1300 τὰ

166 1317 266 1352 δόρατα
279 1318 368 1345 αὐτῶν
385 1320 425 1350 είς
436 1320 567 1355 δρέπανα,
587 1321 633 1347 καὶ
651 1320 743 1346 οὐκέτι
753 1320 784 1346 οὐ
799 1320 836 1354 μὴ
852 1320 959 1354 μάθωσι

166 1363 307 1398 πολεμεῖν.
332 1374 341 1390 ι
358 1365 469 1396 Δεικνὺς
484 1365 525 1391 ὅτι
539 1366 674 1391 παύσεται
684 1365 734 1400 μὲν
747 1365 818 1396 ἅπας
830 1365 958 1399 πόλεμος.

167 1409 264 1444 εἰρήνη
295 1410 324 1436 δὲ
350 1409 439 1436 πάντα
466 1409 573 1442 καθέξει
587 1418 594 1425 ·
612 1409 682 1436 ὥστε
707 1410 754 1437 καὶ
768 1410 801 1436 τὰ
824 1408 959 1444 πολεμικὰ

167 1454 271 1488 δργανα
293 1455 333 1486 εἰς
347 1454 395 1489 τὴν
417 1455 472 1481 τῶν
489 1454 650 1490 γεωργικῶν
666 1455 770 1481 σκευῶν
782 1455 880 1490 χρῆσιν
893 1454 958 1488 τρέ-

1008 856 1081 883 unde
1102 861 1129 883 et
1151 856 1287 892 Babylone
1310 857 1439 892 degentes
1459 857 1567 885 aiebant
1588 866 1595 884 :
1614 866 1624 883 ‹
1647 856 1790 890 Quomodo

1007 902 1180 930 cantabimus
1197 903 1334 930 canticum
1356 902 1462 929 Domini
1483 903 1510 929 in
1529 907 1605 929 terra
1626 902 1714 929 aliena
1726 901 1786 928 ιιι.

1008 946 1149 979 Quomodo
1172 951 1262 974 autem
1286 946 1354 980 hac,
1378 946 1500 981 inquam,
1521 947 1606 981 ﬁgura
1622 946 1677 973 sint
1698 952 1790 973 rerum

1007 992 1109 1020 Christi
1126 992 1246 1023 Domini,
1260 993 1340 1026 cujus
1353 992 1489 1020 institutio
1503 993 1561 1026 pari
1572 991 1673 1026 ubique
1685 991 1791 1018 ratione

1010 1037 1056 1065 Dei
1071 1037 1256 1065 adorationem
1273 1037 1330 1064 lleri
1344 1037 1414 1070 vult;
1427 1037 1508 1064 modo
1519 1041 1636 1068 tantum.
1648 1043 1702 1063 non
1718 1036 1789 1068 loco,

1009 1081 1198 1109 differentibus
1220 1082 1335 1109 invicem
1357 1082 1403 1116 qui
1420 1081 1489 1109 bene
1500 1082 1545 1108 vel
1565 1088 1645 1109 secus
1663 1081 1690 1108 id
1711 1079 1790 1108 ofﬁcii

1009 1126 1156 1161 praestant?

1044 1181 1125 1208 Vens.
1141 1181 1168 1214 4,
1188 1181 1214 1208 5.
1234 1197 1270 1203 —
1288 1182 1375 1209 Porro
1397 1188 1486 1210 autem
1510 1183 1638 1218 propheta
1662 1181 1790 1217 supradi-

1007 1232 1056 1254 ctae
1069 1226 1240 1261 prmdictioni
1253 1227 1332 1254 aliam
1349 1227 1497 1259 subnectit,
1514 1235 1612 1262 nempe
1627 1236 1634 1254 :
1655 1236 1664 1252 ι
1681 1224 1712 1254 Et
1724 1234 1792 1254 con-

1007 1271 1099 1298 cident
1113 1271 1218 1306 gladios
1235 1279 1301 1299 suos
1325 1271 1352 1298 in
1369 1279 1504 1303 vomeres,
1522 1276 1550 1299 et
1567 1272 1660 1300 hastas
1683 1279 1747 1300 suas
1763 1271 1791 1299 in

1008 1317 1102 1348 falces,
1118 1322 1145 1344 et
1160 1325 1215 1343 non
1232 1317 1339 1344 discent
1356 1318 1426 1344 ultra
1446 1318 1607 1352 belligerare
1624 1327 1631 1345 :
1652 1327 1661 1343 ι
1678 1318 1792 1345 demon—

1007 1368 1100 1389 strans
1121 1362 1226 1389 scilicet
1249 1369 1330 1389 omne
1346 1362 1448 1389 bellum
1465 1363 1627 1394 desiturum,
1646 1366 1674 1389 et
1696 1370 1791 1398 pacem

1008 1407 1106 1442 ubique
1118 1408 1176 1435 fore
1190 1417 1197 1435 :
1210 1409 1386 1443 quamobrem
1401 1409 1482 1436 etiam
1499 1409 1597 1436 bellica
1608 1409 1793 1437 instrumenta

1007 1454 1034 1480 in
1049 1454 1153 1480 rustica
1178 1454 1307 1481 utensilia
1325 1462 1489 1482 conversum
1510 1455 1544 1481 iri
1570 1454 1708 1489 deinceps,
1734 1455 1792 1482 bel-

169 1508 231 1525 πειν
242 1499 345 1532 λοιπὸν,
361 1499 454 1535 ῶσπερ
472 1498 553 1536 ἦττον
573 1501 706 1535 μενόντων
725 1500 779 1527 τῶν
792 1500 956 1534 πολεμικῶν,

1010 1499 1064 1525 lico
1083 1499 1190 1526 illorum
1210 1507 1261 1526 usu
1281 1504 1417 1530 cessante.
1433 1500 1497 1534 quia
1514 1499 1597 1527 ﬁnitis
1612 1500 1702 1531 bellis,
1718 1500 1792 1535 agri-

169 1544 347 1578 πεπαυμένου
359 1543 406 1570 τοῦ
428 1544 560 1579 πολέμου,
579 1545 627 1580 τῆς
642 1544 778 1580 γεωργίας
789 1545 816 1571 δὲ
828 1544 865 1576 ὡς
877 1546 905 1570 ὲν
920 1545 959 1570 εί-

171 1590 240 1624 ςήνῃ
256 1591 365 1624 κρατεῖν
379 1589 548 1624 ὀφειλούσης.
563 1588 630 1616 Εἶτα
647 1590 732 1623 λέγει.
748 1590 790 1616 ὃτι
803 1600 812 1615 ‹
831 1590 885 1616 Kal
898 1590 960 1616 ἁναι

170 1635 307 1662 παύσεται
318 1636 432 1667 ἕκαστος
444 1637 571 1663 ὑποκάτω
583 1636 705 1671 ἀμπέλου
721 1636 813 1669 αὐτοῦ,
831 1637 878 1662 καὶ
893 1636 958 1662 ἕκα-

170 1689 232 1712 στος
245 1682 373 1708 ὑποκάτω
392 1682 477 1717 συκῆς
505 1681 588 1708 αὑτοῦ
600 1690 606 1696 ·
623 1682 669 1708 καὶ
686 1682 736 1708 οὐκ
752 1681 829 1708 ἔσται
843 1682 858 1707 ὁ
877 1681 959 1715 ἐκφο-

170 1725 225 1751 ίῶν
234 1731 241 1738 ⁸
256 1735 265 1750 ο
279 1726 416 1760 σημαίνων
424 1727 464 1753 ὅτι
478 1727 578 1757 πάντες
587 1726 770 1753 ἀπολαύσουσι
785 1725 839 1751 τῶν
850 1725 960 1751 οἰκείων

170 1772 269 1804 πόνων,
284 1773 321 1803 ὡς
340 1773 368 1798 ὲν
381 1773 475 1808 εἰρήνῃ
485 1773 590 1804 οὐδενὸς
605 1772 681 1804 ὄντος
692 1772 736 1799 τοῦ
747 1771 841 1806 φοϐεῖν
854 1771 954 1802 αὐτοὺς

171 1818 220 1844 καὶ
233 1818 408 1852 ἐκταράττειν
422 1817 573 1853 δυναμένου
592 1817 699 1847 λοιπὸν,
718 1817 766 1843 καὶ
783 1817 959 1852 μεθιστάντος

169 1863 226 1889 τῶν
252 1863 341 1890 τόπων
365 1863 418 1889 τῶν
441 1863 560 1889 οἰκείων.
590 1863 644 1888 Kal
659 1862 751 1896 ἐπειδὴ
775 1861 912 1897 παράδοξα
925 1861 960 1886 τὰ

170 1908 306 1942 λεγόμενα
334 1906 378 1943 ἦν,
403 1908 493 1939 καλῶς
518 1908 674 1942 ἐπήγαγεν·
695 1916 705 1932 ι
723 1907 760 1932 To
787 1906 841 1940 γὰρ
873 1906 960 1941 στόμα

172 1953 276 1988 Κυρίου
297 1953 513 1988 παντοκράτορος
530 1953 644 1987 ἐλάλησε
661 1952 746 1978 ταῦτα
758 1961 764 1966 ·
789 1961 798 1978 ι
817 1952 860 1977 ἵνα
883 1951 958 1986 εἴπῃ,

171 2000 212 2025 ὅτι
236 1998 321 2024 ταῦτα
340 1999 498 2033 ἀπεφήνατο
518 1998 584 2029 Θεὸς
607 1997 742 2032 γενέσθαι,
760 1998 806 2023 καὶ
815 1997 961 2031 γενήσεται

172 2043 290 2074 πάντως.
306 2052 315 2068 t
339 2043 399 2069 Ὀτι
416 2043 517 2074 πάντες
535 2043 560 2069 οἰ
575 2043 635 2069 λαοὶ
649 2043 825 2078 πορεύσονται
847 2043 960 2073 ἕκαστος

1010 1544 1117 1570 cultura
1143 1544 1219 1578 pacis
1244 1551 1337 1572 comes
1360 1544 1461 1579 ubique
1486 1545 1624 1579 regnabit.
1648 1544 1709 1572 Mox
1731 1545 1791 1572 ait:

1013 1598 1021 1613 ι
1036 1589 1069 1615 Et
1080 1590 1184 1616 sedebit
1197 1591 1385 1625 unusquisque
1395 1591 1446 1618 sub
1456 1590 1511 1618 vite
1525 1599 1585 1623 sua,
1599 1595 1626 1618 et
1642 1591 1794 1626 unusquis-

1010 1643 1063 1669 que
1081 1636 1133 1662 sub
1157 1635 1208 1662 ﬁcu
1234 1643 1299 1667 sua;
1319 1640 1346 1662 et
1368 1643 1423 1664 non
1444 1635 1498 1662 erit
1516 1637 1562 1671 qui
1583 1641 1704 1665 terreat:
1725 1647 1734 1663 ι
1754 1637 1794 1664 si-

1009 1681 1156 1716 gnificans,
1171 1685 1287 1709 cunctos
1303 1682 1443 1708 laboribus
1456 1681 1514 1709 suis
1525 1681 1668 1714 fruituros,
1684 1683 1794 1710 nemine

1011 1730 1039 1752 ut
1060 1726 1086 1752 in
1107 1733 1173 1760 pace
1189 1727 1316 1754 usuvenit
1327 1734 1375 1754 eos
1391 1731 1494 1754 terrere
1505 1731 1551 1754 aut
1564 1728 1723 1761 perturbare
1735 1728 1792 1762 jam

1009 1772 1126 1803 valente,
1138 1777 1164 1799 et
1180 1773 1274 1807 patriis
1287 1773 1353 1800 locis
1370 1773 1540 1800 abstrahere.
1556 1773 1625 1800 Tum
1636 1774 1698 1807 quia
1711 1781 1793 1808 para—

1010 1817 1080 1843 doxa
1096 1817 1168 1844 dicta
1185 1817 1242 1844 haec
1257 1822 1347 1846 erant.
1366 1822 1440 1845 recte
1454 1817 1560 1845 addidit
1575 1827 1582 1845 :
1602 1828 1611 1844 ι
1632 1818 1668 1845 0s
1686 1818 1793 1846 Domini

1009 1863 1205 1897 omnipotentis
1218 1863 1299 1898 187
1317 1864 1372 1890 ha3c
1386 1863 1506 1890 loculum
1517 1867 1576 1891 est:
1593 1872 1604 1889 ι
1618 1864 1722 1891 scilicet
1735 1864 1794 1891 haec

1010 1907 1081 1935 Deus
1097 1908 1217 1935 decrevit
1229 1909 1297 1938 lieri,
1315 1908 1433 1943 ﬁentque
1449 1909 1571 1935 omnino.
1587 1918 1596 1933 α
1616 1908 1685 1941 Quia
1697 1915 1793 1936 onmcs

1009 1953 1101 1988 populi
1124 1953 1302 1980 ambulabunt
1327 1953 1517 1988 unusquisque
1541 1954 1568 1980 in
1592 1953 1634 1979 via
1654 1961 1720 1986 sua;
1742 1961 1793 1980 nos

1010 2001 1100 2024 autem
1119 1997 1319 2024 atubulabimus
1336 1998 1362 2024 in
1389 1998 1499 2025 nomine
1514 1997 1620 2024 Domini
1642 1997 1689 2025 Dei
1707 1998 1794 2025 nostri

1010 2042 1037 2068 in
1051 2046 1182 2069 aeternum
1200 2047 1227 2069 et
1249 2043 1329 2068 ultra.
1347 2051 1356 2067 ι
1372 2042 1484 2073 Omnes,
1499 2046 1592 2076 utpote
1605 2042 1632 2069 in
1648 2050 1713 2078 pace
1727 2050 1795 2070 con-

171 2089 223 2123 τὴν
249 2088 308 2114 ὁδὸν
333 2088 432 2114 αὐτοῦ’
449 2091 488 2122 (p.
503 2088 567 2122 285)
586 2088 667 2122 ἡμεῖς
681 2088 709 2114 δὲ
724 2087 912 2122 πορευσόμεθα
931 2088 956 2112 ὲν

1010 2087 1110 2120 stituti,
1127 2095 1247 2122 congrua
1263 2087 1315 2114 sibi
1330 2095 1412 2122 opera
1428 2087 1538 2119 facient,
1554 2088 1601 2114 alii
1613 2088 1646 2115 ad
1661 2089 1716 2123 agri
1735 2089 1795 2115 cul—

172 2135 284 2168 ὀνόματι
304 2134 406 2169 Κυρίου
426 2133 493 2160 Θεοῦ
515 2133 593 2169 ἡμῶν
608 2135 648 2165 εἰς
664 2133 710 2159 τὸν
724 2134 810 2160 αἰῶνα
834 2133 881 2160 καὶ
895 2133 956 2159 ἐπέ-

1011 2136 1113 2163 turam.
1131 2133 1178 2159 alii
1192 2133 1225 2160 ad
1242 2133 1408 2159 maritimam
1431 2133 1641 2167 negotiationem
1657 2134 1794 2163 conversi.

172 2164 262 2206 κείνα.
278 2189 287 2204 ›
299 2164 400 2210 Πάντες
426 2179 475 2214 μὲν
486 2164 542 2214 γὰρ
563 2179 601 2210 ὡς
618 2179 647 2204 ὲν
666 2178 761 2214 εἰρήνῃ
776 2178 956 2210 καθεστῶτες,

1012 2178 1057 2204 alii
1072 2179 1105 2205 ad
1117 2179 1264 2213 quamlibet
1277 2182 1373 2209 artem.
1385 2164 1598 2213 quam‘quisque
1615 2179 1792 2214 proﬁtendam

171 2225 206 2251 τὰ
225 2225 396 2260 προσήκοντα
411 2225 503 2255 αὐτοῖς
520 2224 588 2259 ἔργα
599 2223 792 2259 διαπράξονται
805 2223 899 2250 λοιπόν
912 2231 920 2239 ·
935 2224 956 2249 οι

1012 2223 1142 2258 delegerit
1168 2233 1175 2250 :
1191 2231 1335 2250 commune
1354 2228 1444 2250 tamen
1462 2231 1533 2258 opus
1555 2224 1647 2251 cuncti
1666 2223 1795 2259 deinceps

173 2268 224 2302 μὲν
244 2269 289 2294 ἐπὶ
307 2268 454 2303 γεωργίαν,
476 2269 501 2294 οἰ
517 2268 545 2294 δὲ
562 2268 607 2294 ἐπὶ
628 2267 840 2303 θαλαττουργίαν
862 2267 956 2303 τρεπό-

1013 2267 1191 2300 habebimus,
1223 2269 1373 2296 secundum
1400 2267 1447 2296 Dei
1476 2269 1633 2304 praescripta
1663 2269 1690 2296 in
1715 2276 1796 2296 omne

175 2321 262 2348 μενοι,
275 2314 299 2340 οῑ
313 2313 341 2340 δὲ
353 2314 395 2348 ἐφ’
410 2314 504 2349 ἥντινα
514 2313 614 2347 δήποτε
627 2313 736 2348 τέχνην,
748 2314 782 2348 ἠν
798 2313 831 2339 ἂν
846 2313 956 2345 ἕκαστος

1014 2321 1102 2340 aevum
1117 2313 1238 2340 futurum
1252 2314 1352 2341 vivere.
1371 2314 1460 2350 Atque
1475 2315 1532 2341 haec
1551 2314 1716 2342 conﬁrmans
1735 2315 1793 2342 ait:

175 2358 275 2392 μετιὼν
287 2359 427 2393 τυγχάνῃ·
445 2359 533 2385 κοινὸν
556 2360 584 2386 δὲ
615 2360 735 2389 ἅπαντες
763 2358 861 2393 ἕξομεν
888 2359 968 2393 ἔργον
984 2359 1015 2385 ab
1025 2359 1095 2386 κατὰ
1122 2359 1152 2385 τὸ
1173 2359 1268 2386 δοκοῦν
1297 2360 1335 2395 τῷ
1347 2360 1406 2395 Θεῷ
1429 2359 1616 2387 πολιτεύεσθαι
1642 2360 1734 2388 λοιπὸν
1756 2361 1797 2393 εἰς

174 2405 282 2431 ᾶπαντα
300 2404 346 2430 τὸν
357 2404 419 2439 ἑξῆς
430 2405 533 2439 χρόνον.
545 2405 601 2431 Kal
615 2404 778 2431 ὲπιὸεσαιῶν
790 2404 859 2431 αὐτὰ
875 2404 956 2431 πάλιν
971 2404 1045 2439 λέγει
1057 2412 1064 2420 ’

209 2450 284 2485 Στίχ.
300 2454 430 2485 ς’-η’.--‹
441 2451 484 2477 Ἐν
494 2452 554 2482 ταῖς
561 2451 677 2486 ἡμέραις
685 2451 811 2482 ἐκείναις.
821 2451 894 2485 λέγει
904 2452 961 2478 Κύ-

175 2497 361 2532 ριος.συνάΞω
376 2496 427 2531 τὴν
445 2497 688 2532 συντετριμμένην,
709 2497 756 2523 καὶ
769 2497 818 2531 τὴν
832 2497 963 2532 ἀπωσμέ-

174 2549 224 2576 νην
236 2540 401 2575 εἰσδέξομαι,
416 2541 463 2567 καὶ
476 2540 523 2572 οὓς
539 2541 693 2577 ἁπωσάμην
704 2549 711 2555 ·
726 2541 774 2567 καὶ
787 2541 905 2576 θήσομαι
913 2541 962 2576 τὴν

176 2585 411 2621 συντετριμμένην
438 2586 477 2617 εἰς
495 2586 664 2621 ὑπόλειμμα,
682 2586 729 2612 καὶ
738 2585 962 2621 τὴνὰπωσμένην

175 2631 216 2662 εἰς
228 2630 304 2662 ἔθνος
318 2631 429 2666 ἰσχυρόν
438 2640 445 2646 ·
458 2631 505 2657 καὶ
521 2630 674 2665 βασιλεύσει
691 2630 793 2666 Κύριος
805 2630 849 2656 ἐπ’
864 2630 962 2661 αὐτοὺς

174 2675 205 2703 iv
223 2676 280 2711 δρει
298 2676 378 2708 Σιὼν,
389 2676 442 2702 ἀπὸ
458 2676 503 2702 τοῦ
519 2676 566 2703 νῦν
583 2676 629 2703 καὶ
643 2676 695 2708 ἓως
715 2676 754 2706 εἰς
775 2675 820 2702 τὸν
836 2675 931 2702 αἰῶνα.
951 2683 960 2700 ι

211 2763 235 2779 ⁸⁸
250 2762 322 2791 Psal.
339 2770 449 2794 cxxxvt,
459 2762 486 2790 4.

1050 2451 1134 2478 Vens.
1152 2450 1206 2477 6—8.
1218 2465 1254 2469 -
1269 2459 1279 2475 ι
1297 2449 1395 2477 Diebus
1407 2449 1542 2477 illisnlicit
1560 2449 1691 2478 Dominus
1703 2472 1710 2485 ,
1729 2457 1798 2478 con-

1015 2495 1133 2530 gregabo
1148 2501 1208 2522 eam
1224 2501 1285 2528 quze
1303 2493 1420 2520 contrita
1437 2497 1495 2525 est,
1512 2497 1539 2520 et
1558 2501 1618 2521 eam
1631 2501 1692 2528 qua:
1709 2494 1795 2526 ejecta

1014 2539 1104 2567 fuerat
1121 2539 1269 2573 suscipiam
1280 2558 1288 2570 ,
1307 2545 1357 2565 nec
1371 2545 1425 2564 non
1438 2545 1508 2572 quos
1524 2538 1688 2573 repuleram.
1703 2537 1737 2566 Et
1747 2547 1798 2574 po-

989 2602 994 2607 -
1015 2593 1078 2612 nam
1095 2584 1244 2611 contritam
1260 2583 1288 2610 in
1299 2583 1488 2616 residuum,et
1499 2583 1636 2618 repulsam
1648 2583 1676 2610 in
1687 2587 1795 2618 gentem

1015 2630 1146 2657 validam.
1163 2628 1195 2655 Et
1210 2628 1333 2663 regnabit
1351 2627 1483 2655 Dominus
1499 2635 1582 2666 super
1597 2635 1645 2656 eos
1661 2628 1688 2655 in
1703 2632 1796 2656 monte

1016 2673 1083 2701 Sion
1095 2692 1102 2705 ,
1124 2672 1222 2700 abhinc
1241 2676 1267 2699 et
1283 2679 1370 2706 usque
1386 2672 1414 2699 in
1428 2675 1571 2699 aeternum.
1593 2681 1602 2698 ι
1623 2671 1701 2700 Tunc
1718 2679 1798 2707 sane,
