  <div class='ocr_page' id='page_1' title='image "/cluster/home/n/w/nwhite01/storage/ocr_20150623/66/njp.32101077772695/197.png"; bbox 0 0 1972 3066; ppageno 0'>
   <div class='ocr_carea' id='block_1_1' title="bbox 202 71 253 100">
    <p class='ocr_par' dir='ltr' id='par_1_1' title="bbox 202 71 253 100">
     <span class='ocr_line' id='line_1_1' title="bbox 202 71 253 100; baseline -0.039 0"><span class='ocrx_word' id='word_1_1' title='bbox 202 71 253 100; x_wconf 74' lang='grc'><strong>56⁸1</strong></span> 
     </span>
    </p>
   </div>
   <div class='ocr_carea' id='block_1_2' title="bbox 781 62 1210 93">
    <p class='ocr_par' dir='ltr' id='par_1_2' title="bbox 781 62 1210 93">
     <span class='ocr_line' id='line_1_2' title="bbox 781 62 1210 93; baseline -0.007 -1"><span class='ocrx_word' id='word_1_2' title='bbox 781 63 954 93; x_wconf 81' lang='grc' dir='ltr'><strong>ΤΗΕοῦοηί</strong></span> <span class='ocrx_word' id='word_1_3' title='bbox 969 62 1210 91; x_wconf 78' lang='lat' dir='ltr'><strong>MOPSUESTENI</strong></span> 
     </span>
    </p>
   </div>
   <div class='ocr_carea' id='block_1_3' title="bbox 1775 62 1828 90">
    <p class='ocr_par' dir='ltr' id='par_1_3' title="bbox 1775 62 1828 90">
     <span class='ocr_line' id='line_1_3' title="bbox 1775 62 1828 90; baseline -0.019 0"><span class='ocrx_word' id='word_1_4' title='bbox 1775 62 1828 90; x_wconf 79' lang='lat'><strong>368</strong></span> 
     </span>
    </p>
   </div>
   <div class='ocr_carea' id='block_1_4' title="bbox 209 111 988 161">
    <p class='ocr_par' dir='ltr' id='par_1_4' title="bbox 209 120 985 161">
     <span class='ocr_line' id='line_1_4' title="bbox 209 120 985 161; baseline -0.008 -8"><span class='ocrx_word' id='word_1_5' title='bbox 209 125 308 161; x_wconf 79' lang='lat' dir='ltr'><strong>inquit,</strong></span> <span class='ocrx_word' id='word_1_6' title='bbox 320 124 445 152; x_wconf 75' lang='lat' dir='ltr'><strong>maximis</strong></span> <span class='ocrx_word' id='word_1_7' title='bbox 463 123 541 150; x_wconf 89' lang='lat' dir='ltr'><strong>malis</strong></span> <span class='ocrx_word' id='word_1_8' title='bbox 555 123 675 154; x_wconf 86' lang='lat' dir='ltr'><strong>attritos,</strong></span> <span class='ocrx_word' id='word_1_9' title='bbox 694 126 775 156; x_wconf 87' lang='lat' dir='ltr'><strong>atque</strong></span> <span class='ocrx_word' id='word_1_10' title='bbox 788 129 803 148; x_wconf 90' lang='lat' dir='ltr'><strong>a</strong></span> <span class='ocrx_word' id='word_1_11' title='bbox 816 120 985 156; x_wconf 72' lang='lat' dir='ltr'><strong>providentia</strong></span> 
     </span>
    </p>
   </div>
   <div class='ocr_carea' id='block_1_5' title="bbox 1040 111 1829 161">
    <p class='ocr_par' dir='ltr' id='par_1_5' title="bbox 1040 111 1829 155">
     <span class='ocr_line' id='line_1_5' title="bbox 1040 111 1829 155; baseline -0.004 -9"><span class='ocrx_word' id='word_1_12' title='bbox 1040 120 1102 146; x_wconf 83' lang='grc' dir='ltr'><strong>Τότε</strong></span> <span class='ocrx_word' id='word_1_13' title='bbox 1117 120 1159 155; x_wconf 86' lang='grc' dir='ltr'>δὴ,</span> <span class='ocrx_word' id='word_1_14' title='bbox 1171 111 1247 155; x_wconf 68' lang='grc' dir='ltr'>ᾠησὶ,</span> <span class='ocrx_word' id='word_1_15' title='bbox 1263 119 1325 151; x_wconf 71' lang='grc' dir='ltr'>τοὺς</span> <span class='ocrx_word' id='word_1_16' title='bbox 1337 119 1388 146; x_wconf 74' lang='grc' dir='ltr'>ὑπὸ</span> <span class='ocrx_word' id='word_1_17' title='bbox 1397 119 1450 146; x_wconf 88' lang='grc' dir='ltr'><strong>τῶν</strong></span> <span class='ocrx_word' id='word_1_18' title='bbox 1463 118 1598 154; x_wconf 76' lang='grc' dir='ltr'><strong>μεγίστων</strong></span> <span class='ocrx_word' id='word_1_19' title='bbox 1612 116 1704 144; x_wconf 82' lang='grc' dir='ltr'>κακῶν</span> <span class='ocrx_word' id='word_1_20' title='bbox 1719 126 1829 153; x_wconf 84' lang='grc' dir='ltr'>συντρι-</span> 
     </span>
    </p>
   </div>
   <div class='ocr_carea' id='block_1_6' title="bbox 203 168 988 207">
    <p class='ocr_par' dir='ltr' id='par_1_6' title="bbox 203 168 988 207">
     <span class='ocr_line' id='line_1_6' title="bbox 203 168 988 207; baseline -0.006 -8"><span class='ocrx_word' id='word_1_21' title='bbox 203 180 262 200; x_wconf 85' lang='lat' dir='ltr'><strong>mea</strong></span> <span class='ocrx_word' id='word_1_22' title='bbox 279 171 453 207; x_wconf 89' lang='lat' dir='ltr'><strong>propriisque</strong></span> <span class='ocrx_word' id='word_1_23' title='bbox 468 169 578 197; x_wconf 83' lang='lat' dir='ltr'><strong>sedibus</strong></span> <span class='ocrx_word' id='word_1_24' title='bbox 598 169 755 200; x_wconf 86' lang='lat' dir='ltr'><strong>submotos,</strong></span> <span class='ocrx_word' id='word_1_25' title='bbox 774 175 870 195; x_wconf 85' lang='lat' dir='ltr'><strong>rursus</strong></span> <span class='ocrx_word' id='word_1_26' title='bbox 883 168 910 195; x_wconf 90' lang='lat' dir='ltr'><strong>in</strong></span> <span class='ocrx_word' id='word_1_27' title='bbox 925 175 988 202; x_wconf 90' lang='lat' dir='ltr'><strong>per-</strong></span> 
     </span>
    </p>
   </div>
   <div class='ocr_carea' id='block_1_7' title="bbox 205 213 987 250">
    <p class='ocr_par' dir='ltr' id='par_1_7' title="bbox 205 213 987 250">
     <span class='ocr_line' id='line_1_7' title="bbox 205 213 987 250; baseline -0.006 -6"><span class='ocrx_word' id='word_1_28' title='bbox 205 218 338 244; x_wconf 88' lang='lat' dir='ltr'><strong>tinentem</strong></span> <span class='ocrx_word' id='word_1_29' title='bbox 353 216 386 243; x_wconf 90' lang='lat' dir='ltr'><strong>ad</strong></span> <span class='ocrx_word' id='word_1_30' title='bbox 399 222 446 243; x_wconf 85' lang='lat' dir='ltr'><strong>eos</strong></span> <span class='ocrx_word' id='word_1_31' title='bbox 464 215 602 250; x_wconf 78' lang='lat' dir='ltr'><strong>regionem</strong></span> <span class='ocrx_word' id='word_1_32' title='bbox 617 213 761 246; x_wconf 79' lang='lat' dir='ltr'><strong>reducam;</strong></span> <span class='ocrx_word' id='word_1_33' title='bbox 774 217 801 240; x_wconf 89' lang='lat' dir='ltr'><strong>et</strong></span> <span class='ocrx_word' id='word_1_34' title='bbox 812 220 859 240; x_wconf 86' lang='lat' dir='ltr'><strong>eos</strong></span> <span class='ocrx_word' id='word_1_35' title='bbox 873 213 920 247; x_wconf 91' lang='lat' dir='ltr'><strong>qui</strong></span> <span class='ocrx_word' id='word_1_36' title='bbox 937 220 987 239; x_wconf 89' lang='lat' dir='ltr'><strong>an-</strong></span> 
     </span>
    </p>
   </div>
   <div class='ocr_carea' id='block_1_8' title="bbox 206 257 989 297">
    <p class='ocr_par' dir='ltr' id='par_1_8' title="bbox 206 257 989 297">
     <span class='ocr_line' id='line_1_8' title="bbox 206 257 989 297; baseline -0.009 -7"><span class='ocrx_word' id='word_1_37' title='bbox 206 267 250 290; x_wconf 84' lang='lat' dir='ltr'><strong>tea</strong></span> <span class='ocrx_word' id='word_1_38' title='bbox 263 261 429 297; x_wconf 83' lang='lat' dir='ltr'><strong>pessumdati</strong></span> <span class='ocrx_word' id='word_1_39' title='bbox 445 264 536 292; x_wconf 86' lang='lat' dir='ltr'><strong>erant,</strong></span> <span class='ocrx_word' id='word_1_40' title='bbox 548 259 632 286; x_wconf 88' lang='lat' dir='ltr'><strong>tutela</strong></span> <span class='ocrx_word' id='word_1_41' title='bbox 647 265 706 285; x_wconf 88' lang='lat' dir='ltr'><strong>mea</strong></span> <span class='ocrx_word' id='word_1_42' title='bbox 719 258 759 285; x_wconf 88' lang='lat' dir='ltr'><strong>sic</strong></span> <span class='ocrx_word' id='word_1_43' title='bbox 773 257 925 285; x_wconf 75' lang='lat' dir='ltr'><strong>custodiam</strong></span> <span class='ocrx_word' id='word_1_44' title='bbox 936 276 944 288; x_wconf 86' lang='lat'><strong>,</strong></span> <span class='ocrx_word' id='word_1_45' title='bbox 959 260 989 283; x_wconf 89' lang='lat' dir='ltr'><strong>ut</strong></span> 
     </span>
    </p>
   </div>
   <div class='ocr_carea' id='block_1_9' title="bbox 205 301 988 337">
    <p class='ocr_par' dir='ltr' id='par_1_9' title="bbox 205 301 988 337">
     <span class='ocr_line' id='line_1_9' title="bbox 205 301 988 337; baseline -0.009 -2"><span class='ocrx_word' id='word_1_46' title='bbox 205 316 238 335; x_wconf 74' lang='lat' dir='ltr'><strong>ex</strong></span> <span class='ocrx_word' id='word_1_47' title='bbox 270 307 313 334; x_wconf 89' lang='lat' dir='ltr'><strong>his</strong></span> <span class='ocrx_word' id='word_1_48' title='bbox 339 305 519 333; x_wconf 86' lang='lat' dir='ltr'><strong>lsraeliticum</strong></span> <span class='ocrx_word' id='word_1_49' title='bbox 553 307 640 331; x_wconf 93' lang='lat' dir='ltr'><strong>totum</strong></span> <span class='ocrx_word' id='word_1_50' title='bbox 666 310 752 337; x_wconf 85' lang='lat' dir='ltr'><strong>genus</strong></span> <span class='ocrx_word' id='word_1_51' title='bbox 783 301 988 337; x_wconf 78' lang='lat' dir='ltr'><strong>propagandum</strong></span> 
     </span>
    </p>
   </div>
   <div class='ocr_carea' id='block_1_10' title="bbox 206 346 991 382">
    <p class='ocr_par' dir='ltr' id='par_1_10' title="bbox 206 346 991 382">
     <span class='ocr_line' id='line_1_10' title="bbox 206 346 991 382; baseline -0.009 -1"><span class='ocrx_word' id='word_1_52' title='bbox 206 353 294 381; x_wconf 85' lang='lat' dir='ltr'><strong>denuo</strong></span> <span class='ocrx_word' id='word_1_53' title='bbox 309 353 355 380; x_wconf 85' lang='lat' dir='ltr'><strong>sit.</strong></span> <span class='ocrx_word' id='word_1_54' title='bbox 377 351 434 378; x_wconf 86' lang='lat' dir='ltr'><strong>Hoc</strong></span> <span class='ocrx_word' id='word_1_55' title='bbox 456 350 528 379; x_wconf 91' lang='lat' dir='ltr'><strong>enim</strong></span> <span class='ocrx_word' id='word_1_56' title='bbox 545 346 991 382; x_wconf 62' lang='lat' dir='ltr'><strong>dicittresiduunn;potentiores-</strong></span> 
     </span>
    </p>
   </div>
   <div class='ocr_carea' id='block_1_11' title="bbox 205 391 989 434">
    <p class='ocr_par' dir='ltr' id='par_1_11' title="bbox 205 391 989 434">
     <span class='ocr_line' id='line_1_11' title="bbox 205 391 989 434; baseline -0.011 -8"><span class='ocrx_word' id='word_1_57' title='bbox 205 406 258 434; x_wconf 84' lang='lat' dir='ltr'><strong>que</strong></span> <span class='ocrx_word' id='word_1_58' title='bbox 271 405 326 433; x_wconf 69' lang='lat' dir='ltr'><strong>pra:</strong></span> <span class='ocrx_word' id='word_1_59' title='bbox 339 397 434 424; x_wconf 88' lang='lat' dir='ltr'><strong>multis</strong></span> <span class='ocrx_word' id='word_1_60' title='bbox 444 395 585 424; x_wconf 84' lang='lat' dir='ltr'><strong>ostendam</strong></span> <span class='ocrx_word' id='word_1_61' title='bbox 599 414 606 426; x_wconf 90' lang='lat'><strong>,</strong></span> <span class='ocrx_word' id='word_1_62' title='bbox 622 395 669 430; x_wconf 87' lang='lat' dir='ltr'><strong>qui</strong></span> <span class='ocrx_word' id='word_1_63' title='bbox 684 394 720 421; x_wconf 90' lang='lat' dir='ltr'><strong>ob</strong></span> <span class='ocrx_word' id='word_1_64' title='bbox 735 400 811 421; x_wconf 91' lang='lat' dir='ltr'><strong>suam</strong></span> <span class='ocrx_word' id='word_1_65' title='bbox 828 399 900 419; x_wconf 87' lang='lat' dir='ltr'><strong>nunc</strong></span> <span class='ocrx_word' id='word_1_66' title='bbox 914 391 989 418; x_wconf 83' lang='lat' dir='ltr'><strong>inﬁr-</strong></span> 
     </span>
    </p>
   </div>
   <div class='ocr_carea' id='block_1_12' title="bbox 206 436 991 476">
    <p class='ocr_par' dir='ltr' id='par_1_12' title="bbox 206 436 991 476">
     <span class='ocr_line' id='line_1_12' title="bbox 206 436 991 476; baseline -0.008 -7"><span class='ocrx_word' id='word_1_67' title='bbox 206 443 328 469; x_wconf 86' lang='lat' dir='ltr'><strong>mitatem</strong></span> <span class='ocrx_word' id='word_1_68' title='bbox 345 440 433 476; x_wconf 89' lang='lat' dir='ltr'><strong>patria</strong></span> <span class='ocrx_word' id='word_1_69' title='bbox 448 443 513 467; x_wconf 89' lang='lat' dir='ltr'><strong>sunt</strong></span> <span class='ocrx_word' id='word_1_70' title='bbox 525 442 660 466; x_wconf 76' lang='lat' dir='ltr'><strong>extorres.</strong></span> <span class='ocrx_word' id='word_1_71' title='bbox 679 436 904 471; x_wconf 83' lang='lat' dir='ltr'><strong>Permanebitque</strong></span> <span class='ocrx_word' id='word_1_72' title='bbox 920 437 991 464; x_wconf 87' lang='lat' dir='ltr'><strong>Deus</strong></span> 
     </span>
    </p>
   </div>
   <div class='ocr_carea' id='block_1_13' title="bbox 206 481 991 519">
    <p class='ocr_par' dir='ltr' id='par_1_13' title="bbox 206 481 991 519">
     <span class='ocr_line' id='line_1_13' title="bbox 206 481 991 519; baseline -0.006 -6"><span class='ocrx_word' id='word_1_73' title='bbox 206 487 233 513; x_wconf 92' lang='lat' dir='ltr'><strong>in</strong></span> <span class='ocrx_word' id='word_1_74' title='bbox 250 490 342 513; x_wconf 88' lang='lat' dir='ltr'><strong>monte</strong></span> <span class='ocrx_word' id='word_1_75' title='bbox 359 484 438 516; x_wconf 89' lang='lat' dir='ltr'><strong>Sion,</strong></span> <span class='ocrx_word' id='word_1_76' title='bbox 453 484 601 519; x_wconf 84' lang='lat' dir='ltr'><strong>potentiam</strong></span> <span class='ocrx_word' id='word_1_77' title='bbox 618 490 695 511; x_wconf 84' lang='lat' dir='ltr'><strong>suam</strong></span> <span class='ocrx_word' id='word_1_78' title='bbox 710 482 901 510; x_wconf 79' lang='lat' dir='ltr'><strong>demonstrans</strong></span> <span class='ocrx_word' id='word_1_79' title='bbox 914 481 991 508; x_wconf 83' lang='lat' dir='ltr'><strong>inco-</strong></span> 
     </span>
    </p>
   </div>
   <div class='ocr_carea' id='block_1_14' title="bbox 205 526 992 563">
    <p class='ocr_par' dir='ltr' id='par_1_14' title="bbox 205 526 992 563">
     <span class='ocr_line' id='line_1_14' title="bbox 205 526 992 563; baseline -0.005 -6"><span class='ocrx_word' id='word_1_80' title='bbox 205 531 293 558; x_wconf 80' lang='lat' dir='ltr'><strong>larum</strong></span> <span class='ocrx_word' id='word_1_81' title='bbox 319 530 463 561; x_wconf 88' lang='lat' dir='ltr'><strong>tutamine,</strong></span> <span class='ocrx_word' id='word_1_82' title='bbox 482 537 533 556; x_wconf 83' lang='lat' dir='ltr'><strong>nec</strong></span> <span class='ocrx_word' id='word_1_83' title='bbox 556 537 610 556; x_wconf 86' lang='lat' dir='ltr'><strong>non</strong></span> <span class='ocrx_word' id='word_1_84' title='bbox 630 535 711 563; x_wconf 67' lang='lat' dir='ltr'><strong>poena</strong></span> <span class='ocrx_word' id='word_1_85' title='bbox 731 534 812 562; x_wconf 88' lang='lat' dir='ltr'><strong>quam</strong></span> <span class='ocrx_word' id='word_1_86' title='bbox 832 527 873 554; x_wconf 88' lang='lat' dir='ltr'><strong>eis</strong></span> <span class='ocrx_word' id='word_1_87' title='bbox 889 526 992 554; x_wconf 80' lang='lat' dir='ltr'><strong>inferre</strong></span> 
     </span>
    </p>
   </div>
   <div class='ocr_carea' id='block_1_15' title="bbox 206 572 992 608">
    <p class='ocr_par' dir='ltr' id='par_1_15' title="bbox 206 572 992 608">
     <span class='ocr_line' id='line_1_15' title="bbox 206 572 992 608; baseline -0.008 -4"><span class='ocrx_word' id='word_1_88' title='bbox 206 577 306 604; x_wconf 84' lang='lat' dir='ltr'><strong>bellum</strong></span> <span class='ocrx_word' id='word_1_89' title='bbox 329 575 485 603; x_wconf 87' lang='lat' dir='ltr'><strong>volentibus</strong></span> <span class='ocrx_word' id='word_1_90' title='bbox 508 574 687 608; x_wconf 84' lang='lat' dir='ltr'><strong>impositurus</strong></span> <span class='ocrx_word' id='word_1_91' title='bbox 699 578 751 600; x_wconf 87' lang='lat' dir='ltr'><strong>est.</strong></span> <span class='ocrx_word' id='word_1_92' title='bbox 772 572 839 599; x_wconf 85' lang='lat' dir='ltr'><strong>Nam</strong></span> <span class='ocrx_word' id='word_1_93' title='bbox 861 572 934 607; x_wconf 93' lang='lat' dir='ltr'><strong>quod</strong></span> <span class='ocrx_word' id='word_1_94' title='bbox 954 572 992 599; x_wconf 92' lang='lat' dir='ltr'><strong>ait</strong></span> 
     </span>
    </p>
   </div>
   <div class='ocr_carea' id='block_1_16' title="bbox 207 617 992 656">
    <p class='ocr_par' dir='ltr' id='par_1_16' title="bbox 207 617 992 656">
     <span class='ocr_line' id='line_1_16' title="bbox 207 617 992 656; baseline -0.003 -10"><span class='ocrx_word' id='word_1_95' title='bbox 207 622 250 649; x_wconf 72' lang='lat' dir='ltr'><strong>«in</strong></span> <span class='ocrx_word' id='word_1_96' title='bbox 261 624 494 656; x_wconf 52' lang='lat' dir='ltr'><strong>aeternumppatet</strong></span> <span class='ocrx_word' id='word_1_97' title='bbox 515 623 602 646; x_wconf 88' lang='lat' dir='ltr'><strong>totum</strong></span> <span class='ocrx_word' id='word_1_98' title='bbox 624 625 712 646; x_wconf 67' lang='lat' dir='ltr'><strong>aevum</strong></span> <span class='ocrx_word' id='word_1_99' title='bbox 734 617 827 645; x_wconf 87' lang='lat' dir='ltr'><strong>dicere</strong></span> <span class='ocrx_word' id='word_1_100' title='bbox 841 625 891 652; x_wconf 91' lang='lat' dir='ltr'><strong>pro</strong></span> <span class='ocrx_word' id='word_1_101' title='bbox 915 617 992 644; x_wconf 82' lang='lat' dir='ltr'><strong>valde</strong></span> 
     </span>
    </p>
   </div>
   <div class='ocr_carea' id='block_1_17' title="bbox 205 661 993 701">
    <p class='ocr_par' dir='ltr' id='par_1_17' title="bbox 205 661 993 701">
     <span class='ocr_line' id='line_1_17' title="bbox 205 661 993 701; baseline -0.006 -8"><span class='ocrx_word' id='word_1_102' title='bbox 205 667 263 694; x_wconf 94' lang='lat' dir='ltr'><strong>diu.</strong></span> <span class='ocrx_word' id='word_1_103' title='bbox 283 665 378 701; x_wconf 86' lang='lat' dir='ltr'><strong>Neque</strong></span> <span class='ocrx_word' id='word_1_104' title='bbox 397 665 469 692; x_wconf 91' lang='lat' dir='ltr'><strong>enim</strong></span> <span class='ocrx_word' id='word_1_105' title='bbox 483 666 658 700; x_wconf 77' lang='lat' dir='ltr'><strong>ignoramus,</strong></span> <span class='ocrx_word' id='word_1_106' title='bbox 678 671 776 690; x_wconf 81' lang='lat' dir='ltr'><strong>rursus</strong></span> <span class='ocrx_word' id='word_1_107' title='bbox 794 670 843 690; x_wconf 85' lang='lat' dir='ltr'><strong>eos</strong></span> <span class='ocrx_word' id='word_1_108' title='bbox 864 663 916 690; x_wconf 85' lang='lat' dir='ltr'><strong>sub</strong></span> <span class='ocrx_word' id='word_1_109' title='bbox 936 661 993 688; x_wconf 80' lang='lat' dir='ltr'><strong>Ma-</strong></span> 
     </span>
    </p>
   </div>
   <div class='ocr_carea' id='block_1_18' title="bbox 206 708 991 744">
    <p class='ocr_par' dir='ltr' id='par_1_18' title="bbox 206 708 991 744">
     <span class='ocr_line' id='line_1_18' title="bbox 206 708 991 744; baseline -0.006 -6"><span class='ocrx_word' id='word_1_110' title='bbox 206 710 326 738; x_wconf 72' lang='lat' dir='ltr'><strong>rhabzeis</strong></span> <span class='ocrx_word' id='word_1_111' title='bbox 341 710 513 737; x_wconf 79' lang='lat' dir='ltr'><strong>eversionem</strong></span> <span class='ocrx_word' id='word_1_112' title='bbox 529 709 674 744; x_wconf 86' lang='lat' dir='ltr'><strong>quamdam</strong></span> <span class='ocrx_word' id='word_1_113' title='bbox 691 712 833 743; x_wconf 83' lang='lat' dir='ltr'><strong>expertos,</strong></span> <span class='ocrx_word' id='word_1_114' title='bbox 846 708 991 734; x_wconf 79' lang='lat' dir='ltr'><strong>maximam</strong></span> 
     </span>
    </p>
   </div>
   <div class='ocr_carea' id='block_1_19' title="bbox 206 752 988 791">
    <p class='ocr_par' dir='ltr' id='par_1_19' title="bbox 206 752 988 791">
     <span class='ocr_line' id='line_1_19' title="bbox 206 752 988 791; baseline -0.008 -7"><span class='ocrx_word' id='word_1_115' title='bbox 206 764 272 784; x_wconf 90' lang='lat' dir='ltr'><strong>vero</strong></span> <span class='ocrx_word' id='word_1_116' title='bbox 288 760 315 784; x_wconf 91' lang='lat' dir='ltr'><strong>et</strong></span> <span class='ocrx_word' id='word_1_117' title='bbox 326 763 442 791; x_wconf 88' lang='lat' dir='ltr'><strong>prorsus</strong></span> <span class='ocrx_word' id='word_1_118' title='bbox 456 754 822 790; x_wconf 68' lang='lat' dir='ltr'><strong>irreparabilem.postquam</strong></span> <span class='ocrx_word' id='word_1_119' title='bbox 833 774 840 785; x_wconf 94' lang='lat'><strong>,</strong></span> <span class='ocrx_word' id='word_1_120' title='bbox 856 752 892 779; x_wconf 93' lang='lat' dir='ltr'><strong>ob</strong></span> <span class='ocrx_word' id='word_1_121' title='bbox 909 759 988 780; x_wconf 92' lang='lat' dir='ltr'><strong>suum</strong></span> 
     </span>
    </p>
   </div>
   <div class='ocr_carea' id='block_1_20' title="bbox 205 795 990 829">
    <p class='ocr_par' dir='ltr' id='par_1_20' title="bbox 205 795 990 829">
     <span class='ocr_line' id='line_1_20' title="bbox 205 795 990 829; baseline -0.008 -1"><span class='ocrx_word' id='word_1_122' title='bbox 205 802 339 829; x_wconf 84' lang='lat' dir='ltr'><strong>adversus</strong></span> <span class='ocrx_word' id='word_1_123' title='bbox 359 800 500 827; x_wconf 88' lang='lat' dir='ltr'><strong>Christum</strong></span> <span class='ocrx_word' id='word_1_124' title='bbox 524 799 669 826; x_wconf 87' lang='lat' dir='ltr'><strong>Dominum</strong></span> <span class='ocrx_word' id='word_1_125' title='bbox 685 797 804 829; x_wconf 82' lang='lat' dir='ltr'><strong>facinus,</strong></span> <span class='ocrx_word' id='word_1_126' title='bbox 825 804 840 823; x_wconf 90' lang='lat' dir='ltr'><strong>a</strong></span> <span class='ocrx_word' id='word_1_127' title='bbox 857 795 990 823; x_wconf 86' lang='lat' dir='ltr'><strong>Romanis</strong></span> 
     </span>
    </p>
   </div>
   <div class='ocr_carea' id='block_1_21' title="bbox 205 841 989 882">
    <p class='ocr_par' dir='ltr' id='par_1_21' title="bbox 205 841 989 882">
     <span class='ocr_line' id='line_1_21' title="bbox 205 841 989 882; baseline -0.008 -9"><span class='ocrx_word' id='word_1_128' title='bbox 205 846 378 882; x_wconf 89' lang='lat' dir='ltr'><strong>pertulerunt</strong></span> <span class='ocrx_word' id='word_1_129' title='bbox 396 845 594 880; x_wconf 84' lang='lat' dir='ltr'><strong>captivitatem,</strong></span> <span class='ocrx_word' id='word_1_130' title='bbox 607 843 695 878; x_wconf 88' lang='lat' dir='ltr'><strong>patria</strong></span> <span class='ocrx_word' id='word_1_131' title='bbox 707 843 790 877; x_wconf 88' lang='lat' dir='ltr'><strong>pulsi,</strong></span> <span class='ocrx_word' id='word_1_132' title='bbox 803 845 830 869; x_wconf 86' lang='lat' dir='ltr'><strong>et</strong></span> <span class='ocrx_word' id='word_1_133' title='bbox 841 842 867 868; x_wconf 94' lang='lat' dir='ltr'><strong>in</strong></span> <span class='ocrx_word' id='word_1_134' title='bbox 882 841 989 868; x_wconf 84' lang='lat' dir='ltr'><strong>diutina</strong></span> 
     </span>
    </p>
   </div>
   <div class='ocr_carea' id='block_1_22' title="bbox 205 886 991 923">
    <p class='ocr_par' dir='ltr' id='par_1_22' title="bbox 205 886 991 923">
     <span class='ocr_line' id='line_1_22' title="bbox 205 886 991 923; baseline -0.009 -4"><span class='ocrx_word' id='word_1_135' title='bbox 205 892 337 920; x_wconf 81' lang='lat' dir='ltr'><strong>servitute</strong></span> <span class='ocrx_word' id='word_1_136' title='bbox 354 890 508 918; x_wconf 87' lang='lat' dir='ltr'><strong>constituti.</strong></span> <span class='ocrx_word' id='word_1_137' title='bbox 524 889 664 916; x_wconf 84' lang='lat' dir='ltr'><strong>Hactenus</strong></span> <span class='ocrx_word' id='word_1_138' title='bbox 681 888 791 923; x_wconf 88' lang='lat' dir='ltr'><strong>quidem</strong></span> <span class='ocrx_word' id='word_1_139' title='bbox 806 887 924 914; x_wconf 79' lang='lat' dir='ltr'><strong>reditum</strong></span> <span class='ocrx_word' id='word_1_140' title='bbox 939 886 991 912; x_wconf 89' lang='lat' dir='ltr'><strong>Ba-</strong></span> 
     </span>
    </p>
   </div>
   <div class='ocr_carea' id='block_1_23' title="bbox 205 933 991 973">
    <p class='ocr_par' dir='ltr' id='par_1_23' title="bbox 205 933 991 973">
     <span class='ocr_line' id='line_1_23' title="bbox 205 933 991 973; baseline -0.008 -8"><span class='ocrx_word' id='word_1_141' title='bbox 205 938 304 973; x_wconf 78' lang='lat' dir='ltr'><strong>bylone</strong></span> <span class='ocrx_word' id='word_1_142' title='bbox 323 940 417 964; x_wconf 85' lang='lat' dir='ltr'><strong>narrat</strong></span> <span class='ocrx_word' id='word_1_143' title='bbox 430 935 532 970; x_wconf 85' lang='lat' dir='ltr'><strong>populi,</strong></span> <span class='ocrx_word' id='word_1_144' title='bbox 548 938 575 962; x_wconf 91' lang='lat' dir='ltr'><strong>et</strong></span> <span class='ocrx_word' id='word_1_145' title='bbox 588 943 649 970; x_wconf 61' lang='lat' dir='ltr'><strong>quae</strong></span> <span class='ocrx_word' id='word_1_146' title='bbox 669 942 718 970; x_wconf 86' lang='lat' dir='ltr'><strong>per</strong></span> <span class='ocrx_word' id='word_1_147' title='bbox 738 933 805 961; x_wconf 94' lang='lat' dir='ltr'><strong>illud</strong></span> <span class='ocrx_word' id='word_1_148' title='bbox 826 933 907 968; x_wconf 75' lang='lat'><strong>183</strong></span> <span class='ocrx_word' id='word_1_149' title='bbox 925 936 991 959; x_wconf 90' lang='lat' dir='ltr'><strong>tem-</strong></span> 
     </span>
    </p>
   </div>
   <div class='ocr_carea' id='block_1_24' title="bbox 206 977 990 1017">
    <p class='ocr_par' dir='ltr' id='par_1_24' title="bbox 206 977 990 1017">
     <span class='ocr_line' id='line_1_24' title="bbox 206 977 990 1017; baseline -0.009 -7"><span class='ocrx_word' id='word_1_150' title='bbox 206 989 259 1017; x_wconf 91' lang='lat' dir='ltr'><strong>pus</strong></span> <span class='ocrx_word' id='word_1_151' title='bbox 286 982 456 1009; x_wconf 87' lang='lat' dir='ltr'><strong>obvenerunt</strong></span> <span class='ocrx_word' id='word_1_152' title='bbox 482 980 506 1008; x_wconf 92' lang='lat' dir='ltr'><strong>ei</strong></span> <span class='ocrx_word' id='word_1_153' title='bbox 533 979 739 1014; x_wconf 87' lang='lat' dir='ltr'><strong>prosperitates.</strong></span> <span class='ocrx_word' id='word_1_154' title='bbox 769 977 901 1005; x_wconf 88' lang='lat' dir='ltr'><strong>Posthinc</strong></span> <span class='ocrx_word' id='word_1_155' title='bbox 925 984 990 1003; x_wconf 89' lang='lat' dir='ltr'><strong>vero</strong></span> 
     </span>
    </p>
   </div>
   <div class='ocr_carea' id='block_1_25' title="bbox 205 1021 990 1054">
    <p class='ocr_par' dir='ltr' id='par_1_25' title="bbox 205 1021 990 1054">
     <span class='ocr_line' id='line_1_25' title="bbox 205 1021 990 1054; baseline -0.008 -1"><span class='ocrx_word' id='word_1_156' title='bbox 205 1033 305 1053; x_wconf 85' lang='lat' dir='ltr'><strong>rursus</strong></span> <span class='ocrx_word' id='word_1_157' title='bbox 321 1025 508 1052; x_wconf 88' lang='lat' dir='ltr'><strong>molestiarum</strong></span> <span class='ocrx_word' id='word_1_158' title='bbox 524 1023 591 1050; x_wconf 80' lang='lat' dir='ltr'><strong>facit</strong></span> <span class='ocrx_word' id='word_1_159' title='bbox 607 1023 782 1054; x_wconf 86' lang='lat' dir='ltr'><strong>mentionem,</strong></span> <span class='ocrx_word' id='word_1_160' title='bbox 800 1022 906 1049; x_wconf 82' lang='lat' dir='ltr'><strong>futuras</strong></span> <span class='ocrx_word' id='word_1_161' title='bbox 921 1021 990 1048; x_wconf 87' lang='lat' dir='ltr'><strong>alias</strong></span> 
     </span>
    </p>
   </div>
   <div class='ocr_carea' id='block_1_26' title="bbox 204 1066 989 1101">
    <p class='ocr_par' dir='ltr' id='par_1_26' title="bbox 204 1066 989 1101">
     <span class='ocr_line' id='line_1_26' title="bbox 204 1066 989 1101; baseline -0.009 -2"><span class='ocrx_word' id='word_1_162' title='bbox 204 1077 370 1099; x_wconf 84' lang='lat' dir='ltr'><strong>enumerans</strong></span> <span class='ocrx_word' id='word_1_163' title='bbox 379 1069 559 1097; x_wconf 86' lang='lat' dir='ltr'><strong>calamitates.</strong></span> <span class='ocrx_word' id='word_1_164' title='bbox 573 1068 755 1101; x_wconf 84' lang='lat' dir='ltr'><strong>Quamobrem</strong></span> <span class='ocrx_word' id='word_1_165' title='bbox 773 1067 807 1094; x_wconf 91' lang='lat' dir='ltr'><strong>ad</strong></span> <span class='ocrx_word' id='word_1_166' title='bbox 819 1066 989 1094; x_wconf 89' lang='lat' dir='ltr'><strong>Hierusalem</strong></span> 
     </span>
    </p>
   </div>
   <div class='ocr_carea' id='block_1_27' title="bbox 204 1112 988 1146">
    <p class='ocr_par' dir='ltr' id='par_1_27' title="bbox 204 1112 988 1146">
     <span class='ocr_line' id='line_1_27' title="bbox 204 1112 988 1146; baseline -0.008 -3"><span class='ocrx_word' id='word_1_167' title='bbox 204 1116 358 1144; x_wconf 87' lang='lat' dir='ltr'><strong>orationem</strong></span> <span class='ocrx_word' id='word_1_168' title='bbox 372 1118 545 1143; x_wconf 87' lang='lat' dir='ltr'><strong>convertens.</strong></span> <span class='ocrx_word' id='word_1_169' title='bbox 562 1114 602 1141; x_wconf 92' lang='lat' dir='ltr'><strong>sic</strong></span> <span class='ocrx_word' id='word_1_170' title='bbox 619 1114 674 1140; x_wconf 88' lang='lat' dir='ltr'><strong>ait:</strong></span> <span class='ocrx_word' id='word_1_171' title='bbox 688 1123 697 1138; x_wconf 82' lang='grc' dir='ltr'>ι</span> <span class='ocrx_word' id='word_1_172' title='bbox 715 1113 748 1139; x_wconf 90' lang='grc' dir='ltr'>Ει</span> <span class='ocrx_word' id='word_1_173' title='bbox 764 1118 809 1144; x_wconf 87' lang='lat' dir='ltr'><strong>tu,</strong></span> <span class='ocrx_word' id='word_1_174' title='bbox 824 1112 911 1139; x_wconf 87' lang='lat' dir='ltr'><strong>turris</strong></span> <span class='ocrx_word' id='word_1_175' title='bbox 927 1119 988 1146; x_wconf 80' lang='lat' dir='ltr'><strong>gre-</strong></span> 
     </span>
    </p>
   </div>
   <div class='ocr_carea' id='block_1_28' title="bbox 204 1155 989 1196">
    <p class='ocr_par' dir='ltr' id='par_1_28' title="bbox 204 1155 989 1196">
     <span class='ocr_line' id='line_1_28' title="bbox 204 1155 989 1196; baseline -0.009 -7"><span class='ocrx_word' id='word_1_176' title='bbox 204 1161 256 1196; x_wconf 78' lang='lat' dir='ltr'><strong>gis,</strong></span> <span class='ocrx_word' id='word_1_177' title='bbox 282 1160 411 1195; x_wconf 86' lang='lat' dir='ltr'><strong>squalens</strong></span> <span class='ocrx_word' id='word_1_178' title='bbox 438 1159 494 1186; x_wconf 80' lang='lat' dir='ltr'><strong>ﬁlia</strong></span> <span class='ocrx_word' id='word_1_179' title='bbox 521 1159 623 1186; x_wconf 83' lang='lat' dir='ltr'><strong>Sionis.</strong></span> <span class='ocrx_word' id='word_1_180' title='bbox 649 1167 659 1184; x_wconf 69' lang='grc' dir='ltr'><strong>ι</strong></span> <span class='ocrx_word' id='word_1_181' title='bbox 678 1157 756 1190; x_wconf 87' lang='lat' dir='ltr'><strong>Quod</strong></span> <span class='ocrx_word' id='word_1_182' title='bbox 785 1157 868 1184; x_wconf 81' lang='lat' dir='ltr'><strong>ﬁliam</strong></span> <span class='ocrx_word' id='word_1_183' title='bbox 897 1155 989 1183; x_wconf 81' lang='lat' dir='ltr'><strong>Sionis</strong></span> 
     </span>
    </p>
   </div>
   <div class='ocr_carea' id='block_1_29' title="bbox 204 1202 989 1238">
    <p class='ocr_par' dir='ltr' id='par_1_29' title="bbox 204 1202 989 1238">
     <span class='ocr_line' id='line_1_29' title="bbox 204 1202 989 1238; baseline -0.009 -4"><span class='ocrx_word' id='word_1_184' title='bbox 204 1206 374 1234; x_wconf 86' lang='lat' dir='ltr'><strong>Hierusalem</strong></span> <span class='ocrx_word' id='word_1_185' title='bbox 391 1205 522 1237; x_wconf 76' lang='lat' dir='ltr'><strong>nominet,</strong></span> <span class='ocrx_word' id='word_1_186' title='bbox 539 1204 710 1238; x_wconf 77' lang='lat' dir='ltr'><strong>exploratum</strong></span> <span class='ocrx_word' id='word_1_187' title='bbox 725 1206 779 1234; x_wconf 84' lang='lat' dir='ltr'><strong>est,</strong></span> <span class='ocrx_word' id='word_1_188' title='bbox 794 1202 834 1230; x_wconf 89' lang='lat' dir='ltr'><strong>sic</strong></span> <span class='ocrx_word' id='word_1_189' title='bbox 851 1208 910 1229; x_wconf 91' lang='lat' dir='ltr'><strong>eam</strong></span> <span class='ocrx_word' id='word_1_190' title='bbox 927 1209 989 1236; x_wconf 89' lang='lat' dir='ltr'><strong>pcr-</strong></span> 
     </span>
    </p>
   </div>
   <div class='ocr_carea' id='block_1_30' title="bbox 204 1247 988 1287">
    <p class='ocr_par' dir='ltr' id='par_1_30' title="bbox 204 1247 988 1287">
     <span class='ocr_line' id='line_1_30' title="bbox 204 1247 988 1287; baseline -0.008 -8"><span class='ocrx_word' id='word_1_191' title='bbox 204 1256 286 1287; x_wconf 86' lang='lat' dir='ltr'><strong>pctuo</strong></span> <span class='ocrx_word' id='word_1_192' title='bbox 298 1251 437 1286; x_wconf 87' lang='lat' dir='ltr'><strong>prophetis</strong></span> <span class='ocrx_word' id='word_1_193' title='bbox 447 1257 478 1277; x_wconf 84' lang='lat' dir='ltr'><strong>ac</strong></span> <span class='ocrx_word' id='word_1_194' title='bbox 489 1249 568 1276; x_wconf 78' lang='lat' dir='ltr'><strong>beato</strong></span> <span class='ocrx_word' id='word_1_195' title='bbox 580 1248 680 1276; x_wconf 89' lang='lat' dir='ltr'><strong>Davide</strong></span> <span class='ocrx_word' id='word_1_196' title='bbox 690 1248 899 1283; x_wconf 86' lang='lat' dir='ltr'><strong>appellantibus;</strong></span> <span class='ocrx_word' id='word_1_197' title='bbox 907 1247 988 1274; x_wconf 85' lang='lat' dir='ltr'><strong>veluti</strong></span> 
     </span>
    </p>
   </div>
   <div class='ocr_carea' id='block_1_31' title="bbox 204 1292 988 1323">
    <p class='ocr_par' dir='ltr' id='par_1_31' title="bbox 204 1292 988 1323">
     <span class='ocr_line' id='line_1_31' title="bbox 204 1292 988 1323; baseline -0.006 0"><span class='ocrx_word' id='word_1_198' title='bbox 204 1304 267 1323; x_wconf 92' lang='lat' dir='ltr'><strong>cum</strong></span> <span class='ocrx_word' id='word_1_199' title='bbox 284 1296 327 1322; x_wconf 85' lang='lat' dir='ltr'><strong>hic</strong></span> <span class='ocrx_word' id='word_1_200' title='bbox 342 1295 409 1322; x_wconf 90' lang='lat' dir='ltr'><strong>dicit</strong></span> <span class='ocrx_word' id='word_1_201' title='bbox 425 1303 432 1322; x_wconf 86' lang='lat'>:</span> <span class='ocrx_word' id='word_1_202' title='bbox 453 1304 461 1320; x_wconf 79' lang='grc' dir='ltr'><strong>ι</strong></span> <span class='ocrx_word' id='word_1_203' title='bbox 480 1293 514 1320; x_wconf 90' lang='lat' dir='ltr'><strong>Ut</strong></span> <span class='ocrx_word' id='word_1_204' title='bbox 529 1293 687 1320; x_wconf 90' lang='lat' dir='ltr'><strong>annuntiem</strong></span> <span class='ocrx_word' id='word_1_205' title='bbox 705 1300 800 1320; x_wconf 91' lang='lat' dir='ltr'><strong>omnes</strong></span> <span class='ocrx_word' id='word_1_206' title='bbox 817 1292 988 1319; x_wconf 90' lang='lat' dir='ltr'><strong>laudationes</strong></span> 
     </span>
    </p>
   </div>
   <div class='ocr_carea' id='block_1_32' title="bbox 205 1337 989 1375">
    <p class='ocr_par' dir='ltr' id='par_1_32' title="bbox 205 1337 989 1375">
     <span class='ocr_line' id='line_1_32' title="bbox 205 1337 989 1375; baseline -0.004 -7"><span class='ocrx_word' id='word_1_207' title='bbox 205 1346 266 1368; x_wconf 85' lang='lat' dir='ltr'><strong>tuas</strong></span> <span class='ocrx_word' id='word_1_208' title='bbox 283 1341 309 1367; x_wconf 91' lang='lat' dir='ltr'><strong>in</strong></span> <span class='ocrx_word' id='word_1_209' title='bbox 325 1340 410 1375; x_wconf 86' lang='lat' dir='ltr'><strong>portis</strong></span> <span class='ocrx_word' id='word_1_210' title='bbox 431 1339 491 1366; x_wconf 69' lang='lat' dir='ltr'><strong>ﬁlizc</strong></span> <span class='ocrx_word' id='word_1_211' title='bbox 509 1337 600 1365; x_wconf 86' lang='lat' dir='ltr'><strong>Sionis</strong></span> <span class='ocrx_word' id='word_1_212' title='bbox 616 1338 651 1364; x_wconf 87' lang='lat'><strong>“.</strong></span> <span class='ocrx_word' id='word_1_213' title='bbox 674 1347 684 1364; x_wconf 74' lang='grc' dir='ltr'><strong>ι</strong></span> <span class='ocrx_word' id='word_1_214' title='bbox 706 1337 889 1372; x_wconf 80' lang='lat' dir='ltr'><strong>Quamobrem</strong></span> <span class='ocrx_word' id='word_1_215' title='bbox 908 1338 989 1365; x_wconf 88' lang='lat' dir='ltr'><strong>indu-</strong></span> 
     </span>
    </p>
   </div>
   <div class='ocr_carea' id='block_1_33' title="bbox 203 1383 988 1418">
    <p class='ocr_par' dir='ltr' id='par_1_33' title="bbox 203 1383 988 1418">
     <span class='ocr_line' id='line_1_33' title="bbox 203 1383 988 1418; baseline -0.004 -5"><span class='ocrx_word' id='word_1_216' title='bbox 203 1386 280 1414; x_wconf 91' lang='lat' dir='ltr'><strong>bium</strong></span> <span class='ocrx_word' id='word_1_217' title='bbox 294 1389 353 1418; x_wconf 86' lang='lat' dir='ltr'><strong>est,</strong></span> <span class='ocrx_word' id='word_1_218' title='bbox 369 1392 422 1411; x_wconf 91' lang='lat' dir='ltr'><strong>non</strong></span> <span class='ocrx_word' id='word_1_219' title='bbox 442 1384 475 1411; x_wconf 88' lang='lat' dir='ltr'><strong>ad</strong></span> <span class='ocrx_word' id='word_1_220' title='bbox 493 1383 634 1411; x_wconf 79' lang='lat' dir='ltr'><strong>Sedcciam</strong></span> <span class='ocrx_word' id='word_1_221' title='bbox 646 1403 653 1416; x_wconf 92' lang='lat'><strong>,</strong></span> <span class='ocrx_word' id='word_1_222' title='bbox 669 1383 741 1418; x_wconf 93' lang='lat' dir='ltr'><strong>quod</strong></span> <span class='ocrx_word' id='word_1_223' title='bbox 758 1383 883 1410; x_wconf 89' lang='lat' dir='ltr'><strong>nonnulli</strong></span> <span class='ocrx_word' id='word_1_224' title='bbox 896 1383 988 1410; x_wconf 88' lang='lat' dir='ltr'><strong>nescio</strong></span> 
     </span>
    </p>
   </div>
   <div class='ocr_carea' id='block_1_34' title="bbox 205 1428 1024 1472">
    <p class='ocr_par' dir='ltr' id='par_1_34' title="bbox 205 1428 1024 1472">
     <span class='ocr_line' id='line_1_34' title="bbox 205 1428 1024 1472; baseline -0.005 -14"><span class='ocrx_word' id='word_1_225' title='bbox 205 1439 254 1458; x_wconf 90' lang='lat' dir='ltr'><strong>cur</strong></span> <span class='ocrx_word' id='word_1_226' title='bbox 268 1431 318 1458; x_wconf 88' lang='lat' dir='ltr'><strong>sibi</strong></span> <span class='ocrx_word' id='word_1_227' title='bbox 336 1433 543 1465; x_wconf 87' lang='lat' dir='ltr'><strong>persuaserunt,</strong></span> <span class='ocrx_word' id='word_1_228' title='bbox 561 1428 609 1457; x_wconf 87' lang='lat' dir='ltr'><strong>sed</strong></span> <span class='ocrx_word' id='word_1_229' title='bbox 627 1428 660 1456; x_wconf 91' lang='lat' dir='ltr'><strong>ad</strong></span> <span class='ocrx_word' id='word_1_230' title='bbox 677 1428 847 1456; x_wconf 85' lang='lat' dir='ltr'><strong>Hierusalem</strong></span> <span class='ocrx_word' id='word_1_231' title='bbox 865 1429 986 1455; x_wconf 79' lang='lat' dir='ltr'><strong>converti</strong></span> <span class='ocrx_word' id='word_1_232' title='bbox 1002 1443 1024 1472; x_wconf 79' lang='lat' dir='ltr'>C</span> 
     </span>
    </p>
   </div>
   <div class='ocr_carea' id='block_1_35' title="bbox 205 1473 988 1511">
    <p class='ocr_par' dir='ltr' id='par_1_35' title="bbox 205 1473 988 1511">
     <span class='ocr_line' id='line_1_35' title="bbox 205 1473 988 1511; baseline -0.004 -8"><span class='ocrx_word' id='word_1_233' title='bbox 205 1477 250 1504; x_wconf 90' lang='lat' dir='ltr'><strong>hic</strong></span> <span class='ocrx_word' id='word_1_234' title='bbox 262 1484 278 1503; x_wconf 88' lang='lat' dir='ltr'><strong>a</strong></span> <span class='ocrx_word' id='word_1_235' title='bbox 292 1476 423 1511; x_wconf 73' lang='lat' dir='ltr'><strong>propheta</strong></span> <span class='ocrx_word' id='word_1_236' title='bbox 437 1481 609 1508; x_wconf 86' lang='lat' dir='ltr'><strong>sermonem;</strong></span> <span class='ocrx_word' id='word_1_237' title='bbox 625 1481 706 1509; x_wconf 90' lang='lat' dir='ltr'><strong>quam</strong></span> <span class='ocrx_word' id='word_1_238' title='bbox 719 1481 781 1500; x_wconf 90' lang='lat' dir='ltr'><strong>cum</strong></span> <span class='ocrx_word' id='word_1_239' title='bbox 796 1474 880 1500; x_wconf 78' lang='lat' dir='ltr'><strong>tiliam</strong></span> <span class='ocrx_word' id='word_1_240' title='bbox 895 1473 988 1501; x_wconf 89' lang='lat' dir='ltr'><strong>Sionis</strong></span> 
     </span>
    </p>
   </div>
   <div class='ocr_carea' id='block_1_36' title="bbox 204 1519 987 1554">
    <p class='ocr_par' dir='ltr' id='par_1_36' title="bbox 204 1519 987 1554">
     <span class='ocr_line' id='line_1_36' title="bbox 204 1519 987 1554; baseline -0.004 -5"><span class='ocrx_word' id='word_1_241' title='bbox 204 1522 238 1549; x_wconf 91' lang='lat' dir='ltr'><strong>de</strong></span> <span class='ocrx_word' id='word_1_242' title='bbox 257 1528 332 1548; x_wconf 88' lang='lat' dir='ltr'><strong>more</strong></span> <span class='ocrx_word' id='word_1_243' title='bbox 354 1520 478 1553; x_wconf 85' lang='lat' dir='ltr'><strong>dixisset,</strong></span> <span class='ocrx_word' id='word_1_244' title='bbox 495 1520 591 1546; x_wconf 91' lang='lat' dir='ltr'><strong>merito</strong></span> <span class='ocrx_word' id='word_1_245' title='bbox 614 1519 710 1546; x_wconf 88' lang='lat' dir='ltr'><strong>turrim</strong></span> <span class='ocrx_word' id='word_1_246' title='bbox 728 1519 819 1554; x_wconf 78' lang='lat' dir='ltr'><strong>gregis</strong></span> <span class='ocrx_word' id='word_1_247' title='bbox 834 1524 987 1554; x_wconf 84' lang='lat' dir='ltr'><strong>nuncupat,</strong></span> 
     </span>
    </p>
   </div>
   <div class='ocr_carea' id='block_1_37' title="bbox 205 1565 989 1602">
    <p class='ocr_par' dir='ltr' id='par_1_37' title="bbox 205 1565 989 1602">
     <span class='ocr_line' id='line_1_37' title="bbox 205 1565 989 1602; baseline -0.003 -8"><span class='ocrx_word' id='word_1_248' title='bbox 205 1570 299 1602; x_wconf 84' lang='lat' dir='ltr'><strong>utpote</strong></span> <span class='ocrx_word' id='word_1_249' title='bbox 319 1567 389 1593; x_wconf 82' lang='lat' dir='ltr'><strong>inter</strong></span> <span class='ocrx_word' id='word_1_250' title='bbox 403 1573 497 1593; x_wconf 90' lang='lat' dir='ltr'><strong>omnes</strong></span> <span class='ocrx_word' id='word_1_251' title='bbox 515 1565 679 1592; x_wconf 88' lang='lat' dir='ltr'><strong>lsraeliticas</strong></span> <span class='ocrx_word' id='word_1_252' title='bbox 690 1565 774 1592; x_wconf 81' lang='lat' dir='ltr'><strong>urbes</strong></span> <span class='ocrx_word' id='word_1_253' title='bbox 793 1565 947 1597; x_wconf 74' lang='lat' dir='ltr'><strong>celsiorrm,</strong></span> <span class='ocrx_word' id='word_1_254' title='bbox 962 1570 989 1592; x_wconf 83' lang='lat' dir='ltr'><strong>et</strong></span> 
     </span>
    </p>
   </div>
   <div class='ocr_carea' id='block_1_38' title="bbox 204 1610 989 1647">
    <p class='ocr_par' dir='ltr' id='par_1_38' title="bbox 204 1610 989 1647">
     <span class='ocr_line' id='line_1_38' title="bbox 204 1610 989 1647; baseline -0.003 -9"><span class='ocrx_word' id='word_1_255' title='bbox 204 1615 315 1647; x_wconf 86' lang='lat' dir='ltr'><strong>propter</strong></span> <span class='ocrx_word' id='word_1_256' title='bbox 335 1611 456 1638; x_wconf 89' lang='lat' dir='ltr'><strong>omnium</strong></span> <span class='ocrx_word' id='word_1_257' title='bbox 478 1610 511 1636; x_wconf 90' lang='lat' dir='ltr'><strong>ad</strong></span> <span class='ocrx_word' id='word_1_258' title='bbox 529 1617 589 1637; x_wconf 89' lang='lat' dir='ltr'><strong>eam</strong></span> <span class='ocrx_word' id='word_1_259' title='bbox 609 1617 785 1642; x_wconf 85' lang='lat' dir='ltr'><strong>concursum,</strong></span> <span class='ocrx_word' id='word_1_260' title='bbox 805 1610 863 1637; x_wconf 85' lang='lat' dir='ltr'><strong>sive</strong></span> <span class='ocrx_word' id='word_1_261' title='bbox 881 1610 916 1636; x_wconf 91' lang='lat' dir='ltr'><strong>ob</strong></span> <span class='ocrx_word' id='word_1_262' title='bbox 934 1610 989 1636; x_wconf 90' lang='lat' dir='ltr'><strong>illic</strong></span> 
     </span>
    </p>
   </div>
   <div class='ocr_carea' id='block_1_39' title="bbox 204 1654 989 1689">
    <p class='ocr_par' dir='ltr' id='par_1_39' title="bbox 204 1654 989 1689">
     <span class='ocr_line' id='line_1_39' title="bbox 204 1654 989 1689; baseline -0.001 -6"><span class='ocrx_word' id='word_1_263' title='bbox 204 1655 385 1684; x_wconf 82' lang='lat' dir='ltr'><strong>exercendum</strong></span> <span class='ocrx_word' id='word_1_264' title='bbox 399 1655 445 1682; x_wconf 89' lang='lat' dir='ltr'><strong>Dei</strong></span> <span class='ocrx_word' id='word_1_265' title='bbox 458 1655 572 1686; x_wconf 87' lang='lat' dir='ltr'><strong>cultum,</strong></span> <span class='ocrx_word' id='word_1_266' title='bbox 583 1655 640 1681; x_wconf 78' lang='lat' dir='ltr'><strong>sive</strong></span> <span class='ocrx_word' id='word_1_267' title='bbox 652 1654 687 1681; x_wconf 92' lang='lat' dir='ltr'><strong>ob</strong></span> <span class='ocrx_word' id='word_1_268' title='bbox 697 1655 827 1681; x_wconf 82' lang='lat' dir='ltr'><strong>auxilium</strong></span> <span class='ocrx_word' id='word_1_269' title='bbox 841 1655 914 1689; x_wconf 91' lang='lat' dir='ltr'><strong>quod</strong></span> <span class='ocrx_word' id='word_1_270' title='bbox 926 1655 989 1682; x_wconf 88' lang='lat' dir='ltr'><strong>inde</strong></span> 
     </span>
    </p>
   </div>
   <div class='ocr_carea' id='block_1_40' title="bbox 205 1699 986 1736">
    <p class='ocr_par' dir='ltr' id='par_1_40' title="bbox 205 1699 986 1736">
     <span class='ocr_line' id='line_1_40' title="bbox 205 1699 986 1736; baseline -0.001 -8"><span class='ocrx_word' id='word_1_271' title='bbox 205 1701 361 1736; x_wconf 85' lang='lat' dir='ltr'><strong>sperabant.</strong></span> <span class='ocrx_word' id='word_1_272' title='bbox 381 1700 444 1735; x_wconf 86' lang='lat' dir='ltr'><strong>quia</strong></span> <span class='ocrx_word' id='word_1_273' title='bbox 460 1699 531 1727; x_wconf 90' lang='lat' dir='ltr'><strong>Deus</strong></span> <span class='ocrx_word' id='word_1_274' title='bbox 548 1699 603 1727; x_wconf 92' lang='lat' dir='ltr'><strong>illic</strong></span> <span class='ocrx_word' id='word_1_275' title='bbox 619 1700 745 1727; x_wconf 86' lang='lat' dir='ltr'><strong>habitare</strong></span> <span class='ocrx_word' id='word_1_276' title='bbox 761 1700 986 1734; x_wconf 67' lang='lat' dir='ltr'><strong>przesumebatur.</strong></span> 
     </span>
    </p>
   </div>
   <div class='ocr_carea' id='block_1_41' title="bbox 206 1744 988 1781">
    <p class='ocr_par' dir='ltr' id='par_1_41' title="bbox 206 1744 988 1781">
     <span class='ocr_line' id='line_1_41' title="bbox 206 1744 988 1781; baseline -0.001 -8"><span class='ocrx_word' id='word_1_277' title='bbox 206 1745 380 1781; x_wconf 81' lang='lat' dir='ltr'><strong>Squaleutem</strong></span> <span class='ocrx_word' id='word_1_278' title='bbox 405 1744 600 1772; x_wconf 84' lang='lat' dir='ltr'><strong>contumeliose</strong></span> <span class='ocrx_word' id='word_1_279' title='bbox 621 1744 703 1777; x_wconf 87' lang='lat' dir='ltr'><strong>dicit,</strong></span> <span class='ocrx_word' id='word_1_280' title='bbox 721 1745 794 1772; x_wconf 87' lang='lat' dir='ltr'><strong>velut</strong></span> <span class='ocrx_word' id='word_1_281' title='bbox 816 1745 920 1779; x_wconf 88' lang='lat' dir='ltr'><strong>peccati</strong></span> <span class='ocrx_word' id='word_1_282' title='bbox 934 1753 988 1780; x_wconf 66' lang='lat' dir='ltr'><strong>pae-</strong></span> 
     </span>
    </p>
   </div>
   <div class='ocr_carea' id='block_1_42' title="bbox 204 1790 986 1826">
    <p class='ocr_par' dir='ltr' id='par_1_42' title="bbox 204 1790 986 1826">
     <span class='ocr_line' id='line_1_42' title="bbox 204 1790 986 1826; baseline 0 -8"><span class='ocrx_word' id='word_1_283' title='bbox 204 1791 270 1818; x_wconf 86' lang='lat' dir='ltr'><strong>dore</strong></span> <span class='ocrx_word' id='word_1_284' title='bbox 285 1790 412 1821; x_wconf 89' lang='lat' dir='ltr'><strong>obsitam,</strong></span> <span class='ocrx_word' id='word_1_285' title='bbox 426 1795 452 1816; x_wconf 93' lang='lat' dir='ltr'><strong>et</strong></span> <span class='ocrx_word' id='word_1_286' title='bbox 469 1790 544 1825; x_wconf 80' lang='lat' dir='ltr'><strong>gregi</strong></span> <span class='ocrx_word' id='word_1_287' title='bbox 557 1790 591 1816; x_wconf 87' lang='lat' dir='ltr'><strong>ad</strong></span> <span class='ocrx_word' id='word_1_288' title='bbox 605 1790 703 1817; x_wconf 85' lang='lat' dir='ltr'><strong>vitium</strong></span> <span class='ocrx_word' id='word_1_289' title='bbox 720 1790 821 1817; x_wconf 80' lang='lat' dir='ltr'><strong>factam</strong></span> <span class='ocrx_word' id='word_1_290' title='bbox 837 1791 986 1826; x_wconf 83' lang='lat' dir='ltr'><strong>exemplar,</strong></span> 
     </span>
    </p>
   </div>
   <div class='ocr_carea' id='block_1_43' title="bbox 205 1835 987 1870">
    <p class='ocr_par' dir='ltr' id='par_1_43' title="bbox 205 1835 987 1870">
     <span class='ocr_line' id='line_1_43' title="bbox 205 1835 987 1870; baseline 0.001 -7"><span class='ocrx_word' id='word_1_291' title='bbox 205 1843 266 1863; x_wconf 82' lang='lat' dir='ltr'><strong>cum</strong></span> <span class='ocrx_word' id='word_1_292' title='bbox 280 1839 375 1862; x_wconf 88' lang='lat' dir='ltr'><strong>contra</strong></span> <span class='ocrx_word' id='word_1_293' title='bbox 387 1839 523 1870; x_wconf 81' lang='lat' dir='ltr'><strong>oporteret</strong></span> <span class='ocrx_word' id='word_1_294' title='bbox 542 1835 576 1862; x_wconf 85' lang='lat' dir='ltr'><strong>ad</strong></span> <span class='ocrx_word' id='word_1_295' title='bbox 591 1835 719 1862; x_wconf 83' lang='lat' dir='ltr'><strong>virtutem</strong></span> <span class='ocrx_word' id='word_1_296' title='bbox 749 1835 859 1870; x_wconf 61' lang='lat' dir='ltr'><strong>praeire.</strong></span> <span class='ocrx_word' id='word_1_297' title='bbox 883 1845 893 1862; x_wconf 86' lang='grc'><strong><em>‹</em></strong></span> <span class='ocrx_word' id='word_1_298' title='bbox 912 1837 987 1864; x_wconf 85' lang='lat' dir='ltr'><strong>Con-</strong></span> 
     </span>
    </p>
   </div>
   <div class='ocr_carea' id='block_1_44' title="bbox 205 1879 987 1915">
    <p class='ocr_par' dir='ltr' id='par_1_44' title="bbox 205 1879 987 1915">
     <span class='ocr_line' id='line_1_44' title="bbox 205 1879 987 1915; baseline 0.001 -7"><span class='ocrx_word' id='word_1_299' title='bbox 205 1886 247 1908; x_wconf 89' lang='lat' dir='ltr'><strong>tra</strong></span> <span class='ocrx_word' id='word_1_300' title='bbox 265 1884 291 1908; x_wconf 91' lang='lat' dir='ltr'><strong>te</strong></span> <span class='ocrx_word' id='word_1_301' title='bbox 308 1880 407 1912; x_wconf 87' lang='lat' dir='ltr'><strong>veniet,</strong></span> <span class='ocrx_word' id='word_1_302' title='bbox 423 1883 451 1906; x_wconf 88' lang='lat' dir='ltr'><strong>et</strong></span> <span class='ocrx_word' id='word_1_303' title='bbox 474 1879 644 1913; x_wconf 75' lang='lat' dir='ltr'><strong>ingredietur</strong></span> <span class='ocrx_word' id='word_1_304' title='bbox 678 1879 849 1915; x_wconf 90' lang='lat' dir='ltr'><strong>principatus</strong></span> <span class='ocrx_word' id='word_1_305' title='bbox 870 1881 987 1915; x_wconf 89' lang='lat' dir='ltr'><strong>primus,</strong></span> 
     </span>
    </p>
   </div>
   <div class='ocr_carea' id='block_1_45' title="bbox 204 1924 988 1962">
    <p class='ocr_par' dir='ltr' id='par_1_45' title="bbox 204 1924 988 1962">
     <span class='ocr_line' id='line_1_45' title="bbox 204 1924 988 1962; baseline 0.003 -9"><span class='ocrx_word' id='word_1_306' title='bbox 204 1933 317 1961; x_wconf 80' lang='lat' dir='ltr'><strong>regnum</strong></span> <span class='ocrx_word' id='word_1_307' title='bbox 343 1924 498 1960; x_wconf 82' lang='lat' dir='ltr'><strong>Babylonis,</strong></span> <span class='ocrx_word' id='word_1_308' title='bbox 520 1932 538 1951; x_wconf 88' lang='grc' dir='ltr'><strong>ο</strong></span> <span class='ocrx_word' id='word_1_309' title='bbox 562 1925 617 1952; x_wconf 80' lang='lat' dir='ltr'><strong>tilia</strong></span> <span class='ocrx_word' id='word_1_310' title='bbox 642 1924 823 1955; x_wconf 84' lang='lat' dir='ltr'><strong>Hierusalem.</strong></span> <span class='ocrx_word' id='word_1_311' title='bbox 841 1936 851 1952; x_wconf 74' lang='grc' dir='ltr'><strong>ι</strong></span> <span class='ocrx_word' id='word_1_312' title='bbox 874 1927 988 1962; x_wconf 85' lang='lat' dir='ltr'><strong>Propter</strong></span> 
     </span>
    </p>
   </div>
   <div class='ocr_carea' id='block_1_46' title="bbox 204 1970 988 2005">
    <p class='ocr_par' dir='ltr' id='par_1_46' title="bbox 204 1970 988 2005">
     <span class='ocr_line' id='line_1_46' title="bbox 204 1970 988 2005; baseline 0.005 -9"><span class='ocrx_word' id='word_1_313' title='bbox 204 1971 304 1997; x_wconf 86' lang='lat' dir='ltr'><strong>delicta</strong></span> <span class='ocrx_word' id='word_1_314' title='bbox 319 1970 389 2004; x_wconf 85' lang='lat' dir='ltr'><strong>apud</strong></span> <span class='ocrx_word' id='word_1_315' title='bbox 407 1974 432 1997; x_wconf 89' lang='lat' dir='ltr'><strong>te</strong></span> <span class='ocrx_word' id='word_1_316' title='bbox 446 1974 552 2005; x_wconf 89' lang='lat' dir='ltr'><strong>patrata</strong></span> <span class='ocrx_word' id='word_1_317' title='bbox 563 1989 570 2002; x_wconf 90' lang='lat'><strong>,</strong></span> <span class='ocrx_word' id='word_1_318' title='bbox 586 1971 760 2004; x_wconf 82' lang='lat' dir='ltr'><strong>superveniet</strong></span> <span class='ocrx_word' id='word_1_319' title='bbox 776 1971 826 1999; x_wconf 86' lang='lat' dir='ltr'><strong>tibi</strong></span> <span class='ocrx_word' id='word_1_320' title='bbox 851 1973 988 2001; x_wconf 86' lang='lat' dir='ltr'><strong>maximus</strong></span> 
     </span>
    </p>
   </div>
   <div class='ocr_carea' id='block_1_47' title="bbox 205 2014 988 2050">
    <p class='ocr_par' dir='ltr' id='par_1_47' title="bbox 205 2014 988 2050">
     <span class='ocr_line' id='line_1_47' title="bbox 205 2014 988 2050; baseline 0.006 -9"><span class='ocrx_word' id='word_1_321' title='bbox 205 2015 337 2049; x_wconf 86' lang='lat' dir='ltr'><strong>valdeque</strong></span> <span class='ocrx_word' id='word_1_322' title='bbox 352 2018 447 2049; x_wconf 89' lang='lat' dir='ltr'><strong>potens</strong></span> <span class='ocrx_word' id='word_1_323' title='bbox 465 2023 513 2042; x_wconf 78' lang='lat' dir='ltr'><strong>rex</strong></span> <span class='ocrx_word' id='word_1_324' title='bbox 534 2014 699 2050; x_wconf 82' lang='lat' dir='ltr'><strong>Babylonis.</strong></span> <span class='ocrx_word' id='word_1_325' title='bbox 713 2017 761 2050; x_wconf 92' lang='lat' dir='ltr'><strong>qui</strong></span> <span class='ocrx_word' id='word_1_326' title='bbox 777 2017 825 2044; x_wconf 87' lang='lat' dir='ltr'><strong>tibi</strong></span> <span class='ocrx_word' id='word_1_327' title='bbox 837 2018 902 2045; x_wconf 88' lang='lat' dir='ltr'><strong>talia</strong></span> <span class='ocrx_word' id='word_1_328' title='bbox 919 2018 988 2046; x_wconf 86' lang='lat' dir='ltr'><strong>infe-</strong></span> 
     </span>
    </p>
   </div>
   <div class='ocr_carea' id='block_1_48' title="bbox 204 2060 988 2099">
    <p class='ocr_par' dir='ltr' id='par_1_48' title="bbox 204 2060 988 2099">
     <span class='ocr_line' id='line_1_48' title="bbox 204 2060 988 2099; baseline 0.008 -13"><span class='ocrx_word' id='word_1_329' title='bbox 204 2064 246 2087; x_wconf 86' lang='lat' dir='ltr'><strong>ret</strong></span> <span class='ocrx_word' id='word_1_330' title='bbox 262 2060 332 2087; x_wconf 89' lang='lat' dir='ltr'><strong>mala</strong></span> <span class='ocrx_word' id='word_1_331' title='bbox 345 2060 437 2095; x_wconf 86' lang='lat' dir='ltr'><strong>qualia</strong></span> <span class='ocrx_word' id='word_1_332' title='bbox 461 2068 475 2087; x_wconf 90' lang='lat' dir='ltr'><strong>a</strong></span> <span class='ocrx_word' id='word_1_333' title='bbox 499 2061 616 2096; x_wconf 85' lang='lat' dir='ltr'><strong>potentis</strong></span> <span class='ocrx_word' id='word_1_334' title='bbox 632 2061 704 2096; x_wconf 81' lang='lat' dir='ltr'><strong>regis</strong></span> <span class='ocrx_word' id='word_1_335' title='bbox 723 2061 840 2090; x_wconf 87' lang='lat' dir='ltr'><strong>adventu</strong></span> <span class='ocrx_word' id='word_1_336' title='bbox 861 2064 920 2091; x_wconf 87' lang='lat' dir='ltr'><strong>ﬁeri</strong></span> <span class='ocrx_word' id='word_1_337' title='bbox 937 2072 988 2099; x_wconf 92' lang='lat' dir='ltr'><strong>par</strong></span> 
     </span>
    </p>
   </div>
   <div class='ocr_carea' id='block_1_49' title="bbox 204 2110 257 2133">
    <p class='ocr_par' dir='ltr' id='par_1_49' title="bbox 204 2110 257 2133">
     <span class='ocr_line' id='line_1_49' title="bbox 204 2110 257 2133; baseline -0.019 0"><span class='ocrx_word' id='word_1_338' title='bbox 204 2110 257 2133; x_wconf 68' lang='lat'><strong>€51.</strong></span> 
     </span>
    </p>
   </div>
   <div class='ocr_carea' id='block_1_50' title="bbox 1039 163 1829 200">
    <p class='ocr_par' dir='ltr' id='par_1_50' title="bbox 1039 163 1829 200">
     <span class='ocr_line' id='line_1_50' title="bbox 1039 163 1829 200; baseline -0.005 -8"><span class='ocrx_word' id='word_1_339' title='bbox 1039 165 1146 197; x_wconf 77' lang='grc' dir='ltr'>ὃέντας,</span> <span class='ocrx_word' id='word_1_340' title='bbox 1166 166 1271 200; x_wconf 75' lang='grc' dir='ltr'>καὶτῆς</span> <span class='ocrx_word' id='word_1_341' title='bbox 1285 173 1314 192; x_wconf 89' lang='grc' dir='ltr'><strong>τε</strong></span> <span class='ocrx_word' id='word_1_342' title='bbox 1329 164 1454 200; x_wconf 75' lang='grc' dir='ltr'>προνοίας</span> <span class='ocrx_word' id='word_1_343' title='bbox 1465 164 1513 199; x_wconf 79' lang='grc' dir='ltr'><strong>τῆς</strong></span> <span class='ocrx_word' id='word_1_344' title='bbox 1531 164 1599 198; x_wconf 77' lang='grc' dir='ltr'>ἐμῆς</span> <span class='ocrx_word' id='word_1_345' title='bbox 1613 163 1661 190; x_wconf 75' lang='grc' dir='ltr'>καὶ</span> <span class='ocrx_word' id='word_1_346' title='bbox 1673 163 1727 190; x_wconf 83' lang='grc' dir='ltr'><strong>τῶν</strong></span> <span class='ocrx_word' id='word_1_347' title='bbox 1737 163 1829 189; x_wconf 86' lang='grc' dir='ltr'>τόπων</span> 
     </span>
    </p>
   </div>
   <div class='ocr_carea' id='block_1_51' title="bbox 1039 206 1831 241">
    <p class='ocr_par' dir='ltr' id='par_1_51' title="bbox 1039 206 1831 241">
     <span class='ocr_line' id='line_1_51' title="bbox 1039 206 1831 241; baseline -0.004 -5"><span class='ocrx_word' id='word_1_348' title='bbox 1039 211 1211 241; x_wconf 80' lang='grc' dir='ltr'><strong>ἀποστάντας</strong></span> <span class='ocrx_word' id='word_1_349' title='bbox 1220 209 1273 236; x_wconf 90' lang='grc' dir='ltr'><strong>τῶν</strong></span> <span class='ocrx_word' id='word_1_350' title='bbox 1289 209 1370 241; x_wconf 88' lang='grc' dir='ltr'>ἰδίων,</span> <span class='ocrx_word' id='word_1_351' title='bbox 1385 208 1512 241; x_wconf 72' lang='grc' dir='ltr'>ἐπανάξω</span> <span class='ocrx_word' id='word_1_352' title='bbox 1529 207 1609 234; x_wconf 81' lang='grc' dir='ltr'>πάλιν</span> <span class='ocrx_word' id='word_1_353' title='bbox 1624 208 1663 239; x_wconf 88' lang='grc' dir='ltr'><strong>εἰς</strong></span> <span class='ocrx_word' id='word_1_354' title='bbox 1680 207 1743 238; x_wconf 69' lang='grc' dir='ltr'>τοὺς</span> <span class='ocrx_word' id='word_1_355' title='bbox 1761 206 1831 234; x_wconf 83' lang='grc' dir='ltr'>καθ-</span> 
     </span>
    </p>
   </div>
   <div class='ocr_carea' id='block_1_52' title="bbox 1039 252 1832 290">
    <p class='ocr_par' dir='ltr' id='par_1_52' title="bbox 1039 252 1832 290">
     <span class='ocr_line' id='line_1_52' title="bbox 1039 252 1832 290; baseline -0.003 -10"><span class='ocrx_word' id='word_1_356' title='bbox 1039 255 1155 290; x_wconf 86' lang='grc' dir='ltr'>ήκοντας</span> <span class='ocrx_word' id='word_1_357' title='bbox 1167 255 1267 285; x_wconf 81' lang='grc' dir='ltr'><strong>τόπους</strong></span> <span class='ocrx_word' id='word_1_358' title='bbox 1278 262 1285 269; x_wconf 75' lang='grc' dir='ltr'><strong>ο</strong></span> <span class='ocrx_word' id='word_1_359' title='bbox 1302 253 1349 280; x_wconf 80' lang='grc' dir='ltr'>καὶ</span> <span class='ocrx_word' id='word_1_360' title='bbox 1357 253 1419 284; x_wconf 83' lang='grc' dir='ltr'>τοὺς</span> <span class='ocrx_word' id='word_1_361' title='bbox 1431 254 1480 288; x_wconf 78' lang='grc' dir='ltr'>μὲν</span> <span class='ocrx_word' id='word_1_362' title='bbox 1488 253 1618 288; x_wconf 75' lang='grc' dir='ltr'>πρότερον</span> <span class='ocrx_word' id='word_1_363' title='bbox 1633 252 1832 288; x_wconf 83' lang='grc' dir='ltr'>συντετριμμέ-</span> 
     </span>
    </p>
   </div>
   <div class='ocr_carea' id='block_1_53' title="bbox 1039 297 1831 334">
    <p class='ocr_par' dir='ltr' id='par_1_53' title="bbox 1039 297 1831 334">
     <span class='ocr_line' id='line_1_53' title="bbox 1039 297 1831 334; baseline -0.003 -9"><span class='ocrx_word' id='word_1_364' title='bbox 1039 308 1100 330; x_wconf 88' lang='grc' dir='ltr'>νους</span> <span class='ocrx_word' id='word_1_365' title='bbox 1113 298 1184 326; x_wconf 74' lang='grc' dir='ltr'>οὕτω</span> <span class='ocrx_word' id='word_1_366' title='bbox 1195 300 1226 334; x_wconf 83' lang='grc' dir='ltr'>τῇ</span> <span class='ocrx_word' id='word_1_367' title='bbox 1242 299 1360 334; x_wconf 79' lang='grc' dir='ltr'>ὲμαυτοῦ</span> <span class='ocrx_word' id='word_1_368' title='bbox 1378 298 1532 333; x_wconf 71' lang='grc' dir='ltr'>διαφυλάξω</span> <span class='ocrx_word' id='word_1_369' title='bbox 1543 298 1665 334; x_wconf 76' lang='grc' dir='ltr'>προνοίᾳ.</span> <span class='ocrx_word' id='word_1_370' title='bbox 1677 297 1747 324; x_wconf 84' lang='grc' dir='ltr'>ὥστε</span> <span class='ocrx_word' id='word_1_371' title='bbox 1755 297 1831 324; x_wconf 69' lang='grc' dir='ltr'>ἅπαν</span> 
     </span>
    </p>
   </div>
   <div class='ocr_carea' id='block_1_54' title="bbox 1040 343 1828 379">
    <p class='ocr_par' dir='ltr' id='par_1_54' title="bbox 1040 343 1828 379">
     <span class='ocr_line' id='line_1_54' title="bbox 1040 343 1828 379; baseline -0.003 -9"><span class='ocrx_word' id='word_1_372' title='bbox 1040 344 1070 370; x_wconf 83' lang='grc' dir='ltr'>τὸ</span> <span class='ocrx_word' id='word_1_373' title='bbox 1085 344 1162 378; x_wconf 88' lang='grc' dir='ltr'>γένος</span> <span class='ocrx_word' id='word_1_374' title='bbox 1174 344 1204 370; x_wconf 82' lang='grc' dir='ltr'>τὸ</span> <span class='ocrx_word' id='word_1_375' title='bbox 1218 344 1413 379; x_wconf 80' lang='grc' dir='ltr'>’ῐσραηλιτικὸν</span> <span class='ocrx_word' id='word_1_376' title='bbox 1422 344 1452 376; x_wconf 77' lang='grc' dir='ltr'><strong>ἐξ</strong></span> <span class='ocrx_word' id='word_1_377' title='bbox 1466 344 1556 371; x_wconf 70' lang='grc' dir='ltr'>αὐτῶν</span> <span class='ocrx_word' id='word_1_378' title='bbox 1568 343 1719 378; x_wconf 74' lang='grc' dir='ltr'><strong>αὐξηθῆναι</strong></span> <span class='ocrx_word' id='word_1_379' title='bbox 1730 343 1810 369; x_wconf 81' lang='grc' dir='ltr'>πάλιν</span> <span class='ocrx_word' id='word_1_380' title='bbox 1820 351 1828 357; x_wconf 89' lang='grc'><strong>·</strong></span> 
     </span>
    </p>
   </div>
   <div class='ocr_carea' id='block_1_55' title="bbox 1040 388 1829 424">
    <p class='ocr_par' dir='ltr' id='par_1_55' title="bbox 1040 388 1829 424">
     <span class='ocr_line' id='line_1_55' title="bbox 1040 388 1829 424; baseline -0.003 -9"><span class='ocrx_word' id='word_1_381' title='bbox 1040 389 1119 415; x_wconf 80' lang='grc' dir='ltr'>τοῦτο</span> <span class='ocrx_word' id='word_1_382' title='bbox 1140 388 1194 424; x_wconf 84' lang='grc' dir='ltr'><strong>γὰρ</strong></span> <span class='ocrx_word' id='word_1_383' title='bbox 1220 389 1294 423; x_wconf 82' lang='grc' dir='ltr'><strong>λέγει</strong></span> <span class='ocrx_word' id='word_1_384' title='bbox 1311 398 1320 415; x_wconf 72' lang='grc' dir='ltr'><strong>ε</strong></span> <span class='ocrx_word' id='word_1_385' title='bbox 1345 389 1518 424; x_wconf 66' lang='grc' dir='ltr'>ὑπόλειμμα*</span> <span class='ocrx_word' id='word_1_386' title='bbox 1540 398 1550 414; x_wconf 69' lang='grc' dir='ltr'><strong>ι</strong></span> <span class='ocrx_word' id='word_1_387' title='bbox 1571 388 1773 422; x_wconf 76' lang='grc' dir='ltr'><strong>δυνατωτέρους</strong></span> <span class='ocrx_word' id='word_1_388' title='bbox 1797 395 1829 414; x_wconf 87' lang='grc' dir='ltr'><strong>τε</strong></span> 
     </span>
    </p>
   </div>
   <div class='ocr_carea' id='block_1_56' title="bbox 1042 433 1829 469">
    <p class='ocr_par' dir='ltr' id='par_1_56' title="bbox 1042 433 1829 469">
     <span class='ocr_line' id='line_1_56' title="bbox 1042 433 1829 469; baseline -0.001 -9"><span class='ocrx_word' id='word_1_389' title='bbox 1042 435 1146 462; x_wconf 81' lang='grc' dir='ltr'><strong>πολλῶν</strong></span> <span class='ocrx_word' id='word_1_390' title='bbox 1169 435 1301 469; x_wconf 80' lang='grc' dir='ltr'><strong>ἀποφανῶ</strong></span> <span class='ocrx_word' id='word_1_391' title='bbox 1325 435 1387 466; x_wconf 80' lang='grc' dir='ltr'>τοὺς</span> <span class='ocrx_word' id='word_1_392' title='bbox 1403 434 1436 460; x_wconf 81' lang='grc' dir='ltr'>δι’</span> <span class='ocrx_word' id='word_1_393' title='bbox 1451 434 1591 460; x_wconf 80' lang='grc' dir='ltr'>ἀσθένειαν</span> <span class='ocrx_word' id='word_1_394' title='bbox 1611 433 1658 460; x_wconf 85' lang='grc' dir='ltr'>νῦν</span> <span class='ocrx_word' id='word_1_395' title='bbox 1672 433 1724 459; x_wconf 91' lang='grc' dir='ltr'><strong>τῶν</strong></span> <span class='ocrx_word' id='word_1_396' title='bbox 1737 433 1829 459; x_wconf 81' lang='grc' dir='ltr'>τόπων</span> 
     </span>
    </p>
   </div>
   <div class='ocr_carea' id='block_1_57' title="bbox 1042 477 1828 514">
    <p class='ocr_par' dir='ltr' id='par_1_57' title="bbox 1042 477 1828 514">
     <span class='ocr_line' id='line_1_57' title="bbox 1042 477 1828 514; baseline -0.004 -8"><span class='ocrx_word' id='word_1_397' title='bbox 1042 479 1245 514; x_wconf 74' lang='grc' dir='ltr'>ἁποϐληθέντας</span> <span class='ocrx_word' id='word_1_398' title='bbox 1259 480 1313 507; x_wconf 83' lang='grc' dir='ltr'><strong>τῶν</strong></span> <span class='ocrx_word' id='word_1_399' title='bbox 1323 480 1430 506; x_wconf 79' lang='grc' dir='ltr'><strong>οἰκείων</strong></span> <span class='ocrx_word' id='word_1_400' title='bbox 1439 488 1445 495; x_wconf 84' lang='grc'><strong>-</strong></span> <span class='ocrx_word' id='word_1_401' title='bbox 1462 479 1584 514; x_wconf 88' lang='grc' dir='ltr'>διαμενεῖ</span> <span class='ocrx_word' id='word_1_402' title='bbox 1597 487 1625 505; x_wconf 90' lang='grc' dir='ltr'><strong>τε</strong></span> <span class='ocrx_word' id='word_1_403' title='bbox 1638 478 1704 509; x_wconf 71' lang='grc' dir='ltr'>Θεὸς</span> <span class='ocrx_word' id='word_1_404' title='bbox 1721 479 1768 504; x_wconf 76' lang='grc' dir='ltr'><strong>ἐπὶ</strong></span> <span class='ocrx_word' id='word_1_405' title='bbox 1780 477 1828 504; x_wconf 76' lang='grc' dir='ltr'>τοῦ</span> 
     </span>
    </p>
   </div>
   <div class='ocr_carea' id='block_1_58' title="bbox 1042 523 1830 560">
    <p class='ocr_par' dir='ltr' id='par_1_58' title="bbox 1042 523 1830 560">
     <span class='ocr_line' id='line_1_58' title="bbox 1042 523 1830 560; baseline -0.003 -9"><span class='ocrx_word' id='word_1_406' title='bbox 1042 526 1120 560; x_wconf 78' lang='grc' dir='ltr'>ὖρους</span> <span class='ocrx_word' id='word_1_407' title='bbox 1136 524 1182 551; x_wconf 79' lang='grc' dir='ltr'><strong>τοῦ</strong></span> <span class='ocrx_word' id='word_1_408' title='bbox 1198 524 1277 557; x_wconf 86' lang='grc' dir='ltr'>Σιὼν,</span> <span class='ocrx_word' id='word_1_409' title='bbox 1300 524 1338 560; x_wconf 90' lang='lat' dir='ltr'><strong>(p.</strong></span> <span class='ocrx_word' id='word_1_410' title='bbox 1355 524 1418 559; x_wconf 81' lang='grc'><strong>286)</strong></span> <span class='ocrx_word' id='word_1_411' title='bbox 1443 525 1473 551; x_wconf 77' lang='grc' dir='ltr'>τὸ</span> <span class='ocrx_word' id='word_1_412' title='bbox 1491 525 1590 560; x_wconf 83' lang='grc' dir='ltr'>κράτος</span> <span class='ocrx_word' id='word_1_413' title='bbox 1611 523 1830 558; x_wconf 73' lang='grc' dir='ltr'><strong>ἐπιδεικνύμενος</strong></span> 
     </span>
    </p>
   </div>
   <div class='ocr_carea' id='block_1_59' title="bbox 1042 571 1828 607">
    <p class='ocr_par' dir='ltr' id='par_1_59' title="bbox 1042 571 1828 607">
     <span class='ocr_line' id='line_1_59' title="bbox 1042 571 1828 607; baseline -0.003 -9"><span class='ocrx_word' id='word_1_414' title='bbox 1042 572 1071 598; x_wconf 76' lang='grc' dir='ltr'><strong>τὸ</strong></span> <span class='ocrx_word' id='word_1_415' title='bbox 1088 573 1188 598; x_wconf 82' lang='grc' dir='ltr'>οἰκεῖον</span> <span class='ocrx_word' id='word_1_416' title='bbox 1200 572 1243 598; x_wconf 81' lang='grc' dir='ltr'><strong>διὰ</strong></span> <span class='ocrx_word' id='word_1_417' title='bbox 1250 572 1300 606; x_wconf 83' lang='grc' dir='ltr'>τῆς</span> <span class='ocrx_word' id='word_1_418' title='bbox 1311 572 1375 607; x_wconf 84' lang='grc' dir='ltr'>περὶ</span> <span class='ocrx_word' id='word_1_419' title='bbox 1388 572 1452 603; x_wconf 80' lang='grc' dir='ltr'>τοὺς</span> <span class='ocrx_word' id='word_1_420' title='bbox 1468 571 1639 602; x_wconf 74' lang='grc' dir='ltr'><strong>ἐνοικοῦντας</strong></span> <span class='ocrx_word' id='word_1_421' title='bbox 1652 571 1828 606; x_wconf 75' lang='grc' dir='ltr'><strong>κηδεμονίας,</strong></span> 
     </span>
    </p>
   </div>
   <div class='ocr_carea' id='block_1_60' title="bbox 1042 616 1830 652">
    <p class='ocr_par' dir='ltr' id='par_1_60' title="bbox 1042 616 1830 652">
     <span class='ocr_line' id='line_1_60' title="bbox 1042 616 1830 652; baseline -0.003 -8"><span class='ocrx_word' id='word_1_422' title='bbox 1042 618 1090 652; x_wconf 86' lang='grc' dir='ltr'>τῆς</span> <span class='ocrx_word' id='word_1_423' title='bbox 1097 625 1125 643; x_wconf 89' lang='grc' dir='ltr'><strong>τε</strong></span> <span class='ocrx_word' id='word_1_424' title='bbox 1138 617 1273 652; x_wconf 82' lang='grc' dir='ltr'><strong>τιμωρίας</strong></span> <span class='ocrx_word' id='word_1_425' title='bbox 1288 617 1321 652; x_wconf 81' lang='grc' dir='ltr'>ἣν</span> <span class='ocrx_word' id='word_1_426' title='bbox 1332 617 1445 651; x_wconf 79' lang='grc' dir='ltr'><strong>ἐπάγειν</strong></span> <span class='ocrx_word' id='word_1_427' title='bbox 1456 617 1546 652; x_wconf 83' lang='grc' dir='ltr'>μέλλει</span> <span class='ocrx_word' id='word_1_428' title='bbox 1558 617 1614 648; x_wconf 86' lang='grc' dir='ltr'>τοῖς</span> <span class='ocrx_word' id='word_1_429' title='bbox 1631 616 1757 651; x_wconf 78' lang='grc' dir='ltr'><strong>πολεμεῖν</strong></span> <span class='ocrx_word' id='word_1_430' title='bbox 1771 616 1830 642; x_wconf 82' lang='grc' dir='ltr'>ἑθέ-</span> 
     </span>
    </p>
   </div>
   <div class='ocr_carea' id='block_1_61' title="bbox 1042 661 1829 698">
    <p class='ocr_par' dir='ltr' id='par_1_61' title="bbox 1042 661 1829 698">
     <span class='ocr_line' id='line_1_61' title="bbox 1042 661 1829 698; baseline -0.001 -9"><span class='ocrx_word' id='word_1_431' title='bbox 1042 664 1133 689; x_wconf 82' lang='grc' dir='ltr'>λουσιν</span> <span class='ocrx_word' id='word_1_432' title='bbox 1141 664 1232 695; x_wconf 76' lang='grc' dir='ltr'>αὐτοῖς</span> <span class='ocrx_word' id='word_1_433' title='bbox 1240 671 1247 678; x_wconf 89' lang='grc'><strong>·</strong></span> <span class='ocrx_word' id='word_1_434' title='bbox 1256 663 1286 689; x_wconf 75' lang='grc' dir='ltr'><strong>τὸ</strong></span> <span class='ocrx_word' id='word_1_435' title='bbox 1294 663 1347 698; x_wconf 85' lang='grc' dir='ltr'><strong>γὰρ</strong></span> <span class='ocrx_word' id='word_1_436' title='bbox 1361 672 1370 688; x_wconf 82' lang='grc' dir='ltr'><strong>ι</strong></span> <span class='ocrx_word' id='word_1_437' title='bbox 1381 663 1427 689; x_wconf 81' lang='grc' dir='ltr'>καὶ</span> <span class='ocrx_word' id='word_1_438' title='bbox 1437 663 1489 694; x_wconf 77' lang='grc' dir='ltr'>ἓως</span> <span class='ocrx_word' id='word_1_439' title='bbox 1499 663 1538 694; x_wconf 87' lang='grc' dir='ltr'><strong>εἰς</strong></span> <span class='ocrx_word' id='word_1_440' title='bbox 1544 662 1588 688; x_wconf 81' lang='grc' dir='ltr'>τὸν</span> <span class='ocrx_word' id='word_1_441' title='bbox 1597 662 1709 692; x_wconf 76' lang='grc' dir='ltr'>αἰῶνα.»</span> <span class='ocrx_word' id='word_1_442' title='bbox 1719 661 1829 697; x_wconf 81' lang='grc' dir='ltr'>εῠδηλον</span> 
     </span>
    </p>
   </div>
   <div class='ocr_carea' id='block_1_62' title="bbox 1043 705 1830 743">
    <p class='ocr_par' dir='ltr' id='par_1_62' title="bbox 1043 705 1830 743">
     <span class='ocr_line' id='line_1_62' title="bbox 1043 705 1830 743; baseline -0.004 -9"><span class='ocrx_word' id='word_1_443' title='bbox 1043 708 1083 734; x_wconf 80' lang='grc' dir='ltr'>ὅτι</span> <span class='ocrx_word' id='word_1_444' title='bbox 1097 708 1130 734; x_wconf 82' lang='grc' dir='ltr'>δι’</span> <span class='ocrx_word' id='word_1_445' title='bbox 1145 707 1206 734; x_wconf 83' lang='grc' dir='ltr'>ὅλου</span> <span class='ocrx_word' id='word_1_446' title='bbox 1223 708 1254 734; x_wconf 83' lang='grc' dir='ltr'>τὸ</span> <span class='ocrx_word' id='word_1_447' title='bbox 1267 708 1347 743; x_wconf 81' lang='grc' dir='ltr'>μέχρι</span> <span class='ocrx_word' id='word_1_448' title='bbox 1360 707 1457 734; x_wconf 80' lang='grc' dir='ltr'>πολλοῦ</span> <span class='ocrx_word' id='word_1_449' title='bbox 1470 707 1561 741; x_wconf 79' lang='grc' dir='ltr'>λέγει·</span> <span class='ocrx_word' id='word_1_450' title='bbox 1577 707 1607 732; x_wconf 81' lang='grc' dir='ltr'>οὐ</span> <span class='ocrx_word' id='word_1_451' title='bbox 1619 706 1673 741; x_wconf 81' lang='grc' dir='ltr'><strong>γὰρ</strong></span> <span class='ocrx_word' id='word_1_452' title='bbox 1683 706 1779 742; x_wconf 81' lang='grc' dir='ltr'>ἄδηλον</span> <span class='ocrx_word' id='word_1_453' title='bbox 1791 705 1830 737; x_wconf 80' lang='grc' dir='ltr'>ὡς</span> 
     </span>
    </p>
   </div>
   <div class='ocr_carea' id='block_1_63' title="bbox 1043 750 1830 788">
    <p class='ocr_par' dir='ltr' id='par_1_63' title="bbox 1043 750 1830 788">
     <span class='ocr_line' id='line_1_63' title="bbox 1043 750 1830 788; baseline -0.004 -9"><span class='ocrx_word' id='word_1_454' title='bbox 1043 753 1166 786; x_wconf 76' lang='grc' dir='ltr'>ἐδέξαντο</span> <span class='ocrx_word' id='word_1_455' title='bbox 1184 753 1232 788; x_wconf 82' lang='grc' dir='ltr'><strong>μέν</strong></span> <span class='ocrx_word' id='word_1_456' title='bbox 1243 762 1303 780; x_wconf 88' lang='grc' dir='ltr'>τινα</span> <span class='ocrx_word' id='word_1_457' title='bbox 1321 753 1400 779; x_wconf 84' lang='grc' dir='ltr'>πάλιν</span> <span class='ocrx_word' id='word_1_458' title='bbox 1419 752 1465 778; x_wconf 73' lang='grc' dir='ltr'><strong>ἐπὶ</strong></span> <span class='ocrx_word' id='word_1_459' title='bbox 1477 752 1531 778; x_wconf 88' lang='grc' dir='ltr'><strong>τῶν</strong></span> <span class='ocrx_word' id='word_1_460' title='bbox 1546 750 1733 778; x_wconf 75' lang='grc' dir='ltr'>Μακκαϐαίων</span> <span class='ocrx_word' id='word_1_461' title='bbox 1747 758 1830 784; x_wconf 80' lang='grc' dir='ltr'>μετα-</span> 
     </span>
    </p>
   </div>
   <div class='ocr_carea' id='block_1_64' title="bbox 1041 795 1830 834">
    <p class='ocr_par' dir='ltr' id='par_1_64' title="bbox 1041 795 1830 834">
     <span class='ocr_line' id='line_1_64' title="bbox 1041 795 1830 834; baseline -0.005 -9"><span class='ocrx_word' id='word_1_462' title='bbox 1041 799 1131 834; x_wconf 82' lang='grc' dir='ltr'>ϐολὴν,</span> <span class='ocrx_word' id='word_1_463' title='bbox 1158 799 1288 834; x_wconf 73' lang='grc' dir='ltr'><strong>μεγίστην</strong></span> <span class='ocrx_word' id='word_1_464' title='bbox 1307 799 1335 825; x_wconf 69' lang='grc' dir='ltr'>δὲ</span> <span class='ocrx_word' id='word_1_465' title='bbox 1359 799 1406 824; x_wconf 75' lang='grc' dir='ltr'>καὶ</span> <span class='ocrx_word' id='word_1_466' title='bbox 1427 797 1588 831; x_wconf 75' lang='grc' dir='ltr'><strong>ἀδιόρθωτον</strong></span> <span class='ocrx_word' id='word_1_467' title='bbox 1606 795 1756 827; x_wconf 77' lang='grc' dir='ltr'>παντελῶς,</span> <span class='ocrx_word' id='word_1_468' title='bbox 1785 795 1830 821; x_wconf 79' lang='grc' dir='ltr'><strong>ὅτε</strong></span> 
     </span>
    </p>
   </div>
   <div class='ocr_carea' id='block_1_65' title="bbox 1040 838 1830 878">
    <p class='ocr_par' dir='ltr' id='par_1_65' title="bbox 1040 838 1830 878">
     <span class='ocr_line' id='line_1_65' title="bbox 1040 838 1830 878; baseline -0.006 -8"><span class='ocrx_word' id='word_1_469' title='bbox 1040 843 1111 870; x_wconf 87' lang='grc' dir='ltr'>κατὰ</span> <span class='ocrx_word' id='word_1_470' title='bbox 1125 843 1172 869; x_wconf 85' lang='grc' dir='ltr'>τοῦ</span> <span class='ocrx_word' id='word_1_471' title='bbox 1186 843 1320 869; x_wconf 78' lang='grc' dir='ltr'>Δεσπὸτου</span> <span class='ocrx_word' id='word_1_472' title='bbox 1342 842 1460 878; x_wconf 73' lang='grc' dir='ltr'>Χριστοῦ</span> <span class='ocrx_word' id='word_1_473' title='bbox 1480 840 1687 876; x_wconf 76' lang='grc' dir='ltr'>τετολμηκότες,</span> <span class='ocrx_word' id='word_1_474' title='bbox 1702 839 1752 875; x_wconf 79' lang='grc' dir='ltr'><strong>τὴν</strong></span> <span class='ocrx_word' id='word_1_475' title='bbox 1777 838 1830 865; x_wconf 75' lang='grc' dir='ltr'>ὑπὸ</span> 
     </span>
    </p>
   </div>
   <div class='ocr_carea' id='block_1_66' title="bbox 1046 885 1830 923">
    <p class='ocr_par' dir='ltr' id='par_1_66' title="bbox 1046 885 1830 923">
     <span class='ocr_line' id='line_1_66' title="bbox 1046 885 1830 923; baseline -0.004 -9"><span class='ocrx_word' id='word_1_476' title='bbox 1046 888 1187 923; x_wconf 82' lang='grc' dir='ltr'>Ῥωμαίων</span> <span class='ocrx_word' id='word_1_477' title='bbox 1200 888 1348 923; x_wconf 81' lang='grc' dir='ltr'>ὑπέμειναν</span> <span class='ocrx_word' id='word_1_478' title='bbox 1364 887 1551 922; x_wconf 80' lang='grc' dir='ltr'>αἰχμαλωσίαν</span> <span class='ocrx_word' id='word_1_479' title='bbox 1567 886 1716 917; x_wconf 79' lang='grc' dir='ltr'>παντελῶς,</span> <span class='ocrx_word' id='word_1_480' title='bbox 1736 885 1785 920; x_wconf 81' lang='grc' dir='ltr'>τῆς</span> <span class='ocrx_word' id='word_1_481' title='bbox 1799 893 1830 911; x_wconf 82' lang='grc' dir='ltr'><strong>τε</strong></span> 
     </span>
    </p>
   </div>
   <div class='ocr_carea' id='block_1_67' title="bbox 1039 931 1829 970">
    <p class='ocr_par' dir='ltr' id='par_1_67' title="bbox 1039 931 1829 970">
     <span class='ocr_line' id='line_1_67' title="bbox 1039 931 1829 970; baseline -0.003 -10"><span class='ocrx_word' id='word_1_482' title='bbox 1039 935 1090 970; x_wconf 81' lang='grc' dir='ltr'>γῆς</span> <span class='ocrx_word' id='word_1_483' title='bbox 1099 933 1282 970; x_wconf 79' lang='grc' dir='ltr'>ὲξορισθέντες</span> <span class='ocrx_word' id='word_1_484' title='bbox 1292 934 1341 968; x_wconf 84' lang='grc' dir='ltr'>τῆς</span> <span class='ocrx_word' id='word_1_485' title='bbox 1348 934 1461 965; x_wconf 84' lang='grc' dir='ltr'>οἰκείας,</span> <span class='ocrx_word' id='word_1_486' title='bbox 1475 933 1523 960; x_wconf 80' lang='grc' dir='ltr'>καὶ</span> <span class='ocrx_word' id='word_1_487' title='bbox 1536 934 1564 959; x_wconf 85' lang='grc' dir='ltr'>ὲν</span> <span class='ocrx_word' id='word_1_488' title='bbox 1573 932 1678 968; x_wconf 74' lang='grc' dir='ltr'>δουλείᾳ</span> <span class='ocrx_word' id='word_1_489' title='bbox 1693 931 1829 958; x_wconf 81' lang='grc' dir='ltr'>καθεστῶ-</span> 
     </span>
    </p>
   </div>
   <div class='ocr_carea' id='block_1_68' title="bbox 1039 977 1830 1015">
    <p class='ocr_par' dir='ltr' id='par_1_68' title="bbox 1039 977 1830 1015">
     <span class='ocr_line' id='line_1_68' title="bbox 1039 977 1830 1015; baseline -0.006 -8"><span class='ocrx_word' id='word_1_490' title='bbox 1039 989 1083 1012; x_wconf 85' lang='grc' dir='ltr'><strong>τες</strong></span> <span class='ocrx_word' id='word_1_491' title='bbox 1095 981 1189 1015; x_wconf 78' lang='grc' dir='ltr'>μακρᾷ</span> <span class='ocrx_word' id='word_1_492' title='bbox 1198 988 1205 994; x_wconf 91' lang='grc'><strong>·</strong></span> <span class='ocrx_word' id='word_1_493' title='bbox 1219 979 1298 1014; x_wconf 78' lang='grc' dir='ltr'>μέχρι</span> <span class='ocrx_word' id='word_1_494' title='bbox 1310 979 1338 1006; x_wconf 79' lang='grc' dir='ltr'>δὲ</span> <span class='ocrx_word' id='word_1_495' title='bbox 1346 978 1440 1005; x_wconf 86' lang='grc' dir='ltr'>τούτου</span> <span class='ocrx_word' id='word_1_496' title='bbox 1454 978 1502 1013; x_wconf 86' lang='grc' dir='ltr'>τὴν</span> <span class='ocrx_word' id='word_1_497' title='bbox 1512 978 1566 1004; x_wconf 73' lang='grc' dir='ltr'><strong>ἀπὸ</strong></span> <span class='ocrx_word' id='word_1_498' title='bbox 1583 977 1742 1009; x_wconf 78' lang='grc' dir='ltr'>Βαὸυλῶνος</span> <span class='ocrx_word' id='word_1_499' title='bbox 1751 977 1830 1003; x_wconf 68' lang='grc' dir='ltr'>ἐπάν-</span> 
     </span>
    </p>
   </div>
   <div class='ocr_carea' id='block_1_69' title="bbox 1043 1023 1829 1059">
    <p class='ocr_par' dir='ltr' id='par_1_69' title="bbox 1043 1023 1829 1059">
     <span class='ocr_line' id='line_1_69' title="bbox 1043 1023 1829 1059; baseline -0.005 -7"><span class='ocrx_word' id='word_1_500' title='bbox 1043 1025 1102 1052; x_wconf 85' lang='grc' dir='ltr'>οδον</span> <span class='ocrx_word' id='word_1_501' title='bbox 1126 1025 1199 1059; x_wconf 78' lang='grc' dir='ltr'>λέγει</span> <span class='ocrx_word' id='word_1_502' title='bbox 1215 1024 1261 1051; x_wconf 82' lang='grc' dir='ltr'>τοῦ</span> <span class='ocrx_word' id='word_1_503' title='bbox 1282 1024 1358 1056; x_wconf 75' lang='grc' dir='ltr'>λαοῦ,</span> <span class='ocrx_word' id='word_1_504' title='bbox 1371 1024 1405 1050; x_wconf 85' lang='grc' dir='ltr'>τά</span> <span class='ocrx_word' id='word_1_505' title='bbox 1419 1032 1449 1050; x_wconf 88' lang='grc' dir='ltr'><strong>τε</strong></span> <span class='ocrx_word' id='word_1_506' title='bbox 1475 1023 1534 1050; x_wconf 80' lang='grc' dir='ltr'>κατ’</span> <span class='ocrx_word' id='word_1_507' title='bbox 1553 1024 1655 1049; x_wconf 81' lang='grc' dir='ltr'>ἐκεῖνον</span> <span class='ocrx_word' id='word_1_508' title='bbox 1669 1023 1715 1049; x_wconf 76' lang='grc' dir='ltr'>τὸν</span> <span class='ocrx_word' id='word_1_509' title='bbox 1732 1023 1829 1058; x_wconf 80' lang='grc' dir='ltr'>καιρὸν</span> 
     </span>
    </p>
   </div>
   <div class='ocr_carea' id='block_1_70' title="bbox 1040 1068 1830 1106">
    <p class='ocr_par' dir='ltr' id='par_1_70' title="bbox 1040 1068 1830 1106">
     <span class='ocr_line' id='line_1_70' title="bbox 1040 1068 1830 1106; baseline -0.005 -8"><span class='ocrx_word' id='word_1_510' title='bbox 1040 1072 1130 1103; x_wconf 73' lang='grc' dir='ltr'>αὐτοῖς</span> <span class='ocrx_word' id='word_1_511' title='bbox 1142 1071 1330 1106; x_wconf 82' lang='grc' dir='ltr'>προσεσόμενα</span> <span class='ocrx_word' id='word_1_512' title='bbox 1342 1070 1444 1104; x_wconf 79' lang='grc' dir='ltr'>ἀγαθά.</span> <span class='ocrx_word' id='word_1_513' title='bbox 1473 1069 1612 1096; x_wconf 80' lang='grc' dir='ltr'>Ἐντεῦθεν</span> <span class='ocrx_word' id='word_1_514' title='bbox 1632 1069 1660 1095; x_wconf 77' lang='grc' dir='ltr'>δὲ</span> <span class='ocrx_word' id='word_1_515' title='bbox 1683 1069 1762 1095; x_wconf 81' lang='grc' dir='ltr'>πάλιν</span> <span class='ocrx_word' id='word_1_516' title='bbox 1775 1068 1830 1094; x_wconf 86' lang='grc' dir='ltr'><strong>τῶν</strong></span> 
     </span>
    </p>
   </div>
   <div class='ocr_carea' id='block_1_71' title="bbox 1040 1114 1830 1152">
    <p class='ocr_par' dir='ltr' id='par_1_71' title="bbox 1040 1114 1830 1152">
     <span class='ocr_line' id='line_1_71' title="bbox 1040 1114 1830 1152; baseline -0.005 -9"><span class='ocrx_word' id='word_1_517' title='bbox 1040 1116 1169 1152; x_wconf 79' lang='grc' dir='ltr'>λυπηρῶν</span> <span class='ocrx_word' id='word_1_518' title='bbox 1193 1117 1309 1142; x_wconf 83' lang='grc' dir='ltr'>ποιεῖται</span> <span class='ocrx_word' id='word_1_519' title='bbox 1336 1115 1384 1151; x_wconf 87' lang='grc' dir='ltr'>τὴν</span> <span class='ocrx_word' id='word_1_520' title='bbox 1405 1115 1533 1150; x_wconf 85' lang='grc' dir='ltr'>μνήμην,</span> <span class='ocrx_word' id='word_1_521' title='bbox 1551 1115 1600 1146; x_wconf 78' lang='grc' dir='ltr'><strong>τὰς</strong></span> <span class='ocrx_word' id='word_1_522' title='bbox 1616 1114 1830 1148; x_wconf 75' lang='grc' dir='ltr'>ἐπελευσομένοις</span> 
     </span>
    </p>
   </div>
   <div class='ocr_carea' id='block_1_72' title="bbox 1040 1159 1830 1196">
    <p class='ocr_par' dir='ltr' id='par_1_72' title="bbox 1040 1159 1830 1196">
     <span class='ocr_line' id='line_1_72' title="bbox 1040 1159 1830 1196; baseline -0.005 -8"><span class='ocrx_word' id='word_1_523' title='bbox 1040 1163 1132 1193; x_wconf 67' lang='grc' dir='ltr'>αὐτοῖς</span> <span class='ocrx_word' id='word_1_524' title='bbox 1154 1161 1295 1196; x_wconf 72' lang='grc' dir='ltr'>συμφορὰς</span> <span class='ocrx_word' id='word_1_525' title='bbox 1322 1160 1517 1196; x_wconf 67' lang='grc' dir='ltr'>διηγούμενος*</span> <span class='ocrx_word' id='word_1_526' title='bbox 1549 1159 1609 1186; x_wconf 78' lang='grc' dir='ltr'>ὃθεν</span> <span class='ocrx_word' id='word_1_527' title='bbox 1635 1159 1668 1194; x_wconf 80' lang='grc' dir='ltr'>δὴ</span> <span class='ocrx_word' id='word_1_528' title='bbox 1687 1159 1754 1194; x_wconf 80' lang='grc' dir='ltr'>πρὸς</span> <span class='ocrx_word' id='word_1_529' title='bbox 1780 1159 1830 1194; x_wconf 77' lang='grc' dir='ltr'>τὴν</span> 
     </span>
    </p>
   </div>
   <div class='ocr_carea' id='block_1_73' title="bbox 1044 1204 1828 1242">
    <p class='ocr_par' dir='ltr' id='par_1_73' title="bbox 1044 1204 1828 1242">
     <span class='ocr_line' id='line_1_73' title="bbox 1044 1204 1828 1242; baseline -0.011 -5"><span class='ocrx_word' id='word_1_530' title='bbox 1044 1207 1221 1242; x_wconf 75' lang='grc' dir='ltr'>Ἰερουσαλὴμ</span> <span class='ocrx_word' id='word_1_531' title='bbox 1234 1206 1316 1241; x_wconf 74' lang='grc' dir='ltr'>αὐτὴν</span> <span class='ocrx_word' id='word_1_532' title='bbox 1325 1206 1506 1241; x_wconf 76' lang='grc' dir='ltr'>ἀποστρέφων</span> <span class='ocrx_word' id='word_1_533' title='bbox 1517 1205 1655 1238; x_wconf 83' lang='grc' dir='ltr'>τδνλὸγον,</span> <span class='ocrx_word' id='word_1_534' title='bbox 1666 1204 1736 1230; x_wconf 78' lang='grc' dir='ltr'>οὕτω</span> <span class='ocrx_word' id='word_1_535' title='bbox 1746 1204 1811 1238; x_wconf 67' lang='grc' dir='ltr'><strong>φησί</strong></span> <span class='ocrx_word' id='word_1_536' title='bbox 1822 1212 1828 1218; x_wconf 94' lang='grc'><strong>·</strong></span> 
     </span>
    </p>
   </div>
   <div class='ocr_carea' id='block_1_74' title="bbox 1043 1248 1827 1286">
    <p class='ocr_par' dir='ltr' id='par_1_74' title="bbox 1043 1248 1827 1286">
     <span class='ocr_line' id='line_1_74' title="bbox 1043 1248 1827 1286; baseline -0.001 -10"><span class='ocrx_word' id='word_1_537' title='bbox 1043 1260 1051 1276; x_wconf 85' lang='grc' dir='ltr'><strong>ι</strong></span> <span class='ocrx_word' id='word_1_538' title='bbox 1072 1252 1127 1278; x_wconf 75' lang='grc' dir='ltr'><strong>Καὶ</strong></span> <span class='ocrx_word' id='word_1_539' title='bbox 1136 1252 1168 1277; x_wconf 82' lang='grc' dir='ltr'>σὺ</span> <span class='ocrx_word' id='word_1_540' title='bbox 1180 1251 1282 1286; x_wconf 80' lang='grc' dir='ltr'>πύργος</span> <span class='ocrx_word' id='word_1_541' title='bbox 1296 1250 1431 1286; x_wconf 83' lang='grc' dir='ltr'>ποιμνίου,</span> <span class='ocrx_word' id='word_1_542' title='bbox 1445 1249 1590 1285; x_wconf 73' lang='grc' dir='ltr'><strong>αὐχμώδης</strong></span> <span class='ocrx_word' id='word_1_543' title='bbox 1600 1249 1720 1285; x_wconf 77' lang='grc' dir='ltr'>Θυγάτηρ</span> <span class='ocrx_word' id='word_1_544' title='bbox 1732 1248 1827 1276; x_wconf 76' lang='grc' dir='ltr'><strong>Σιών.»</strong></span> 
     </span>
    </p>
   </div>
   <div class='ocr_carea' id='block_1_75' title="bbox 1041 1294 1828 1332">
    <p class='ocr_par' dir='ltr' id='par_1_75' title="bbox 1041 1294 1828 1332">
     <span class='ocr_line' id='line_1_75' title="bbox 1041 1294 1828 1332; baseline -0.004 -9"><span class='ocrx_word' id='word_1_545' title='bbox 1041 1297 1102 1323; x_wconf 87' lang='grc' dir='ltr'>Ὅτι</span> <span class='ocrx_word' id='word_1_546' title='bbox 1117 1297 1239 1332; x_wconf 79' lang='grc' dir='ltr'>θυγάτηρ</span> <span class='ocrx_word' id='word_1_547' title='bbox 1255 1296 1322 1322; x_wconf 86' lang='grc' dir='ltr'>Σιὼν</span> <span class='ocrx_word' id='word_1_548' title='bbox 1331 1297 1380 1331; x_wconf 81' lang='grc' dir='ltr'>τὴν</span> <span class='ocrx_word' id='word_1_549' title='bbox 1401 1295 1574 1331; x_wconf 77' lang='grc' dir='ltr'>Ἰερουσαλὴμ</span> <span class='ocrx_word' id='word_1_550' title='bbox 1585 1294 1724 1330; x_wconf 81' lang='grc' dir='ltr'>ὀνομάζει,</span> <span class='ocrx_word' id='word_1_551' title='bbox 1740 1295 1828 1329; x_wconf 79' lang='grc' dir='ltr'>δῆλον,</span> 
     </span>
    </p>
   </div>
   <div class='ocr_carea' id='block_1_76' title="bbox 1040 1338 1830 1376">
    <p class='ocr_par' dir='ltr' id='par_1_76' title="bbox 1040 1338 1830 1376">
     <span class='ocr_line' id='line_1_76' title="bbox 1040 1338 1830 1376; baseline -0.003 -10"><span class='ocrx_word' id='word_1_552' title='bbox 1040 1343 1161 1376; x_wconf 84' lang='grc' dir='ltr'>συνεχῶς</span> <span class='ocrx_word' id='word_1_553' title='bbox 1181 1341 1227 1367; x_wconf 85' lang='grc' dir='ltr'>καὶ</span> <span class='ocrx_word' id='word_1_554' title='bbox 1241 1340 1296 1366; x_wconf 87' lang='grc' dir='ltr'><strong>τῶν</strong></span> <span class='ocrx_word' id='word_1_555' title='bbox 1307 1340 1454 1376; x_wconf 78' lang='grc' dir='ltr'>προφητῶν</span> <span class='ocrx_word' id='word_1_556' title='bbox 1471 1340 1517 1367; x_wconf 74' lang='grc' dir='ltr'>καὶ</span> <span class='ocrx_word' id='word_1_557' title='bbox 1533 1338 1580 1365; x_wconf 79' lang='grc' dir='ltr'>τοῦ</span> <span class='ocrx_word' id='word_1_558' title='bbox 1603 1339 1735 1374; x_wconf 81' lang='grc' dir='ltr'>μακαρίου</span> <span class='ocrx_word' id='word_1_559' title='bbox 1749 1338 1830 1365; x_wconf 80' lang='grc' dir='ltr'>Δαυϊδ</span> 
     </span>
    </p>
   </div>
   <div class='ocr_carea' id='block_1_77' title="bbox 1039 1383 1830 1420">
    <p class='ocr_par' dir='ltr' id='par_1_77' title="bbox 1039 1383 1830 1420">
     <span class='ocr_line' id='line_1_77' title="bbox 1039 1383 1830 1420; baseline -0.001 -9"><span class='ocrx_word' id='word_1_560' title='bbox 1039 1385 1125 1417; x_wconf 74' lang='grc' dir='ltr'>οὕτως</span> <span class='ocrx_word' id='word_1_561' title='bbox 1137 1386 1220 1420; x_wconf 75' lang='grc' dir='ltr'>αὐτὴν</span> <span class='ocrx_word' id='word_1_562' title='bbox 1237 1384 1383 1416; x_wconf 78' lang='grc' dir='ltr'>καλοῦντος</span> <span class='ocrx_word' id='word_1_563' title='bbox 1393 1393 1399 1400; x_wconf 91' lang='grc'><strong>·</strong></span> <span class='ocrx_word' id='word_1_564' title='bbox 1412 1385 1449 1416; x_wconf 86' lang='grc' dir='ltr'>ὡς</span> <span class='ocrx_word' id='word_1_565' title='bbox 1461 1384 1499 1411; x_wconf 73' lang='grc' dir='ltr'><strong>ὅτ’</strong></span> <span class='ocrx_word' id='word_1_566' title='bbox 1514 1384 1547 1411; x_wconf 80' lang='grc' dir='ltr'>ἂν</span> <span class='ocrx_word' id='word_1_567' title='bbox 1561 1384 1626 1419; x_wconf 83' lang='grc' dir='ltr'><strong>λέγῃ</strong></span> <span class='ocrx_word' id='word_1_568' title='bbox 1638 1393 1645 1400; x_wconf 92' lang='grc'>·</span> <span class='ocrx_word' id='word_1_569' title='bbox 1660 1393 1669 1409; x_wconf 75' lang='grc' dir='ltr'><strong>ι</strong></span> <span class='ocrx_word' id='word_1_570' title='bbox 1688 1384 1781 1418; x_wconf 79' lang='grc' dir='ltr'>Ὅπως</span> <span class='ocrx_word' id='word_1_571' title='bbox 1796 1383 1830 1410; x_wconf 83' lang='grc' dir='ltr'>ἂν</span> 
     </span>
    </p>
   </div>
   <div class='ocr_carea' id='block_1_78' title="bbox 1041 1428 1830 1464">
    <p class='ocr_par' dir='ltr' id='par_1_78' title="bbox 1041 1428 1830 1464">
     <span class='ocr_line' id='line_1_78' title="bbox 1041 1428 1830 1464; baseline -0.003 -8"><span class='ocrx_word' id='word_1_572' title='bbox 1041 1430 1190 1464; x_wconf 76' lang='grc' dir='ltr'>ἑξαγγείλω</span> <span class='ocrx_word' id='word_1_573' title='bbox 1217 1430 1307 1461; x_wconf 76' lang='grc' dir='ltr'>πάσας</span> <span class='ocrx_word' id='word_1_574' title='bbox 1330 1430 1380 1461; x_wconf 80' lang='grc' dir='ltr'>τὰς</span> <span class='ocrx_word' id='word_1_575' title='bbox 1408 1429 1523 1460; x_wconf 86' lang='grc' dir='ltr'>αἰνέσεις</span> <span class='ocrx_word' id='word_1_576' title='bbox 1544 1438 1602 1460; x_wconf 87' lang='grc' dir='ltr'>σου,</span> <span class='ocrx_word' id='word_1_577' title='bbox 1621 1429 1648 1455; x_wconf 79' lang='grc' dir='ltr'>ὲν</span> <span class='ocrx_word' id='word_1_578' title='bbox 1658 1430 1717 1460; x_wconf 83' lang='grc' dir='ltr'>ταῖς</span> <span class='ocrx_word' id='word_1_579' title='bbox 1732 1428 1830 1458; x_wconf 66' lang='grc' dir='ltr'>πύλαυτ</span> 
     </span>
    </p>
   </div>
   <div class='ocr_carea' id='block_1_79' title="bbox 1040 1472 1830 1511">
    <p class='ocr_par' dir='ltr' id='par_1_79' title="bbox 1040 1472 1830 1511">
     <span class='ocr_line' id='line_1_79' title="bbox 1040 1472 1830 1511; baseline -0.001 -10"><span class='ocrx_word' id='word_1_580' title='bbox 1040 1476 1088 1511; x_wconf 78' lang='grc' dir='ltr'>τῆς</span> <span class='ocrx_word' id='word_1_581' title='bbox 1099 1475 1231 1510; x_wconf 70' lang='grc' dir='ltr'>θυγατρὸς</span> <span class='ocrx_word' id='word_1_582' title='bbox 1244 1475 1312 1501; x_wconf 85' lang='grc' dir='ltr'>Σιών</span> <span class='ocrx_word' id='word_1_583' title='bbox 1321 1483 1327 1489; x_wconf 89' lang='grc'>·</span> <span class='ocrx_word' id='word_1_584' title='bbox 1335 1485 1344 1500; x_wconf 70' lang='grc' dir='ltr'><strong>ι</strong></span> <span class='ocrx_word' id='word_1_585' title='bbox 1361 1475 1397 1506; x_wconf 83' lang='grc' dir='ltr'>ὼς</span> <span class='ocrx_word' id='word_1_586' title='bbox 1406 1475 1587 1510; x_wconf 74' lang='grc' dir='ltr'>ἀναμφίϐολον</span> <span class='ocrx_word' id='word_1_587' title='bbox 1598 1472 1666 1500; x_wconf 76' lang='grc' dir='ltr'>εἶναι</span> <span class='ocrx_word' id='word_1_588' title='bbox 1678 1474 1707 1500; x_wconf 88' lang='grc' dir='ltr'><strong>τὺ</strong></span> <span class='ocrx_word' id='word_1_589' title='bbox 1717 1475 1753 1509; x_wconf 82' lang='grc' dir='ltr'>μὴ</span> <span class='ocrx_word' id='word_1_590' title='bbox 1762 1473 1830 1509; x_wconf 75' lang='grc' dir='ltr'>πρὸς</span> 
     </span>
    </p>
   </div>
   <div class='ocr_carea' id='block_1_80' title="bbox 1040 1518 1829 1554">
    <p class='ocr_par' dir='ltr' id='par_1_80' title="bbox 1040 1518 1829 1554">
     <span class='ocr_line' id='line_1_80' title="bbox 1040 1518 1829 1554; baseline -0.004 -7"><span class='ocrx_word' id='word_1_591' title='bbox 1040 1521 1176 1551; x_wconf 80' lang='grc' dir='ltr'>Σεδεκίαν,</span> <span class='ocrx_word' id='word_1_592' title='bbox 1188 1521 1202 1546; x_wconf 82' lang='grc' dir='ltr'>ὅ</span> <span class='ocrx_word' id='word_1_593' title='bbox 1212 1529 1283 1551; x_wconf 85' lang='grc' dir='ltr'>τινες</span> <span class='ocrx_word' id='word_1_594' title='bbox 1295 1520 1345 1546; x_wconf 80' lang='grc' dir='ltr'>οὐκ</span> <span class='ocrx_word' id='word_1_595' title='bbox 1356 1518 1403 1546; x_wconf 78' lang='grc' dir='ltr'>οἷδ’</span> <span class='ocrx_word' id='word_1_596' title='bbox 1416 1521 1489 1551; x_wconf 81' lang='grc' dir='ltr'>ὅπως</span> <span class='ocrx_word' id='word_1_597' title='bbox 1503 1519 1640 1554; x_wconf 65' lang='grc' dir='ltr'>ᾠήθησαν,</span> <span class='ocrx_word' id='word_1_598' title='bbox 1655 1519 1722 1554; x_wconf 72' lang='grc' dir='ltr'>πρὸς</span> <span class='ocrx_word' id='word_1_599' title='bbox 1737 1519 1766 1545; x_wconf 78' lang='grc' dir='ltr'>δὲ</span> <span class='ocrx_word' id='word_1_600' title='bbox 1780 1519 1829 1553; x_wconf 75' lang='grc' dir='ltr'>τὴν</span> 
     </span>
    </p>
   </div>
   <div class='ocr_carea' id='block_1_81' title="bbox 1045 1563 1828 1600">
    <p class='ocr_par' dir='ltr' id='par_1_81' title="bbox 1045 1563 1828 1600">
     <span class='ocr_line' id='line_1_81' title="bbox 1045 1563 1828 1600; baseline -0.001 -9"><span class='ocrx_word' id='word_1_601' title='bbox 1045 1565 1224 1600; x_wconf 72' lang='grc' dir='ltr'>Ἰερουσαλὴμ</span> <span class='ocrx_word' id='word_1_602' title='bbox 1241 1564 1446 1599; x_wconf 76' lang='grc' dir='ltr'>ἀποστρέφοντα</span> <span class='ocrx_word' id='word_1_603' title='bbox 1474 1564 1607 1590; x_wconf 74' lang='grc' dir='ltr'>ποιεῖσθαι</span> <span class='ocrx_word' id='word_1_604' title='bbox 1623 1564 1668 1590; x_wconf 79' lang='grc' dir='ltr'>τὸν</span> <span class='ocrx_word' id='word_1_605' title='bbox 1691 1563 1769 1597; x_wconf 80' lang='grc' dir='ltr'>λόγον</span> <span class='ocrx_word' id='word_1_606' title='bbox 1786 1563 1828 1590; x_wconf 80' lang='grc' dir='ltr'><strong>ἐν·</strong></span> 
     </span>
    </p>
   </div>
   <div class='ocr_carea' id='block_1_82' title="bbox 1040 1608 1828 1645">
    <p class='ocr_par' dir='ltr' id='par_1_82' title="bbox 1040 1608 1828 1645">
     <span class='ocr_line' id='line_1_82' title="bbox 1040 1608 1828 1645; baseline -0.005 -7"><span class='ocrx_word' id='word_1_607' title='bbox 1040 1611 1102 1638; x_wconf 74' lang='grc' dir='ltr'><strong>θὰδε</strong></span> <span class='ocrx_word' id='word_1_608' title='bbox 1114 1611 1160 1637; x_wconf 74' lang='grc' dir='ltr'>τὸν</span> <span class='ocrx_word' id='word_1_609' title='bbox 1175 1611 1317 1645; x_wconf 79' lang='grc' dir='ltr'>προφήτην</span> <span class='ocrx_word' id='word_1_610' title='bbox 1330 1618 1336 1624; x_wconf 93' lang='grc'><strong>·</strong></span> <span class='ocrx_word' id='word_1_611' title='bbox 1355 1612 1391 1644; x_wconf 85' lang='lat' dir='ltr'><strong>(p.</strong></span> <span class='ocrx_word' id='word_1_612' title='bbox 1406 1609 1470 1643; x_wconf 64' lang='lat'><strong>287)</strong></span> <span class='ocrx_word' id='word_1_613' title='bbox 1487 1609 1519 1643; x_wconf 76' lang='grc' dir='ltr'>ἦν</span> <span class='ocrx_word' id='word_1_614' title='bbox 1535 1609 1671 1644; x_wconf 81' lang='grc' dir='ltr'>θυγατέρα</span> <span class='ocrx_word' id='word_1_615' title='bbox 1682 1608 1750 1635; x_wconf 87' lang='grc' dir='ltr'>Σιὼν</span> <span class='ocrx_word' id='word_1_616' title='bbox 1758 1609 1828 1635; x_wconf 78' lang='grc' dir='ltr'>κατὰ</span> 
     </span>
    </p>
   </div>
   <div class='ocr_carea' id='block_1_83' title="bbox 1039 1654 1827 1690">
    <p class='ocr_par' dir='ltr' id='par_1_83' title="bbox 1039 1654 1827 1690">
     <span class='ocr_line' id='line_1_83' title="bbox 1039 1654 1827 1690; baseline -0.001 -8"><span class='ocrx_word' id='word_1_617' title='bbox 1039 1657 1069 1682; x_wconf 77' lang='grc' dir='ltr'>τὸ</span> <span class='ocrx_word' id='word_1_618' title='bbox 1095 1655 1190 1687; x_wconf 66' lang='grc' dir='ltr'>εἰωθὸς</span> <span class='ocrx_word' id='word_1_619' title='bbox 1217 1654 1367 1690; x_wconf 84' lang='grc' dir='ltr'>προειπὼν,</span> <span class='ocrx_word' id='word_1_620' title='bbox 1385 1655 1495 1686; x_wconf 82' lang='grc' dir='ltr'>εἰκότως</span> <span class='ocrx_word' id='word_1_621' title='bbox 1517 1654 1621 1690; x_wconf 79' lang='grc' dir='ltr'>πύργον</span> <span class='ocrx_word' id='word_1_622' title='bbox 1637 1655 1766 1689; x_wconf 81' lang='grc' dir='ltr'>ὀνομάζει</span> <span class='ocrx_word' id='word_1_623' title='bbox 1779 1655 1827 1681; x_wconf 83' lang='grc' dir='ltr'>τοῦ</span> 
     </span>
    </p>
   </div>
   <div class='ocr_carea' id='block_1_84' title="bbox 1039 1699 1828 1736">
    <p class='ocr_par' dir='ltr' id='par_1_84' title="bbox 1039 1699 1828 1736">
     <span class='ocr_line' id='line_1_84' title="bbox 1039 1699 1828 1736; baseline -0.001 -8"><span class='ocrx_word' id='word_1_624' title='bbox 1039 1701 1180 1736; x_wconf 83' lang='grc' dir='ltr'>ποιμνίου·</span> <span class='ocrx_word' id='word_1_625' title='bbox 1204 1701 1251 1727; x_wconf 77' lang='grc' dir='ltr'><strong>ἃτε</strong></span> <span class='ocrx_word' id='word_1_626' title='bbox 1285 1701 1392 1727; x_wconf 82' lang='grc' dir='ltr'>πάντων</span> <span class='ocrx_word' id='word_1_627' title='bbox 1413 1699 1466 1726; x_wconf 80' lang='grc' dir='ltr'><strong>τῶν</strong></span> <span class='ocrx_word' id='word_1_628' title='bbox 1485 1699 1659 1735; x_wconf 79' lang='grc' dir='ltr'>Ἰσραηλιτῶν</span> <span class='ocrx_word' id='word_1_629' title='bbox 1683 1700 1828 1734; x_wconf 76' lang='grc' dir='ltr'>ἐξέχουσαν</span> 
     </span>
    </p>
   </div>
   <div class='ocr_carea' id='block_1_85' title="bbox 1039 1746 1828 1781">
    <p class='ocr_par' dir='ltr' id='par_1_85' title="bbox 1039 1746 1828 1781">
     <span class='ocr_line' id='line_1_85' title="bbox 1039 1746 1828 1781; baseline -0.003 -7"><span class='ocrx_word' id='word_1_630' title='bbox 1039 1748 1086 1774; x_wconf 76' lang='grc' dir='ltr'>καὶ</span> <span class='ocrx_word' id='word_1_631' title='bbox 1114 1748 1221 1774; x_wconf 76' lang='grc' dir='ltr'>πάντων</span> <span class='ocrx_word' id='word_1_632' title='bbox 1247 1746 1290 1773; x_wconf 72' lang='grc' dir='ltr'><strong>ἐπ’</strong></span> <span class='ocrx_word' id='word_1_633' title='bbox 1318 1746 1402 1780; x_wconf 83' lang='grc' dir='ltr'>αὐτὴν</span> <span class='ocrx_word' id='word_1_634' title='bbox 1431 1746 1662 1781; x_wconf 80' lang='grc' dir='ltr'>κατατρεχόντων,</span> <span class='ocrx_word' id='word_1_635' title='bbox 1680 1746 1723 1772; x_wconf 80' lang='grc' dir='ltr'>διά</span> <span class='ocrx_word' id='word_1_636' title='bbox 1738 1755 1768 1772; x_wconf 87' lang='grc' dir='ltr'><strong>τε</strong></span> <span class='ocrx_word' id='word_1_637' title='bbox 1778 1746 1828 1781; x_wconf 79' lang='grc' dir='ltr'>τὴν</span> 
     </span>
    </p>
   </div>
   <div class='ocr_carea' id='block_1_86' title="bbox 1039 1790 1827 1827">
    <p class='ocr_par' dir='ltr' id='par_1_86' title="bbox 1039 1790 1827 1827">
     <span class='ocr_line' id='line_1_86' title="bbox 1039 1790 1827 1827; baseline -0.003 -8"><span class='ocrx_word' id='word_1_638' title='bbox 1039 1792 1236 1827; x_wconf 81' lang='grc' dir='ltr'>ὲκτελουμένην</span> <span class='ocrx_word' id='word_1_639' title='bbox 1262 1791 1357 1818; x_wconf 74' lang='grc' dir='ltr'>αὐτόθι</span> <span class='ocrx_word' id='word_1_640' title='bbox 1391 1791 1429 1825; x_wconf 82' lang='grc' dir='ltr'>τῷ</span> <span class='ocrx_word' id='word_1_641' title='bbox 1455 1790 1513 1825; x_wconf 74' lang='grc' dir='ltr'><strong>Θεῷ</strong></span> <span class='ocrx_word' id='word_1_642' title='bbox 1535 1791 1692 1825; x_wconf 82' lang='grc' dir='ltr'>θεραπείαν,</span> <span class='ocrx_word' id='word_1_643' title='bbox 1713 1791 1759 1817; x_wconf 76' lang='grc' dir='ltr'>καὶ</span> <span class='ocrx_word' id='word_1_644' title='bbox 1778 1791 1827 1826; x_wconf 83' lang='grc' dir='ltr'>τὴν</span> 
     </span>
    </p>
   </div>
   <div class='ocr_carea' id='block_1_87' title="bbox 1039 1834 1827 1873">
    <p class='ocr_par' dir='ltr' id='par_1_87' title="bbox 1039 1834 1827 1873">
     <span class='ocr_line' id='line_1_87' title="bbox 1039 1834 1827 1873; baseline -0.001 -9"><span class='ocrx_word' id='word_1_645' title='bbox 1039 1838 1165 1873; x_wconf 84' lang='grc' dir='ltr'>βοήθειαν</span> <span class='ocrx_word' id='word_1_646' title='bbox 1175 1834 1208 1872; x_wconf 85' lang='grc' dir='ltr'>ἧς</span> <span class='ocrx_word' id='word_1_647' title='bbox 1218 1836 1331 1871; x_wconf 68' lang='grc' dir='ltr'>ἤλπιζον</span> <span class='ocrx_word' id='word_1_648' title='bbox 1343 1835 1448 1863; x_wconf 77' lang='grc' dir='ltr'>ἐκεῖθεν</span> <span class='ocrx_word' id='word_1_649' title='bbox 1475 1837 1629 1870; x_wconf 73' lang='grc' dir='ltr'>τυγχάνειν,</span> <span class='ocrx_word' id='word_1_650' title='bbox 1645 1836 1682 1867; x_wconf 85' lang='grc' dir='ltr'>ὡς</span> <span class='ocrx_word' id='word_1_651' title='bbox 1701 1837 1757 1862; x_wconf 78' lang='grc' dir='ltr'>ἐκεῖ</span> <span class='ocrx_word' id='word_1_652' title='bbox 1771 1836 1827 1863; x_wconf 78' lang='grc' dir='ltr'>διὰ·</span> 
     </span>
    </p>
   </div>
   <div class='ocr_carea' id='block_1_88' title="bbox 1038 1881 1826 1917">
    <p class='ocr_par' dir='ltr' id='par_1_88' title="bbox 1038 1881 1826 1917">
     <span class='ocr_line' id='line_1_88' title="bbox 1038 1881 1826 1917; baseline 0.003 -9"><span class='ocrx_word' id='word_1_653' title='bbox 1038 1891 1096 1917; x_wconf 88' lang='grc' dir='ltr'>γειν</span> <span class='ocrx_word' id='word_1_654' title='bbox 1106 1882 1308 1917; x_wconf 82' lang='grc' dir='ltr'>ὑπειλημμένου</span> <span class='ocrx_word' id='word_1_655' title='bbox 1320 1882 1366 1908; x_wconf 79' lang='grc' dir='ltr'>τοῦ</span> <span class='ocrx_word' id='word_1_656' title='bbox 1381 1882 1447 1908; x_wconf 81' lang='grc' dir='ltr'>Θεοῦ</span> <span class='ocrx_word' id='word_1_657' title='bbox 1458 1891 1464 1898; x_wconf 90' lang='grc'>·</span> <span class='ocrx_word' id='word_1_658' title='bbox 1481 1881 1610 1917; x_wconf 78' lang='grc' dir='ltr'>αὑχμώδη</span> <span class='ocrx_word' id='word_1_659' title='bbox 1624 1882 1652 1908; x_wconf 74' lang='grc' dir='ltr'>δὲ</span> <span class='ocrx_word' id='word_1_660' title='bbox 1666 1883 1750 1917; x_wconf 74' lang='grc' dir='ltr'>αὐτὴν</span> <span class='ocrx_word' id='word_1_661' title='bbox 1758 1883 1826 1910; x_wconf 72' lang='grc' dir='ltr'>ὀνει-</span> 
     </span>
    </p>
   </div>
   <div class='ocr_carea' id='block_1_89' title="bbox 1038 1920 1826 1964">
    <p class='ocr_par' dir='ltr' id='par_1_89' title="bbox 1038 1920 1826 1964">
     <span class='ocr_line' id='line_1_89' title="bbox 1038 1920 1826 1964; baseline 0.001 -10"><span class='ocrx_word' id='word_1_662' title='bbox 1038 1929 1117 1960; x_wconf 81' lang='grc' dir='ltr'>δίζων</span> <span class='ocrx_word' id='word_1_663' title='bbox 1133 1928 1224 1963; x_wconf 80' lang='grc' dir='ltr'>φησὶν,</span> <span class='ocrx_word' id='word_1_664' title='bbox 1235 1928 1272 1958; x_wconf 80' lang='grc' dir='ltr'>ὡς</span> <span class='ocrx_word' id='word_1_665' title='bbox 1290 1927 1367 1962; x_wconf 86' lang='grc' dir='ltr'>δίκην</span> <span class='ocrx_word' id='word_1_666' title='bbox 1380 1920 1484 1962; x_wconf 77' lang='grc' dir='ltr'>αὖχμοῧ</span> <span class='ocrx_word' id='word_1_667' title='bbox 1500 1929 1533 1962; x_wconf 84' lang='grc' dir='ltr'>τῇ</span> <span class='ocrx_word' id='word_1_668' title='bbox 1549 1927 1660 1962; x_wconf 74' lang='grc' dir='ltr'>ἀσεϐείᾳ</span> <span class='ocrx_word' id='word_1_669' title='bbox 1680 1929 1826 1964; x_wconf 82' lang='grc' dir='ltr'>συνεχομέ-</span> 
     </span>
    </p>
   </div>
   <div class='ocr_carea' id='block_1_90' title="bbox 1038 1971 1826 2008">
    <p class='ocr_par' dir='ltr' id='par_1_90' title="bbox 1038 1971 1826 2008">
     <span class='ocr_line' id='line_1_90' title="bbox 1038 1971 1826 2008; baseline 0 -9"><span class='ocrx_word' id='word_1_670' title='bbox 1038 1981 1086 2008; x_wconf 88' lang='grc' dir='ltr'><strong>νην</strong></span> <span class='ocrx_word' id='word_1_671' title='bbox 1098 1992 1105 2005; x_wconf 87' lang='grc'><strong>,</strong></span> <span class='ocrx_word' id='word_1_672' title='bbox 1118 1972 1163 1998; x_wconf 79' lang='grc' dir='ltr'>καὶ</span> <span class='ocrx_word' id='word_1_673' title='bbox 1177 1971 1209 2006; x_wconf 85' lang='grc' dir='ltr'>δὴ</span> <span class='ocrx_word' id='word_1_674' title='bbox 1226 1972 1307 1998; x_wconf 77' lang='grc' dir='ltr'>παντὶ</span> <span class='ocrx_word' id='word_1_675' title='bbox 1323 1971 1362 2006; x_wconf 80' lang='grc' dir='ltr'>τῷ</span> <span class='ocrx_word' id='word_1_676' title='bbox 1378 1971 1494 2005; x_wconf 82' lang='grc' dir='ltr'>ποιμνίῳ</span> <span class='ocrx_word' id='word_1_677' title='bbox 1510 1971 1563 1997; x_wconf 87' lang='grc' dir='ltr'><strong>τῶν</strong></span> <span class='ocrx_word' id='word_1_678' title='bbox 1580 1972 1707 2007; x_wconf 79' lang='grc' dir='ltr'>χειρόνων</span> <span class='ocrx_word' id='word_1_679' title='bbox 1723 1973 1826 2006; x_wconf 77' lang='grc' dir='ltr'>κατάρ-</span> 
     </span>
    </p>
   </div>
   <div class='ocr_carea' id='block_1_91' title="bbox 1038 2017 1825 2053">
    <p class='ocr_par' dir='ltr' id='par_1_91' title="bbox 1038 2017 1825 2053">
     <span class='ocr_line' id='line_1_91' title="bbox 1038 2017 1825 2053; baseline 0 -9"><span class='ocrx_word' id='word_1_680' title='bbox 1038 2026 1147 2053; x_wconf 85' lang='grc' dir='ltr'>χουσαν,</span> <span class='ocrx_word' id='word_1_681' title='bbox 1159 2017 1218 2044; x_wconf 85' lang='grc' dir='ltr'>δέον</span> <span class='ocrx_word' id='word_1_682' title='bbox 1239 2017 1267 2043; x_wconf 77' lang='grc' dir='ltr'>ὲν</span> <span class='ocrx_word' id='word_1_683' title='bbox 1292 2018 1347 2048; x_wconf 84' lang='grc' dir='ltr'>τοῖς</span> <span class='ocrx_word' id='word_1_684' title='bbox 1369 2017 1519 2052; x_wconf 78' lang='grc' dir='ltr'>κρείττοσιν</span> <span class='ocrx_word' id='word_1_685' title='bbox 1544 2018 1676 2052; x_wconf 79' lang='grc' dir='ltr'>ἡγεῖσθαι.</span> <span class='ocrx_word' id='word_1_686' title='bbox 1693 2027 1702 2044; x_wconf 80' lang='grc' dir='ltr'><strong>ι</strong></span> <span class='ocrx_word' id='word_1_687' title='bbox 1723 2019 1785 2045; x_wconf 82' lang='grc' dir='ltr'><strong>Ἐπὶ</strong></span> <span class='ocrx_word' id='word_1_688' title='bbox 1796 2019 1825 2045; x_wconf 80' lang='grc' dir='ltr'>σὲ</span> 
     </span>
    </p>
   </div>
   <div class='ocr_carea' id='block_1_92' title="bbox 1037 2061 1826 2098">
    <p class='ocr_par' dir='ltr' id='par_1_92' title="bbox 1037 2061 1826 2098">
     <span class='ocr_line' id='line_1_92' title="bbox 1037 2061 1826 2098; baseline 0.003 -10"><span class='ocrx_word' id='word_1_689' title='bbox 1037 2063 1107 2097; x_wconf 73' lang='grc' dir='ltr'>ἥξει,</span> <span class='ocrx_word' id='word_1_690' title='bbox 1120 2062 1168 2088; x_wconf 76' lang='grc' dir='ltr'>καὶ</span> <span class='ocrx_word' id='word_1_691' title='bbox 1183 2061 1366 2087; x_wconf 81' lang='grc' dir='ltr'>εἰσελεύσεται</span> <span class='ocrx_word' id='word_1_692' title='bbox 1384 2062 1400 2096; x_wconf 85' lang='grc' dir='ltr'><strong>ὴ</strong></span> <span class='ocrx_word' id='word_1_693' title='bbox 1423 2062 1494 2096; x_wconf 84' lang='grc' dir='ltr'>ἀρχὴ</span> <span class='ocrx_word' id='word_1_694' title='bbox 1513 2062 1529 2096; x_wconf 87' lang='grc' dir='ltr'>ἡ</span> <span class='ocrx_word' id='word_1_695' title='bbox 1550 2062 1644 2098; x_wconf 83' lang='grc' dir='ltr'>πρώτη</span> <span class='ocrx_word' id='word_1_696' title='bbox 1662 2063 1783 2098; x_wconf 71' lang='grc' dir='ltr'>βασιλεία</span> <span class='ocrx_word' id='word_1_697' title='bbox 1793 2065 1826 2090; x_wconf 82' lang='grc' dir='ltr'>ὲκ</span> 
     </span>
    </p>
   </div>
   <div class='ocr_carea' id='block_1_93' title="bbox 1004 2106 1825 2144">
    <p class='ocr_par' dir='ltr' id='par_1_93' title="bbox 1004 2106 1825 2144">
     <span class='ocr_line' id='line_1_93' title="bbox 1004 2106 1825 2144; baseline 0.001 -11"><span class='ocrx_word' id='word_1_698' title='bbox 1004 2109 1027 2136; x_wconf 86' lang='lat' dir='ltr'><strong>D</strong></span> <span class='ocrx_word' id='word_1_699' title='bbox 1040 2107 1208 2138; x_wconf 74' lang='grc' dir='ltr'>Βαϐυλῶνος,</span> <span class='ocrx_word' id='word_1_700' title='bbox 1237 2108 1270 2141; x_wconf 84' lang='grc' dir='ltr'><strong>τῇ</strong></span> <span class='ocrx_word' id='word_1_701' title='bbox 1292 2106 1406 2141; x_wconf 74' lang='grc' dir='ltr'>θυγατρὶ</span> <span class='ocrx_word' id='word_1_702' title='bbox 1433 2106 1619 2142; x_wconf 76' lang='grc' dir='ltr'>Ἰερουσαλήμ.</span> <span class='ocrx_word' id='word_1_703' title='bbox 1638 2117 1648 2133; x_wconf 69' lang='grc' dir='ltr'><strong>ι</strong></span> <span class='ocrx_word' id='word_1_704' title='bbox 1669 2108 1754 2143; x_wconf 83' lang='grc' dir='ltr'>’Υπὲρ</span> <span class='ocrx_word' id='word_1_705' title='bbox 1771 2109 1825 2144; x_wconf 64' lang='grc' dir='ltr'><strong>γὰρ</strong></span> 
     </span>
    </p>
   </div>
   <div class='ocr_carea' id='block_1_94' title="bbox 204 2150 1824 2191">
    <p class='ocr_par' dir='ltr' id='par_1_94' title="bbox 204 2150 1824 2191">
     <span class='ocr_line' id='line_1_94' title="bbox 204 2150 1824 2191; baseline 0.002 -14"><span class='ocrx_word' id='word_1_706' title='bbox 204 2151 256 2178; x_wconf 86' lang='grc' dir='ltr'><strong>τῶν</strong></span> <span class='ocrx_word' id='word_1_707' title='bbox 270 2151 299 2177; x_wconf 75' lang='grc' dir='ltr'><strong>οὐ</strong></span> <span class='ocrx_word' id='word_1_708' title='bbox 316 2150 428 2177; x_wconf 83' lang='grc' dir='ltr'>δεόντων</span> <span class='ocrx_word' id='word_1_709' title='bbox 443 2151 472 2177; x_wconf 78' lang='grc' dir='ltr'>ὲν</span> <span class='ocrx_word' id='word_1_710' title='bbox 484 2151 525 2177; x_wconf 83' lang='grc' dir='ltr'>σοὶ</span> <span class='ocrx_word' id='word_1_711' title='bbox 543 2152 747 2187; x_wconf 79' lang='grc' dir='ltr'>πραττομένων,</span> <span class='ocrx_word' id='word_1_712' title='bbox 762 2153 938 2182; x_wconf 78' lang='grc' dir='ltr'>ἐπελεύσεται</span> <span class='ocrx_word' id='word_1_713' title='bbox 957 2164 997 2183; x_wconf 89' lang='grc' dir='ltr'><strong>σοι</strong></span> <span class='ocrx_word' id='word_1_714' title='bbox 1016 2154 1139 2191; x_wconf 79' lang='grc' dir='ltr'>βασιλεὺς</span> <span class='ocrx_word' id='word_1_715' title='bbox 1170 2153 1298 2188; x_wconf 84' lang='grc' dir='ltr'>μέγιστος</span> <span class='ocrx_word' id='word_1_716' title='bbox 1321 2153 1368 2179; x_wconf 70' lang='grc' dir='ltr'>καὶ</span> <span class='ocrx_word' id='word_1_717' title='bbox 1390 2153 1458 2186; x_wconf 78' lang='grc' dir='ltr'>ἄγαν</span> <span class='ocrx_word' id='word_1_718' title='bbox 1473 2152 1585 2185; x_wconf 79' lang='grc' dir='ltr'>δυνατὸς</span> <span class='ocrx_word' id='word_1_719' title='bbox 1598 2155 1612 2180; x_wconf 79' lang='grc' dir='ltr'>ὁ</span> <span class='ocrx_word' id='word_1_720' title='bbox 1625 2154 1674 2189; x_wconf 84' lang='grc' dir='ltr'>τῆς</span> <span class='ocrx_word' id='word_1_721' title='bbox 1695 2154 1824 2181; x_wconf 76' lang='grc' dir='ltr'>Βαϐυλῶ-</span> 
     </span>
    </p>
   </div>
   <div class='ocr_carea' id='block_1_95' title="bbox 203 2194 1230 2234">
    <p class='ocr_par' dir='ltr' id='par_1_95' title="bbox 203 2194 1230 2234">
     <span class='ocr_line' id='line_1_95' title="bbox 203 2194 1230 2234; baseline 0.003 -11"><span class='ocrx_word' id='word_1_722' title='bbox 203 2205 258 2227; x_wconf 86' lang='grc' dir='ltr'>νος.</span> <span class='ocrx_word' id='word_1_723' title='bbox 276 2195 304 2227; x_wconf 83' lang='grc' dir='ltr'>ὃς</span> <span class='ocrx_word' id='word_1_724' title='bbox 315 2195 435 2231; x_wconf 81' lang='grc' dir='ltr'>διαθήσει</span> <span class='ocrx_word' id='word_1_725' title='bbox 451 2203 492 2228; x_wconf 84' lang='grc' dir='ltr'><strong>σε,</strong></span> <span class='ocrx_word' id='word_1_726' title='bbox 507 2194 552 2222; x_wconf 74' lang='grc' dir='ltr'>οἶα</span> <span class='ocrx_word' id='word_1_727' title='bbox 575 2197 648 2228; x_wconf 77' lang='grc' dir='ltr'>εἰκὸς</span> <span class='ocrx_word' id='word_1_728' title='bbox 671 2197 783 2224; x_wconf 75' lang='grc' dir='ltr'>δυνατὸν</span> <span class='ocrx_word' id='word_1_729' title='bbox 805 2199 988 2234; x_wconf 80' lang='grc' dir='ltr'>ὲπεληλυθὸτα</span> <span class='ocrx_word' id='word_1_730' title='bbox 1005 2201 1092 2227; x_wconf 81' lang='grc' dir='ltr'>ποιεῖν</span> <span class='ocrx_word' id='word_1_731' title='bbox 1108 2197 1230 2233; x_wconf 80' lang='grc' dir='ltr'>βασιλέα.</span> 
     </span>
    </p>
   </div>
   <div class='ocr_carea' id='block_1_96' title="bbox 239 2240 987 2274">
    <p class='ocr_par' dir='ltr' id='par_1_96' title="bbox 239 2240 987 2274">
     <span class='ocr_line' id='line_1_96' title="bbox 239 2240 987 2274; baseline 0.009 -7"><span class='ocrx_word' id='word_1_732' title='bbox 239 2240 323 2268; x_wconf 75' lang='lat' dir='ltr'><strong>Vsus.</strong></span> <span class='ocrx_word' id='word_1_733' title='bbox 343 2241 370 2273; x_wconf 89' lang='grc'><strong>9,</strong></span> <span class='ocrx_word' id='word_1_734' title='bbox 388 2240 432 2266; x_wconf 79' lang='grc'><strong>10.</strong></span> <span class='ocrx_word' id='word_1_735' title='bbox 445 2251 479 2260; x_wconf 72' lang='grc' dir='ltr'><strong>-ι-</strong></span> <span class='ocrx_word' id='word_1_736' title='bbox 490 2250 500 2266; x_wconf 79' lang='grc' dir='ltr'><strong>ι</strong></span> <span class='ocrx_word' id='word_1_737' title='bbox 519 2241 552 2268; x_wconf 91' lang='lat' dir='ltr'><strong>Et</strong></span> <span class='ocrx_word' id='word_1_738' title='bbox 563 2249 636 2269; x_wconf 86' lang='lat' dir='ltr'><strong>nunc</strong></span> <span class='ocrx_word' id='word_1_739' title='bbox 649 2250 698 2270; x_wconf 83' lang='lat' dir='ltr'><strong>cur</strong></span> <span class='ocrx_word' id='word_1_740' title='bbox 713 2243 741 2270; x_wconf 94' lang='lat' dir='ltr'><strong>in</strong></span> <span class='ocrx_word' id='word_1_741' title='bbox 753 2245 832 2272; x_wconf 90' lang='lat' dir='ltr'><strong>malis</strong></span> <span class='ocrx_word' id='word_1_742' title='bbox 849 2247 987 2274; x_wconf 83' lang='lat' dir='ltr'><strong>versaris?</strong></span> 
     </span>
    </p>
   </div>
   <div class='ocr_carea' id='block_1_97' title="bbox 202 2284 987 2325">
    <p class='ocr_par' dir='ltr' id='par_1_97' title="bbox 202 2284 987 2325">
     <span class='ocr_line' id='line_1_97' title="bbox 202 2284 987 2325; baseline 0.008 -13"><span class='ocrx_word' id='word_1_743' title='bbox 202 2284 299 2312; x_wconf 78' lang='lat' dir='ltr'><strong>Nonne</strong></span> <span class='ocrx_word' id='word_1_744' title='bbox 314 2284 362 2311; x_wconf 84' lang='lat' dir='ltr'><strong>tibi</strong></span> <span class='ocrx_word' id='word_1_745' title='bbox 377 2292 423 2311; x_wconf 77' lang='lat' dir='ltr'><strong>rex</strong></span> <span class='ocrx_word' id='word_1_746' title='bbox 436 2289 500 2312; x_wconf 87' lang='lat' dir='ltr'><strong>tuus</strong></span> <span class='ocrx_word' id='word_1_747' title='bbox 516 2286 591 2313; x_wconf 85' lang='lat' dir='ltr'><strong>erat?</strong></span> <span class='ocrx_word' id='word_1_748' title='bbox 613 2286 665 2314; x_wconf 83' lang='lat' dir='ltr'><strong>Aut</strong></span> <span class='ocrx_word' id='word_1_749' title='bbox 682 2288 828 2315; x_wconf 90' lang='lat' dir='ltr'><strong>consilium</strong></span> <span class='ocrx_word' id='word_1_750' title='bbox 843 2293 919 2317; x_wconf 91' lang='lat' dir='ltr'><strong>tuum</strong></span> <span class='ocrx_word' id='word_1_751' title='bbox 939 2299 987 2325; x_wconf 89' lang='lat' dir='ltr'><strong>pe-</strong></span> 
     </span>
    </p>
   </div>
   <div class='ocr_carea' id='block_1_98' title="bbox 204 2330 987 2370">
    <p class='ocr_par' dir='ltr' id='par_1_98' title="bbox 204 2330 987 2370">
     <span class='ocr_line' id='line_1_98' title="bbox 204 2330 987 2370; baseline 0.006 -13"><span class='ocrx_word' id='word_1_752' title='bbox 204 2331 260 2362; x_wconf 87' lang='lat' dir='ltr'><strong>riit,</strong></span> <span class='ocrx_word' id='word_1_753' title='bbox 280 2330 410 2364; x_wconf 77' lang='lat' dir='ltr'><strong>quoniam</strong></span> <span class='ocrx_word' id='word_1_754' title='bbox 431 2333 457 2357; x_wconf 89' lang='lat' dir='ltr'><strong>te</strong></span> <span class='ocrx_word' id='word_1_755' title='bbox 474 2335 643 2366; x_wconf 88' lang='lat' dir='ltr'><strong>occuparunt</strong></span> <span class='ocrx_word' id='word_1_756' title='bbox 662 2332 770 2361; x_wconf 85' lang='lat' dir='ltr'><strong>dolores</strong></span> <span class='ocrx_word' id='word_1_757' title='bbox 792 2335 872 2368; x_wconf 86' lang='lat' dir='ltr'><strong>quasi</strong></span> <span class='ocrx_word' id='word_1_758' title='bbox 893 2339 987 2370; x_wconf 89' lang='lat' dir='ltr'><strong>partu-</strong></span> 
     </span>
    </p>
   </div>
   <div class='ocr_carea' id='block_1_99' title="bbox 205 2375 987 2415">
    <p class='ocr_par' dir='ltr' id='par_1_99' title="bbox 205 2375 987 2415">
     <span class='ocr_line' id='line_1_99' title="bbox 205 2375 987 2415; baseline 0.008 -14"><span class='ocrx_word' id='word_1_759' title='bbox 205 2375 322 2402; x_wconf 68' lang='lat' dir='ltr'><strong>rientis?</strong></span> <span class='ocrx_word' id='word_1_760' title='bbox 337 2385 346 2400; x_wconf 78' lang='grc' dir='ltr'><strong>ι</strong></span> <span class='ocrx_word' id='word_1_761' title='bbox 365 2375 426 2402; x_wconf 85' lang='lat' dir='ltr'><strong>Jam</strong></span> <span class='ocrx_word' id='word_1_762' title='bbox 439 2383 505 2403; x_wconf 86' lang='lat' dir='ltr'><strong>vero</strong></span> <span class='ocrx_word' id='word_1_763' title='bbox 527 2383 576 2402; x_wconf 90' lang='lat' dir='ltr'><strong>cur</strong></span> <span class='ocrx_word' id='word_1_764' title='bbox 590 2380 618 2403; x_wconf 93' lang='lat' dir='ltr'><strong>tu</strong></span> <span class='ocrx_word' id='word_1_765' title='bbox 632 2378 660 2404; x_wconf 92' lang='lat' dir='ltr'><strong>in</strong></span> <span class='ocrx_word' id='word_1_766' title='bbox 678 2378 749 2405; x_wconf 88' lang='lat' dir='ltr'><strong>mala</strong></span> <span class='ocrx_word' id='word_1_767' title='bbox 769 2382 843 2406; x_wconf 89' lang='lat' dir='ltr'><strong>tanta</strong></span> <span class='ocrx_word' id='word_1_768' title='bbox 859 2380 987 2415; x_wconf 88' lang='lat' dir='ltr'><strong>prolapsa</strong></span> 
     </span>
    </p>
   </div>
   <div class='ocr_carea' id='block_1_100' title="bbox 203 2419 987 2458">
    <p class='ocr_par' dir='ltr' id='par_1_100' title="bbox 203 2419 987 2458">
     <span class='ocr_line' id='line_1_100' title="bbox 203 2419 987 2458; baseline 0.009 -12"><span class='ocrx_word' id='word_1_769' title='bbox 203 2420 253 2447; x_wconf 85' lang='lat' dir='ltr'><strong>es?</strong></span> <span class='ocrx_word' id='word_1_770' title='bbox 267 2419 398 2455; x_wconf 86' lang='lat' dir='ltr'><strong>Equidem</strong></span> <span class='ocrx_word' id='word_1_771' title='bbox 414 2425 442 2448; x_wconf 88' lang='lat' dir='ltr'><strong>et</strong></span> <span class='ocrx_word' id='word_1_772' title='bbox 460 2429 551 2457; x_wconf 87' lang='lat' dir='ltr'><strong>regem</strong></span> <span class='ocrx_word' id='word_1_773' title='bbox 571 2423 701 2456; x_wconf 87' lang='lat' dir='ltr'><strong>nabebas,</strong></span> <span class='ocrx_word' id='word_1_774' title='bbox 719 2425 765 2458; x_wconf 92' lang='lat' dir='ltr'><strong>qui</strong></span> <span class='ocrx_word' id='word_1_775' title='bbox 783 2425 831 2451; x_wconf 92' lang='lat' dir='ltr'><strong>libi</strong></span> <span class='ocrx_word' id='word_1_776' title='bbox 852 2425 907 2452; x_wconf 85' lang='lat' dir='ltr'><strong>dux</strong></span> <span class='ocrx_word' id='word_1_777' title='bbox 924 2426 987 2453; x_wconf 88' lang='lat' dir='ltr'><strong>belli</strong></span> 
     </span>
    </p>
   </div>
   <div class='ocr_carea' id='block_1_101' title="bbox 204 2465 984 2506">
    <p class='ocr_par' dir='ltr' id='par_1_101' title="bbox 204 2465 984 2506">
     <span class='ocr_line' id='line_1_101' title="bbox 204 2465 984 2506; baseline 0.009 -14"><span class='ocrx_word' id='word_1_778' title='bbox 204 2465 388 2500; x_wconf 69' lang='lat' dir='ltr'><strong>defensorque</strong></span> <span class='ocrx_word' id='word_1_779' title='bbox 404 2471 493 2500; x_wconf 76' lang='lat' dir='ltr'><strong>esset;</strong></span> <span class='ocrx_word' id='word_1_780' title='bbox 511 2475 592 2503; x_wconf 90' lang='lat' dir='ltr'><strong>quem</strong></span> <span class='ocrx_word' id='word_1_781' title='bbox 608 2473 634 2495; x_wconf 89' lang='lat' dir='ltr'><strong>ct</strong></span> <span class='ocrx_word' id='word_1_782' title='bbox 646 2469 749 2497; x_wconf 91' lang='lat' dir='ltr'><strong>idcirco</strong></span> <span class='ocrx_word' id='word_1_783' title='bbox 766 2471 830 2497; x_wconf 93' lang='lat' dir='ltr'><strong>olim</strong></span> <span class='ocrx_word' id='word_1_784' title='bbox 846 2471 984 2506; x_wconf 83' lang='lat' dir='ltr'><strong>elegeras,</strong></span> 
     </span>
    </p>
   </div>
   <div class='ocr_carea' id='block_1_102' title="bbox 204 2510 988 2548">
    <p class='ocr_par' dir='ltr' id='par_1_102' title="bbox 204 2510 988 2548">
     <span class='ocr_line' id='line_1_102' title="bbox 204 2510 988 2548; baseline 0.008 -12"><span class='ocrx_word' id='word_1_785' title='bbox 204 2510 328 2544; x_wconf 78' lang='lat' dir='ltr'><strong>deposito</strong></span> <span class='ocrx_word' id='word_1_786' title='bbox 339 2510 488 2546; x_wconf 89' lang='lat' dir='ltr'><strong>(Samuele)</strong></span> <span class='ocrx_word' id='word_1_787' title='bbox 507 2520 588 2547; x_wconf 87' lang='lat' dir='ltr'><strong>quem</strong></span> <span class='ocrx_word' id='word_1_788' title='bbox 606 2521 655 2548; x_wconf 77' lang='lat' dir='ltr'><strong>ego</strong></span> <span class='ocrx_word' id='word_1_789' title='bbox 668 2514 718 2541; x_wconf 90' lang='lat' dir='ltr'><strong>tibi</strong></span> <span class='ocrx_word' id='word_1_790' title='bbox 733 2515 868 2542; x_wconf 89' lang='lat' dir='ltr'><strong>dominari</strong></span> <span class='ocrx_word' id='word_1_791' title='bbox 883 2516 988 2544; x_wconf 88' lang='lat' dir='ltr'><strong>consti-</strong></span> 
     </span>
    </p>
   </div>
   <div class='ocr_carea' id='block_1_103' title="bbox 203 2555 986 2596">
    <p class='ocr_par' dir='ltr' id='par_1_103' title="bbox 203 2555 986 2596">
     <span class='ocr_line' id='line_1_103' title="bbox 203 2555 986 2596; baseline 0.01 -15"><span class='ocrx_word' id='word_1_792' title='bbox 203 2561 319 2582; x_wconf 76' lang='lat' dir='ltr'><strong>tueram.</strong></span> <span class='ocrx_word' id='word_1_793' title='bbox 334 2555 403 2583; x_wconf 84' lang='lat' dir='ltr'><strong>Tum</strong></span> <span class='ocrx_word' id='word_1_794' title='bbox 418 2558 500 2585; x_wconf 85' lang='lat' dir='ltr'><strong>etiam</strong></span> <span class='ocrx_word' id='word_1_795' title='bbox 513 2558 645 2592; x_wconf 91' lang='lat' dir='ltr'><strong>plurimos</strong></span> <span class='ocrx_word' id='word_1_796' title='bbox 659 2559 730 2594; x_wconf 87' lang='lat' dir='ltr'><strong>apud</strong></span> <span class='ocrx_word' id='word_1_797' title='bbox 749 2564 775 2587; x_wconf 91' lang='lat' dir='ltr'><strong>te</strong></span> <span class='ocrx_word' id='word_1_798' title='bbox 791 2561 889 2588; x_wconf 89' lang='lat' dir='ltr'><strong>habere</strong></span> <span class='ocrx_word' id='word_1_799' title='bbox 905 2565 986 2596; x_wconf 85' lang='lat' dir='ltr'><strong>puta-</strong></span> 
     </span>
    </p>
   </div>
   <div class='ocr_carea' id='block_1_104' title="bbox 204 2600 984 2640">
    <p class='ocr_par' dir='ltr' id='par_1_104' title="bbox 204 2600 984 2640">
     <span class='ocr_line' id='line_1_104' title="bbox 204 2600 984 2640; baseline 0.008 -14"><span class='ocrx_word' id='word_1_800' title='bbox 204 2600 253 2627; x_wconf 85' lang='lat' dir='ltr'><strong>bas</strong></span> <span class='ocrx_word' id='word_1_801' title='bbox 268 2600 410 2634; x_wconf 88' lang='lat' dir='ltr'><strong>prudentia</strong></span> <span class='ocrx_word' id='word_1_802' title='bbox 427 2605 587 2636; x_wconf 54' lang='lat' dir='ltr'><strong>praestantes</strong></span> <span class='ocrx_word' id='word_1_803' title='bbox 602 2605 687 2632; x_wconf 88' lang='lat' dir='ltr'><strong>viros.</strong></span> <span class='ocrx_word' id='word_1_804' title='bbox 712 2604 855 2638; x_wconf 87' lang='lat' dir='ltr'><strong>Quomodo</strong></span> <span class='ocrx_word' id='word_1_805' title='bbox 870 2613 936 2640; x_wconf 74' lang='lat' dir='ltr'><strong>ergo</strong></span> <span class='ocrx_word' id='word_1_806' title='bbox 956 2606 984 2632; x_wconf 94' lang='lat' dir='ltr'><strong>in</strong></span> 
     </span>
    </p>
   </div>
   <div class='ocr_carea' id='block_1_105' title="bbox 204 2645 982 2686">
    <p class='ocr_par' dir='ltr' id='par_1_105' title="bbox 204 2645 982 2686">
     <span class='ocr_line' id='line_1_105' title="bbox 204 2645 982 2686; baseline 0.01 -15"><span class='ocrx_word' id='word_1_807' title='bbox 204 2645 274 2672; x_wconf 85' lang='lat' dir='ltr'><strong>mala</strong></span> <span class='ocrx_word' id='word_1_808' title='bbox 288 2649 363 2673; x_wconf 85' lang='lat' dir='ltr'><strong>tanta</strong></span> <span class='ocrx_word' id='word_1_809' title='bbox 379 2646 517 2674; x_wconf 87' lang='lat' dir='ltr'><strong>incurristi</strong></span> <span class='ocrx_word' id='word_1_810' title='bbox 528 2668 535 2680; x_wconf 92' lang='lat'><strong>,</strong></span> <span class='ocrx_word' id='word_1_811' title='bbox 551 2649 651 2684; x_wconf 89' lang='lat' dir='ltr'><strong>quibus</strong></span> <span class='ocrx_word' id='word_1_812' title='bbox 665 2656 789 2686; x_wconf 78' lang='lat' dir='ltr'><strong>correpta</strong></span> <span class='ocrx_word' id='word_1_813' title='bbox 806 2651 874 2679; x_wconf 91' lang='lat' dir='ltr'><strong>nihil</strong></span> <span class='ocrx_word' id='word_1_814' title='bbox 889 2651 982 2679; x_wconf 84' lang='lat' dir='ltr'><strong>dili‘ers</strong></span> 
     </span>
    </p>
   </div>
   <div class='ocr_carea' id='block_1_106' title="bbox 239 2730 470 2763">
    <p class='ocr_par' dir='ltr' id='par_1_106' title="bbox 239 2730 470 2763">
     <span class='ocr_line' id='line_1_106' title="bbox 239 2730 470 2763; baseline 0.004 -5"><span class='ocrx_word' id='word_1_815' title='bbox 239 2730 262 2747; x_wconf 84' lang='grc'><strong><em>⁸⁸</em></strong></span> <span class='ocrx_word' id='word_1_816' title='bbox 271 2730 349 2759; x_wconf 81' lang='lat' dir='ltr'><strong>Psul.</strong></span> <span class='ocrx_word' id='word_1_817' title='bbox 366 2738 405 2763; x_wconf 67' lang='grc' dir='ltr'><strong>ιι,</strong></span> <span class='ocrx_word' id='word_1_818' title='bbox 427 2732 470 2759; x_wconf 73' lang='grc'><strong>15.</strong></span> 
     </span>
    </p>
   </div>
   <div class='ocr_carea' id='block_1_107' title="bbox 1068 2241 1823 2282">
    <p class='ocr_par' dir='ltr' id='par_1_107' title="bbox 1068 2241 1823 2282">
     <span class='ocr_line' id='line_1_107' title="bbox 1068 2241 1823 2282; baseline -0.001 -11"><span class='ocrx_word' id='word_1_819' title='bbox 1068 2245 1141 2279; x_wconf 85' lang='grc' dir='ltr'>Στίχ.</span> <span class='ocrx_word' id='word_1_820' title='bbox 1156 2244 1189 2275; x_wconf 87' lang='grc' dir='ltr'>θ’,</span> <span class='ocrx_word' id='word_1_821' title='bbox 1205 2241 1231 2270; x_wconf 94' lang='grc' dir='ltr'><strong>ι’.</strong></span> <span class='ocrx_word' id='word_1_822' title='bbox 1248 2257 1282 2264; x_wconf 92' lang='grc'><strong><em>-</em></strong></span> <span class='ocrx_word' id='word_1_823' title='bbox 1304 2253 1312 2268; x_wconf 83' lang='grc' dir='ltr'><strong>ι</strong></span> <span class='ocrx_word' id='word_1_824' title='bbox 1327 2242 1382 2269; x_wconf 66' lang='grc' dir='ltr'><strong>Καὶ</strong></span> <span class='ocrx_word' id='word_1_825' title='bbox 1401 2242 1448 2269; x_wconf 81' lang='grc' dir='ltr'>νῦν</span> <span class='ocrx_word' id='word_1_826' title='bbox 1471 2242 1514 2269; x_wconf 74' lang='grc' dir='ltr'><strong>ἱνα</strong></span> <span class='ocrx_word' id='word_1_827' title='bbox 1533 2243 1561 2269; x_wconf 84' lang='grc' dir='ltr'><strong>τί</strong></span> <span class='ocrx_word' id='word_1_828' title='bbox 1578 2242 1663 2276; x_wconf 80' lang='grc' dir='ltr'>ἔγνως</span> <span class='ocrx_word' id='word_1_829' title='bbox 1678 2244 1762 2276; x_wconf 75' lang='grc' dir='ltr'>κακά;</span> <span class='ocrx_word' id='word_1_830' title='bbox 1785 2246 1823 2282; x_wconf 81' lang='grc' dir='ltr'>μὴ</span> 
     </span>
    </p>
   </div>
   <div class='ocr_carea' id='block_1_108' title="bbox 1039 2287 1820 2326">
    <p class='ocr_par' dir='ltr' id='par_1_108' title="bbox 1039 2287 1820 2326">
     <span class='ocr_line' id='line_1_108' title="bbox 1039 2287 1820 2326; baseline 0.001 -9"><span class='ocrx_word' id='word_1_831' title='bbox 1039 2291 1164 2326; x_wconf 85' lang='grc' dir='ltr'>βασιλεὺς</span> <span class='ocrx_word' id='word_1_832' title='bbox 1192 2290 1243 2316; x_wconf 87' lang='grc' dir='ltr'>οὐκ</span> <span class='ocrx_word' id='word_1_833' title='bbox 1266 2287 1300 2325; x_wconf 80' lang='grc' dir='ltr'>ἦν</span> <span class='ocrx_word' id='word_1_834' title='bbox 1333 2297 1393 2322; x_wconf 74' lang='grc' dir='ltr'>σοις</span> <span class='ocrx_word' id='word_1_835' title='bbox 1419 2288 1435 2323; x_wconf 84' lang='grc' dir='ltr'>ἣ</span> <span class='ocrx_word' id='word_1_836' title='bbox 1456 2289 1472 2323; x_wconf 87' lang='grc' dir='ltr'>ἡ</span> <span class='ocrx_word' id='word_1_837' title='bbox 1499 2288 1579 2323; x_wconf 83' lang='grc' dir='ltr'>βουλή</span> <span class='ocrx_word' id='word_1_838' title='bbox 1605 2298 1652 2315; x_wconf 81' lang='grc' dir='ltr'><strong>σου</strong></span> <span class='ocrx_word' id='word_1_839' title='bbox 1679 2290 1820 2324; x_wconf 84' lang='grc' dir='ltr'>ἀπώλετο;</span> 
     </span>
    </p>
   </div>
   <div class='ocr_carea' id='block_1_109' title="bbox 1037 2333 1819 2373">
    <p class='ocr_par' dir='ltr' id='par_1_109' title="bbox 1037 2333 1819 2373">
     <span class='ocr_line' id='line_1_109' title="bbox 1037 2333 1819 2373; baseline 0.001 -11"><span class='ocrx_word' id='word_1_840' title='bbox 1037 2336 1090 2373; x_wconf 44' lang='grc' dir='ltr'>ὅτι.</span> <span class='ocrx_word' id='word_1_841' title='bbox 1115 2334 1321 2370; x_wconf 70' lang='grc' dir='ltr'>κατεκράτησαν</span> <span class='ocrx_word' id='word_1_842' title='bbox 1347 2341 1394 2359; x_wconf 90' lang='grc' dir='ltr'><strong>σου</strong></span> <span class='ocrx_word' id='word_1_843' title='bbox 1429 2333 1522 2366; x_wconf 79' lang='grc' dir='ltr'>ὠδῖνες</span> <span class='ocrx_word' id='word_1_844' title='bbox 1554 2333 1591 2365; x_wconf 85' lang='grc' dir='ltr'><strong>ῶς</strong></span> <span class='ocrx_word' id='word_1_845' title='bbox 1619 2335 1775 2371; x_wconf 84' lang='grc' dir='ltr'>τικτούσης.</span> <span class='ocrx_word' id='word_1_846' title='bbox 1809 2346 1819 2363; x_wconf 72' lang='grc' dir='ltr'><strong>ι</strong></span> 
     </span>
    </p>
   </div>
   <div class='ocr_carea' id='block_1_110' title="bbox 1042 2379 1819 2416">
    <p class='ocr_par' dir='ltr' id='par_1_110' title="bbox 1042 2379 1819 2416">
     <span class='ocr_line' id='line_1_110' title="bbox 1042 2379 1819 2416; baseline 0.003 -10"><span class='ocrx_word' id='word_1_847' title='bbox 1042 2381 1122 2407; x_wconf 80' lang='grc' dir='ltr'>Ἀλλὰ</span> <span class='ocrx_word' id='word_1_848' title='bbox 1147 2380 1201 2415; x_wconf 83' lang='grc' dir='ltr'>γὰρ</span> <span class='ocrx_word' id='word_1_849' title='bbox 1220 2380 1288 2415; x_wconf 82' lang='grc' dir='ltr'>ὑπὲρ</span> <span class='ocrx_word' id='word_1_850' title='bbox 1305 2379 1367 2406; x_wconf 81' lang='grc' dir='ltr'>ὅτου</span> <span class='ocrx_word' id='word_1_851' title='bbox 1379 2393 1391 2410; x_wconf 67' lang='grc' dir='ltr'><strong>,ι</strong></span> <span class='ocrx_word' id='word_1_852' title='bbox 1408 2379 1504 2414; x_wconf 76' lang='grc' dir='ltr'>φησὶν,</span> <span class='ocrx_word' id='word_1_853' title='bbox 1538 2380 1578 2411; x_wconf 68' lang='grc' dir='ltr'><strong>εἰς</strong></span> <span class='ocrx_word' id='word_1_854' title='bbox 1607 2380 1737 2416; x_wconf 75' lang='grc' dir='ltr'>τοσαύτην</span> <span class='ocrx_word' id='word_1_855' title='bbox 1768 2390 1819 2409; x_wconf 88' lang='grc' dir='ltr'>κα-</span> 
     </span>
    </p>
   </div>
   <div class='ocr_carea' id='block_1_111' title="bbox 1037 2425 1821 2461">
    <p class='ocr_par' dir='ltr' id='par_1_111' title="bbox 1037 2425 1821 2461">
     <span class='ocr_line' id='line_1_111' title="bbox 1037 2425 1821 2461; baseline 0.003 -9"><span class='ocrx_word' id='word_1_856' title='bbox 1037 2426 1092 2452; x_wconf 87' lang='grc' dir='ltr'><strong>κῶν</strong></span> <span class='ocrx_word' id='word_1_857' title='bbox 1124 2425 1293 2460; x_wconf 79' lang='grc' dir='ltr'>κατηνέχθης</span> <span class='ocrx_word' id='word_1_858' title='bbox 1315 2426 1430 2460; x_wconf 85' lang='grc' dir='ltr'>πεῖραν;</span> <span class='ocrx_word' id='word_1_859' title='bbox 1452 2426 1469 2461; x_wconf 87' lang='grc' dir='ltr'>ἥ</span> <span class='ocrx_word' id='word_1_860' title='bbox 1492 2435 1523 2460; x_wconf 89' lang='grc' dir='ltr'><strong>γε</strong></span> <span class='ocrx_word' id='word_1_861' title='bbox 1551 2427 1597 2453; x_wconf 74' lang='grc' dir='ltr'>καὶ</span> <span class='ocrx_word' id='word_1_862' title='bbox 1619 2426 1732 2461; x_wconf 82' lang='grc' dir='ltr'>βασιλέα</span> <span class='ocrx_word' id='word_1_863' title='bbox 1760 2428 1821 2455; x_wconf 85' lang='grc' dir='ltr'><strong>ὲκὲ-</strong></span> 
     </span>
    </p>
   </div>
   <div class='ocr_carea' id='block_1_112' title="bbox 1036 2470 1822 2507">
    <p class='ocr_par' dir='ltr' id='par_1_112' title="bbox 1036 2470 1822 2507">
     <span class='ocr_line' id='line_1_112' title="bbox 1036 2470 1822 2507; baseline -0.001 -10"><span class='ocrx_word' id='word_1_864' title='bbox 1036 2479 1121 2505; x_wconf 87' lang='grc' dir='ltr'>κτησο</span> <span class='ocrx_word' id='word_1_865' title='bbox 1144 2470 1307 2505; x_wconf 77' lang='grc' dir='ltr'>στρατηγεῖν</span> <span class='ocrx_word' id='word_1_866' title='bbox 1331 2471 1360 2496; x_wconf 78' lang='grc' dir='ltr'>ὲν</span> <span class='ocrx_word' id='word_1_867' title='bbox 1382 2471 1437 2502; x_wconf 84' lang='grc' dir='ltr'>τοῖς</span> <span class='ocrx_word' id='word_1_868' title='bbox 1460 2471 1530 2506; x_wconf 84' lang='grc' dir='ltr'>ὑπὲρ</span> <span class='ocrx_word' id='word_1_869' title='bbox 1548 2470 1594 2497; x_wconf 88' lang='grc' dir='ltr'>σοῦ</span> <span class='ocrx_word' id='word_1_870' title='bbox 1618 2471 1746 2507; x_wconf 80' lang='grc' dir='ltr'>πολέμοις</span> <span class='ocrx_word' id='word_1_871' title='bbox 1777 2477 1822 2504; x_wconf 78' lang='grc' dir='ltr'><strong>δυ-</strong></span> 
     </span>
    </p>
   </div>
   <div class='ocr_carea' id='block_1_113' title="bbox 1039 2515 1814 2553">
    <p class='ocr_par' dir='ltr' id='par_1_113' title="bbox 1039 2515 1814 2553">
     <span class='ocr_line' id='line_1_113' title="bbox 1039 2515 1814 2553; baseline 0.005 -12"><span class='ocrx_word' id='word_1_872' title='bbox 1039 2515 1269 2551; x_wconf 79' lang='grc' dir='ltr'>νάμεννον⁸ὅνκαὶ</span> <span class='ocrx_word' id='word_1_873' title='bbox 1277 2515 1319 2540; x_wconf 79' lang='grc' dir='ltr'><strong>ἐπ’</strong></span> <span class='ocrx_word' id='word_1_874' title='bbox 1336 2515 1409 2550; x_wconf 78' lang='grc' dir='ltr'>αὐτῷ</span> <span class='ocrx_word' id='word_1_875' title='bbox 1434 2524 1466 2549; x_wconf 90' lang='grc' dir='ltr'><strong>γε</strong></span> <span class='ocrx_word' id='word_1_876' title='bbox 1481 2515 1552 2541; x_wconf 81' lang='grc' dir='ltr'>εἵλου</span> <span class='ocrx_word' id='word_1_877' title='bbox 1575 2515 1661 2551; x_wconf 84' lang='grc' dir='ltr'>τούτῳ</span> <span class='ocrx_word' id='word_1_878' title='bbox 1680 2526 1814 2553; x_wconf 69' lang='grc' dir='ltr'>παραγραν</span> 
     </span>
    </p>
   </div>
   <div class='ocr_carea' id='block_1_114' title="bbox 1033 2559 1821 2598">
    <p class='ocr_par' dir='ltr' id='par_1_114' title="bbox 1033 2559 1821 2598">
     <span class='ocr_line' id='line_1_114' title="bbox 1033 2559 1821 2598; baseline 0.004 -11"><span class='ocrx_word' id='word_1_879' title='bbox 1033 2560 1142 2596; x_wconf 64' lang='grc' dir='ltr'>φαμένη</span> <span class='ocrx_word' id='word_1_880' title='bbox 1155 2562 1200 2586; x_wconf 83' lang='grc' dir='ltr'>τὸν</span> <span class='ocrx_word' id='word_1_881' title='bbox 1213 2559 1308 2595; x_wconf 78' lang='grc' dir='ltr'>ἄρχειν</span> <span class='ocrx_word' id='word_1_882' title='bbox 1320 2561 1385 2595; x_wconf 80' lang='grc' dir='ltr'>παρ’</span> <span class='ocrx_word' id='word_1_883' title='bbox 1401 2560 1468 2595; x_wconf 79' lang='grc' dir='ltr'>ἐμοῦ</span> <span class='ocrx_word' id='word_1_884' title='bbox 1484 2561 1648 2596; x_wconf 83' lang='grc' dir='ltr'>τεταγμένον</span> <span class='ocrx_word' id='word_1_885' title='bbox 1661 2562 1738 2598; x_wconf 79' lang='grc' dir='ltr'>ὑμῶν</span> <span class='ocrx_word' id='word_1_886' title='bbox 1753 2572 1760 2580; x_wconf 85' lang='grc'><strong>·</strong></span> <span class='ocrx_word' id='word_1_887' title='bbox 1775 2564 1821 2590; x_wconf 77' lang='grc' dir='ltr'>καὶ</span> 
     </span>
    </p>
   </div>
   <div class='ocr_carea' id='block_1_115' title="bbox 1035 2605 1819 2643">
    <p class='ocr_par' dir='ltr' id='par_1_115' title="bbox 1035 2605 1819 2643">
     <span class='ocr_line' id='line_1_115' title="bbox 1035 2605 1819 2643; baseline 0.006 -13"><span class='ocrx_word' id='word_1_888' title='bbox 1035 2606 1065 2631; x_wconf 79' lang='grc' dir='ltr'>ὲν</span> <span class='ocrx_word' id='word_1_889' title='bbox 1096 2605 1200 2631; x_wconf 76' lang='grc' dir='ltr'>συνέσει</span> <span class='ocrx_word' id='word_1_890' title='bbox 1215 2605 1243 2631; x_wconf 85' lang='grc' dir='ltr'>δὲ</span> <span class='ocrx_word' id='word_1_891' title='bbox 1263 2605 1452 2639; x_wconf 79' lang='grc' dir='ltr'>πρωτεύοντας</span> <span class='ocrx_word' id='word_1_892' title='bbox 1469 2606 1600 2642; x_wconf 77' lang='grc' dir='ltr'>ἐκέκτησο</span> <span class='ocrx_word' id='word_1_893' title='bbox 1615 2607 1769 2643; x_wconf 82' lang='grc' dir='ltr'>πλείστους,</span> <span class='ocrx_word' id='word_1_894' title='bbox 1783 2609 1819 2641; x_wconf 86' lang='grc' dir='ltr'>ὠς</span> 
     </span>
    </p>
   </div>
   <div class='ocr_carea' id='block_1_116' title="bbox 1036 2647 1824 2689">
    <p class='ocr_par' dir='ltr' id='par_1_116' title="bbox 1036 2647 1824 2689">
     <span class='ocr_line' id='line_1_116' title="bbox 1036 2647 1824 2689; baseline 0.001 -13"><span class='ocrx_word' id='word_1_895' title='bbox 1036 2649 1106 2685; x_wconf 78' lang='grc' dir='ltr'>ᾤου·</span> <span class='ocrx_word' id='word_1_896' title='bbox 1124 2649 1184 2682; x_wconf 86' lang='grc' dir='ltr'><strong>πῶς</strong></span> <span class='ocrx_word' id='word_1_897' title='bbox 1211 2647 1257 2677; x_wconf 80' lang='grc' dir='ltr'><strong>οὗν</strong></span> <span class='ocrx_word' id='word_1_898' title='bbox 1273 2650 1326 2676; x_wconf 82' lang='grc' dir='ltr'><strong>ὑπὸ</strong></span> <span class='ocrx_word' id='word_1_899' title='bbox 1347 2651 1513 2686; x_wconf 87' lang='grc' dir='ltr'>τηλικούτων</span> <span class='ocrx_word' id='word_1_900' title='bbox 1535 2653 1824 2689; x_wconf 65' lang='grc' dir='ltr'>περιείληψαικαχῶν,</span> 
     </span>
    </p>
   </div>
  </div>
