1972 3066
146 209 212 237 369·

613 207 886 237 COMMENTARIUS
905 206 937 234 IN
959 205 1113 236 MlClleE
1140 208 1215 237 CAP.
1247 207 1288 238 IV.

1720 210 1772 238 570

147 266 192 301 ὕρ¹
216 263 254 294 ὦν
273 266 465 302 κεκρατημένη
488 266 652 298 διαλλάττεις
673 267 747 293 οὐδὲν
768 267 813 294 ἐπὶ
830 266 933 301 τοκετῷ

995 275 998 292 ι
1017 266 1096 302 139
1121 267 1236 294 muliere
1262 267 1289 294 in
1303 271 1381 302 partu
1399 267 1526 295 dolente?
1549 274 1610 303 qua:
1631 274 1771 301 nunquam

147 312 276 347 γυναικὸς
287 311 448 346 ὼδινούσηςς
466 308 503 338 ὧν
514 312 603 338 οὗκᾰν
610 321 675 338 ποτε
690 314 787 347 πεῖραν
803 313 934 346 εἰλήφεις,

148 359 172 384 εἰ
193 359 250 388 τοῖς
275 357 399 392 νομίμοις
433 356 597 389 ἐσπούδαζες
623 357 736 384 ἕπεσθαι
761 359 815 388 τοῖς
844 358 935 392 ἐμοῖς’

149 405 188 438 (p.
204 402 268 439 28%)
294 404 362 438 ὅπερ
379 402 473 438 ἐπειδὴ
500 403 537 438 μὴ
559 402 723 437 πεποίηκας,
743 412 752 428 ι
772 403 870 434 Ὤδινε,
890 403 937 429 καὶ

149 449 284 484 ἀνδρίζου,
302 449 350 475 καὶ
364 448 467 483 ἔγγιζε,
479 448 598 483 θύγατερ
613 447 744 481 Σιὼν,,ὼς
755 450 771 484 ἡ
782 448 935 475 τίκτουσα.»

154 495 289 529 ’Υπόμενε
299 494 348 526 τὰς
362 494 537 529 ἐπικειμένας
551 494 657 526 ὠδῖνας,
669 494 716 520 καὶ
727 495 755 520 ἐν
769 494 865 525 αὑταῖς
880 494 938 520 δια-

151 539 279 575 καρτὲρει
290 540 368 575 δίκην
379 539 534 575 τικτούσης,
544 539 760 575 προσεγγίζουσα
772 541 830 571 ταῖς
845 540 877 566 ἐκ
891 539 938 566 τοῦ

149 586 251 612 τίκτειν
267 585 385 618 ώδίναις.
405 595 414 611 ι
433 585 505 611 Διότι
520 585 565 612 νῦν
582 585 709 621 ἐξελεύσῃ
723 586 755 611 ἐκ
768 585 880 616 πόλεως,
891 585 939 612 καὶ

151 630 373 667 κατασκηνώσεις
387 632 417 658 ἐν
431 630 523 665 πεδίῳ,
537 631 585 657 καὶ
599 630 676 666 ἣξεις
689 630 742 662 ἕως
750 629 935 662 Βαδυλῶνος.ι

150 676 242 711 Πέρας
251 676 306 711 γὰρ
321 676 415 710 εἴληφε
441 675 476 702 τὰ
490 674 560 701 κατὰ
577 675 617 706 σέ,
632 675 677 701 καὶ
694 674 818 710 ληφθήσῃ
842 674 891 709 μὲν
907 675 938 700 ἐκ

149 722 199 757 τῆς
213 721 316 754 πόλεως
331 722 372 753 είς
386 720 572 756 αἰχμαλωσίαν
587 728 595 735 ·
610 720 770 756 ἀπαγομένη
785 720 813 746 δὲ
824 720 864 750 είς
876 719 939 751 τοὺς

150 767 279 801 τυχόντας
287 766 395 798 τόπους,
409 765 562 802 ἐρῤιμμένη
577 765 687 799 διάξεις,
698 763 741 792 οἶα
756 765 828 796 εἰκὸς
840 764 940 800 αίχμά-

150 812 235 844 λωτος
265 812 434 847 ἐπαγομένη,
460 811 539 846 ἄχρις
564 811 598 838 ἂν
623 812 665 842 εἰς
692 810 776 845 αὐτὴν
792 810 880 844 γένοιο
890 810 940 844 τὴν

151 857 310 891 Βαϐυλῶνα,
338 858 367 884 ἐν
391 854 462 894 ᾗπερ
484 857 587 890 διάγειν
603 865 631 883 σε
650 856 718 892 μετὰ
734 857 783 891 τῆς
797 856 939 891 συμφορᾶς

151 903 258 938 ἀνάγκη
285 903 333 938 τῆς
357 903 461 934 οἰκείας
475 911 482 918 ·
503 901 563 929 εἶτα
591 903 640 937 τὴν
659 901 793 937 τιμωρίαν
811 901 939 936 εἰρηκὼς,

990 319 1101 350 experta
1121 315 1232 348 fuisses,
1247 315 1271 342 si
1291 315 1375 350 legem
1397 323 1485 342 meam
1507 314 1706 342 observandam
1722 321 1773 340 cu-

993 368 1095 388 rasses.
1111 360 1188 393 Quod
1203 369 1265 387 cum
1277 368 1331 387 non
1346 360 1454 391 feceris,
1467 360 1530 387 audi
1545 368 1552 386 :
1570 369 1579 385 ι
1595 359 1676 391 Dele,
1692 362 1719 386 et
1733 359 1773 385 vi-

991 406 1080 432 riliter
1093 414 1154 441 age.
1172 410 1199 433 et
1213 406 1412 442 appropinqua.
1429 406 1482 432 tilia
1501 404 1604 436 Sionis,
1623 404 1695 432 sicut
1713 411 1774 438 par-

991 451 1109 478 turiens.
1128 461 1137 477 ι
1152 451 1244 479 Perfer
1258 452 1416 486 ingruentes
1427 450 1545 482 dolores,
1563 451 1589 476 in
1606 450 1694 484 iisque
1707 456 1774 475 cou-

991 499 1098 522 stanter
1112 503 1161 531 age
1177 496 1255 531 quasi
1272 496 1440 531 parturiens,
1451 494 1699 530 propinquantibus
1714 501 1774 528 par-

992 544 1039 568 tus
1055 539 1207 567 doloribus.
1229 550 1238 566 ι
1260 540 1328 573 Quia
1342 548 1415 567 nunc
1436 538 1586 574 egredieris
1605 538 1638 564 de
1654 537 1773 567 civitate,

990 589 1018 612 et
1033 585 1171 613 habitabis
1195 585 1222 612 in
1242 593 1339 620 campo
1353 605 1360 617 ,
1381 589 1408 612 et
1436 584 1529 611 venies
1553 590 1638 618 usque
1662 582 1776 616 Babylo-

991 637 1064 658 nem.
1085 640 1095 656 ι
1122 629 1199 658 Finis
1223 638 1313 658 rerum
1342 635 1449 657 tuarum
1477 633 1535 660 est.
1561 632 1588 656 et
1608 636 1641 655 ex
1661 627 1728 654 urbe
1747 627 1775 653 in

992 675 1179 710 captivitatem
1201 675 1391 711 deportaberis
1408 684 1414 702 :
1431 674 1549 701 abducta
1572 681 1637 701 vero
1656 673 1683 700 iu
1700 680 1774 707 qua:—

992 721 1058 748 libet
1080 720 1150 753 loca,
1174 721 1296 756 projecta
1316 720 1439 755 jacebis,
1465 724 1493 746 ut
1517 720 1629 754 captiva:
1654 717 1776 745 conditio

993 766 1054 799 fert,
1069 765 1154 794 donec
1173 766 1206 793 ad
1222 767 1309 802 ipsam
1325 773 1411 801 usque
1427 765 1591 800 Babylonem
1609 764 1775 800 perveneris,

992 813 1020 839 in
1037 819 1091 846 qua
1103 815 1130 839 te
1144 811 1267 839 habitare
1282 811 1437 839 calamitate
1457 816 1502 837 tua
1523 810 1650 837 obrutam
1665 816 1777 836 necesse

993 861 1045 884 est.
1063 856 1132 884 Tum
1149 861 1210 892 post
1226 861 1366 884 narratam
1387 863 1494 892 pmnam
1505 876 1512 886 .
1525 855 1649 890 ejusdem
1662 855 1776 882 solutio-

994 910 1055 929 nem
1069 903 1242 930 connectitn
1263 902 1328 929 lude
1347 906 1372 928 te
1385 901 1524 931 liberabit,
1544 900 1607 927 inde
1623 904 1650 926 te
1662 899 1777 926 redimet

152 935 233 977 πάλιν
252 935 332 983 ’λέγει
359 949 409 984 τὴν
431 949 507 975 λύσιν
520 957 527 964 ·
544 958 553 974 ι
578 935 697 975 Ἐκεῖθεν
713 935 824 982 ρόσεταί
837 935 877 978 σε,
893 948 940 974 καὶ

995 948 1122 975 Dominus
1135 947 1204 974 Deus
1217 952 1280 974 tuus
1292 947 1326 974 de
1343 955 1424 973 manu
1439 945 1610 973 inimicorum
1626 949 1746 971 tuorum.
1765 953 1775 969 ι

152 995 257 1022 ἐκεῖθεν
285 994 453 1030 λυτρώσεταί
470 1003 499 1020 σε
524 994 625 1029 Κύριος
635 995 649 1021 6
664 995 729 1026 Θεός
744 1003 791 1021 σου
805 995 838 1021 ἐκ
851 994 940 1030 χειρὸς

152 1041 257 1076 ἐχθρῶν
280 1049 337 1068 σου.
357 1050 366 1067 ι
395 1040 463 1067 Ἀλλ’
488 1040 571 1067 ἐπειδ¹
599 1040 632 1067 ἂν
649 1041 688 1072 εἰς
703 1041 823 1072 ἐκείνους
842 1041 941 1076 αἰχμά-

152 1087 236 1119 λωτος
249 1088 336 1123 ἀφίκῃ
355 1087 418 1118 τοὺς
429 1087 537 1118 τόπους,
549 1087 595 1120 ἀφ’
605 1083 642 1113 ὧν
653 1087 712 1113 οὐδὲ
724 1087 772 1122 μία
782 1095 822 1113 σοι
837 1086 940 1118 λύσεως

154 1133 231 1164 ἐλπὶς
248 1133 435 1166 ὐποψσίνεται,
456 1132 607 1167 παραδόξου
628 1133 708 1167 τεύξῃ
724 1132 773 1167 τῆς
790 1132 863 1164 θείας
878 1133 940 1168 βοη-

154 1178 239 1210 θείας,
259 1179 286 1214 ἢ,
303 1178 374 1205 κατὰ
388 1178 437 1213 τὴν
453 1178 554 1204 οἰκείαν
564 1177 688 1213 δύναμιν,
697 1178 746 1212 τῆς
757 1187 786 1204 τε
803 1178 941 1213 αἰχμαλω-

154 1224 214 1256 σίας
232 1226 277 1252 καὶ
299 1225 350 1260 τῆς
368 1224 422 1251 τῶν
442 1224 611 1259 κατεχόντων
639 1223 782 1260 ἀπαλλάξῃ
808 1232 837 1250 σε
863 1224 941 1250 δυνα-

154 1269 257 1300 στείας.

189 1315 263 1350 Στίχ.
280 1317 375 1350 ια¹ηιγ’.
389 1314 499 1344 -ιΚαὶ
513 1314 560 1341 νῦν
581 1314 825 1350 ἐπισυναχθήσεται
841 1314 888 1341 ἐπὶ
910 1314 939 1341 σέ

154 1359 218 1395 ἔθνη
232 1359 325 1390 πολλὰ,
341 1360 387 1386 καὶ
411 1359 471 1386 λαοὶ
491 1359 625 1394 λέγοντες·
651 1359 880 1395 Ἐπιχαρούμεθα,
894 1360 941 1386 καὶ

155 1404 299 1439 ἐπόψονται
315 1405 362 1432 ἐπὶ
383 1403 450 1431 Σιὼν
476 1404 501 1431 οἱ
524 1404 657 1439 ὀφθαλμοὶ
677 1405 765 1440 ἡμῶν.
781 1413 791 1431 ι
811 1405 849 1440 (ρ.
876 1404 939 1439 289)

154 1451 220 1478 Τότε
235 1451 267 1489 δὴ
284 1450 346 1485 ἔθνη
368 1450 487 1477 Σκυθικὰ
509 1450 593 1477 πολλά
609 1459 638 1477 τε
655 1450 701 1477 καὶ
717 1450 842 1487 ἀνήμερα
857 1449 941 1485 (λέγει

154 1497 183 1523 δὲ
197 1497 261 1528 τοὺς
274 1496 338 1532 περὶ
362 1495 405 1522 τὸν
423 1495 506 1530 Γὼγ),
527 1495 576 1530 τὴν
593 1494 746 1530 εὐπραγίαν
762 1495 792 1521 οὺ
812 1494 940 1530 φέροντες

155 1543 202 1569 καὶ
227 1542 277 1577 τὴν
291 1541 417 1568 ἐπάνοδον
442 1541 490 1576 τὴν
503 1540 562 1576 σὴν,
578 1539 768 1566 ὲπελεὺσονταί
789 1548 840 1571 σοι,
870 1539 940 1574 μάλα

991 992 1044 1020 Sed
1056 996 1232 1027 posteaquam
1258 991 1366 1026 captiva
1383 991 1409 1017 in
1424 998 1455 1017 ea
1472 991 1529 1017 loca
1541 989 1692 1020 deveneris,
1705 988 1777 1015 unde

993 1038 1044 1065 tibi
1060 1037 1192 1065 evadendi
1208 1036 1284 1064 nulla
1304 1044 1367 1071 spes
1382 1035 1537 1071 affulgebit,
1555 1034 1681 1061 mirabile.
1695 1040 1777 1067 expe-

991 1084 1073 1112 rieris
1083 1084 1155 1111 ultra
1178 1084 1252 1110 vires
1269 1088 1330 1110 tuas
1351 1082 1396 1109 Dei
1414 1081 1563 1113 auxilium;
1583 1080 1608 1107 id
1628 1079 1729 1109 est,ille
1749 1078 1774 1105 vi

991 1129 1099 1163 propria
1115 1134 1140 1156 te
1152 1128 1264 1155 servitio
1283 1132 1310 1154 et
1333 1133 1528 1162 oppressorum
1550 1123 1672 1159 expediet
1690 1122 1777 1150 domi-

991 1174 1116 1201 natione.

1027 1315 1111 1342 Vens.
1126 1315 1214 1342 H-IS.
1231 1328 1266 1334 —
1282 1323 1291 1340 ι
1307 1313 1341 1340 Et
1356 1320 1428 1341 nunc
1443 1311 1681 1348 congregabuntur
1695 1317 1779 1345 super

990 1366 1018 1390 te
1031 1366 1125 1397 gentes
1137 1361 1227 1388 multa:
1238 1360 1385 1395 populique
1395 1380 1402 1392 ,
1422 1358 1544 1386 dicentes
1564 1366 1570 1384 :
1588 1355 1755 1384 lnsultemus
1768 1362 1775 1386 ς

991 1407 1175 1443 respiciautiu
1192 1406 1302 1433 Sionem
1313 1405 1386 1433 oculi
1403 1405 1501 1432 nostri.
1522 1413 1531 1429 ›
1545 1401 1623 1429 Tunc
1642 1400 1779 1436 Scythicae

991 1457 1086 1488 gentes
1102 1458 1256 1479 numerosae
1270 1454 1297 1478 et
1319 1457 1396 1478 saevae
1412 1449 1489 1484 (dicit
1507 1455 1571 1475 vero
1586 1446 1701 1481 Gogum)
1719 1452 1779 1480 pro-

991 1498 1147 1533 speritatem
1172 1503 1246 1524 tuam
1268 1495 1440 1530 reditumque
1456 1501 1534 1529 :equo
1552 1493 1644 1520 animo
1661 1499 1714 1519 non
1736 1491 1777 1518 fe-

992 1548 1095 1576 rentes,
1114 1543 1242 1571 invadent
1255 1545 1292 1575 te,
1307 1541 1385 1568 valde
1402 1543 1545 1575 sperantes
1559 1538 1639 1566 facile
1659 1546 1688 1566 se
1702 1545 1772 1572 qttas

155 1588 357 1624 προσδοκῶντες
389 1586 486 1623 ῥᾳδίως
501 1585 536 1612 τὰ
559 1585 689 1612 δοκοῦντα
711 1585 815 1616 ἑαυτοῖς
838 1584 884 1611 ἐπὶ
900 1585 940 1611 σοὶ

995 1589 1126 1616 voluerint
1139 1588 1189 1616 tibi
1205 1595 1342 1615 aerumnas
1355 1586 1498 1621 imponere
1514 1592 1605 1620 posse.
1637 1594 1646 1609 ι
1665 1583 1698 1610 Et
1724 1583 1777 1617 ipsi

156 1633 383 1669 καταπράξασθαι
399 1632 481 1659 κακά.
501 1641 510 1658 ι
528 1632 582 1658 Καὶ
603 1631 679 1658 αὐτοὶ
694 1632 745 1658 οὐκ
761 1631 882 1665 ἔγνωσαν
897 1630 942 1656 τὸν

155 1679 285 1714 λογισμὸν
298 1679 410 1714 Κυρίου,
424 1678 470 1704 καὶ
492 1678 522 1704 οὐ
538 1677 655 1712 συνῆκαν
671 1677 720 1712 τὴν
733 1676 830 1712 βουλὴν
847 1675 940 1708 αὐτοῦ,

157 1725 197 1751 ὅτι
213 1726 364 1759 συνήγαγεν
387 1724 495 1754 αὐτοὺς,
507 1723 544 1754 ὡς
561 1723 706 1757 δράγματα
725 1722 835 1754 ἅλωνος.
859 1731 869 1748 ι
894 1723 944 1748 Πε-

158 1770 282 1804 ποίηνται
297 1769 326 1795 δὲ
338 1767 385 1803 τὴν
398 1767 502 1801 ἔφοδον,
513 1767 552 1802 τῷ
565 1776 595 1793 τε
615 1766 712 1801 πλήθει
731 1767 778 1793 καὶ
788 1767 820 1801 τῇ
831 1766 943 1801 δυνάμει

158 1817 191 1850 τῇ
202 1814 289 1849 οἰκείᾳ
303 1813 477 1849 θαρροῦντες,
492 1812 539 1839 καὶ
553 1812 603 1838 οὐκ
622 1812 721 1843 ειδότες
746 1812 793 1838 τοῦ
810 1812 943 1846 ἡμετέρου

160 1859 226 1885 Θεοῦ
239 1859 287 1894 τὴν
303 1858 415 1893 γνώμην
429 1865 436 1872 ·
456 1857 484 1889 ὃς
500 1857 544 1883 διὰ
559 1856 637 1883 τοῦτο
653 1856 840 1892 συνεχώρησεν
854 1857 944 1888 αὐτοῖς

160 1905 206 1930 ἐπὶ
215 1905 261 1930 τὸν
275 1904 391 1938 πόλεμον
403 1903 497 1930 τοῦτον
513 1903 679 1937 βουληθεῖσιν
692 1902 820 1934 ἐξελθεῖν,
836 1903 880 1929 ἵνα
894 1903 944 1937 τήν

161 1959 190 1977 τε
204 1951 268 1985 περὶ
283 1951 354 1985 ὑμᾶς
361 1949 482 1984 ἐπιδείξῃ
490 1949 667 1985 κηδεμονίαν,
675 1949 722 1976 καὶ
730 1950 778 1984 τὴν
792 1949 896 1976 οίκείαν
905 1951 945 1981 είς

162 1995 258 2026 αὐτοὺς
280 1994 375 2030 ἐλέγξῃ
396 1994 519 2028 δύναμιν,
530 1994 608 2029 δίκην
617 1994 799 2029 θεριζομένων
822 1994 945 2029 δραγμά-

162 2048 215 2066 των
226 2041 272 2066 καὶ
289 2041 329 2071 είς
337 2040 427 2066 Ξιλωνα
439 2039 651 2074 ἀποτιθεμένων,
664 2041 767 2071 πάντας
776 2039 874 2071 αὐτοὺς
885 2041 946 2071 ταῖς

163 2088 278 2121 σφαγαῖς
303 2085 358 2113 τῶν
389 2086 528 2121 ὑμετέρων
554 2086 653 2121 χειρῶν
680 2086 815 2118 ἐκδιδούς·
841 2087 889 2113 καὶ
908 2087 946 2119 ὡς

163 2133 248 2168 τούτῳ
264 2140 296 2166 γε
311 2132 418 2163 πάντως
445 2131 566 2167 ἐσομένῳ
580 2131 700 2167 θαρρῶν,
715 2131 789 2166 λέγει
804 2132 872 2167 πρὸς
883 2133 946 2164 τοὺς

169 2179 353 2214 Ἰσραηλίτας·
386 2187 396 2203 ι
425 2178 569 2212 Ἀνάστηθι
597 2179 644 2204 καὶ
665 2178 731 2205 ἀλόα
754 2178 877 2210 αὐτοὺς,
901 2177 947 2204 θύ-

164 2233 247 2260 γατερ
258 2224 336 2251 Σιών.
355 2233 364 2250 ι
383 2223 509 2250 Λαῦοῦσα
537 2223 576 2256 δὲ,
594 2223 687 2258 φησὶν,
713 2224 812 2255 αὐτοὺς
838 2224 947 2259 ὑποχει-

165 2271 237 2305 ρίους
247 2271 279 2305 τῇ
293 2270 405 2305 δυνάμει
430 2269 476 2296 τοῦ
503 2269 582 2299 Θεοῦ,
607 2269 710 2300 πάντας
739 2269 837 2300 αὐτοὺς
862 2269 899 2299 ὡς
918 2269 948 2295 ἐν

164 2315 246 2342 ᾶλωνι
267 2315 404 2349 διαφόροις
431 2314 574 2349 σύντριψον
603 2314 650 2340 καὶ
677 2313 866 2340 κατανάλωσον
887 2314 948 2344 ταῖς

165 2361 290 2394 σφαγαῖς.
308 2369 317 2385 ι
337 2359 398 2385 Ὂτι
413 2359 449 2386 τὰ
464 2359 568 2394 κέρατά
584 2367 630 2385 σου
645 2359 762 2394 θήσομαι
776 2358 885 2394 σιδηρᾶ,
901 2359 948 2386 καὶ

163 2404 213 2435 τὰς
234 2403 319 2434 όπλάς
335 2411 381 2429 σου
403 2402 519 2438 θήσομαι
543 2402 655 2437 χαλκᾶς.
678 2412 687 2428 ι
706 2403 814 2429 Δέδωκα
836 2403 890 2437 γάρ
907 2411 947 2429 σοι

164 2448 276 2482 δύναμιν
286 2449 337 2482 οὐχ
354 2445 433 2482 ἦττον
449 2447 564 2482 σιδηρῶν
580 2448 712 2483 κεράτων,
724 2447 873 2482 ἀμύνεσθαι
885 2449 950 2479 τοὺς

165 2493 302 2525 ἐναντίους
319 2493 469 2527 ἀρκοῦσαν,
489 2494 535 2519 καὶ
551 2494 646 2520 πατεῖν
660 2493 759 2528 μᾶλλον
770 2493 787 2528 ἢ
800 2493 895 2523 ὁπλαῖς
906 2501 948 2524 τις

165 2540 278 2575 χαλκαῖς
307 2539 447 2574 χρώμενος
477 2539 624 2573 πατήσειεν
653 2539 695 2565 ἄν.
720 2538 757 2574 (p.
785 2539 848 2572 290)
864 2548 873 2564 ι
894 2539 949 2566 Kal.

166 2583 326 2619 κατατήξεις
341 2584 369 2610 ἐν
385 2583 479 2614 αὑταῖς
494 2582 568 2617 ἔθνη,
581 2583 628 2609 καὶ
639 2583 778 2615 λεπτυνεῖς
791 2583 870 2615 λαοὺς
885 2583 950 2609 πολ-

166 2628 227 2660 λούς
237 2637 244 2644 ·
261 2629 307 2655 καὶ
318 2628 462 2663 ἀναθήσεις
473 2628 511 2662 τῷ
523 2627 618 2663 Κυρίῳ
631 2628 662 2654 τὺ
673 2628 773 2663 πλῆθος
783 2628 884 2661 αὐτῶν,
902 2629 949 2655 καὶ

165 2672 213 2707 τὴν
227 2673 303 2707 ἰσχὺν
320 2672 409 2699 αὐτῶν
423 2672 463 2707 τῷ
479 2673 574 2707 Κυρίῳ
587 2672 676 2708 πάσης
690 2673 740 2707 τῆς
755 2674 815 2708 γῆς.
829 2682 839 2699 ι
856 2673 948 2708 Ταύτῃ

166 2717 197 2752 δὴ
211 2718 245 2752 τῇ
261 2716 337 2751 παρὰ
350 2716 398 2743 τοῦ
408 2716 474 2743 Θεοῦ
490 2725 530 2743 σοι
548 2717 738 2754 χορηγουμένῃ
755 2719 824 2752 ῥοτιῇ
845 2717 948 2750 πάντας

168 2762 264 2793 αὐτοὺς
284 2762 408 2796 ἀφανιεῖς
432 2762 579 2794 παντελῶς,
601 2762 741 2794 πλείστους
752 2771 783 2797 γε
797 2763 886 2795 ὄντας,
901 2765 948 2791 καὶ

167 2808 266 2840 παντὸς
281 2807 330 2834 τοῦ
357 2807 474 2842 πλήθους
484 2808 572 2834 αὐτῶν
583 2808 631 2843 τὴν
642 2808 778 2836 ἀπώλειαν
790 2809 875 2843 λογιεῖ
890 2810 947 2846 (58)

993 1642 1046 1662 non
1062 1637 1249 1670 cognoverunt
1262 1632 1456 1667 cogitationem
1471 1630 1588 1661 Domini,
1600 1636 1688 1664 neque
1701 1627 1780 1655 intel-

992 1681 1117 1708 lexerunt
1139 1680 1285 1707 consilium
1308 1678 1380 1713 ejus,
1403 1677 1477 1712 quod
1499 1683 1596 1711 nempe
1618 1674 1781 1702 adunaverit

992 1734 1039 1754 eos
1052 1726 1130 1761 quasi
1144 1725 1296 1760 manipulos
1310 1731 1392 1751 area).
1405 1733 1414 1750 ι
1430 1722 1634 1758 Expeditionem
1658 1720 1781 1748 fecerunt

994 1778 1108 1798 numero
1122 1770 1281 1804 viribusque
1293 1769 1350 1796 suis
1362 1767 1541 1798 confidentes,
1560 1766 1608 1794 sed
1628 1765 1676 1793 Dei
1692 1764 1778 1792 nostri

994 1816 1157 1844 sententiam
1177 1815 1347 1847 nescientes;
1369 1813 1416 1849 qui
1440 1821 1488 1842 eos
1512 1812 1614 1839 idcirco
1638 1811 1702 1838 sivit
1728 1810 1780 1837 hoc

994 1862 1092 1897 cupide
1112 1862 1214 1889 bellum
1240 1864 1334 1889 contra
1348 1867 1397 1888 vos
1414 1859 1564 1894 suscipere.
1588 1861 1617 1884 ut
1635 1856 1782 1891 providen.

995 1909 1059 1935 tiam
1072 1915 1136 1942 erga
1159 1914 1208 1934 vos
1225 1913 1302 1934 suam
1325 1905 1493 1936 ostenderet,
1511 1908 1539 1930 et
1559 1902 1631 1930 vires
1654 1901 1780 1936 proprias

995 1957 1143 1984 exsereret,
1163 1951 1350 1979 demessorum
1368 1950 1455 1977 instar
1476 1947 1677 1982 manipulorum
1701 1945 1782 1980 190

995 2002 1023 2025 et
1039 1997 1066 2024 in
1083 2004 1144 2024 area
1168 1996 1351 2031 repositorum
1362 2014 1370 2026 ,
1391 1994 1534 2021 universos
1550 1993 1612 2019 illos
1626 1995 1779 2018 vestrarum

996 2049 1125 2070 manuum
1140 2041 1207 2069 cadi
1224 2040 1398 2068 contradens.
1416 2040 1504 2074 Atque
1521 2039 1573 2065 hac
1585 2045 1614 2064 re
1628 2037 1687 2065 sine
1697 2035 1781 2063 dubio

995 2092 1123 2116 eventura
1137 2087 1256 2117 laetatus,
1271 2086 1337 2113 dicit
1353 2084 1504 2112 lsraelitis:
1519 2093 1528 2109 ι
1543 2082 1630 2117 Surge
1641 2086 1668 2109 et
1682 2082 1780 2108 tritura

995 2141 1054 2165 eos,
1078 2133 1132 2160 filia
1150 2133 1225 2160 Sion.
1247 2141 1256 2158 ι
1286 2130 1342 2159 llos
1356 2131 1415 2163 ,tibi
1441 2131 1544 2158 virtute
1562 2129 1608 2156 Dei
1629 2127 1778 2162 subjectos,

997 2185 1127 2214 tanquam
1148 2178 1176 2205 in
1192 2184 1255 2205 area
1269 2176 1353 2204 variis
1367 2179 1479 2203 contere
1504 2178 1532 2202 et
1547 2180 1679 2201 consume
1696 2172 1780 2199 caedi-

997 2225 1058 2252 bus.
1080 2233 1089 2250 ι
1101 2222 1167 2250 Nam
1186 2229 1289 2250 cornua
1304 2225 1352 2248 tua
1377 2227 1477 2256 ponam
1498 2219 1602 2251 ferrea,
1615 2223 1643 2245 et
1665 2217 1780 2252 tutgulas

1002 2275 1060 2299 tuas
1079 2275 1177 2303 ponam
1197 2274 1294 2294 areas.
1315 2275 1325 2292 ι
1339 2265 1457 2301 ¹(Σοιιιιιιί
1482 2263 1532 2291 tibi
1555 2263 1626 2291 haud
1647 2262 1780 2290 minorem

1000 2314 1130 2342 cornibus
1153 2313 1250 2340 ferreis
1266 2312 1331 2342 vim,
1354 2318 1408 2346 qua
1427 2310 1588 2345 propulsare
1607 2307 1781 2336 adversarios

1000 2359 1102 2388 valeas.
1117 2359 1224 2392 eosque
1245 2356 1332 2391 magis
1347 2357 1510 2382 conculcare
1521 2360 1602 2388 quam
1615 2352 1639 2380 si
1656 2351 1717 2386 quis
1730 2358 1782 2377 un-

1000 2404 1070 2439 gulis
1090 2402 1168 2430 aereis
1187 2402 1317 2437 praeditus
1331 2405 1417 2428 esset.
1437 2408 1447 2426 ι
1466 2399 1499 2426 Et
1516 2399 1558 2426 his
1580 2396 1782 2426 contabefacies

1000 2453 1181 2483 conteresque
1206 2447 1321 2482 populos
1342 2446 1459 2478 multos;
1482 2448 1510 2472 et
1525 2444 1579 2471 Deo
1606 2441 1782 2471 consecrabis

999 2493 1200 2522 multitudinem
1223 2493 1346 2523 illorum.
1370 2495 1397 2518 et
1418 2489 1605 2518 fortitudinem
1622 2487 1781 2516 earumdem

1000 2539 1115 2567 Domino
1131 2539 1265 2566 universae
1279 2542 1369 2565 terra.
1388 2546 1398 2564 ι
1417 2536 1465 2564 llis
1480 2536 1529 2563 tibi
1545 2542 1560 2561 a
1572 2534 1626 2561 Deo
1641 2533 1782 2561 concessis

997 2584 1102 2612 viribus
1119 2583 1211 2611 hostes
1222 2591 1317 2610 omnes
1331 2589 1445 2617 prorsus
1455 2580 1608 2615 disperdes,
1623 2585 1780 2613 quanquam

999 2629 1117 2665 plurimo
1137 2635 1267 2661 numero;
1291 2631 1320 2655 et
1340 2627 1473 2655 universae
1502 2625 1579 2660 ejus'
1597 2623 1780 2652 multitudinis

999 2674 1134 2703 excidium
1147 2673 1202 2700 Deo
1219 2672 1382 2707 imputabis,
1397 2672 1443 2706 qui
1460 2679 1521 2699 cum
1541 2670 1626 2697 totius
1648 2672 1728 2696 terra:
1746 2668 1782 2695 sit

1000 2721 1142 2751 Dominus.
1159 2724 1243 2747 totam
1255 2719 1364 2746 illorum
1377 2725 1426 2753 pro
1439 2724 1491 2744 suo
1504 2716 1580 2744 lihito
1593 2713 1782 2742 fortitudinem

1000 2766 1165 2794 exsufflabit.
1185 2764 1287 2792 Deinde
1301 2764 1420 2792 hostium
1438 2761 1640 2797 aggressionem
1651 2763 1780 2788 narrans,

1001 2812 1080 2846 cujus
1094 2817 1177 2837 causa
1192 2817 1252 2844 qua:
1268 2816 1350 2844 supra
1366 2812 1430 2836 sunt
1442 2807 1513 2834 dicta
1527 2805 1675 2841 patientur,
1694 2802 1747 2829 ait:

206 2905 264 2942 (38)
281 2905 349 2934 Cod.
367 2905 428 2934 Vat.
440 2906 527 2942 λογιῇ,
559 2906 619 2934 cod.
644 2906 785 2935 Vindobon
802 2907 942 2943 dvzloytai',

995 2917 1005 2936 ε
1019 2908 1111 2943 Wegn.
1126 2907 1177 2943 legi
1191 2907 1293 2934 mavult
1312 2906 1462 2941 ἀναλογιείς
1474 2906 1517 2941 (1’).
