1981 3073
155 155 214 183 373

655 155 930 185 COMMENTARIUS
948 153 983 182 IN
1001 153 1154 182 MlCHIE/E
1176 154 1252 182 CAP.
1272 154 1304 182 V.

1732 154 1786 181 376

155 215 250 242 λεύειν
264 214 311 242 τοῦ
328 215 436 250 Ἰσραὴλ
458 215 603 252 ἁρμόσειεν
622 216 665 250 ἂν,
680 217 731 249 ὀὒς
751 217 888 244 παιδεύειν
905 216 953 249 μὲν

1007 215 1188 247 incarnatum,
1206 214 1233 241 in
1252 220 1305 248 quo
1321 214 1532 248 promissionum
1554 221 1665 243 suarum
1686 214 1784 240 verita-

156 259 368 294 ἁμαρτάνοντας
396 260 575 294 ὑπισχνεῖται,
604 261 634 287 οὐ
661 262 716 296 μὴν
741 261 880 293 παντελῶς
907 261 953 293 ἐξ-

157 304 291 330 ωθεῖσθαι
316 305 365 340 τῆς
389 304 543 339 βασιλείας·
566 306 661 341 μηνύει
687 307 715 333 δὲ
736 307 889 342 προϐαίνων
907 307 953 333 τὸν

158 350 234 376 κατὰ
249 350 346 386 σάρκαΔ
360 351 497 385 Δεσπότην
519 351 645 385 Χριστὸν,
667 353 709 386 ἐφ’
732 351 817 388 οὗπερ
830 353 884 380 τῶν
902 354 953 380 ἐπ-

158 394 297 428 αγγελιῶν
312 395 364 421 τῶν
374 395 481 421 οἰκείων
496 395 594 431 ἀληθὲς
610 396 693 429 ἔδειξε
707 398 737 424 τὸ
751 397 837 434 πέρας
847 398 861 424 ὀ
875 399 952 429 Θεὸς·

157 439 191 465 τὸ
208 439 274 474 γὰρ,
300 449 310 465 ε
337 439 460 475 Θήσομαι
479 441 519 472 εἰς
542 441 588 467 τὸν
612 441 698 469 αἰῶνα
724 442 770 469 τοῦ
799 443 894 475 αἰῶνος
921 443 954 470 τὸ

159 484 274 520 σπέρμα
288 485 381 516 αὐτοῦ,
395 485 443 511 καὶ
458 485 503 512 τὸν
520 486 612 521 θρόνον
633 487 715 514 αὑτοῦ
731 487 768 520 ὡς
779 488 830 520 τὰς
845 489 953 524 ἡμέρας

158 529 208 556 τοῦ
229 530 355 565 οὐρανοῦ,
369 531 414 557 καὶ
440 531 470 557 τὸ
494 531 603 566 σπέρμα
628 533 708 559 αὐτοῦ
733 534 772 565 εἰς
794 533 840 560 τὸν
866 534 952 561 αἰῶνα

160 574 248 609 μένει,
263 576 310 601 καὶ
323 576 336 602 ό
354 575 447 610 θρόνος
461 576 544 603 αὑτοῦ
563 577 601 609 ὡς
623 578 637 604 ό
656 578 729 612 ἥλιος
752 578 871 605 ἐναντίον
889 587 950 614 μου,

158 620 209 646 καὶ
226 620 264 652 ὠς
277 621 293 656 ἡ
308 621 404 657 σελήνη
422 623 625 659 κατηρτισμένη
643 624 682 656 εἰς
696 624 740 650 τὸν
753 624 867 656 αἰῶνα,›
885 626 952 660 πρό-

158 665 240 700 δηλον
255 666 294 698 ὠς
312 667 355 692 ἐπ’
371 667 476 699 οὐδενὸς
500 668 549 703 μὲν
571 669 625 695 τῶν
648 668 775 704 διαδόχων
794 670 848 702 ἐξει
861 669 952 705 χώραν

159 711 310 747 λεγόμενα”
334 713 372 748 (p.
396 713 459 748 295)
489 714 581 748 σαφῶς
608 715 636 741 δέ
662 715 709 741 τοῦ
732 715 866 741 Δεσπότου
886 716 953 751 Χρι-

160 755 227 782 στοῦ
236 756 354 783 δείκνυσι
366 757 415 792 τὴν
428 757 564 792 βασιλείαν
575 759 684 795 διηνεκῆ
693 768 723 785 τε
737 759 783 786 καὶ
796 760 952 791 ἀσάλευτον,

161 801 233 836 μετὰ
248 802 346 838 πολλῆς
360 803 412 838 μὲν
422 803 472 839 τῆς
488 804 639 839 δυνάμεως,
657 804 757 840 πολλῆς
772 805 799 831 δέ
818 805 867 840 τῆς
885 805 953 840 λαμ-

161 848 306 883 πρότητος,
330 849 370 880 εἰς
393 848 441 875 τὸν
463 849 558 876 ἔπειτα
580 849 724 885 διαμένον·
740 848 810 876 οὕτω
835 850 881 875 καὶ
904 849 952 884 τὴν

1005 265 1059 287 tem
1081 260 1182 287 exitum
1208 259 1336 287 habuisse
1355 261 1475 288 ostendit
1493 261 1574 288 Deus.
1590 260 1655 287 Nam
1677 259 1758 286 verba
1776 267 1783 285 :

1008 305 1123 332 «Ponant
1134 305 1160 332 in
1174 305 1303 332 steculum
1316 305 1407 332 saeculi
1422 314 1514 334 semen
1527 307 1604 341 ejus;
1617 313 1644 333 et
1656 306 1783 332 thronum

1004 349 1064 384 ejus
1078 350 1149 376 sicut
1163 349 1222 377 dies
1232 350 1305 381 caeli;
1321 354 1348 377 et
1362 357 1453 377 semen
1464 351 1522 385 ejus
1535 351 1653 378 manebit
1668 351 1694 378 in
1707 355 1785 378 aeter-

1004 403 1086 427 num;
1101 399 1127 422 et
1142 396 1258 423 thronus
1270 395 1329 430 ejus
1350 395 1420 422 sieut
1442 395 1481 422 sol
1502 396 1529 422 in
1549 399 1695 430 conspectu
1713 403 1783 425 meo.

1004 445 1031 467 et
1056 440 1127 468 sicut
1144 441 1208 467 luna
1226 440 1346 475 perfecta
1364 440 1392 467 in
1413 444 1544 468 veternum
1555 441 1784 472 “,motissimum

1004 490 1046 514 est
1062 487 1096 513 de
1117 486 1225 514 nemine
1239 493 1431 514 successorum
1447 485 1557 512 Davidis
1571 486 1623 512 dici
1641 486 1760 521 potuisse
1775 495 1783 513 ι

1005 533 1148 567 perspicue
1159 537 1248 560 autem
1260 532 1362 559 Christi
1377 530 1483 558 Domini
1499 538 1612 566 regnum
1625 535 1784 566 perpetuum

1004 577 1163 610 ostendere,
1186 582 1213 604 et
1232 577 1370 604 immobile
1385 577 1470 604 multa
1487 584 1549 603 cum
1568 576 1668 603 virtute
1688 576 1786 602 multo—

1002 630 1056 658 que
1069 623 1212 658 splendore
1222 623 1249 649 in
1266 627 1405 657 posterum
1417 625 1469 649 tem
1475 630 1527 657 pus
1539 625 1783 656 perseveraturum.

1002 668 1091 703 Atque
1105 668 1141 694 ita
1156 675 1276 702 praesens
1288 667 1484 697 testimonium,
1496 666 1661 693 conveniens
1676 665 1785 700 quidem

1003 713 1153 741 secundum
1170 713 1312 741 veritatem
1333 717 1414 746 atque
1429 712 1591 739 evidentiam
1609 715 1730 737 actarum
1744 718 1786 736 re—

1003 767 1063 786 rum
1089 758 1288 793 comperiemus
1314 759 1340 785 in
1356 758 1464 785 Christo
1475 757 1597 787 Domino.
1614 756 1691 791 juxta
1706 763 1788 783 evan-

1004 805 1119 840 gelicum
1137 808 1239 830 textum
1258 804 1298 830 ⁸⁶ε
1314 803 1360 831 sed
1382 807 1470 830 tamen
1489 803 1541 829 dici
1555 802 1635 829 etiam
1648 801 1681 828 de
1694 805 1785 835 poste-

1005 847 1043 874 ris
1061 846 1189 880 Davidis,
1205 847 1252 882 qui
1272 855 1320 882 per
1341 851 1462 881 tempora
1485 846 1634 873 secundant
1657 846 1702 872 Dei
1723 853 1786 880 pro-

161 892 303 928 παροῦσαν
321 893 472 929 μαρτυρίαν
485 893 672 930 ἁρμόττουσαν
690 893 739 929 μὲν
757 894 828 920 κατὰ
843 894 873 920 τὸ
886 894 952 929 ἀλη-

1004 893 1162 920 missionem
1187 900 1263 927 reges
1287 892 1394 920 lsraelis
1409 893 1572 919 exstiterunt
1592 900 1598 918 :
1620 891 1691 918 unde
1712 898 1786 918 nunc

163 936 210 968 θὲς
223 937 269 964 καὶ
290 938 483 974 ἀναντίρρητον
504 939 558 965 τῶν
585 939 755 974 πραγμάτων
781 939 830 966 ῑδοι
851 948 894 970 τις
921 940 954 966 ἂν

161 984 209 1010 ἐπὶ
223 983 268 1010 τοῦ
286 985 422 1011 Δεσπότου
444 985 573 1020 Χριστοῦ,
592 985 662 1012 κατὰ
688 985 737 1020 τὴν
748 986 777 1011 ἐν
796 986 852 1016 τοῖς
869 985 955 1018 Εὑαγ-

161 1027 261 1061 γελίοις
287 1029 394 1063 φωνήν·
419 1028 573 1064 λεγομένων
592 1029 625 1055 ἐκ
647 1028 694 1056 τοῦ
721 1029 802 1055 Δαυὶδ
824 1029 954 1064 βασιλέων

161 1072 210 1099 τοῦ
229 1073 335 1108 Ἰσραὴλ
354 1074 397 1101 διὰ
417 1073 466 1109 τὴν
483 1074 647 1108 ἐπαγγελίαν
661 1075 710 1109 τὴν
729 1074 820 1101 θείαν·
842 1075 903 1102 ὅθεν
923 1075 954 1111 δὴ

162 1118 212 1144 καὶ
232 1117 278 1144 νῦν
297 1119 312 1145 ό
337 1119 490 1153 προφήτης,
511 1119 557 1145 ἐπὶ
573 1119 619 1146 τοῦ
638 1119 789 1155 Ζοροϐάϐελ
810 1120 894 1155 αὐτὴν
911 1120 954 1152 ἐξ·

161 1163 272 1198 εἰληφεν
290 1164 417 1195 εἰκότως·
434 1163 529 1198 ἐπειδὴ
539 1165 593 1200 γὰρ
609 1164 643 1191 τὰ
661 1165 730 1200 μετὰ
753 1165 802 1200 τὴν
825 1166 954 1192 ἐπάνοδον

161 1207 239 1242 ἔλεγε
255 1208 304 1243 τὴν
325 1208 378 1235 ἀπὸ
399 1209 566 1241 Βαϐυλῶνος,
583 1211 630 1236 καὶ
649 1210 699 1245 τὴν
711 1210 805 1244 ἔφοδον
820 1210 875 1236 τῶν
891 1210 954 1245 περὶ

160 1251 208 1278 τὸν
222 1252 292 1286 Ρὼγ,
305 1253 355 1289 τήν
371 1261 401 1279 τε
416 1253 607 1288 ἐπενεχθεῖσαν
625 1254 717 1286 αὐτοῖς
731 1255 806 1290 παρὰ
824 1255 870 1281 τοῦ
886 1255 955 1281 Θεοῦ

159 1298 307 1332 τιμωρίαν,
321 1298 472 1330 ἀκολούθως
488 1299 624 1335 μέμνηται
641 1299 688 1326 καὶ
701 1299 747 1326 τοῦ
765 1300 823 1326 κατ’
834 1301 953 1334 ἐπαγγε-

161 1342 222 1368 λίαν
239 1343 313 1370 θείαν
329 1343 361 1370 ἐκ
377 1345 426 1379 τῆς
440 1344 486 1371 τοῦ
503 1346 585 1372 Δαυίδ
597 1345 721 1381 διαδοχῆς
739 1345 788 1381 τὴν
805 1346 891 1382 ἀρχὴν
906 1346 953 1372 αὑ-

159 1387 216 1414 τῶν
235 1387 295 1414 τότε
318 1389 544 1425 πεπιστευμένου,
563 1390 601 1422 ὡς
626 1390 658 1417 ἂν
673 1391 784 1423 δείξειεν
800 1392 847 1418 καὶ
863 1391 896 1418 τὰ
910 1391 953 1418 διὰ

1002 938 1084 965 etiam
1104 938 1236 973 propheta
1261 939 1296 966 de
1317 938 1484 965 Zorobabele
1515 939 1613 965 merito
1642 937 1784 964 intellexit.

1003 983 1069 1011 Nam
1085 992 1147 1011 cum
1160 985 1194 1012 de
1204 984 1286 1011 rebus
1296 989 1355 1018 post
1371 984 1486 1011 reditum
1496 983 1632 1019 Babylone
1649 984 1784 1017 laqnatur,

1003 1033 1029 1056 et
1041 1028 1075 1056 de
1083 1028 1150 1064 (ἱοεί
1167 1029 1334 1060 incursione,
1347 1031 1528 1056 consentanee
1541 1027 1663 1054 meminit
1674 1032 1701 1054 et
1713 1027 1785 1054 illius

1003 1075 1037 1102 de.
1064 1074 1175 1102 Davidis
1193 1075 1278 1110 stirpe
1306 1074 1441 1105 hominis,
1469 1073 1513 1100 cui
1535 1077 1599 1100 tunc
1618 1073 1786 1108 principatus

1002 1120 1118 1147 traditus
1133 1124 1207 1151 erat;
1220 1124 1249 1146 ut
1264 1118 1390 1146 oslendat
1400 1139 1407 1151 .
1422 1125 1591 1152 quaecunque
1606 1118 1650 1144 hic
1665 1118 1698 1144 ad
1712 1118 1786 1145 salu-

1002 1169 1055 1194 tem
1068 1165 1157 1200 gentis
1172 1165 1286 1196 fecerit,
1305 1173 1336 1192 ea
1350 1172 1382 1191 ex
1399 1164 1444 1192 Dei
1469 1163 1502 1190 ad
1524 1163 1649 1190 Davidem
1668 1163 1786 1198 promis—

1002 1212 1079 1240 sione
1098 1211 1151 1238 vim
1168 1211 1317 1245 accepisse.
1335 1209 1411 1237 Unde
1425 1213 1452 1238 et
1469 1209 1535 1236 dixit
1551 1218 1558 1236 :
1583 1218 1592 1234 ε
1609 1208 1786 1244 Egressiones

1001 1256 1062 1290 ejus
1078 1255 1113 1282 ab
1127 1255 1217 1287 initio,
1235 1262 1249 1281 a
1259 1255 1355 1282 diebus
1370 1255 1531 1282 aeternitatis
1542 1263 1564 1280 ε»
1582 1254 1681 1289 quibus
1696 1254 1786 1281 verbis

1005 1301 1149 1336 signiﬁcat,
1159 1300 1231 1335 quod
1243 1308 1325 1336 sppra
1338 1301 1441 1327 dictum
1456 1299 1507 1327 fuit
1520 1304 1601 1334 atque
1609 1299 1784 1334 promissum,

1006 1345 1033 1373 id
1047 1346 1131 1373 Deum
1144 1353 1239 1381 reapse
1255 1345 1473 1380 pronuntiavisse
1488 1364 1496 1377 ,
1514 1348 1596 1380 atque
1614 1344 1648 1372 ab
1666 1343 1742 1372 initio
1757 1349 1786 1370 ut

1007 1391 1066 1419 ﬁeri
1080 1395 1183 1426 posset,
1202 1391 1389 1418 constituisse.
1404 1389 1500 1417 Postea
1517 1390 1611 1417 addit:

159 1433 255 1461 τούτου
279 1436 342 1470 περί
365 1436 394 1462 τὸ
418 1436 493 1468 ἔθνος
514 1437 738 1473 κατορθωθέντα,
764 1438 807 1465 διὰ
822 1437 933 1474 τὴνῆδη
953 1439 1137 1474 γεγενημένην
1169 1438 1238 1474 πρὸς
1267 1438 1312 1464 τὸν
1348 1436 1428 1463 Δαυῒδ
1454 1436 1618 1471 ἐπαγγελίαν
1649 1435 1695 1462 τοῦ
1719 1435 1789 1462 Θεοῦ

160 1482 211 1517 τὴν
225 1482 301 1517 ἰσχὺν
321 1482 474 1518 εἰληφέναι*
488 1483 549 1511 ὅθεν
575 1485 620 1511 καὶ
645 1482 722 1512 εἶπεν
751 1484 791 1518 τὸ,
813 1494 822 1511 ε
840 1485 873 1511 At
891 1485 975 1517 ἔξοδοι
1001 1485 1081 1512 αὐτοῦ
1101 1486 1147 1512 ἀπ’
1165 1485 1251 1520 ἀρχῆς
1274 1484 1304 1516 ἐξ
1323 1483 1433 1519 ἡμερῶν
1450 1483 1562 1514 αἰῶνος·
1581 1492 1590 1509 ι
1607 1483 1650 1509 ἴνα
1668 1483 1732 1518 εῐπῃ
1748 1482 1788 1508 ὅτι

160 1529 196 1555 τὰ
210 1528 312 1556 ἄνωθεν
328 1529 457 1564 εἰρημένα
474 1538 503 1556 τε
528 1531 574 1557 καὶ
594 1531 796 1567 ἐπηγγελμένα,
829 1531 905 1567 παρὰ
930 1531 977 1558 τοῦ
998 1531 1065 1558 Θεοῦ
1083 1530 1263 1567 προεϐάλετο·
1285 1529 1378 1556 τοῦτον
1406 1530 1446 1561 εἰς
1461 1529 1509 1564 τὴν
1529 1528 1615 1564 ἀρχὴν
1644 1526 1790 1564 δυνηθῆναί

161 1582 191 1600 τε
204 1575 339 1610 πεποίηκε
355 1575 475 1602 τοιαῦτα.
490 1574 555 1602 Εἷτα
571 1577 677 1610 ἐπάγει·

198 1662 272 1697 Στίχ.
286 1666 321 1697 γ’,
339 1663 368 1690 δ’.
383 1679 417 1684 -——
436 1673 445 1689 I
464 1664 514 1691 Διὰ
527 1664 605 1691 τοῦτο
616 1665 694 1692 δώσει
708 1666 806 1698 αὐτοὺς
824 1667 876 1698 ἕως
894 1675 953 1693 και-

1043 1665 1124 1692 Vens.
1143 1665 1169 1697 5,
1184 1665 1211 1692 4.
1227 1681 1260 1685 —
1276 1674 1284 1690 ι
1297 1664 1444 1700 Propterea
1462 1663 1538 1692 dabit
1565 1671 1612 1692 eos
1639 1671 1725 1699 usque
1753 1664 1788 1691 ad

164 1708 212 1743 ροῦ
228 1709 373 1743 τικτούσης
390 1710 505 1742 τέξεται.
523 1720 532 1736 ι
548 1712 656 1738 Ὠδίνειν
672 1713 719 1739 καὶ
738 1712 839 1739 τίκτειν
855 1712 953 1739 πολλά-

165 1761 210 1784 κις
225 1755 241 1788 ἡ
257 1753 316 1780 θεία
330 1754 403 1788 λέγει
419 1755 513 1791 Γραφὴ
531 1756 568 1791 (p.
580 1756 643 1790 294)
659 1757 689 1783 τὸ
705 1758 734 1783 ἐν
750 1758 823 1793 μέσῳ
833 1758 886 1785 τῶν
897 1759 952 1786 δει-

165 1798 219 1824 νῶν
231 1799 379 1833 παράδοξον
389 1802 438 1834 τὴν
449 1801 522 1827 θείαν
533 1801 724 1835 ἀναφαίνεσθαι
734 1802 872 1838 βοήθειανη
880 1804 951 1830 οὕτω

165 1841 242 1876 λέγει
253 1843 294 1875 τὸ,
310 1852 320 1868 Ι
341 1844 389 1870 Διὰ
401 1844 447 1870 τὸν
460 1845 541 1879 φόϐον
555 1854 611 1877 σου,
625 1846 721 1880 Κύριε,
734 1847 762 1873 ἐν
777 1848 876 1883 γαστρί
889 1847 949 1875 ἐλά-

168 1886 264 1921 ϐομεν,
283 1888 329 1914 καὶ
340 1888 518 1924 ὠδινήσαμεν,
535 1890 582 1915 καὶ
597 1890 725 1925 ἐτέκομεν
736 1891 844 1926 πνεῦμα
862 1901 950 1926 σωτη-

166 1931 227 1965 ρίας
241 1931 255 1957 ὅ
275 1932 403 1967 ἐποίησας
420 1933 466 1959 ἐπὶ
486 1933 535 1968 τῆς
550 1934 617 1969 γῆς·
636 1944 646 1960 σ
664 1935 707 1961 ἵνα
723 1936 797 1970 εἴπῃ,
808 1936 848 1962 ὅτι
866 1936 949 1972 Ὑπὲρ

164 1973 202 2002 ὧν
216 1977 386 2013 ἐφοϐούμεθά
401 1986 441 2011 σε,
458 1979 638 2014 συνελάϐομεν
658 1981 686 2006 ἐν
698 1980 787 2012 αὐτοῖς
799 1981 847 2016 τὴν
863 1981 948 2017 ἀπόρ-

166 2022 248 2057 ρητόν
263 2031 311 2049 σου
323 2023 413 2058 χάριν,
428 2024 473 2058 ἀφ’
488 2022 521 2060 ἧς
533 2024 576 2051 διὰ
585 2025 687 2052 πολλῶν
699 2026 799 2053 ὠδίνων
810 2028 837 2053 ἐν
851 2027 889 2062 τῷ
899 2036 948 2062 με-

165 2067 240 2101 γέθει
253 2067 307 2094 τῶν
321 2068 413 2095 κακῶν
423 2069 544 2104 σωτηρία
555 2071 622 2104 ἡμῖν
636 2070 771 2107 ἀπετέχθη
780 2072 927 2107 παράδοξος
938 2080 946 2087 ·

166 2110 304 2137 κάνταῦθα
316 2111 404 2138 τοίνυν
415 2111 452 2144 ὠς
469 2113 501 2139 ἂν
512 2113 561 2146 τῆς
577 2113 752 2150 Ἰερουσαλὴμ
767 2115 948 2151 συλλαϐούσης

165 2164 195 2182 τε
209 2156 243 2182 ἐκ
254 2157 304 2191 τῆς
317 2156 391 2189 θείας
403 2157 512 2193 χάριτος
526 2158 573 2185 καὶ
587 2159 636 2194 τὴν
645 2159 747 2196 δωρεὰν
761 2161 947 2196 ἁποτεκούσης

167 2201 277 2237 ταύτην,
291 2203 336 2237 ἀφ’
350 2201 384 2238 ἦς
398 2204 474 2230 αὐτοί
495 2213 525 2231 τε
544 2204 759 2240 περιεσώθησαν,
775 2206 821 2232 καὶ
837 2206 953 2240 παντελῆ

166 2247 214 2280 τὴν
233 2247 367 2274 ἀπώλειαν
382 2249 504 2282 ἐδέξαντο
520 2251 545 2276 οἱ
564 2250 704 2285 πολέμιοι,
723 2250 801 2277 τοῦτο
821 2251 894 2285 λέγει
913 2251 954 2277 ὅτι

166 2292 228 2322 τοὺς
241 2292 377 2324 ἐναντίους
389 2293 542 2329 παραδώσει
556 2294 686 2330 ἀπωλείᾳ,
704 2295 795 2331 ἐπειδὴ
804 2297 836 2331 τῇ
855 2296 954 2330 Ἰερου-

168 2335 257 2371 σαλὴμ
276 2338 345 2371 μετὰ
364 2338 468 2365 πολλῶν
482 2339 593 2372 ὠδίνων,
610 2339 644 2371 ἃς
660 2341 802 2375 ὑπέμεινεν
811 2342 838 2366 ἐν
850 2342 883 2375 τῇ
899 2340 954 2367 τῶν

168 2379 303 2415 πολεμίων
314 2382 410 2419 ἐφόδῳ,
423 2384 558 2419 ἀπετέχθη
574 2384 620 2410 τοῦ
639 2384 705 2411 Θεοῦ
723 2385 822 2420 δωρεά.
835 2394 844 2410 ι
862 2385 916 2411 Καὶ
931 2385 954 2411 οἰ

167 2427 301 2455 ἐπίλοιποι
315 2429 369 2455 τῶν
380 2429 500 2464 ἀδελφῶν
514 2429 595 2456 αὑτοῦ
612 2430 818 2465 ἐπιστρέφουσιν
836 2431 881 2456 ἐπὶ
893 2431 955 2462 τοὺς

169 2475 242 2505 υἱοὺς
262 2475 381 2510 Ἰσραήλ.
410 2485 419 2500 ι
443 2475 509 2501 Τότε
531 2475 584 2510 γὰρ
605 2475 637 2510 δὴ
661 2475 760 2506 πάντες
781 2475 806 2501 οἱ
831 2475 884 2501 ἀπὸ
904 2475 955 2509 τῆς

168 2520 354 2554 αἰχμαλωσίας
366 2520 566 2552 ἐπανελθόντες,
582 2520 668 2546 κοινὸν
682 2521 829 2555 ἡγήσονται
845 2519 955 2554 βασιλέα

168 2565 213 2591 τὸν
243 2565 410 2599 Ζοροϐάϐελ-
436 2565 527 2592 οὐκέτι
558 2566 610 2601 ἰδίᾳ
641 2565 690 2600 μὲν
721 2565 878 2600 ἀρχομένων
903 2564 957 2590 τῶν

168 2610 234 2637 δέκα
248 2610 350 2644 φυλῶν,
364 2612 413 2645 τῆς
429 2611 457 2637 δὲ
476 2610 559 2637 Ἰούδα
577 2610 660 2645 μόνης
676 2610 744 2645 μετὰ
764 2610 812 2644 τῆς
829 2609 957 2644 Βενιαμὶν

169 2657 231 2687 τοὺς
244 2658 276 2682 ἐκ
287 2656 334 2682 τοῦ
345 2656 425 2682 Δανίδ
436 2656 564 2690 βασιλέας
575 2655 645 2682 κατὰ
657 2655 686 2681 τὸ
704 2654 819 2690 πρόσθεν
832 2655 956 2689 ἐχούσης,

171 2702 237 2730 ἀλλὰ
252 2702 361 2728 πάντων
376 2701 423 2728 ἕνα
437 2701 547 2735 βασιλέα
570 2700 615 2727 τὸν
636 2699 787 2735 Ζοροϐάϐελ
800 2700 959 2734 ἡγουμένων

171 2747 271 2774 λοιπόν.
283 2746 363 2774 Οὕτω
373 2746 419 2773 καὶ
431 2747 446 2772 ὁ
462 2746 593 2781 μακάριος
609 2745 686 2779 Ὠσηὲ
702 2744 792 2778 λέγει·
805 2754 814 2770 ι
831 2745 886 2772 Καὶ
901 2753 959 2771 συν-

213 2837 237 2854 ⁶⁸
256 2837 325 2865 ibid.
344 2836 387 2870 50,
407 2836 452 2865 55.
491 2836 512 2852 ¹⁶
525 2835 588 2864 Luc.
607 2844 625 2870 ι,
639 2837 682 2865 52-.
721 2837 742 2853 ‘7
763 2835 813 2863 lsa.
836 2842 909 2866 xxvr,
927 2834 967 2863 18.

1003 1715 1127 1746 tempus,
1148 1717 1203 1745 quo
1224 1711 1332 1745 pariens
1348 1711 1446 1745 pariet.
1463 1720 1472 1735 ι
1493 1709 1634 1737 Parturire
1649 1713 1675 1737 et
1692 1716 1787 1744 parere

1003 1765 1074 1792 szepe
1084 1757 1151 1783 dicit
1169 1756 1261 1784 divina
1278 1756 1429 1791 Scriptura,
1447 1763 1509 1783 cum
1522 1756 1548 1783 in
1564 1756 1660 1783 mediis
1675 1755 1787 1782 calaml-

1003 1802 1106 1829 tatibus
1134 1801 1256 1829 divinum
1284 1802 1423 1836 insperato
1448 1801 1577 1828 auxilium
1602 1800 1721 1835 alTulget.
1741 1798 1787 1826 Sic

1003 1846 1192 1880 aitHPropter
1215 1846 1340 1873 timorem
1357 1846 1407 1877 tui,
1424 1844 1536 1872 Domine
1548 1864 1556 1876 ,
1572 1844 1599 1871 in
1614 1849 1709 1871 ventre
1722 1851 1787 1871 con—

1003 1892 1142 1926 cepimus.
1158 1896 1185 1918 et
1213 1890 1407 1925 parturivimus
1428 1897 1460 1917 ac
1490 1890 1645 1925 peperimus
1660 1889 1785 1924 spiritum

1004 1937 1100 1964 salutis
1118 1944 1197 1970 quem
1224 1937 1251 1963 in
1272 1941 1344 1963 terra
1370 1935 1458 1963 fecisti
1475 1936 1517 1968 ⁸⁷;
1532 1945 1541 1961 ι
1560 1939 1589 1962 ut
1611 1935 1701 1962 dicat:
1718 1934 1786 1966 Quia

1005 1981 1083 2016 193
1098 1985 1124 2008 te
1139 1981 1289 2012 timuimus,
1303 1981 1478 2016 concepimus
1490 1979 1517 2007 in
1532 1980 1610 2007 nobis
1623 1978 1785 2006 ineﬁ‘abilcm

1003 2027 1117 2062 gratiam
1134 2031 1205 2053 tuam
1217 2047 1224 2059 ,
1240 2034 1255 2052 a
1275 2034 1327 2061 qua
1342 2033 1390 2060 per
1404 2026 1504 2053 multos
1525 2025 1634 2052 dolores
1654 2025 1681 2052 in
1706 2024 1786 2051 malis

1003 2070 1130 2098 maximis
1149 2071 1224 2098 salus
1249 2070 1328 2098 nobis
1345 2070 1508 2097 mirabiliter
1532 2073 1608 2104 parta
1625 2074 1677 2096 est.
1703 2069 1787 2103 igitur

1004 2117 1056 2144 hoc
1075 2124 1183 2151 quoque
1198 2116 1259 2143 loco
1270 2136 1278 2149 ,
1296 2117 1373 2150 quasi
1388 2115 1557 2143 Hierusalem
1571 2123 1604 2142 ex
1621 2115 1711 2142 divina
1724 2122 1787 2148 gra-

1003 2162 1041 2189 tia
1054 2162 1235 2196 concepisset,
1253 2165 1335 2195 atque
1351 2160 1402 2187 hoc
1416 2160 1518 2188 donum
1538 2160 1698 2195 peperisset,
1707 2160 1785 2191 cujus

1003 2206 1135 2234 beneﬁcio
1149 2205 1200 2240 ipsi
1217 2205 1284 2233 salvi
1302 2205 1482 2237 exstitissent,
1501 2204 1593 2231 hostes
1608 2207 1706 2230 contra
1725 2203 1787 2229 lun-

1004 2251 1077 2279 ditus
1091 2251 1247 2286 periissem,
1263 2250 1300 2276 ait
1316 2258 1346 2278 se
1364 2250 1490 2276 inimicos
1509 2249 1592 2276 exitio
1610 2248 1786 2278 traditurum.

1005 2298 1134 2332 quoniam
1149 2297 1209 2323 urbi
1228 2295 1376 2323 Jerusalem
1393 2299 1454 2330 post
1470 2295 1579 2322 dolores
1602 2294 1703 2321 multos
1718 2301 1787 2328 quos

1007 2340 1119 2376 pertulit
1142 2340 1169 2366 in
1186 2339 1304 2367 hostium
1325 2339 1453 2370 incursu,
1483 2339 1607 2365 mirabile
1623 2341 1730 2372 partum
1746 2342 1788 2364 est

1007 2385 1055 2412 Dei
1077 2385 1189 2411 donum.
1209 2384 1262 2410 «Et
1283 2384 1381 2419 reliqui
1398 2384 1496 2411 fratres
1511 2383 1572 2418 ejus
1595 2387 1788 2410 convertentur

1006 2431 1040 2457 ad
1055 2430 1125 2457 ﬁlios
1144 2429 1280 2457 lsraelisa
1298 2430 1376 2456 'l‘uuc
1390 2436 1486 2456 omnes
1498 2436 1515 2455 a
1534 2428 1690 2462 captivitate
1706 2428 1788 2454 redu-

1005 2482 1061 2506 ces,
1080 2481 1252 2501 communem
1264 2473 1459 2501 existimabunt
1472 2480 1562 2507 regem
1580 2472 1786 2499 Zorobab’elem:

1005 2519 1077 2547 haud
1104 2519 1207 2546 diutius
1225 2526 1348 2546 seorsum
1368 2518 1460 2545 decem
1477 2518 1603 2545 tribubus
1626 2518 1682 2545 sub
1704 2524 1788 2552 regno

1006 2565 1178 2595 constitutis,
1195 2563 1264 2591 solis
1274 2571 1340 2591 vero
1358 2563 1435 2591 Iuda:
1448 2571 1480 2590 ac
1494 2563 1645 2597 Benjamini
1661 2563 1788 2590 tribubus

1006 2618 1084 2645 reges
1097 2610 1131 2637 de
1150 2609 1258 2636 Davidis
1278 2609 1362 2643 stirpe
1378 2613 1408 2635 ut
1436 2614 1515 2635 antea
1539 2608 1723 2640 habentibus;
1740 2607 1787 2634 sed

1006 2654 1113 2682 cunctis
1125 2661 1208 2680 unum
1222 2661 1311 2688 regem
1321 2653 1515 2681 Z‘m'obabelem
1531 2653 1629 2679 abhinc
1640 2659 1788 2687 agnoscen-

1007 2701 1091 2728 tibus.
1111 2698 1156 2726 Sic
1169 2699 1250 2726 ctiam
1269 2699 1364 2726 beatus
1380 2698 1465 2727 Oseas
1481 2698 1585 2726 aiebat:
1603 2708 1611 2723 ι
1626 2698 1659 2724 Et
1675 2704 1787 2732 congre-

1008 2746 1144 2782 gabantur
1153 2744 1200 2772 ﬁlii
1213 2743 1291 2772 Iuda
1305 2748 1335 2772 et
1347 2745 1394 2772 ﬁlii
1409 2744 1518 2773 Israelis
1531 2745 1559 2772 in
1570 2743 1597 2771 id
1608 2743 1708 2778 ipsum.
1722 2749 1788 2769 con—
