1969 3069
176 164 232 192 5⁵.ιῦ

776 164 950 194 TIILODORI
964 166 1204 196 MOPSUESTENI

1750 167 1803 194 576

177 224 345 259 stiluentque
361 222 412 250 sibi
428 229 542 258 regnum
555 231 638 250 unum
654 223 686 250 ⁵⁸.
703 233 712 249 ι
734 223 803 251 Tum
825 229 852 253 et
868 225 963 253 beatus

1021 226 1177 262 ιχθήσονται
1194 225 1219 252 οἱ
1234 226 1287 251 υἱοὶ
1308 225 1392 252 Ἰούδα
1417 224 1463 251 καὶ
1486 224 1511 251 oi
1530 223 1582 250 υἱοὶ
1600 224 1706 259 Ἰσραὴλ
1722 225 1766 251 ἐπὶ
1777 226 1808 252 τὸ

178 269 282 297 David:
302 269 395 297 «Ecce
418 276 500 304 quam
526 268 628 296 bonum
651 272 678 296 et
703 277 784 304 quam
809 270 962 305 jucundum

177 315 302 342 habitare
319 315 417 342 fratres
432 314 459 341 in
473 314 498 341 id
515 314 604 349 ipsqu
616 315 638 330 3’
653 315 659 341 !
675 324 684 340 ι
700 316 874 344 concordiam
890 317 963 352 ipso-

177 367 238 386 rum
254 359 374 387 futuram
391 360 462 386 circa
476 359 579 387 reditus
595 365 701 395 tempus
721 361 764 388 his
776 362 866 389 verbis
879 362 963 397 signi-

178 407 274 437 ticans,
292 413 374 441 quam
392 406 591 432 conservabant
601 406 652 433 sub
672 414 727 433 uno
742 414 804 442 rege
819 408 962 434 constituti

177 451 316 486 deinceps.
337 450 395 478 Hoc
414 451 505 486 itaque
525 452 627 486 pariter
656 452 716 479 loco
745 452 876 487 propheta
906 453 960 480 ait:

180 505 189 521 ι
202 501 228 523 et
243 496 339 531 reliqui
359 496 472 523 fratres:
491 505 500 521 ι
532 503 582 531 pro
596 503 628 523 eo
647 504 680 523 ac
697 497 789 524 dicat:
803 498 900 525 Cuncti
916 499 962 533 qui

176 547 253 570 e\tra
266 542 342 569 Judae
364 542 464 568 tribum
494 546 573 574 sunt,
596 542 796 577 conjungentur
813 551 874 571 cum
900 545 963 571 reli-

177 589 238 623 quis
250 588 356 615 Israelis
371 587 444 620 llliis,
458 595 542 614 unum
558 588 737 624 eumdemque
754 596 843 624 regem
858 589 962 616 haben-

177 638 229 661 tes.
253 643 262 659 ι
275 633 308 660 Et
322 633 404 661 stabit
428 637 455 660 et
479 632 583 660 videbit
596 637 623 660 et
642 637 736 668 pascet
753 642 859 669 gregem
881 642 962 662 suum

177 687 240 706 cum
258 678 416 706 fortitudine
427 678 577 706 Dominus:
593 684 620 707 et
638 679 666 706 in
681 680 767 715 gloria
782 680 902 707 nominis
914 679 964 707 Do-

178 725 245 752 mini
259 724 306 753 Dei
324 725 367 752 sui
386 729 483 757 erunt;
498 725 561 760 quia
587 733 661 752 nune
686 725 903 761 magniﬁcabitur
916 733 963 753 us-

178 779 231 806 que
254 771 287 799 ad
313 771 445 799 terminos
470 774 557 798 terra.
576 780 585 797 ι
611 770 687 804 Erit,
707 771 812 806 inquit,
828 778 879 806 per
901 771 963 806 ejus

178 817 308 852 temporis
324 823 414 852 regem
435 817 543 851 propria
562 824 627 844 cura
644 823 761 851 pascens
776 816 856 848 Deus,
873 816 920 852 qui
936 820 963 844 et

179 862 241 890 illos
267 862 387 890 illustres
406 862 516 889 nomine
542 870 593 890 suo
607 861 723 890 ellieiet:
751 865 962 897 constanterque

1016 272 1091 303 αὐτὸ,
1106 272 1144 306 (p.
1154 271 1220 306 295)
1229 271 1276 298 καὶ
1286 270 1412 306 Οὴσονται
1427 271 1531 302 ἑαυτοῖς
1541 269 1627 304 ἀρχὴν
1644 270 1718 304 μίαν.
1732 280 1740 295 ι
1753 271 1808 297 Καὶ

1015 317 1029 342 ὁ
1044 316 1176 351 μακάριος
1193 316 1206 342 ὁ
1220 316 1315 342 Δαυῖδ·
1334 325 1343 341 ι
1361 315 1426 341 Ἰδοὺ
1439 314 1472 350 δὴ
1509 314 1536 340 τί
1552 314 1631 340 καλὸν
1649 314 1696 340 καὶ
1706 314 1732 340 τί
1745 322 1808 349 τερ-

1016 362 1091 394 πνὸν,
1108 362 1195 397 ἀλλ’ἢ
1216 362 1246 388 τὸ
1268 362 1404 388 κατοικεῖν
1423 360 1553 394 ἀδελφοὺς
1577 360 1623 386 ἐπὶ
1637 360 1667 386 τὸ
1686 359 1771 386 αὐτοί
1793 369 1804 386 ι

1014 408 1062 443 τὴν
1077 408 1203 443 ὁμόνοιαν
1225 407 1314 434 αὐτῶν
1335 406 1383 441 τὴν
1407 406 1538 442 ἐσομένην
1552 405 1622 432 κατὰ
1637 405 1684 431 τὸν
1694 406 1743 439 τῆς
1756 405 1806 431 ἒπ-

1017 453 1110 480 ανόδου
1140 453 1234 488 καιρὸν
1260 452 1390 487 ἐντούτῳ
1413 451 1572 486 σημαίνων,
1604 451 1637 486 ἢν
1666 450 1808 482 ἀπέσωζον

1014 500 1059 534 ὑφ’
1074 500 1114 526 ἐνὶ
1132 499 1171 534 τῷ
1191 498 1358 533 βασιλεύοντι
1379 497 1548 529 καθεστῶτες
1567 497 1669 523 λοιπόν.
1690 496 1806 531 Ὁμοίως

1014 543 1059 572 οὖν
1075 545 1212 572 κάνταῦθα
1226 545 1240 571 ὁ
1255 545 1397 580 προφήτης
1416 543 1499 576 λέγει,
1525 542 1565 568 ὅτι
1582 552 1590 567 ι
1613 542 1668 567 Καὶ
1683 543 1705 568 οἱ
1719 541 1806 567 λοιποὶ

1013 591 1066 618 τῶν
1079 590 1211 624 ἀδελφῶν,
1227 599 1236 616 ι
1251 590 1294 616 ἵνα
1308 590 1382 624 εἴπῃ,
1395 589 1435 615 ὅτι
1447 588 1546 619 πάντες
1559 588 1606 614 καὶ
1615 589 1638 613 οἱ
1653 587 1702 620 τῆς
1722 587 1806 613 Ἰούδα

1013 637 1100 672 φυλῆς
1122 636 1200 667 ἐκτὸς
1227 635 1439 670 συναχθήσονται
1462 635 1517 665 τοῖς
1544 633 1646 664 λοιποῖς
1669 634 1736 664 υἱοῖς
1758 632 1807 658 τοῦ

1019 682 1136 717 Ἰσραὴλ,
1152 682 1199 707 ἕνα
1214 681 1319 707 καὶτὸν
1331 680 1411 707 αὑτὸν
1426 679 1573 715 ἡγούμενοι
1588 678 1709 714 βασιλέα.
1725 688 1734 703 ι
1751 679 1807 704 Καὶ

1014 727 1141 762 στήσεται
1157 726 1203 752 καὶ
1217 726 1320 761 ὄψεται,
1333 726 1379 752 καὶ
1396 726 1524 760 ποιμανεί
1539 725 1569 751 τδ
1583 724 1706 759 ποίμνιον
1722 724 1809 750 αὑτοῦ

1013 773 1042 799 ὲν
1061 772 1132 808 ἰσχύϊ
1149 772 1268 808 Κύριος·
1289 772 1337 798 καὶ
1360 772 1389 797 ἑν
1411 773 1445 806 τῇ
1466 770 1529 807 δόξῃ
1552 770 1685 806 ὀνόματος
1700 769 1809 804 Κυρίου

1013 819 1059 845 τοῦ
1073 817 1140 845 Θεοῦ
1156 818 1244 844 αὐτῶν
1259 817 1440 853 ὑπάρξουσιν”
1456 817 1522 843 διότι
1539 816 1587 843 νῦν
1605 815 1804 851 μεγαλυνοήσε-

1013 871 1057 889 ται
1074 862 1125 894 ἕως
1139 862 1230 898 ἄκρων
1245 863 1293 898 τῆς
1303 862 1364 897 γῆς.
1382 871 1391 887 ι
1406 861 1501 888 Ἔσται
1516 861 1554 890 δὲ.
1569 861 1662 896 φησὶν,
1676 861 1690 887 ὁ
1702 859 1745 886 διὰ
1759 859 1808 885 τοῦ

179 916 227 943 per
239 909 393 936 universam
412 912 512 935 terram
528 908 611 935 multa
631 915 693 935 cum
709 907 890 935 admiratione
902 908 961 935 lau-

1021 907 1074 934 τότε
1091 907 1277 942 βασιλεύοντος
1290 907 1412 939 ἅπαντας
1426 908 1458 942 τῇ
1476 907 1563 942 οἰκείᾳ
1579 906 1726 942 κηδεμονίᾳ
1747 915 1807 932 ποι-

179 953 299 985 dabitur,
314 954 377 988 quia
397 957 437 980 tot
453 957 582 988 tantaque
595 961 644 989 pro
663 955 698 981 iis
718 954 799 986 fecit,
820 953 900 989 195
914 954 961 989 qui

180 998 254 1026 illius
270 1006 369 1025 nomen
397 999 581 1034 participant;
607 999 653 1034 qui
670 1003 734 1026 sunt
758 1000 868 1027 lsraelis
895 999 962 1027 lilii:

179 1051 249 1078 quos
277 1051 351 1071 nunc
379 1044 487 1079 quidem
508 1044 541 1071 de
557 1045 714 1080 captivitate
739 1050 837 1080 prater
856 1052 964 1072 omnem

180 1098 255 1124 spent
267 1090 391 1117 reduxit:
406 1095 499 1125 postea
517 1098 580 1118 vero
595 1091 736 1118 victoriam
753 1099 840 1126 pauco
855 1091 963 1118 illorum

181 1142 294 1162 numero
309 1136 436 1170 patrabit,
449 1144 501 1171 qua
517 1136 743 1164 innumerabilem
763 1137 874 1164 fortium
891 1137 963 1164 viro-

180 1188 240 1208 rum
254 1181 524 1216 multitudinem,per
537 1182 588 1209 bos
599 1181 716 1209 humiles
729 1189 896 1217 paucosque,
914 1190 964 1210 sua

180 1227 281 1253 virtute
297 1227 409 1254 omnino
424 1227 586 1262 proﬂigabit.

1017 953 1120 988 μαίνων
1136 953 1211 985 Θεὸς,
1232 953 1261 984 ὃς
1286 953 1332 980 καὶ
1347 952 1485 984 ὲπιδόξους
1509 953 1606 984 αὐτοὺς
1624 952 1668 978 διὰ
1684 952 1733 988 τὴν
1749 952 1808 978 ὀνο-

1018 999 1119 1034 μασίαν
1142 999 1288 1034 ἐργάσεται
1311 999 1361 1034 τὴν
1387 999 1508 1025 οἰκείαν·
1533 999 1655 1033 διαμενεῖ
1682 1006 1712 1024 τε
1736 999 1810 1025 κατὰ

1018 1045 1108 1081 πάσης
1120 1045 1170 1080 τῆς
1184 1046 1234 1080 γῆς
1251 1045 1318 1080 μετὰ
1339 1045 1436 1072 πολλοῦ
1453 1044 1500 1071 τοῦ
1521 1045 1659 1079 θαύματος
1675 1044 1810 1078 ἀνυμνού-

1021 1099 1110 1126 μενος,
1129 1091 1171 1125 ἐφ’
1187 1087 1226 1123 οἷς
1241 1091 1358 1117 τοσαῦτα
1373 1092 1420 1117 καὶ
1433 1091 1583 1125 τηλικαῦτα
1599 1089 1730 1124 πεποίηκε
1745 1090 1810 1124 περὶ

1017 1137 1079 1168 τοὺς
1097 1137 1147 1172 τὴν
1161 1136 1241 1163 αὐτοῦ
1264 1137 1404 1172 μετιόντας
1427 1137 1584 1171 ὀνομασίαν,
1604 1136 1676 1169 λέγω
1692 1135 1724 1170 δὴ
1746 1135 1809 1166 τοὺς

1017 1182 1092 1214 υἱοὺς
1110 1182 1237 1217 Ἰσραήλ*
1254 1182 1302 1209 νῦν
1317 1181 1367 1217 μὲν
1389 1182 1486 1213 αὐτοὺς
1507 1182 1538 1208 ὲκ
1557 1182 1607 1216 τῆς
1620 1180 1811 1216 αἰχμαλωσίας

1019 1229 1094 1265 παρὰ
1107 1230 1196 1256 πᾶσαν
1209 1229 1351 1264 ἐπανάγων
1366 1230 1459 1256 ἐλπίδα
1470 1237 1476 1244 ·
1497 1231 1554 1265 μετ’
1569 1230 1656 1255 ἐκεῖνο
1671 1229 1698 1255 δὲ
1714 1229 1743 1255 ὲν
1757 1228 1811 1254 ολί-

180 1281 238 1306 γοις
265 1273 355 1304 αὐτοῖς
379 1273 457 1308 νίκην
481 1273 736 1308 καταπραττόμενος
763 1273 856 1309 αὐτὴν,
872 1274 918 1308 ἀφ’
940 1271 974 1310 ἦς
1003 1274 1187 1311 ἀναρίθμητον
1203 1284 1229 1301 τι
1246 1275 1346 1310 πλῆθος
1368 1275 1530 1310 ἐρρωμένων
1559 1274 1672 1310 ἀνδρῶν,
1695 1272 1810 1309 (p.296)

181 1317 228 1343 καὶ
250 1318 289 1348 είς
309 1317 457 1352 πολεμικὴν
475 1318 620 1352 ἐμπειρίαν
636 1320 910 1354 παρεσκευασμένων,
926 1320 972 1347 διὰ
983 1321 1035 1348 τῶν
1046 1322 1161 1348 εὐτελῶν
1184 1321 1286 1347 τούτων
1308 1321 1355 1347 καὶ
1383 1320 1573 1356 εὐαριθμήτων
1588 1320 1725 1351 παντελῶς
1738 1319 1813 1345 κατὰ.

180 1363 230 1399 τὴν
240 1363 342 1390 οἰκείαν
356 1364 524 1399 τροπώσεται
543 1364 667 1398 δύναμιν.

216 1409 262 1436 Sic
283 1413 374 1436 autem
390 1417 451 1436 cum
467 1417 498 1436 ca
516 1409 628 1437 dixisset
641 1430 648 1442 .
676 1417 736 1445 qum
755 1415 817 1446 post
845 1412 962 1439 reditum

1058 1411 1138 1438 Ἀλλᾶ
1151 1411 1204 1447 γὰρ
1217 1410 1290 1438 οὕτω
1297 1410 1332 1436 τὰ
1342 1410 1410 1445 μετὰ
1417 1410 1465 1445 τὴν
1473 1409 1527 1437 ἀπὺ
1541 1408 1698 1440 Βαϐυλῶνος
1714 1409 1810 1436 ἐπάνοι

182 1453 318 1489 Babylone
334 1453 423 1481 futura
441 1458 534 1487 erant,
551 1463 611 1490 quae
625 1455 753 1482 nimirum
779 1458 831 1484 sub
847 1457 965 1485 Zoroba-

1021 1458 1061 1485 δον
1075 1457 1230 1492 ὑπάρξοντα
1242 1456 1333 1487 αὐτοῖς
1344 1454 1473 1490 εἰρηκὼς,
1490 1454 1507 1481 ὃ.
1522 1454 1567 1481 τοῦ
1587 1454 1737 1489 Ζοροϐάϐελ
1748 1462 1812 1481 κατ’

182 1499 251 1531 bele,
266 1498 376 1526 Davidis
391 1500 475 1533 stirpe
495 1503 574 1532 orto,
588 1501 667 1535 juxta
684 1500 731 1529 Dei
754 1503 964 1537 promissionem

182 1550 322 1580 regnante,
343 1545 410 1580 ipsis
430 1546 489 1573 sine
506 1546 590 1574 dubio
603 1547 804 1582 contingerent,
822 1550 967 1583 promissis

182 1591 301 1626 propriis
322 1591 428 1619 ﬁdelem
450 1591 534 1619 Deum
552 1593 647 1620 volens
663 1594 794 1628 propheta
813 1595 966 1626 ostendere,

182 1640 209 1664 et
225 1637 337 1663 multam
350 1636 461 1671 iis,qu:e
472 1637 622 1664 secundum
635 1638 756 1672 ejusdem
768 1639 966 1673 beneplaeitum

184 1682 261 1714 ﬁunt,
278 1682 361 1709 robur
373 1682 548 1716 przebentem,
575 1690 667 1711 rerum
686 1682 862 1712 Zorobabelis
881 1692 969 1712 exem-

183 1727 228 1761 plo
255 1729 349 1753 utitur.
364 1726 498 1755 Czeterum
518 1727 583 1762 quia
607 1728 693 1754 multo
709 1728 799 1756 serius
814 1729 871 1756 hanc
888 1737 969 1756 even-

183 1777 245 1800 tura
265 1773 441 1805 videbantur.
466 1773 569 1801 scilicet
596 1781 611 1800 a
630 1773 769 1810 Babylone
791 1774 916 1806 reditus,
942 1780 970 1802 et

184 1817 250 1852 Gogi
269 1822 330 1852 post
359 1817 435 1844 illum
464 1818 580 1845 reditum
602 1819 756 1853 expeditio;
775 1825 970 1848 commemorat

184 1865 312 1899 propiora
323 1883 330 1897 ,
346 1868 373 1891 et
390 1871 451 1899 quae
474 1864 546 1891 haud
564 1870 699 1892 remotum
713 1865 818 1892 exitum
844 1865 969 1893 habitura

185 1913 263 1936 erant
275 1929 283 1941 ,
302 1917 347 1937 res
374 1917 471 1944 nempe
497 1909 671 1944 Assyriorum
692 1910 743 1937 sub
757 1909 873 1943 Ezeeia;
891 1914 921 1937 ut
936 1919 970 1938 ex

184 1955 318 1988 proximis
329 1975 336 1987 ,
353 1961 401 1981 seu
417 1962 472 1981 non
499 1954 586 1981 multo
615 1958 677 1988 post
696 1953 796 1982 futuris
807 1976 814 1987 ,
830 1955 908 1982 tidem
935 1956 970 1983 iis

185 2001 345 2028 conciliaret
360 2008 419 2034 qua-
432 2000 510 2034 longa
527 2004 588 2034 post
604 2003 724 2034 tempora
743 2000 841 2027 forent.
856 2001 971 2028 Constat

186 2050 277 2073 autem
294 2046 351 2073 hac
362 2046 519 2080 praedixisse
528 2045 700 2080 prophetam.
713 2050 742 2073 ut
757 2046 826 2073 liber
839 2047 969 2079 ostendit,

186 2091 283 2118 diebus
297 2090 446 2122 Joathami,
465 2094 492 2117 et
514 2090 627 2121 Achazi,
646 2094 672 2117 et
684 2089 803 2123 Ezecia';
821 2091 858 2117 ita
878 2096 907 2118 ut
921 2099 969 2118 va-

1017 1502 1252 1538 ὲπαγγελίανΘεοῦ
1262 1502 1292 1527 ἐκ
1300 1501 1345 1527 τοῦ
1352 1501 1433 1527 Δαυὶδ
1441 1500 1528 1527 αὑτῶν
1538 1499 1722 1535 βασιλεύοντος
1729 1508 1808 1535 περι-

1017 1548 1144 1583 γενέσθαι
1158 1547 1264 1578 πάντως
1276 1546 1390 1581 ἤμελλεν
1402 1547 1503 1577 αὐτοῖς,
1517 1545 1609 1581 ἐπειδὴ
1618 1546 1676 1577 ταῖς
1692 1545 1809 1579 ἐπαγγε-

1017 1595 1088 1626 λίαις
1105 1595 1165 1625 ταῖς
1180 1594 1291 1624 οἰκείαις
1316 1593 1481 1627 προσέχοντα
1495 1592 1539 1617 τὸν
1551 1591 1616 1617 Θεὸν
1635 1591 1649 1617 ὁ
1665 1592 1810 1626 προφήτης

1026 1636 1159 1672 ἐϐουλήθη
1172 1637 1266 1670 δεῖξαι,
1278 1637 1377 1672 πολλὴν
1385 1638 1440 1668 τοῖς
1448 1636 1517 1663 κατὰ
1531 1636 1561 1663 τὸ
1575 1636 1648 1672 αὐτῷ
1658 1636 1713 1671 (59)
1728 1645 1759 1670 γε
1767 1636 1810 1663 δ»)-

1025 1681 1090 1708 κοῦν
1107 1682 1277 1717 γιγνομένοις
1285 1683 1438 1717 παρέχοντα
1449 1682 1498 1717 τὴν
1509 1682 1596 1716 ἰσχὺν,
1611 1680 1810 1713 ἀποδείξειτοὶς

1024 1727 1096 1753 κατὰ
1105 1727 1149 1753 τὸν
1161 1727 1311 1762 Ζοροϐάϐελ
1322 1727 1493 1762 χρησάμενος
1506 1735 1511 1741 ·
1525 1727 1610 1753 ἐδόκει
1619 1727 1647 1753 δὲ
1663 1727 1731 1762 μετὰ
1741 1727 1809 1753 πολὺ

1023 1772 1108 1799 ταῦτα
1118 1772 1250 1806 γίνεσθαι,
1262 1773 1297 1798 τά
1303 1781 1331 1798 τε
1341 1773 1389 1807 τῆς
1402 1771 1530 1798 ἐπανόδου
1544 1771 1616 1806 λέγω
1626 1772 1674 1806 τῆς
1689 1772 1744 1798 ἀπὸ
1754 1772 1807 1798 Βα-

1023 1817 1150 1849 ϐυλῶνος,
1167 1817 1214 1844 καὶ
1229 1817 1262 1843 τὰ
1279 1816 1347 1851 μετὰ
1360 1816 1409 1852 τὴν
1424 1816 1553 1843 ἐπάνοδον
1566 1816 1672 1851 ἐκείνην
1693 1817 1732 1848 είς
1745 1817 1808 1849 τοῦς

1023 1863 1086 1898 περὶ
1095 1862 1140 1888 τὸν
1151 1861 1211 1895 Γὼγ
1223 1861 1352 1896 γεγονότα
1361 1869 1369 1876 ⁸
1382 1861 1519 1896 μέμνηται
1535 1861 1588 1887 τῶν
1601 1862 1684 1895 ἐγγὺς
1693 1861 1739 1888 καὶ
1752 1870 1813 1896 μετ’

1023 1909 1053 1935 οὐ
1067 1908 1134 1935 πολὺ
1150 1908 1198 1942 τὴν
1210 1906 1321 1934 ἑκϐασιν
1333 1907 1535 1942 λαμϐανόντων,
1548 1906 1620 1940 λέγω
1629 1907 1662 1942 δὴ
1677 1907 1731 1934 τῶν
1745 1907 1809 1942 περὶ

1022 1956 1085 1987 τοὺς
1106 1956 1262 1992 Ἀσσυρίους
1273 1957 1318 1982 ἐπὶ
1338 1955 1385 1982 τοῦ
1407 1955 1526 1987 Ἐζεκίου
1541 1955 1713 1991 συμϐάντων,
1731 1955 1764 1981 ἵν’
1779 1956 1811 1981 ἐκ

1024 2003 1078 2029 τῶν
1093 2003 1205 2038 ἐγγύθεν
1219 2003 1266 2030 καὶ
1285 2004 1342 2038 μετ’
1358 2003 1388 2029 οὐ
1407 2003 1473 2030 πολὺ
1494 2004 1654 2038 γινομένων,
1669 2004 1723 2029 τῶν
1741 2003 1810 2038 μετὰ

1025 2048 1146 2082 μακροὺς
1160 2048 1294 2082 ἐσομένων
1307 2048 1369 2078 τοὺς
1378 2048 1488 2082 χρόνους
1503 2048 1678 2082 παράσχηται
1694 2048 1743 2081 τὴν
1760 2047 1808 2072 πί-

1025 2100 1083 2117 στιν
1091 2100 1097 2106 ·
1110 2091 1220 2126 εὔδηλον
1229 2091 1283 2126 γὰρ
1291 2092 1332 2117 ὃτι
1340 2091 1424 2117 ταῦτα
1438 2092 1644 2127 προηγόρευενὸ
1658 2093 1809 2127 προφήτης,

186 2136 310 2163 tieinium
326 2143 411 2170 prope
424 2135 495 2162 absit
515 2134 550 2162 ab
566 2133 669 2162 Ezecize
693 2135 784 2162 rebus.
799 2134 851 2162 Sed
878 2140 966 2163 tamen

1024 2137 1061 2168 ὡς
1080 2137 1096 2171 ἡ
1107 2136 1202 2167 Βίϐλος
1210 2136 1293 2171 δηλοῖ,
1303 2137 1331 2162 ἐν
1345 2137 1461 2172 ἡμέραις
1476 2137 1594 2172 Ὶωάϐαμ
1604 2138 1650 2163 καὶ
1666 2138 1755 2171 "Ala;
1764 2137 1811 2163 καὶ

186 2185 252 2209 tunc
264 2181 444 2216 portendebat
458 2200 465 2212 ,
481 2184 507 2207 et
521 2181 599 2215 quasi
618 2184 681 2207 ante
700 2180 784 2214 pedes
803 2181 972 2215 proponebat

186 2227 291 2254 exitum
306 2226 428 2254 omnium
442 2246 449 2257 ,
466 2233 560 2252 coram
578 2226 613 2253 iis
629 2226 675 2260 qui
695 2233 756 2253 eum
777 2230 839 2253 ante
854 2233 911 2253 rem
927 2234 973 2261 ge-

188 2279 257 2301 stam
272 2273 445 2308 excepissent
460 2271 609 2306 prophetia:
622 2279 729 2304 vocem,
748 2275 876 2298 eventum
893 2273 972 2307 quasi

187 2318 342 2353 proximum
369 2317 561 2352 aspiciebant',
584 2320 615 2343 ut
635 2318 675 2343 sic
693 2316 851 2343 ostenderet
881 2324 973 2344 rerum

188 2363 292 2390 Ezecia:
305 2362 491 2396 proximarum
505 2381 512 2394 ,
537 2369 600 2388 enm
625 2361 680 2388 illis
695 2360 870 2388 Zorobabelis
885 2363 972 2390 multo

187 2414 248 2443 post
260 2408 372 2440 futuris,
386 2407 592 2443 cognationem;
606 2411 688 2442 atque
701 2414 733 2433 ex
746 2407 869 2442 utrisque
883 2407 971 2442 palam

187 2455 302 2488 faceret,
313 2458 414 2490 quanta
431 2459 504 2481 esset
518 2453 672 2481 divinarum
688 2453 902 2488 promissionum
919 2454 971 2482 vis.

187 2501 267 2529 Unde
281 2507 336 2527 non
350 2504 415 2527 tunc
426 2499 613 2526 tantummodo
625 2507 686 2526 cum
698 2499 833 2527 habebant
844 2500 973 2529 Israelita:

189 2545 386 2574 Zorobabelem
403 2545 500 2572 ducem
511 2566 518 2577 ,
539 2545 588 2572 sed
601 2549 681 2572 antea
699 2553 808 2580 quoque
825 2554 888 2574 cum
907 2547 974 2575 Eze-

187 2593 246 2620 cias
262 2591 330 2625 ipsis
357 2589 542 2617 dominaretur
561 2611 568 2622 ,
592 2599 624 2618 ex
652 2590 699 2617 Dei
717 2592 900 2626 promissione
916 2594 974 2628 ipse

187 2638 290 2674 pariter
303 2635 486 2671 principatum
506 2641 658 2668 assecutus,
669 2641 760 2664 tantus
773 2639 911 2667 exercitus
924 2640 974 2667 ad-

189 2690 286 2712 versus
302 2680 456 2709 Jerusalem
467 2681 580 2709 veniens
595 2682 664 2710 nihil
678 2683 764 2710 valuit
776 2683 894 2717 elllcere,
910 2686 976 2720 quia

224 2749 248 2764 ι·
264 2747 328 2775 Ose.
347 2746 415 2778 1,“.
431 2743 456 2763 θ’
473 2748 546 2776 Psal.
563 2756 665 2782 cxxxn,
680 2750 704 2776 1.

226 2815 282 2850 (39)
295 2813 453 2850 Qod._a.t‘a_'..6.

227 2846 285 2884 (40)
304 2847 345 2874 Ita
360 2846 427 2873 Cod.

1029 2181 1159 2213 Ἐζεκίου*
1169 2181 1238 2208 ὥστε
1249 2182 1280 2208 οὐ
1294 2182 1432 2217 πόρρωθεν
1443 2183 1459 2217 ὴ
1469 2183 1618 2218 πρόρρησις
1630 2180 1662 2217 ἦν
1676 2182 1730 2208 τῶν
1741 2183 1810 2209 κατὰ

1024 2227 1069 2254 τὸν
1084 2226 1222 2258 Ἑζεκίαν·
1235 2226 1303 2253 ἀλλὰ
1313 2227 1366 2262 γὰρ
1376 2227 1477 2262 ἐμήνυε
1491 2227 1551 2254 τότε
1569 2227 1616 2253 καὶ
1629 2226 1704 2262 παρὰ
1726 2226 1810 2257 πόδας

1027 2272 1161 2308 ἐλάμϐανε
1168 2272 1216 2308 τὴν
1225 2273 1335 2299 ἔκϐασιν
1344 2272 1461 2305 πάντων,
1472 2274 1499 2299 οί
1506 2273 1560 2307 (40)
1569 2272 1621 2307 πρὸ
1627 2272 1680 2298 τῶν
1688 2271 1812 2307 πραγμά-

1026 2327 1079 2344 των
1098 2318 1148 2353 τῆς
1169 2318 1336 2354 προφητείας
1352 2318 1446 2353 ἔτυχον
1462 2318 1614 2353 δεδεγμένοι
1631 2317 1686 2353 (41)
1709 2317 1809 2352 φωνὴν,

1026 2363 1064 2397 (p.
1081 2363 1148 2399 297)
1171 2363 1285 2398 ἐγγύθεν
1316 2363 1440 2400 ὁρώντων
1464 2364 1513 2399 τὴν
1534 2364 1645 2390 ἑκϐασιν
1658 2372 1664 2378 -
1688 2364 1720 2389 ἶν’
1740 2363 1810 2389 οὕτω

1024 2413 1096 2448 δείξῃ
1112 2413 1166 2439 τῶν
1181 2412 1251 2439 κατὰ
1266 2412 1311 2438 τὸν
1331 2410 1453 2443 Ἐζεκίαν
1466 2408 1580 2443 ὲγγύοεν
1590 2407 1683 2438 ὄντων,
1697 2405 1764 2441 πρὸς
1778 2406 1812 2431 τὰ

1025 2457 1072 2483 τοῦ
1090 2457 1240 2492 Ζοροϐάϐελ
1263 2456 1332 2491 μετὰ
1351 2455 1433 2481 πολὺν
1451 2454 1495 2480 τὸν
1512 2453 1606 2488 χρόνον
1624 2451 1749 2485 ἐσόμενα,
1764 2449 1812 2484 τὴν

1027 2504 1184 2537 συγγένειαν
1194 2511 1200 2517 ·
1214 2502 1292 2536 δῆλόν
1305 2510 1335 2527 τε
1349 2501 1382 2527 δι’
1395 2500 1554 2535 ἀμφοτέροιν
1567 2498 1666 2533 ποιήσῃ
1687 2496 1756 2531 πόση
1770 2504 1812 2526 τις

1026 2547 1059 2584 ἦν
1071 2549 1119 2584 τῆς
1133 2548 1298 2582 ἐπαγγελίας
1313 2548 1330 2582 ἡ
1347 2547 1422 2581 ἰσχὺς
1434 2547 1481 2581 τῆς
1495 2545 1579 2576 θείας·
1594 2545 1640 2579 ἀφ’
1657 2541 1694 2570 ὧν
1708 2544 1738 2570 οὐ
1753 2543 1811 2569 τότε

1029 2595 1107 2628 μόνον
1120 2595 1185 2629 (ὅτε)
1202 2594 1348 2628 τετύχηκεν
1361 2594 1375 2619 ὁ
1389 2592 1495 2627 Ἰσραὴλ
1511 2590 1661 2626 ἡγουμένου
1674 2589 1719 2616 τοῦ
1735 2590 1812 2623 Ζορο-

1028 2640 1119 2671 ϐάϐελ,
1133 2641 1199 2667 ἀλλὰ
1212 2640 1258 2666 καὶ
1277 2641 1406 2675 πρότερον
1424 2640 1467 2665 ὅτε
1483 2646 1535 2672 περ
1550 2638 1564 2663 ὁ
1587 2636 1709 2668 Ἐζεκίας
1725 2634 1812 2661 αὐτῶν

1027 2685 1177 2719 ἐϐασίλευε,
1189 2686 1259 2713 κατὰ
1272 2685 1320 2721 τὴν
1334 2683 1497 2719 ἐπαγγελίαν
1517 2682 1566 2717 τὴν
1582 2681 1655 2708 θείαν
1673 2681 1719 2707 καὶ
1731 2680 1813 2711 αὐτὸς

1066 2819 1127 2863 (Η).
1138 2820 1206 2848 Cod.
1222 2821 1319 2856 δεδειγ.
