1981 3073
120 214 173 247 δτι

593 216 867 248 COMMENTARIUS
886 219 920 247 ΙΝ
940 216 1095 249 MICILEE
1113 222 1188 250 CAP.
1209 222 1241 252 ν.

1701 227 1754 257 578

121 281 163 311 εἰς
176 280 224 315 τὴν
240 280 327 316 ἀρχὴν
342 280 495 316 παρελθὼν,
516 281 696 316 στρατοπέδου
714 281 764 316 μὲν
785 281 916 316 ἐπεληλυω

976 282 1089 310 livinum
1106 283 1199 310 aderat
1218 282 1296 318 195
1310 283 1440 311 auxilium
1455 283 1479 312 ei
1505 284 1552 319 qui
1569 293 1601 312 ex
1617 283 1663 312 Dei
1689 293 1752 320 pro-

123 323 199 356 οὗτος
213 325 341 351 τοσούτου
355 327 388 361 τῇ
407 325 594 361 Ἰερουσαλὴμ,
605 325 702 352 ἀνῦσαι
715 326 742 353 δὲ
757 327 917 362 δυνηθέντος

123 371 210 403 ιῦδὲν,
225 371 268 398 διὰ
286 371 316 398 τὸ
329 372 379 406 τὴν
394 372 469 398 θείαν
483 372 621 406 προσεῖναι
640 373 724 407 ῥοπὴν
734 373 773 407 τῷ
787 373 856 399 κατὰ
868 373 918 407 τὴν

125 416 290 450 ἐπαγγελίαν
298 416 343 442 τοῦ
354 416 422 443 Θεοῦ
432 417 482 452 τὴν
495 416 631 451 βασιλείαν
641 416 729 451 ἔχοντι
740 417 785 443 τοῦ
799 418 915 452 Ἰσραήλ·

127 462 215 487 καίτοι
230 470 261 496 γε
276 462 325 496 τῆς
339 462 393 488 τῶν
411 462 475 488 δέκα
495 462 584 496 φυλῶν
601 462 738 497 βασιλείας
754 463 778 489 οἱ
796 463 870 488 αὐτοί
885 471 917 496 γε

129 506 198 540 μετὰ
216 507 316 541 πολλῆς
338 508 526 542 κεκρατήκασι
543 507 592 541 τῆς
617 507 775 542 εὖμαρείας,
803 507 827 533 οἳ
852 507 920 542 μετὰ

126 552 176 585 τὴν
198 552 258 577 κατ’
283 552 393 578 ἐκείνων
414 552 491 587 νίκην
515 552 708 586 ἐπεληλυθότες
729 553 762 588 τῇ
786 553 920 587 Ἰερουσα-

127 597 193 631 λὴμ,
213 597 343 632 μεγίστην
357 599 389 624 ὲκ
404 598 453 632 τῆς
468 598 513 624 τοῦ
535 597 651 632 ἀγγέλου
671 598 776 632 πληγῆς
797 598 920 629 ἐδέξαντο

128 642 177 678 τὴν
191 643 334 678 τιμωρίαν.
351 643 475 670 Φαίνεται
496 643 549 679 γὰρ
571 642 617 669 καὶ
631 644 659 670 ὲν
677 643 790 674 ἐκείνοις
804 643 889 677 λέγων
906 644 919 669 ό

129 688 205 720 Θεὸς,
222 689 263 714 ὅτι
287 688 462 724 ’Υπερασπιῶ
480 689 528 724 τῆς
542 688 750 724 πόλεωςταύτης
767 688 801 714 δι’
815 688 864 723 ἐμὲ
872 688 918 714 καὶ

129 734 172 760 διὰ
187 734 269 760 Δαυὶδ
289 733 335 760 τὸν
349 733 440 760 δοῦλόν
460 742 508 769 μου
520 743 526 750 ·
543 734 649 765 δεικνὺς
669 734 711 760 ὅτι
730 732 783 759 τῶν
803 734 920 767 ὲπαγγε-

971 327 1101 354 missione
1115 334 1227 362 regnum
1243 327 1351 354 lsraclis
1370 328 1489 355 tenebat.
1505 328 1668 364 Quanquam
1688 337 1754 357 vero

970 372 1054 399 iidem
1079 372 1172 400 hostes
1198 372 1291 400 decem
1318 373 1439 400 tribuum
1465 381 1577 408 regnum
1603 379 1656 401 tam
1676 374 1754 402 facile

971 416 1200 451 Subjngaverant,
1219 419 1397 446 nihilominus
1419 426 1479 445 eum
1502 423 1562 453 post
1579 419 1649 446 illam
1666 421 1754 447 victo-

971 462 1039 489 riam
1059 462 1210 490 Jerusalem
1231 464 1334 498 agressi
1349 469 1442 491 essent
1458 485 1464 496 ,
1483 465 1517 491 ab
1540 466 1634 500 angelo
1649 465 1753 493 cladem

968 509 1041 543 passi
1060 513 1133 535 sunt.
1149 509 1324 542 Exploratum
1347 514 1389 538 est
1404 511 1476 537 enim
1499 514 1565 538 tunc
1587 519 1696 546 quoque
1712 511 1754 538 di-

968 553 1041 580 xisse
1055 553 1158 581 Deum:
1177 555 1275 582 Urbem
1291 556 1361 582 hanc
1378 559 1404 582 et
1419 561 1531 590 propter
1548 564 1590 583 me
1602 560 1629 583 ct
1645 561 1755 592 propter

969 598 1097 626 Davidem
1125 607 1234 627 servum
1259 609 1348 628 meum
1368 600 1533 634 defendam;
1552 601 1754 634 demonstrans,

968 642 1040 677 quod
1072 645 1271 678 promissorum
1291 644 1385 672 Davidi
1415 653 1533 677 memor.
1551 653 1624 672 nunc
1649 653 1756 680 quoque

972 688 1042 715 idem
1060 690 1198 724 praestabit
1209 711 1216 724 ,
1233 698 1311 725 opem
1327 691 1449 726 praebens
1465 699 1577 726 regnum
1592 691 1700 718 lsraelis
1717 696 1757 718 te-

973 734 1059 766 nenti,
1071 735 1097 761 id
1113 739 1156 762 est
1172 735 1283 763 Eteciae.

129 781 194 807 λιῶν
207 779 260 807 τῶν
273 781 339 815 πρὸς
353 781 455 807 ἐκεῖνον
472 780 652 816 μεμνημένος,
661 780 708 807 καὶ
723 779 758 808 τὰ
770 779 816 806 νῦν
834 779 913 810 αὐτὸς
929 779 1113 814 διαπράξεται,
1128 780 1265 816 συνεργῶν
1276 781 1314 817 τῷ
1327 782 1388 809 τότε
1401 782 1450 817 τὴν
1464 781 1599 817 βασιλείαν
1611 781 1697 816 ἔχοντι
1709 781 1758 808 τοῦ

137 827 254 863 Ἰσραὴλ,
268 828 340 862 λέγω
353 828 384 864 δὴ
396 828 435 863 τῷ
456 828 573 864 Ἐζεκίᾳ.

166 873 241 907 Στίχ.
259 876 290 904 ε’,
308 873 518 909 ς’.-Εἰρηκὼ;
531 874 621 900 τοίνυν
639 874 673 900 τὰ
692 873 763 900 κατά
775 874 820 900 τὸν
834 873 914 909 Ζορο-

1000 871 1084 898 Vens.
1097 871 1123 904 5,
1136 871 1163 898 6.
1177 887 1211 892 —
1225 871 1374 906 Poslquam
1398 872 1490 907 itaque
1503 872 1618 899 dixisset
1643 879 1687 899 res
1703 870 1757 898 Zo-

132 918 226 951 δάὸελ,
236 918 274 951 ὠς
289 919 368 954 ἔφην,
393 920 534 955 πόρρωθεν
547 920 622 952 ὄντα,
639 920 795 954 ἀναγκαίως
815 919 858 946 διὰ
872 919 921 954 τὴν

132 965 187 990 τῶν
204 965 374 1000 πραγμάτων
390 965 560 999 συγγένειαν,
582 967 622 997 εἰς
638 966 688 1001 τὴν
706 965 753 992 τοῦ
774 965 921 1002 προκειμέ-

133 1018 178 1035 νου
206 1009 346 1041 σύστασιν,
374 1010 508 1045 μέμνηται
533 1010 588 1038 τῶν
613 1010 683 1037 κατά
703 1011 749 1038 τὸν
780 1010 921 1045 Ἀσσύριον

134 1055 179 1081 ἐπὶ
202 1055 249 1081 τοῦ
272 1055 392 1087 Ἐζεκίου
418 1056 578 1090 γεγονότων,
601 1056 648 1083 καί
672 1063 770 1091 φησιν·
797 1055 834 1091 (p.
858 1056 920 1090 298)

137 1109 147 1126 ι
175 1101 230 1126 Καὶ
252 1100 328 1127 ἔσται
357 1100 424 1136 αἴτη
447 1102 463 1136 ή
489 1102 594 1137 εἰρήνη,
621 1100 659 1127 ὅτ’
681 1101 714 1127 ἂν
736 1101 751 1127 ό
781 1100 922 1135 Ἀσσύριος

135 1145 235 1182 ἐπέλοῃ
248 1146 294 1172 ἐπὶ
307 1146 355 1181 τὴν
369 1146 420 1181 γῆν
432 1146 518 1181 ὑμῶν,
537 1147 585 1173 καὶ
597 1147 636 1173 ὅτ’
652 1146 684 1173 ἂν
701 1146 790 1181 ἀποϐῇ
811 1146 858 1172 ἐπὶ
872 1147 922 1181 τὴν

135 1191 224 1226 χώραν
241 1191 326 1226 ὑμῶν.
352 1201 361 1217 ι
380 1191 465 1218 Τοῦτο
480 1192 533 1227 γὰρ
553 1191 596 1227 δὴ,
614 1192 706 1226 φησιν,
719 1192 788 1226 ὅπερ
803 1191 864 1218 τότε
878 1191 922 1218 διὰ

134 1236 182 1262 τοῦ
203 1236 354 1271 Ζοροϐάϐελ
379 1237 527 1272 πεποίηκεν
543 1238 557 1264 ὁ
579 1237 655 1269 Θεὸς,
679 1237 785 1268 παύσας
805 1237 854 1272 μὲν
875 1245 924 1263 το-

137 1281 230 1309 σοῦτον
254 1282 383 1317 πόλεμον,
409 1283 519 1317 εἰρήνην
537 1282 565 1308 δὲ
591 1283 702 1318 ἰσχυρὰν
725 1282 846 1314 δεδωκὼς
867 1284 922 1314 τοῖς

135 1327 257 1359 οἰκείοις,
276 1327 355 1354 τοῦτο
379 1327 411 1363 δὴ
438 1328 485 1354 καὶ
508 1328 570 1354 κατ’
585 1329 687 1355 ἐκεῖνον
709 1329 854 1362 ἐργάσεται
877 1329 923 1355 τὸν

137 1373 232 1408 καιρὸν
249 1374 307 1408 μετ’
322 1374 352 1399 οὐ
369 1374 436 1400 πολὺ
448 1374 639 1409 γενησόμενον,
651 1374 767 1409 ὁπηνίκα
783 1374 815 1402 ἂν
829 1376 843 1401 ὁ
860 1375 923 1401 Ἀσ-

139 1419 230 1454 σύριος
245 1419 345 1454 ἐπέλθῃ
358 1420 389 1455 τῆ
414 1418 607 1455 Ἰερουσαλήμ·
623 1420 683 1447 τότε
704 1420 758 1455 γάρ
778 1420 810 1456 δὴ
834 1429 924 1456 παρα-

137 1463 220 1496 δόξως
235 1464 284 1499 μὲν
295 1464 325 1490 τὸ
338 1464 448 1491 τοσοῦτο
461 1465 630 1500 τροπώσεται
644 1465 760 1501 πλῆθος·
773 1466 924 1502 παράδοξον

138 1510 165 1537 δὲ
181 1511 237 1542 τοῖς
256 1510 366 1542 οἰκείοις
378 1510 489 1546 παρέξει
505 1510 554 1546 τὴν
567 1511 688 1546 εἰρήνην,
709 1511 827 1542 Ἐζεκίου
845 1511 923 1546 βασι-

138 1556 262 1589 λεύοντος
275 1557 306 1583 ἐκ
324 1557 373 1591 τῆς
389 1556 435 1582 τοῦ
455 1556 536 1583 Δαυίδ
550 1556 675 1591 διαδοχῆς
689 1557 760 1583 κατὰ
774 1557 823 1592 τὴν
838 1558 925 1591 ὲπαγ-
939 1546 960 1574 c

139 1602 232 1637 γελίαν
253 1603 303 1637 τὴν
321 1602 406 1629 θείαν.
425 1600 492 1628 Εἶτα
516 1602 602 1636 λέγων
623 1602 657 1629 τὰ
679 1602 812 1637 ἐσόμενα·
835 1611 844 1628 ‹
871 1602 926 1629 Καὶ

139 1647 368 1682 ὲπεγερθήσονται
385 1647 428 1673 ἐπ’
445 1647 526 1674 αὑτὸν
544 1647 613 1674 ἑπτὰ
631 1647 769 1682 ποιμένες,
789 1646 836 1673 καὶ
854 1647 926 1674 ὀκτὼ

139 1691 268 1726 δήγματα
292 1691 460 1726 ἀνθρώπων·
486 1691 533 1718 καὶ
557 1691 717 1727 ποιμανοῦσι
737 1692 783 1719 τὸν
812 1693 926 1728 Ἀσσοῡρ

140 1737 169 1763 ἐν
187 1737 319 1772 ῥομφαίᾳ.
335 1738 381 1763 καὶ
402 1737 449 1772 τὴν
462 1738 513 1772 γῆν
531 1737 578 1763 τοῦ
592 1737 704 1773 Νεϐρὼδ
724 1738 753 1764 ἐν
775 1739 808 1773 τῇ
831 1738 928 1773 τάφρῳ

141 1783 236 1817 αὐτῆς.
257 1793 267 1810 ›
283 1783 329 1816 Τὸ,
347 1791 357 1808 ι
377 1783 445 1810 ἑπτὰ
459 1783 585 1818 ποιμένες
600 1784 647 1810 καὶ
661 1783 733 1811 ὀκτὼ
744 1783 870 1819 δήγματα
880 1785 928 1811 ἀν-

142 1826 270 1862 Θρώπων,
299 1836 308 1852 ι
335 1826 536 1862 μυθωδέστερόν
560 1835 633 1858 τινες
657 1828 828 1862 νενοήκασιν·
859 1827 929 1854 ἑπτὰ

144 1873 195 1907 μὲν
223 1872 365 1907 ποιμένας,
389 1873 530 1907 προφήτας
548 1871 728 1908 ἀριθμοῦντες
745 1873 831 1900 ἐπτάο
857 1873 929 1899 ὀκτὼ

141 1918 170 1945 δὲ
197 1918 340 1953 δήγματα,
375 1917 498 1949 Ἐζεκίαν
526 1917 595 1952 μετὰ
618 1917 672 1944 τῶν
701 1918 929 1954 ὑπηρετουμένων

142 1963 216 1998 αὐτῷ
231 1963 299 1999 πρὸς
312 1965 362 1999 τὴν
377 1963 522 1997 βασιλείαν,
537 1963 662 1996 λέγοντες
672 1971 679 1978 ·
699 1962 745 1995 οὓς
764 1963 818 1990 οὐδ’
832 1964 932 1993 οἵτινές

142 2010 212 2036 εἰσιν
225 2009 249 2035 οἱ
266 2008 337 2035 ὀκτὼ
347 2008 501 2043 δεδύνηνται
516 2008 616 2042 λέγειν,
629 2009 765 2043 ἀποφάσει
783 2007 811 2035 δὲ
827 2008 873 2035 τὸν
887 2008 930 2035 λό-

142 2062 192 2087 γον
210 2053 394 2080 ὲπιστώσαντο
409 2053 454 2080 τδν
473 2053 585 2079 οἰκεῖον·
605 2053 629 2079 εἰ
650 2053 677 2079 δὲ
697 2053 759 2085 τοὺς
779 2054 930 2089 ὑπηρετου-

145 2099 243 2133 μένους
268 2098 302 2133 τῇ
327 2097 449 2133 βασιλείᾳ
474 2106 516 2129 τις
543 2097 631 2132 λέγειν
652 2097 747 2131 ἐθέλοι,
773 2098 818 2125 καὶ
840 2098 929 2134 πολλῷ

143 2143 253 2174 πλείους
261 2142 315 2169 τῶν
324 2142 394 2169 ὀκτὼ
404 2142 528 2176 γενέσθαι
539 2143 706 2178 δυνήσονται.
721 2144 757 2178 (p.
769 2144 831 2179 299)
851 2144 931 2170 Ἀλλὰ

143 2188 277 2223 πεποίηκε
300 2187 348 2223 τὴν
369 2188 472 2222 πλάνην
499 2189 556 2219 τοῖς
583 2187 653 2215 οὕτω
679 2189 827 2223 νενοηκόσι,
842 2189 872 2215 τὸ
892 2189 928 2225 μὴ

143 2233 213 2268 πρὸς
230 2233 262 2259 τὸ
279 2231 377 2267 ἰδίωμα
397 2233 445 2268 τῆς
463 2232 537 2265 θείας
552 2233 662 2268 Γραφῆς
681 2234 798 2267 ἀπιδεῖν,
809 2235 930 2268 ἀναγκα-

145 2277 242 2313 σθῆναι
255 2277 283 2304 δὲ
298 2277 421 2304 ἐντεῦθεν
441 2277 541 2312 μύθους
555 2279 708 2306 ἀναπλάσαι
725 2279 867 2314 γραώδεις,
888 2281 931 2307 ἴνα

143 2332 170 2351 τι
191 2324 287 2356 δόξωσι
307 2324 406 2359 λέγειν.
428 2325 535 2360 ’ἰδίωμα
549 2324 577 2351 δέ
592 2325 649 2351 ἐστι
666 2325 715 2360 τῆς
728 2325 802 2356 θείας
822 2325 931 2361 Γραφῆς

143 2370 174 2396 τὸ
196 2370 242 2396 τὸν
255 2369 358 2396 τέλειον
382 2370 498 2406 ἀριθμὸν
520 2371 605 2397 ἐνίοτε
624 2371 717 2397 καλεῖν
741 2372 829 2398 ἑπτά·
849 2372 879 2398 τὸ
902 2372 930 2398 δὲ

145 2415 215 2450 ὑπὲρ
228 2415 318 2447 τοῦτο,
339 2415 397 2441 ἀνθ’
416 2415 567 2450 ὑπερϐολῆς
584 2415 746 2450 λαμϐάνειν·
768 2416 860 2451 ἐπειδὴ
875 2417 930 2452 γὰρ

145 2462 174 2488 ὲν
189 2461 220 2493 ἒξ
239 2461 356 2496 ἡμέραις
371 2461 498 2496 ἐποίησεν
513 2461 527 2486 ὁ
542 2461 607 2493 Θεὸς
628 2461 672 2487 τὸν
685 2462 798 2497 οὐρανὸν
817 2463 864 2488 καὶ
882 2463 931 2497 τὴν

144 2507 207 2541 γῆν,
219 2507 251 2541 τῇ
264 2506 292 2532 δὲ
305 2506 406 2541 ἑϐδόμῃ
418 2506 587 2532 κατέπαυσεν
603 2505 684 2539 (ὣστε
697 2508 744 2533 καὶ
753 2507 848 2542 ἀργεῖν
867 2507 932 2533 Ὶουι

145 2552 234 2582 δαίηυς
245 2552 275 2578 τὸ
296 2552 431 2579 σάϐϐατον
451 2552 494 2578 διὰ
510 2552 610 2586 ταύτην
625 2553 675 2588 τὴν
691 2553 801 2588 αἰτίαν),
819 2553 890 2584 ἅπας
904 2562 932 2579 τε

145 2597 159 2622 ὁ
178 2597 231 2623 τῶν
254 2597 364 2632 ἡμερῶν
387 2597 503 2632 ἀριθμὸς
522 2598 550 2623 ὲν
571 2599 629 2629 ταῖς
645 2599 714 2625 ἑπτὰ
732 2598 845 2629 ταύταις
868 2599 934 2625 ἀνα-

144 2642 310 2669 κυκλοῦσθαι
325 2642 414 2674 εἴωθε,
433 2643 542 2669 πάντων
558 2643 716 2678 ἀρχομένων
733 2644 782 2678 μὲν
795 2643 847 2669 ἀπὸ
858 2643 931 2678 πρώ-

144 2696 204 2723 της,
220 2688 360 2723 ληγόντων
371 2688 399 2714 δὲ
415 2689 454 2719 εἰς
467 2687 515 2722 τὴν
531 2687 656 2723 ἑϐδόμην,
673 2688 740 2722 μετὰ
751 2688 778 2714 δὲ
791 2688 840 2723 τὴν
855 2688 929 2714 ἐϐδό-

974 917 1111 944 robabelis
1136 917 1226 944 adhuc
1240 925 1289 944 sua
1304 922 1382 945 aetate
1399 922 1529 950 remotas,
1551 918 1708 945 necessario
1723 918 1758 944 ob

974 968 1120 990 eventuum
1135 963 1334 997 cognationem,
1353 963 1384 990 ad
1401 963 1597 998 propositionis
1612 963 1758 991 conﬁrma-

974 1009 1087 1042 tionem,
1115 1013 1246 1036 memorat
1274 1009 1473 1044 expeditionem
1502 1010 1676 1045 Assyriorum
1706 1010 1758 1037 sub

974 1054 1083 1086 Ezecia,
1103 1055 1196 1089 aitque
1208 1063 1215 1080 :
1226 1064 1234 1080 ι
1246 1053 1278 1081 Et
1292 1055 1344 1082 erit
1359 1055 1417 1082 haze
1433 1063 1495 1089 pax,
1509 1056 1618 1090 quando
1629 1055 1759 1091 Assyrius

973 1099 1080 1126 venerit
1092 1099 1118 1126 in
1133 1102 1233 1126 terram
1246 1103 1376 1131 vestram,
1393 1104 1419 1127 et
1435 1100 1544 1135 quando
1561 1100 1716 1128 ascenderit
1731 1102 1759 1127 in

974 1145 1113 1179 regionem
1129 1149 1260 1171 vestram.
1275 1154 1283 1170 ι
1304 1145 1382 1178 Quod
1401 1145 1547 1180 aliquando
1571 1145 1652 1172 faciet
1667 1145 1760 1172 Domi-

975 1196 1028 1216 nus
1041 1196 1089 1223 per
1103 1188 1309 1223 Zorobabelem,
1327 1193 1432 1216 tantum
1448 1190 1547 1218 sedans
1561 1190 1672 1222 bellum,
1693 1191 1759 1218 vali-

974 1235 1091 1269 damque
1105 1242 1199 1270 pacem
1218 1236 1276 1263 suis
1291 1235 1461 1269 concedens;
1487 1236 1514 1263 id
1526 1236 1614 1270 ipsum
1629 1236 1676 1263 illo
1691 1241 1760 1264 tem-

975 1287 1041 1315 pore
1053 1280 1133 1308 nobis
1144 1281 1299 1316 propinquo
1309 1281 1400 1313 faciet,
1412 1282 1522 1316 quando
1530 1282 1659 1316 Assyrius
1673 1282 1762 1308 veniet

975 1330 1070 1353 contra
1088 1325 1275 1352 Hierusalem:
1294 1324 1360 1353 tunc
1383 1327 1456 1353 enim
1471 1326 1634 1353 mirabiliter
1660 1331 1760 1353 tantam

976 1371 1128 1407 proﬂigabit
1150 1371 1374 1399 multitudinem:
1397 1373 1563 1407 insperatam
1589 1376 1678 1399 autem
1704 1372 1762 1400 suis

976 1417 1108 1445 concedet
1123 1425 1229 1453 pacem,
1250 1418 1345 1445 Ezecia
1363 1423 1504 1453 regnante,
1522 1427 1555 1446 ex
1570 1418 1680 1446 Davidis
1697 1425 1762 1446 suc-

977 1463 1145 1495 cessoribus,
1164 1464 1313 1490 secundum
1328 1464 1448 1491 divinam
1463 1464 1684 1499 promissionem.
1702 1463 1763 1490 Mox

977 1507 1068 1534 futura
1079 1508 1189 1536 dicens:
1201 1517 1209 1533 ι
1220 1508 1253 1535 Ει
1267 1513 1433 1544 consurgent
1442 1509 1573 1537 adversus
1585 1517 1646 1536 eum
1660 1513 1764 1543 septem

977 1558 1112 1587 pastores,
1143 1558 1170 1581 et
1194 1558 1256 1580 octo
1280 1560 1388 1582 morsus
1412 1553 1564 1580 hominum.
1592 1553 1625 1579 Et
1651 1556 1763 1588 pascent

975 1598 1119 1634 Assyrium
1145 1599 1172 1625 in
1189 1599 1290 1634 gladio,
1318 1603 1345 1626 et
1367 1603 1468 1626 terram
1483 1598 1601 1626 Nebrodi
1632 1599 1659 1625 in
1686 1598 1763 1625 fovea

977 1643 1047 1678 ejus.
1061 1652 1070 1668 ι
1089 1642 1197 1678 Septem
1213 1648 1347 1678 pastores,
1361 1647 1388 1670 et
1401 1647 1464 1670 octo
1484 1650 1594 1670 morsus
1610 1642 1762 1673 hominum,

978 1688 1130 1716 fabulosius
1163 1689 1290 1716 nonnulli
1325 1688 1527 1719 intellexerunt,
1562 1689 1624 1715 dum
1660 1692 1764 1721 septem

977 1740 1113 1770 pastores,
1132 1738 1235 1769 septem
1253 1737 1398 1761 numerant
1412 1734 1574 1768 prophetas;
1595 1738 1657 1759 octo
1672 1736 1763 1758 autem

978 1787 1097 1813 morsus,
1120 1779 1244 1807 Ezeciam
1258 1787 1318 1806 cum
1336 1779 1394 1806 suis
1418 1778 1493 1813 regni
1508 1777 1677 1805 administris
1703 1784 1764 1804 esse

978 1825 1082 1852 aientes
1094 1834 1101 1859 ;
1113 1833 1176 1852 nam
1189 1832 1238 1852 nec
1251 1824 1298 1860 qui
1311 1825 1365 1852 sint
1376 1824 1403 1851 hi
1415 1828 1487 1855 octo,
1500 1823 1592 1850 dicere
1604 1827 1763 1857 potuerunt,

979 1871 1090 1905 solaque
1113 1870 1303 1897 adﬁrmatione
1319 1869 1437 1898 sermoni
1461 1876 1511 1896 suo
1532 1868 1610 1896 {idem
1628 1868 1763 1895 fecerunt.

980 1915 1059 1948 Quod
1075 1916 1097 1942 si
1115 1922 1210 1942 revera
1231 1915 1265 1942 de
1284 1914 1361 1949 regni
1375 1913 1545 1941 administris
1570 1914 1688 1947 cogitare
1702 1912 1764 1947 quis

978 1962 1054 1993 velit,
1072 1961 1159 1989 multo
1173 1961 1266 1996 plures
1285 1967 1366 1995 quam
1383 1963 1445 1986 octo
1457 1967 1517 1986 esse
1542 1961 1681 1993 poterunt.
1712 1957 1765 1984 Sed

981 2007 1062 2042 198
1075 2007 1147 2034 enim
1163 2014 1241 2034 error
1254 2006 1298 2033 his
1309 2006 1357 2040 qui
1373 2005 1409 2032 ita
1423 1998 1587 2040 cogitarunt,
1606 2004 1667 2031 ideo
1686 2003 1765 2030 obre—

979 2054 1044 2088 psit,
1064 2053 1127 2088 quia
1149 2060 1205 2079 non
1224 2051 1399 2078 considerato
1416 2050 1514 2078 divinae
1529 2050 1677 2085 Scriptura:
1694 2049 1764 2076 idio-

979 2099 1070 2130 tismo,
1100 2098 1187 2126 coacti
1215 2102 1279 2125 sunt
1295 2096 1401 2124 fabulas
1426 2096 1581 2131 conﬁngere
1607 2096 1704 2125 aniles,
1734 2099 1765 2121 ut

980 2144 1083 2180 aliquid
1098 2144 1189 2171 dicere
1202 2142 1370 2171 viderentur.
1399 2142 1447 2170 Est
1471 2147 1559 2169 autem
1576 2142 1673 2169 divinm
1690 2141 1766 2168 Scri—

981 2195 1066 2226 ptura!
1092 2180 1259 2221 idiotismus,
1287 2188 1438 2224 perfectum
1459 2195 1601 2215 numerum
1627 2186 1765 2214 interdum

981 2235 1118 2270 appellare
1131 2234 1315 2270 scptenarium
1329 2243 1336 2267 ;
1350 2233 1482 2268 quidquid
1497 2239 1585 2260 autem
1598 2233 1668 2260 ultra
1681 2237 1766 2266 septe-

980 2281 1087 2308 narimn
1116 2283 1169 2312 est,
1199 2287 1248 2314 pro
1273 2286 1388 2307 excessu
1412 2279 1524 2306 habere.
1555 2277 1622 2305 Nam
1639 2278 1702 2310 quia
1717 2285 1764 2304 sex

979 2326 1077 2354 diebus
1102 2325 1167 2353 fecit
1186 2324 1258 2353 Deus
1275 2325 1375 2352 coelum
1399 2329 1426 2351 et
1451 2328 1565 2355 terram,
1598 2328 1625 2351 et
1649 2322 1767 2358 septimo

979 2371 1109 2406 requievit
1127 2371 1222 2406 (quare
1241 2375 1267 2398 et
1286 2369 1372 2397 Judmi
1390 2370 1460 2396 hanc
1479 2369 1515 2395 ob
1533 2376 1644 2396 causam
1658 2369 1684 2394 in
1703 2368 1766 2395 sab-

979 2418 1042 2444 hato
1058 2417 1207 2451 otiantnr);
1222 2420 1296 2443 totus
1312 2419 1401 2442 autem
1421 2415 1526 2441 dierum
1548 2421 1679 2441 numerus
1694 2414 1766 2440 intra

980 2463 1032 2490 hoc
1049 2463 1235 2497 septenarium
1250 2461 1353 2488 revolvi
1369 2460 1449 2490 solet,
1465 2459 1573 2486 cunctis
1591 2466 1604 2484 a
1620 2459 1710 2494 primo
1725 2459 1766 2486 in-

980 2508 1158 2543 cipientibus,
1178 2512 1206 2535 et
1223 2507 1250 2534 in
1269 2506 1415 2541 septimum
1431 2505 1637 2537 desinentibus;
1662 2508 1689 2531 et
1705 2509 1766 2539 post

982 2553 1177 2581 hebdmnadam
1191 2553 1281 2580 denuo
1295 2551 1329 2578 ad
1341 2551 1458 2585 primum
1476 2550 1697 2583 recurrentibus;
1716 2551 1764 2576 hac

982 2599 1016 2626 de
1031 2605 1114 2625 causa
1129 2598 1220 2624 divina
1236 2596 1389 2631 Scriptura,
1405 2600 1507 2629 septem
1523 2596 1640 2630 appellat
1654 2595 1679 2622 id
1692 2597 1763 2630 quod

983 2649 1025 2672 est
1041 2643 1189 2678 perfectum
1214 2645 1240 2669 et
1254 2641 1408 2669 absolutum
1422 2649 1430 2674 ;
1458 2644 1519 2667 octo
1534 2645 1633 2673 autem,
1651 2644 1681 2667 ut
1696 2641 1762 2672 dixi,

981 2696 1135 2717 excessum.

146 2745 211 2771 μην,
231 2734 311 2767 αὖθις
328 2736 375 2761 ἐπὶ
394 2735 443 2771 τὴν
465 2735 576 2770 πρώτην
593 2737 794 2772 ἀνατρεχόντων
806 2745 812 2751 ⁸
840 2738 885 2764 διὰ
912 2738 1012 2772 ταύτην
1033 2739 1050 2772 ή
1080 2737 1140 2763 Θεία
1156 2736 1250 2772 Γραφὴ
1275 2735 1323 2771 τὴν
1347 2734 1446 2768 αἰτίαν,
1472 2733 1540 2760 ὲπτά
1558 2734 1607 2769 μὲν
1621 2733 1652 2759 τὸ
1667 2733 1766 2759 τέλειον

146 2782 191 2809 καὶ
205 2781 410 2817 ἀπηρτημένον
425 2781 513 2813 καλεῖ,
526 2780 594 2808 ὀκτὼ
607 2782 646 2814 δὲ,
665 2783 702 2813 ὡς
716 2779 800 2816 εἷπον,
816 2784 864 2817 τὴν
876 2783 1037 2818 ὑπερϐολήν.

181 2825 276 2857 Οὕτως
287 2827 302 2852 ὁ
311 2826 379 2857 Θεὸς
391 2826 464 2860 λέγει
477 2826 517 2858 τὸ,
530 2835 539 2852 ‹
558 2827 643 2854 Ἑπτὰ
657 2828 835 2862 ἐκδικούμενα
851 2837 935 2864 παροι-

180 2914 207 2932 ⁶⁹
218 2914 286 2942 Gen.
301 2922 338 2948 ιν,
355 2915 398 2941 I5.

1024 2827 1061 2854 lia
1082 2827 1153 2855 Deus
1173 2827 1229 2854 ait:
1261 2835 1270 2851 ι
1284 2824 1391 2860 Septem
1416 2825 1550 2853 vindictas
1576 2824 1696 2852 exsolvet
1707 2823 1740 2848 ".
1754 2831 1764 2848 ι
