1981 3073
199 201 252 229 ετο

803 199 976 229 ΤΗΕΟΟΟΙΠ
992 199 1232 229 MOPSUESTENI

1763 194 1816 222 7:80

204 262 238 290 Ut
257 263 347 290 dicat:
371 261 423 295 Qui
444 260 578 289 occiderit
593 261 669 288 illum
683 261 719 288 ob
736 268 841 289 summa
855 261 981 292 crimina,
996 273 1003 290 Α

1056 261 1108 287 Sest
1115 266 1122 273 '
1131 267 1140 285 ι
1151 260 1194 286 ἴνα
1205 258 1280 293 εἴπῃ,
1292 257 1331 284 ὅτι
1342 257 1356 284 6
1364 255 1482 291 ἀναιρῶν
1494 255 1574 282 αὐτὸν
1583 255 1653 291 ὑπὲρ
1661 253 1818 289 ἀνηκέστων

202 308 346 334 maximam
359 306 478 341 aliquam
499 306 659 341 plenamque
672 305 724 340 ipsi
739 305 893 339 impositam
908 312 984 331 com-

201 353 323 387 perietur
354 358 462 386 ptenam
491 351 656 386 persolvere.
697 349 791 377 Simile
817 349 882 384 quid
914 349 985 384 apud

203 397 395 425 Ecclesiastem
407 407 413 424 :
434 406 443 422 ι
456 396 493 423 Da
507 400 610 431 partem
622 400 737 431 septem,
751 395 806 422 imo
816 401 842 423 et
856 399 918 423 octo
928 396 962 422 ".
973 404 983 420 ι

204 442 241 471 Ut
254 443 341 471 dicat:
356 442 471 469 Abunde
483 442 574 468 tribue
589 441 785 475 indigentibus,
801 445 827 468 et
840 449 874 468 ne
886 447 986 467 renuas

204 488 256 515 hac
272 488 299 514 in
322 496 351 515 re
361 487 503 515 excedere.
519 486 589 513 Hinc
609 487 706 514 beatus
719 486 832 514 Petrus:
855 496 864 512 ‹
876 485 988 519 Quoties

205 533 233 561 iu
248 541 291 561 me
308 533 430 568 peccabit
446 533 528 560 frater
543 540 630 564 meus,
652 537 680 559 et
692 531 825 558 dimittam
849 532 908 559 illi?
923 539 987 559 num

206 587 294 614 usque
311 579 411 614 septies
420 579 457 606 "‘I
469 589 477 604 ι
493 578 678 613 septenarium
690 577 783 605 dicens
796 585 939 605 numerum
959 581 989 604 ut

208 624 394 652 sufficientem.
407 624 492 656 Quem
502 624 535 650 ab
545 631 577 651 eo
587 630 750 658 magnopere
761 623 885 658 superari
896 622 989 649 volens

208 669 350 701 Dominus,
358 668 573 696 subdiditthon
583 668 645 696 dico
658 669 707 695 tibi
721 676 806 703 usque
820 668 930 702 septies,
943 667 990 696 sed

208 723 297 750 usque
324 715 478 750 septuagies
491 711 617 746 septies.»
628 713 776 741 Consimile
790 713 918 749 quiddam
947 713 990 740 hic

209 768 319 796 quoque
330 760 407 788 dicit.
430 758 552 793 Namque
567 759 709 794 Assyrium
724 767 786 786 eum
803 760 923 786 exercitu
941 766 992 786 suo

211 805 410 836 advenientem,
431 811 527 839 magna
541 809 621 839 atque
636 804 796 839 gravissima
810 805 899 838 angeli
912 804 992 831 mitti-

212 851 295 879 slerio
308 850 423 877 irretivit
435 849 506 876 Deus
521 849 681 884 punitione:
701 849 794 876 multis
808 849 880 875 enim
909 849 993 875 inter-

211 895 300 927 fectis,
316 895 343 921 in
362 895 452 929 fugam
468 902 497 921 se
509 895 606 929 reliqui
621 894 813 928 conjecerunt;
829 899 856 921 et
871 894 992 921 locorum

1037 305 1224 340 πταισμάτων,
1240 303 1370 339 μεγίστην
1383 302 1445 328 τινὰ
1463 302 1510 328 καὶ
1521 300 1726 337 ἀπηρτισμένην
1745 298 1820 334 αὐτῷ

1037 351 1170 386 τιμωρίαν
1195 347 1371 383 ἐπικειμένην
1392 347 1569 382 εὑρεθήσεται
1588 346 1676 372 λύων·
1701 344 1821 371 τοιοῦτόν

1039 397 1097 422 ἐστι
1117 395 1164 422 καὶ
1188 394 1263 430 παρὰ
1278 393 1317 428 τῷ
1337 392 1535 427 Ἐκκλησιαστῇ
1551 392 1580 418 τό
1594 400 1600 406 -
1620 399 1629 416 ι
1654 391 1703 421 Δὸς
1727 390 1822 426 μερίδα

1038 441 1094 472 τοῖς
1108 439 1187 470 ἑπτὰ,
1211 439 1257 465 καί
1270 446 1301 472 γε
1322 438 1378 469 τοῖς
1397 435 1551 462 ene-tm
1574 435 1649 472 εἴπῃ,
1672 434 1823 469 Φιλοτίμως

1039 485 1108 512 δίδου
1135 486 1190 516 τοῖς
1212 482 1358 518 δεομένοις,
1396 481 1462 517 μηδὲ
1485 481 1620 516 ὑπερϐολῇ
1654 480 1718 515 περὶ
1744 479 1824 506 τοῦτο

1040 530 1157 565 χρῆσθαι
1181 527 1412 564 παραιτούμενος·
1438 525 1562 552 ἐντεῦθεν
1584 526 1597 552 6
1620 526 1752 561 μακάριος
1771 525 1823 560 ἔφη

1041 576 1160 610 Πέτρος·
1184 584 1194 600 ι
1214 574 1343 604 Ποσάκις,
1367 572 1413 598 ὲάν
1428 572 1536 606 ἁμάρτῃ
1552 571 1591 602 είς
1612 571 1662 606 ἐμὲ
1680 572 1695 597 6
1713 569 1825 604 ἀδελφός

1044 619 1211 654 μου,ἀφήσω
1226 617 1310 652 αὑτῷ;
1321 617 1373 648 ἕως
1392 615 1521 647 ὲπτᾶκις;
1536 625 1544 640 ι
1558 616 1596 646 ὡς
1609 615 1766 651 ἀρκοῦντος,
1781 615 1825 640 τὸν

1042 665 1142 692 τέλειον
1157 663 1241 690 εἰπὼν
1255 662 1384 698 ἀριϐμὸν’
1408 661 1437 687 δν
1461 661 1613 696 ὑπερϐῆναι
1631 661 1702 687 κατά
1724 660 1825 695 πολλὴν

1043 709 1200 745 περιουσίαν
1211 707 1371 742 βουλόμενος
1379 706 1393 732 6
1403 704 1513 740 Κύριος,
1525 705 1650 739 ἐπήγαγε
1661 703 1701 736 τὸ,
1717 706 1754 738 (p.
1764 703 1827 737 500)

1047 765 1056 781 ε
1081 754 1118 780 υὺ
1135 754 1205 788 λέγω
1225 761 1265 778 σοι
1279 752 1331 783 ’έως
1347 750 1470 782 ἑπτάκις,
1492 750 1548 776 ἀλλ’
1563 750 1616 782 ἓως
1631 749 1825 784 ἐὸδομηκοντᾶ-

1044 809 1088 832 κις
1100 800 1179 826 ἑπτά.
1203 808 1212 825 ι
1231 797 1341 825 Τοιοῦτο
1358 797 1389 832 δή
1407 805 1434 822 τι
1454 795 1592 823 κάνταῦθά
1617 802 1714 831 φησιν·
1737 794 1830 829 ἐπελη-

1045 845 1142 872 λυοότα
1156 843 1209 879 γὰρ
1223 842 1269 869 τὸν
1288 841 1428 876 ’Δσσύριον
1446 841 1514 876 μετὰ
1527 841 1573 867 τοῦ
1589 840 1770 875 στρατοπέδου
1781 838 1829 865 τοῦ

1045 891 1156 921 οἰκείου,
1183 887 1286 924 μεγάλῃ
1318 886 1366 921 μέν
1389 894 1441 912 τινι
1464 886 1510 912 καὶ
1535 885 1689 921 βαρυτάτῃ,
1715 884 1759 911 διὰ
1781 884 1831 919 τῆς

213 942 310 969 incolis
320 940 408 968 facilis
421 941 510 976 praeda
524 939 624 971 effecti,
634 945 759 967 sexcenta
769 940 842 974 passi
855 944 919 967 sunt
931 940 998 966 mul-

1056 935 1196 970 imupyia;
1210 932 1256 959 τοῦ
1273 932 1399 966 ἀγγέλου,
1418 930 1615 966 περιϐέϐληκεν
1632 930 1646 955 ὁ
1668 929 1732 961 Θεὸς
1743 930 1775 964 τῇ
1792 937 1832 955 τι-

214 986 330 1013 tifariam
344 986 414 1012 mala
428 992 509 1020 atque
528 994 542 1012 a
559 986 662 1018 multis,
681 985 745 1012 dum
766 986 902 1020 fugientes
917 985 997 1013 facile

215 1030 360 1058 admodum
382 1031 564 1062 adorirentur,
580 1035 607 1058 et
617 1031 801 1065 deprehensos
827 1031 993 1058 occiderent.

214 1075 355 1104 Postremo
369 1077 452 1103 multa
468 1084 529 1104 cum
554 1077 703 1112 ignominia
719 1085 765 1104 rex
781 1084 875 1104 eorum
889 1077 922 1104 ad
938 1085 1000 1112 pro-

215 1120 302 1155 priam
319 1120 447 1147 ditionem
464 1129 602 1151 reversus,
619 1129 633 1148 a
645 1121 738 1148 liberis
749 1122 807 1148 suis
820 1121 1000 1155 interemptus

216 1165 283 1192 fuit:
302 1169 331 1192 ut
348 1166 518 1200 exploratum
538 1166 616 1201 197
634 1167 679 1199 sit,
694 1167 863 1200 punitionern
889 1167 943 1194 illis
959 1167 1001 1193 in-

217 1210 316 1238 flictam
339 1219 354 1238 a
377 1211 431 1239 Deo
451 1212 657 1246 gravissimam;
674 1220 723 1239 nec
737 1213 791 1240 illis
802 1213 889 1240 solum
905 1212 939 1239 ab
953 1220 1002 1239 an-

216 1257 277 1291 gelo
290 1258 363 1284 circa
375 1257 544 1285 Hierusalem
557 1258 707 1292 percussis,
729 1258 777 1285 sed
792 1258 905 1292 reliquis
921 1257 1001 1284 etiam

217 1302 265 1337 qui
283 1303 357 1337 gravi
378 1303 475 1330 timore
498 1303 616 1336 correpti
643 1303 763 1330 indidem
789 1303 938 1338 fugiebant.
966 1303 1003 1329 De

218 1346 319 1380 quibus
335 1347 414 1373 etiam
429 1347 523 1374 beatus
540 1346 605 1373 dicit
620 1345 704 1373 David
719 1356 725 1373 :
749 1356 758 1372 ι
771 1346 859 1374 Pones
874 1355 922 1375 eos
940 1347 1004 1373 dor-

219 1399 300 1424 sum;
316 1391 344 1418 in
357 1392 480 1426 reliquiis
492 1392 545 1419 tuis
555 1393 720 1427 praeparabis
728 1392 831 1419 vultum
842 1400 936 1419 eorum
947 1392 980 1418 ”.
992 1401 1001 1418 ι

220 1436 279 1464 Hoc
293 1436 461 1471 significans,
475 1436 533 1464 fore
544 1442 573 1464 ut
584 1445 678 1464 omnes
692 1438 719 1464 in
735 1437 827 1471 fugam
843 1443 1003 1464 convertan-

221 1487 283 1515 tur;
299 1487 524 1517 commoveatque
538 1483 606 1509 iram
621 1490 698 1510 suam
709 1484 790 1510 etiam
803 1483 829 1509 in
842 1483 1004 1518 superstites

222 1525 305 1554 Deus.
324 1526 380 1554 lloc
398 1527 481 1561 igitur
495 1527 553 1555 vult
567 1529 620 1554 hoc
633 1528 692 1555 loco
706 1527 807 1560 dicere,
822 1527 886 1554 dum
903 1532 1004 1562 septem

222 1577 345 1607 pastores
355 1574 515 1600 suscitatam
531 1573 564 1600 iri
586 1573 641 1606 ait;
659 1573 779 1601 declarat
791 1573 896 1601 scilicet
907 1572 1006 1600 divinae

223 1619 374 1654 punitionis
389 1619 560 1654 gravitatem,
576 1627 658 1654 quam
678 1619 824 1654 perfectam
842 1619 1005 1654 plenamque

224 1671 272 1699 per
286 1664 374 1699 angeli
390 1664 493 1691 cladem
510 1664 622 1692 adduxit
636 1665 690 1692 illis
707 1665 788 1692 Deus.

1050 981 1140 1017 μωρία
1149 988 1155 994 ⁸
1173 978 1278 1005 πολλῶν
1293 978 1320 1004 δὲ
1337 976 1541 1012 ἀναιρεθέντων,
1556 976 1596 1007 εἰς
1610 976 1698 1010 φυγήν
1711 983 1739 1000 τε
1752 974 1833 1009 ἐτρά-

1050 1034 1138 1062 πησαν
1152 1026 1176 1051 οί
1189 1024 1286 1055 λοιποὶ,
1305 1022 1353 1050 καὶ
1366 1024 1422 1053 τοῖς
1437 1021 1508 1048 κατά
1520 1021 1618 1052 τόπους
1637 1020 1768 1046 εὐάλωτοι
1787 1027 1833 1054 γε·

1049 1071 1168 1106 γονότες,
1188 1070 1302 1096 πλεῖστα
1319 1069 1369 1094 ὅσα
1384 1067 1552 1094 πεπόνθασιν
1577 1067 1606 1093 ὲν
1627 1066 1764 1101 διαφόροις
1786 1066 1834 1091 καὶ

1050 1117 1126 1152 παρά
1141 1115 1287 1151 διαφόρων,
1307 1114 1361 1140 τῶν
1379 1113 1418 1145 ὡς
1440 1112 1472 1139 ἄν
1488 1112 1618 1147 φεύγουσι
1642 1111 1710 1146 μετὰ
1734 1110 1835 1145 πολλῆς

1050 1163 1180 1190 ἐπιόντων
1193 1162 1241 1196 τῆς
1258 1159 1406 1195 εὑμαρείας
1424 1158 1469 1184 καὶ
1483 1159 1545 1189 τοὺς
1561 1157 1746 1191 ἐμπίπτοντας
1756 1156 1834 1184 ἀναι-

1053 1208 1183 1244 ρούντων
1204 1205 1395 1232 τὸτελευταῖον
1416 1204 1444 1230 δὲ
1463 1203 1532 1238 μετά
1543 1203 1642 1237 πολλῆς
1657 1202 1707 1236 τῆς
1723 1201 1836 1236 ἀτιμίας

1052 1255 1066 1281 6
1089 1252 1236 1288 βασιλεύων
1255 1251 1344 1277 αὐτῶν
1367 1250 1406 1282 είς
1422 1249 1470 1285 τὴν
1487 1248 1578 1284 χώραν
1595 1246 1769 1282 ἀπεληλυθὼς
1786 1246 1836 1282 τὴν

1053 1299 1166 1329 οἰκείαν,
1182 1297 1234 1323 ὑπὸ
1247 1296 1301 1323 τῶν
1318 1295 1382 1322 υἱῶν
1398 1294 1516 1331 ἀνῃρέθη
1538 1293 1591 1320 τῶν
1606 1293 1677 1319 ἰδίων
1690 1301 1696 1307 ·
1718 1293 1755 1323 ὡς
1771 1291 1834 1326 φαί-

1053 1343 1145 1370 νεσθαι
1169 1342 1216 1377 τὴν
1238 1341 1373 1376 τιμωρίαν
1396 1340 1487 1370 αὑτοῖς
1511 1338 1675 1373 ἐπαχθεῖσαν
1697 1337 1772 1372 παρά
1789 1335 1838 1363 τοῦ

1053 1389 1120 1415 Θεοῦ
1141 1387 1305 1423 βαρυτάτην,
1321 1387 1351 1412 οὐ
1368 1386 1446 1420 μόνον
1461 1384 1505 1411 διὰ
1517 1384 1571 1411 τῶν
1590 1383 1642 1409 ὑπὸ
1660 1383 1706 1409 τοῦ
1721 1382 1838 1416 ἀγγέλου

1055 1434 1212 1471 πληγέντων
1229 1433 1293 1468 περὶ
1308 1432 1358 1467 τὴν
1379 1429 1565 1465 Ἰερουσαλὴμ,
1578 1428 1645 1455 ἀλλά
1664 1428 1710 1456 καὶ
1725 1428 1767 1454 διὰ
1786 1427 1841 1454 τῶν

1054 1479 1155 1506 λοιπῶν
1169 1478 1223 1504 τῶν
1246 1477 1314 1512 μετά
1340 1474 1436 1502 πολλοῦ
1458 1474 1504 1501 τοῦ
1524 1474 1598 1504 δέους
1613 1473 1787 1508 πεφευγότων
1808 1481 1840 1498 τε

1056 1525 1158 1552 ἐκεῖθεν
1179 1524 1226 1550 καὶ
1241 1522 1369 1553 ποικίλως
1383 1519 1594 1555 ἀναιρεθέντων·
1612 1519 1675 1554 περὶ
1689 1515 1725 1545 ὧν
1741 1518 1772 1554 δὴ
1792 1518 1843 1545 καὶ

1056 1572 1070 1598 6
1089 1571 1220 1606 μακάριος
1233 1567 1314 1595 Δαυὶδ
1333 1586 1340 1599 ,
1367 1575 1375 1592 ι
1398 1567 1438 1593 ὅτι
1467 1565 1560 1600 θήσεις
1583 1565 1680 1595 αὐτοὺς
1699 1563 1793 1595 νῶτον,
1811 1563 1841 1588 έν

1056 1618 1111 1647 τοῖς
1119 1615 1284 1651 περιλοίπΟις
1295 1621 1341 1639 σου
1349 1611 1500 1646 ὲτοιμάσεις
1513 1610 1543 1636 τὸ
1550 1610 1692 1646 πρόσωπον
1706 1608 1795 1634 αὐτῶν
1804 1615 1811 1622 ο
1827 1616 1838 1633 ι

1057 1662 1137 1689 τοῦτο
1153 1660 1250 1696 δηλῶν,
1264 1659 1304 1685 ὅτι
1319 1657 1504 1693 τραπὴσονται
1534 1655 1583 1690 μὲν
1600 1655 1718 1685 ἅπαντες
1735 1655 1774 1684 εἰς
1789 1661 1842 1686 φυ-

223 1710 286 1744 γὴν,
308 1710 412 1744 κινήσει
440 1709 467 1735 δὲ
490 1710 538 1745 τὴν
555 1710 638 1745 όργὴν
654 1711 702 1745 τὴν
725 1711 828 1737 οἰκείαν
854 1711 901 1737 καὶ
932 1710 1002 1737 κατὰ
1031 1708 1085 1736 τῶν
1112 1704 1346 1740 ὑπολελειμμένων
1366 1704 1380 1729 6
1400 1702 1475 1733 Θεός.
1504 1701 1542 1736 (p.
1560 1701 1622 1736 501)
1647 1699 1731 1726 Τοῦτο
1752 1699 1843 1725 τοίνυν

224 1755 317 1782 ἐνθάδε
337 1754 458 1789 βούλεται
474 1754 570 1788 λέγειν,
585 1755 654 1781 ἑπτὰ
677 1755 726 1790 μὲν
742 1756 874 1790 ποιμένας
892 1753 1121 1790 ὲπεγερθήσεσθαι
1149 1751 1251 1785 λέγων·
1279 1750 1322 1776 ἵνα
1337 1750 1444 1786 δηλώσῃ
1467 1749 1517 1783 τῆς
1543 1747 1617 1778 θείας
1632 1745 1766 1781 τιμωρίας
1794 1745 1844 1778 τὴν

226 1801 373 1838 βαρύτητα,
389 1802 422 1836 ἢν
437 1801 542 1828 τελείαν
557 1810 587 1828 τε
608 1803 654 1828 καὶ
671 1803 877 1838 ἀπηρτισμένην
899 1803 942 1829 διὰ
957 1802 1007 1837 τῆς
1017 1801 1064 1828 τοῦ
1078 1799 1192 1833 ἀγγέλου
1204 1797 1310 1832 πληγῆς
1324 1797 1463 1831 ἐπήγαγεν
1479 1795 1569 1825 αὐτοῖς
1581 1795 1595 1820 6
1609 1793 1685 1824 Θεός.

261 1847 329 1875 Octo
351 1847 491 1874 hominum
506 1855 616 1876 morsus
637 1849 713 1880 dicit.
730 1855 759 1875 ut
774 1850 913 1877 cumulum
934 1851 1011 1877 incu-

227 1893 379 1920 biturorum
416 1896 479 1927 post
504 1892 595 1928 fugam
623 1894 699 1921 illinc
729 1895 860 1922 malorum
890 1895 1009 1926 denotet.

228 1939 321 1967 multis
331 1934 378 1973 per
393 1947 424 1966 ea
438 1939 496 1966 loca
508 1939 676 1971 hominibus.
692 1945 786 1974 utpote
800 1941 846 1975 qui
860 1941 886 1968 in
902 1941 1012 1968 sedibus

229 1979 347 2019 propriis
357 1985 525 2020 perstabant.
540 1984 675 2020 fugientes
687 1985 881 2019 perdentibus;
907 1993 1012 2013 necnon

228 2033 257 2057 et
270 2030 330 2057 illos
347 2030 392 2064 qui
409 2030 437 2057 in
453 2031 566 2065 patriam
576 2038 603 2057 se
617 2030 750 2064 putabant
758 2031 889 2064 evasisse,
897 2031 1013 2066 quibus-

229 2082 290 2102 cum
307 2082 395 2110 regem
411 2083 519 2110 quoque
545 2083 558 2101 a
583 2075 640 2103 suis
662 2076 754 2103 liberis
785 2077 903 2103 interimi
926 2076 1014 2103 conti-

231 2119 285 2153 git:
305 2127 386 2153 quam
403 2127 460 2146 rem
484 2119 606 2153 elegante
627 2120 760 2146 vocabulo
782 2120 850 2147 dixit
873 2121 1014 2148 hominum

231 2172 349 2197 morsus,
366 2169 395 2191 ut
411 2164 444 2191 ab
460 2164 545 2198 angeli
562 2165 702 2198 pttnitioue
716 2166 903 2200 distingueret.
920 2166 1015 2194 Postea

232 2208 322 2236 dicere
339 2209 439 2244 pergit:
460 2217 469 2234 ‹
484 2208 516 2234 ΕΙ.
534 2213 645 2242 pascent
663 2209 804 2245 Assyrium
827 2211 853 2237 in
874 2211 974 2246 gladio,
989 2217 1016 2239 et

233 2259 331 2281 terram
358 2254 475 2281 Ncbrodi
507 2254 533 2280 in
553 2254 627 2280 fovea
647 2255 716 2289 ejus.
733 2265 742 2280 ι
769 2255 804 2282 Ut
828 2256 901 2283 dicat
925 2257 1015 2291 gladio

233 2300 445 2327 consumendum
464 2300 614 2335 Assyrium,
630 2301 676 2335 qui
692 2302 829 2335 propriam
843 2310 952 2336 quoque
974 2310 1015 2328 re-

1100 1845 1188 1873 Ὀκτὼ
1205 1845 1233 1872 δὲ
1246 1845 1371 1880 δήγματα
1386 1842 1547 1878 ἀνθρώπων,
1565 1841 1607 1866 ἵνα
1621 1839 1669 1874 τὴν
1692 1837 1845 1873 ὑπερϐολὴν

1061 1893 1125 1928 εἴπῃ
1139 1891 1194 1918 τῶν
1219 1888 1450 1924 καταληψομένων
1474 1887 1572 1917 αὐτοὺς
1597 1885 1689 1912 κακῶν
1711 1883 1780 1918 μετά
1795 1883 1846 1918 τὴν

1060 1938 1164 1965 ἐκεῖθεν
1178 1936 1276 1972 φυγὴν,
1293 1935 1426 1970 διαφόρως
1440 1933 1494 1960 τῶν
1515 1941 1544 1959 τε
1560 1931 1629 1958 κατά
1644 1931 1724 1957 τόπον
1741 1928 1847 1964 ἀνθρὼ-

1062 1992 1119 2010 πων
1131 1982 1241 2009 καὶτῶν
1257 1981 1324 2016 πρὸς
1339 1981 1406 2014 αὐτῇ
1417 1987 1449 2013 γε
1463 1978 1552 2005 αὐτῶν
1571 1978 1603 2012 τῇ
1619 1976 1694 2011 χώρᾳ
1708 1973 1847 2001 καθεστώ-

1063 2038 1128 2061 των,
1147 2028 1209 2059 τούς
1233 2035 1262 2054 τε
1286 2025 1435 2060 φεύγοντας
1458 2023 1640 2054 ἀπολλύντων,
1658 2021 1706 2047 καὶ
1730 2020 1792 2051 τοὺς
1817 2019 1847 2045 ὲν

1065 2077 1120 2106 τοῖς
1138 2075 1230 2104 τόποις
1251 2071 1488 2105 καταπεφευγέναι
1510 2068 1653 2098 δοκοῦντας
1673 2067 1729 2097 τοῖς
1754 2065 1846 2096 ἰδίοις’

1067 2121 1124 2156 μεθ’
1137 2117 1174 2146 ῶν
1191 2117 1364 2152 ἀναιρεθῆναι
1380 2116 1426 2142 καὶ
1450 2115 1495 2141 τὸν
1521 2113 1632 2149 βασιλέα
1648 2112 1700 2138 ὑπὸ
1715 2112 1769 2137 τῶν
1781 2111 1847 2136 υίῶν

1066 2165 1164 2199 συνέϐη
1181 2164 1233 2190 τῶν
1249 2163 1321 2190 ἰδίων
1331 2171 1338 2178 ο
1354 2162 1368 2188 ὃ
1381 2161 1427 2187 καὶ
1447 2159 1536 2191 καλῶς
1556 2158 1706 2193 ἀνθρώπων
1726 2155 1785 2182 εἷπε
1801 2156 1849 2191 δή-

1067 2220 1169 2246 γματα,
1185 2208 1406 2236 ἀντιδιαστέλλων
1423 2206 1490 2232 αὐτὰ
1508 2206 1540 2240 τῇ
1561 2204 1606 2230 διὰ
1617 2203 1663 2230 τοῦ
1679 2202 1794 2237 ἀγγέλου
1809 2210 1849 2227 τι-

1069 2257 1168 2293 μωρίᾳ.
1187 2254 1252 2282 Εῐτα
1263 2255 1374 2288 ὲπάγει·
1399 2261 1408 2278 ι
1427 2252 1481 2278 Καὶ
1496 2249 1656 2285 ποιμανοῦσι
1669 2249 1713 2274 τὸν
1734 2247 1849 2293 ’Δσσοὺρ

1068 2291 1096 2329 έν
1111 2291 1232 2337 ῥομφαίᾳ
1246 2300 1292 2326 καὶ
1314 2299 1364 2333 τὴν
1385 2297 1434 2332 γὴν
1451 2295 1497 2322 τοῦ
1518 2293 1632 2329 Νεϐρὼδ
1649 2294 1677 2319 ὲν
1698 2294 1731 2327 τῇ
1752 2291 1849 2327 τάφρῳ

235 2345 340 2380 gioucm
357 2349 450 2372 cernet
464 2349 618 2372 vastatam:
636 2346 707 2380 quod
725 2354 819 2381 reapse
835 2347 934 2374 malutu
951 2354 999 2380 pas

1067 2348 1166 2380 αὐτῆς·
1190 2356 1198 2371 ι
1218 2346 1261 2372 ἵνα
1277 2344 1341 2379 εἴπῃ
1360 2344 1412 2374 ὃτι,
1429 2341 1505 2376 Ξίφει
1520 2349 1550 2366 τε
1565 2338 1820 2372 καταναλωθήσεται
1834 2338 1849 2363 ὁ

235 2399 282 2418 sus
300 2396 389 2425 postea
413 2399 428 2417 a
444 2391 600 2426 Babyloniis
625 2397 676 2418 est.
693 2392 752 2419 Jam
776 2397 874 2419 terram
898 2391 1014 2419 Nebrodi

235 2437 307 2463 illam
329 2441 477 2470 nuncupat,
508 2436 571 2471 quia
596 2436 650 2463 illis
678 2437 727 2464 fuit
744 2438 771 2464 in
795 2437 861 2464 locis
875 2436 1016 2464 Nebrodus

235 2482 321 2516 gigas,
342 2482 386 2516 qui
406 2482 508 2516 regiam
523 2481 681 2517 dignitatem
698 2482 767 2517 apud
795 2483 869 2517 ipsos
885 2483 1016 2514 obtinuit,

235 2535 404 2562 magnusque
418 2529 492 2556 visus
507 2534 549 2556 est
565 2529 635 2564 apud
650 2529 710 2563 eius
733 2528 862 2562 temporis
882 2529 1016 2560 homines,

236 2573 334 2599 virium
360 2581 470 2600 suarum
498 2573 666 2601 conscientia
691 2572 791 2600 elatus.
817 2571 863 2600 Sic
880 2574 951 2600 enim
981 2573 1018 2600 ait

233 2616 386 2646 Creationis
409 2618 494 2645 iiber:
512 2628 521 2644 ι
546 2619 596 2646 llic
620 2619 670 2645 l‘uit
696 2618 772 2653 gigas
795 2623 907 2646 venator
926 2627 1016 2646 coram

238 2663 301 2689 Deo.
317 2662 462 2697 Propterea
476 2663 584 2690 dicent:
604 2663 680 2690 Sicut
689 2663 833 2690 Nebrodus
851 2664 926 2698 gigas
939 2671 1019 2691 vena-

239 2715 281 2735 tor
295 2715 386 2734 coram
399 2707 471 2735 Deo:
490 2718 499 2733 ι
519 2707 625 2743 fuitque
634 2713 715 2743 caput
729 2709 803 2743 regni
819 2709 879 2742 ejus
890 2709 1018 2744 Babylon.

238 2753 306 2786 Quia
328 2752 409 2786 igitur
429 2753 509 2786 hujus
526 2760 609 2780 causa
626 2752 819 2787 superbiebant
837 2753 953 2787 Assyrii,
970 2761 1019 2780 ceu

237 2799 344 2834 magnis
361 2801 520 2832 praestantes
536 2798 650 2829 viribus,
674 2801 767 2833 utpote
782 2805 798 2824 a
815 2798 862 2825 tali
875 2798 932 2826 viro
956 2806 1021 2834 pro-

275 2891 296 2906 "
310 2889 392 2918 Eccli.
406 2898 442 2924 ιι,
455 2890 481 2917 2.
520 2891 542 2907 θ’
558 2889 653 2918 Matth.
665 2898 744 2924 xvut,
763 2890 807 2918 21.

1071 2392 1219 2426 Ἀσσύριος,
1241 2391 1288 2416 καὶ
1303 2390 1351 2424 τὴν
1373 2388 1426 2422 γῆν
1443 2387 1492 2422 τὴν
1507 2385 1609 2412 οἰκείαν
1624 2385 1716 2419 ὖψεται
1735 2383 1851 2419 δῃουμέ-

1065 2447 1123 2472 νην,
1139 2438 1206 2473 ὂπερ
1223 2436 1268 2463 οὖν
1291 2436 1338 2462 καὶ
1363 2433 1498 2460 πέπονθεν
1522 2432 1574 2458 ὑπὸ
1595 2431 1649 2456 τῶν
1672 2428 1850 2456 Βαϐυλωνίων

1066 2484 1177 2518 ὕστερον
1188 2491 1195 2497 ·
1213 2482 1265 2516 γῆν
1279 2481 1333 2516 γὰρ
1347 2479 1393 2506 τοῦ
1415 2477 1528 2514 Νεόρὼδ
1540 2476 1647 2511 ἐκείνην
1660 2474 1798 2509 ὀνομάζει,
1812 2475 1851 2504 ὼς

1066 2529 1095 2554 ὲν
1113 2527 1226 2558 ἐκείνοις
1248 2528 1303 2557 τοῖς
1326 2525 1420 2556 τόποις
1444 2523 1490 2550 τοῦ
1513 2521 1626 2557 Νεὸρὼδ
1647 2519 1800 2554 γεγονότος,
1817 2519 1852 2546 τὰ

1067 2573 1188 2608 βασίλειά
1200 2581 1230 2599 τε
1244 2572 1351 2606 ἔχοντος
1363 2571 1483 2601 ἐκείνων,
1493 2568 1521 2600 ὃς
1540 2568 1624 2603 μέγας
1637 2565 1762 2600 ἐφαίνετο
1778 2565 1854 2600 ποιρὰ

1066 2619 1128 2650 τοὺς
1140 2618 1200 2644 τότε
1215 2617 1373 2652 ἀνθρώπους
1390 2615 1434 2642 ἐπὶ
1448 2615 1561 2649 δυνάμει
1580 2610 1697 2647 φρονῶν.
1712 2609 1790 2636 οὕτω
1799 2608 1854 2645 γὰρ

1067 2666 1084 2699 ἡ
1100 2664 1149 2698 τῆς
1162 2664 1284 2694 κτίσεως
1299 2662 1389 2697 βίὸλος
1404 2660 1485 2695 φησίν
1497 2666 1504 2672 ·
1523 2668 1532 2684 ‹
1555 2655 1639 2688 Οὗτος
1656 2654 1691 2691 ἦν
1708 2655 1790 2689 γίγας
1805 2662 1854 2680 κυ-

1068 2710 1150 2745 νηγὸς
1166 2707 1286 2735 ἐναντίον
1301 2707 1403 2742 Κυρίου
1415 2714 1422 2721 σ
1440 2705 1484 2732 διὰ
1505 2703 1583 2730 τοῦτο
1604 2700 1722 2736 ἐροῦσιν,
1742 2700 1787 2731 Ὠς
1799 2699 1854 2726 Νε-

1072 2754 1144 2790 ϐρὼδ
1157 2754 1236 2787 γίγας
1251 2752 1367 2787 κυνηγὸς
1384 2748 1503 2778 ἐναντίον
1515 2748 1561 2775 τοῦ
1574 2746 1640 2790 Θεού
1649 2754 1656 2761 ο
1666 2755 1676 2772 δ
1686 2745 1734 2772 καὶ
1747 2744 1856 2790 έγένετο

1073 2787 1175 2833 ἠνάρχὶ·
1190 2797 1240 2832 τῆς
1260 2795 1396 2831 βασιλείας
1420 2792 1503 2820 αὑτοῦ
1526 2789 1669 2818 Βαὸυλών·
1691 2788 1785 2824 ἐπειδὴ
1798 2787 1855 2815 τοίο
