1981 3073
119 202 168 229 381

604 199 876 228 COMMENTARIUS
895 196 929 225 IN
942 196 1096 226 MlCIIAS/E
1112 198 1188 226 CAP.
1209 198 1240 226 ν.

1695 196 1748 223 582

121 267 168 286 νυν
183 258 213 290 ἐξ
225 258 331 285 ἐκείνου
346 258 417 294 μέγα
430 258 559 294 ἐφρόνουν
571 259 596 284 οἱ
616 258 762 294 Ἀσσύριοι,
772 258 809 289 ὡς
822 257 906 292 μεγά-

972 257 1051 288 eniti,
1079 257 1130 284 hoc
1148 257 1203 284 fere
1216 257 1308 284 dicere
1329 256 1414 283 voluit
1429 255 1572 291 propheta,
1597 253 1670 289 quod
1684 261 1746 287 quze

122 303 163 330 λοι
177 304 226 339 τὴν
236 304 362 339 δύναμιν,
371 304 419 331 ﬁt:
433 305 465 330 ὲκ
477 303 596 330 τοιούτου
607 304 797 338 καταγόμενοι,
806 302 909 329 τοιοῦτό

122 359 163 377 τοι
174 351 188 376 6
200 351 343 386 προφήτης
358 351 444 377 είπεῖν
461 349 609 385 ἠϐουλήθη,
624 350 665 376 ὃτι
691 351 709 385 ἡ
728 349 781 376 τῶν
799 348 909 375 δοκούν-

123 405 177 422 των
203 396 334 431 ἀνδρείων
363 394 432 422 εἶναι
461 396 548 432 χώρα,
567 397 642 422 πᾶσα
670 396 698 422 ὲν
720 397 777 426 τοῖς
799 394 910 424 οἰκείοις

123 440 218 470 τόποις
235 440 288 466 ὑπὸ
305 439 441 474 πολεμίων
460 439 678 475 ἀναιρεθήσεται,
698 439 774 466 οὐδὲν
793 439 845 465 ὑπὸ
860 438 910 473 τῆς

126 485 216 520 ἰσχύος
236 485 431 520 ὠφελουμένων
445 485 494 520 τῆς
513 485 615 517 οἰκείας
638 485 680 519 ἐφ’
696 482 713 521 ᾖ
736 485 807 520 μέγα
830 484 911 519 ἐφρό-

124 539 197 561 νουν,
214 530 258 557 διὰ
278 530 327 564 τὴν
341 530 426 565 ὀργὴν
448 531 498 565 τὴν
520 530 604 557 θείαν.
629 529 795 561 Ἀκολούθως
820 529 911 564 μέντοι

123 583 156 609 γε
171 576 229 606 τοῖς
245 575 398 610 εἰρημένοις
412 576 426 601 ὁ
445 576 599 611 προφήτης,
624 585 634 601 ι
663 576 718 602 Καὶ
741 575 852 611 ῥύσεταί
869 583 910 607 σε,

962 295 1072 329 fortium
1093 302 1213 329 virorum
1238 302 1319 337 198
1343 302 1487 329 videbatur
1505 308 1566 329 esse
1591 299 1689 335 patria,
1716 305 1748 325 ea

961 352 1017 374 tota
1028 348 1063 375 ab
1077 348 1203 375 hostibus
1216 348 1450 382 pessumdabitur,
1461 346 1527 373 nihil
1539 346 1563 373 ei
1577 346 1635 373 suis
1642 344 1748 372 viribus

962 392 1112 427 profuturis
1139 393 1238 427 quibus
1269 392 1458 426 superbiebat,
1487 396 1598 426 propter
1626 390 1748 417 divinam

962 437 1041 464 iram.
1058 437 1245 466 Consentanee
1257 438 1366 464 demum
1392 436 1530 471 prmdietis
1543 433 1750 470 prophetatum-

961 483 1120 518 berabitque
1134 487 1171 515 te,
1194 484 1292 517 inquit,
1318 483 1352 509 ab
1368 482 1480 517 Assyrio
1504 489 1566 508 cum
1594 479 1699 508 venerit
1720 480 1748 506 in

962 534 1063 557 terram
1087 534 1217 561 vestram,
1246 533 1273 556 et
1301 536 1364 556 cum
1391 529 1424 555 ad
1442 528 1508 555 ﬂues
1525 533 1632 555 vestros
1654 534 1749 554 ascen-

963 575 1043 602 derit.
1054 585 1062 601 I

126 620 219 656 φησὶν,
236 621 268 647 ὲκ
288 620 334 647 τοῦ
356 621 480 656 Ἀσσοῦρ,
496 621 534 647 ὅτ’
550 622 583 648 ἂν
604 621 710 657 ἀπέλθῃ
724 621 769 647 ἐπὶ
789 620 839 656 τὴν
860 619 913 654 γῆν
925 617 1010 651 ὑμῶν,
1025 620 1072 646 καὶ
1086 619 1124 646 ὅτ’
1138 618 1170 646 ἂν
1185 619 1264 650 ἐπιϐῇ
1280 619 1326 646 ἐπὶ
1340 619 1375 646 τὰ
1389 619 1451 652 ὅρια
1468 617 1555 651 ὑμῶν.
1572 626 1582 644 ι

163 666 236 700 Στίχ.
251 665 320 697 ζ’-θ¹.
337 681 372 685 -
385 664 451 692 Εἶτα
465 666 710 701 εὐαγγελισάμενος
727 667 783 697 τοῖς
805 666 908 700 Ἰσραη-

127 711 216 742 λίταις
232 711 262 737 τὸ
277 711 358 746 μηδὲν
372 711 424 737 ὑπὸ
434 710 481 738 τοῦ
504 711 645 747 Ἀσσυρίου
660 711 800 738 πείσεσθαι
818 709 914 742 κακὸν,

129 757 244 790 ἐπάγει·
270 766 280 782 ‹
302 757 356 783 Καὶ
380 757 456 784 ἔσται
475 757 506 783 τὺ
528 757 687 792 ὑπόλειμμα
701 757 748 783 τοῦ
774 755 871 783 Ἰακὼό
886 756 914 781 έν

129 803 186 833 τοῖς
201 800 303 827 ἔθνεσιν
316 801 345 827 ὲν
363 801 437 836 μέσῳ
458 801 529 828 λαῶν
552 802 656 829 πολλῶν
671 803 709 833 ὡς
723 802 816 837 δρόσος
839 802 914 837 παρὰ

130 845 234 881 Κυρίου
255 846 448 879 ἐπιπίπτουσα,
471 847 519 874 καὶ
542 847 580 879 ὡς
605 848 685 883 ἄρνες
708 848 752 873 ἐπ’
766 848 913 882 ἄγρωστιν,

130 890 204 922 ὅπως
216 891 252 926 μὴ
265 892 382 927 συναχθῇ
402 892 503 927 μηδεὶς,
519 892 586 927 μηδὲ
604 881 705 927 ὑποστῇ
726 893 755 918 ὲν
775 881 843 924 υἱοῖς
870 893 918 918 ἀνα
932 881 953 908 Β

131 935 257 970 θρὼπων.
274 947 283 962 ι
296 937 328 963 Οἱ
339 937 393 973 γὰρ
410 939 441 964 ὲκ
457 937 504 964 τοῦ
522 938 628 973 Ἰσραὴλ
645 937 852 972 ὑπολειφθέντες
871 937 916 963 ἐπὶ

130 981 180 1016 τῆς
201 982 338 1014 Ἰουδαίας,
353 983 403 1009 εἴτ’
418 981 464 1009 οὖν
491 983 541 1018 τῆς
560 983 745 1019 Ἰερουσαλὴμ,
756 983 857 1009 τούτων
874 990 918 1016 γε-

132 1027 258 1061 γονότων,
284 1028 417 1064 αἱδέσιμοι
440 1029 584 1063 φανοῦνται
599 1030 666 1056 πᾶσι
688 1030 744 1061 τοῖς
765 1028 852 1060 ἐκτὸς,
870 1028 916 1054 καὶ

134 1072 233 1107 πολλῆς
244 1073 313 1105 ἄξιοι
329 1074 457 1109 σπουδῆς,
474 1075 522 1109 οὐχ
545 1072 626 1110 ἦττον
644 1075 660 1110 ἢ
682 1074 775 1110 δρόσος
792 1074 850 1100 ἐστὶ
873 1082 918 1100 πο-

134 1116 208 1152 θεινὴ
224 1118 278 1149 τοῖς
293 1120 425 1152 γεωργοῖς
440 1119 510 1145 κατὰ
526 1119 621 1154 καιρὸν
638 1119 847 1155 καταφερομένη
872 1120 917 1146 τὸν

133 1163 231 1188 οἰκεῖον
241 1172 247 1178 ·
267 1162 304 1198 (p.
320 1164 382 1199 505)
396 1164 524 1191 διοίσουσί
539 1174 570 1191 τε
583 1165 658 1192 οὐδὲν
672 1165 815 1200 προϐάτων
826 1165 917 1200 ἄγρω-

134 1217 192 1234 στιν
210 1209 377 1244 νεμομένων,
390 1210 476 1241 οὕτως
492 1211 599 1238 ἅπαντα
619 1210 672 1237 τῶν
688 1211 864 1238 ἀπολωλότων
884 1219 914 1236 τε

134 1252 181 1278 καὶ
198 1254 370 1287 πεφευγότων
390 1254 511 1286 ἐπιόντες
526 1255 561 1281 τὰ
582 1254 705 1290 λάφυρα·
726 1255 764 1287 ὡς
790 1256 837 1282 καὶ
859 1255 918 1286 δέος

134 1297 234 1324 ἅπασιν
255 1299 413 1332 ἐγγενέσθαι
430 1301 485 1331 τοῖς
500 1299 653 1335 ἀνθρώποις
668 1300 714 1327 τοῦ
731 1301 832 1336 μηδένα
852 1300 918 1327 ποτὲ

134 1344 306 1379 ἐπιχειρῆσαι
321 1345 359 1380 τῷ
373 1346 432 1372 κατ’
447 1345 536 1372 αὐτῶν
550 1346 670 1382 πολέμῳ.
689 1356 698 1372 ι
722 1347 777 1373 Καὶ
797 1347 874 1373 ἔσται
888 1346 918 1373 τὸ

134 1388 292 1424 ὑπόλειμμα
302 1391 349 1416 τοῦ
368 1390 463 1418 Ἰακὼϐ
478 1392 506 1418 ὲν
521 1392 576 1423 τοῖς
589 1391 693 1419 ἔθνεσιν
710 1393 740 1419 ὲν
756 1392 831 1428 μέσῳ
845 1391 918 1418 λαῶν

135 1435 249 1466 πολλῶν,
267 1435 305 1467 ὼς
328 1435 394 1462 λέων
410 1438 439 1463 ὲν
458 1438 513 1469 τοῖς
533 1438 642 1472 κτήνεσι
659 1437 705 1465 τοῦ
731 1437 847 1473 δρυμοῦ,
871 1437 919 1464 καὶ

134 1480 172 1512 ὠς
191 1480 311 1515 σκύμνος
330 1482 358 1507 ἐν
375 1482 511 1518 ποιμνίοις
532 1483 691 1518 προϐάτων·
715 1483 745 1510 ὃν
765 1484 865 1519 τρόπον
880 1483 918 1510 ὅτ’

135 1525 168 1552 ἂν
178 1526 270 1563 διέλθῃ
288 1527 334 1554 καὶ
350 1528 499 1560 διαστείλας
512 1529 632 1565 ἁρπάσῃ,
650 1529 696 1556 καὶ
717 1529 754 1565 μὴ
812 1529 827 1555 6
847 1529 919 1561 έξαι-
933 1544 954 1572 c

137 1572 269 1607 ρούμενος
280 1581 286 1588 ·
305 1573 476 1609 ὑψωθήσεται
498 1575 514 1610 ἡ
531 1575 591 1610 χείρ
604 1583 651 1601 σου
667 1576 712 1602 ἐπὶ
733 1576 796 1607 τοὺς
817 1575 921 1602 θλίϐον-

136 1615 186 1647 τάς
199 1625 240 1647 σε.
253 1618 300 1644 καὶ
308 1618 407 1650 πάντες
420 1620 444 1644 οἱ
457 1619 548 1654 ἐχθροί
561 1628 607 1646 σου
619 1620 895 1656 ὲξολοθρευθήσονται.
911 1632 920 1648 ι

136 1660 193 1687 Καὶ
208 1661 338 1694 διοίσετε,
363 1663 455 1697 φησιν,
485 1662 562 1689 οὐδὲν
586 1663 691 1695 λέοντος
721 1663 837 1699 φοϐεροῦ
868 1666 923 1696 τοῖς

136 1707 264 1741 κτήνεσιν
274 1715 281 1722 ·
292 1706 377 1738 οὕτως
390 1707 474 1734 ἅπασι
487 1709 542 1739 τοῖς
556 1707 706 1743 ἀλλοτρίοις
723 1709 799 1740 ὄντες
810 1708 920 1744 φοϐεροὶ

136 1750 250 1783 λοιπὸν,
271 1751 314 1778 διὰ
335 1751 383 1787 τὴν
406 1753 462 1783 τοῖς
493 1752 644 1788 Ἀσσυρίοις
666 1753 734 1788 ὑπὲρ
758 1753 834 1788 ὑμῶν
860 1754 921 1779 ὲτιι-

138 1797 287 1831 γενομένην
301 1797 406 1833 πληγήν
417 1806 425 1813 ·
437 1798 475 1829 ὡς
491 1798 545 1833 γὰρ
563 1798 596 1824 ἃν
611 1799 638 1825 εἴ
647 1806 689 1829 τις
709 1798 776 1825 λέων
791 1798 921 1834 (σκύμνον

138 1841 193 1877 γὰρ
218 1842 299 1868 πάλιν
324 1842 356 1869 τὸ
376 1842 442 1869 αὐτὸ
463 1843 547 1877 λέγει,
564 1844 594 1870 τὸ
614 1843 660 1870 τοῦ
680 1844 785 1876 λέοντος
800 1844 921 1881 γέννημα

999 665 1081 692 Vsus.
1097 665 1153 693 7—9.
1166 680 1200 684 —
1218 664 1318 691 Deinde
1342 669 1448 698 gratum
1471 662 1595 689 nuntium
1617 659 1750 688 lsraelitis

965 719 1074 743 canens,
1103 710 1161 737 fore
1183 714 1213 737 ut
1229 710 1297 737 nihil
1319 709 1382 736 mali
1408 709 1443 736 ab
1463 707 1585 742 Assyriis
1601 707 1751 742 patiantur,

965 756 1038 783 addit
1050 764 1056 782 :
1068 766 1076 781 ι
1086 755 1119 783 Ει
1130 760 1211 783 erunt
1221 755 1342 789 reliquiae
1351 754 1434 781 Jacob
1448 753 1474 779 iu
1487 752 1613 788 gentibus
1626 753 1653 778 in
1664 751 1754 779 medio

966 802 1127 838 populorum
1142 802 1300 832 multorum,
1319 801 1398 835 quasi
1416 807 1461 826 ros
1477 806 1493 826 a
1510 798 1624 825 Domino
1639 796 1752 828 cadens,

966 853 992 876 et
1006 849 1081 883 quasi
1107 849 1168 883 agni
1195 855 1278 882 super
1301 853 1423 881 gramen,
1457 848 1487 872 ut
1504 852 1558 871 non
1574 846 1755 878 congregetur

968 894 1113 929 quispiam,
1149 901 1238 927 neque
1267 892 1401 919 subsistat
1432 891 1460 918 in
1487 890 1548 916 ﬁliis
1576 889 1752 916 hominum.»

967 940 1072 967 Etenim
1087 939 1132 973 qui
1147 937 1234 965 relicti
1247 937 1349 963 fuerint
1359 937 1386 963 in
1400 935 1495 962 Judma
1505 935 1562 962 sive
1571 933 1753 962 Hierusalem,

966 985 1137 1012 venerabiles
1153 983 1291 1011 extraneis
1305 981 1410 1009 cunctis
1425 980 1601 1012 videbuntur,
1614 979 1755 1014 multoque

967 1031 1042 1066 digni
1056 1030 1158 1060 studio,
1179 1028 1251 1055 haud
1266 1035 1345 1055 secus
1369 1034 1450 1061 quam
1466 1025 1596 1061 agricolis
1605 1029 1700 1060 gratus
1713 1027 1756 1051 est

966 1086 1013 1105 ros
1029 1082 1150 1111 tempore
1165 1075 1275 1110 proprio
1293 1073 1440 1101 decidens:
1470 1072 1628 1106 similesque
1641 1078 1756 1106 appare-

967 1125 1036 1152 bunt
1048 1123 1145 1150 ovibus
1156 1120 1367 1156 depascentibus
1379 1126 1490 1155 gramen
1503 1127 1511 1150 ς
1533 1118 1571 1145 sic
1595 1118 1668 1145 enim
1692 1125 1755 1152 per-

967 1168 1090 1196 euntium
1106 1171 1188 1201 atque
1205 1165 1365 1200 fugientium
1379 1166 1492 1198 carpent
1503 1162 1635 1190 exuvias:
1655 1169 1686 1189 ex
1701 1168 1757 1196 quo

967 1214 1049 1240 timor
1066 1212 1111 1239 tiet
1130 1211 1238 1239 cunctis
1256 1209 1425 1240 hominibus,
1452 1208 1598 1243 quominus
1613 1214 1661 1234 eos
1684 1206 1757 1233 bello

968 1262 1080 1294 quatere
1087 1257 1181 1285 velint.
1202 1265 1211 1282 ι
1222 1257 1254 1282 Et
1267 1259 1348 1283 erunt
1362 1254 1448 1282 Jacoli
1459 1254 1581 1288 reliquiae
1591 1253 1617 1280 in
1629 1252 1757 1288 gentibus

968 1305 995 1332 in
1014 1304 1103 1331 medio
1119 1303 1281 1338 populorum
1299 1301 1460 1331 multorum,
1479 1303 1510 1326 ut
1524 1300 1566 1326 leo
1584 1299 1610 1325 in
1624 1298 1758 1333 jumentis

969 1351 1044 1378 silva:
1070 1352 1098 1377 et
1127 1352 1155 1375 ut
1170 1347 1278 1374 catuius
1303 1346 1390 1373 leonis
1416 1345 1444 1372 in
1461 1344 1591 1379 gregibus
1614 1350 1756 1378 pecorum.

968 1395 1016 1429 qui
1032 1401 1094 1421 cum
1109 1391 1251 1419 transierit
1275 1394 1302 1417 et
1314 1390 1438 1417 dividens
1454 1388 1551 1422 rapiat,
1584 1394 1638 1414 non
1651 1390 1694 1414 est
1709 1386 1757 1422 qui

970 1444 1059 1468 eruat.
1075 1437 1246 1465 Exaltabitur
1260 1443 1357 1463 manus
1371 1441 1431 1462 mea
1446 1442 1529 1469 super
1541 1433 1705 1460 tribulantes
1721 1437 1757 1464 te,

970 1489 998 1512 et
1010 1492 1104 1512 omnes
1127 1483 1229 1510 inimici
1246 1482 1284 1508 tui
1304 1480 1463 1508 interibunt.
1479 1489 1487 1505 ι
1510 1478 1588 1506 Haud
1608 1477 1760 1506 dissimiles

970 1529 1041 1556 leoni
1055 1529 1132 1556 eritis
1144 1527 1241 1555 bestiis
1253 1525 1409 1553 tremendo:
1424 1524 1492 1552 adeo
1502 1524 1610 1551 cunctis
1620 1523 1759 1551 extraneis

971 1575 1098 1610 posthinc
1113 1572 1259 1604 terribiles,
1284 1575 1397 1605 propter
1413 1569 1518 1597 cladem
1532 1568 1654 1604 Assyriis
1676 1567 1759 1595 vestri

972 1628 1056 1648 causa
1074 1619 1187 1646 illatam.
1201 1617 1269 1644 Nam
1285 1617 1358 1644 sicut
1369 1616 1411 1643 leo
1423 1615 1554 1650 (catulum
1563 1619 1653 1641 autem
1664 1620 1762 1640 rursus

972 1665 1037 1693 dicit
1061 1663 1197 1695 eumdem,
1229 1662 1317 1689 leonis
1337 1664 1431 1688 natum
1457 1660 1497 1688 sic
1521 1658 1672 1694 appellans)
1687 1658 1760 1693 gregi

973 1710 1064 1737 ovium
1092 1713 1202 1743 repente
1228 1707 1363 1737 indicens,
1383 1709 1518 1741 quotquot
1535 1713 1568 1733 ex
1586 1705 1628 1732 his
1642 1704 1761 1731 voluerit

974 1761 1023 1789 pro
1037 1752 1095 1780 suis
1114 1752 1219 1779 viribus
1244 1751 1326 1785 rapit.
1351 1750 1389 1777 ita
1417 1757 1467 1776 vos
1483 1749 1610 1777 fortiores
1634 1748 1762 1776 hostibus

974 1799 1073 1826 vestris
1099 1797 1199 1824 abhinc
1213 1804 1275 1824 esse
1300 1795 1506 1831 reputabimini,
1534 1795 1664 1830 quoniam
1686 1798 1761 1821 tanta

975 1844 1111 1880 pernicies
1128 1842 1333 1877 aggressoribus
1349 1841 1448 1868 vestris
1464 1840 1583 1868 obvenit.

138 1888 211 1915 οὕτω
237 1889 349 1923 καλῶν),
381 1890 482 1925 ποίμνῃ
508 1891 650 1926 προϐάτων
676 1892 774 1927 ἀθρόον
797 1893 935 1928 ἐμπεσὼν,
961 1893 1046 1920 ὁπόσα
1067 1890 1191 1926 βούλεται
1216 1888 1246 1920 ἐξ
1273 1888 1361 1914 αὐτῶν
1385 1888 1455 1914 κατὰ
1482 1888 1531 1923 τὴν
1555 1889 1631 1922 ἰσχὺν
1653 1885 1762 1922 ἀρπάστι

139 1937 190 1972 τὴν
218 1937 335 1970 οἰκείαν,
368 1937 453 1969 οὓτως
481 1940 536 1969 τοῖς
566 1938 671 1974 ἐχθροῖς
694 1940 749 1971 τοῖς
782 1940 924 1975 ὑμετέροις
939 1938 1116 1973 δυνατώτεροι
1127 1935 1321 1972 νομισθήσεσθε
1354 1934 1402 1962 τοῦ
1428 1934 1533 1963 λοιποῦ.
1562 1934 1610 1960 ἅτε
1637 1933 1764 1969 τοιαύτης

140 1983 277 2015 ἀπωλείας
301 1983 492 2019 ὲπενεχθείσης
518 1986 574 2016 τοῖς
599 1986 835 2021 ὲπικεχειρηκόσιν
859 1987 922 2021 ὑμῖν
946 1985 1079 2011 ἐπελθεῖν.

175 2029 249 2064 Στίχ.
261 2032 332 2056 ι’-ιε¹.
343 2044 379 2050 --
391 2029 483 2056 Ταῦτα
493 2030 666 2065 περιέσεσθαι
675 2033 731 2063 τοῖς
745 2033 925 2068 Ἰσραηλίταις

141 2074 186 2102 διὰ
198 2076 246 2110 τῆς
263 2075 316 2102 τῶν
336 2076 483 2110 Ἀσσυρίων
498 2075 604 2111 πληγῆς
617 2076 734 2112 εἰρηκὼς
744 2078 758 2103 6
773 2078 923 2113 προφήτης.

141 2119 241 2154 ἑφεξῆς
255 2120 301 2146 καὶ
315 2120 365 2155 τὴν
380 2121 439 2146 κατ’
452 2120 542 2147 αὐτῶν
557 2121 611 2147 τῶν
631 2121 778 2156 Ἀσσυρίων
791 2122 924 2158 τιμωρίαν

139 2163 308 2199 πὶατύτερον
327 2164 409 2198 λέγει.
429 2165 508 2191 Κατὰ
522 2165 575 2200 γὰρ
586 2166 688 2191 ἐκεῖνον
708 2166 740 2200 δὴ
754 2165 799 2192 τὸν
818 2167 923 2201 καιρὸν,

142 2207 219 2242 φησὶ,
232 2208 335 2239 πάντας
346 2208 407 2239 τούς
420 2217 450 2234 τε
460 2208 558 2240 ἵππους
572 2209 617 2236 καὶ
631 2209 665 2236 τὰ
677 2209 786 2245 ἅρματα
800 2211 922 2244 ἀφανιεῖ-

141 2252 181 2287 (p.
198 2252 259 2299 σοι)
274 2253 317 2279 ἴνα
332 2253 406 2289 εῐπῃ·
425 2254 480 2289 Τὴν
492 2254 633 2290 ὁπλιτικὴν
644 2257 819 2292 παρασκευὴν
836 2257 923 2292 ἄχρη-
942 2272 962 2299 D

142 2305 204 2324 στον
227 2297 361 2332 ἀποφανεί
384 2299 492 2326 πᾶσαν·
518 2300 613 2326 ἀπολεῖ
636 2300 664 2326 δέ
691 2309 738 2327 σου
756 2302 806 2333 τὰς
833 2302 925 2334 πόλεις

142 2342 260 2374 ἁπάσας,
277 2343 327 2370 κᾶν
343 2343 446 2375 εἴτινες
463 2345 570 2379 ἰσχυραί
583 2354 612 2371 τε
626 2346 672 2372 καὶ
685 2345 753 2380 μετὰ
769 2347 868 2382 πολλῆς
880 2356 923 2374 τε-

142 2387 310 2421 τειχισμέναι
333 2388 383 2423 τῆς
398 2389 545 2423 ἀσφαλείας
562 2390 590 2416 ἐν
609 2390 704 2422 αὑταῖς
718 2389 786 2418 εἶναι
807 2392 923 2418 δοκοῖεν·

143 2432 320 2458 συναπολέσει
334 2432 362 2458 δὲ
378 2433 473 2465 αὐταῖς
487 2434 533 2461 καὶ
550 2436 638 2462 πάντα
647 2437 733 2463 ὁπόσα
749 2446 801 2472 περ
819 2437 862 2463 διὰ
876 2437 925 2471 τῆς

141 2476 302 2516 δαιμονικῆς
323 2476 494 2512 μετῄειςμῖνὶ)
503 2476 661 2511 θεραπείας·
670 2478 704 2506 τὰ
713 2479 780 2515 γὰρ(
794 2482 926 2518 φάρμακά

142 2530 190 2547 σου
216 2531 226 2547 ι
247 2522 327 2549 τοῦτο
350 2522 433 2557 λέγει,
455 2523 500 2550 ἴνα
521 2525 585 2562 εἴπῃ
603 2526 653 2557 τὰς
670 2527 776 2561 ἐπῳδὰς
797 2529 844 2554 καὶ
863 2528 925 2559 τοὺς

140 2567 314 2602 οἰωνισμοὺς,
330 2568 377 2594 καὶ
389 2568 474 2594 ὁπόσα
495 2568 527 2604 δὴ
545 2570 657 2597 τοιαῦτα
678 2571 737 2603 ἔθος
753 2569 787 2607 ἦν
802 2572 926 2606 γίνεσθαι

141 2612 208 2646 παρ’
227 2612 335 2644 αὐτοῖς’
351 2613 381 2639 οὺ
402 2613 490 2640 τοίνυν
511 2614 572 2640 οὐδὲ
592 2616 657 2646 τοὺς
672 2616 925 2652 ἀποφθεγγομένους

140 2655 208 2690 ἑξῆς
225 2655 265 2682 ἔτι
279 2657 342 2688 τοὺς
356 2658 416 2688 ταῖς
432 2659 571 2691 μαντείαις
583 2659 631 2685 καὶ
644 2662 775 2695 χρησμοῖς
789 2661 925 2696 κεχρημέ-

139 2710 204 2732 νους
214 2709 222 2717 ·
239 2702 334 2736 ἐπειδὴ
348 2702 442 2729 καὶτὰ
457 2703 553 2730 εἴδωλά
572 2713 617 2730 σου
633 2705 720 2732 πάντα
737 2706 784 2733 καὶ
798 2707 846 2738 τὰς
863 2707 922 2742 στή-

139 2746 190 2778 λας
205 2747 353 2782 ἀφανισμῷ
367 2749 494 2775 παντελεῖ
512 2750 682 2785 παραδώσει·
703 2750 741 2783 ὡς
759 2752 824 2787 μηδὲ
839 2752 929 2787 βουλο-

143 2791 218 2827 μένῳ
232 2800 272 2817 σοι
286 2792 400 2819 δυνατὸν
417 2791 486 2820 εἶναι
500 2795 533 2821 τὰ
551 2794 621 2821 αὐτὰ
636 2796 692 2827 τοῖς
709 2796 827 2832 πρόσθεν
841 2790 934 2824 ποιεῖν’

142 2837 192 2863 καὶ
211 2839 375 2871 προσκυνεῖν
389 2840 444 2870 τοῖς
458 2838 546 2874 ἔργοις
568 2840 622 2868 τῶν
640 2841 736 2877 χειρῶν
755 2841 808 2870 τῶν
830 2843 926 2878 ὑμετέ-

196 2886 253 2921 (42)
265 2887 332 2914 Cod.
351 2887 463 2923 μετιείς.

1016 2029 1096 2056 Vens.
1111 2027 1203 2054 10-15.
1219 2041 1250 2047 -
1270 2025 1418 2060 Postquam
1442 2025 1501 2051 hac
1527 2022 1659 2051 lsraelilis
1679 2029 1762 2049 even-

978 2079 1050 2106 tura,
1080 2073 1165 2107 piagze
1192 2079 1275 2098 causa
1302 2070 1424 2106 Assyriis
1453 2069 1598 2104 impositte,
1628 2068 1763 2103 propheta

980 2119 1060 2154 199
1072 2118 1167 2149 edixit,
1186 2117 1284 2144 deinde
1298 2115 1455 2143 eorumdem
1464 2115 1640 2150 Assyriorum
1655 2120 1762 2148 pmnam

977 2165 1059 2192 latius
1085 2167 1188 2191 narrat.
1214 2162 1335 2197 Namque
1358 2161 1403 2188 illo
1415 2165 1546 2195 tempore,
1576 2160 1625 2192 ait,
1649 2163 1763 2187 cunctos

977 2217 1064 2245 equos
1076 2216 1228 2243 currusque
1241 2208 1364 2235 destruet
1379 2207 1525 2240 Dominus;
1550 2209 1579 2232 ut
1592 2205 1680 2232 dicat:
1695 2203 1762 2232 Uni-

977 2263 1086 2283 versum
1112 2255 1239 2282 bellicum
1267 2257 1426 2288 apparatum
1453 2251 1594 2286 praestabit
1620 2250 1761 2278 inutilem:

977 2305 1145 2335 cunctasque
1168 2303 1230 2326 tuas
1250 2299 1332 2326 urbes
1358 2298 1462 2333 perdet,
1484 2303 1639 2332 quanquam
1661 2303 1694 2322 ex
1719 2295 1764 2323 his

977 2347 1074 2381 aliqua!
1089 2346 1155 2373 satis
1176 2346 1259 2372 lirmm
1272 2344 1411 2378 multoque
1425 2343 1537 2370 munitae
1552 2342 1679 2377 praesidio
1702 2348 1764 2369 esse

976 2391 1118 2418 vidcantur
1131 2400 1136 2416 :
1153 2397 1215 2416 cum
1230 2389 1318 2423 iisque
1327 2389 1454 2423 peribunt
1467 2391 1602 2422 quotquot
1617 2391 1645 2413 tu
1662 2386 1763 2413 daemo-

978 2438 1057 2463 niaco
1069 2436 1143 2464 cultu
1158 2435 1384 2471 proscquebaris:
1407 2442 1468 2462 nam
1486 2434 1618 2462 vocabulo
1633 2433 1763 2461 veneficia

978 2482 1004 2509 id
1019 2483 1146 2515 denotat;
1161 2489 1257 2516 nempe
1271 2481 1483 2512 incantationes,
1500 2480 1628 2515 auguria,
1645 2484 1673 2507 et
1686 2487 1762 2515 qua:-

978 2535 1086 2562 cuuque
1107 2527 1263 2561 hujusmodi
1289 2526 1360 2561 apud
1382 2534 1430 2554 eos
1446 2526 1503 2554 ﬁeri
1524 2530 1666 2555 consueta.
1681 2526 1765 2563 Ergo-

978 2581 1012 2600 ne
1024 2573 1220 2607 respondentes
1236 2572 1345 2607 quidem
1362 2579 1410 2607 per
1424 2571 1535 2598 oracula
1550 2575 1643 2605 erunt,
1655 2572 1712 2599 sive
1722 2572 1763 2599 di-

977 2618 1164 2646 vinationihus
1182 2617 1358 2652 oraculisque
1383 2620 1509 2644 utentes:
1538 2617 1601 2651 quia
1626 2616 1698 2644 idola
1715 2621 1763 2644 tua

978 2663 1068 2690 omnia
1080 2663 1227 2697 titulosque
1239 2670 1365 2697 supremo
1384 2662 1473 2689 tradet
1482 2662 1582 2690 exitio:
1595 2662 1633 2689 ita
1644 2667 1674 2689 ut
1688 2669 1722 2689 ne
1739 2661 1762 2688 si

979 2709 1097 2736 volueris
1123 2708 1244 2743 quidem,
1269 2712 1375 2736 veteres
1403 2708 1473 2735 ritus
1501 2712 1563 2736 tuos
1591 2708 1763 2743 frequentare

977 2755 1080 2787 valeas,
1091 2758 1118 2781 et
1131 2753 1239 2789 opiﬁcia
1251 2761 1380 2781 manuum
1392 2758 1546 2781 vestrarum
1561 2753 1686 2781 adorare.
1708 2752 1763 2780 Ex-

978 2799 1103 2826 cidentur
1113 2799 1194 2826 etiam
1203 2798 1268 2832 luci,
1281 2798 1308 2825 in
1322 2799 1424 2833 quibus
1435 2799 1644 2833 superstitiones
1655 2803 1762 2826 vestras

980 2845 1058 2880 agitis
1071 2852 1077 2871 :
1092 2845 1215 2872 civitates
1227 2844 1344 2879 denique
1357 2851 1452 2872 omnes
1466 2844 1616 2873 destruam.
1630 2844 1719 2879 Atque
1731 2848 1761 2870 ut
