1981 3073
210 226 275 261 δεῖν·

813 228 909 258 ΤΗΕο
916 229 997 257 DORI
1017 228 1259 258 MOPSUESTENI

1785 222 1839 260 584

212 291 368 320 summatim
383 290 484 322 dicam,
495 290 534 317 ira
545 297 575 316 ac
586 289 677 318 furore
687 295 839 318 commotus
851 291 996 317 maximam

1063 298 1120 317 rwv-
1142 289 1339 326 Ἐκκοπήσεται
1355 289 1383 316 δὲ
1403 289 1449 316 καὶ
1468 290 1502 316 τά
1516 290 1584 324 ἄλση
1609 289 1638 316 ὲν
1651 287 1693 322 οἷς
1702 290 1750 322 τὰς
1769 291 1838 326 θρη-

212 337 458 373 gravissimamque
476 336 553 364 vobis
566 343 674 371 pmnam
687 336 824 370 imponam
845 339 925 370 atque
938 343 1000 370 per-

211 384 322 414 niciem,
346 383 409 417 quia
426 390 484 410 mea
516 382 645 410 noluistis
675 382 813 410 abstinere
838 386 924 415 terra;
954 381 1001 409 sed

214 430 284 456 hanc
299 435 407 463 quoque
418 433 514 463 praeter
525 427 724 462 beneplacitum
738 435 827 454 meum
841 427 1000 462 depopulari

213 475 349 503 voluistis.
367 473 426 502 Jam
443 474 486 500 ubi
508 473 542 500 de
568 473 658 500 futura
673 480 751 508 pinna
767 473 942 508 Assyriorum
962 472 1003 500 di-

214 520 292 548 con'di
311 520 389 547 linem
406 519 479 552 fecit,
496 523 609 554 propter
633 518 741 545 illorum
757 518 888 546 adversus
904 517 1002 545 Hieru-

215 566 299 593 salem
326 573 434 598 ausum,
452 565 484 592 ad
507 565 637 599 populum
652 564 736 591 verba
759 564 904 595 convertit,
929 571 1003 590 nunc

216 615 371 646 opportune
397 612 531 645 ingratum
555 609 629 637 illius
658 609 779 636 animum
806 608 1003 643 reprehendere

216 656 400 691 aggrediens.’
415 655 486 688 Quin
511 654 578 682 adeo
593 655 711 681 tribunal
725 654 862 688 quoddam
879 658 1002 681 statuens

216 701 357 736 propheta,
380 701 420 728 sic
438 701 474 728 ait
487 709 494 728 :

1055 334 1149 364 σκείας
1172 333 1320 360 ὲπιτελεῐτε
1338 333 1386 365 τὰς
1401 334 1514 366 οἰκείας,
1537 334 1586 366 τάς
1601 342 1630 360 τε
1650 334 1740 367 πόλεις
1762 335 1841 370 ὐμων

1054 379 1163 410 ἁπάσας
1188 378 1313 413 ἀφανιῶ·
1337 379 1394 411 καὶ,
1419 379 1558 413 συντόμως
1578 379 1675 411 εἰπεῖν,
1699 380 1767 415 ὀργῇ
1793 380 1842 406 καὶ

1055 424 1135 460 θυμῷ
1160 424 1341 460 χρησάμενος,
1364 424 1495 459 μεγίστην
1525 425 1570 451 καὶ
1604 425 1759 460 βαρυτάτην
1777 427 1842 460 ὑμῖν

1055 471 1104 506 τήν
1120 479 1149 497 τε
1160 471 1294 506 τιμωρίαν
1308 471 1409 496 ὲποίσω
1424 471 1470 496 καὶ
1483 470 1533 506 τὴν
1552 470 1699 503 ἀπώλειαν,
1718 470 1790 506 ὑπὲρ
1804 468 1843 498 ὧν

1054 516 1221 552 ἀποσχέσθαι
1241 516 1290 551 τῆς
1315 515 1407 551 χώρας
1432 516 1483 542 οὐκ
1502 515 1669 551 ἠϐουλήθητε
1690 517 1739 551 τῆς
1759 516 1841 551 ἐμῆς,

1054 562 1123 588 ἀλλὰ
1137 562 1191 598 γὰρ
1207 562 1339 596 ἠλπίσατε
1355 562 1431 598 παρά
1444 562 1474 589 τὺ
1490 563 1552 597 ἐμοὶ
1564 562 1659 589 δοκοῦν
1674 563 1776 598 ἐρημία
1790 571 1844 589 πα-

1057 608 1193 643 ραδιδόναι
1218 609 1266 635 καὶ
1285 608 1397 644 ταύτην.
1421 608 1475 636 Καὶ
1495 608 1587 644 ἐπειδὴ
1607 609 1772 644 συνεπέρανε
1792 609 1844 644 τὴν

1056 654 1281 689 ἐπαχθησομένην
1301 656 1356 686 τοῖς
1376 655 1527 690 Ἀσσυρίοις
1544 654 1689 690 τιμωρίαν,
1713 655 1782 690 ὑπὲρ
1805 651 1844 681 ὦν

1057 698 1180 725 ἐπελθεῖν
1193 699 1377 735 τετολμήκασι
1394 700 1427 735 τῇ
1451 699 1637 735 Ἰερουσαλὴμ,
1654 700 1692 734 (p.
1707 700 1769 734 505)
1783 700 1845 734 τρέ-

217 755 262 773 πει
279 747 346 782 πρὸς
359 746 404 773 τὸν
420 746 482 773 λαὸν
496 747 542 772 τὸν
558 746 646 780 λόγον,
666 746 694 772 ἐν
708 745 797 780 καιρῷ
826 744 874 772 νῦν
897 744 1014 780 μάλιστα
1042 743 1092 779 τὴν
1115 743 1310 780 ἀγνωμοσύνην
1338 744 1427 771 αὐτῶν
1452 744 1572 779 ἐλέγχειν
1596 743 1763 779 ὑπειληφώς.
1789 743 1849 770 Καὶ

216 793 248 829 δὴ
264 794 310 820 καὶ
323 793 461 828 κριτήριύν
471 802 497 820 τι
508 792 626 824 καθίζων
643 793 657 818 ὸ
668 793 809 828 προφήτης
823 791 895 818 οὕτω
912 790 1004 826 φησίψ

579 875 608 902 Ρ.
637 875 680 902 Vl.

579 875 608 902 Ρ.
673 895 680 902 .

254 919 334 946 Vsus.
355 919 412 946 1-5.
433 934 468 940 -—-
487 929 496 946 ‹
517 875 603 956 εἳῒεςσ
622 875 776 955 είηίυᾱίεῐο
795 920 916 955 discep'a
938 927 1000 946 cum

216 965 365 997 montibus,
376 969 403 992 et
413 965 522 992 audiunt
533 967 617 993 colles
630 973 722 993 vocem
735 971 818 992 luam.
831 966 936 996 Audite,
948 965 1006 991 col—
1022 957 1041 983 υ

217 1010 271 1042 les,
286 1011 419 1045 judicium
441 1011 558 1044 Domini,
582 1020 632 1039 nec
652 1019 706 1039 non
725 1012 808 1038 valles
830 1010 1004 1038 fundamenta

218 1059 306 1088 terrm,
329 1057 392 1091 quia
410 1056 544 1091 judicium
565 1057 679 1084 Domino
701 1065 762 1084 cum
786 1056 885 1091 populo
900 1063 960 1085 suo,
979 1059 1006 1082 et

217 1109 279 1128 cum
307 1101 404 1129 Israele
422 1102 596 1137 disceptabit.
617 1112 626 1128 ι
647 1103 698 1130 Sed
715 1103 777 1137 quia
804 1107 844 1129 tot
868 1102 1006 1136 tantisque

218 1147 299 1181 200
313 1147 340 1174 in
354 1155 401 1175 eos
414 1148 520 1176 collatis
531 1156 546 1175 a
561 1148 615 1176 Deo
628 1148 776 1180 beneﬁciis,
789 1148 925 1182 ingratum
940 1147 1007 1173 nihi-

217 1192 336 1220 lominus
348 1193 468 1220 animum
484 1193 612 1225 retinent,
626 1193 705 1228 cujus
718 1201 800 1220 causa
821 1193 902 1221 etiam
920 1192 1008 1227 Baby-

217 1237 332 1265 lonicam
347 1239 518 1273 pertulerunt
536 1239 731 1274 captivitatem,
752 1246 818 1266 sane
841 1238 1007 1273 perlibenter

215 1283 347 1318 judicium
355 1283 494 1312 instituam
510 1285 583 1312 inler
599 1285 682 1312 Deum
697 1288 724 1312 et
740 1284 802 1311 illos
819 1292 826 1310 :
845 1291 1007 1318 sumamquc

215 1329 321 1365 iudices
334 1335 441 1358 montes
453 1334 480 1358 et
493 1331 576 1358 colles
592 1331 741 1365 vallesque,
754 1338 814 1365 qua:
830 1335 908 1357 antea
924 1330 1007 1356 innu-

220 1375 377 1402 merabilem
393 1375 466 1402 illam
483 1380 648 1410 exceperunt
664 1375 837 1410 Assyriorum
853 1374 1007 1402 multitudi-

219 1426 281 1447 nem
304 1419 472 1449 Hierusalem
493 1419 723 1455 aggredientium,
747 1427 794 1454 per
813 1427 908 1447 omnes
930 1424 1008 1447 extra

220 1466 296 1493 locos
307 1466 459 1501 dispersam
472 1475 478 1493 :
493 1466 563 1493 unde
578 1466 711 1501 plurimus
727 1466 801 1493 urbis
814 1466 917 1493 incolas
928 1466 1009 1493 timor

222 1511 347 1545 incessit;
356 1512 418 1540 dein
431 1516 541 1547 repente
555 1515 595 1539 tot
604 1512 758 1539 habuerunt
768 1513 840 1539 circa
852 1520 881 1539 se
889 1513 1008 1547 projecta

224 1557 358 1584 cadavera
372 1558 511 1585 hominum
529 1563 604 1584 tanta
618 1565 704 1592 nuper
722 1557 850 1593 superbia
862 1558 1006 1584 elatorum.

221 1602 386 1638 Dignicertc
402 1604 452 1630 lide
483 1607 567 1630 testes
585 1603 612 1630 hi
629 1607 709 1630 erunt
721 1603 748 1630 in
772 1603 887 1638 judicio,
905 1603 952 1638 qui
980 1608 1007 1631 et
1023 1619 1046 1650 ο

222 1651 393 1683 spectatores
420 1647 542 1676 fuerunt.
579 1648 638 1675 Mox
659 1653 787 1683 tanquam
807 1657 856 1683 pro
877 1649 1007 1676 tribunali

223 1691 333 1724 sedens,
347 1697 374 1719 et
401 1692 457 1726 jam
472 1692 597 1720 convicta
611 1693 795 1720 lsraelitarum
810 1693 947 1725 vecordia,
964 1701 1012 1720 co-

223 1745 283 1764 ram
296 1737 435 1773 judicibus
450 1746 595 1773 rerumque
610 1739 737 1770 testibus,
756 1739 904 1766 introducit
917 1743 1011 1773 postea

224 1784 293 1811 dicis
306 1791 388 1811 causa
418 1783 501 1811 Deum
521 1784 609 1818 ipsum
635 1785 675 1812 eis
691 1785 826 1812 dicentem
851 1794 857 1811 :
882 1794 890 1810 ι
910 1784 1012 1819 Popule

225 1836 315 1861 meus,
331 1829 396 1864 quid
411 1829 460 1856 feci
482 1829 541 1860 tibi,
557 1829 641 1856 autin
659 1837 714 1864 quo
730 1830 861 1858 molestus
872 1829 920 1856 tibi
934 1829 971 1856 fui
983 1830 1009 1856 ἵ»

226 1874 353 1902 Profecto
370 1883 412 1902 res
428 1875 574 1910 Assyriaca
587 1883 646 1909 quae
659 1875 751 1907 fuerit,
769 1880 886 1907 constat,
904 1880 931 1903 et
946 1883 1013 1910 qua-

226 1921 261 1948 lis
275 1928 324 1948 vos
341 1920 521 1955 providentia:
536 1928 600 1948 mea;
633 1921 829 1948 demonstratio
856 1921 1012 1949 exstitistis.

228 1967 358 2001 Superest
375 1970 404 1993 ut
414 1966 479 1993 mihi
495 1966 602 1996 dicatis.
615 1974 679 1993 num
694 1974 789 2001 parum
806 1968 848 1994 vel
867 1968 981 1995 multum
998 1975 1013 1994 a

227 2021 271 2040 me
286 2012 440 2040 contristati
471 2012 588 2044 fueritis,
608 2019 673 2038 num
689 2012 835 2046 aliquando
861 2013 1014 2044 nocuerim,

227 2064 275 2086 aut
294 2058 406 2086 omnino
421 2058 552 2085 molestus
565 2058 607 2084 vel
623 2058 714 2092 gravis
729 2058 805 2085 visus
818 2059 895 2086 vobis
906 2058 1014 2085 fuerim.

229 2104 301 2137 Mox,
322 2104 400 2140 quasi
426 2103 495 2131 nihil
522 2107 618 2130 contra
651 2103 707 2130 haec
723 2103 830 2131 hiscere
843 2102 1014 2136 audentibus,

231 2157 241 2172 ι
251 2146 397 2181 Responde
411 2147 487 2177 mihi,
498 2156 506 2171 ι
530 2146 629 2180 inquit,
655 2148 734 2181 quasi
752 2147 835 2178 dicat,
847 2149 914 2175 Fare
930 2155 980 2182 age
992 2150 1015 2176 si

229 2192 294 2227 quid
310 2192 410 2224 habes;
428 2191 566 2218 admitlam
586 2192 669 2224 enim,
687 2192 710 2219 si
728 2200 790 2219 vera
809 2193 936 2227 loqueris.
947 2193 1015 2220 Tum

229 2245 280 2265 ceu
298 2237 352 2264 illis
367 2244 482 2271 prorsus
492 2237 638 2264 silentibus
653 2237 820 2265 conscientia
837 2245 886 2265 sua
903 2239 1016 2266 convic-

1379 877 1457 903 κει).
1476 878 1522 910 ς’.

1090 921 1162 956 Στίχ.
1182 924 1252 948 α’-ε’.
1268 936 1304 942 --
1320 931 1328 947 ε
1354 923 1508 957 ’Δνάστηοι,
1523 923 1631 959 κρίοητι
1648 924 1716 959 πρὸς
1730 923 1764 950 τά
1774 924 1844 959 ιρηο

1056 968 1103 994 καὶ
1114 967 1308 994 ἀκουσάτωσαν
1317 967 1405 1002 βουνοὶ
1416 968 1507 1003 φωνήν
1518 977 1578 995 σου¹
1590 969 1734 1001 ἀκούσατε,
1744 969 1846 1004 βουνοὶ,

1055 1015 1103 1049 τὴν
1120 1015 1210 1050 κρίσιν
1222 1015 1268 1041 τοῦ
1285 1015 1398 1050 Κυρίου,
1411 1015 1458 1042 καὶ
1473 1016 1499 1043 at
1513 1015 1653 1051 φάραγγες
1669 1016 1781 1050 θεμέλια
1795 1016 1844 1051 τῆς

1056 1061 1116 1095 γῆς,
1135 1061 1176 1087 ὅτι
1200 1060 1291 1095 κρίσις
1306 1060 1344 1095 τῷ
1362 1061 1456 1095 Κυρίῳ
1479 1061 1546 1096 πρὸς
1561 1061 1606 1088 τὸν
1619 1061 1681 1087 λαὸν
1697 1061 1845 1090 αὐτοῦνκαὶ

1057 1105 1127 1140 μετά
1149 1105 1196 1131 τοῦ
1228 1104 1334 1140 Ἰσραὴλ
1358 1105 1585 1140 διελεγχθήσεται.
1608 1114 1618 1130 ι
1654 1105 1723 1131 Ἀλλ’
1749 1105 1844 1140 ἐπειδὴ

1056 1150 1199 1181 τοιούτων,
1220 1150 1301 1185 φησὶ,
1321 1149 1375 1176 τῶν
1397 1150 1472 1185 παρά
1488 1150 1555 1176 Θεοῦ
1572 1150 1721 1184 γεγονότων
1737 1151 1776 1181 εἰς
1793 1151 1844 1176 αὒ-

1055 1197 1128 1228 τοὺς,
1143 1196 1220 1223 οὐθὲν
1237 1193 1316 1231 ἧττον
1331 1196 1377 1222 ἐπὶ
1393 1196 1443 1231 τῆς
1459 1196 1655 1231 ἀγνωμοσύνης
1671 1197 1780 1231 μένουσι
1795 1196 1846 1231 τῆς

1056 1242 1175 1274 οἰκείας,
1197 1242 1268 1278 ὑπὲρ
1285 1238 1322 1269 ὧν
1337 1242 1365 1268 δὲ
1386 1242 1433 1268 καὶ
1456 1242 1505 1277 τὴν
1522 1242 1553 1268 ὲκ
1570 1241 1727 1274 Βαϐυλῶνος
1742 1242 1845 1276 ὑπομέιρ

1056 1295 1146 1314 νουσιν
1167 1287 1370 1322 αἰχμαλωσίαν,
1398 1287 1492 1322 ἥδιστα
1509 1288 1541 1313 ἂν
1565 1287 1655 1322 κρίσιν
1677 1287 1845 1322 ποιησαίμην

1057 1332 1103 1359 τοῦ
1119 1340 1149 1358 τε
1161 1331 1229 1358 Θεοῦ
1244 1331 1376 1358 κάκείνων
1385 1339 1392 1346 ·
1405 1331 1452 1357 καὶ
1465 1330 1574 1365 δέξομαι
1585 1331 1681 1366 κριτὰς
1696 1331 1731 1357 τά
1744 1339 1774 1357 τε
1794 1334 1845 1367 ὄρη

1058 1377 1104 1403 καὶ
1118 1376 1181 1407 τοὺς
1196 1375 1305 1410 βουνοὺς
1320 1375 1427 1407 καὶτὰς
1442 1376 1595 1411 φάραγγας,
1611 1375 1628 1402 ἃ
1646 1375 1778 1411 πρότερον
1793 1375 1845 1410 μὲν

1055 1421 1164 1453 ἐδέξατο
1176 1421 1206 1447 τδ
1218 1420 1400 1455 ἀναρίθμητον
1411 1421 1498 1447 ἐκεῖνο
1509 1421 1563 1447 τῶν
1582 1421 1731 1456 Ἀσσυρίων
1743 1420 1846 1455 πλῆθος

1058 1467 1221 1501 ὲπεληλυθὺς
1243 1468 1277 1501 τῇ
1301 1466 1476 1501 Ἰερουσαλὴμ
1493 1466 1540 1493 καὶ
1564 1466 1634 1493 κατὰ
1654 1467 1758 1498 πάντας
1781 1466 1845 1498 τοὺς

1058 1511 1156 1545 ἔξωθεν
1176 1512 1376 1548 διεσπαρμένον
1396 1512 1509 1544 τόπους·
1536 1513 1582 1547 ἀφ’
1604 1509 1635 1539 οὗ
1656 1512 1688 1548 δὴ
1702 1513 1748 1539 καὶ
1766 1511 1846 1546 φόϐος

1057 1560 1113 1589 τοῖς
1135 1558 1206 1584 κατά
1228 1557 1276 1592 τὴν
1292 1557 1378 1591 πόλιν,
1395 1558 1433 1589 ὼς
1454 1558 1536 1590 εῑκδς,
1561 1558 1685 1584 ἐπέκειτο
1705 1557 1846 1589 πλεῖστος⁶

1061 1601 1121 1630 εἶτα
1144 1603 1240 1638 ἀθρόον
1267 1603 1351 1638 νεκρά
1375 1603 1409 1629 τὰ
1437 1603 1556 1630 τοσαῦτα
1585 1603 1698 1638 σώματα
1722 1603 1800 1638 ἔσχεν
1818 1603 1850 1629 ὲν

1062 1649 1168 1681 ἑαυτοῖς
1193 1649 1347 1684 ὲρῤιμμένα
1370 1648 1424 1675 τῶν
1449 1649 1502 1684 πρὸ
1526 1648 1641 1684 βραχέος
1659 1648 1764 1684 μεγάλα
1780 1657 1849 1684 epo-

1060 1696 1194 1722 νούντων·
1222 1695 1372 1728 ἀξιόπιστοι
1400 1695 1454 1730 γὰρ
1486 1692 1558 1721 οὗτοι
1587 1695 1655 1730 πρὸς
1681 1695 1729 1730 τὴν
1759 1695 1849 1729 κρίσιν

1061 1740 1167 1767 ἔσονται
1190 1739 1302 1774 ταύτην,
1322 1740 1347 1766 οἱ
1368 1740 1415 1766 καὶ
1430 1739 1524 1766 θεαταὶ
1545 1739 1599 1766 τῶν
1613 1739 1773 1773 γεγονότων.
1791 1737 1849 1766 Εἶθ’

1060 1787 1099 1816 ὼς
1128 1786 1161 1812 ἂν
1186 1786 1325 1821 κριτήριον
1354 1785 1478 1817 καθίσας,
1501 1786 1545 1811 καὶ
1576 1785 1608 1820 δὴ
1635 1785 1766 1820 πρόδηλον
1794 1784 1850 1811 τῶν

1068 1831 1242 1866 Ἰσραηλιτῶν
1257 1831 1306 1866 τὴν
1327 1831 1523 1866 ἀγνωμοσύνην
1544 1832 1659 1866 ποιήσας
1674 1831 1726 1857 ὑπὸ
1743 1832 1850 1865 κριταῖς

1062 1878 1118 1908 τοῖς
1138 1877 1185 1903 καὶ
1203 1877 1320 1912 μάρτυσι
1341 1877 1395 1903 τῶν
1410 1877 1577 1911 γεγονότων,
1593 1878 1696 1911 εἰσάγει
1711 1877 1802 1904 λοιπὸν
1818 1878 1852 1903 ἐκ

1063 1922 1221 1957 περιουσίας
1237 1921 1282 1948 τὸν
1298 1921 1364 1948 Θεὸν
1378 1922 1491 1956 λέγοντα
1509 1922 1576 1957 πρὸς
1592 1922 1704 1953 αὐτούς’
1722 1922 1762 1956 (p.
1781 1922 1850 1955 506)

1066 1976 1076 1993 ι
1095 1967 1166 1999 Λαός
1181 1975 1242 2002 μου,
1253 1967 1280 1993 τί
1295 1968 1411 2003 ἐποίησά
1426 1975 1468 1998 σε,
1483 1967 1499 2002 ἢ
1513 1967 1538 1993 τί
1549 1967 1752 2002 παρηνώχλησά
1765 1976 1820 2000 σοι;
1840 1976 1848 1992 ι

1070 2013 1151 2039 Ἀλλά
1172 2013 1226 2048 γὰρ
1240 2013 1274 2039 τὰ
1289 2013 1338 2048 μὲν
1353 2012 1422 2039 κατὰ
1437 2012 1482 2039 τὸν
1503 2013 1643 2047 ’Λσσύριον
1655 2013 1736 2047 δῆλα,
1755 2012 1850 2047 φησὶν,

1064 2058 1138 2090 ὅπως
1155 2057 1246 2093 ἔσχεν,
1262 2057 1327 2093 ὅσην
1344 2066 1374 2083 τε
1389 2058 1439 2092 τῆς
1465 2058 1625 2092 κηδεμονίας
1649 2066 1698 2092 μου
1723 2058 1772 2092 τῆς
1788 2057 1853 2092 περὶ

1065 2103 1138 2138 ὑμᾶς
1161 2102 1314 2138 παρέσχητε
1337 2103 1387 2137 τὴν
1410 2102 1562 2135 ἀπόδειξιν·
1579 2103 1718 2138 ἐπιτρέπω
1739 2103 1767 2129 δὲ
1789 2103 1854 2137 ὑμῖν

1065 2148 1166 2182 λέγειν,
1179 2148 1205 2174 εί
1219 2156 1246 2173 τι
1262 2147 1359 2183 μικρὸν
1373 2147 1389 2182 ἦ
1409 2147 1479 2182 μέγα
1496 2146 1605 2174 πώποτε
1620 2147 1772 2182 λελύπησθε
1789 2147 1853 2182 παρ’

1066 2193 1145 2229 ἐμοῦ,
1160 2194 1184 2220 εί
1200 2193 1337 2228 πεποίηκά
1358 2201 1385 2219 τι
1409 2192 1534 2228 βλάπτων
1558 2193 1629 2227 ὑμᾶς
1641 2213 1648 2225 ,
1675 2193 1699 2218 εί
1712 2191 1855 2227 λελύπηκα

1068 2239 1212 2272 καθάπαξ,
1231 2240 1255 2266 εἰ
1270 2239 1396 2274 φορτικὸς
1416 2238 1444 2265 ἐν
1466 2247 1537 2265 τισιν
1550 2238 1644 2273 ὤφθην
1656 2239 1735 2274 ὑμῖν·
1749 2237 1798 2266 εἴθ’
1815 2239 1854 2270 ὡς

229 2283 277 2316 tis,
291 2287 319 2311 et
336 2283 382 2310 Dei
400 2283 481 2310 verba
490 2283 644 2311 nullatenus
657 2282 782 2310 falsitatis
795 2291 908 2319 arguere
920 2283 1011 2311 valen-

1065 2285 1098 2312 ἂν
1119 2284 1179 2311 οὐδὲ
1195 2284 1263 2319 πρὸς
1285 2284 1371 2310 ταῦτα
1389 2283 1480 2318 φωνὴν
1496 2283 1628 2318 ἐχόντων,
1645 2293 1655 2309 ‹
1679 2283 1855 2319 Ἀποκρίοητί

230 2329 316 2361 tibus,
342 2328 430 2364 pergit
456 2328 547 2355 dicere
566 2339 572 2355 :
589 2336 599 2353 ι
628 2327 695 2361 Quia
727 2327 809 2355 eduxi
837 2333 863 2356 te
885 2328 918 2356 de
946 2334 1017 2356 terra

232 2374 357 2410 Egypti,
372 2378 399 2402 et
417 2374 452 2402 de
479 2374 559 2401 domo
581 2374 720 2401 servitutis
738 2373 841 2401 redemi
856 2377 898 2407 te;
919 2379 945 2401 et
957 2375 1018 2402 misi

232 2425 296 2448 ante
324 2419 420 2447 faciem
443 2423 516 2446 tuam
546 2420 667 2455 Moysen:
700 2423 728 2446 et
755 2419 889 2446 Aaronem
909 2423 936 2446 et
960 2420 1021 2447 Ma-

233 2465 313 2492 riam.
330 2474 341 2490 »
360 2463 431 2491 Num
444 2471 509 2500 ergo
534 2465 591 2491 huic
606 2464 673 2491 mihi
687 2464 828 2496 retribuis,
844 2464 908 2499 quia
923 2468 950 2492 te
978 2465 1021 2491 in-

232 2513 342 2543 sperato
370 2515 425 2537 tam
455 2510 552 2537 acerba
589 2509 700 2537 liberavi
734 2510 876 2542 servitute,
916 2510 1018 2545 Moyse,

234 2556 354 2589 Aarone,
372 2564 405 2583 ac
418 2555 502 2583 Maria
521 2555 655 2583 ministris
678 2563 710 2583 ac
721 2555 838 2583 ducibus
854 2558 923 2583 tanti
938 2556 1020 2584 bene-

236 2602 289 2630 ﬁcii
302 2602 399 2629 utens?
409 2612 417 2628 ι
430 2601 531 2636 Populo
540 2610 628 2633 meus,
636 2606 781 2633 memento,
790 2602 855 2636 quid
863 2602 1022 2637 cogitaverit

235 2652 332 2676 contra
344 2653 369 2676 te
382 2656 429 2676 rex
450 2649 578 2681 Moabita,
596 2653 623 2676 et
638 2649 703 2683 quid
719 2648 892 2683 responderit
901 2649 925 2676 ei
941 2648 1022 2676 Balac

237 2694 417 2722 Moabitarum
435 2702 499 2727 rex;
515 2699 542 2722 et
555 2695 633 2729 201
651 2695 715 2730 quid
735 2695 907 2729 responderit
927 2695 952 2721 ei
972 2694 1023 2721 Ba-

237 2741 307 2767 laam
328 2739 399 2767 ﬁlius
413 2739 506 2770 Beori.
522 2740 555 2768 de
567 2740 693 2768 Schcenis
706 2747 794 2775 usque
807 2740 841 2767 ad
856 2739 978 2774 Galgala,
995 2743 1025 2766 ut

237 2787 404 2819 agnoscatur
420 2784 523 2817 iustitia
539 2785 656 2812 Domini.
674 2794 683 2810 ι
700 2783 759 2811 Jam
769 2788 799 2811 tu
814 2784 857 2811 l‘ac
871 2784 1026 2812 memineris

239 2829 330 2857 Balaci
343 2837 451 2864 quoque
465 2830 537 2863 regis
553 2829 744 2863 Moabitarum,
761 2830 807 2864 qui
828 2829 862 2856 ad
879 2837 909 2857 se
928 2833 1023 2857 contra

239 2883 290 2904 vos
303 2875 410 2905 vocavit
420 2875 576 2904 Balaamum
587 2876 649 2910 ;hic
662 2879 752 2903 autem
765 2876 854 2910 primo
864 2874 972 2910 quidem
984 2875 1025 2902 ire

1068 2339 1129 2365 μοι,
1149 2339 1158 2355 ι
1175 2329 1256 2364 φησίν
1267 2337 1273 2342 “
1291 2329 1334 2355 ἵνα
1353 2329 1416 2365 εἴπῃ
1428 2337 1435 2344 ·
1452 2329 1538 2363 Λέγε,
1559 2329 1624 2355 εἴτι
1642 2329 1729 2364 ἔχεις·
1744 2329 1856 2364 δέξομαι

1066 2375 1130 2411 γὰρ,
1139 2374 1172 2401 ἂν
1186 2374 1323 2410 ἀληθεύων
1331 2375 1422 2411 λέγῃς.
1437 2373 1504 2406 Εἴθ’,
1517 2375 1554 2406 ὡς
1568 2375 1776 2410 σεσιωπηκότων
1790 2375 1857 2402 καθ-

1067 2420 1141 2452 άπαξ
1164 2420 1209 2447 διὰ
1231 2420 1279 2456 τὴν
1315 2421 1483 2456 συνείδησιν,
1500 2421 1548 2448 καὶ
1572 2421 1615 2448 διὰ
1640 2421 1670 2448 τὸ
1685 2422 1767 2456 μηδὲν
1786 2421 1857 2456 ἔχειν

1067 2465 1122 2492 τῶν
1133 2465 1284 2501 εἰρημένων
1296 2465 1347 2492 ὑπὸ
1356 2466 1402 2492 τοῦ
1411 2466 1478 2492 Θεοῦ
1489 2467 1610 2501 ἐλέγχειν
1620 2466 1727 2501 ψευδὲς,
1743 2466 1841 2501 ἐπάγει
1849 2476 1856 2483 ·

1075 2519 1085 2535 ε
1106 2510 1176 2537 Διότι
1197 2511 1334 2545 ἀνήγαγύν
1349 2519 1378 2537 σε
1391 2511 1423 2537 ὲκ
1442 2512 1494 2547 γῆς
1509 2512 1656 2545 Αἰγύπτου,
1668 2512 1714 2538 καὶ
1728 2511 1758 2544 ἐξ
1782 2512 1857 2539 οἴκου

1072 2556 1193 2588 δουλείας
1201 2557 1395 2593 ὲλυτρωσάμην
1405 2566 1434 2584 σε
1443 2566 1450 2573 ⁸
1465 2558 1511 2584 καὶ
1524 2558 1699 2590 ὲξαπέστειλα
1711 2558 1764 2593 πρὸ
1777 2567 1860 2592 προσ-

1075 2602 1150 2629 ώπου
1168 2603 1213 2629 τὸν
1241 2602 1344 2637 Μωσῆν
1358 2603 1405 2629 καὶ
1423 2602 1527 2638 Ἀαρὼν
1543 2603 1590 2629 καὶ
1602 2603 1727 2638 Μαριάμ.
1749 2613 1758 2628 ι
1780 2603 1860 2629 Ἀλλὰ

1077 2647 1114 2682 μὴ
1127 2646 1205 2673 τοῦτό
1217 2655 1272 2681 μοι,
1288 2647 1328 2673 ὃτι
1347 2655 1376 2672 σε
1388 2647 1462 2681 παρὰ
1472 2647 1561 2673 πᾶσαν
1571 2647 1667 2673 ὲλπίδα
1676 2647 1726 2681 τῆς
1737 2647 1808 2673 οὕτω
1820 2656 1861 2673 πι-

1076 2693 1145 2727 κρᾶς
1155 2692 1297 2727 ἀπήλλαξα
1307 2692 1436 2724 δουλείας,
1448 2693 1533 2728 Μωσῇ
1542 2701 1571 2718 τε
1580 2692 1626 2719 καὶ
1639 2692 1742 2727 Ἀαρὼν
1748 2692 1795 2718 καὶ
1805 2692 1861 2718 Μα-

1079 2737 1146 2772 ριὰμ
1154 2738 1303 2772 ὑπηρέταις
1310 2746 1339 2764 τε
1348 2738 1395 2764 καὶ
1406 2736 1621 2773 προηγουμένοις
1630 2736 1678 2771 τῆς
1687 2736 1791 2771 δωρεᾶς
1799 2744 1859 2771 χρη-

1080 2783 1311 2818 σάμενοςταύτης.
1326 2792 1336 2809 ε
1351 2783 1422 2814 Λαός
1432 2790 1494 2817 μου,
1507 2781 1675 2817 μνήσθητιτί
1684 2781 1862 2807 ἐϐουλεύσατο

1077 2828 1148 2855 κατὰ
1168 2827 1215 2854 σοῦ
1239 2828 1330 2854 Βαλὰκ
1355 2828 1482 2862 βασιλεὺς
1500 2827 1605 2854 Μωάῦ·
1619 2827 1667 2853 καὶ
1686 2826 1713 2852 τί
1726 2825 1860 2861 ἀπεκρίθη

1079 2874 1153 2910 αὑτῷ
1167 2874 1281 2910 Βαλαὰμ
1290 2874 1346 2906 υίὸς
1354 2873 1400 2900 τοῦ
1413 2873 1488 2909 Βεὼρ
1499 2873 1552 2900 ἀπὸ
1565 2872 1619 2900 τῶν
1631 2872 1743 2908 σχοίνων
1750 2872 1803 2904 ἕως
1814 2871 1861 2899 τοῦ
