1969 3069
132 101 182 128 385
599 98 871 128 COMMENTARIUS
890 99 917 126 l3

970 98 1098 128 ιεΜᾺΞ
1118 99 1194 127 CAP.
1214 100 1259 127 Vl.
1698 102 1750 130 386

130 160 249 192 Γαλγάλ,
262 161 336 192 ὅπως
363 160 469 196 γνωσῡῇ
493 160 680 196 ἠδικαιοσὺνη
696 160 742 187 τοῦ
764 161 877 195 Κυρίου.
897 168 906 184 ι

970 160 1058 192 uoluit,
1073 160 1201 187 mandato
1214 167 1274 188 ineo
1291 164 1405 196 :postea
1421 161 1572 197 profectus,
1594 163 1750 191 nullatenus

131 208 174 241 (p.
198 206 268 240 307)
289 207 369 233 Ἀλλά
385 206 439 240 γὰρ
455 205 641 242 ὑπομνήσθητι
661 207 708 232 καὶ
721 206 769 242 τὴν
786 206 856 232 κατὰ
866 206 912 232 τὸν

970 206 1112 237 ualedixit,
1132 206 1179 233 sed
1198 209 1280 240 prout
1299 214 1350 242 ego
1372 207 1445 234 volui
1483 208 1630 236 benedixit.
1644 208 1751 241 Quibus

129 251 219 278 Βαλὰκ
225 252 271 278 τὸν
280 252 366 278 Μωαὸ
371 252 433 278 ιτῶν
444 251 566 286 βασιλέα,
574 251 604 282 ὃς
612 251 753 278 ἀπέστειλε
764 251 813 286 μὲν
822 251 913 278 καλῶν

970 261 993 280 2x
1008 253 1136 280 omnibus
1163 257 1333 288 compertum
1363 254 1441 283 vobis
1456 259 1508 287 est.
1533 263 1576 282 me.
1586 259 1691 283 rectum
1705 256 1750 290 jus

128 297 173 323 τὸν
184 297 298 332 Βαλαὰμ
309 297 369 324 καθ’
378 297 453 332 ὑμῶν
464 305 470 312 ’
482 297 496 323 ὁ
508 297 536 323 δέ
551 298 682 333 πρότερον
699 298 748 332 μὲν
760 297 819 324 οὺδέ
831 298 913 324 ἀπελ-

970 305 1010 325 )ι·ο
1022 297 1100 325 vobis
1115 305 1222 332 semper
1249 303 1421 332 perseeutum
1441 304 1536 326 contra
1572 299 1750 328 adversantes

130 344 183 370 θεῖν
192 344 234 371 διὰ
249 344 280 370 τὸ
292 344 433 379 ἐπίταγμα
442 344 567 370 ἐϐούλετο
583 343 612 370 τὺ
627 343 694 378 ἐμόν
705 352 711 358 ·
738 343 914 378 ἀπεληλυθὼς

970 343 1163 378 robisinjuste,
1183 350 1253 378 quos
1280 350 1376 370 omnes
1402 344 1504 379 absque
1520 345 1578 372 ulla
1597 346 1676 373 venia
1698 353 1750 381 pu-

129 389 154 415 δέ
169 390 296 426 ὕστερον,
314 389 489 424 κατηράσατο
509 390 557 424 μὲν
569 389 623 416 οὐδ’
637 389 713 421 ὅλως,
731 389 866 425 ηὑλόγηαε
885 392 913 419 δὲ
966 391 1033 417 nivi.

130 436 198 461 κατὰ
211 436 242 461 τὸ
267 435 329 470 ἐμοί
345 442 376 468 γε
390 434 501 461 δοκοῦν·
517 434 588 461 ὥστε
611 434 655 461 διὰ
677 436 784 463 πάντων
805 437 914 473 εὔδηλον
930 438 993 473 ὑμῖν
1005 433 1088 467 εἶναι,
1115 434 1156 461 δτι
1182 434 1226 461 ἀεὶ
1250 433 1280 460 τὸ
1308 434 1411 461 δίκαιον
1441 435 1510 471 ὑπὲρ
1540 436 1617 471 ὑμῶν
1637 437 1751 473 ὲκίνησα

129 483 198 509 κατά
214 482 270 509 τῶν
286 483 388 509 ἀδικεῖν
409 482 481 517 ὑμᾶς
504 483 730 517 ἐπιχειρούντων,
756 485 860 516 πάντας
874 494 904 512 τε
917 484 1014 515 αὐτοὺς
1026 482 1097 509 κατὰ
1111 481 1210 516 πολλῆς
1222 481 1438 517 ἐτιμωρησάμην
1449 482 1499 517 τῆς
1513 483 1646 516 ἀφειδίας.

162 531 236 566 Στίχ.
255 534 333 565 ς’-η’.
351 545 383 550 -
398 530 453 557 Καὶ
476 530 569 565 ἐπειδὴ
597 530 730 566 μηδεμίαν
753 531 912 568 ἀντίρρησιν

129 576 234 611 ἐδέχετο
247 576 282 602 τὰ
303 576 434 611 εἰρημένα
445 596 451 607 ,
472 577 512 607 ὡς
531 577 564 603 ἂν
586 577 736 613 συνηγόρου
752 579 824 610 τινὸς
836 579 912 611 τάξιν

128 621 165 656 τῷ
178 621 236 655 λαῷ
254 621 364 656 πληρῶν
379 622 392 646 ὁ
407 621 559 656 προφήτης,
575 623 607 648 ἐκ
623 622 670 648 τοῦ
692 623 803 649 ἐκείνων
827 632 912 658 προσ-

129 668 202 694 ώπου
223 667 313 694 τοιάδε
332 667 413 702 φησίν
427 675 435 682 ο
452 676 461 693 t
487 667 530 693 ‘Ev
547 668 599 694 τίνι
625 668 768 695 καταλάϐω
793 669 838 695 τὸν
856 669 913 695 Κύ-

131 721 202 748 ριον;
233 713 415 748 ἀντιλήψομαι
436 713 503 739 Θεοῦ
530 721 580 748 μου
606 713 735 747 summ);
758 722 768 739 ι
794 713 838 744 Ὡς
859 713 913 749 γὰρ

129 758 173 785 τοῦ
188 758 254 786 λαοῦ
267 759 342 784 τουτὶ
353 759 486 792 λέγοντος,
501 758 571 784 οὕτω
584 759 676 793 φησὶν,
690 759 730 785 δτι
749 759 856 794 Ἐπειδὴ
869 760 913 786 διὰ
932 743 953 772 Β

129 805 237 831 πάντων
263 804 408 839 ἐλέγχομαι
438 805 483 830 ἐπὶ
521 804 631 835 πολλαῖς
658 806 718 836 ταῖς
744 804 914 840 εὐεργεσίαις

129 850 264 885 ἀγνώμων
277 848 397 883 γεγονὼς
408 869 415 880 ,
430 849 457 874 τί
472 849 504 883 δή
520 857 553 883 με
576 849 686 884 ποιῆσαι
703 849 839 885 προσῆκεν
849 870 855 879 ,
871 849 914 875 ἵνα

128 893 173 920 νῦν
181 893 247 928 γοῦν
255 893 427 928 ἐπιλάϐωμαι
438 893 484 919 τοῦ
495 893 573 923 Θεοῦ,
582 890 667 928 οὗπερ
680 894 796 929 ἐμαυτὸν
808 894 851 920 διὰ
860 894 915 920 τῶν

128 939 236 976 τρόπων
246 939 366 974 ἐχώρισα
373 939 425 965 τῶν
436 939 541 965 οἰκείων
550 948 556 971 ;
568 940 615 965 καὶ
626 940 683 970 πῶς
693 939 769 974 φανῶ
780 939 832 965 τῶν
842 939 915 976 αυτῷ

128 984 278 1012 δοκούντων
301 984 494 1019 ἀντεχόμενος;
511 994 519 1010 t
538 985 569 1010 Εἰ
582 984 772 1020 καταλήψομαι
789 984 870 1011 αὑτὸν
886 985 915 1010 ἐν

128 1029 361 1065 ὁλοκαυπῦμασιν,
371 1031 398 1056 ἐν
409 1030 517 1065 μόσχοις
530 1030 674 1061 ἐνιαυσίοις
685 1038 691 1062 ;
703 1031 727 1056 εί
742 1030 915 1065 προσδέξεται

129 1075 229 1111 Κύριος
240 1076 269 1101 ἐν
277 1074 378 1109 χιλιάσι
392 1074 486 1109 κριῶν,
501 1074 516 1109 ἢ
531 1075 559 1100 ἐν
581 1074 691 1109 μυριάσι
714 1075 838 1109 χιμάρων
857 1075 917 1101 πιό-

129 1130 198 1154 νων;
222 1122 246 1147 εἰ
264 1121 343 1148 δώσω
366 1120 526 1155 πρωτότοκά
546 1129 594 1155 μου
617 1120 684 1156 ὑπὲρ
703 1120 829 1152 ἀσεϐείας
847 1129 914 1155 μου,

130 1166 234 1200 καρπὸν
247 1165 352 1196 κοιλίας
366 1173 415 1199 μου
427 1164 497 1199 ὑπὲρ
513 1164 648 1199 ἁμαρτίας
659 1164 748 1199 ψυχῆς
761 1173 809 1199 μου
820 1173 827 1196 ;
849 1173 858 1190 ι
875 1165 917 1196 Ὠς

130 1210 181 1245 γὰρ
192 1210 393 1245 διαπορούντων
402 1209 502 1242 αὐτῶν,
509 1210 548 1235 ὅτι
555 1210 601 1236 καὶ
612 1209 721 1244 ποιῆσαι
728 1209 864 1244 προσῆκεν
873 1210 918 1236 αὑ-

129 1258 190 1288 τοὺς
208 1257 254 1283 ἐπὶ
272 1256 405 1291 Θεραπεία
421 1257 470 1290 τῆς
484 1256 617 1291 τοσαύτης
630 1255 834 1290 ἀγνωμοσύνης,
847 1255 918 1282 οὕτω

129 1301 220 1336 φησίν·
240 1301 287 1336 (p.
305 1301 375 1335 508)
397 1300 586 1335 Ἐξιλάσομαι.
601 1300 693 1334 φησιν,
713 1299 793 1325 αὑτὸν
809 1300 873 1335 ἄρα.
893 1301 917 1326 εἰ

129 1348 334 1382 προσαγάγοιμι
344 1346 554 1381 ὁλοκαυτώματα
565 1345 670 1381 μόσχων
681 1344 858 1380 ἐνιαυσίων,ῆ
871 1343 917 1379 [εἰ]

128 1393 251 1428 χιλιάδας
268 1394 315 1419 καὶ
335 1393 467 1428 μυριάδας
483 1392 567 1427 κριῶν
583 1399 612 1417 τε
627 1390 701 1425 αὺτῷ
715 1390 917 1424 προσαγάγοιμι

128 1441 173 1466 καὶ
188 1439 347 1474 προϐάτων,
368 1439 385 1474 ἦ
406 1439 430 1464 εἰ
449 1438 483 1464 τὰ
495 1437 655 1473 πρωτότοκα
663 1436 717 1462 τῶν
733 1435 806 1470 ἐμῶν
822 1444 918 1470 γεννη-

129 1487 221 1520 μάτων
239 1485 316 1520 αὐτῷ
339 1484 519 1520 προσαγάγω.
542 1483 579 1514 ὡς
605 1483 637 1509 ἂν
657 1482 707 1516 τῆς
723 1481 813 1515 ψυχῆς
826 1481 918 1515 ἀφέλω

127 1532 175 1566 τὴν
188 1530 331 1566 ἁμαρτίαν
353 1530 401 1564 τῆς
425 1529 510 1564 tit-71;;
530 1528 601 1563 Πρὸς
627 1527 654 1553 δὲ
670 1526 772 1561 ταύτην
786 1525 832 1552 τοῦ
853 1525 918 1551 λαοῦ

127 1577 174 1611 τὴν
207 1577 330 1612 ἀπορίαν
356 1575 569 1609 ἀποκρινόμενος
599 1574 613 1599 ὀ
643 1572 786 1607 προφήτης
818 1571 917 1606 φησίν

129 1631 138 1647 I
161 1621 323 1655 ’Δπηγγὲλη
341 1629 395 1651 σοι,
409 1619 548 1654 ἄνθρωπε.
567 1618 592 1644 τί
606 1618 702 1650 καλὸν,
716 1617 764 1644 καὶ
777 1617 803 1643 τί
819 1616 919 1651 Κύριος

128 1666 240 1701 ἐκζητΞί
270 1665 345 1700 ποιρά
371 1665 433 1695 σοῦ.
460 1665 516 1690 ἀλλ’
541 1664 557 1699 ἦ
580 1663 628 1690 τοῦ
650 1664 736 1690 ποιεῖν
755 1663 858 1697 κρῖμα,
873 1662 919 1688 καὶ

128 1713 239 1746 ἀγαπᾷν
265 1706 351 1742 ἔλεον,
365 1711 411 1736 καὶ
429 1710 534 1744 ἕτοιμον
552 1707 621 1735 εἶναι
644 1708 690 1734 τοῦ
706 1706 869 1742 πορεύεσθαί
889 1715 919 1732 σε

128 1757 215 1782 ὀπίσω
240 1755 345 1790 Κυρίου
368 1755 414 1781 τοῦ
436 1754 502 1780 Θεοῦ
529 1762 593 1786 σου;
618 1762 628 1779 ι
645 1753 736 1788 Πάρες
757 1752 804 1787 δὴ,
820 1752 918 1787 φησιν,

128 1801 344 1836 ὁλοκαυτώματα
360 1801 406 1827 καὶ
426 1800 525 1826 Θυσιῶν
544 1799 646 1834 πλῆθος
670 1799 717 1825 καὶ
737 1799 918 1834 πρωτοτόκων

128 1847 318 1882 προσκομιδήν
327 1855 334 1860 ·
350 1847 373 1872 εἰ
384 1846 412 1872 δέ
426 1854 466 1872 σοι
478 1846 586 1880 φροντὶς
602 1845 774 1878 ἐξιλάσασθαι
789 1844 819 1870 τὸ
829 1845 919 1877 Θιείον⁹

128 1894 221 1919 ἐκεῖνα
246 1891 397 1927 διάπραξαι
419 1891 491 1926 ἅπερ
516 1891 618 1918 ἄνωθέν
636 1899 676 1917 σοι
692 1891 856 1926 προσέταξεν
875 1891 920 1918 διά

127 1938 173 1964 τοῦ
191 1937 316 1968 Μωσέως
339 1937 426 1962 ποιεῖν
451 1937 466 1962 ό
488 1936 563 1967 Θεός.
593 1936 661 1962 Ποῖα
685 1936 717 1972 δὴ
742 1936 843 1969 ταῦτα;
869 1937 918 1962 Ἷν¹

129 1983 210 2018 ὀρθὴν
228 1984 275 2017 ἐφ’
291 1983 418 2009 ἁπάντων
436 1982 566 2017 τ-,οιῇςτὴν
579 1982 669 2016 κρίσιν
685 1982 732 2008 καὶ
741 1982 791 2017 τὴν
805 1982 919 2016 δοκιμα-

129 2029 204 2061 σίαν,
226 2029 290 2055 καθ’
311 2029 344 2062 ἢν
366 2027 487 2061 ἐκλέγειν
507 2027 623 2061 ὀφείλεις
645 2027 702 2053 ἀπδ
723 2027 770 2054 τοῦ
799 2027 919 2063 χείρονος

1002 530 1084 558 Vens.
1102 529 1168 558 6-8.
1184 544 1219 549 —
1246 529 1277 556 Et
1291 530 1355 563 quia
1376 530 1480 556 nullam
1506 531 1750 559 contradictionem

965 577 1047 605 verba
1067 576 1124 602 haec
1153 575 1335 610 patiebantur,
1364 575 1472 609 patroni
1496 575 1579 602 veluti
1606 583 1750 610 personam

965 629 1015 656 pro
1023 620 1121 655 populo
1133 619 1262 654 propheta
1275 619 1456 651 sumcns,haac
1465 620 1511 646 ait:
1524 629 1534 646 t
1547 619 1575 646 in
1586 627 1642 654 quo
1655 627 1752 655 appre-

965 667 1084 695 hendam
1112 667 1277 694 Dominum?
1294 667 1441 701 suscipiam
1467 666 1550 692 Deum
1564 665 1722 693 excelsum?
1739 675 1749 692 ι

966 713 1107 748 Tanquam
1140 713 1238 748 populo
1270 713 1321 739 hoc
1343 712 1459 744 dicente,
1477 713 1517 739 sic
1543 713 1580 738 ait
1595 720 1602 738 :
1616 711 1752 744 Quoniam

966 759 1060 786 multis
1071 759 1210 786 beneﬁciis
1224 758 1346 793 ingratus
1366 758 1415 790 fui,
1440 757 1503 792 quid
1519 765 1591 784 nunc
1603 765 1646 784 me
1664 757 1753 784 facere

964 810 1082 841 oportet,
1099 809 1129 831 nt
1142 804 1224 831 Deum
1242 803 1306 830 mihi
1319 809 1489 837 recupcrem,
1514 809 1528 828 a
1546 809 1602 836 quo
1631 802 1753 830 moribus

966 852 1034 878 lueis
1045 858 1087 877 me
1100 849 1225 884 sejunxi?
1240 848 1271 875 Et
1286 848 1422 882 quomodo
1440 848 1602 882 placitorum
1617 847 1677 881 ejus
1695 847 1752 882 jam

965 896 1104 924 studiosus
1123 895 1251 922 videbor?
1266 903 1278 920 4
1296 894 1364 921 Num
1380 893 1581 928 apprehendam
1604 891 1750 919 Dominum

968 938 1147 968 holocaustis,
1176 940 1202 964 ct
1232 937 1325 963 vitulis
1347 935 1499 962 anniculis?
1520 934 1590 961 Num
1623 934 1754 969 suscipiet

967 983 1097 1010 Dominus
1126 982 1199 1009 mille
1216 981 1325 1013 arietes,
1340 981 1382 1008 vel
1406 981 1499 1008 decem
1511 980 1596 1007 millia
1610 979 1753 1015 pinguium

966 1027 1127 1056 hircorum?
1141 1026 1209 1053 Num
1229 1026 1300 1053 dabo
1324 1026 1500 1061 primogenita
1514 1032 1574 1052 inea
1590 1033 1640 1060 pro
1654 1024 1754 1059 impie-

967 1077 1022 1101 tate
1035 1080 1104 1104 mea,
1121 1073 1238 1099 fructum
1257 1072 1361 1099 ventris
1377 1072 1428 1098 mci
1445 1079 1494 1106 pro
1516 1074 1628 1106 peccato
1640 1070 1719 1097 meo?
1743 1080 1752 1096 ι

966 1120 1050 1152 Quasi
1081 1118 1281 1154 alubigcntibus
1296 1118 1365 1152 ipsis
1382 1118 1448 1152 quid
1478 1125 1557 1153 agere
1586 1118 1696 1144 deceret
1720 1116 1756 1143 ob

966 1166 1099 1193 νεοίη-οἰκ
1118 1170 1199 1192 tanta
1218 1165 1378 1196 remedium,
1395 1165 1436 1192 sic
1453 1165 1491 1191 ait
1508 1163 1595 1190 :Num
1610 1163 1686 1190 illum
1700 1163 1757 1197 pla-

967 1219 1074 1245 cavcro,
1099 1212 1120 1238 si
1143 1212 1305 1238 holocausta
1334 1211 1479 1237 vitulorum
1503 1210 1690 1237 anniculorum
1707 1209 1756 1236 ob-

970 1258 1069 1289 tulcro,
1081 1258 1122 1284 vel
1132 1257 1214 1284 millia
1229 1261 1274 1283 ant
1290 1256 1385 1283 decem
1410 1255 1496 1282 millia
1509 1255 1623 1282 arietum
1650 1253 1675 1282 ei
1693 1253 1757 1281 οπο-

968 1309 1026 1328 ram
1044 1307 1124 1336 atque
1137 1301 1247 1328 ovium?
1268 1300 1336 1327 Etsi
1354 1300 1533 1335 primogenita
1548 1299 1756 1334 generationum

969 1353 1088 1373 mearum
1103 1346 1127 1372 ei
1138 1346 1292 1376 exhibeam,
1309 1352 1372 1370 nnm
1393 1352 1426 1372 ex
1437 1345 1528 1371 anima
1545 1351 1604 1371 mea
1614 1348 1755 1378 peccatum

940 1409 951 1417 η
969 1393 1112 1420 delcvcro?
1127 1392 1194 1419 lluie
1210 1399 1274 1419 vero
1292 1392 1383 1426 populi
1407 1391 1569 1418 dubitotioni
1587 1390 1757 1426 respondens

970 1438 1101 1472 propheta
1124 1437 1161 1463 ait
1187 1447 1193 1463 :
1222 1446 1232 1462 ‹
1268 1436 1465 1464 Nuntiatumne
1482 1437 1530 1464 tibi
1557 1437 1755 1469 fuit,ohomo.

969 1483 1034 1517 quid
1061 1483 1096 1508 sit
1119 1483 1232 1514 bonum,
1251 1490 1278 1509 et
1296 1482 1361 1516 quid
1387 1481 1519 1510 Dominus
1537 1483 1659 1517 requirat
1679 1490 1694 1509 a
1719 1486 1756 1514 te.

971 1529 1062 1555 nisiut
1076 1528 1161 1555 facias
1182 1528 1328 1562 judicium.
1354 1533 1381 1555 et
1407 1527 1506 1563 diligas
1525 1529 1755 1561 misericordiam,

969 1578 997 1600 et
1024 1578 1136 1608 paratus
1161 1574 1200 1601 sis
1228 1574 1368 1601 ambulare
1401 1579 1462 1607 post
1492 1573 1636 1600 Dominum
1672 1573 1757 1601 Deum

971 1619 1064 1645 tuum?
1083 1628 1091 1644 ι
1106 1618 1216 1650 Omitte,
1236 1619 1334 1653 inquit,
1356 1619 1516 1646 holocausta
1544 1623 1571 1646 et
1586 1620 1759 1646 victimarum

970 1665 1182 1696 multitudinem,
1191 1668 1218 1692 ct
1229 1665 1469 1699 primogenilorum
1483 1665 1659 1692 oblationem.
1676 1665 1755 1698 Quod

971 1710 993 1737 si
1009 1710 1057 1736 tibi
1074 1717 1146 1736 curae
1160 1714 1202 1736 est
1215 1710 1294 1744 202
1315 1710 1399 1737 Deum
1419 1710 1555 1744 placandi,
1572 1710 1617 1737 illa
1643 1710 1685 1737 fac
1699 1718 1760 1745 qua!

970 1755 1089 1782 tibiolim
1102 1756 1192 1783 facere
1208 1756 1344 1782 mandavit
1355 1764 1402 1791 per
1409 1756 1526 1791 Moysem
1540 1756 1618 1784 Deus.
1629 1756 1759 1790 Quzenam

970 1801 1044 1828 haec?
1063 1801 1176 1828 Rectum
1189 1801 1216 1827 in
1229 1801 1357 1829 omnibus
1373 1809 1499 1829 exercere
1514 1802 1646 1836 judicium
1659 1806 1685 1829 et
1701 1802 1759 1829 dis-

970 1846 1086 1879 crimen,
1099 1851 1130 1873 ut
1147 1846 1247 1873 bonum
1263 1847 1334 1873 malo
1345 1846 1474 1881 praeferas
1488 1857 1495 1874 :
1511 1851 1640 1882 quantam
1657 1848 1760 1882 potoria

969 1892 1165 1926 benignitatem
1185 1895 1212 1918 et
1234 1892 1451 1919 misericordiam
1483 1893 1510 1919 in
1528 1894 1669 1927 proximos
1698 1897 1760 1921 tuos

969 1944 1144 1972 expromere;
1166 1942 1290 1972 paratum
1306 1940 1333 1965 te
1349 1945 1410 1965 esse
1425 1942 1455 1965 ut
1467 1938 1625 1965 omnimode
1642 1937 1689 1965 Dci
1705 1946 1761 1965 vo}-

970 1984 1101 2010 lnntatem
1118 1983 1252 2018 sequaris.
1273 1982 1343 2010 Dicit
1351 1983 1376 2009 in
1384 1989 1490 2009 summa
1498 1982 1532 2008 "1
1540 1991 1549 2006 ι
1557 1980 1653 2016 Diliges
1662 1982 1757 2010 Domi-

970 2038 1034 2058 num
1061 2030 1147 2057 Deum
1173 2034 1249 2057 tuum
1278 2033 1335 2056 toto
1372 2029 1454 2057 corde
1471 2033 1528 2061 tuo,
1555 2033 1582 2057 et
1594 2033 1649 2057 tota
1669 2035 1761 2059 mente

128 2074 158 2099 τὺ
176 2075 318 2109 κρεῖττον,
334 2073 380 2100 καὶ
403 2073 447 2098 ἵνα
465 2073 555 2100 πᾶσαν
570 2073 619 2108 τὴν
633 2072 749 2108 δυνατήν
767 2081 808 2098 σοι
826 2073 917 2107 φιλαν-

973 2080 1029 2107 tua.
1054 2079 1080 2102 et
1101 2079 1156 2101 tota
1174 2075 1265 2102 anima
1277 2079 1340 2107 tua;
1355 2079 1381 2102 et
1395 2075 1491 2109 diliges
1513 2075 1666 2109 proximum
1683 2079 1759 2102 tuum

129 2119 254 2156 θρωπίαν
271 2127 302 2144 τε
319 2119 366 2144 καὶ
379 2118 549 2152 συμπάθειαν
561 2118 780 2153 ἐπιδεικνύμενος
799 2119 839 2149 είς
858 2119 917 2150 τοὺς

970 2121 1041 2148 sicut
1055 2125 1081 2148 te
1094 2121 1182 2155 ipsum
1197 2129 1204 2146 :
1217 2130 1225 2146 ι
1247 2120 1422 2155 quaequidcm
1435 2120 1508 2148 dicta
1522 2120 1761 2155 fuerantantiqui-

129 2164 212 2195 πέλας
231 2164 369 2198 διατελῇς,
390 2164 436 2190 καὶ
455 2163 497 2190 ἵνα
518 2164 774 2199 παρεσκευασμένος
882 2165 917 2195 εἰς

970 2169 1015 2192 tus
1033 2172 1080 2199 per
1100 2164 1228 2199 Moysem.
1253 2164 1315 2191 llaec
1327 2164 1420 2198 facito,
1434 2165 1534 2200 inquit,
1548 2173 1608 2200 quae
1623 2165 1693 2192 Deus
1705 2172 1761 2200 pra:

127 2210 158 2235 τὸ
171 2209 253 2235 παντὶ
273 2209 367 2243 τρόπῳ
377 2209 411 2234 τὰ
418 2208 546 2235 δοκοῦντα
568 2209 688 2244 μετιέναι
704 2208 771 2244 Θεῷ.
782 2209 864 2244 Λέγει
878 2209 917 2239 at.

971 2210 1092 2238 victimis
1106 2211 1234 2237 aestimat.

129 2256 269 2291 συντόμως
288 2256 389 2286 εἰπεῖν,
402 2256 432 2281 τὸ
457 2264 467 2281 t
490 2256 654 2290 ’Δγαπήσεις
671 2255 770 2290 Κύριον
781 2256 826 2282 τον
841 2253 906 2282 θεόν
929 2265 975 2282 σου
994 2257 1024 2288 ἐξ
1038 2257 1101 2291 ὅλης
1121 2258 1170 2292 τῆς
1183 2257 1296 2291 καρδίας
1317 2265 1374 2289 σου,
1398 2257 1483 2293 καιές
1505 2257 1568 2292 ὅλης
1582 2258 1630 2292 τῆς
1645 2257 1761 2288 διανοίας

129 2311 185 2334 σου,
201 2304 250 2330 καὶ
265 2304 295 2336 ἐξ
312 2303 376 2338 ὅλης
395 2304 445 2338 τῆς
456 2303 543 2337 ψυχῆς
559 2311 621 2333 σου,
642 2303 689 2329 καὶ
708 2303 861 2337 ἀγαπήσεις
884 2303 930 2329 τὸν
949 2303 1061 2339 πλησίον
1090 2312 1135 2329 σου
1158 2303 1195 2335 ὡς
1218 2303 1341 2330 σεαυτόν
1366 2304 1376 2337 (
1385 2311 1411 2338 p.
1429 2304 1498 2339 509)
1513 2303 1584 2338 ἅπερ
1602 2304 1694 2338 εῐρητο
1709 2303 1762 2330 πά-

127 2348 171 2374 λαι
187 2349 233 2375 διὰ
247 2349 385 2380 Μωσέως·
409 2349 494 2375 ταῦτα
508 2350 540 2384 δὴ
563 2349 666 2383 μέτιθι,
681 2349 765 2384 φησι,
787 2349 970 2385 προτιμότερα
983 2349 1082 2376 θυσιῶν
1097 2350 1160 2376 ὄντα
1176 2349 1243 2384 Θεῷ.

163 2394 238 2429 Esi-1'.
257 2393 346 2428 (λ’-ιβ’.
362 2407 396 2413 ——
413 2403 421 2419 ι
439 2393 515 2428 ιι’ωνὴ
531 2393 632 2428 Κυρίου
654 2394 686 2428 τῇ
709 2393 786 2419 πόλει
808 2393 922 2429 ἐπικλη-

130 2439 251 2474 θήσεται,
275 2439 322 2465 καὶ
340 2438 420 2464 σώσει
443 2438 625 2473 φοὸουμένους
639 2438 669 2464 τὸ
687 2438 773 2473 ὄνομα
794 2437 887 2464 αὑτοῦ.
909 2448 918 2463 ι

130 2486 161 2511 Εἰ
175 2486 230 2520 γὰρ
242 2485 276 2519 δὴ
297 2483 397 2516 ταῦτα,
414 2484 480 2519 φησὶ
490 2505 497 2515 ,
512 2485 628 2519 ποιοίης,
643 2484 718 2518 φωνή
733 2493 774 2515 τις
789 2483 856 2510 Θεοῦ
871 2493 922 2518 φα-

129 2532 240 2565 νήσεται
254 2531 271 2565 ὴ
294 2530 368 2561 πόλις
380 2530 414 2557 τὰ
433 2530 562 2556 δοκοῦντα
575 2529 649 2565 αὐτῷ
662 2527 786 2561 ποιοῦσα,
803 2529 876 2564 ἔργῳ
888 2537 918 2555 τε

129 2577 174 2602 τὸν
187 2576 270 2610 νόμον
283 2575 456 2602 ἐπιδεικνῦσα
467 2576 512 2602 τὸν
527 2576 607 2607 ῦείον,
619 2576 689 2602 ὥστε
703 2576 749 2602 καὶ
758 2575 804 2601 ἐπὶ
818 2574 918 2605 παντὸς

129 2621 253 2647 κινδύνου
275 2621 324 2655 τῆς
346 2620 419 2652 Θείας
444 2620 618 2655 ἀξιουμένους
633 2620 796 2654 κηδεμονίας
810 2619 874 2650 τοὺς
891 2619 920 2645 ἐν

130 2667 198 2702 αὐτῇ
212 2666 398 2697 meas-.01“,
411 2665 522 2700 μηδενὸς
533 2665 656 2700 λυπηροῦ
669 2664 792 2700 δέχεσθαι
804 2665 901 2699 πεῖραν
911 2672 920 2681 ο

132 2709 188 2738 εἷτα
200 2711 404 2746 παραινετικῶς
415 2710 493 2737 πάλιν
504 2712 517 2736 ὁ
527 2711 671 2745 προφήτης
685 2710 780 2744 τρέπει
792 2709 860 2743 πρὸς
871 2708 920 2734 αὑ-

131 2758 191 2788 τοὺς
202 2757 248 2782 τὸν
255 2756 346 2789 λόγον’
358 2757 482 2787 (Ἄκουε,
495 2756 574 2791 φυλὴ,
587 2756 628 2787 τίς
637 2756 768 2789 κοσμήσει
777 2755 868 2786 πόλιν;
882 2753 919 2790 μὴ

134 2801 187 2836 πῦρ
196 2801 243 2828 καὶ
258 2799 332 2832 οἶκος
344 2801 443 2835 ἀνόμου
459 2801 628 2836 Θησαυρίζων
640 2800 791 2836 Θησαυροὺς
803 2800 921 2834 ἀνόμους

179 2849 201 2863 ’⁵
216 2848 315 2875 Matth.
328 2856 378 2881 xu,
394 2849 438 2875 57.

1012 2393 1093 2421 Vens.
1110 2393 1186 2422 9-12.
1202 2408 1237 2414 ——
1251 2402 1260 2419 ι
1286 2393 1342 2420 Vox
1358 2393 1466 2420 Domini
1492 2393 1596 2420 civitati
1623 2394 1761 2420 acclama-

973 2438 1057 2470 bitur,
1074 2439 1245 2473 salvabitque
1273 2438 1399 2465 timentes
1415 2446 1514 2465 nomen
1541 2439 1611 2471 ejus.
1632 2447 1641 2464 ι
1659 2437 1722 2465 Hzcc
1737 2439 1759 2466 si

972 2483 1078 2515 fecerit,
1113 2491 1165 2510 vox
1192 2483 1317 2517 quaedam
1338 2482 1385 2509 Dei
1403 2491 1464 2510 esse
1490 2482 1626 2510 videbitur
1649 2484 1758 2514 civitas,

971 2529 1140 2564 beneplacita
1164 2528 1224 2563 ejus
1251 2528 1365 2562 faciens;
1385 2532 1412 2555 et
1433 2536 1515 2563 opere
1531 2528 1650 2556 divinam
1671 2529 1758 2563 legem

970 2576 1180 2604 demonstrans:
1198 2583 1253 2610 quo
1269 2576 1314 2602 fiet
1338 2580 1369 2602 ut
1391 2575 1419 2602 in
1433 2576 1530 2610 quovis
1549 2575 1670 2610 periculo
1686 2576 1760 2603 cives

969 2621 1030 2655 ejus
1047 2620 1138 2647 divina
1155 2621 1239 2647 tutela
1265 2621 1390 2654 protecti,
1417 2620 1518 2647 nullam
1544 2620 1696 2648 molestiam
1714 2627 1760 2646 ca-

967 2668 1056 2701 piant.
1073 2666 1140 2692 Exin
1158 2665 1339 2697 adhortando,
1357 2673 1454 2694 rursus
1468 2665 1550 2693 verba
1577 2665 1610 2693 ad
1628 2665 1758 2700 populum

969 2709 1103 2736 convertit
1126 2709 1268 2743 propheta.
1288 2718 1296 2734 ι
1321 2709 1401 2741 Audi,
1420 2717 1436 2736 ο
1454 2710 1542 2737 tribus
1558 2719 1565 2737 :
1591 2715 1618 2736 et
1633 2709 1695 2744 quis
1710 2716 1757 2735 or-

969 2754 1045 2780 nabit
1062 2753 1296 2781 civitatem?Num
1307 2754 1376 2788 ignis
1393 2758 1420 2782 et
1432 2755 1529 2782 domus
1544 2754 1629 2789 iniqui
1646 2754 1757 2780 thesau-

973 2799 1065 2827 rizans
1081 2799 1223 2826 thesauros
1235 2799 1355 2835 iniquos,
1367 2803 1394 2827 et
1407 2800 1580 2827 contumeliae
1596 2799 1751 2834 injurias?»
