1969 3069
235 97 287 125 387

833 92 1008 121 THEODORI
1024 91 1264 121 MOPSUESTENI

1808 94 1867 122 583

237 154 333 188 Neque
352 153 423 189 ignis
442 159 542 180 ornare
564 151 659 179 urbem
673 151 755 184 valet,
766 158 847 186 quam
861 151 951 186 potius
980 149 1028 176 dr-

1082 151 1126 177 καὶ
1149 149 1217 185 μετὰ
1242 150 1348 186 ὕϐρεως
1363 150 1485 183 ἀδικίαςς
1506 160 1515 176 ι
1532 151 1601 178 Οὔτε
1617 151 1672 186 γὰρ
1691 151 1747 188 πῦρ
1761 147 1818 178 οἷόν
1832 160 1866 178 τε

234 197 333 226 struit:
346 206 434 233 neque
450 198 550 233 impius
563 197 605 225 vir
616 198 702 224 multo
715 203 776 224 cum
795 197 885 223 studio
897 203 1024 231 peccans;

238 245 437 273 contumeliose
451 244 580 278 etinique
602 243 709 275 vivens,
732 242 827 269 vitabit
845 242 1023 276 pnnitionem.

238 288 420 317 Pessumdant
427 287 500 315 enim
514 307 522 319 ,
541 287 613 314 haud
626 295 706 314 secus
715 295 796 319 quam
812 286 1025 321 ignis.homines

240 333 396 368 hujusmodi
412 332 562 360 civitatem.
573 341 583 358 ι
601 331 873 366 Numjustilicabitur
885 331 911 357 in
924 334 1025 358 statera

239 379 369 413 iniustus,
385 382 412 405 et
426 379 454 405 in
476 378 594 405 sacccllo
616 377 738 412 pondera
750 376 864 403 dolosa?
877 376 910 403 de
926 375 1025 410 quibus

239 424 348 451 divitias
369 430 434 450 suas
456 423 604 457 impietatis
619 422 812 456 impleverunt.
830 424 857 448 et
872 420 1026 447 habitantes

240 469 267 495 in
278 477 309 496 ea
325 469 507 503 loquebantur
524 467 678 499 mendacia,
695 472 723 494 et
736 466 828 501 lingua
843 473 936 493 eorum
948 465 1025 492 exal-

238 517 296 540 tata
308 517 351 541 est
375 514 402 540 in
420 521 468 540 ore
489 512 631 548 ipsorum?
650 521 659 538 ι
678 511 754 539 Sicut
769 511 841 538 enim
859 511 887 538 in
901 510 1026 537 anomala

240 563 268 586 et
283 559 409 593 inmquali
419 563 521 586 statera
535 558 640 593 justum
652 557 726 584 cerni
741 557 845 590 nequit,
858 563 945 590 neque
958 563 1027 590 pon-

240 605 305 632 dera
332 604 506 632 fraudulenta
527 608 554 630 et
577 603 670 630 vitiata
685 602 784 636 recipi:
798 602 836 628 ita
857 608 907 628 nec
930 601 967 627 illi
980 600 1026 635 qui

240 659 306 686 opes
316 658 381 679 suas
392 658 425 678 ex
444 649 635 684 iniquitatibus
649 651 749 683 augent
762 647 814 674 frui
829 646 872 674 his
887 650 1025 681 poterunt.

239 696 313 722 Nam
349 696 393 723 isti
415 703 512 722 omnes
529 694 650 721 civitatis
673 693 777 724 incolie,
792 699 853 719 cum
866 691 972 718 fallacia
988 691 1028 718 vi-

240 744 344 772 ventes,
357 740 436 775 203
459 743 486 766 et
503 738 622 774 superba
639 741 745 765 utentes
757 740 856 769 mente,
872 736 1028 770 nullamque

242 785 289 813 Dei
303 786 436 812 rationem
453 785 596 817 habentes,
619 783 775 811 necessario
792 782 911 809 divinam
926 781 1028 808 vindic-

239 835 296 857 tam
310 830 498 865 experientur.

1075 197 1212 231 κοσμῆσαι
1235 196 1329 223 πόλιν*
1351 197 1505 223 τούναντίον
1531 197 1584 232 γὰρ
1609 197 1695 232 αὐτὴν
1716 197 1865 231 ἀφανίζειο

1075 240 1136 267 οὗτε
1151 242 1204 276 γὰρ
1221 242 1376 277 παράνομος
1389 241 1458 278 ἀνὴρ
1475 243 1521 269 καὶ
1541 243 1610 278 μετὰ
1625 242 1725 278 πολλῆς
1739 243 1789 277 τῆς
1803 243 1867 269 ἑπι-

1077 285 1184 320 μελείας
1194 286 1242 321 τὴν
1256 287 1426 321 παρανομίαν
1441 287 1633 322 ἐργαζόμενος,
1649 289 1696 314 καὶ
1713 288 1796 323 πολλῇ
1814 288 1866 323 μὲν

1076 330 1164 365 ὕϐρει,
1177 331 1260 366 πολλῇ
1269 331 1297 357 δὲ
1310 332 1400 367 ἀδικίᾳ
1411 331 1509 365 συζῶν,
1519 333 1644 368 κερδανεῖ
1650 333 1699 368 τὴν
1709 334 1846 368 τιμωρίαν
1857 343 1865 348 ·

1076 375 1217 409 ἀφανιοῦσι
1238 377 1292 412 γὰρ
1303 377 1350 412 οὐχ
1362 375 1442 412 ἦττον
1460 378 1545 412 πυρὸς
1556 378 1581 404 οι
1592 377 1706 404 τοιοῦτοι
1721 377 1770 413 τὴν
1783 378 1864 404 πόλιν

1075 420 1223 452 οἰκοῦντες.
1241 431 1250 447 ι
1266 422 1297 448 Εἰ
1309 422 1517 458 δικαιωθήσεται
1535 424 1564 449 ἐν
1580 423 1730 458 μαρσίππῳ
1743 423 1867 458 στάθμια

1075 467 1166 499 δόλου;
1179 467 1208 499 ἐξ
1218 463 1256 493 ὧν
1268 467 1314 494 τὸν
1330 467 1444 494 πλοῦτον
1458 468 1547 494 αὐτῶν
1557 468 1685 499 ἀσεϐείας
1699 468 1865 504 ἐνέπλησαν,

1076 512 1123 538 καὶ
1138 512 1303 544 ἐνοικοῦντες
1318 513 1401 548 αὐτὴν
1422 513 1532 540 ἐλάλουν
1549 513 1643 549 ψευδῆ,
1656 514 1703 540 καὶ
1717 514 1733 549 ή
1752 514 1866 548 γλῶσσα.

1076 556 1164 582 αὐτῶν
1177 557 1271 592 ὑψώθη
1291 559 1319 584 ὲν
1341 558 1381 593 τῷ
1395 559 1508 594 στόματι
1522 559 1629 592 αὑτῶν;
1647 569 1655 585 ι
1675 560 1720 592 Ὠς
1741 560 1794 595 γὰρ
1813 561 1866 596 οὐχ

1077 599 1132 629 οἷόν
1146 611 1176 628 τε
1196 603 1225 628 ἐν
1244 603 1379 638 ἀνωμάλῳ
1391 612 1420 630 τε
1440 604 1486 630 κα)¹
1507 605 1591 639 ἀνίσῳ
1611 604 1686 639 ζυγῷ
1703 605 1818 640 φανῆναι
1833 605 1866 632 τὺ

1076 647 1192 679 δίκαιον,
1208 648 1225 683 ἢ
1236 649 1353 683 στάθμια
1371 649 1537 684 δεδολωμένα
1549 651 1595 676 καὶ
1606 651 1808 685 διεστραμμένα
1820 651 1866 676 εῦ-

1077 693 1235 728 παράδεκτα
1256 694 1396 728 γενέσθαι,
1424 697 1466 730 (p.
1487 695 1556 730 3l0)
1579 695 1665 727 οὕτως
1689 696 1742 722 οὐδ’
1766 696 1792 722 οἱ
1817 696 1866 722 τὶν

1078 738 1192 765 πλοῦτον
1214 739 1259 765 τὸν
1281 740 1379 766 οἰκεῖον
1397 741 1429 767 ἐκ
1450 741 1627 776 παρανομιῶν
1650 740 1777 773 αὔξοντες
1794 741 1866 767 ἀπο-

1077 783 1174 810 λαῦσαι
1195 784 1353 820 δυνήσονται
1373 786 1428 812 τῶν
1450 786 1618 821 προσόντων
1643 787 1741 818 πάντες
1764 786 1819 821 γὰρ
1839 787 1866 814 οἱ

1041 821 1061 847 Β
1075 828 1189 856 τοιοῦτοι
1218 830 1296 857 πόλιν
1326 831 1473 865 οἰκοῦντες,
1497 831 1590 866 ψεύδει
1610 841 1640 858 τε
1660 832 1794 865 συζῶντες
1817 832 1868 859 καὶ

241 877 407 912 ὑπερηφάνῳ
427 875 590 911 κεχρημένοι
600 874 715 910 διανοίᾳ,
733 874 770 906 ὡς
790 874 891 909 μηδένα
906 873 957 908 τῆς
967 873 1013 899 ἐπὶ
1023 873 1127 906 τούτοις
1153 876 1289 911 τιμωρίας
1312 876 1359 903 τοῦ
1383 876 1450 903 Θεοῦ
1473 878 1607 904 ποιεῖσθαι
1619 877 1706 913 λόγον,
1730 878 1761 911 ἐξ
1779 879 1866 913 ἀνάγ-

241 932 292 959 κης
305 922 357 949 ὑπὸ
367 922 417 956 τὴν
430 921 565 957 τιμωρίαν
582 922 741 956 γενήσονται
753 920 801 955 τὴν
816 919 899 946 Θείαν.

276 967 361 995 Vens.
381 967 476 994 l3-l6.
495 982 530 987 -—
551 975 560 991 ι
575 965 608 993 Ει
623 973 672 1001 ego
687 966 814 1000 incipiam
829 969 854 992 tc
865 968 1024 999 percutere:

240 1014 338 1042 delebo
353 1021 402 1041 vos
417 1013 444 1040 in
461 1012 580 1048 peccatis
597 1005 707 1039 vestris.
721 1020 730 1036 ›
744 1010 796 1043 Qui
811 1011 848 1037 ita
863 1009 964 1040 vivitis,
977 1016 1027 1043 ego

241 1059 422 1094 castigatione
430 1065 490 1085 mea
504 1057 660 1092 percutiens
671 1064 793 1091 congruo
799 1055 918 1090 peccatis
928 1055 1027 1082 vestris

242 1105 322 1132 modo
345 1111 441 1130 omnes
465 1102 658 1137 pessumdabo.
681 1111 690 1127 ι
705 1101 745 1128 Τιι
763 1101 901 1133 comedas.
932 1105 1027 1127 et-non

241 1149 420 1177 saturaberis.
434 1157 444 1174 ›
462 1147 541 1174 Brevi
560 1147 631 1174 enim
652 1151 745 1182 partas
766 1154 832 1180 opes
854 1151 974 1180 tempore
988 1149 1027 1171 te-

241 1202 322 1225 nens,
355 1193 428 1220 haud
442 1200 530 1227 usque
553 1193 581 1219 in
605 1192 684 1219 linem
708 1192 742 1219 iis
757 1191 867 1222 frueris,
890 1191 954 1226 quia
980 1190 1029 1218 tibi

243 1247 329 1274 [mite
344 1247 428 1266 causa
444 1238 607 1273 eripientur.
640 1246 649 1262 ι
664 1237 799 1272 Fienlque
826 1237 876 1264 tibi
901 1236 1029 1268 tenebrae,

241 1289 269 1312 et
285 1284 450 1315 declinahis.
471 1288 499 1311 et
522 1290 577 1310 non
599 1282 763 1309 salvabcris.
778 1291 787 1307 ι
802 1281 925 1316 Caligine
947 1281 1030 1308 veluti

242 1330 369 1358 obrueris
390 1329 495 1357 ultione
508 1337 579 1362 mea,
599 1328 678 1363 cujus
690 1327 746 1355 vim
762 1327 902 1354 declinare
923 1327 1028 1360 volens,

242 1383 296 1403 non
311 1376 425 1410 poteris.
446 1384 455 1400 t
470 1375 502 1402 Et
513 1374 671 1410 quicunque
681 1373 779 1401 salvati
799 1372 914 1404 fuerint,
937 1373 1027 1408 gladio

243 1421 398 1448 tradentur.
415 1430 425 1446 ι
441 1420 554 1447 Etiamsi
566 1419 641 1446 brevi
657 1418 773 1445 fortasse
782 1422 902 1452 tempore
912 1417 1028 1444 evadere

243 1466 362 1494 videaris
383 1466 504 1493 hostium
526 1465 670 1495 ultionem,
702 1467 822 1490 attamen
848 1463 961 1489 omnino
981 1470 1028 1489 ca-

243 1511 338 1546 pieris.
357 1519 368 1536 ι
381 1510 422 1537 Tu
438 1518 514 1538 seres
530 1510 627 1541 oleam.
651 1512 678 1536 et
692 1509 752 1536 oleo
770 1516 824 1535 non
841 1509 969 1543 ungeris;
988 1508 1030 1535 vi-

244 1564 309 1583 num
324 1556 433 1583 cultura
447 1555 567 1589 parabis,
588 1557 616 1582 et
637 1561 692 1581 non
712 1553 789 1581 bibes
811 1553 915 1580 vinum.
934 1563 943 1579 ι
962 1552 1029 1580 Belli

244 1601 329 1636 stragi
342 1601 536 1632 succumbens,
565 1607 599 1627 ne
616 1600 758 1626 laboribus
780 1599 889 1633 quidem
910 1599 976 1630 luis,
1000 1603 1030 1625 ut

244 1654 294 1681 par
307 1650 360 1678 est,
384 1646 499 1678 frueris;
521 1653 591 1680 quos
611 1652 707 1672 Omnes
724 1645 758 1672 ab
782 1645 910 1672 hostibus
925 1644 1029 1671 vastari

245 1694 462 1718 consentaneum
478 1694 531 1718 est.
546 1700 555 1716 ι
571 1689 602 1716 Et
620 1690 786 1717 delabuntur
800 1690 920 1725 legitima
937 1689 1030 1724 populi

246 1735 310 1765 mei.
326 1740 353 1762 et
367 1736 458 1762 omnia
472 1742 554 1770 opera
569 1735 668 1762 domus
682 1735 813 1762 Achaabi.
824 1735 856 1761 Et
868 1734 1031 1760 ambulastis

246 1779 274 1805 in
290 1779 478 1806 voluntatibus
501 1786 609 1810 eorum,
638 1778 774 1805 utdarem
797 1781 823 1804 te
843 1777 870 1804 in
898 1776 1031 1811 perditio«

246 1832 320 1858 nem,
336 1828 363 1852 et
377 1831 472 1852 omnes
484 1824 638 1851 habitantes
653 1824 681 1850 in
696 1831 728 1850 ea
745 1823 772 1849 in
785 1823 907 1853 sibilum,
938 1825 965 1848 et
982 1829 1032 1856 op—

245 1870 358 1904 probria
373 1869 464 1904 populi
479 1869 531 1896 inei
547 1869 692 1903 accipient.
706 1877 715 1893 ι
737 1868 814 1895 Tunc
830 1868 921 1894 omnia
939 1868 1033 1895 colen-

246 1916 344 1941 dorum
368 1914 502 1941 idolorum
520 1914 641 1948 legitima
667 1921 728 1948 qua).
748 1913 947 1946 observabatis,
969 1913 1033 1940 imi-

246 1963 337 1987 tantes
356 1959 479 1986 Achaabi
491 1962 519 1986 et
531 1959 678 1994 aequalium
705 1958 744 1986 illi
767 1966 861 1993 regum
885 1959 1008 1993 exempla
1025 1966 1032 1990 ;

246 2008 409 2031 coacervata
423 2003 613 2035 destruentur,
641 2007 668 2031 et
683 2011 731 2031 vos
746 2011 807 2030 cum
820 2003 874 2031 illis
893 2012 900 2030 :
919 2011 974 2038 quo
990 2004 1035 2030 fiet

246 2053 277 2076 ut
295 2050 382 2077 exteri
402 2057 499 2077 omnes
516 2053 638 2077 vestrum
662 2050 776 2077 exitium
792 2053 948 2084 spectantes
962 2049 1035 2077 exsi-

1110 964 1185 998 Στίχ.
1204 967 1299 998 ιγ’-ις’.
1312 980 1348 986 -
1360 974 1370 991 ι
1387 965 1441 992 Καὶ
1464 965 1519 999 ἐγὼ
1542 965 1659 1001 ἄρξομαι
1677 965 1724 992 τοῦ
1748 965 1867 998 πατάξαι

1079 1016 1109 1034 σε
1119 1027 1126 1040 ,
1137 1009 1243 1043 ἀφανιῶ
1256 1010 1328 1044 ὑμᾶς
1338 1010 1367 1036 ὲν
1379 1011 1440 1041 ταῖς
1454 1010 1599 1045 ἁμαρτίαις
1620 1010 1719 1037 αὐτῶν.
1727 1019 1736 1036 ι
1746 1010 1866 1038 Τοιαῦτα

1078 1053 1132 1089 γάρ
1146 1054 1288 1086 ποιοῦντας
1303 1056 1336 1090 τῇ
1352 1055 1472 1090 τιμωρίᾳ
1487 1055 1590 1090 πλήξας
1613 1056 1646 1090 τῇ
1663 1056 1727 1091 ὲμῇ,
1741 1056 1866 1087 ἅπαντας

1081 1099 1152 1133 ὑμᾶς
1161 1099 1290 1133 ἀνάλογον
1301 1102 1360 1131 ταῖς
1371 1101 1518 1136 ἁμαρτίαις
1528 1101 1622 1127 ἀπολῶ
1634 1102 1693 1132 ταῖς
1706 1101 1865 1136 ὑμετέραις.

1083 1153 1093 1170 ι
1109 1144 1144 1171 Σὺ
1162 1145 1280 1178 φάγεσαι
1291 1145 1347 1179 (42)
1358 1146 1404 1172 καὶ
1419 1146 1449 1172 οὐ
1463 1147 1499 1181 μὴ
1513 1146 1681 1182 ὲμπλησθῇς.
1690 1156 1698 1172 ι
1709 1147 1767 1172 Ἐπ’
1776 1146 1866 1180 ὀλίγον

1079 1190 1133 1225 γάρ
1148 1190 1203 1217 τῶν
1229 1190 1384 1226 προσόντων
1400 1191 1553 1226 μετασχὼν,
1575 1192 1623 1218 οὐκ
1641 1193 1685 1223 εἰς
1697 1192 1772 1223 τέλος
1795 1191 1866 1224 ἕξεις

1078 1236 1168 1262 αὐτῶν
1183 1236 1233 1271 τὴν
1250 1237 1409 1268 ἀπόλαυσιν,
1422 1237 1621 1272 ἀφαιρούμενος
1648 1237 1737 1264 αὐτῶν
1756 1237 1800 1264 διὰ
1816 1238 1866 1272 τῆς

1078 1281 1222 1316 τιμωρίας.
1245 1290 1254 1307 ι
1275 1282 1330 1308 Καὶ
1348 1281 1508 1308 συσκοτάσει
1529 1283 1558 1308 ὲν
1574 1282 1614 1308 σοί
1627 1290 1634 1297 ·
1648 1281 1695 1308 καὶ
1717 1281 1865 1314 ὲκνεύσεις,

1079 1327 1127 1353 καὶ
1143 1327 1173 1354 οὺ
1190 1328 1227 1362 μὴ
1253 1326 1397 1362 διασωθῇς.
1411 1337 1420 1352 ι
1440 1327 1483 1358 Ὠς
1503 1327 1591 1362 σκότῳ
1608 1327 1662 1362 γὰρ
1679 1326 1866 1362 περιὸληθήσῃ

1080 1373 1113 1407 τῇ
1127 1372 1191 1407 παρ’
1201 1371 1268 1407 ἐμοῦ
1283 1372 1403 1407 τιμωρίᾳ
1415 1380 1422 1387 ·
1433 1373 1478 1398 καὶ
1492 1372 1651 1407 βουλόμενος
1668 1371 1802 1398 ἐκκλίνειν
1813 1371 1868 1398 τῶν

1081 1417 1173 1443 κακῶν
1187 1417 1236 1452 τὴν
1263 1418 1371 1452 πεῖραν,
1385 1417 1509 1452 οὐδαμῶς
1528 1418 1640 1453 δυνήσῃ.
1655 1426 1664 1442 ι
1688 1417 1741 1443 Καὶ
1757 1417 1813 1444 ὅσοι
1833 1416 1866 1443 ἂν

1079 1462 1247 1488 διασωθῶσιν
1260 1483 1267 1494 ,
1281 1463 1321 1494 είς
1346 1462 1483 1497 ῥομφαίαν
1514 1461 1754 1497 παραδοθήσονται.
1774 1474 1784 1487 ι
1805 1461 1866 1488 Κᾶν

1080 1507 1134 1542 γὰρ
1150 1507 1218 1542 πρὸς
1233 1507 1319 1542 βραχύ
1340 1516 1399 1538 πως
1407 1508 1562 1541 διαφεύγειν
1577 1507 1656 1543 δόξῃς
1672 1508 1705 1542 τῇ
1720 1505 1774 1534 τῶν
1789 1506 1867 1532 πολε-

1082 1553 1151 1587 μίων
1168 1552 1297 1588 τιμωρίᾳ,
1324 1553 1519 1589 καταληφθήσῃ
1537 1553 1653 1585 πάντως.
1674 1563 1683 1579 t
1703 1553 1739 1580 Σὺ
1758 1555 1867 1588 σπερείς

1081 1598 1184 1629 ἐλαίαν,
1197 1598 1244 1624 καὶ
1252 1598 1282 1624 οὐ
1298 1598 1334 1633 μὴ
1351 1597 1447 1634 ἀλείφῃ
1460 1598 1549 1625 ἔλαιον
1564 1607 1570 1614 ·
1584 1599 1631 1625 καὶ
1647 1600 1769 1634 ποιήσεις
1785 1597 1865 1630 οἶνον.

1082 1644 1128 1670 καὶ
1141 1644 1171 1670 οὐ
1188 1643 1225 1678 μὴ
1243 1644 1308 1678 πίῃς
1331 1642 1411 1670 οἶνον.
1429 1653 1438 1669 ι
1463 1643 1622 1670 ’Υποπεσὼν
1643 1643 1708 1677 γοῦν
1727 1645 1760 1679 τῇ
1775 1645 1866 1680 σφαγῇ

1081 1689 1128 1714 τοῦ
1142 1689 1273 1723 πολέμου,
1288 1689 1348 1715 οὐδὲ
1369 1689 1423 1715 τῶν
1445 1688 1533 1714 πόνων
1548 1688 1722 1720 ἀπολαύσεις,
1735 1689 1772 1720 ὡς
1783 1689 1866 1721 εἰκὸς,

1082 1734 1135 1760 τῶν
1159 1734 1276 1766 οἰκείων,
1291 1736 1328 1768 (p.
1353 1734 1416 1767 5H)
1437 1733 1531 1769 ἐπειδὴ
1557 1733 1661 1765 πάντας
1686 1734 1784 1765 αὐτοὺς
1799 1735 1866 1768 ἀφα-

1082 1779 1194 1810 νιοῦσιν,
1206 1779 1243 1811 ὡς
1253 1779 1337 1810 εἰκὸς.
1351 1780 1375 1806 οί
1387 1779 1520 1814 πολέμιοι·
1534 1780 1611 1806 τοῦτο
1627 1780 1681 1814 γὰρ
1696 1779 1818 1814 βούλεται
1834 1779 1867 1806 δι’

1083 1825 1144 1851 ὅλου
1164 1825 1264 1858 λέγειν.
1281 1834 1290 1850 t
1308 1825 1363 1851 Καὶ
1376 1825 1589 1860 ἀφανισθήσεται
1606 1826 1710 1860 νόμιμα
1723 1825 1788 1851 λαοῦ
1805 1833 1867 1860 μου.

1084 1868 1130 1893 καὶ
1153 1867 1241 1893 πάντα
1261 1867 1330 1902 ἔργα
1350 1868 1424 1894 οἴκου
1450 1868 1550 1902 Ἀχαάὸ
1567 1876 1574 1883 ·
1590 1869 1638 1895 καὶ
1653 1868 1819 1904 ὲπορεύθητε
1840 1869 1868 1894 ὲν

1083 1914 1144 1944 ταῖς
1155 1912 1262 1948 βουλαῖς
1275 1913 1375 1946 αὐτῶν,
1396 1914 1469 1945 ὅπως
1483 1914 1595 1950 παραδῶ
1610 1923 1639 1941 σε
1653 1916 1692 1946 εἰς
1706 1915 1867 1949 ἀφανισμὸν.

1085 1959 1132 1984 καὶ
1140 1958 1202 1989 τοὺς
1213 1957 1407 1989 κατοικοῦντας
1418 1958 1502 1994 αὐτὴν
1513 1959 1553 1989 εἰς
1566 1959 1709 1994 συριγμὸν,
1722 1960 1768 1986 καὶ
1781 1959 1868 1994 ὀνείδη

1085 2003 1150 2030 λαοῦ
1180 2012 1230 2037 μου
1252 2003 1391 2038 λήψονται.
1416 2013 1426 2030 ι
1445 2004 1512 2030 Τότε
1529 2004 1593 2037 γοῦν
1610 2005 1717 2032 ἅπαντα
1735 2004 1754 2031 ἃ
1773 2005 1819 2032 ἐπὶ
1835 2005 1868 2040 τῇ

1086 2049 1141 2076 τῶν
1157 2049 1274 2076 εἰδώλων
1294 2049 1428 2085 θρησκεία
1453 2050 1556 2085 νόμιμα
1582 2050 1755 2084 ὲφυλάττετε,
1771 2050 1869 2086 μιμούη

247 2095 342 2127 bilent,
355 2099 382 2122 et
397 2095 531 2121 mirentur
549 2099 653 2122 tantam
670 2099 768 2122 vestras
787 2094 905 2121 fortuna:
917 2102 1029 2122 conver-

1088 2095 1207 2130 μενοιτά
1223 2095 1299 2130 παρά
1323 2103 1352 2121 τε
1369 2095 1416 2121 τοῦ
1436 2095 1538 2130 ’Δχαάὃ
1553 2096 1600 2122 καὶ
1614 2095 1668 2122 τῶν
1692 2097 1752 2123 κατ’
1769 2097 1870 2124 ἐκεῖνον

248 2141 364 2172 sionem,
391 2140 525 2174 vobisque
558 2140 727 2174 exprobrent
759 2140 832 2174 quod
859 2144 1034 2174 peccatorum

249 2190 400 2213 vestrorum
417 2193 501 2212 causa
518 2185 575 2212 hzec
594 2185 731 2220 patimini.
759 2185 848 2220 Atque
862 2186 900 2212 ita
924 2189 1036 2213 eventu.

250 2237 307 2256 ram
330 2230 386 2256 illis
411 2230 543 2256 ultionem
568 2229 698 2262 minatus,
718 2230 782 2257 exin
805 2238 881 2258 more
896 2239 946 2258 suo
968 2231 1036 2259 dicit

249 2281 348 2301 causas
374 2273 530 2301 futurorum
554 2278 712 2306 eventuum.
733 2275 786 2302 sub
808 2275 920 2302 [amenti
947 2275 1036 2310 ﬁgura

250 2320 435 2347 narrationem
464 2319 613 2347 instituens
639 2328 647 2347 :
669 2319 784 2347 decebat
807 2320 879 2348 enim
913 2322 1036 2355 apprime

250 2365 408 2401 prophetam
427 2365 479 2392 sub
495 2365 577 2400 205
591 2365 740 2400 geinituum
763 2365 861 2399 forma,
889 2367 1037 2394 condolen-

251 2415 304 2438 tem
331 2410 462 2437 nimirum
491 2411 669 2445 patientibus,
695 2415 722 2438 et
735 2419 830 2438 eorum
849 2412 901 2439 sibi
924 2418 1038 2447 peccata

251 2460 413 2484 sumentem.
428 2455 499 2489 Quid
519 2464 585 2492 ergo
600 2457 655 2483 ait?

1089 2140 1229 2175 βασιλέων,
1247 2139 1476 2175 ἐπεισυναχθὲντα
1499 2141 1563 2176 ὑμῖν
1585 2141 1800 2178 ἀφανισθήσεται
1823 2143 1870 2169 σὺν

1088 2186 1152 2220 ὑμῖν
1162 2194 1169 2201 ι
1188 2185 1258 2211 ὥστε
1271 2185 1394 2216 ἅπαντας
1407 2185 1470 2216 τοὺς
1486 2185 1584 2218 ἔξωθεν
1601 2186 1721 2221 ὁρῶντας
1734 2187 1810 2221 ὐμῶν
1823 2187 1871 2222 τὴν

1088 2230 1226 2257 ἀπώλειαν
1239 2229 1366 2266 συριγμῷ
1381 2230 1531 2265 κεχρῆσθαι
1550 2230 1739 2265 θαυμάζοντας
1753 2232 1803 2267 τὴν
1811 2241 1872 2258 τοσ-

1088 2276 1174 2310 αύτην
1191 2275 1268 2310 ὑμῶν
1289 2275 1336 2301 ἐπὶ
1359 2275 1390 2301 τὸ
1410 2276 1499 2310 χεῖρον
1514 2276 1675 2311 μεταϐολὴν,
1695 2277 1832 2309 ὀνειδίζειν
1844 2286 1872 2304 τε

1089 2322 1153 2356 ὑμῖν
1164 2317 1259 2355 ὲφόίς
1281 2320 1351 2355 ὑπὲρ
1380 2320 1431 2355 τῆς
1457 2321 1628 2356 παρανομίας
1651 2322 1804 2349 πεπόνθατε
1826 2323 1873 2357 τῆς

1088 2367 1191 2398 οἰκείας
1209 2375 1215 2382 ·
1230 2367 1259 2393 ἐν
1277 2366 1309 2402 δὴ
1336 2366 1439 2398 τούτοις
1465 2367 1515 2402 τῆς
1535 2368 1761 2404 ὲπαχθησομένης
1786 2369 1873 2401 αὐτοῖς

1088 2412 1224 2448 τιμωρίας
1239 2411 1286 2447 τὴν
1305 2411 1419 2446 ἀπειλὴν
1435 2412 1563 2447 εἰρηκὼς,
1578 2413 1641 2447 ἑξῆς
1653 2413 1744 2444 πάλιν,
1762 2414 1832 2440 κατὰ
1845 2415 1874 2440 τὸ

1090 2458 1281 2492 εἰωθὸς,λέγει
1305 2457 1354 2488 τὰς
1379 2457 1467 2489 αἰτίας
1480 2458 1534 2484 τῶν
1548 2458 1698 2492 ἐπάγεσθαι
1727 2459 1874 2493 μελλόντων

251 2502 390 2534 αὑτοῖς,ἰν
403 2504 521 2538 σχήματι
532 2502 630 2537 θρήνου
641 2502 690 2537 τὴν
703 2503 839 2538 ἀφήγησιν
854 2504 943 2532 αὐτῶν
955 2507 1114 2542 ποιούμενος
1126 2515 1133 2521 ·
1149 2506 1209 2533 ἐπεὶ
1225 2505 1271 2531 καὶ
1290 2504 1392 2540 σφόδρα
1410 2505 1546 2541 ἥρμοττεν
1559 2506 1596 2541 τῷ
1613 2507 1736 2542 προφήτῃ
1752 2506 1875 2541 ἀλγοῦντι

257 2556 281 2574 ιε
293 2548 335 2582 ἐφ’
348 2545 388 2578 οἷς
403 2548 545 2583 πάσχουσι,
559 2549 608 2575 καὶ
622 2548 656 2575 τὰ
670 2548 892 2585 πλημμελήματα
907 2552 997 2578 αὐτῶν
1008 2551 1184 2587 οἰκειουμένῳ
1199 2550 1252 2577 τῶν
1273 2550 1397 2586 ὀδυρμῶν
1412 2553 1443 2577 τὸ
1462 2551 1563 2586 σχῆμα.
1581 2551 1614 2577 Τί
1631 2550 1678 2579 οὗν
1698 2561 1794 2588 φησινς

567 2592 643 2620 CAP.
666 2593 721 2621 Vll.

288 2636 370 2664 Vens.
395 2638 420 2663 1.
439 2652 471 2657 -
493 2647 502 2663 ι
516 2637 561 2665 ναι
583 2639 665 2665 mihi!
687 2639 734 2674 qui
753 2639 841 2669 factus
853 2649 912 2669 smn
935 2645 965 2669 ut
988 2643 1034 2677 qui

291 2784 346 2822 (12)
367 2785 434 2814 Cod.
452 2786 553 2821 φάγεσε
567 2787 601 2822 Χ

1419 2595 1498 2622 ΚΕΦ.
1519 2597 1555 2622 Ζ¹.

1126 2641 1199 2676 Στίχ.
1218 2645 1314 2669 α’.-ι
1332 2642 1429 2677 Οῗμοιί
1445 2642 1485 2668 ὅτι
1498 2641 1677 2677 ὲγενήθηνώς
1695 2644 1816 2678 συνάγων
1832 2652 1875 2672 κα-
