1981 3073
146 107 198 136 339

621 104 893 134 COMMENTARIUS
914 105 947 133 ΙΝ
967 105 1121 134 ΜΙΟΙΙᾸΞΔΞ
1138 106 1216 135 CAP.
1237 107 1292 134 VII.

1714 107 1766 134 590

146 162 234 197 λάμην
247 162 277 189 ὲν
291 162 400 197 ἀμήτῳ.
412 162 460 189 καὶ
472 161 509 193 ὡς
525 162 686 196 ὲπιφυλλίδα
700 164 729 189 ὲν
743 163 870 198 τρυγήτῳ
884 163 932 197 οὐχ

990 163 1112 198 stipulam
1128 163 1155 189 in
1171 170 1259 191 messe
1274 163 1388 198 colligit,
1412 168 1438 190 ct
1456 163 1609 190 racemulos
1626 163 1653 190 in
1670 163 1766 192 vinde-

147 207 313 241 ὑπάρχοντος
335 207 463 242 βότρυος·
485 206 531 233 τοῦ
547 208 643 241 φαγεῖν
662 208 821 242 πρωτόγονα
834 208 931 234 ἐπεθύ-

147 261 232 288 μησεν
245 254 262 288 η
279 252 351 288 ψυχή
366 261 427 287 μου.
450 262 459 278 ι
483 253 562 280 Ἀλλὰ
576 253 630 288 γὰρ
642 253 750 288 θρηνεῖν
773 253 861 280 ἔπεισί
876 259 930 289 ’μοι

145 298 278 334 τοσαύτην
290 298 340 334 τὴν
354 299 400 324 ἐπὶ
412 299 443 325 τὸ
457 300 546 334 χεῖρον
558 298 643 334 ῥοπὴν
657 299 780 333 βλέποντι
798 299 844 326 τοῦ
855 299 930 331 λαοῦ,

147 343 185 377 (p.
200 343 262 378 512)
284 343 322 374 ὡς
339 343 441 378 μηδένα
454 343 628 379 δικαιοσύνης
640 345 668 370 ἐν
682 345 773 376 αὐτοῖς
786 345 931 379 ἀναφαίνε-

147 388 208 414 σθαι
234 388 340 422 καρπόν
361 395 369 403 ·
388 387 492 415 τοιοῦτο
515 389 579 422 γοῦν
599 398 627 415 τι
649 389 764 424 πάσχειν
783 390 826 416 ἐπ’
842 390 933 420 αὐτοῖς

146 433 313 468 προάγομαι,
328 430 383 460 οἷον
396 433 428 460 ἂν
442 433 518 466 εἴτις
531 435 612 461 πάθοι
626 435 757 470 γεωργὸς,
769 435 785 469 ἣ
801 436 830 462 ὲν
845 435 933 470 καιρῷ

147 478 277 514 θερισμοῦ
303 479 442 511 παντελῶς
463 480 516 506 τῶν
539 481 652 516 καρπῶν
672 480 867 512 ἀπολωλότων,
884 489 934 507 κα-

146 523 235 558 λάμην
249 524 311 550 τινὰ
331 524 391 550 ἀντὶ
404 524 568 559 δραγμάτων
584 525 679 560 εὐτελῆ
700 525 838 559 συλλέγειν
850 526 933 559 ἀναγ-

147 569 306 604 καζόμενος,
315 569 332 604 ἢ
341 570 370 595 ὲν
381 571 439 601 ταῖς
452 570 505 596 τῶν
517 571 630 605 καρπῶν
640 571 779 605 εὐφορίαις
791 570 934 597 ἐκπίπτειν

147 613 225 639 εἴωθε
237 613 291 640 τῶν
302 614 466 648 δραγμάτων
477 622 484 629 ·
495 614 511 649 ἦ
523 615 659 650 τρυγητοῦ
674 615 806 650 παρόντος
818 615 934 650 βότρυας

149 659 198 693 μὲν
215 659 264 693 οὐχ
289 659 434 694 εὑρίσκων,
448 660 623 694 ἐπιφυλλίδας
648 660 677 686 δέ
706 669 781 691 τινας
806 660 934 695 βραχείας

149 703 286 737 συλλέγων
296 712 303 719 ·
316 704 377 730 ἐπεὶ
392 704 438 730 καὶ
450 704 497 731 νῦν
522 705 568 731 τοῦ
585 705 692 740 καιροῦ,
710 706 778 740 μετὰ
799 707 934 741 τοσαύτην

983 208 1048 240 mia,
1066 215 1127 235 cum
1145 215 1200 235 non
1219 209 1254 235 sit
1271 208 1377 236 botrus.
1405 208 1544 236 Primitisz
1562 208 1706 236 comedere
1719 209 1768 236 dc-

982 253 1113 281 sideravit
1123 254 1213 279 anima
1227 260 1297 280 mea.
1311 262 1321 278 ι
1338 253 1376 280 En
1390 253 1455 280 mihi
1471 255 1564 288 lugere
1587 253 1675 286 subit,
1706 258 1766 281 tan-

983 302 1038 325 tam
1057 298 1150 333 populi
1175 298 1209 325 ad
1236 298 1338 324 malum
1365 299 1570 326 inclinationem
1593 298 1709 331 videnti,
1735 302 1766 325 ut.

983 343 1075 371 nullus
1092 343 1163 378 apud
1178 351 1225 370 eos
1238 342 1352 377 iustitiae
1369 343 1474 370 fruetus
1490 348 1630 378 appareat.
1648 344 1766 372 Perinde

984 387 1067 423 igitur
1078 396 1129 423 ego
1145 387 1235 420 patior
1250 391 1332 422 atque
1346 388 1476 422 agricola,
1494 388 1518 416 si
1530 390 1629 417 messis
1644 393 1766 424 tempore

983 439 1089 461 cunctae
1115 434 1153 460 illi
1182 433 1275 469 fruges
1302 433 1460 468 depereant,
1476 435 1612 469 vilemque
1636 436 1764 470 stipulam

984 479 1044 506 loco
1067 479 1267 514 manipulorum
1286 483 1400 513 cogatur
1416 479 1545 513 colligere
1561 489 1568 506 :
1587 479 1628 506 vel
1647 484 1720 507 certe
1738 480 1766 507 in

985 523 1122 550 fructuum
1137 523 1314 555 abundantia,
1336 523 1538 557 manipulorum
1558 524 1671 558 penuria
1689 524 1765 551 labo-

984 573 1024 596 ret
1042 578 1050 603 ;
1065 569 1108 596 vel
1130 569 1266 596 vindemia
1285 569 1417 601 instante,
1438 569 1533 596 botros
1545 569 1635 596 nullos
1657 577 1766 605 compe-

985 615 1047 647 riat,
1065 615 1112 642 sed
1132 615 1175 641 vix
1199 615 1293 642 breves
1309 615 1462 642 racemulos
1483 614 1604 649 colligat.
1622 614 1692 642 Sane
1715 615 1768 642 hoc

985 666 1116 695 tempore,
1133 665 1194 694 post
1219 663 1323 686 tantam
1341 667 1356 686 a
1376 659 1430 687 Deo
1445 659 1595 695 impensam
1619 667 1712 686 curam
1735 667 1768 687 ac

986 705 1170 738 sedulitatem,
1184 705 1342 732 necessario
1359 704 1468 731 demum
1485 705 1594 739 pietatis
1617 709 1699 739 atque
1711 705 1769 732 vir-

148 747 311 782 κηδέμονίαν
329 757 359 774 τε
385 749 432 775 καὶ
445 750 602 784 ἐπιμέλειαν
624 750 672 785 τὴν
697 750 772 786 παρὰ
798 752 844 777 τοῦ
867 751 934 778 Θεοῦ

990 751 1052 778 tutis
1067 750 1173 778 fructus
1188 754 1362 785 exspectans,
1387 757 1448 777 rara
1465 750 1537 785 apud
1556 751 1632 786 ipsos
1655 750 1768 777 omnino

148 792 336 827 γεγενημένην
353 792 393 824 είς
420 793 528 825 αὐτοὺς,
555 794 711 828 ἀναγκαίως
731 795 781 830 τῆς
802 804 832 821 τε
849 795 935 821 θεοσε-

990 797 1123 831 comperio
1137 796 1208 823 bona
1232 803 1335 830 opera;
1363 803 1425 823 nam
1441 803 1490 823 nec
1505 797 1639 830 primitias
1660 796 1767 831 aliquas

149 836 226 868 ὗείας
244 837 292 864 καὶ
315 838 364 872 τῆς
374 838 479 873 ,ἀρετῆς
495 840 557 871 τοὺς
584 841 706 875 καρποὺς
731 840 933 875 ἐπιζητοῦντος,

990 842 1058 877 apud
1070 849 1117 869 eos
1136 840 1228 868 videre
1249 845 1302 872 est,
1323 849 1480 876 quanquam
1499 841 1527 868 id
1554 841 1670 868 maxime
1692 846 1769 876 opta-

151 882 280 914 σπανίζον
305 883 334 908 ὲν
354 883 454 909 ἆπασιν
477 884 569 916 αὐτοῖς
596 885 735 917 παντελῶς
767 886 885 921 εὑρίσκω
904 886 935 912 τὸ

990 888 1058 915 bam.
1074 888 1179 914 Etenim
1197 887 1269 914 sicut
1282 895 1315 914 ex
1334 888 1448 914 maturis
1475 878 1609 914 fructibus
1635 886 1770 921 primitias

150 927 247 954 καλόν·
264 928 323 954 οὐδὲ
338 928 403 962 γοῦν
414 929 540 965 ἀπαρχήν
557 939 616 957 τινα
631 931 660 957 ὲν
682 932 774 963 αὐτοῖς
791 932 937 966 ἀναφαινο-

990 934 1106 961 solemus
1122 939 1240 965 sumere,
1255 932 1282 959 id
1298 935 1340 959 est
1357 932 1525 967 primitivos;
1542 932 1613 959 unde
1627 936 1653 958 et
1674 932 1770 960 beatus

153 973 236 1008 μένην
254 973 327 1000 ἔστιν
352 974 434 1001 ἰδεῖν·
454 975 585 1010 ἐπιθυμία
607 976 635 1002 δέ
663 986 707 1012 μοι
730 977 841 1014 πλείστη
871 979 937 1005 καθ-

990 979 1071 1006 David
1093 988 1100 1006 :
1118 987 1127 1003 (
1143 978 1175 1004 Et
1192 978 1418 1012 percussitomne
1429 978 1638 1012 primogenitum
1652 977 1679 1004 in
1696 981 1769 1005 terra

152 1017 251 1052 έστηκε
266 1019 343 1045 τουτὶ
355 1019 474 1046 τοιοῦτον
493 1020 556 1047 ἰδεῖν
568 1028 575 1035 ⁸
590 1021 683 1055 ἐπειδὴ
697 1021 751 1057 γὰρ
766 1023 798 1048 ἐκ
816 1022 865 1058 τῆς
881 1023 936 1050 τῶν

990 1022 1108 1058 (Egypti,
1132 1021 1268 1057 primitias
1282 1022 1373 1048 omnis
1389 1022 1488 1049 laboris
1514 1029 1608 1048 eorum
1629 1022 1655 1048 in
1678 1022 1770 1049 taber-

151 1063 266 1097 καρπῶν
286 1064 452 1100 τελειότητος
475 1065 609 1101 εἰώθαμεν
630 1067 757 1102 ἀπαρχὰς
777 1067 936 1103 λαμϐάνειν,

990 1068 1096 1095 naculis
1123 1067 1346 1099 Chami“;»hoc
1368 1067 1459 1094 dicere
1489 1067 1620 1102 propheta
1642 1068 1721 1094 vult:
1738 1066 1768 1094 In

151 1108 230 1135 τοῦτο
246 1109 274 1135 δέ
298 1110 355 1136 ἐστι
372 1111 418 1137 καὶ
434 1111 468 1138 τὰ
491 1112 665 1146 πρωτότοκα·
694 1113 753 1139 ὅθεν
773 1114 787 1139 ὸ
805 1115 937 1149 μακάριος

991 1121 1088 1148 magna
1105 1113 1258 1143 sterilitate.
1276 1112 1412 1147 cupiditas
1422 1120 1466 1139 me
1481 1113 1593 1140 incessit
1613 1112 1766 1140 inveniendi

152 1154 246 1180 Δαιιίδ⁸
261 1164 270 1180 ί
290 1156 345 1181 Καὶ
367 1156 486 1189 ἐπάταξε
512 1158 566 1184 πᾶν
591 1158 765 1193 πρωτότοκον
781 1159 810 1186 ὲν
831 1161 866 1194 γῇ
889 1160 938 1186 Δὶ-

991 1159 1094 1194 aliquid
1108 1159 1179 1193 apud
1203 1159 1278 1193 ipsos
1302 1157 1376 1192 quod
1393 1158 1577 1192 primitiarum
1591 1159 1652 1185 loco
1666 1162 1749 1186 esset.

152 1198 267 1232 γύπτου,
300 1201 426 1236 ἀπαρχὴν
445 1203 545 1234 παντὸς
557 1203 638 1229 πόνου
662 1203 751 1230 αὐτῶν
782 1205 812 1230 ὲν
834 1206 891 1236 τοῖς
910 1204 1070 1239 σκηνώμασι
1095 1204 1161 1238 Χάμ
1177 1203 1287 1229 ἰτοῦτο
1310 1203 1432 1237 βούλεται
1457 1204 1555 1235 εἰπεῖν,
1586 1203 1627 1230 ὃτι
1647 1202 1696 1230 Διά
1721 1203 1771 1239 τὴν

152 1244 304 1282 ὑπερϐολὴν
319 1247 368 1282 τῆς
386 1248 525 1283 ἀκαρπίας
541 1249 672 1285 ἐπιθυμία
693 1259 726 1285 με
749 1250 882 1285 κατέσχεν
903 1251 993 1286 εὑρεῖν
1013 1259 1039 1277 τι
1067 1251 1096 1277 ὲν
1115 1251 1214 1281 αὐτοῖς,
1237 1250 1363 1284 ἀπαρχῆς
1387 1249 1463 1282 τάξιν
1484 1249 1592 1284 ἐπέχειν
1612 1249 1769 1285 δυνάμενον.

188 1345 263 1381 Στίχ.
281 1346 347 1381 β’-δ’.
363 1362 398 1368 -
415 1347 452 1383 (ρ.
469 1349 531 1384 515)
553 1350 608 1376 Καὶ
627 1351 763 1386 ἐπιμένων
784 1352 840 1382 τοῖς
862 1351 938 1385 ὀδυρ-

1026 1349 1110 1376 Vens.
1123 1348 1159 1375 2-
1167 1349 1192 1376 4.
1203 1347 1279 1375 -Ει
1292 1348 1443 1383 ploratibus
1462 1348 1608 1376 insistens:
1619 1347 1678 1375 ινδ
1692 1349 1770 1382 mihi,

153 1393 230 1426 μοῖς·
250 1401 260 1417 ‹
277 1392 356 1427 Οῖμοι
368 1393 374 1419 l
385 1393 468 1428 ψυχὴ,
479 1395 519 1421 ὃτι
535 1395 673 1422 ἀπόλωλεν
689 1396 805 1431 εὐλαϐὴς
820 1396 874 1423 ἀπὸ
888 1396 938 1431 τῆς

991 1396 1091 1427 anima,
1100 1395 1163 1430 quia
1171 1395 1250 1429 periit
1259 1394 1319 1429 pius
1327 1394 1361 1422 de
1370 1399 1454 1424 terra.
1462 1398 1489 1421 et
1498 1394 1544 1428 qui
1555 1394 1697 1421 emendate
1710 1398 1773 1429 agat

151 1436 215 1470 γῆς,
232 1439 278 1464 καὶ
296 1438 436 1474 κατορθῶν
446 1440 475 1465 ὲν
489 1440 641 1475 ἀνθρώποις
657 1442 707 1476 οὐχ
722 1441 838 1477 ὑπάρχει
850 1450 858 1457 ”
874 1442 939 1468 πάν-

990 1440 1018 1466 in
1031 1440 1184 1467 hominibus
1196 1446 1249 1465 non
1258 1443 1317 1465 est:
1331 1446 1425 1465 omnes
1436 1438 1469 1465 de
1479 1439 1657 1473 sanguinibus
1668 1439 1773 1474 judicio

150 1490 198 1513 τες
213 1483 254 1514 είς
272 1483 376 1518 αἵματα
392 1484 556 1518 δικάζονται,
572 1486 685 1518 ἕκαστος
699 1486 744 1513 τὸν
762 1486 874 1521 πλησίον
891 1487 938 1513 αὒ-

991 1483 1174 1515 contendunt,
1197 1481 1276 1516 205
1301 1482 1489 1516 unusquisque
1511 1483 1664 1516 proximum
1691 1490 1772 1510 suum

152 1527 200 1554 τοῦ
215 1527 384 1555 ὲκθλίὸουσιν
405 1529 514 1566 ὲκθλισῇ
535 1539 542 1546 ·
558 1531 604 1557 ἐπὶ
629 1531 660 1557 τὸ
677 1532 761 1558 κακὸν
778 1531 827 1563 τὰς
843 1532 936 1567 χεῖρας

151 1573 244 1599 αὐτῶν
266 1574 454 1608 ἑτοιμάζουσιν
471 1584 477 1591 ·
491 1577 504 1602 ό
523 1576 614 1612 ἄρχων
639 1577 728 1609 αἰτεῖ,
744 1577 791 1603 καὶ
812 1578 826 1603 ό
841 1576 937 1611 κριτὴς

152 1617 308 1652 εἰρηνικοὺς
321 1617 416 1651 λόγους
432 1618 556 1654 ὲλάλησε,
570 1620 737 1655 καταθύμιον
752 1620 842 1656 ψυχῆς
856 1620 938 1647 αὑτοῦ

152 1663 224 1689 ἐστι.
247 1671 256 1688 ι
278 1660 341 1692 Πῶς
361 1663 414 1699 γὰρ
434 1664 464 1690 οὐ
490 1664 598 1699 θρηνεῖν
620 1664 713 1698 ἀξιον,
729 1666 770 1692 ὅτι
792 1665 874 1699 φόϐος
889 1666 938 1700 μὲν

153 1707 223 1734 θεοῦ
248 1710 311 1744 παρ’
326 1709 415 1741 αὐτοῖς
441 1709 578 1744 ούδαμοῦ;
594 1709 655 1737 ὅθεν
671 1710 730 1737 οὐδὲ
756 1710 829 1737 ἔστιν
850 1711 939 1746 εὑρεῖν

153 1753 199 1780 τὸν
216 1754 404 1789 ἐπιμελεῖσθαι
421 1754 468 1781 τοῦ
489 1756 674 1790 προσήκοντος
687 1755 830 1783 ἐθέλονταο
850 1756 940 1783 πάντα

153 1799 182 1825 δὲ
203 1800 294 1831 αὐτοῖς
309 1800 371 1835 περὶ
385 1801 472 1834 φόνων
486 1801 653 1836 γυμνάζεται
666 1801 699 1828 τὰ
711 1802 880 1837 ἐγκλήματα,
890 1803 940 1829 οὐκ

154 1844 328 1879 ἀνεχομένοις
347 1845 433 1880 μικρὰ
444 1845 560 1878 πταίειν,
577 1846 633 1872 ἀλλ’
644 1846 708 1881 ἄχρι
729 1846 816 1880 φόνων
827 1847 876 1877 τὰς
887 1847 941 1881 χεῖ-

157 1897 206 1924 ρας
219 1889 392 1915 ὲκτεινόντων
406 1889 456 1921 τὰς
476 1889 544 1920 ἰδίας
555 1898 562 1905 ·
576 1889 690 1921 ἕκαστός
705 1898 734 1916 τε
749 1890 837 1916 αὐτῶν
851 1889 889 1921 ὡς
906 1890 940 1916 ἂν

155 1933 205 1969 ἔχῃ
218 1934 357 1969 δυνάμεως
372 1935 479 1966 ὀδύναις
495 1936 542 1962 καὶ
555 1935 688 1968 ἀνάγκαις
703 1935 875 1970 περιϐάλλειν
893 1935 940 1961 τὸν

156 1979 240 2012 ἐγγυς
262 1979 365 2013 πένητα
388 1980 532 2015 πειρᾶται,
549 1979 799 2015 παρεσκευασμένοι
821 1988 851 2005 τε
875 1979 940 2015 περὶ

155 2023 206 2058 τὴν
219 2022 272 2049 τῶν
287 2024 380 2051 κακῶν
402 2025 471 2052 εἰσιν
486 2026 618 2060 ἐργασίαν
629 2034 636 2041 ·
654 2023 714 2052 εἶτα
731 2026 777 2052 ἐπὶ
800 2025 907 2056 τούτοις
925 2025 940 2051 ό

157 2070 208 2104 μὲν
220 2070 249 2096 ὲν
267 2070 306 2105 τῷ
320 2071 414 2106 ἄρχειν
439 2071 589 2104 καθεστὼς,
606 2071 715 2106 ἀμελῶν
725 2071 772 2097 τοῦ
790 2072 942 2107 προσήκον-

156 2123 203 2146 τος
226 2115 353 2150 χρήματα
372 2114 465 2150 ζητεῖ,
491 2116 540 2143 καὶ
564 2116 669 2148 τούτοις
689 2115 860 2152 διακρούεται
888 2116 941 2142 τῶν

992 1535 1118 1563 pressura
1129 1529 1235 1562 premit,
1248 1528 1280 1553 ad
1297 1528 1395 1554 malum
1408 1536 1504 1555 manus
1519 1535 1584 1555 suas
1599 1532 1686 1563 parat.
1694 1528 1772 1556 Prin-

990 1581 1054 1608 ceps
1067 1573 1165 1608 poscit,
1180 1572 1262 1606 judex
1277 1573 1390 1607 pacilica
1412 1574 1493 1600 verba
1516 1573 1646 1608 l0quitur,
1665 1574 1772 1602 deside-

990 1619 1060 1645 rium
1074 1617 1171 1644 anima:
1185 1617 1244 1651 ejus
1254 1622 1304 1644 est.
1318 1627 1326 1643 ι
1338 1616 1437 1650 Ωιιὶίηί
1464 1618 1544 1653 digne
1552 1618 1712 1653 plorandum
1723 1619 1771 1651 sit,

991 1662 1125 1698 siquidem
1145 1662 1236 1690 nullus
1253 1662 1300 1690 Dei
1323 1663 1404 1689 timor
1423 1663 1493 1698 apud
1511 1671 1557 1691 eos
1576 1672 1691 1698 usquam
1716 1665 1774 1692 est?

990 1716 1044 1744 quo
1057 1708 1097 1740 ﬁt,
1113 1712 1141 1735 ut
1153 1716 1232 1736 nemo
1249 1709 1294 1743 qui
1311 1708 1427 1736 oiIicium
1439 1710 1515 1744 sequi
1525 1710 1588 1737 velit
1602 1711 1770 1739 inveniatur.

990 1754 1094 1781 Cuncta
1108 1754 1205 1781 borum
1225 1754 1341 1781 crimina
1360 1755 1386 1781 in
1404 1754 1523 1783 cmdibus
1541 1761 1694 1789 versantur,
1706 1756 1772 1791 quia

990 1808 1044 1827 non
1057 1800 1194 1828 sustinent
1206 1799 1276 1827 levia
1296 1807 1420 1834 peccare,
1443 1800 1491 1827 sed
1504 1801 1536 1827 ad
1550 1800 1696 1828 homicidia
1717 1809 1774 1829 ma-

991 1853 1042 1873 nus
1054 1846 1199 1873 intendunt
1215 1855 1221 1872 2
1237 1846 1426 1880 unusquisque
1437 1853 1487 1881 pro
1497 1846 1614 1878 viribus,
1631 1847 1774 1875 doloribus

991 1890 1178 1924 angustiisqne
1194 1890 1334 1924 proximos
1347 1890 1397 1917 sibi
1412 1897 1545 1924 pauperes
1574 1891 1681 1918 irretire
1689 1899 1774 1919 cona-

991 1938 1046 1966 tur.
1064 1938 1091 1961 et
1108 1934 1141 1961 ad
1156 1934 1289 1969 patranda
1300 1934 1405 1962 scelera
1417 1935 1520 1962 alacres
1543 1939 1617 1962 sunt.
1637 1935 1773 1963 Prazterea

991 1980 1118 2014 princeps
1150 1979 1288 2013 aequitatis
1311 1979 1465 2010 immemor,
1499 1980 1643 2014 pecuniam
1673 1980 1772 2015 poscit,

991 2029 1072 2058 alque
1094 2024 1129 2050 ob
1147 2023 1217 2049 hanc
1229 2023 1384 2050 dissimulat
1403 2024 1575 2057 peccantium
1594 2023 1772 2059 iniquitates:

989 2069 1073 2104 judex
1087 2073 1189 2098 autem.
1206 2067 1309 2094 omissa
1321 2067 1392 2101 juris
1409 2067 1540 2100 dictione,
1558 2069 1667 2096 blandis
1687 2070 1776 2097 utitur

993 2113 1177 2145 sermonibus,
1193 2117 1221 2139 ul.
1234 2112 1277 2140 bis
1292 2113 1393 2147 injusta
1411 2113 1461 2148 sibi
1485 2113 1562 2141 lucra
1582 2114 1720 2148 conciliet,
1740 2115 1775 2142 ad

156 2160 367 2194 ἁμαρτανόντων
392 2161 440 2192 τὰς
456 2161 561 2193 ἀδικίας
577 2169 584 2176 ·
601 2162 616 2188 ό
629 2162 657 2188 δὲ
681 2162 728 2188 τοῦ
745 2162 848 2197 κρίνειν
869 2162 938 2197 εἱλη-

992 2166 1053 2194 quzn
1068 2158 1151 2185 animi
1174 2158 1366 2193 cogitationem
1390 2158 1523 2185 intentam
1545 2159 1637 2186 habet.
1654 2169 1664 2185 ι
1677 2158 1709 2187 Et
1726 2166 1776 2187 au-

157 2205 216 2239 φὼς
230 2205 279 2240 τὴν
297 2205 430 2238 ἐξουσίαν,
453 2207 532 2240 ἀφεὶς
555 2206 586 2232 τὸ
601 2206 704 2232 δίκαιον
720 2206 832 2242 ὁρίζειν,
857 2206 938 2241 θερα-

157 2252 295 2282 πευτικοῖς
303 2251 434 2286 κέχρηται
448 2251 566 2286 ῥήμασιν
578 2259 584 2266 ·
592 2251 630 2283 ὡς
642 2251 674 2278 ἂν
686 2251 730 2278 διὰ
741 2251 841 2278 τούτων
853 2252 942 2287 ἑαυτῴ

157 2296 361 2330 περιποιήσειεν
372 2295 452 2322 ἄδικα
465 2297 559 2333 κέρδη,
569 2297 637 2332 πρὸς
651 2297 668 2324 ἃ.
681 2297 713 2332 δὴ
725 2297 873 2332 τεταμένον
886 2297 942 2332 ἔχει

157 2341 204 2367 τὸν
214 2340 344 2375 λογισμὸν
358 2341 407 2376 τῆς
424 2341 524 2376 ψυχῆς.
548 2351 557 2366 α
575 2341 630 2368 Καὶ
648 2341 793 2376 ὲξελοῦμαι
807 2341 841 2367 τὰ
852 2341 943 2375 ἀγαθὰ

158 2385 261 2417 αὐτῶν,
277 2386 315 2417 ὡς
332 2385 380 2421 σὴς
389 2386 535 2420 ὲκτρώγων
545 2387 592 2413 καὶ
606 2386 719 2422 βαδίζων
733 2387 778 2413 ὲπὶ
791 2387 901 2417 κανόνος
915 2387 945 2412 ὲν

159 2431 278 2466 ἡμέραις
301 2432 415 2463 σκοπιᾶς
433 2440 490 2459 σου.
517 2442 526 2458 ι
543 2432 580 2467 (p.
597 2432 660 2467 5H)
684 2432 770 2468 ’Υπὲρ
790 2432 822 2468 δὴ
841 2432 946 2459 τούτων

159 2475 190 2502 ὲν
204 2475 330 2506 παντελεῖ
343 2483 372 2502 σε
394 2476 554 2511 καταστήσω
564 2477 619 2503 τῶν
635 2476 744 2511 ἀγαθῶν
759 2477 857 2512 ὲνδεία.
869 2477 947 2511 δίκην

161 2520 257 2556 σητδς,
273 2520 316 2547 διὰ
341 2523 395 2548 τῶν
411 2521 548 2556 πολεμίων
561 2522 614 2548 πᾶν
638 2521 775 2556 ἀφανίζων
795 2522 809 2547 ὃ
822 2530 849 2548 τι
866 2521 947 2548 καλόν

159 2567 235 2592 ἔστιν
254 2568 283 2593 ἐν
299 2566 340 2592 σοί
349 2575 356 2582 ⁸
370 2567 407 2597 ὼς
420 2567 473 2601 γὰρ
485 2567 496 2592 ἐ
512 2566 561 2602 σὴς
575 2567 604 2593 ιν
618 2567 709 2593 κανόνι
726 2566 804 2598 ξύλου
816 2565 944 2600 γεγονὼς,

159 2610 212 2645 ὀδῷ
228 2611 432 2646 βαδίζων,έι.παν
444 2612 509 2638 αὐτὸ
522 2611 658 2638 κατεσθίει
674 2612 722 2638 καὶ
735 2612 873 2638 ἀναλίσκει
886 2612 946 2642 ταῖς

159 2655 233 2682 κατὰ
251 2655 334 2690 μέρος
357 2656 530 2691 διαφθοραῖς,
544 2656 617 2683 οὕτω
631 2656 702 2683 κατὰ
724 2656 820 2692 μικρὸν
839 2656 946 2683 ᾶπαντα

161 2700 239 2735 δμίὖν
254 2700 348 2734 ἀφελῶ
356 2700 390 2726 τὰ
410 2701 499 2735 ἀγαθά
510 2710 516 2717 ·
533 2702 603 2729 κατά
617 2702 661 2729 τὸν
680 2702 773 2732 καιρὸν
792 2702 820 2729 ὲν
834 2698 856 2735 ᾧ
874 2701 906 2736 δὴ
915 2701 946 2727 τὸ

192 2787 219 2804 ⁶⁴
228 2786 303 2815 Psal.
320 2794 376 2820 LIV,
386 2788 429 2815 56.

994 2204 1080 2231 feram
1099 2203 1169 2230 bona
1186 2210 1291 2236 eorum,
1318 2203 1395 2238 quasi
1416 2203 1489 2230 tinea
1501 2203 1658 2237 comedens,
1677 2208 1705 2231 et
1721 2212 1777 2232 am-

996 2250 1092 2277 bulans
1107 2256 1188 2284 super
1204 2248 1325 2283 regulam
1350 2249 1378 2275 in
1393 2249 1437 2276 die
1461 2249 1656 2283 speculationis
1678 2257 1743 2277 suae.
1765 2259 1774 2277 ι

996 2295 1036 2323 0b
1045 2295 1102 2322 haec
1114 2295 1140 2321 in
1156 2294 1280 2322 absoluta
1296 2298 1322 2321 te
1329 2294 1493 2321 constituam
1505 2294 1638 2321 bonorum
1647 2299 1776 2330 egestate,

997 2348 1073 2368 more
1089 2341 1176 2372 tineae,
1199 2339 1318 2366 hostium
1344 2346 1426 2366 manu
1442 2339 1574 2374 quidquid
1593 2344 1635 2367 est
1655 2341 1726 2375 apud
1751 2345 1779 2368 te

994 2386 1154 2421 praeclarum
1169 2385 1324 2412 destruens.
1336 2383 1403 2411 Nam
1419 2385 1490 2412 sicut
1511 2385 1584 2412 tinea
1600 2385 1628 2412 in
1643 2385 1708 2421 ligni
1722 2390 1778 2413 tra-

994 2432 1092 2460 becula
1116 2431 1266 2464 exsistens,
1289 2431 1332 2457 via
1347 2430 1476 2465 gradiens
1492 2435 1576 2458 totam
1606 2431 1680 2458 illam
1700 2436 1779 2460 vorat

996 2480 1078 2511 atque
1118 2475 1267 2507 consumit,
1300 2475 1485 2510 particulatim
1514 2483 1704 2512 corrumpens,
1738 2479 1780 2506 sic

997 2528 1048 2555 ego
1074 2521 1204 2555 paulatim
1234 2521 1305 2548 bona
1336 2525 1424 2548 vestra
1451 2521 1589 2554 auferam;
1619 2526 1646 2549 et
1673 2527 1779 2557 postea,

999 2567 1147 2594 secundum
1166 2570 1274 2600 tempus
1290 2574 1345 2600 quo
1371 2567 1585 2601 magnitudinem
1607 2573 1780 2603 peccatorum

999 2615 1151 2638 vestrorum
1172 2611 1328 2645 speculatus
1345 2609 1433 2643 fuero,
1452 2618 1602 2647 congruum
1620 2611 1700 2641 factis
1716 2621 1782 2648 sup-

998 2655 1110 2691 plicium
1127 2654 1252 2682 inferam.
1274 2664 1283 2680 ‹
1295 2654 1358 2682 Vae!
1375 2663 1414 2682 va:
1427 2657 1433 2682 l
1444 2649 1623 2685 ultioncstuaa
1638 2662 1781 2690 venerunt;

999 2708 1072 2729 nunc
1089 2703 1169 2728 erunt
1186 2699 1263 2728 ﬂetus
1285 2707 1391 2728 eorum.
1403 2710 1413 2726 ι
1432 2700 1511 2729 Venit
1528 2702 1596 2737 dies,
1611 2710 1666 2738 quo
1675 2707 1703 2730 tu
1717 2710 1780 2738 peo-
