1969 3069
220 101 271 128 59!

805 90 983 119 THEODORI
1008 90 1251 119 MOPSUESTENI

1799 88 1855 116 392

223 163 347 186 catorum
364 163 460 191 pmnas
477 154 540 187 des;
569 160 687 188 quarunt
707 159 791 179 causa
810 157 885 178 nunc
906 154 932 177 te
949 149 1014 177 ﬂere

1068 148 1179 183 μέγεθος
1198 147 1402 182 περισκοπήσας
1412 145 1465 173 τῶν
1478 145 1684 182 ἁμαρτημάτων
1700 145 1855 181 ὑμετέρων,

224 203 314 234 decet,
345 201 410 236 quia
425 207 457 227 ex
475 198 566 226 inlatis
593 197 673 223 malis
702 195 788 223 scutis
807 197 940 229 quantum
964 193 1012 220 tibi

222 247 350 275 nocueris
366 250 412 273 tuo
428 245 455 271 in
477 244 572 271 vilium
590 243 677 277 lapsu.

1065 194 1195 227 ἀνάλογον
1224 193 1316 225 ἐπάξω
1338 194 1394 224 τοῖς
1416 193 1612 228 πραττομένοις
1630 191 1680 226 τὴν
1704 191 1852 226 τιμωρίαν.

1069 249 1077 264 ι
1090 240 1170 271 Uini,
1180 238 1252 271 οὐαί,
1264 239 1416 274 ὲκδικήσεις
1425 246 1471 264 σου
1482 238 1565 274 ἧκασι
1574 246 1581 253 ο
1589 237 1635 264 νῦν
1653 237 1757 264 ἔσονται
1771 237 1855 264 κλαυ-

225 293 287 328 θμοὶ
304 291 404 319 αὐτῶν.
424 300 432 316 ι
457 289 644 324 Παραγέγονεν
668 288 684 322 ὴ
709 285 799 321 ἡμέρα
818 284 865 311 τοῦ
889 283 980 311 δοῦναί
998 292 1027 310 σε
1038 284 1116 320 δίκην
1136 284 1189 311 τῶν
1205 284 1457 320 πλημμελημάτων,
1485 284 1554 318 ὑπὲρ
1573 280 1610 309 ὧν
1623 283 1658 317 δὴ
1667 282 1713 308 νῦν
1728 291 1756 308 σε
1773 291 1855 318 προσ-

223 339 275 373 ῆκε
301 336 436 371 δακρῦσαι
464 335 507 361 διὰ
524 333 578 360 τῶν
605 331 783 367 ἐπαγομένων
814 330 907 357 κακῶν
935 329 1138 365 αἰσθανόμενον,
1164 331 1263 357 ὁπόσον
1282 330 1425 365 ἐλυμαίνου
1451 329 1541 364 σαυτῷ
1563 330 1596 364 τῇ
1623 328 1686 364 περὶ
1705 328 1735 355 τὸ
1763 329 1853 363 χεῖρον

225 384 305 418 ῥοπῇ.

261 472 344 499 Vens.
364 471 424 497 5-7.
445 485 476 490 -
497 469 530 496 Et
546 469 702 496 futurorum
721 468 854 496 malorum
878 468 1012 502 ninguitu-

226 517 316 545 dinem
328 518 547 546 demonstransu
560 514 648 542 Nolite
658 513 780 546 credere,
790 513 888 548 inquit,
900 513 1011 545 amicis;

226 569 315 596 neque
335 561 450 594 speretis
475 567 490 586 a
507 559 624 587 ducibus
641 568 647 585 :
665 559 701 591 ei,
728 566 789 593 quae
809 563 898 586 tecum
920 558 1013 588 cubat,

226 615 293 634 cave
314 606 462 640 quidquam
480 605 645 632 concredere
661 613 667 631 :
686 605 751 640 quia
773 603 846 631 ﬁlius
873 608 1016 631 contume-

227 652 290 679 liam
308 651 372 678 facit
389 651 470 686 patri,
493 655 519 678 et
534 651 589 678 ﬁlia
604 650 746 685 consurgit
755 650 887 676 adversus
904 653 1018 675 matrem

228 704 316 727 suam,
331 696 507 731 [ιω-μεως
518 695 650 723 adversus
663 702 771 722 socrum
785 693 1018 725 suam;etinimici

228 741 359 773 hominis.
374 742 466 768 cuncti
480 741 625 768 domestici
640 741 713 775 ejus.
726 749 736 766 ι
756 739 841 767 Nemo
853 742 920 766 tunc
938 738 1018 765 alteri

224 785 414 817 auxiliabitur,
448 793 501 812 non
533 785 638 813 amicus
664 785 764 818 amico,
805 792 860 812 non
888 783 1017 819 princeps

1098 466 1172 501 Στίχ.
1186 464 1253 497 ε’·ξ.
1271 481 1306 486 -
1320 464 1375 491 Καὶ
1389 464 1495 496 δεικνὺς
1509 463 1562 489 τῶν
1577 463 1796 498 ἐπελευσομένων
1807 463 1854 490 αὑ.

1064 513 1121 542 τοῖς
1134 510 1226 537 κακῶν
1244 511 1273 537 τὸ
1292 510 1413 545 μέγεθος,
1435 519 1444 534 ι
1463 509 1508 544 Μὴ
1525 508 1738 536 καταπιστεὺετε
1759 509 1788 535 ἐν
1807 509 1854 543 φί-

1066 557 1132 588 λοις,
1152 556 1189 592 μὴ
1205 556 1233 582 δὲ
1248 555 1371 587 ἐλπίζετε
1390 555 1437 581 ἐπὶ
1463 555 1642 589 ἡγουμένοις·
1655 555 1709 581 ἀπὸ
1724 554 1772 589 τῆς
1789 562 1854 588 συγ-

1068 602 1157 629 κοίτου
1184 610 1231 628 σου
1258 600 1372 636 φύλαξαι
1395 599 1441 626 τοῦ
1467 599 1612 626 ἀναθέσθαι
1639 609 1664 626 τι
1689 600 1853 634 αὐτῇ-διότι

1067 647 1124 678 υἱὸς
1136 646 1263 681 ἀτιμάζει
1280 644 1525 681 πατέρα,θυγάτηρ
1541 644 1726 679 ἐπανέστηκεν
1745 643 1790 669 ἐπὶ
1803 643 1854 678 τὴν

1069 692 1173 728 μητέρα
1199 691 1303 726 αὐτῆς,
1320 691 1413 726 νύμφη
1440 690 1486 716 ἐπὶ
1514 690 1564 724 τὴν
1591 688 1724 724 πενθερὰν
1748 688 1852 722 αὑτῆς⁶

1066 738 1160 773 ἐχθροὶ
1172 737 1267 772 ἀνδρὸς
1282 737 1382 768 πάντες
1392 738 1416 763 oi
1430 736 1524 772 ἄνδρες
1536 737 1560 762 oi
1574 737 1602 762 ἐν
1617 735 1655 770 τῷ
1667 735 1732 770 οἴκῳ
1743 735 1831 762 αὐτοῦ.
1842 744 1851 760 ι

1067 783 1132 810 Οὐδὲ
1148 783 1195 818 μία
1207 783 1250 818 δὴ,
1267 783 1362 818 φησὶν,
1383 782 1470 809 οὐδενὶ
1489 782 1553 818 παρ’
1571 782 1678 813 οὐδενὸς
1696 781 1772 808 ἔσται
1793 781 1853 807 τότε

227 831 349 862 subdito.
363 839 418 858 non
435 831 477 858 vir
492 831 582 863 uxori,
605 839 660 858 non
680 831 736 858 ﬁlio
756 834 845 866 paler,
862 838 915 856 non
934 831 1014 857 tiuatri

1068 831 1083 864 ἡ
1099 829 1210 864 βοήθεια
1222 836 1228 842 “
1242 829 1272 854 οὺ
1285 829 1354 864 φίλῳ
1368 828 1444 863 παρὰ
1459 828 1548 862 φίλου,
1559 829 1609 855 οὐκ
1621 827 1763 863 ἀρχομένῳ
1780 827 1854 862 παρὰ

228 875 292 907 ﬁlia,
303 883 356 902 non
369 875 449 902 nurui
467 883 563 903 socrus
579 883 585 902 :
599 883 661 903 nam
675 875 840 902 calamitatis
854 874 1014 910 magnitudo

227 922 260 949 de
276 930 327 949 sua
343 912 485 956 quemque
511 921 599 949 salute
628 921 739 948 anxium
762 928 824 948 esse
842 927 953 955 cogens,
967 928 1015 947 nc—

223 967 348 994 .cessario
365 970 481 994 cunctos
492 966 637 993 inimicitia
657 965 728 992 inter
743 972 772 993 se
789 966 948 999 committit,
966 972 1016 992 ne-

227 1013 301 1040 mine
323 1013 356 1040 de
383 1012 496 1039 alterius
521 1012 637 1039 utilitate
663 1011 811 1046 cogitante,
837 1012 903 1039 dum
929 1019 1016 1038 unus-

224 1058 342 1093 quisque
357 1058 467 1092 plurimi
484 1057 549 1084 facit
567 1057 682 1084 salutem
697 1064 785 1084 suam.
799 1056 901 1084 Deinde
917 1064 1015 1084 rursus

225 1107 286 1138 post
296 1110 477 1130 aerumnarum
501 1102 717 1137 prasdictionem,
749 1109 825 1130 more
850 1102 932 1129 solito
948 1109 1015 1128 con-

227 1149 377 1175 versionem
391 1148 418 1175 in
432 1148 529 1174 melius
540 1147 680 1180 nuntians,
696 1156 704 1172 ι
724 1147 779 1182 Ego
797 1151 898 1179 autem,
915 1147 1013 1181 inquit,

225 1194 259 1221 ad
276 1193 419 1220 Dominum
437 1193 580 1228 aspiciam,
607 1193 773 1227 exspectabo
797 1191 880 1219 Deum
898 1192 1016 1218 salvato-

226 1246 282 1265 rem
298 1246 386 1264 meum
404 1246 410 1264 :
427 1238 519 1264 audiet
536 1245 580 1264 me
597 1237 671 1264 Deus
686 1245 774 1264 meus.
789 1246 798 1262 ι
818 1236 871 1263 Sed
891 1235 1015 1271 quamvis

226 1284 295 1310 tales
309 1288 445 1317 tantaeque
462 1283 516 1310 sint
536 1283 718 1314 calamitates,
740 1283 773 1309 de
793 1282 838 1309 Dei
863 1281 1015 1316 patrocinio

226 1336 281 1355 non
302 1328 472 1362 desperabo:
490 1333 648 1355 constanter
675 1327 709 1354 ad
736 1327 826 1360 ipsum
858 1327 1014 1360 respicmm,

225 1373 341 1400 salutem
366 1372 430 1399 inde
453 1377 628 1406 exspectans,
655 1379 737 1407 quam
753 1371 835 1399 etiam
858 1371 926 1398 mihi
955 1371 1016 1398 sine

226 1418 311 1445 dubio
329 1417 559 1452 praabebit;eum,
580 1418 627 1452 qui
648 1417 675 1444 in
693 1416 850 1452 liujusmodi
876 1417 1016 1443 calamita-

226 1463 300 1489 tibus
315 1463 381 1496 petit
398 1463 542 1495 auxilium,
555 1463 717 1490 exaudiens.

207 1529 211 1531 .
226 1509 306 1536 αὑτοῦ
324 1510 372 1545 τὴν
397 1510 531 1545 σωτηρίαν
552 1510 708 1545 ἀναμένων·
724 1510 757 1546 ἢν
773 1511 820 1537 καὶ¹
831 1509 944 1546 παρέξει
970 1517 1015 1544 μοι

225 1555 275 1592 τὴν
288 1555 412 1591 βοήθειαν
425 1554 555 1586 ἀκούσας.

260 1630 346 1659 Vnus.
367 1631 446 1659 8-H.
465 1647 501 1653 —
523 1631 583 1659 «Ne
603 1632 715 1664 laeteris,
731 1631 843 1660 inimica
852 1641 1017 1669 mea.super

226 1685 279 1709 me,
296 1678 358 1712 quia
373 1685 395 1705 SI
412 1679 509 1711 cecidi,
541 1686 708 1714 consurgam
728 1689 734 1706 :
751 1680 774 1706 si
790 1680 968 1707 ambulavero
990 1689 1017 1707 ιιι

227 1723 358 1754 tenebris,
387 1723 518 1753 Dominus
542 1725 708 1753 illuminabit
731 1733 783 1753 me.
801 1735 810 1751 ι
830 1726 934 1753 Licebit
951 1726 1016 1753 milii

227 1768 375 1802 aliquando
388 1769 421 1795 ad
439 1769 565 1797 inimicos
575 1778 660 1803 meos,
686 1771 878 1806 praecipueque
891 1773 924 1799 ad
953 1772 1017 1799 ldu-

229 1821 311 1841 mmos
329 1814 442 1842 dicere:
459 1814 564 1842 Vanum
582 1820 624 1843 est
646 1817 679 1843 de
702 1817 779 1850 lapsu
802 1824 864 1844 meo
889 1825 938 1845 vos
968 1818 1017 1845 lae-

229 1859 281 1886 tari
299 1869 305 1886 :
322 1867 432 1895 surgam
448 1860 481 1887 de
496 1868 572 1893 casu,
592 1861 645 1889 Deo
663 1861 810 1896 adjuvante
830 1872 837 1889 :
861 1863 913 1891 etsi
937 1864 1018 1898 quasi

229 1912 277 1940 per
294 1904 398 1932 medias
425 1906 553 1933 tenebras
577 1906 604 1933 in
623 1907 702 1934 malis
726 1908 846 1942 gradiar,
872 1908 931 1936 luce
949 1909 1015 1936 milii

228 1950 399 1984 Splendidius
415 1951 554 1987 aﬁ'ulgebit
568 1952 615 1979 Dei
627 1953 771 1980 auxilium.
791 1963 799 1978 ι
812 1953 880 1980 iram
896 1953 942 1981 Dei
955 1961 1019 1989 por-

227 1996 301 2027 tabo,
322 1997 453 2031 quoniam
478 1998 590 2033 peccavi
608 1998 644 2030 ei,
681 1999 769 2026 donec
789 2007 903 2027 causam
930 2008 1017 2028 meam

226 2042 342 2076 judicet,
354 2047 380 2069 et
394 2048 504 2077 peragat
521 2043 656 2078 judicium
683 2052 785 2072 meum.
806 2045 908 2073 Educet
926 2054 969 2073 me
990 2046 1018 2073 in

229 2087 328 2118 lucem,
351 2088 448 2115 videbo
470 2088 605 2122 justitiam
620 2090 691 2124 ejus.
708 2100 718 2116 ι
743 2090 812 2117 Iram
832 2091 902 2126 ejus,
921 2096 947 2118 et
961 2100 1018 2118 mo-

229 2133 323 2160 lestias
347 2133 410 2161 inde
434 2139 578 2162 manantes
607 2139 719 2171 propter
750 2141 862 2171 peccata
890 2143 1018 2172 expertus

230 2185 301 2204 sum.
311 2178 448 2206 Concedet
465 2184 556 2207 tamen
574 2181 640 2207 milii
650 2182 860 2210 conversionem
870 2183 896 2210 in
909 2184 1017 2216 melius,

230 2223 287 2257 ipse
302 2223 365 2250 milii
380 2224 426 2258 jus
437 2225 553 2252 reddens
571 2225 605 2252 de
619 2226 651 2253 iis
669 2235 729 2261 quae
746 2235 761 2254 a
778 2229 887 2256 cunctis
899 2229 1018 2257 inimicis

230 2268 298 2294 meis
310 2269 408 2302 pertuli
428 2270 532 2304 inique,
548 2270 670 2306 mihique
694 2272 766 2306 quod
782 2280 888 2307 mquum
910 2278 951 2300 est
968 2273 1017 2300 ad-

226 2311 361 2346 judicabit
379 2322 386 2340 :
406 2321 503 2348 meque
531 2314 600 2342 adeo
627 2316 654 2342 in
684 2317 855 2350 propriorum
884 2317 1016 2344 bonorum

1065 874 1205 909 ἄρχοντος,
1222 873 1260 908 (p.
1283 873 1346 908 515)
1366 873 1416 899 οὐκ
1446 873 1523 908 ἀνδρὶ
1550 871 1626 908 παρὰ
1648 873 1787 906 γυναικὸς,
1805 872 1854 906 οὐχ

1065 919 1116 954 υίῷ
1127 919 1201 954 παρὰ
1219 919 1329 954 πατρὸς,
1338 919 1368 945 οὐ
1382 919 1465 954 μητρὶ
1481 919 1556 954 παρὰ
1568 917 1747 954 θυγατρὸς,οὑ
1760 918 1855 953 νύμφῃ

1065 965 1142 1000 παρὰ
1156 964 1305 999 πενθερᾶς·
1320 965 1337 999 ἠ
1359 964 1414 999 γὰρ
1440 964 1579 999 ὑπερϐολὴ
1605 963 1652 990 τοῦ
1677 964 1763 991 κακοῦ
1790 964 1855 999 περὶ

1064 1010 1115 1045 τῆς
1135 1010 1203 1042 ἰδίας
1228 1010 1342 1036 ἕκαστον
1358 1010 1548 1044 ἀναγκάζουσα
1570 1011 1690 1045 ἀγωνιᾷν
1705 1009 1853 1045 σωτηρίας,

1065 1056 1221 1090 ἀναγκαίως
1239 1055 1341 1087 πάντας
1370 1056 1483 1091 ἐχθροὺς
1508 1055 1631 1091 ἀλλήλων
1655 1055 1853 1086 ἀποδείκνυσιν,

1065 1102 1172 1133 οὐδενὸς
1193 1102 1223 1128 τὸ
1247 1102 1285 1137 τῷ
1313 1102 1397 1133 πέλας
1411 1102 1546 1137 χρήσιμον
1563 1103 1674 1128 σκοπεῖν
1695 1101 1854 1136 δυναμένου,

1065 1147 1110 1174 διὰ
1127 1147 1157 1174 τὸ
1175 1147 1302 1182 μέγιστον
1318 1147 1457 1182 ἡγεῖσθαι,
1473 1148 1498 1173 εἰ
1522 1147 1610 1182 ἑαυτῷ
1628 1156 1687 1173 τινα
1713 1147 1856 1183 περιποιή-

1068 1201 1139 1219 σειεν
1161 1193 1307 1227 σωτηρίαν.
1321 1190 1387 1219 Εἶτα
1414 1193 1483 1228 μετὰ
1499 1193 1547 1228 τὴν
1561 1193 1615 1219 τῶν
1631 1192 1724 1219 κακῶν
1740 1193 1856 1228 μήνυσιν

1066 1238 1310 1273 εὐαγγελιζόμενος
1327 1238 1408 1264 πάλιν
1428 1238 1549 1273 συνήθως
1564 1238 1613 1273 τὴν
1628 1238 1675 1264 ἐπὶ
1688 1238 1719 1264 τὺ
1733 1239 1856 1273 κρεῖττον

1068 1281 1217 1316 μεταϐολήν
1226 1290 1233 1296 ·
1246 1291 1255 1306 ι
1273 1281 1343 1314 Ἐγὼ
1358 1281 1386 1308 δέ
1398 1282 1426 1308 ἐν
1440 1281 1478 1316 τῷ
1489 1281 1584 1316 Κυρίῳ
1596 1281 1786 1315 ἐπιϐλέψομαι,
1795 1282 1856 1307 ἐπι-

1067 1325 1140 1360 μενῶ
1154 1326 1199 1352 ἐπὶ
1214 1325 1252 1361 τῷ
1265 1325 1325 1361 Θεῷ
1337 1325 1376 1360 τῷ
1390 1326 1491 1361 σωτῆρί
1502 1335 1552 1361 μου
1562 1333 1569 1342 '
1580 1325 1761 1353 ἐπακούσεταί
1779 1334 1830 1360 μου
1841 1325 1856 1352 ὁ

1066 1369 1132 1400 Θεός
1147 1378 1208 1404 μου.
1226 1378 1236 1396 ι
1259 1369 1340 1396 Ἀλλὰ
1359 1370 1412 1405 γὰρ
1427 1369 1474 1396 καὶ
1491 1369 1625 1396 τοσούτων
1641 1369 1725 1397 ὄντων
1744 1370 1790 1396 καὶ
1807 1377 1856 1403 τη-

1066 1414 1198 1440 λικούτων
1220 1414 1274 1440 τῶν
1299 1415 1403 1447 κακῶν,
1431 1416 1481 1441 οὐκ
1501 1414 1695 1450 ἀπογνώσομαι
1723 1414 1770 1441 τοῦ
1787 1414 1854 1441 Θεοῦ

1066 1460 1116 1495 τὴν
1131 1460 1293 1494 κηδεμονίαν
1306 1469 1312 1476 ·
1325 1460 1397 1495 μενῶ
1409 1460 1437 1487 δὲ
1452 1461 1520 1495 πρὸς
1535 1460 1616 1487 αὑτὸν
1632 1459 1714 1496 ὁρῶν,
1728 1460 1775 1486 καὶ
1790 1465 1855 1495 παρ’

1043 1507 1150 1538 πάντως
1163 1507 1193 1534 ἐν
1208 1508 1269 1538 ταῖς
1289 1507 1423 1541 ἀνάγκαις
1446 1507 1574 1539 ἐκείναις,
1604 1506 1742 1538 αἰτοῦντος
1775 1505 1857 1533 αὑτοῦ

1032 1586 1055 1615 C

1104 1638 1177 1673 Στίχ.
1197 1638 1282 1673 ἠ’-ια’.
1294 1646 1347 1663 -ι
1362 1638 1408 1674 Μὴ
1424 1639 1551 1674 ὲπίχαιρέ
1577 1648 1633 1675 μοι,
1653 1640 1668 1676 ἡ
1687 1640 1773 1676 ἐχθρά
1793 1648 1855 1675 μου,

1067 1685 1108 1712 ὃτι
1124 1685 1256 1711 πέπτωκα
1267 1685 1314 1711 καὶ
1325 1684 1512 1719 ἀναστήσομαι
1523 1694 1529 1700 ·
1546 1685 1612 1712 διότι
1632 1686 1679 1712 ἐὰν
1692 1686 1738 1712 καὶ
1759 1695 1856 1721 πορευ-

1068 1730 1106 1756 θῶ
1120 1731 1149 1756 ἐν
1162 1731 1200 1765 τῷ
1217 1730 1318 1763 σκότει,
1330 1730 1431 1766 Κύριος
1447 1732 1543 1765 φωτιεί
1562 1740 1620 1766 μοι.
1640 1741 1649 1757 ι
1677 1732 1799 1764 Ἐξέσται
1823 1733 1854 1768 δή

1071 1783 1116 1810 μοι
1131 1775 1191 1801 τότε
1207 1776 1254 1801 καὶ
1269 1776 1338 1810 πρὸς
1353 1777 1416 1807 τοὺς
1433 1776 1527 1811 ἐμοὺς,
1545 1777 1593 1803 καὶ
1610 1777 1727 1811 μάλιστά
1742 1785 1773 1810 γε
1793 1778 1858 1804 πάν-

1068 1828 1121 1845 των
1132 1819 1198 1854 πρὸς
1210 1820 1273 1851 τοὺς
1293 1819 1459 1854 Ἰδουμαίους
1469 1820 1570 1853 λέγειν,
1589 1821 1626 1853 ὡς
1649 1822 1777 1857 Περιττὺν
1794 1823 1857 1857 ὑμῖν

1067 1865 1097 1891 τὸ
1113 1865 1260 1900 ἐφήδεσθαι
1283 1874 1328 1900 μοι
1359 1866 1478 1902 πεσούσῃ
1500 1875 1506 1881 ·
1521 1868 1709 1903 ἁναστήσομαι
1732 1869 1785 1904 γὰρ
1810 1868 1856 1895 τοῦ

1068 1911 1216 1946 πτώματος
1227 1912 1260 1946 τῇ
1276 1913 1345 1947 ῥοπῇ
1364 1913 1397 1947 τῇ
1414 1911 1473 1948 θείᾳ
1489 1921 1495 1927 ·
1508 1912 1579 1939 ὥστε
1598 1914 1622 1940 εί
1637 1914 1683 1940 καὶ
1704 1914 1781 1950 δίκην
1795 1915 1858 1942 σκό-

1068 1964 1130 1987 τους
1152 1957 1180 1982 ὲν
1199 1956 1273 1991 μέσῳ
1295 1957 1465 1992 πεπόρευμαι
1491 1957 1545 1985 τῶν
1562 1958 1666 1989 κακῶν,
1680 1959 1747 1986 ἀλλὰ
1770 1961 1858 1995 φωτός

1071 2010 1116 2036 μοι
1128 2002 1305 2037 λαμπροτέρα
1316 2003 1458 2038 γενήσεται
1474 2003 1520 2029 τοῦ
1532 2003 1597 2030 Θεοῦ
1609 2005 1624 2040 ἡ
1638 2004 1759 2039 βοήθεια.
1770 2014 1778 2030 ι
1798 2005 1856 2040 ‘Up-

1069 2047 1121 2082 γὴν
1146 2046 1247 2082 Κυρίου
1272 2048 1386 2078 ὑποίσω,
1410 2048 1447 2083 (p.
1473 2048 1536 2081 516)
1558 2049 1598 2075 ὅτι
1624 2049 1745 2084 ἥμαρτον
1772 2050 1855 2084 αὐτῷ,

1069 2093 1121 2124 ἕως
1132 2092 1265 2130 δικαιώσῃ
1280 2093 1328 2128 τὴν
1342 2093 1420 2127 δίκην
1443 2103 1493 2128 μου
1503 2114 1510 2126 ,
1528 2095 1575 2121 καὶ
1594 2095 1696 2130 ποιήσῃ
1719 2095 1749 2121 τὸ
1765 2096 1858 2131 ,κρῖμα

1071 2145 1138 2172 μον·
1156 2139 1202 2164 καὶ
1228 2137 1316 2171 ἐξάξει
1332 2146 1365 2173 με
1387 2139 1427 2170 εἰς
1440 2139 1469 2165 τὸ
1487 2138 1555 2173 φῶς,
1573 2140 1620 2166 καὶ
1644 2140 1743 2176 ὄψομαι
1759 2141 1808 2176 τὴν
1818 2141 1858 2167 δι-

1069 2183 1215 2217 καιοσύνην
1242 2183 1335 2210 αὐτοῦ.
1359 2193 1368 2209 ι
1392 2184 1448 2219 Τῆς
1469 2185 1518 2219 μέν
1534 2184 1587 2220 γὰρ
1600 2184 1687 2220 ὀργῆς
1711 2186 1792 2213 αὑτοῦ
1809 2188 1856 2214 καί

1069 2228 1124 2254 τῶν
1150 2228 1276 2254 ἐντεῦθεν
1296 2228 1425 2265 λυπηρῶν
1441 2229 1479 2260 ὡς
1504 2230 1672 2266 ἡμαρτηκὼς
1689 2231 1854 2267 ἐπειράθην·

1071 2273 1184 2308 παρέξει
1201 2273 1229 2299 δέ
1245 2282 1290 2308 μοι
1304 2274 1353 2309 τὴν
1367 2275 1413 2300 ἐπὶ
1434 2274 1464 2301 τὸ
1489 2277 1609 2310 κρεῖττον
1630 2276 1791 2312 μεταϐολὴν,
1807 2278 1857 2303 αὺ-

1069 2317 1115 2348 τός
1134 2325 1178 2352 μοι
1190 2317 1303 2349 δικάσας
1317 2318 1385 2353 ὑπὲρ
1400 2315 1437 2344 ὧν
1456 2318 1577 2345 πέπονθα
1591 2319 1666 2354 παρὰ
1681 2320 1788 2347 πάντων
1801 2321 1856 2348 τῶν

230 2357 373 2390 splendore
386 2358 542 2392 collocahit,
567 2364 596 2386 ut
614 2360 757 2388 manifesla
778 2366 859 2395 atque
873 2362 953 2396 207
975 2362 1016 2388 ἰιι-

1070 2361 1265 2397 ἐχθραινδντων
1290 2363 1400 2395 ἀδίκως,
1415 2365 1462 2390 καὶ
1483 2364 1514 2399 δὴ
1534 2365 1581 2391 καὶ
1605 2366 1755 2400 ἀπονείμας
1771 2367 1856 2401 μοιτὺ

229 2402 311 2429 dubia
327 2404 510 2437 appareatDei
527 2405 665 2437 voluntas,
682 2414 736 2440 qua
755 2406 872 2440 dejuris
890 2407 1019 2442 aequitate

231 2448 378 2479 sollicitus,
395 2449 429 2476 ab
448 2449 670 2478 incumbentibus
695 2452 775 2478 malis
797 2459 840 2479 uie
856 2453 1019 2485 sublevavit,

229 2496 256 2518 et
271 2493 316 2527 qui
331 2494 397 2520 mihi
418 2498 519 2521 temere
541 2495 671 2530 injuriam
689 2496 825 2524 faciebant
845 2497 919 2532 juste
937 2499 1019 2534 puni-

228 2538 283 2568 vit,
308 2538 335 2565 id
362 2540 435 2566 enim
463 2541 595 2568 denotant
621 2542 717 2569 verba:
738 2542 862 2570 iVidebo
884 2544 1019 2579 justitiam

229 2583 315 2617 ejus.»
327 2583 368 2617 Et,
385 2585 521 2619 «Aspiciet
535 2587 645 2614 inimica
661 2595 731 2620 mea,
743 2593 769 2616 et
780 2589 918 2623 operietur
928 2590 1023 2617 confu-

230 2629 320 2660 sione,
344 2637 405 2664 quae
431 2632 498 2659 dicit
524 2633 613 2661 mihi:
636 2633 688 2661 Ubi
720 2639 763 2661 est
791 2635 922 2662 Dominus
950 2636 1020 2664 Deus

230 2679 295 2703 tuus
304 2676 315 2702 ?
325 2685 334 2701 ι
348 2675 426 2703 Tunc
438 2685 496 2704 eam
511 2680 632 2713 pudebit,
642 2681 713 2715 quod
727 2681 792 2708 mihi
803 2682 1017 2716 exprobraveril,

230 2721 335 2747 nullum
361 2729 404 2748 me
429 2722 530 2750 habere
553 2732 568 2750 a
587 2724 641 2751 Deo
667 2726 809 2754 auxilium.
832 2726 896 2752 dum
914 2726 1017 2753 videbit

231 2773 361 2793 arcanum
375 2767 436 2801 ejus
448 2775 511 2804 erga
519 2777 561 2796 me
577 2771 769 2804 patrocinium.
782 2780 791 2796 ι
803 2770 879 2798 Oculi
889 2771 942 2797 mei
952 2779 1015 2806 spc-

1068 2406 1170 2433 δίκαιον
1186 2408 1215 2433 ἐν
1228 2408 1260 2442 τῇ
1278 2407 1381 2442 κρίσει·
1400 2408 1470 2434 οὕτω
1481 2409 1509 2435 τὲ
1526 2418 1561 2444 με
1579 2410 1607 2436 ἐν
1623 2412 1656 2445 τῇ
1683 2410 1855 2446 λαμπρότητι

1068 2451 1121 2478 τῶν
1136 2452 1243 2478 οἰκείων
1260 2452 1389 2484 καθιστὰς
1405 2453 1524 2487 ἀγαθῶν,
1534 2454 1603 2481 ὥστε
1619 2455 1749 2490 πρόδηλόν
1766 2464 1794 2482 τε
1808 2457 1856 2483 καὶ

1069 2497 1251 2531 ἀναμφίδολόν
1277 2506 1321 2532 μοι
1344 2499 1471 2532 γενέσθαι
1492 2500 1541 2534 τὴν
1564 2499 1675 2535 γνώμην
1704 2500 1752 2527 τοῦ
1776 2501 1853 2533 Θεοῦ,

1070 2543 1130 2570 καθ’
1149 2543 1182 2579 ἢν
1198 2544 1244 2570 τοῦ
1272 2543 1375 2571 δικαίου
1401 2546 1556 2580 φροντίσας,
1579 2545 1630 2580 ἐμέ
1653 2554 1684 2572 τε
1705 2547 1758 2573 τῶν
1783 2555 1855 2581 περι-

1070 2590 1188 2624 εχόντων
1207 2591 1344 2626 ἀπήλλαξε
1367 2592 1470 2623 κακῶν,
1491 2592 1536 2618 καὶ
1554 2593 1617 2623 τοὺς
1640 2592 1804 2627 ἠδικηκότας
1820 2601 1853 2627 με

1072 2636 1159 2671 μάτην
1183 2636 1371 2672 ἐτιμωρήσατο
1395 2637 1507 2669 δικαίως
1530 2646 1537 2653 ν
1558 2638 1637 2665 τοῦτο
1654 2638 1708 2674 γὰρ
1725 2638 1797 2672 λέγει
1813 2638 1853 2671 τὸ,

1073 2690 1082 2706 ι
1094 2681 1212 2716 Ὄψομαι
1229 2683 1278 2718 τὴν
1297 2683 1470 2718 δικαιοσύνην
1485 2684 1579 2711 αὑτοῦ.
1595 2695 1603 2710 ι
1628 2684 1694 2716 Καὶ,
1714 2693 1722 2709 ι
1743 2685 1853 2718 Ὂψεται

1069 2728 1085 2762 ἡ
1097 2727 1181 2762 ἐχθρά
1194 2736 1256 2762 μου,
1275 2729 1321 2754 καὶ
1335 2729 1451 2763 καλύψει
1467 2730 1552 2764 αὐτὴν
1569 2730 1694 2765 αἰσχύνη,
1708 2732 1724 2765 ἡ
1740 2730 1853 2763 λέγουσα

1067 2773 1133 2807 πρός
1144 2781 1191 2807 με·
1213 2773 1266 2800 Ποῦ
1290 2774 1389 2809 Κύριος
1409 2776 1422 2800 ὁ
1434 2775 1499 2806 Θεός
1513 2784 1575 2804 σονξ
1594 2786 1602 2801 ι
1617 2777 1683 2803 Tm
1702 2776 1733 2812 δὴ
1746 2777 1854 2812 αἰσχυν-
