1981 3073
880 80 898 95 ς
950 87 957 93 ,,

173 173 224 201 ωε

682 170 955 199 COMMENTARIUS
974 170 1007 197 IN
1026 170 1163 199 NAHUMI
1182 171 1257 199 CAP.
1280 173 1299 199 Ι.
1508 179 1512 199 ,ι

916 47 929 54 λ
1032 53 1036 62 ι
1061 44 1069 62 λ»

924 67 984 92 τνκκ
1002 67 1127 92 ’ΤᾸῘ”;³

1739 173 1792 200 ιον

173 231 244 267 ῠπῦρ
259 228 298 259 ὧν
311 231 426 268 ἀπονοίᾳ
439 239 470 258 τε
486 232 534 259 καὶ
550 231 686 268 μοχθηρίᾳ
704 231 816 267 γνώμης
833 231 955 266 ἑλόμενοι

1008 230 1074 265 ipsis
1084 233 1143 258 erat
1155 230 1256 259 bellum
1272 230 1326 264 Deo
1346 202 1577 265 indixerintdlam
1591 229 1673 258 siculi
1689 229 1792 256 Abdias

173 277 242 313 πρὸς
255 277 382 304 τοσοῦτον
394 277 540 310 ἐξώκειλαν
554 277 691 308 ἀσεϐείας,
708 276 777 304 ὥστε
786 277 838 313 Δκαὶ
852 276 898 302 ἐπὶ
912 276 957 302 τὸν

172 306 240 355 0ὲοὶ
251 321 371 359 ἄρασθαι
388 306 507 358 πάλεμον
524 323 556 350 τό
566 332 599 358 γε
611 324 654 350 ἐπ’
670 306 762 355 αὐτοῖς
902 323 957 358 γὰρ

171 370 187 396 6
208 368 314 395 Ἀϐδιοῦ
325 368 375 404 τὴν
389 369 461 396 κατὰ
475 368 530 395 τῶν
550 368 709 404 Ἰδουμαίων
720 369 793 403 λέγει
807 368 954 404 τιμωρίαν,

171 415 206 451 ἣν
220 415 366 450 ὑπομένειν
381 415 498 450 ἤμελλον
512 414 625 450 ὕστερον
649 415 718 450 μετὰ
732 415 781 451 τὴν
802 414 856 442 ἀπὸ
869 415 957 441 Βαὸυ-

170 460 256 493 λῶνος
271 461 400 487 ἐπάνοδον
414 460 462 487 τοῦ
476 461 552 493 λαοῦ,
564 459 679 499 tian
687 461 956 496 πεπλημμελήκεσαν

171 504 213 535 εις
236 503 287 538 τὴν
309 504 488 540 Ἰερουσαλὴμ
509 503 600 537 εῐς⁷τε
622 506 684 537 τοὺς
703 505 844 537 οἰκοῦντας
871 505 956 540 αὐτὴν

170 548 245 576 κατὰ
257 549 304 576 τὸν
325 550 421 584 καιρὸν
435 550 549 582 ἐκεῖνον,
573 551 653 585 δῆλον
672 552 705 586 τῇ
733 551 848 587 μηνύσει
872 551 958 578 ποιῶν

171 593 214 622 δτι
238 594 312 622 κατὰ
326 594 440 631 γνώμην
462 595 531 622 Θεοῦ
546 596 580 622 τὰ
605 596 670 631 περὶ
691 596 791 628 αὐτοὺς
812 597 958 632 γενήσεται

172 637 244 670 τότε,
254 635 349 676 ῖᾞ
361 639 376 665 ό
395 639 528 674 μακάριος
543 640 642 676 Ναοῦμ
663 641 708 667 ἐπὶ
722 641 773 675 τῆς
787 641 878 676 βίϐλου
893 642 958 669 ταύ-

172 691 224 718 της
242 682 542 720 τὴνῖπαξθὴῖϋμὲνην
561 687 618 717 τοῖς
640 687 792 722 Ἀσσυρίοις
816 688 892 723 παρὰ
910 688 958 715 τοῦ

166 728 241 755 γθεοῦ
263 729 398 765 τιμωρίαν
422 731 521 766 φησὶν,
543 731 580 765 (p.
600 732 664 766 5‘26)
680 732 769 768 ἥνπερ
787 731 833 760 οὖν
855 734 900 760 καὶ
915 734 959 762 διὰ

173 772 352 801 Βαόνλοηίων
376 775 526 811 ὑπέμειναν
547 776 679 811 ὕστερον·
703 778 791 812 δηλῶν
807 779 855 805 καὶ
878 780 959 812 αὐτὸς

172 819 214 846 ὅτι
232 819 304 847 κατὰ
317 819 431 856 γνώμην
444 821 513 848 Θεοῦ
531 822 580 849 καὶ
593 822 689 850 παθεῖν
705 823 792 850 ταῦτα
808 825 833 850 οἱ
854 825 959 861 Ἰσραη-

1006 276 1130 304 ldumaus
1148 277 1223 303 canit
1243 276 1423 310 punitionem,
1450 284 1532 311 quam
1547 275 1660 303 deinde
1677 275 1789 310 passuri

1005 326 1093 354 erant,
1105 326 1166 357 post
1181 322 1287 349 Hebraei
1310 322 1399 357 populi
1414 322 1550 358 Babylone
1562 322 1692 353 reditum,
1708 320 1744 348 ob
1759 328 1792 347 ea

1005 376 1067 403 qua:
1079 368 1209 396 adversus
1227 368 1412 403 Hierosolyma
1426 376 1574 403 eorumque
1589 369 1694 396 incolas
1711 371 1792 394 antea

1006 414 1192 449 deliquerant;
1205 414 1362 449 signiﬁcans
1375 415 1487 440 omnino
1502 414 1570 445 fore,
1592 419 1618 441 ut
1635 414 1693 441 haec
1714 421 1729 439 a
1746 412 1791 439 Dei

1005 462 1146 488 voluntate
1160 461 1214 488 illis
1227 461 1369 488 eveniant:
1383 460 1420 486 ita
1439 460 1534 488 beatus
1548 461 1599 487 hoc
1614 461 1683 487 libro
1700 459 1793 486 Nabu—

1007 515 1068 534 mus
1088 511 1299 542 superventuras
1323 506 1443 542 Assyriis
1462 514 1477 533 a
1493 506 1546 534 Deo
1563 514 1658 541 pmuas
1685 507 1781 533 recitat
1804 529 1807 533 λ

1006 561 1076 588 quas
1088 541 1185 587 reapse
1200 560 1215 579 a
1229 541 1384 588 Babyloniis
1393 552 1513 587 perpessi
1524 556 1588 580 sunt
1607 557 1699 587 postea
1712 559 1720 578 ι
1734 546 1793 586 ipse
1811 541 1818 586 ἰ

1007 599 1109 633 pariter
1119 598 1276 631 ostendens,
1302 598 1530 633 quemadmodum
1547 597 1594 624 Dei
1611 601 1678 624 nutu
1693 601 1719 624 et
1736 597 1794 625 haec

1006 644 1165 678 contingere
1187 642 1317 673 lsraelitis
1334 643 1498 678 permissum
1515 642 1613 676 fuerit;
1635 645 1663 670 et
1678 641 1731 676 ipsi
1742 640 1792 668 de-

1008 697 1082 716 mum
1094 688 1199 723 Assyrii
1214 688 1318 716 scelera
1328 696 1378 715 sua
1393 692 1515 723 tempore
1531 688 1630 715 idoneo
1651 685 1794 722 suppliciis
1818 695 1821 724 ξ

1006 735 1139 770 expiaturi
1152 740 1254 763 essent.
1272 734 1375 762 Etlibri
1390 734 1499 769 quidem
1512 737 1701 769 argumentum
1711 733 1788 767 ejus—
1820 725 1823 757 Ϊ

1006 782 1079 809 modi
1093 784 1146 809 est.
1163 780 1240 808 Nunc
1257 781 1292 808 ad
1307 781 1413 816 singula
1436 779 1604 815 explananda
1631 777 1792 806 incumben-
1819 820 1822 825 1

1007 828 1072 854 dum
1086 832 1139 855 est.

171 866 245 894 λῖται
264 866 310 896 διὰ
329 867 379 904 τὴν
398 869 503 896 οἰκείαν
525 871 754 906 συνεχωρήθησαν
772 872 913 899 ἀσέϐειαν·
929 873 976 900 καὶ
996 874 1132 909 ’Δσσύριοί
1154 882 1186 908 γε
1201 874 1250 909 τῆς
1272 874 1399 906 ἀπονοίας
1419 874 1469 908 τῆς
1489 873 1593 900 ἑαυτῶν
1612 872 1683 899 κατὰ
1700 870 1794 907 καιρὸν

171 912 305 948 ἀνάλογον
321 912 363 946 οἷς
375 915 644 952 πεπλημμελήκεσαν
663 917 779 944 δώσουσι
798 919 888 956 δίκην.
901 921 942 948 Τὰ
958 921 1009 956 μὲν
1024 921 1056 957 δὴ
1073 921 1122 956 τῆς
1145 921 1300 952 ὑποθέσεως
1315 920 1362 947 τοῦ
1380 919 1483 956 βιϐλίου
1507 919 1593 946 ταῦτα
1606 927 1613 933 ·
1629 916 1794 953 προσεκτέον

173 959 204 986 at
212 960 270 992 τοῖς
283 959 354 988 κατὰ
370 962 453 997 μέρος
463 962 566 990 λοιπόν.

503 1007 582 1034 ΚΕΦ.
597 1008 637 1036 Α¹.

209 1050 283 1087 Στίχ.
299 1054 336 1080 α’.
359 1065 391 1073 --
414 1061 425 1078 ι
450 1052 556 1088 Λῆμμα
578 1053 695 1090 Νινευὴ,
714 1054 815 1090 βιϐλίον
837 1056 958 1092 ὁράσεως

173 1095 272 1131 Nabim
286 1096 334 1123 τοῦ
356 1097 524 1124 Ἐλκεσαίου.
545 1107 555 1124 ι
568 1098 654 1126 Τοῦτο
676 1100 726 1134 μὲν
745 1098 794 1127 οὖν
813 1101 830 1136 ἠ
846 1100 959 1127 εἰωθυῖα

172 1141 315 1177 ἐπιγραφὴ
330 1141 386 1170 τῶν
399 1143 576 1178 προφητικῶν
589 1153 596 1159 ·
610 1144 657 1172 τοῦ
671 1146 814 1180 λήμματος
827 1146 855 1172 δὲ
868 1155 958 1182 σαφη-

172 1186 247 1213 νίσαι
260 1188 391 1223 προσήκει
400 1188 450 1223 τὴν
456 1189 574 1216 διάνοιαν
585 1198 592 1206 ·
601 1190 631 1217 ἓν
641 1190 690 1226 μὲν
701 1193 755 1226 γὰρ
765 1189 799 1227 ἦν
808 1192 839 1218 τὸ
847 1192 959 1227 Πνεῦμα

173 1230 206 1257 τὸ
221 1231 309 1265 ἅγιον,
322 1231 337 1258 ὃ
349 1233 407 1264 τοῖς
416 1233 469 1260 τῶν
482 1234 610 1262 τοιούτων
621 1235 782 1271 ἠξιωμένοις
796 1237 845 1273 τὴν
856 1238 960 1264 οἰκείαν

174 1277 322 1313 παρείχετο
341 1278 420 1314 χάριν
430 1287 436 1294 ’
451 1279 543 1312 καθὼς
559 1281 573 1307 ὁ
589 1282 724 1317 μακάριος
737 1282 842 1315 Παῦλὸς
858 1291 940 1318 φησιν
950 1292 957 1300 ·

175 1330 189 1347 ι
210 1322 337 1357 Ἔχοντες
357 1323 386 1350 δὲ
404 1324 470 1350 αὐτὸ
486 1324 596 1360 Πνεῦμα
619 1325 668 1360 τῆς
691 1325 809 1358 πίστεως
836 1328 907 1354 κατὰ
928 1326 959 1353 τὸ

172 1368 383 1404 γεγραμμένον·
409 1369 588 1402 Ἐπίστευσα,
611 1371 652 1397 διὸ
676 1371 724 1398 καὶ
749 1371 883 1408 ἐλάλησα·
911 1372 959 1399 καὶ

229 1415 254 1446 ῖς
273 1415 446 1450 πιστεύομεν.
467 1416 507 1443 διὸ
528 1417 575 1444 καὶ
595 1417 746 1452 λαλοῦμεν·
771 1427 781 1444 ι
797 1418 904 1450 δεικνὺς
918 1418 959 1445 ὃτι

94 1475 101 1502 τ
155 1459 223 1502 [τῆς
236 1459 322 1495 αὐτῆς
334 1460 382 1487 τοῦ
389 1461 469 1495 ἁγίου
483 1462 645 1498 Πνεύματος
661 1463 773 1498 χάριτος
787 1463 856 1490 οἵτε
873 1464 958 1490 πάλαι

99 1504 103 1510 “
151 1504 310 1547 μετεῖχον,
324 1508 370 1534 καὶ
383 1509 407 1535 οἱ
422 1508 461 1544 τῷ
476 1508 526 1543 τῆς
537 1510 642 1546 Καινῆς
653 1511 789 1547 Διαθήκης
805 1512 958 1547 ὐπερητού-

153 1553 250 1592 [μενοι
263 1553 404 1589 μυστηρίῳ
413 1562 420 1569 ·
431 1553 554 1590 διάφοροι
564 1555 593 1582 δὲ
608 1556 677 1591 πρὸς
688 1557 719 1583 τὸ
736 1559 897 1592 κατεπεῖγον
908 1559 958 1594 τῆς

174 1597 270 1632 χρείας
281 1599 455 1627 ἐπετελοῦντο
468 1602 496 1628 αἱ
508 1601 656 1637 ἐνέργειαι·
669 1612 679 1628 ι
700 1604 853 1640 Διαιρέσεις
868 1605 932 1640 γὰρ,
946 1615 955 1631 ι

174 1644 252 1679 φησὶ,
269 1654 279 1671 ι
294 1647 470 1682 χαρισμάτων
484 1648 552 1679 εἰσὶ,
567 1648 597 1674 τὸ
607 1649 636 1675 δὲ
649 1650 715 1676 αὐτὸ
731 1650 856 1685 Πνεῦμα.
875 1661 884 1677 ι
898 1652 958 1679 Διά-

157 1697 252 1729 νεοραλ
260 1690 312 1731 μὶν
324 1689 395 1718 εἶναι
409 1692 443 1719 τά
457 1692 583 1728 διδόμενα
597 1693 695 1729 λέγων,
710 1695 738 1722 ἓν
752 1696 780 1722 δὲ
795 1684 826 1722 τὸ
839 1697 957 1732 παρέχον
971 1684 992 1712 C

172 1730 285 1763 ἃπαντα
294 1736 434 1773 Πνεῦμα(
443 1737 535 1765 Εἰπὼν
549 1738 615 1773 γοῦν
628 1739 677 1767 καῖ
689 1740 736 1767 τὸν
751 1741 806 1768 τῶν
822 1730 958 1778 χαρισμὰ-

172 1788 230 1808 των
250 1782 416 1817 κατάλογον,
434 1793 444 1810 ι
465 1781 500 1820 ’ᾯ
522 1786 571 1819 μὲν
592 1786 646 1822 γὰρ
666 1787 711 1814 διὰ
726 1787 773 1814 τοῦ
800 1788 958 1824 ΙΙνεύματος

173 1826 275 1854 δίδοται
286 1828 365 1863 λόγος
387 1830 482 1864 σοφίας
492 1850 500 1862 ,
515 1831 587 1866 ἄλλῳ
602 1832 630 1858 δὲ
651 1832 728 1866 λόγος
744 1833 873 1867 γνώσεως
886 1835 957 1861 κατὰ

174 1874 206 1901 τδ
219 1875 287 1902 αὐτὸ
300 1876 413 1912 Πνεῦμα
424 1898 432 1911 ,
453 1887 462 1903 ι
484 1879 532 1905 καὶ
547 1878 581 1905 τὰ
593 1879 658 1914 ἑξῆς
691 1880 700 1916 (
713 1888 739 1914 p.
760 1880 823 1913 527)
841 1881 939 1915 ἐπάγει
949 1890 956 1896 ·

177 1930 189 1946 ι
207 1921 300 1949 ταῦτα
320 1921 349 1949 δὲ
370 1923 460 1950 πάντα
473 1925 581 1960 ἐνεργεί
602 1925 633 1951 τὺ
649 1925 678 1951 ἒν
696 1926 743 1952 καὶ
765 1926 832 1953 αὐτὸ
845 1926 958 1961 Πνεῦμα

173 1965 295 2003 διαιροῦν
309 1967 363 2004 ίδίᾳ
381 1969 489 2005 ἑκάστῳ
508 1970 600 2002 καθὼς
618 1970 752 2006 βούλεται·
767 1980 776 1997 ι
796 1971 901 2003 δεικνὺς
917 1973 957 1999 ὃτι

176 2012 221 2045 ὑφ’
242 2013 303 2045 ἑνὸς
323 2014 370 2041 τοῦ
389 2014 468 2048 ἁγίου
493 2014 651 2050 Πνεῦμα-τος
669 2015 776 2042 ᾶπαντα
799 2017 956 2052 ἐνηργεῖτο·

174 2058 338 2095 ⁴πολύτροποι
352 2060 380 2086 δὲ
392 2060 438 2087 καὶ
452 2061 522 2087 κατὰ
536 2060 586 2095 τὴν
597 2062 691 2097 χρείαν
706 2062 855 2096 ὲνεγίνοντο
866 2062 957 2094 αὐτοῖς

175 2103 321 2139 ἐνέργειαι,
345 2104 407 2131 καθ’
431 2104 465 2136 ἃς
482 2106 532 2140 τὴν
554 2105 725 2139 ἀποκάλυψιν
756 2106 878 2140 ἐδέχοντο
901 2106 957 2133 τῶν

173 2149 341 2184 ἀναγκαίων.
378 2150 519 2177 Ἐκστάσει
544 2150 594 2186 μὲν
618 2148 665 2177 οὗν
684 2151 802 2182 ἅπαντες
826 2150 863 2182 ὡς
885 2150 957 2183 εἰκὸς

173 2195 228 2223 τῶν
248 2196 475 2232 ἀπορῥητοτέρων
501 2196 623 2232 ἐδέχοντο
645 2196 694 2232 τὴν
708 2197 820 2231 γνῶσιν,
843 2196 958 2232 ἐπείπερ

173 2242 237 2277 ἐνῆν
254 2242 354 2274 αὐτοὺς
372 2244 433 2275 ταῖς
454 2244 570 2275 ἐννοίαις
597 2243 691 2279 πόρρω
705 2251 758 2270 που
784 2243 834 2278 τῆς
855 2243 959 2279 παρού-

175 2294 227 2323 σης
241 2287 434 2320 καταστάσεως
447 2288 604 2322 γεγονότας,
619 2288 690 2316 οὕτω
703 2289 849 2325 δυνηθῆναι
858 2291 892 2325 τῇ
903 2289 957 2316 τῶν

1341 1009 1418 1037 CAP.
1440 1008 1459 1036 Ι.

1044 1054 1126 1083 Vens.
1152 1055 1179 1082 1.
1208 1070 1242 1075 —-
1266 1064 1275 1081 ι
1304 1055 1433 1086 Lemma.
1466 1055 1636 1090 assumptio,
1662 1054 1793 1087 Ninives.

1008 1101 1077 1129 liber
1093 1101 1207 1128 visionis
1226 1101 1341 1128 Nahumi
1362 1101 1484 1128 Elcesazi.
1503 1110 1514 1128 ι
1535 1101 1584 1128 llic
1601 1102 1710 1136 quidem
1728 1109 1794 1129 con-

1009 1151 1103 1175 suetus
1125 1147 1257 1174 librorum
1278 1148 1497 1182 propheticorum
1511 1147 1609 1174 titulus
1619 1151 1662 1175 est
1680 1157 1687 1175 :
1711 1155 1793 1175 voca—

1008 1191 1066 1219 buli
1091 1197 1181 1219 tamen
1211 1194 1305 1219 lemma
1326 1193 1463 1219 notionem
1491 1194 1651 1225 enucleare,
1669 1194 1794 1228 pretium

1008 1246 1098 1273 opera
1112 1239 1173 1266 erit.
1187 1238 1263 1266 Unus
1278 1244 1336 1265 erat
1346 1243 1459 1266 sanctus
1486 1238 1613 1273 Spiritus.
1634 1241 1679 1274 qui
1695 1239 1792 1267 horum

1009 1291 1152 1312 munerum
1169 1284 1259 1319 dignis
1274 1291 1351 1311 suam
1374 1285 1488 1320 gratiam
1503 1285 1705 1320 suppeditabat,
1723 1289 1794 1313 teste

1008 1329 1089 1357 beato
1104 1329 1205 1356 Paulo:
1227 1338 1236 1355 ι
1256 1329 1390 1357 Habentes
1407 1333 1497 1357 autem
1511 1330 1636 1357 eumdem
1659 1330 1793 1365 Spiritum

1009 1374 1084 1407 ﬁdei,
1099 1375 1179 1402 sicuti
1198 1375 1329 1409 scriptum
1345 1378 1387 1402 est
1404 1384 1410 1402 :
1427 1374 1547 1407 Credidi,
1564 1379 1705 1410 propterea
1719 1376 1794 1403 locu-

1008 1425 1052 1448 tus
1078 1429 1154 1453 stun;
1184 1425 1211 1447 et
1243 1428 1293 1448 nos
1319 1421 1383 1455 quia
1404 1420 1552 1452 credimus.
1579 1420 1681 1448 idcirco
1705 1422 1795 1457 loqui-

1008 1473 1071 1492 mur
1086 1468 1106 1492 '.
1134 1476 1144 1491 ι
1166 1465 1271 1499 Quibus
1290 1466 1381 1493 verbis
1409 1466 1555 1501 signiﬁcat,
1582 1467 1676 1494 eadem
1705 1468 1794 1494 sancti

1009 1511 1127 1546 Spiritus
1142 1513 1229 1547 gratia
1242 1518 1299 1539 tum
1318 1517 1424 1539 veteres
1439 1513 1501 1539 illos
1512 1513 1623 1547 potitos.
1641 1518 1697 1539 tum
1711 1513 1792 1540 etiam

1009 1557 1175 1585 recentiores
1191 1558 1238 1592 qui
1259 1557 1329 1585 Novi
1352 1557 1517 1585 Testamenti
1533 1557 1663 1593 mysterio
1682 1565 1792 1593 operam

1009 1611 1085 1631 suam
1097 1604 1265 1631 locaverunt.
1285 1603 1404 1631 Diversae
1416 1611 1480 1630 vero
1496 1611 1546 1638 pro
1561 1603 1690 1631 instantia
1702 1604 1793 1638 operis

1010 1651 1208 1684 praestabantur
1224 1651 1366 1677 facultates
1384 1660 1391 1677 :
1408 1659 1418 1675 ι
1441 1649 1596 1678 Divisiones
1610 1649 1693 1686 214
1707 1651 1792 1681 enim,

1010 1696 1110 1730 inquit,
1132 1697 1281 1731 gratiarum
1309 1700 1382 1728 sunt,
1398 1695 1469 1723 idem
1486 1702 1575 1723 tamen
1597 1695 1716 1730 Spiritus
1731 1696 1751 1722 '.
1780 1706 1790 1722 ι

1009 1741 1121 1768 Diversa
1144 1741 1216 1768 dona
1235 1742 1283 1773 ait,
1311 1749 1395 1768 unum
1418 1741 1606 1774 nihilominus,
1624 1742 1671 1776 qui
1701 1743 1792 1769 omnia

1009 1787 1173 1822 suppeditat,
1199 1786 1342 1821 Spiritum.
1359 1787 1414 1814 lino
1433 1791 1460 1814 et
1473 1788 1622 1822 gratiarum
1638 1788 1791 1823 catalogum

1008 1830 1122 1857 recitat:
1149 1840 1159 1855 ι
1178 1830 1231 1858 Alii
1255 1831 1363 1866 quidem
1385 1839 1433 1866 per
1455 1831 1584 1866 Spiritum
1605 1832 1685 1859 datur
1702 1840 1793 1861 sermo

1008 1878 1156 1912 sapientiae,
1180 1878 1225 1905 alii
1236 1885 1326 1905 sermo
1337 1878 1460 1906 scientia).
1475 1879 1553 1913 juxta
1565 1878 1690 1906 eumdem
1709 1880 1793 1914 Spiri-

1009 1928 1065 1951 tum
1082 1924 1102 1950 ⁸.
1122 1934 1131 1950 ι
1145 1924 1213 1951 Tum
1228 1926 1331 1959 reliqua
1344 1925 1436 1952 subdit
1456 1934 1462 1951 :
1482 1934 1491 1950 ι
1515 1924 1577 1952 Haec
1592 1929 1683 1953 autem
1698 1926 1791 1953 omnia

1008 1974 1136 2004 operatur
1159 1978 1229 1998 unus
1247 1974 1274 1997 et
1299 1970 1370 1997 idem
1383 1970 1501 2005 Spiritus
1521 1970 1648 1999 dividens
1666 1979 1790 2000 seorsum

1009 2015 1123 2050 singulis
1139 2019 1220 2049 prout
1235 2016 1292 2042 vult
1305 2016 1326 2042 '.
1349 2025 1360 2041 ι
1373 2015 1470 2043 Omnia
1490 2016 1595 2044 scilicet
1609 2018 1644 2044 ab
1661 2025 1715 2044 uno
1730 2017 1792 2052 Spi-

1008 2061 1062 2087 ritu
1079 2061 1136 2088 ﬁeri
1162 2061 1324 2093 conﬁrmat;
1346 2067 1473 2089 ueterum
1503 2063 1603 2098 varias,
1640 2067 1719 2098 prout
1746 2072 1790 2092 res

1008 2108 1136 2142 postulat,
1149 2107 1291 2135 facultates
1301 2108 1370 2140 dari,
1380 2115 1495 2143 quarum
1509 2116 1559 2143 ope
1565 2109 1789 2143 gravissimarum

1008 2161 1098 2180 rerum
1114 2153 1237 2180 notitiam
1249 2154 1421 2189 excipiebant
1431 2154 1578 2189 prophetae.
1589 2155 1681 2190 itaque
1688 2156 1790 2184 exstasi

1008 2200 1117 2234 quidem
1128 2207 1233 2233 omnes,
1243 2204 1274 2227 ut
1287 2200 1417 2228 credibile
1430 2204 1482 2233 est,
1496 2201 1529 2228 ad
1543 2201 1732 2230 sublimiorum
1744 2210 1790 2229 re-

1008 2254 1068 2273 rum
1083 2246 1267 2281 cognitionem
1282 2246 1522 2281 comparabantur.
1546 2246 1694 2282 Oportebat
1717 2248 1790 2275 enim

1007 2299 1102 2319 eorum
1116 2296 1220 2320 mentes
1237 2292 1388 2327 apraasenti
1404 2296 1501 2319 natura
1519 2293 1613 2327 procul
1629 2293 1735 2325 abesse,
1760 2297 1789 2320 ut

373 2332 474 2369 θεωρίᾳ
488 2334 666 2369 προσανέχειν
678 2334 760 2370 μόνῃ·
773 2335 798 2361 εἰ
815 2335 868 2371 γὰρ
882 2336 956 2370 ἡμᾶς

1011 2337 1057 2364 uni
1081 2341 1193 2372 possent
1220 2337 1403 2364 revelatarum
1436 2343 1528 2363 rerum
1565 2337 1788 2371 contemplationi

173 2375 226 2411 οὐχ
234 2371 292 2403 οἷόν
305 2385 337 2403 τι
354 2377 454 2413 ἀκριϐῆ
473 2378 549 2413 παρὰ
564 2378 618 2404 τῶν
634 2379 816 2406 παιδευόντων
831 2379 956 2414 δέχεσθαι

171 2421 225 2459 τὴν
241 2422 376 2459 μάθησιν.
392 2424 418 2450 εί
441 2423 479 2460 μὴ
497 2424 606 2451 πάντων
621 2425 731 2456 ἑαυτοὺς
748 2425 957 2457 ἀποσπάσαντες

143 2461 147 2468 “
174 2470 225 2496 σὺν
242 2468 371 2505 ἀκριϐείᾳ
384 2469 468 2504 πολλῇ
494 2470 675 2505 προσέχωμεν
687 2471 743 2502 τοῖς
757 2471 924 2506 λεγομένοις,
939 2471 956 2505 ἦ

173 2514 227 2542 πού
237 2523 271 2550 τε
279 2515 330 2548 τὰς
339 2515 411 2542 οὕτω
422 2515 540 2552 φοϐερὰς
549 2524 580 2542 τε
594 2517 640 2543 καὶ
653 2516 826 2551 ἀπορρήτους
841 2515 957 2550 θεωρίας

171 2559 287 2588 δυνατὸν
296 2559 332 2597 ἦν
345 2562 436 2594 αὐτοῖς
452 2562 641 2598 ὑποδέχεσθαι,
659 2563 696 2598 μὴ
711 2562 750 2598 τῷ
759 2563 882 2598 λογισμῷ
894 2563 958 2598 πρό-

173 2614 251 2643 τερον
266 2606 338 2634 κατὰ
352 2607 398 2634 τὸν
410 2607 459 2642 τῆς
472 2607 588 2643 θεωρίας
598 2608 692 2643 καιρὸν
707 2608 891 2643 ἐξισταμένοις
904 2608 958 2635 τῶν

173 2653 333 2688 uapor-Juv;
347 2653 425 2680 οὕτω
436 2653 486 2680 τὸν
507 2654 641 2689 μακάριον
655 2654 729 2688 λέγει
744 2654 846 2690 Πέτρον
863 2655 892 2680 ἐν
911 2655 958 2680 ὲκ-

173 2697 268 2725 στάσει
290 2698 421 2733 γεγονότα
438 2698 488 2735 τὴν
511 2699 615 2725 σινδόνα
639 2699 703 2725 ἰδεῖν
717 2700 749 2725 ἐκ
769 2698 816 2725 τοῦ
840 2698 954 2734 οὐρανοῦ

172 2743 414 2780 καταφερομένην·
426 2744 520 2780 ἐπειδὴ
534 2744 552 2781 ή
564 2745 611 2772 τοῦ
624 2745 781 2780 Πνεύματος
792 2745 871 2780 χάρις
888 2745 954 2780 πρό-

170 2797 251 2828 τερον
264 2789 350 2817 αὐτοῦ
373 2790 422 2826 τὴν
438 2789 556 2818 διάνοιαν
572 2791 719 2818 ἀποσπᾶσα
733 2790 787 2817 τῶν
803 2790 953 2826 παρόντων,

1007 2391 1113 2411 vacare.
1129 2383 1197 2410 Nam
1212 2383 1235 2410 si
1246 2383 1304 2410 ﬁeri
1318 2383 1423 2417 nequit,
1435 2387 1465 2409 ut
1481 2390 1531 2409 nos
1549 2387 1675 2410 accurate
1691 2392 1705 2410 a
1720 2391 1789 2418 pra:-

1007 2429 1162 2464 ceptoribus
1178 2429 1334 2456 imbuamur
1353 2428 1476 2456 doctrina
1500 2429 1600 2463 aliqua.
1616 2429 1667 2456 nisi
1687 2430 1789 2457 animis

1008 2474 1042 2501 ab
1054 2474 1128 2501 omni
1143 2475 1304 2509 evagatione
1319 2474 1455 2505 cohibitis,
1473 2474 1567 2501 sedulo
1578 2474 1660 2501 dictis
1672 2479 1787 2502 tuentem
1804 2495 1807 2498 .

1007 2517 1181 2545 intendamus
1199 2526 1205 2545 :
1222 2526 1285 2544 num
1316 2518 1454 2552 propheta:
1470 2518 1603 2545 terriﬁcas
1627 2518 1694 2546 adeo
1706 2523 1788 2554 atque

1008 2563 1205 2591 inenarrabiles
1222 2563 1342 2590 visiones
1375 2564 1516 2598 percipere
1532 2564 1694 2599 potuissent,
1734 2566 1787 2593 nisi

1006 2614 1123 2636 mentem
1139 2613 1228 2641 antea,
1247 2617 1343 2643 nempe
1358 2609 1408 2636 sub
1428 2609 1515 2643 ipsum
1536 2610 1649 2638 visionis
1668 2616 1786 2646 tempus,

1006 2655 1184 2681 abalienatam
1217 2655 1333 2681 terrenis
1355 2655 1530 2683 habuissent?
1546 2655 1591 2683 Sic
1605 2657 1715 2683 beatum
1736 2656 1787 2684 Pe—

1005 2704 1075 2727 trum
1091 2699 1231 2734 Scriptura
1251 2699 1320 2726 dicit
1332 2700 1358 2727 in
1372 2701 1473 2728 exstasi
1487 2702 1602 2736 positum
1618 2702 1719 2729 vidisse
1727 2702 1787 2730 sin-

1002 2746 1100 2773 donem
1124 2745 1158 2772 de
1180 2745 1249 2772 coelo
1279 2745 1435 2773 demissam.
1465 2746 1582 2782 Spiritus
1602 2750 1673 2775 enim
1700 2748 1785 2784 gratia

1008 2796 1122 2830 mentem
1145 2790 1204 2826 ejus
1228 2790 1316 2826 primo
1342 2791 1476 2820 abstraxit
1506 2794 1699 2828 terrestribus,
1727 2798 1785 2821 tum

208 2879 220 2896 ⁸
233 2877 255 2906 ΙΙ
269 2878 334 2907 Cor.
357 2886 394 2912 tv,
406 2879 454 2908 «ιδ.
492 2879 501 2896 ³
515 2878 595 2907 lCor.
616 2887 661 2909 xu.
674 2881 699 2908 6.
740 2878 747 2894 ⁵
764 2877 866 2907 lbid.8.
906 2879 915 2894 '
931 2878 997 2906 ibid.
1015 2879 1056 2907 ll.
