1981 3073
166 176 220 206 408

669 183 943 213 COMMENTARIUS
963 185 996 213 lN
1014 186 1148 216 NAIIUMI
1168 187 1244 215 CAP.
1267 188 1285 215 I.

1739 190 1791 219 408

165 239 228 270 τοὺς
249 238 426 273 ὑπεναντίους
457 241 550 274 αὑτοῦ,
577 243 624 269 καὶ
643 242 760 279 ἐξαίρων
787 244 869 276 αὐτὸς
890 245 952 277 τοὺς

1012 247 1088 282 .‘xigit
1103 247 1246 279 Dominus,
1261 255 1364 282 eosque
1380 249 1413 275 de
1431 249 1521 277 medio
1538 249 1619 276 tollit.
1639 259 1648 275 ι
1668 248 1724 276 Zeli
1743 242 1793 277 nc-

166 283 281 318 ὲχθροὺς
298 285 391 312 αὐτοῦ.
410 295 420 312 ι
435 287 520 322 Ζῆλον
534 287 612 314 καλεί
638 288 686 316 τοῦ
708 288 775 316 Θεοῦ
798 290 848 325 τὴν
858 290 954 326 ὀργὴν,

166 330 206 364 (p.
224 329 287 365 550)
306 330 339 365 ἢν
362 331 409 357 ἐπὶ
427 333 483 364 τοῖς
503 332 571 367 ἄγαν
585 333 694 366 ἀτόπως
713 334 866 370 γινομένοις
883 344 955 371 παρ-

165 374 326 410 οξυνόμενος
338 377 444 412 δέχεται
457 378 527 405 κατά
539 378 591 406 τῶν
607 379 778 407 ἀσεϐούντων
787 389 794 396 ·
808 380 894 413 οὕτως
909 381 955 407 λέ-

167 429 209 454 γει
220 421 260 454 rb,
283 431 291 447 ι
309 420 386 449 Εῐδεν
396 423 498 460 Κύριος
509 425 557 451 καὶ
568 425 715 461 ἐζήλωσεν,
732 426 779 453 καὶ
791 426 955 462 παρωξύνθη

167 466 201 493 δι’
215 468 300 503 ὀργὴν
315 468 382 496 υίῶν
409 470 492 497 αὑτοῦ
515 471 563 497 καὶ
589 471 757 507 θυγατέρων.
776 481 785 498 ι
807 472 955 499 Κάνταῦθα

167 513 256 540 τοίνυν
270 515 362 550 ἐπειδὴ
378 516 462 552 ὀργὴν
486 516 587 552 ἦμελλε
611 517 701 551 λέγειν
714 518 790 554 παρά
803 518 871 545 Θεοῦ
886 519 956 545 κατὰ

168 559 222 586 τῶν
238 559 387 587 Νινευῖτῶν
401 561 569 597 κινηθεῖσαν,
581 560 631 588 εἶτ’
645 560 692 590 οὖν
710 563 765 589 τῶν
786 564 936 599 Ἀσσυρίων
947 573 954 581 ’

169 604 198 630 ὲν
215 605 270 640 γὰρ
286 606 320 640 τῇ
345 605 524 643 βασιλευούσῃ
546 607 622 634 πόλει
637 607 668 634 τὸ
687 608 761 640 ἔθνος
779 608 851 635 ἆπαν
862 609 953 644 δηλοῖ·

170 649 239 685 ὑπὲρ
251 646 290 676 ὧν
307 650 419 686 ἀσεϐείᾳ
433 660 463 678 τε
476 652 524 678 καὶ
538 653 695 688 παρανομίᾳ
716 653 828 689 πλείστῃ
853 654 957 689 χρησά-

171 704 257 730 μενοι,
271 697 390 725 τοσαῦτα
408 698 457 733 μὲν
488 699 535 724 καὶ
550 698 698 734 τηλικαῦτα
713 699 786 726 κακά
802 699 915 731 πολλούς
926 709 955 726 τε

170 742 278 777 ἑτέρους
292 743 429 779 διέθηκαν,
446 744 492 770 καὶ
506 744 575 780 πρὸς
597 745 683 772 ἀπασί
700 753 732 779 γε
744 746 807 777 τοὺς
824 745 957 781 Ἰσραηλί-

169 796 219 820 τας
229 797 235 804 ·
249 789 445 824 ἐπεληλυθότες
454 790 482 816 δὲ
493 791 540 817 καὶ
555 791 588 826 τῇ
606 791 793 826 Ἰερουσαλὴμ,
809 792 907 827 μικροῦ
924 801 957 826 γε

169 834 238 870 πρὸς
250 835 331 862 αὑτὸν
338 836 439 871 ἤραντο
449 836 567 871 πόλεμον
580 837 626 863 τὺν
636 837 701 863 Θεόν
713 845 719 852 ·
732 837 822 869 καλῶς
834 837 957 865 ἐντεῦθεν

169 880 279 916 ἤρξατο,
300 890 309 907 ι
327 882 392 913 Θεὸς
417 882 540 918 ζηλωτὴς
559 891 569 908 ι
586 882 682 916 λέγων,
701 883 762 910 ἀντὶ
786 883 834 910 τοῦ
857 884 958 920 σφόδρα

171 928 383 964 παροργίζεσθαι
411 929 456 955 ἐπὶ
478 931 538 961 ταῖς
563 930 702 962 ἀσεϐείαις
717 930 807 963 εἰδὼς,
824 931 871 957 καὶ
888 931 956 967 μετὰ
973 923 994 950 Β

170 973 272 1009 πολλῆς
283 974 332 1010 μὲν
345 974 458 1001 ἐκδικῶν
470 975 518 1010 τῆς
531 976 616 1011 ὀργῆς
629 976 678 1006 τὰς
699 976 775 1011 παρά
790 975 844 1003 τῶν
853 976 957 1012 ἀνθρώ-

171 1028 228 1046 πων
240 1020 449 1056 ἐπιτελουμένας
470 1020 608 1052 ἁσεϐείας,
624 1021 728 1053 πάντας
739 1021 767 1047 δὲ
786 1022 848 1054 τοὺς
858 1022 958 1058 ἐχθρὰν

169 1066 217 1092 καὶ
224 1066 347 1092 ἐναντίαν
354 1067 506 1101 πρὺςαύτὺν
517 1066 628 1102 γνώμην
636 1067 813 1102 αἱρουμένους
822 1068 958 1103 τιμωρού-

172 1111 251 1146 μενός
264 1119 293 1138 τε
309 1112 355 1138 καὶ
377 1113 516 1144 παντελῶς
536 1113 685 1147 ἀφανίζων.
713 1111 780 1140 Εἶτα
800 1113 894 1149 ἐπειδὴ
911 1113 958 1140 νῦν

169 1156 266 1189 ταῦτα,
281 1157 358 1192 φησὶ,
368 1157 467 1194 πολλὴν
474 1159 521 1185 τοῦ
531 1159 599 1186 Θεοῦ
611 1158 815 1196 φιλανθρωπίαν
830 1159 894 1196 περὶ
911 1160 959 1186 αὺ-

169 1204 234 1234 τοὺς
257 1204 484 1240 ὲπιδεδειγμένου,
494 1205 610 1240 ὁπηνίκα
622 1205 662 1241 τῷ
671 1205 718 1232 τοῦ
735 1205 869 1242 μακαρίου
882 1206 960 1232 Ἰωνᾶ

170 1249 328 1285 κηρύγματι
339 1251 495 1283 πεισθέντες
505 1251 572 1287 πρὸς
584 1252 728 1287 μετάνοιαν
742 1251 811 1279 εἶδον
820 1261 827 1268 υ
837 1262 846 1278 ι
857 1252 959 1288 Κύριος

171 1297 357 1332 μακρόθυμος,
373 1298 418 1325 καὶ
431 1297 537 1333 μεγάλη
551 1299 568 1333 ὴ
587 1298 662 1333 ἰσχὺς
681 1298 779 1325 αὑτοῦ·
793 1299 841 1325 καὶ
864 1299 959 1326 ἁθωῶν

170 1343 221 1370 οὐκ
233 1343 356 1370 ἀθωώσει
365 1344 477 1379 Κύριος.
485 1345 603 1380 »Ὥσπερ
610 1345 674 1381 γὰρ,
690 1345 782 1380 φησὶν,
790 1345 959 1378 ἀνεξικακεῖν

171 1387 241 1415 οἶδεν
257 1390 304 1417 καὶ
314 1391 438 1426 παρορᾷν
451 1391 657 1426 ἁμαρτημάτων
673 1399 703 1417 τε
716 1391 763 1417 καὶ
778 1390 959 1426 ἀσεϐημάτων

171 1436 283 1471 πλῆθος,
314 1437 397 1463 ὲπειδ’
413 1437 447 1464 ἂν
459 1437 608 1468 νεύσαντας
623 1437 665 1472 ἴδῃ
685 1436 752 1472 πρὸς
769 1436 959 1472 μεταμέλειαν,

171 1482 210 1516 (p.
227 1482 289 1517 551)
314 1482 400 1514 οὕτως
425 1482 563 1518 ἀρκοῦσαν
583 1482 768 1510 ἐπιδείκνυται
789 1482 838 1518 τὴν
863 1482 960 1509 ἑαυτοῦ

169 1527 285 1563 δύναμιν
295 1528 334 1564 τῷ
350 1528 460 1563 μεγέθει
474 1529 523 1564 τῆς
552 1529 696 1564 τιμωρίας,
714 1529 797 1556 ὲπειδ¹
814 1528 846 1555 ἂν
859 1529 961 1563 ἀμετα-

170 1574 254 1609 νόητα
267 1575 412 1607 πταίοντας
431 1575 472 1611 ῐδῃ
488 1575 535 1602 καὶ
549 1575 618 1610 πρὸς
633 1575 717 1610 ἄκρον
728 1574 852 1605 ἀσεϐείας
864 1574 961 1609 ἐληλα-

171 1621 266 1652 κότας,
290 1620 336 1652 οὒς
360 1621 411 1647 οὐκ
438 1621 602 1648 ἀπαλλάττει
615 1620 669 1647 τῶν
690 1620 881 1655 ἐγκλημάτων,
897 1620 959 1646 οὐδὲ

171 1667 222 1700 τῆς
241 1666 286 1692 ἐπὶ
298 1668 354 1698 τοῖς
381 1667 560 1702 ἁμαρτήμασι
583 1666 729 1703 τιμωρίας,
747 1666 794 1694 ἅτε
812 1668 844 1693 ὲκ
857 1667 911 1693 τῶν
922 1667 956 1692 οἱ·

171 1713 255 1746 κείων
262 1712 387 1748 πράξεων
403 1713 663 1749 κατακρινομένους.

209 1759 281 1793 Στίχ.
297 1759 330 1790 δ’,
346 1763 376 1786 ε’.
388 1775 422 1780 --
437 1759 492 1786 Καὶ
506 1759 547 1791 τίς
566 1758 695 1795 ἡτούτων
718 1757 873 1792 ἀπόδειξις;
888 1768 896 1784 ι
917 1758 962 1786 Ἑν

175 1805 313 1841 συντελείᾳ
332 1806 378 1832 καὶ
404 1806 433 1832 ὲν
463 1805 620 1841 συσσεισμῷ
633 1806 650 1841 ή
672 1805 731 1837 ὁδὸς
746 1805 840 1832 αὐτοῦ.
860 1815 869 1830 ι
889 1805 962 1831 Ὀδὸν

174 1851 252 1877 καλεῖ
270 1850 316 1877 τοῦ
332 1850 399 1877 Θεού
415 1850 464 1886 τὴν
492 1851 610 1885 πρᾶξιν·
632 1851 662 1877 τὸ
684 1850 749 1877 αὐτὸ
768 1850 797 1877 δὲ
818 1850 897 1877 τοῦτο
914 1851 962 1877 καὶ

174 1897 283 1923 ἐπὶτῶν
299 1896 448 1932 ἀνθρώπων
465 1898 532 1933 φησὶ
547 1897 674 1929 πολλάκις
683 1905 689 1912 ·
705 1897 743 1929 ὡς
757 1897 796 1929 τὸ,
809 1906 818 1923 ι
831 1896 962 1924 Γινώσκει

177 1944 278 1979 Κύριος
292 1943 342 1976 τὰς
354 1944 431 1976 ὁδοὺς
444 1944 498 1974 τῶν
515 1944 648 1980 ἀμώμων.
665 1954 674 1970 ι
690 1944 821 1971 Ἐνταῦθα
831 1942 963 1971 οὖντοῦτό

176 1998 258 2025 φησιν
273 1991 324 2021 ὅτι,
340 1990 397 2017 Νῦν
409 1990 488 2016 τοῦτο
505 1990 634 2026 πράττειν
654 1990 764 2024 ἔγνωκε,
782 1990 828 2016 καὶ
842 1990 888 2017 ἐπὶ
902 1989 964 2016 τού-

175 2044 215 2071 τῳ
228 2035 259 2070 δὴ
275 2035 324 2071 τὴν
337 2035 425 2071 ὁρμὴν
442 2035 499 2071 ἔχει
521 2036 571 2071 τὴν
583 2036 645 2063 καθ’
664 2036 751 2071 ὑμῶν,
769 2036 839 2063 ὥστε
855 2036 965 2063 ἅπαντα

179 2082 227 2116 μὲν
242 2081 276 2108 τὰ
291 2082 353 2117 παρ’
363 2082 426 2116 ὑμῖν
442 2082 591 2113 συσσεῖσαι,
606 2082 726 2117 παντελῆ
735 2081 762 2108 δὲ
780 2082 843 2117 ὑμῖν
860 2082 965 2116 ὲπαγα-

177 2129 234 2161 γεῖν
245 2128 294 2163 τὴν
308 2127 454 2156 ἀπώλειαν.
475 2137 484 2153 ι
510 2127 566 2156 Καὶ
585 2127 695 2162 νεφέλαι
715 2127 852 2162 κονιορτὸς
876 2127 964 2154 ποδῶν

178 2172 271 2202 αὐτοῦ,
291 2183 301 2200 ι
324 2173 490 2205 Ἀκολούθως
515 2172 553 2208 τῷ
572 2183 581 2198 ι
602 2173 660 2205 ὁδὸς
681 2183 690 2199 ι
705 2174 802 2205 εἰπεῖν,
821 2173 962 2208 ἐπήγαγε,

183 2230 192 2245 ι
210 2219 331 2254 Νεφέλαι
348 2218 486 2255 κονιορτὸς
498 2218 586 2245 ποδῶν
599 2218 681 2245 αὐτοῦ
692 2228 699 2234 ν
714 2228 723 2245 ι
738 2218 831 2254 ἐπειδὴ
838 2219 892 2253 γὰρ
900 2219 960 2245 ἐπε-

177 2265 266 2301 ταιτῷ
279 2266 348 2300 μετά
357 2265 457 2300 πολλῆς
471 2264 590 2300 ὀρμῶντι
603 2265 652 2300 τῆς
667 2265 802 2300 κινήσεως
815 2265 846 2292 τὸ
859 2273 965 2302 κονιορ-
981 2259 1002 2286 Ῐ)

177 2312 224 2338 τὸν
241 2311 381 2346 βαδίζοντα
393 2312 487 2343 κινεῖν,
497 2311 612 2344 Τούτου,
630 2312 707 2347 φησὶ,
722 2312 859 2347 κονιορτὸς
881 2312 969 2338 ποδῶν

178 2358 206 2384 αἱ
220 2356 348 2391 νεφέλαι’
364 2357 407 2383 ἴνα
422 2355 541 2392 atumo“
567 2356 675 2392 Ὀρμῶν
689 2357 730 2391 ἐφ’
742 2357 823 2392 ὑμᾶς,
840 2356 884 2384 τὸν
899 2356 969 2392 ἀέρα

179 2402 267 2429 πάντα
278 2401 337 2429 καθ’
347 2401 423 2437 ὑμῶν
437 2402 598 2438 συστρέφειο
613 2411 622 2428 ι
645 2401 775 2428 ’Λπειλῶν
787 2401 908 2437 θαλάσσῃ
922 2402 969 2428 καὶ

181 2449 313 2484 ξηραίνων
321 2448 466 2483 αὑτὴν,καὶ
472 2449 574 2480 πάντας
582 2447 644 2480 τοὺς
653 2449 791 2483 ποταμοὺς
798 2448 876 2484 ὲξερη
881 2449 947 2483 μῶν.
955 2457 964 2474 ι

179 2494 324 2529 Αὐτάρκης
334 2493 362 2521 δὲ
375 2493 422 2519 καὶ
439 2494 505 2528 μόνῃ
517 2494 592 2529 φωνῇ
608 2493 744 2520 θάλασσάν
752 2502 781 2520 τε
792 2493 906 2528 ξηρᾶναι
920 2494 967 2520 καὶ

181 2541 320 2575 ποταμοὺς
328 2540 376 2566 σὺν
385 2539 487 2575 ἐκείνῃ,
502 2539 590 2574 δηλῶν
604 2540 645 2566 ὅτι
659 2539 746 2571 οὐδεὶς
758 2539 837 2571 πόνος
849 2539 922 2575 αὐτῷ
937 2540 967 2566 ἰδ

182 2586 313 2621 ὑμέτερον
322 2585 447 2620 σύστημα
460 2585 544 2612 καὶτὸ
559 2585 658 2620 πλῆθος
666 2585 697 2612 τὸ
711 2586 775 2621 παρ’
785 2586 849 2620 ὑμῖν
863 2585 967 2613 ἀνελεῖν

182 2631 348 2666 βουληθέντι.
364 2629 432 2657 Εἶτα
441 2631 540 2657 καὶτοῦ
549 2631 690 2666 γινομένου
699 2631 747 2666 τὴν
756 2631 890 2664 ἀπόδειξιν
898 2640 969 2667 παρ-

182 2677 320 2712 εχόμενος·
332 2686 341 2702 ι
353 2676 483 2712 Ὠλιγώθη
499 2678 516 2712 ἡ
529 2677 721 2708 Βασανίτιςκαὶ
736 2678 750 2704 ὸ
761 2676 919 2712 Κάρμηλος,
929 2678 967 2713 (p.

181 2722 245 2757 552)
260 2722 308 2749 καὶ
321 2722 411 2749 πάντα
421 2722 456 2748 τὰ
469 2721 632 2754 ἐξανθοῦντα
646 2723 692 2749 τοῦ
701 2723 817 2750 Λιϐάνου
827 2723 949 2756 ἐξέλιπεν
959 2732 966 2739 ·

182 2768 217 2794 τά
233 2767 284 2803 ὅρη
296 2766 407 2802 ἐσείσθη
421 2767 468 2794 ἀπ’
480 2768 574 2800 αὑτοῦ,
591 2766 638 2792 καὶ
648 2766 671 2792 ol
681 2765 766 2800 βουνοὶ
775 2766 966 2803 ἐσαλεύθησαν,

185 2813 232 2840 καὶ
259 2811 396 2847 ἀνεστάλη
414 2813 430 2848 ἡ
448 2813 483 2848 γῆ
498 2813 552 2840 ἀπὸ
572 2813 746 2849 προσώπουή
770 2813 910 2850 σύμπασα,
922 2814 970 2841 καὶ

225 2903 246 2920 ⁹¹
263 2902 342 2931 Deut.
356 2910 440 2935 uxu,
464 2900 503 2929 l9.
543 2902 563 2919 ”
577 2901 647 2930 Psal.
659 2910 748 2935 xxxu,
768 2902 808 2930 18.

1007 291 1079 318 mine
1094 292 1212 326 appellat
1236 292 1303 318 iram
1327 300 1409 326 quam
1427 292 1498 321 Deus
1520 293 1630 322 vesanis
1647 294 1791 322 hominum

1006 336 1114 364 actibus
1131 337 1310 364 exacerbatus
1324 338 1445 372 concipit
1460 339 1592 367 adversus
1610 339 1719 374 impios.
1745 340 1792 367 Sic

1006 382 1109 409 dicitur
1125 391 1131 408 :
1151 392 1160 407 ι
1181 382 1252 408 Vidit
1267 381 1408 414 Dominus,
1423 383 1534 419 zeloque
1549 385 1709 416 excanduit,
1728 393 1792 420 pro-

1007 432 1067 462 pter
1087 428 1154 454 iram
1173 428 1206 455 ad
1221 436 1301 463 quam
1318 436 1379 455 eum
1396 435 1614 464 provocaveruut
1631 431 1676 457 lilii
1695 431 1737 458 sui
1764 435 1792 458 et.

1008 471 1112 497 tiliae”.
1133 480 1141 496 ι
1158 471 1211 497 Par
1227 476 1270 499 est
1291 479 1364 499 nunc
1384 480 1492 508 quoque
1507 472 1656 508 Scriptura:
1680 475 1790 508 locutio.

1006 516 1070 543 dum
1091 517 1159 544 iram
1178 518 1224 545 Dei
1246 519 1392 546 recitatura
1409 523 1450 547 est
1466 524 1562 547 contra
1578 520 1713 549 Ninivitas
1734 523 1792 549 sive

1006 563 1133 598 Assyrios
1150 568 1314 591 commotam
1334 565 1464 600 (namque
1478 565 1505 592 in
1522 567 1589 593 urbe
1611 567 1792 595 douiinatrice

1009 609 1163 636 universam
1179 614 1286 644 gentem
1298 611 1445 646 designat),
1459 611 1522 646 quia
1533 619 1639 639 summa
1653 612 1792 647 impietate

1007 663 1039 682 ac
1053 655 1156 683 scelere
1169 656 1223 688 usi,
1248 660 1287 683 tot
1306 660 1436 692 tantaque
1455 658 1527 684 mala
1542 661 1599 684 tum
1623 658 1685 685 aliis
1700 659 1794 687 multis

1007 702 1156 729 intulerant
1180 702 1298 737 populis,
1319 707 1376 729 tum
1394 702 1511 738 denique
1538 704 1620 730 etiam
1643 702 1793 731 lsraelitis:

1007 747 1074 782 quin
1090 747 1158 774 adeo
1173 747 1360 784 Hierosolyma
1377 748 1477 782 adorti,
1492 748 1580 783 ipsum
1597 750 1793 784 propemodum

1008 793 1092 820 Deum
1119 793 1189 820 bello
1205 794 1411 821 lacessiverunt.
1428 794 1609 827 Quamobrem
1633 795 1793 830 praeclarum

1008 839 1074 867 fecit
1091 840 1197 866 initium
1213 841 1343 881 propheta
1358 841 1498 875 appellans
1516 840 1600 868 Deum
1617 841 1766 868 Zelatorem
1784 849 1791 867 :

1010 892 1106 920 nempe
1120 889 1148 911 ut
1161 885 1275 919 diceret,
1292 885 1342 918 Qui
1363 894 1525 920 magnopere
1541 886 1620 913 irasci
1632 886 1794 914 criminibus

1008 931 1087 962 solet,
1102 931 1241 967 multaque
1254 931 1300 959 ira:
1312 932 1336 958 vi
1356 939 1416 966 qua:
1428 936 1569 966 patrantur
1585 933 1619 959 ab
1635 932 1795 959 hominiqu

1008 977 1111 1004 scelera
1127 977 1284 1009 vindicare,
1305 982 1387 1012 atque
1401 986 1449 1006 eos
1471 986 1566 1006 manes
1591 980 1636 1014 qui
1659 979 1751 1006 hostili
1768 982 1795 1006 et

1008 1023 1125 1049 adverso
1148 1023 1175 1049 in
1191 1031 1252 1050 cum
1269 1024 1361 1050 animo
1375 1029 1450 1056 sunt,
1467 1024 1556 1059 poenis
1575 1024 1696 1052 irretitos
1711 1024 1795 1051 exitio

1009 1069 1144 1096 addicere.
1158 1069 1260 1096 Deinde
1274 1071 1320 1104 qui
1337 1069 1394 1097 haec
1408 1078 1495 1104 nuper
1509 1071 1623 1102 dixerat,
1639 1070 1708 1097 idem
1722 1070 1794 1096 ιιιιιΙ-

1010 1118 1064 1140 tam
1082 1122 1096 1141 a
1115 1114 1169 1141 Deo
1190 1115 1405 1142 benevolentiam
1417 1123 1481 1150 erga
1500 1115 1626 1151 Assyrius
1645 1114 1795 1141 adhibitam

1010 1161 1058 1194 ait,
1074 1168 1128 1196 quo
1143 1165 1264 1196 tempore
1277 1161 1356 1188 beato
1367 1160 1443 1187 Jona:
1453 1161 1627 1188 coneiouanti
1643 1159 1797 1187 assentient-

1010 1211 1050 1234 tes
1071 1206 1253 1241 resipuerunt.
1282 1216 1292 1232 ι
1313 1205 1445 1234 Dominus
1462 1206 1588 1241 patiens;
1607 1213 1735 1240 magnum
1753 1212 1798 1232 ro-

1010 1251 1063 1278 bur
1089 1251 1160 1286 ejus.
1186 1251 1360 1279 Absolvcndo
1383 1260 1437 1279 non
1467 1252 1589 1279 absolvet
1612 1251 1754 1278 Dominus.
1784 1258 1794 1275 ο

1010 1296 1148 1331 Quantum
1160 1297 1244 1330 enim,
1261 1297 1358 1332 inquit.
1384 1297 1519 1332 patienter
1540 1296 1612 1324 ferre
1623 1299 1650 1324 ct
1668 1295 1798 1323 dissimu—

1010 1345 1067 1372 lare
1083 1348 1195 1379 peccata
1221 1351 1252 1370 ac
1275 1343 1378 1371 scelera
1397 1344 1483 1374 novit,
1510 1342 1646 1378 siquando
1671 1341 1798 1369 homines

1011 1391 1044 1418 ad
1058 1391 1170 1417 meliora
1190 1389 1311 1417 converti
1325 1389 1431 1420 viderit,
1443 1388 1611 1415 tantumdem
1629 1387 1800 1414 demonstrat

1011 1435 1083 1463 vires
1110 1443 1175 1463 suas
1200 1435 1226 1462 in
1251 1442 1337 1470 poena:
1359 1433 1557 1468 magnitudine,
1582 1431 1716 1467 siquando
1739 1431 1800 1459 sine

1012 1482 1178 1516 pmnitentiae
1193 1490 1241 1517 spe
1258 1482 1351 1516 lapsos
1369 1479 1498 1512 senserit,
1519 1484 1602 1514 atque
1617 1479 1645 1506 in
1665 1478 1798 1506 malitiam

1013 1535 1146 1555 summam
1162 1533 1316 1562 provectos.
1330 1525 1465 1553 Nimirum
1481 1532 1530 1552 eos
1544 1532 1633 1560 neque
1648 1531 1663 1551 a
1674 1524 1802 1552 crimina-

1013 1574 1088 1600 tione
1102 1573 1208 1605 !iberat,
1224 1580 1310 1608 neque
1323 1580 1337 1599 a
1357 1572 1499 1606 culparum
1520 1578 1617 1606 poena;
1638 1570 1738 1606 quippe
1753 1569 1800 1606 qui

1011 1619 1067 1655 jam
1079 1619 1191 1647 suismet
1205 1619 1311 1647 actibus
1323 1617 1443 1646 damnati
1460 1621 1535 1645 sunt.

1051 1761 1131 1790 Vsus.
1141 1761 1449 1797 4,5.-—217Quenam
1459 1768 1541 1797 porro
1549 1763 1591 1788 est
1599 1759 1695 1786 harum
1705 1765 1797 1786 rerum

1013 1808 1232 1835 demonstratio?
1258 1817 1266 1833 ι
1279 1807 1307 1834 lu
1333 1807 1571 1834 consummatione
1587 1809 1614 1833 et
1632 1805 1659 1832 in
1676 1811 1801 1831 commo-

1014 1854 1088 1881 tione
1098 1853 1141 1880 via
1157 1853 1227 1888 ejus.
1241 1862 1251 1879 ι
1269 1852 1346 1879 Viam
1363 1852 1430 1879 dicit
1444 1852 1490 1880 Dei
1506 1856 1617 1880 actum:
1632 1857 1714 1884 quam
1730 1849 1804 1876 locu-

1014 1900 1113 1927 tionem
1128 1899 1162 1927 de
1183 1899 1341 1926 hominibus
1358 1905 1468 1933 quoque
1482 1905 1552 1932 saepe
1572 1899 1688 1932 usurpat
1708 1895 1803 1930 Scrip-

1013 1950 1092 1979 tura;
1119 1945 1219 1972 veluti:
1247 1954 1256 1970 ι
1269 1944 1350 1971 Novit
1373 1944 1505 1972 Domiu‘us
1522 1944 1592 1971 viam
1612 1942 1804 1970 immaculato-

1014 2000 1074 2019 rum
1088 1991 1120 2018 “.
1133 2001 1142 2017 I
1160 1990 1215 2018 ΙΙορ
1231 1990 1291 2017 loco
1307 1990 1414 2024 ait,sibi
1426 1990 1451 2017 id
1464 1998 1538 2017 nunc
1549 1989 1718 2024 propositum
1730 1995 1802 2018 esse.

1014 2043 1096 2073 atque
1114 2037 1217 2064 ideirco
1240 2037 1268 2065 in
1285 2045 1335 2065 vos
1353 2044 1443 2067 ruere,
1454 2042 1483 2063 ut
1497 2040 1588 2063 vestra
1602 2034 1694 2061 omnia
1708 2041 1804 2068 usque-

1014 2091 1121 2119 quaque
1136 2088 1317 2115 commOveat,
1329 2082 1460 2116 vobisque
1473 2081 1586 2108 exitium
1601 2079 1709 2107 inferat.
1723 2089 1733 2105 ι
1746 2078 1801 2106 Ne-

1014 2130 1084 2158 bulae
1104 2128 1189 2165 pulvis
1199 2128 1295 2165 pedum
1304 2128 1369 2163 ejus.
1380 2136 1390 2154 ι
1400 2127 1609 2160 Consequenter,
1618 2125 1680 2161 quia
1691 2133 1700 2150 ι
1709 2124 1778 2151 viam
1790 2133 1799 2148 ›

1014 2176 1130 2208 dixerat,
1147 2175 1232 2207 addit,
1256 2173 1386 2202 (Nebulae
1402 2173 1492 2208 pulvis
1506 2172 1604 2207 pedum
1618 2171 1689 2205 ejus.
1701 2179 1710 2196 ›
1736 2169 1803 2196 Nam

1016 2223 1098 2251 sicuti
1115 2221 1214 2249 accidit
1234 2224 1264 2247 ut
1283 2219 1307 2248 is
1324 2219 1371 2254 qui
1390 2218 1476 2246 multo
1492 2225 1554 2245 cum
1573 2217 1675 2251 impetu
1698 2215 1803 2245 currit,

1019 2268 1157 2303 pulverem
1174 2267 1202 2294 in
1221 2267 1330 2293 incessu
1349 2265 1464 2292 excitet:
1477 2264 1515 2291 ita
1525 2262 1692 2294 divinorum,
1705 2260 1804 2296 inquit.

1018 2315 1115 2348 pedum
1132 2313 1220 2348 pulvis
1236 2311 1341 2339 nebulae
1356 2314 1431 2338 sunt.
1449 2309 1552 2344 Nempe
1565 2307 1702 2344 signiﬁcat
1717 2314 1732 2334 a
1749 2305 1805 2333 Deo

1018 2361 1044 2387 in
1071 2367 1118 2387 vos
1141 2359 1262 2386 irruente
1285 2357 1445 2384 universum
1465 2362 1555 2383 acrem
1579 2358 1675 2381 contra
1699 2356 1806 2380 vosmet

1017 2405 1153 2432 convolvi.
1182 2403 1331 2431 «Minitaus
1348 2402 1432 2435 mari,
1456 2400 1576 2435 illudque
1601 2399 1761 2430 exsiccans,
1778 2402 1806 2424 et

1017 2451 1127 2480 ﬂumina
1144 2450 1406 2478 cunctadevastans.
1421 2459 1430 2474 ι
1442 2447 1494 2480 Qui
1506 2449 1594 2482 potest
1605 2445 1709 2473 scilicet
1723 2445 1805 2470 unius

1017 2505 1068 2533 ope
1078 2497 1154 2525 vocis
1168 2504 1243 2524 mare
1255 2495 1408 2530 ﬂuviosque
1421 2493 1522 2529 pariter
1533 2491 1683 2520 exsiccare.
1699 2489 1806 2523 Quibus

1016 2544 1108 2571 verbis
1131 2543 1203 2570 Deus
1224 2542 1346 2570 declarat
1372 2539 1500 2576 perfacile
1525 2538 1577 2565 sibi
1597 2545 1659 2565 esse
1683 2539 1806 2563 vestrum

1016 2589 1145 2625 populum
1169 2587 1368 2623 quantumlibet
1394 2592 1510 2615 numero
1535 2584 1671 2619 ingentem
1691 2581 1804 2610 exscin-

1017 2632 1092 2664 dere.
1104 2631 1239 2667 siquando
1246 2631 1371 2658 voluerit.
1385 2629 1487 2657 Deinde
1498 2628 1536 2656 rei
1545 2633 1626 2662 gestae
1635 2627 1809 2653 demonstra-

1021 2679 1122 2705 tionem
1147 2677 1287 2713 proferens
1305 2686 1312 2704 :
1333 2685 1343 2702 ι
1362 2675 1506 2703 lmminuta
1523 2678 1574 2706 est.
1601 2673 1648 2703 ait.
1671 2671 1808 2699 Dasanitis

1021 2729 1048 2751 et
1064 2724 1216 2756 Carmelus,
1232 2728 1259 2750 et
1275 2723 1365 2750 omnis
1381 2721 1477 2749 Libani
1501 2720 1551 2747 llos
1567 2719 1681 2747 defecit:
1702 2722 1808 2744 montes

1022 2777 1037 2796 a
1060 2768 1114 2796 Deo
1132 2769 1258 2796 concussi
1274 2768 1385 2795 fuerunt
1401 2767 1537 2800 collesque
1557 2763 1702 2792 commoti:
1729 2762 1808 2789 tellus

1023 2823 1114 2843 coram
1127 2822 1160 2843 eo
1173 2822 1235 2843 cum
1248 2813 1354 2842 colonis
1370 2812 1427 2842 suis
1438 2811 1553 2840 inhibita
1565 2815 1616 2839 est.
1631 2819 1640 2836 ›
1662 2808 1807 2836 Enimvero
