1969 3069
203 161 255 195 ιιι

791 163 965 194 TIIEODORI
984 166 1098 195 MOPSU
1105 166 1227 196 ESTENI

1774 151 1833 200 mi

207 214 318 248 fecisti,
337 215 434 244 eadem
465 216 539 246 Dens
567 218 597 246 in
640 223 724 255 caput
755 224 834 248 tuum
867 224 986 250 retorsit.

1045 231 1110 259 μενα
1131 225 1204 252 κοικά
1224 225 1374 259 διαφυγεῖν,
1396 216 1489 260 ἐπειδὴ
1511 225 1529 252 ἃ
1552 213 1705 262 πεποίηκας
1724 225 1764 257 είς
1783 226 1830 252 τδσι

209 271 219 287 ι
238 262 328 296 Quare
352 263 516 292 excutienda
538 265 711 294 excutierunt
732 274 791 298 eos.
815 271 842 295 et
866 268 992 304 palmites

204 315 302 335 eorum
314 315 513 344 corruperunt,
531 319 607 338 arma
624 313 751 347 potentiae
769 314 829 348 ejus
851 322 885 341 ex
905 314 992 342 homi-

205 353 298 380 nibus.
318 362 328 379 ι
342 353 447 386 Tenue,
462 355 562 391 inquit.
576 361 658 384 erunt
674 358 817 386 adversum
832 363 859 387 te
872 359 992 387 hostium

205 398 291 430 vires,
304 403 334 427 ut
345 401 399 428 ritu
412 408 508 429 eorum
524 403 570 438 qui
581 408 682 431 vestem
693 405 845 437 excutiunt,
861 406 993 441 dignitate

206 447 253 470 tua
267 446 448 479 proterendus
475 449 529 482 sis;
546 453 627 484 atque
643 450 735 477 omnia
750 451 913 483 amissurus,
929 452 992 487 qui-

206 489 258 517 bus
282 495 312 517 ιιι
338 491 402 519 olim
425 494 543 528 stipatus
569 501 602 522 ac
626 496 709 523 veluti
737 496 872 525 famulitio
901 499 992 527 cultus

206 536 395 570 superbiebas.
406 538 522 567 Prorsus
532 540 610 575 221
620 545 648 567 ut
663 542 744 569 verba
757 543 789 570 ad
802 545 992 580 compendium

205 582 356 615 eanferam,
370 584 465 611 bellica
481 588 570 614 omnis
585 587 678 622 peritia
691 593 736 615 tua
746 594 899 625 cunctaque
907 591 948 618 vis
957 599 990 619 ex

207 628 328 655 incolatu
347 629 487 658 hominum
500 633 739 661 exterminabitur.
752 635 854 663 Deinde
873 641 990 664 veterem

206 673 364 700 eorumdem
382 676 529 708 potentiam
547 682 688 711 memorat,
706 687 766 714 qua!
778 680 814 707 ab
827 681 880 708 illis
895 685 992 709 contra

208 716 251 744 fas
275 719 412 750 exercita,
442 720 509 748 nihil
536 722 564 749 in
592 725 718 757 praesenti
748 725 891 760 profutura
921 731 990 755 erat.

210 771 221 788 ι
245 762 302 790 νινε
330 766 436 793 strenui
466 766 555 801 ignem
583 769 702 797 ludibrio
730 771 870 800 habentes.
896 782 905 798 ι
936 773 991 802 Vos

207 808 357 854 quondam,
383 811 437 842 ait.
465 813 550 840 tantis
579 814 683 842 viribus
707 816 862 851 pollebatis,
885 822 914 845 nt
939 819 991 854 ipsi

208 853 323 882 flamma:
347 860 454 884 certare
477 865 531 885 non
556 859 729 888 dubitaretis.
752 871 762 887 ι
784 861 902 890 Habeam
931 853 993 891 cur-

208 906 289 926 rnum
310 900 433 933 illorum,
456 903 483 930 in
506 904 549 932 die
562 907 770 941 przeparationis
792 908 871 942 ejus;
887 911 993 945 equites

208 945 391 989 turbabuntur
413 948 440 975 in
460 949 522 978 viis.
545 960 554 979 ι
579 951 662 986 Equis
677 953 741 980 olim
763 955 945 989 curribusqne
962 957 995 983 fi-

208 988 298 1021 distis.
316 991 362 1024 qui
384 999 458 1020 nunc
478 993 590 1023 inutiles
611 1001 685 1023 sunt.
709 997 776 1024 Nam
799 1007 854 1034 quo
875 988 995 1036 tempore

209 1035 264 1062 Deo
278 1037 367 1065 visum
383 1038 465 1066 fuerit
482 1048 591 1075 poenam
606 1043 683 1071 vobis
696 1044 818 1080 inﬂigere
828 1065 836 1076 .
849 1035 994 1082 trepidatio

208 1088 307 1109 currus
322 1086 355 1110 'ct
368 1085 474 1120 equites
495 1088 652 1122 occupabit,
671 1089 709 1116 ita
731 1094 760 1117 ut
782 1094 856 1118 metu
873 1091 993 1120 hostium

209 1127 276 1153 nihil
298 1135 380 1164 agere
396 1136 510 1166 queant.
526 1142 535 1158 ι
555 1133 766 1162 Confundentur
787 1144 898 1169 currus,
915 1142 943 1165 et
964 1138 993 1166 in

208 1171 308 1219 plateis
329 1175 503 1206 collidentur.
523 1187 533 1204 ι
553 1179 582 1206 In
603 1179 713 1215 fugam,
734 1181 838 1217 inquit,
860 1191 890 1211 se
906 1184 995 1219 conji-

208 1216 282 1246 cient
298 1227 306 1246 :
321 1220 373 1249 hae
386 1227 476 1250 autem
491 1225 677 1260 trepidatione
689 1227 761 1255 inter
773 1216 802 1255 se
818 1229 916 1262 collisi,
932 1216 995 1258 ante

207 1261 328 1292 hastium
343 1267 488 1296 adventum
500 1278 610 1305 pessum
623 1272 709 1300 ibunt.
726 1283 736 1299 ι
752 1273 886 1309 Aspectns
899 1283 994 1304 eorum

208 1312 239 1336 ut
254 1310 392 1346 lampades
416 1315 511 1349 igneae.
527 1321 557 1344 ut
573 1317 680 1353 fulgura
698 1319 892 1349 discurrentia.
909 1332 918 1348 ι
939 1322 995 1350 Iro-

209 1353 272 1382 nice
297 1356 325 1383 id
350 1357 418 1386 dicit
439 1369 445 1387 :
469 1369 567 1396 nempe
589 1370 637 1390 vos
664 1364 733 1391 nihil
756 1365 863 1400 fulgure
886 1367 996 1396 differre

209 1406 314 1429 vosmet
336 1406 493 1440 putavistis,
516 1409 563 1443 qui
585 1409 742 1438 lucentibus
764 1411 849 1440 annis
875 1414 993 1448 praediti.

209 1446 362 1476 vehementi
378 1452 479 1487 impetu
495 1452 523 1480 in
541 1453 634 1482 hostes
652 1454 823 1484 ferebamini.

1051 270 1167 307 Ἰσραὴλ,
1193 273 1233 304 είς
1260 272 1309 308 τὴν
1335 272 1456 308 κεφαλὴν
1478 271 1575 307 ἔτρεψε
1592 272 1641 307 τήν
1655 271 1704 307 σὴν
1721 272 1735 297 ὁ
1749 271 1828 302 Θεός.

1048 325 1058 342 ι
1079 317 1150 343 Διότι
1158 317 1359 350 ὲκτινάσσοντες
1367 315 1525 351 ἒξετίναξαν
1539 316 1647 348 αὐτοὺς,
1661 316 1753 343 καὶτὰ
1764 316 1830 351 κλή-

1048 370 1120 396 ματα
1136 362 1223 389 αίιτῶν
1241 363 1407 398 διέφθειραν,
1429 362 1500 389 ὂπλα
1520 362 1680 393 δυναστείας
1698 361 1780 388 αὑτοῦ
1800 360 1829 394 ἐξ

1046 405 1210 442 ἀνθρώπων.
1223 417 1232 433 ι
1244 408 1283 443 (p.
1308 408 1371 443 537)
1387 408 1511 443 Τοσαύτη
1527 407 1582 442 γάρ
1605 406 1681 433 ἔσται
1697 406 1768 433 κατά
1782 406 1829 433 σοῦ

1044 450 1100 477 τῶν
1114 451 1249 488 πολεμίων
1263 453 1279 488 ἡ
1295 452 1418 488 δύναμις,
1427 452 1497 479 ὥστε
1512 460 1542 478 σε
1557 451 1633 487 δίκην
1643 451 1697 478 τῶν
1709 452 1831 478 ὲκτινατ-

1044 497 1144 524 τόντων
1154 498 1265 534 ἐσθῆτα,
1275 498 1325 533 τῆς
1334 498 1411 531 ἀξίας
1421 497 1567 525 ἀποϐαλεῖν
1580 497 1629 533 τῆς
1642 497 1753 529 οίκείας,
1762 497 1831 524 ἀποο

1045 543 1122 570 λέσαι
1134 551 1164 570 τε
1179 543 1286 571 ᾶπαντα
1315 544 1357 579 ἐφ’
1367 541 1407 576 οἷς
1415 544 1453 576 ὡς
1466 543 1651 571 κεκυκλωκόσι
1667 551 1697 570 σε
1710 543 1830 578 καὶπερὶ

1044 590 1094 625 τὴν
1110 588 1257 624 θεραπείαν
1268 589 1462 624 ήσχολημὲνοις
1475 589 1524 625 τὴν
1540 588 1588 624 σὴν
1601 588 1672 623 μέγα
1687 588 1808 622 ὲφρόνεις
1820 595 1828 605 ο

1045 634 1102 667 καὶ,
1119 635 1256 670 συντόμως
1269 636 1366 667 εἰπεῖν,
1384 634 1473 661 πᾶσαν
1486 643 1532 660 σου
1550 634 1600 669 τὴν
1616 633 1764 669 πολεμικήν
1780 634 1829 668 ἐμ.-

1044 681 1154 716 πειρίαν
1173 681 1222 708 καὶ
1251 681 1342 707 πᾶσαν
1361 680 1410 716 τὴν
1420 680 1533 715 δύναμιν
1546 680 1575 712 ἐξ
1594 680 1719 706 ἁπάντων
1732 679 1830 705 ἀπολέ-

1046 734 1121 752 σουσι
1136 726 1191 753 τῶν
1205 726 1364 762 ἀνθρώπων.
1384 723 1450 752 Εἶτα
1470 726 1517 752 καὶ
1541 724 1590 760 τὴν
1606 724 1723 751 παλαιὰν
1740 724 1829 751 αὐτῶν

1045 772 1175 799 ὲντίθεται
1189 772 1302 807 δύναμιν
1318 769 1390 808 ᾗπερ
1407 772 1457 798 οὐκ
1470 772 1509 802 είς
1526 771 1585 797 δέον
1607 771 1767 805 ἐχρήσαντο,
1791 770 1829 802 ὠς

1044 819 1119 846 οὐδὲν
1135 819 1234 850 αὐτοὺς
1266 819 1457 854 ὼφελήσουσαν
1489 819 1517 845 ἐν
1541 817 1580 852 τῷ
1600 816 1712 852 παρόντι
1729 816 1827 852 καιρῷ.

1048 875 1058 891 ‹
1077 866 1188 902 Ἄνδρες
1208 865 1316 892 δυνατοὶ
1342 864 1520 900 ἐμπαίζοντες
1542 864 1572 890 ὲν
1595 863 1671 899 πυρί.
1694 872 1703 889 ι
1734 863 1830 898 Ὑμεῖς

1008 913 1029 940 Β
1042 908 1101 946 ἦτε,
1112 911 1204 946 φησὶν,
1215 912 1240 937 οἱ
1253 911 1286 937 δι’
1296 911 1447 946 ὑπερόολὴν
1463 910 1552 945 ἰσχύος
1567 909 1627 936 οὑδὲ
1642 909 1728 945 πυρὸς
1746 917 1830 936 κατα-

1043 957 1144 992 τολμᾷν
1162 957 1312 989 ὀκνοῦντες.
1335 966 1344 982 ι
1366 958 1398 984 Αἱ
1424 956 1497 991 ἡνίαι
1520 956 1574 982 τῶν
1593 956 1722 992 ἁρμάτων
1741 956 1830 982 αὐτῶν

1043 1002 1072 1028 ἐν
1087 1003 1177 1038 ἡμέρᾳ
1196 1002 1353 1038 έτοιμασίας
1365 1002 1457 1035 αὐτοῦ,
1472 1003 1517 1029 καὶ
1529 1003 1552 1029 oi
1571 1003 1664 1034 ἱππεῖς
1678 1001 1830 1037 θορυϐηθή-

1044 1056 1133 1075 σονται
1162 1049 1191 1075 ὲν
1216 1050 1276 1080 ταῖς
1302 1049 1381 1081 ὁδοῖς.
1401 1058 1410 1074 ι
1424 1049 1455 1075 Οί
1468 1048 1538 1084 μέγα
1552 1048 1594 1084 ἐφ’
1609 1049 1702 1080 ἵπποις
1715 1056 1745 1075 τε
1765 1056 1830 1083 φρο-

1042 1094 1150 1127 νοῦντες
1165 1095 1211 1122 καὶ
1228 1095 1358 1131 ἅρμασιν,
1375 1095 1393 1122 ἃ
1409 1096 1440 1130 δὴ
1458 1096 1549 1122 πάντα
1564 1095 1612 1122 νῦν
1629 1096 1693 1130 ὑμῖν
1706 1095 1830 1130 ἀχρηστα

1042 1142 1180 1175 φανεῖται·
1196 1142 1225 1167 ὲν
1239 1140 1292 1176 γὰρ
1314 1141 1353 1177 τῷ
1368 1141 1455 1177 καιρῷ
1471 1141 1532 1168 καθ’
1553 1141 1583 1168 ὃν
1609 1140 1830 1177 παρεσκεύασται

1041 1187 1117 1223 παρά
1131 1187 1198 1214 Θεοῦ
1222 1187 1256 1214 τά
1280 1187 1331 1222 τῆς
1356 1188 1490 1224 τιμωρίας
1510 1188 1584 1223 ὑμῖν,
1603 1187 1715 1224 θόρυϐος
1736 1187 1782 1214 καὶ
1796 1187 1830 1213 τὶ

1042 1234 1153 1269 ἅρματα
1169 1233 1217 1260 καὶ
1230 1233 1293 1265 τοὺς
1309 1233 1401 1265 ἱππεῖς
1415 1233 1533 1266 καθέξει,
1544 1233 1621 1260 οὐθὲν
1640 1232 1774 1259 ἐπιτελεῖν
1786 1230 1830 1258 διὰ

1042 1279 1073 1305 τὸ
1083 1279 1141 1311 δέος
1150 1278 1204 1306 τῶν
1216 1278 1352 1314 πολεμίων
1365 1278 1438 1311 οἴους
1452 1288 1482 1306 τε
1493 1279 1582 1310 ὄντας.
1604 1288 1613 1304 ι
1628 1278 1830 1313 Συγχυθήσεται

1044 1322 1079 1348 τά
1087 1322 1261 1358 apum-tamet
1271 1322 1509 1358 συμπλακήσονται
1529 1324 1558 1350 ὲν
1574 1324 1633 1355 ταῖς
1655 1322 1804 1353 πλατείαις.
1818 1331 1827 1347 ι

1045 1368 1116 1403 Πρὸς
1136 1368 1225 1404 φυγὴν
1251 1368 1316 1404 γὰρ,
1344 1369 1437 1404 φησὶν,
1459 1369 1608 1405 ὁρμήσουσι
1626 1369 1741 1400 πάντες·
1759 1367 1830 1394 ὥστε

1045 1413 1097 1440 ὑπὸ
1111 1414 1161 1449 τῆς
1170 1413 1337 1449 κατεχούσης
1346 1414 1443 1446 αὐτοὺς
1457 1415 1582 1450 ἀπορίας1
1595 1413 1718 1450 ἀλλήλοις
1733 1414 1830 1446 αὐτοὺς

1047 1459 1286 1495 συμπλεκομένους
1298 1459 1351 1496 πρὸ
1368 1459 1418 1495 τῆς
1435 1460 1530 1496 ἐφόδου
1546 1460 1601 1487 τῶν
1616 1459 1752 1496 πολεμίων
1766 1460 1830 1486 ἑαυ-

207 1493 271 1524 τοὺς
285 1494 437 1525 ἀπολλύειν.
456 1508 465 1524 ι
481 1499 512 1526 Ἦ
525 1500 619 1536 ὅρασις
632 1502 721 1529 αὐτῶν
735 1503 773 1535 ὡς
783 1504 922 1539 λαμπάδες
941 1505 1037 1542 πυρὸς,
1050 1493 1097 1533 καὶ
1107 1506 1144 1538 ὡς
1158 1493 1507 1544 ἀστραπαὶΔδιατρέχουσαι.
1520 1516 1530 1534 ι
1548 1507 1585 1542 (p.
1599 1507 1661 1542 558)
1676 1493 1832 1542 ἰίξίρωνικῶς

209 1539 256 1565 lmi-
274 1541 415 1580 διασυρμῷ
431 1546 509 1574 τοῦτο
527 1547 621 1582 λέγει·
637 1551 725 1577 καίτοι
744 1560 787 1586 γε,
810 1554 903 1588 φησὶν,
924 1539 1000 1582 οὐδέν
1020 1554 1167 1590 ἀστραπῶν
1193 1539 1240 1582 καὶ
1260 1539 1344 1591 πυρὸς
1366 1539 1532 1583 διαλλάττειν
1552 1539 1717 1590 ένομίζέσθε-
1729 1554 1831 1591 ἐκλάμ-

208 1588 305 1618 ποντέε
314 1598 343 1616 τε
357 1594 411 1624 τοῖς
422 1594 513 1626 ὅπλοις
526 1597 572 1623 καὶ
586 1597 654 1632 μετὰ
668 1598 768 1634 πολλῆς
781 1599 830 1636 τῆς
839 1601 1017 1638 σφοδρότητος
1029 1588 1151 1634 ἐπιόντες
1162 1604 1219 1635 τοῖς
1235 1588 1375 1635 ἐναντίοις.

248 1634 330 1664 Vsus.
341 1637 396 1666 5-7.
404 1655 438 1660 ——
447 1651 456 1666 ι
469 1641 550 1677 Fuga:
562 1643 678 1672 interdiu
691 1634 825 1675 memores
836 1634 917 1675 erunt
925 1634 994 1684 opti-

1082 1649 1156 1684 Στίχ.
1172 1634 1239 1682 ε’-ξ,
1257 1665 1292 1670 -
1305 1659 1314 1676 ι
1332 1634 1386 1678 καὶ
1401 1650 1601 1687 μνησθήσονται
1616 1649 1641 1677 oi
1659 1650 1830 1686 μεγιστᾶνες.

211 1686 315 1710 mates:
336 1684 363 1712 in
384 1687 563 1721 trepidatione
583 1698 633 1718 sua
652 1691 821 1720 festinabunt
838 1695 938 1722 mmnia
953 1699 994 1723 te-

1046 1695 1093 1722 καὶ
1107 1695 1249 1730 φεύξονται
1261 1696 1376 1733 ἡμέρας,
1389 1684 1435 1723 καὶ
1448 1684 1631 1732 κρατήσουσιν
1643 1684 1672 1724 ὲν
1684 1697 1716 1732 τῇ
1729 1696 1832 1732 ἀπορίᾳ

212 1735 296 1761 nere;
309 1734 511 1766 propugnacula
523 1743 572 1762 sua
588 1739 789 1773 praeparabant.
805 1749 814 1765 ι
836 1739 934 1768 Vester
950 1741 994 1770 ille

1049 1741 1139 1768 αὐτῶν
1153 1742 1200 1769 καὶ
1213 1742 1375 1770 σπεύσουσιν
1389 1743 1434 1770 ἐπὶ
1448 1743 1481 1769 τὰ
1495 1743 1583 1778 τείχη,
1597 1743 1645 1771 καὶ
1657 1743 1831 1778 ὲτοιμάσουσι

211 1779 359 1808 apparatus
379 1782 461 1813 atque
485 1785 625 1810 armatura
643 1784 669 1811 in
686 1792 796 1813 cassum
819 1785 874 1815 ﬂet.
900 1787 996 1822 Itaque

210 1820 314 1868 omisso
337 1825 429 1857 pnelio
453 1825 543 1862 fugam
567 1829 764 1859 meditabimini
785 1841 792 1859 :
828 1840 916 1868 neque
945 1820 996 1861 hac

212 1865 268 1898 ipsa
287 1869 414 1903 expedite
425 1873 557 1908 utemini;
573 1875 619 1902 sed
638 1883 700 1903 cum
716 1877 818 1912 ingenti
835 1883 996 1906 consterna-

211 1912 286 1941 tione
305 1922 445 1947 currentes
459 1920 494 1947 ob
510 1921 680 1956 ingruentem
698 1924 817 1952 hostium
834 1930 947 1960 metum,
962 1927 995 1954 ad

212 1961 324 2009 inmitia,
343 1972 403 1999 qua:
417 1967 474 1994 sola
491 1968 595 2004 reliqua
610 1974 700 2003 erunt,
718 1971 893 2006 festinabitis,
906 1981 996 2009 pugna

209 2003 247 2032 ob
259 2005 476 2041 desperationem
495 2003 597 2042 onitissa
611 2024 618 2042 :
635 2019 717 2051 atque
737 2016 800 2044 hinc
820 2003 931 2046 tutelam
944 2003 997 2047 es-

211 2053 389 2089 spectabitis,
409 2060 436 2083 et
455 2058 489 2084 ad
504 2064 663 2087 consuetam
682 2069 822 2089 murorum
842 2064 996 2092 custodiam

211 2097 303 2125 studio
333 2101 405 2128 omni
427 2102 601 2133 incumbetis.
624 2106 702 2140 Quod
724 2116 789 2136 vero
810 2109 921 2143 gravius
942 2114 996 2143 est,

213 2151 224 2169 ι
237 2142 324 2173 Porta
346 2148 454 2176 urbium
476 2155 633 2185 patuerunt.
649 2154 723 2189 regia
743 2142 845 2189 palatia
867 2142 997 2183 concide;

212 2194 286 2224 runt,
304 2199 369 2227 opes
386 2196 510 2224 revelata:
530 2202 604 2225 sunt.
625 2198 685 2233 ipsa
704 2200 838 2233 ascendit,
852 2205 879 2229 et
892 2202 999 2229 ancillae

210 2234 272 2268 ejus
290 2240 489 2275 praecedebant,
506 2250 554 2270 cett
569 2243 701 2273 columbae
715 2245 857 2281 loquentes
871 2247 898 2274 in
915 2247 998 2276 corde

211 2288 272 2309 suo.
288 2291 297 2308 ι
318 2283 370 2311 Sed
385 2286 457 2313 enim
474 2295 508 2314 ne
520 2289 635 2325 perfugii
650 2290 759 2325 quidem
768 2292 848 2326 222
858 2292 890 2319 ad
903 2301 996 2322 muros

1045 1787 1094 1818 τὰς
1108 1787 1286 1823 προφυλακὰς
1296 1788 1396 1816 αὐτῶν.
1413 1798 1422 1814 ι
1438 1789 1478 1815 Τὰ
1490 1789 1539 1824 μὲν
1553 1789 1584 1825 δή
1595 1789 1643 1824 τῆς
1657 1788 1832 1825 παρασκευῆς

1036 1833 1111 1869 ’ὑμῖν
1124 1834 1247 1870 ἐκείνης,
1271 1835 1318 1861 καὶ
1337 1834 1387 1870 τῆς
1401 1835 1541 1871 δυνάμεως
1558 1835 1671 1872 περιττὰ
1687 1837 1830 1872 γενήσεται

1046 1882 1134 1908 πάντα
1143 1890 1150 1897 ·
1164 1882 1195 1908 τὺ
1209 1882 1339 1917 πολεμεῖν
1351 1882 1379 1909 δὲ
1391 1882 1514 1918 ἀφέντες,
1530 1883 1619 1919 φυγῆς
1634 1883 1749 1919 λήψεσθε
1764 1884 1833 1919 μνή-

1047 1934 1102 1961 μην
1113 1934 1119 1941 ·
1137 1927 1185 1953 καὶ
1200 1926 1260 1953 οὐδὲ
1280 1926 1368 1963 ταύτῃ
1393 1927 1528 1963 χρώμενοι
1551 1927 1590 1963 τῷ
1612 1927 1704 1963 δρόμῳ
1720 1928 1764 1955 διὰ
1782 1927 1831 1964 τὴν

1047 1972 1198 2008 ὑπερϐολὴν
1212 1972 1258 1999 τοῦ
1271 1973 1446 2009 ἐπικειμένου
1457 1973 1532 2005 δέους
1542 1973 1595 2001 τῶν
1609 1973 1743 2009 πολεμίων
1754 1974 1828 2009 ὑμῖν·

1046 2018 1244 2054 ἀναδραμεῖσθε
1258 2019 1290 2056 δὴ
1310 2019 1403 2046 λοιπὸν
1417 2020 1463 2046 ἐπὶ
1475 2020 1509 2046 τά
1525 2020 1613 2056 τείχη,
1630 2019 1674 2047 τὸν
1688 2020 1737 2055 μὲν
1751 2020 1830 2047 πόλε-

1048 2073 1098 2098 μον
1114 2064 1157 2090 διά
1180 2064 1280 2100 πολλὴν
1296 2065 1452 2100 ἀπόγνωσιν
1467 2065 1597 2100 ἀφέντες,
1614 2065 1663 2101 τὴν
1678 2065 1707 2098 ἐξ
1720 2065 1830 2093 ἐκείνων

1045 2109 1073 2136 δὲ
1094 2110 1295 2145 προσδοκῶντες
1316 2109 1387 2143 ἕξειν
1403 2111 1553 2146 ἀσφάλειαν
1564 2131 1571 2142 ,
1590 2111 1637 2137 καὶ
1653 2110 1684 2146 δὴ
1702 2111 1749 2137 καὶ
1765 2111 1831 2148 περὶ

1046 2155 1095 2187 τὰς
1113 2156 1237 2188 εἰωθυίας
1254 2156 1299 2183 ἐπὶ
1313 2149 1373 2183 ’τῶν
1394 2157 1491 2192 τειχῶν
1508 2157 1631 2192 φυλακὰς
1647 2157 1736 2183 πᾶσαν
1755 2157 1831 2189 ἕξετε

1045 2201 1096 2236 τὴν
1110 2201 1247 2237 ἀσχολίαν.
1263 2202 1318 2229 Καὶ
1331 2202 1361 2229 τὺ
1373 2202 1405 2238 δή
1421 2203 1522 2238 μεῖζον·
1542 2211 1551 2228 ι
1567 2202 1717 2229 Πύλαιτῶν
1727 2202 1831 2229 πόλεων

1045 2247 1252 2283 διηνοίχθησαν,
1268 2249 1315 2275 καὶ
1330 2248 1364 2276 τὰ
1384 2249 1507 2284 βασίλεια
1528 2249 1647 2282 διέπεσε,
1665 2249 1712 2276 καὶ
1732 2250 1749 2285 ὴ
1765 2249 1831 2277 ὑπό-

1048 2302 1142 2326 στασις
1156 2294 1335 2330 ἀπεκαλύφθη
1345 2304 1353 2311 ·
1372 2296 1419 2322 καὶ
1431 2295 1500 2328 αὕτη
1517 2296 1652 2328 ἀνέϐαινε,
1667 2296 1715 2324 καὶ
1728 2296 1757 2323 αι
1772 2296 1832 2323 δοῦ-

212 2327 266 2355 ulla
285 2330 362 2358 vobis
380 2332 485 2360 utilitas
499 2338 558 2366 ed;
580 2335 720 2370 potientur
734 2337 807 2364 enim
821 2337 932 2365 civitate
950 2339 994 2367 ho-

1049 2338 1093 2365 λαι
1108 2340 1192 2374 αὐτῆς
1206 2327 1314 2375 ἤγοντο,
1329 2327 1420 2373 καθὼς
1433 2327 1593 2378 περιστεραὶ
1607 2341 1788 2377 φθεγγόμεναι
1802 2342 1831 2368 ὲν

212 2378 279 2405 stes.
305 2383 406 2412 perque
430 2383 523 2412 portas
549 2381 635 2408 multa
655 2390 717 2409 cum
741 2383 888 2411 securitate
909 2384 998 2419 ingre-

211 2418 340 2456 dientnr;
372 2425 462 2459 regias
483 2424 581 2454 domos
607 2434 622 2454 a
650 2428 834 2457 fundamentis
858 2434 998 2464 evertent;

210 2474 276 2500 opes
298 2471 359 2496 tuas
382 2477 477 2499 omnes
499 2476 580 2507 atque
601 2473 745 2501 thesauros
769 2474 833 2501 dum
855 2475 998 2511 diripiunt.

212 2512 336 2546 publicos
353 2515 470 2548 facient;
487 2526 658 2554 quaecunque
675 2520 780 2547 scilicet
794 2520 917 2556 diligenti
933 2522 998 2550 olim

210 2562 237 2584 ct
251 2565 351 2585 arcana
365 2563 492 2590 custodia
515 2565 671 2593 servabas.‘
685 2575 694 2592 ι
708 2565 740 2592 Et
759 2566 818 2601 ipsa
840 2568 974 2595 ascendit.
985 2578 994 2595 ι

211 2602 334 2631 Ninivein
350 2607 453 2635 scilicet
470 2609 535 2637 dicit
554 2611 697 2646 propheta.
729 2610 798 2647 (Pro
818 2621 826 2637 ι
838 2612 970 2641 ascendes
984 2623 993 2640 ι

212 2649 250 2677 ait
266 2660 275 2676 ι
294 2653 427 2686 ascendit,
441 2663 450 2680 ι
481 2663 556 2683 mure
584 2664 635 2684 suo
648 2662 778 2692 .tempora
804 2659 999 2695 commutans.)

212 2697 362 2728 Ascendes.
379 2699 477 2735 inquit.
492 2701 524 2728 ad
543 2702 683 2729 inimicum
700 2711 789 2737 regem
805 2702 933 2736 deducta,
955 2711 999 2730 ca-

213 2743 286 2777 ptiva
304 2744 402 2772 deinde
420 2753 565 2773 mansura:
581 2752 742 2782 cunctzeque
758 2747 805 2774 tibi
821 2748 938 2775 subdit-.e
951 2756 999 2775 ur-

212 2789 261 2818 bes
278 2793 360 2826 atque
374 2791 436 2827 pagi
458 2791 512 2827 (bis
532 2793 604 2820 enim
621 2793 782 2822 ancil'w-m
797 2794 906 2820 numina
924 2793 1002 2830 facit)

249 2891 304 2928 (46)
321 2893 387 2922 Cod.
405 2893 537 2932 ἀναϐήσῃ.

1046 2384 1146 2420 καρδίᾳ
1160 2385 1274 2412 ἑαυτῶν.
1293 2395 1302 2411 ι
1328 2385 1409 2413 Ἀλλὰ
1421 2386 1474 2422 γάρ
1489 2387 1550 2414 οὐδὲ
1563 2387 1613 2423 τῆς
1628 2388 1691 2422 περὶ
1705 2387 1739 2414 τὰ
1753 2387 1830 2424 τείχη

1047 2430 1164 2466 σπουδῆς
1177 2430 1271 2465 ὄφελός
1286 2440 1311 2458 τι
1324 2431 1437 2466 γέγονεν
1447 2432 1511 2467 ὑμῖν
1520 2441 1527 2448 ·
1541 2434 1706 2469 κρατήσουσι
1717 2432 1770 2468 γὰρ
1780 2433 1832 2468 τῆς

1047 2476 1151 2508 πόλεως
1168 2477 1193 2503 ot
1214 2477 1355 2512 πολέμιοι,
1372 2478 1409 2513 (p.
1424 2478 1487 2513 539)
1502 2478 1550 2505 καὶ
1566 2478 1611 2505 διά
1624 2487 1656 2512 γε
1670 2479 1724 2505 τῶν
1738 2478 1831 2506 πυλῶν

1049 2519 1119 2555 μετά
1134 2521 1234 2556 πολλῆς
1248 2522 1444 2556 εἰσελεύσονται
1461 2524 1511 2558 τῆς
1530 2522 1637 2554 ἀδείας·
1655 2523 1690 2550 τὰ
1709 2523 1834 2558 βασίλειά

1050 2574 1080 2592 τε
1095 2566 1233 2598 παντελῶς
1249 2566 1392 2601 ἀφανιοῦσι
1404 2576 1411 2583 ·
1428 2568 1517 2595 πᾶσαν
1531 2568 1560 2594 τέ
1582 2577 1630 2595 σου
1645 2568 1695 2604 τήν
1716 2569 1833 2605 ὕπαρξιν

1050 2611 1096 2638 καὶ
1115 2611 1218 2643 πάντας
1232 2612 1295 2644 τοὺς
1311 2613 1455 2648 περιόντας
1469 2622 1509 2640 σοι
1526 2612 1679 2650 θησαυροὺς
1694 2615 1727 2641 δι’
1745 2615 1834 2651 ἁρπα-

1047 2657 1098 2693 γῆς
1114 2658 1307 2693 ποιησάμενοι,
1332 2659 1474 2694 καταφανῆ
1494 2659 1577 2686 πᾶσιν
1593 2659 1765 2696 ἐργάσονται,
1786 2661 1834 2688 καὶ

1048 2703 1082 2730 τὰ
1098 2703 1181 2730 πάλαι
1196 2712 1237 2731 σοι
1247 2704 1291 2731 διὰ
1304 2704 1403 2740 πολλῆς
1414 2713 1444 2731 τε
1457 2705 1521 2731 ὄντα
1536 2705 1660 2742 φυλακῆς
1674 2707 1720 2734 καὶ
1735 2707 1834 2742 κεκρύ-

1049 2748 1114 2783 φθαι
1123 2749 1263 2778 δοκοῦντα.
1280 2759 1289 2776 ι
1308 2751 1362 2777 Καὶ
1376 2750 1444 2787 αὑτὴ
1457 2751 1507 2786 μὲν
1521 2751 1646 2780 ἀνέὸαινε
1659 2753 1725 2788 (46).
1740 2762 1748 2779 ι
1762 2753 1834 2788 Πρὸς

1048 2793 1098 2829 τὴν
1112 2794 1214 2833 Νινευὴ
1224 2795 1252 2822 δὲ
1268 2795 1282 2821 ό
1298 2796 1442 2832 προφήτης
1456 2795 1550 2830 φησὶν.
1563 2796 1625 2823 ἀντὶ
1637 2796 1698 2831 τοῦ,
1719 2806 1728 2824 ι
1754 2796 1833 2824 Ἀνα-
