1981 3073
134 160 186 190 413
621 159 898 190 COMMENTARIUS
915 161 922 189 1

972 162 1104 192 ΝΑΠΠΜΙ
1123 163 1199 193 CAP.
1220 165 1251 193 ll.
1699 162 1728 190 ιι
1735 161 1754 190 ι

132 217 233 253 δήσῃ.»
250 216 283 245 τὺ
305 228 315 243 ι
333 217 474 245 ἀνέϐαινεν
494 226 504 243 ι
521 217 623 251 εἰπὼν,
639 217 731 251 καθὼς
747 218 917 247 ἐναλλάττειν

972 221 1084 249 multum
1098 223 1189 250 valere
1200 222 1328 257 jubentes
1341 223 1486 258 pristinqu
1501 220 1646 257 imperium
1661 224 1751 251 tuum,

132 263 211 290 εἴωθε
223 263 271 290 τὸν
281 263 389 300 χρόνον.
409 263 547 300 ’Δναῦήσῃ
558 264 623 300 γὰρ,
641 265 733 299 φησιν,
746 265 793 292 ἐπὶ
805 265 852 293 τὸν
862 266 918 293 τῶν

972 267 1082 295 servitio
1100 271 1190 295 tecum
1204 267 1381 301 addicentur;
1405 268 1489 295 tacita
1508 267 1684 302 cogitatione,
1704 271 1752 292 co-

131 309 270 344 πολεμίων
284 309 406 345 ἀγομένη
420 309 533 344 βασιλέα
545 309 583 342 ὡς
599 310 772 345 αίχμάλωτος
785 309 854 338 οὖσα
865 311 917 338 λοι-

976 311 1064 339 ιιιιιιιιο
1087 319 1172 344 more,
1193 319 1270 340 suam
1288 312 1390 347 pariter
1405 316 1487 348 atque
1507 317 1581 339 tuam
1604 313 1755 338 merentes

132 355 200 382 πόν·
225 355 273 382 καὶ
296 357 383 384 πᾶσαι
408 355 438 383 δέ
455 364 503 383 σου
525 356 553 382 αἱ
569 356 685 391 ὑπήκοοι
702 356 794 388 πόλεις
817 365 846 383 τε
870 357 918 384 καὶ

972 357 1163 385 caiamitatem.

131 402 236 436 χῶραι,
247 402 345 434 δούλας
358 402 413 437 γὰρ
428 402 529 434 ταύτας
545 403 683 438 ὠνόμαζε,
699 403 792 439 μακρὰ
812 404 917 439 χαίρειν
931 404 1056 431 εἰποῦσαι
1070 406 1104 440 τῇ
1127 404 1266 441 προσούσῃ
1284 413 1325 431 σοι
1344 404 1475 440 πρότερον
1493 403 1626 439 βασιλείᾳ,
1643 402 1691 429 tui.
1702 400 1753 437 τὴν

131 448 321 483 αἰχμαλωσίαν
336 448 500 484 ἀχθήσονται
517 450 603 476 πᾶσαι
621 449 670 476 σὺν
684 450 799 481 σοὶ,κατ’
814 449 919 477 ἔννοιαν
935 451 1101 486 ⁴ιιςεριστερᾶς
1116 451 1194 485 δίκην
1213 451 1264 483 τὰς
1279 450 1383 478 ἑαυτῶν
1402 459 1431 476 τε
1446 450 1494 477 καὶ
1508 449 1555 476 σοῦ
1576 447 1753 481 στενάξουσαί

131 502 160 519 τε
177 494 224 520 καὶ
235 494 393 530 ὀδυρόμεναι
407 495 559 530 συμφοράς.

169 540 244 575 Στίχ.
261 540 332 576 η’,θ’.
353 556 388 561 --
400 539 466 569 Εἶτα
479 541 528 576 τὴν
549 540 667 568 παλαιὰν
688 541 841 577 εὐπραγίαν
867 541 918 569 αὺ-

133 586 188 613 τῶν
199 594 276 621 φησι,
289 586 402 622 διαιρῶν
414 588 454 619 εις
469 586 555 614 ταῦτα
564 587 610 614 τὸν
623 587 700 621 λόγον
710 595 717 602 ·
731 588 780 614 καὶ
793 587 857 615 ποτὲ
869 587 918 622 μὲν

133 633 163 658 ὲν
179 632 246 663 οἵοις
259 632 469 668 ἐξετασθήσεται
485 634 580 664 κακοῖς
595 632 737 664 διδάσκων,
750 632 816 659 ποτὲ
830 633 858 659 δὲ
869 633 918 667 τὴν

134 677 220 704 πάλαι
233 676 389 712 προσοῦσαν
400 677 492 709 αὐτοῖς
506 677 678 712 ἐκτιθέμενος
691 677 849 704 δυναστείαν
859 685 866 693 ·
880 677 919 710 ὼς

134 723 169 750 ἂν
184 723 231 750 καὶ
244 722 332 758 τούτῳ
347 723 378 749 τὸ
396 723 544 758 συμϐαῖνον
565 723 635 758 αὐτῇ
658 722 744 754 πάθος
762 722 917 758 αύξήσειεν,

134 769 160 795 sl
185 768 239 795 ἀπὸ
265 768 393 795 τοιούτων
412 769 452 800 εἰς
476 768 590 795 τοιαῦτα
614 767 786 803 ἀφικνεῖσθαι
817 767 917 803 μέλλει.

138 823 148 839 ί
169 814 224 841 Καὶ
238 814 338 849 Νινευὴ
354 814 391 846 ὡς
409 814 586 850 κολυμϐήθρα
608 813 703 846 ὕδατος
723 815 758 840 τὰ
772 813 856 841 ὕδατα
873 814 920 840 αὐ-

133 859 183 894 τῆς
193 867 200 874 ·
216 858 263 886 καὶ
274 859 352 885 αὐτοὶ
363 859 508 893 φεύγοντες
520 860 570 885 οὐκ
592 858 719 894 ἔστησαν,
735 860 780 886 καὶ
792 859 843 886 οὐκ
856 857 890 895 ἦν
904 859 919 885 ὁ

135 904 301 932 ἐπιϐλέπων.
320 914 330 930 ι
349 905 434 933 Πάλαι
451 905 500 940 μὲν
515 905 570 940 γὰρ
585 905 776 941 κολυμϐήθρας
787 905 919 941 μεγίστης

134 950 292 986 διήλλαττεν
309 951 384 977 οὐδὲν
403 937 608 987 ὑπε-ρχεομένης
627 937 666 986 τῷ
688 937 764 978 θ’δατι
786 937 919 986 ιιτανταχό-
934 937 955 964 Β

135 996 193 1027 θεν,
205 997 244 1032 (p.
255 997 317 1031 540)
329 997 376 1023 καὶ
386 996 499 1031 πολλοὺς
511 997 540 1023 ἐν
551 997 634 1032 ἑαυτῇ
646 997 800 1032 τρεφούσης
813 996 918 1031 ἰχθύας·

133 1042 205 1070 οὕτω
217 1042 316 1069 πολλοῦ
333 1043 381 1077 μὲν
394 1042 517 1077 γέμουσα
533 1042 651 1078 πλήθους
672 1042 772 1070 οἰκείου
784 1052 790 1057 ”
805 1042 920 1074 πολλοὺς

133 1087 163 1114 δὲ
178 1088 211 1114 ὲκ
221 1087 276 1114 τῶν
292 1087 417 1123 πολέμων
429 1087 617 1123 αἰχμαλώτους
631 1087 730 1123 ἔχουσα
741 1088 806 1124 παρ’
822 1089 918 1123 ἑαυτῇο

135 1133 182 1160 νῦν
196 1134 224 1160 δὲ
238 1134 278 1165 εις
291 1134 369 1160 τοῦτο
383 1134 552 1170 κατέστησαν
571 1134 759 1170 ταλαιπωρίας
768 1154 776 1166 ,
792 1134 830 1166 ὡς
853 1134 920 1170 μηδὲ

136 1178 304 1214 βραχύτατον
324 1180 420 1215 στῆναι
439 1180 508 1215 πρὸς
527 1180 589 1211 τοὺς
607 1180 753 1216 πολεμίους
765 1180 919 1216 δυνάμενοι,

134 1225 204 1260 πρὸς
219 1225 307 1260 φυγὴν
323 1224 386 1252 ἰδεῖν
397 1234 404 1242 ·
420 1225 562 1261 εὑρίσκετο
573 1226 602 1252 δὲ
613 1225 700 1257 οὐδεὶς
714 1226 769 1258 τοῖς
782 1225 919 1258 τοσούτοις

134 1264 240 1306 ἐφορῶν
266 1273 378 1303 κακοῖς,
398 1271 415 1306 ἡ
440 1280 501 1298 τινα
524 1272 665 1307 διόρθωσιν
683 1272 776 1304 αὐτοῖς
797 1272 918 1306 ἐπάγων.

137 1326 147 1343 ι
167 1316 323 1352 Διήρπαςον
341 1317 371 1344 τὺ
391 1317 534 1353 ἀργύριον,
552 1317 701 1353 διήρπαζον
719 1317 750 1345 τὸ
764 1318 886 1354 χρυσίον.
907 1327 917 1344 ι

135 1363 261 1390 ’Δπαντα
279 1363 312 1399 δὴ
329 1363 420 1390 λοιπὸν
433 1363 468 1390 δι’
480 1364 608 1399 ἁρπαγῆς
621 1363 647 1390 0i
663 1363 789 1399 πολέμιοι
805 1363 839 1391 τὰ
855 1364 920 1399 παρ’

134 1409 227 1441 αὐτοῖς
244 1409 394 1436 ἐποιοῦντο.
416 1418 426 1435 ι
449 1409 504 1436 Καὶ
520 1409 570 1436 οὐκ
588 1407 623 1444 ἦν
643 1409 729 1444 πέρας
750 1409 798 1436 τοῦ
816 1409 919 1445 κόσμου

134 1453 231 1488 αὐτῆς.
248 1463 258 1479 ι
280 1453 476 1489 Ἀναρίθμητόν
486 1462 547 1480 τινα
558 1453 673 1480 πλοῦτον
687 1453 777 1480 αὐτῶν
792 1453 921 1489 ἀφαιρού-

136 1506 223 1532 μενοι,
239 1494 316 1532 ᾧπερ
334 1497 497 1533 ἐκοσμοῦντο
520 1498 551 1524 τὸ
571 1497 696 1533 πρόσθεν.
720 1507 730 1524 ι
750 1498 920 1534 Βεϐάρυνται

135 1542 206 1578 ὑπὲρ
218 1543 306 1570 πάντα
317 1543 352 1570 τὰ
366 1542 450 1578 σκεύη
462 1543 547 1578 αὐτῆς
559 1543 593 1570 τὰ
609 1544 773 1579 ἐπιθυμητὰ.
790 1553 800 1570 ι
818 1543 920 1580 Πολλὴν

135 1588 202 1622 γοῦν
230 1588 349 1624 μάλιστα
370 1588 419 1624 τὴν
440 1588 558 1624 σπουδὴν
578 1588 717 1616 ἐποιοῦντο
736 1589 770 1616 τὰ
790 1589 920 1617 δοκοῦντα

135 1634 214 1670 τίμια
228 1632 308 1666 εἶναι,
325 1634 373 1661 καὶ
389 1633 407 1661 ἃ
423 1633 491 1670 μετὰ
505 1634 605 1669 πολλῆς
619 1634 697 1669 ἔσχον
710 1635 759 1670 τῆς
776 1634 921 1670 ὲπιθυμίας

135 1679 284 1715 ἀφελέσθαι
297 1680 362 1715 παρ’
375 1678 473 1706 αὐτῶν·
485 1678 516 1705 τὸ
528 1680 581 1716 γὰρ
596 1689 605 1705 ε
620 1679 794 1715 βεόἁρυνται,
807 1689 817 1706 ι
830 1679 922 1716 ὅμοιόν

136 1727 197 1753 ἐστι
212 1725 259 1752 τοῦ
272 1726 302 1752 ἐν
315 1726 375 1757 ταῖς
390 1726 554 1758 Βασιλείαις,
573 1736 583 1752 ι
610 1727 760 1762 Ἑϐαρύνθη
775 1729 789 1754 ό
805 1727 922 1763 πόλεμος

138 1772 184 1798 επὶ
207 1771 310 1804 Σαοὺλ,
340 1781 349 1797 ι
377 1771 419 1798 ἵνα
444 1771 509 1808 εἴπῃ
528 1772 569 1798 ὅτι
591 1773 650 1799 κατ’
675 1773 763 1799 έκεῖνο
784 1773 814 1800 τὸ
841 1774 923 1810 μέρος

138 1817 278 1844 ἐπέκειντο
300 1816 417 1852 μάλιστα
441 1817 466 1843 οί
492 1817 632 1852 πολέμιοι·
654 1817 726 1844 οὕτω
738 1819 879 1846 κάνταῦθα
893 1819 923 1846 τὸ

141 1873 151 1890 Ι
163 1863 326 1899 βιὸάρυνται
341 1873 351 1889 ι
367 1863 450 1898 λέγει,
462 1864 506 1890 ἴνα
517 1864 582 1900 sin-13
591 1864 632 1890 ὃτι
642 1863 741 1891 πλείων
755 1865 819 1900 περὶ
833 1865 923 1891 ἐκεῖνα

140 1911 157 1945 ἠ
171 1909 272 1945 σπουδὴ
284 1911 340 1942 τοῖς
355 1910 494 1946 πολεμίοις
509 1910 640 1944 ἐγίγνετο.

174 1957 248 1991 Στίχ.
265 1957 290 1988 ι’,
309 1960 353 1983 ια’.
376 1971 410 1977 -
432 1966 441 1982 ι
473 1956 651 1992 Ἐκτιναγμδς
665 1957 714 1983 καὶ
730 1956 922 1992 ἀνατιναγμδς.

139 2003 296 2039 ὶκϐρασμιδς
307 2003 354 2030 καὶ
370 2002 483 2040 καρδίας
497 2002 647 2038 θραυσμὺς,
661 2004 708 2030 καὶ
721 2003 850 2035 ὑπόλυσις
860 2011 925 2037 γου-

139 2048 243 2080 νάτων,
262 2049 310 2075 καὶ
329 2048 421 2080 ὠδῖνες
436 2048 482 2075 ἐπὶ
499 2049 590 2076 πᾶσαν
617 2049 712 2084 ὀσφῦν,
736 2050 782 2077 καὶ
797 2049 828 2076 τὸ
844 2049 925 2090 πρόσ-

138 2101 214 2120 ωπον
227 2092 317 2120 αὐτῶν
326 2093 362 2124 ὡς
373 2093 535 2128 πρόσκαυμα
545 2092 657 2129 χύτρας.
673 2103 681 2119 ι
698 2093 824 2120 Βούλεται
838 2095 924 2121 εἰπεῖν

140 2139 182 2165 ὃτι
196 2137 327 2169 ποικίλοις
343 2138 376 2164 ἐκ
390 2137 443 2164 τῶν
457 2137 593 2173 πολεμίων
609 2137 853 2173 περιεληθὴσονται
868 2139 924 2170 τοῖς

141 2185 236 2215 κακοῖς
249 2184 287 2218 (p.
300 2183 364 2218 5M)
377 2183 593 2218 ὶκτιναττόμενοι
605 2183 652 2210 καὶ
667 2182 872 2219 ὲκϐραζόμενοι·
886 2183 924 2215 ὡς

1005 537 1088 566 Vnus.
1099 539 1127 571 8,
1140 538 1168 566 9.
1177 553 1213 560 —-
1224 538 1325 566 Deinde
1341 538 1485 573 pristinam
1497 537 1653 566 felicitatem
1668 540 1750 574 dicit,

967 583 1008 611 sic
1032 583 1180 611 distributo
1204 592 1339 616 sermone,
1359 588 1388 611 ut
1405 584 1487 611 modo
1504 584 1575 611 mala
1591 585 1689 619 quibus
1705 586 1752 614 illa

967 629 1133 656 cruciabitur
1155 634 1266 660 narret,
1296 629 1377 656 modo
1407 634 1526 657 veterem
1553 636 1752 659 commemoret

967 675 1138 710 dignitatem,
1160 675 1290 703 nimirum
1312 679 1342 703 ut
1359 675 1483 703 incidens
1495 675 1674 703 infortunium
1692 676 1753 704 ideo

966 721 1076 756 gravius
1099 721 1161 751 fiat.
1189 722 1261 756 quod
1288 722 1353 750 talis
1375 722 1442 749 urbs
1466 721 1499 749 ad
1521 722 1586 749 talia
1601 721 1751 751 devenerit.

970 776 979 792 ι
993 766 1100 798 Ninive,
1125 771 1155 793 ut
1176 775 1253 802 aquae
1271 768 1376 802 piscina
1388 775 1465 802 aqua:
1483 767 1553 802 ejus.
1576 766 1629 802 Ipsi
1643 774 1753 804 arrepta

967 811 1031 846 fuga
1051 820 1184 846 nusquam
1205 813 1405 846 substiterunt;
1428 820 1479 840 nec
1500 816 1560 840 erat
1583 813 1631 848 qui
1647 814 1754 848 aspice-

967 862 1018 885 ret.
1032 867 1041 884 ι
1060 856 1130 885 Olim
1145 857 1254 894 quidem
1277 866 1292 885 ιι
1315 858 1421 893 piscina
1436 858 1554 886 maxima
1573 866 1629 886 non
1645 859 1754 887 ditl‘ere-

969 903 1046 935 bant,
1062 904 1141 939 aquis
1169 904 1290 939 undique
1315 904 1420 935 all'usis,
1445 904 1618 931 multitudine
1636 905 1753 939 piscium

970 949 1069 977 ibidem
1092 950 1168 976 alita.
1199 949 1244 977 Sic
1261 949 1387 977 videlicet
1401 949 1498 977 Ninive
1513 949 1688 977 multitudine
1705 957 1754 984 po-

970 995 1026 1030 puli
1036 995 1220 1027 redundabat;
1235 995 1336 1023 multos
1349 1002 1458 1030 quoque
1471 995 1543 1022 bello
1554 999 1650 1030 captos
1666 995 1754 1022 homi-

969 1048 1018 1068 nes
1032 1041 1103 1075 apud
1117 1048 1149 1068 se
1168 1040 1284 1068 habens.
1313 1039 1391 1068 Nune
1413 1047 1478 1068 vero
1493 1045 1569 1067 tanta
1588 1040 1754 1068 adversitate

969 1091 1033 1114 sunt
1047 1087 1182 1122 oppressi,
1196 1091 1226 1114 ιιι
1239 1094 1273 1115 ne
1291 1087 1453 1114 brevissime
1469 1087 1578 1121 quidem
1595 1090 1689 1113 contra
1702 1087 1753 1114 ho-

970 1137 1027 1160 stes
1040 1132 1067 1159 in
1081 1133 1139 1160 acie
1151 1133 1286 1164 steterint,
1295 1133 1443 1167 quominus
1453 1140 1483 1160 se
1495 1133 1564 1167 fugae
1574 1132 1666 1159 statim
1678 1140 1754 1160 cotu-

969 1178 1118 1206 mitterent.
1137 1177 1222 1205 Porro
1237 1182 1328 1206 autem
1343 1185 1423 1206 netno
1437 1179 1566 1206 inventus
1582 1182 1635 1210 est.
1649 1178 1695 1213 qui
1710 1178 1754 1206 his

969 1225 1048 1252 malis
1069 1228 1186 1252 mentem
1210 1224 1381 1256 intenderet,
1409 1229 1457 1252 aut
1478 1223 1574 1252 iisdem
1592 1223 1753 1251 medicinam

969 1271 1087 1306 aliquam
1100 1271 1211 1298 faceret.
1241 1280 1251 1296 ι
1266 1270 1443 1305 Diripuerunt
1462 1274 1617 1306 argentum,
1634 1269 1754 1305 diripue-

969 1321 1035 1345 runt
1059 1324 1189 1345 auruum
1221 1317 1340 1345 Cunctas
1363 1317 1460 1344 horum
1480 1325 1547 1352 opes
1573 1317 1669 1352 praeda:
1703 1316 1754 1343 ha-

969 1362 1086 1390 buerunt
1111 1363 1212 1391 hostes.
1249 1372 1259 1389 ί
1285 1362 1378 1398 Neque
1400 1367 1458 1390 erat
1488 1362 1551 1390 linis
1579 1365 1756 1389 ornamento-

969 1417 1029 1436 rum
1050 1408 1120 1442 ejus.
1136 1418 1145 1434 ι
1168 1409 1326 1436 Innumeras
1353 1408 1464 1435 divitias
1490 1408 1666 1442 eripuerunt,
1692 1407 1754 1442 qui-

970 1453 1020 1482 bus
1034 1453 1114 1488 223
1131 1457 1211 1481 antea
1224 1454 1384 1480 ornabatur.
1404 1461 1414 1478 ι
1428 1451 1573 1487 Aggravati
1594 1455 1659 1480 sunt
1671 1457 1757 1486 super

969 1505 1077 1525 onmem
1099 1498 1294 1533 supellectilem
1310 1498 1372 1533 ejus
1397 1497 1638 1526 desiderabilem.)
1666 1496 1755 1525 Velie.

970 1546 1054 1573 menti
1069 1544 1160 1572 studio
1176 1544 1210 1571 ad
1224 1544 1342 1580 pretiosa
1353 1551 1468 1579 qumque
1484 1547 1610 1575 ruerunt.
1627 1543 1756 1570 multam-

934 1604 956 1633 ε
972 1599 1025 1626 que
1046 1591 1192 1626 diripiendi
1213 1598 1272 1618 eam
1295 1591 1471 1626 cupiditatem
1496 1597 1551 1625 prae
1573 1597 1603 1617 se
1622 1590 1753 1616 tulerunt.

971 1637 1039 1664 Nam
1051 1637 1134 1664 dictio
1148 1637 1284 1672 aggravati
1300 1641 1373 1670 sunt,
1387 1637 1458 1664 idem
1479 1635 1615 1671 significat
1627 1639 1708 1670 atque
1726 1635 1755 1662 in

971 1682 1128 1718 Regnorum
1144 1682 1237 1711 libris:
1252 1685 1493 1719 «Aggravatumest
1517 1681 1639 1716 praelium
1659 1686 1755 1707 contra

973 1728 1081 1756 Saulem
1093 1728 1125 1760 “,
1137 1737 1147 1754 ι
1158 1732 1187 1755 ιιι
1196 1728 1352 1759 denotetur,
1371 1727 1416 1754 illa
1432 1727 1603 1762 potissimum
1616 1731 1693 1761 parte
1713 1726 1754 1752 vi-

972 1782 1017 1802 res
1031 1774 1148 1801 hostium
1159 1781 1221 1801 sese
1232 1772 1394 1800 intendisse.
1412 1772 1451 1800 lla
1463 1772 1507 1799 hic
1520 1772 1602 1800 etiam
1616 1770 1754 1806 aggravati

972 1825 1034 1848 sunt
1048 1820 1158 1851 dicitur,
1177 1825 1206 1846 ut
1227 1819 1421 1854 intelligamus,
1436 1818 1608 1853 potissimum
1633 1817 1754 1844 hostium

973 1865 1093 1892 studium
1106 1865 1180 1891 circa
1194 1871 1259 1898 opes
1270 1870 1331 1891 esse
1349 1865 1497 1890 versatum.

1008 1956 1091 1984 Vens.
1099 1956 1143 1988 10,
1151 1955 1242 1983 ίί.-‹
1254 1953 1386 1982 Ειιοιιεείο
1398 1956 1425 1980 et
1436 1951 1613 1982 rediscussio,
1624 1949 1756 1977 etebulli-

973 2003 1021 2035 tio,
1029 2006 1055 2030 et
1061 2001 1153 2029 cordis
1159 1999 1225 2028 conf
1225 1999 1311 2027 ractio
1318 2003 1344 2026 et
1351 2005 1469 2034 genuum
1478 1997 1563 2025 dissol
1568 1996 1634 2028 utio,
1643 2001 1669 2023 et
1675 1995 1754 2023 dolo-

974 2056 1017 2075 res
1025 2047 1144 2074 omuium
1152 2053 1258 2077 renum,
1273 2049 1299 2072 et.
1308 2043 1392 2072 facies
1399 2051 1493 2071 eorum
1506 2046 1535 2069 ut
1547 2041 1654 2069 adustio
1661 2041 1731 2068 ollae.
1741 2049 1754 2066 ι

975 2093 1113 2128 Significat
1131 2091 1189 2118 fore
1209 2095 1238 2118 ut
1254 2097 1301 2117 eos
1316 2089 1418 2116 inimici
1434 2088 1518 2116 variis
1531 2087 1649 2114 alliciant
1663 2086 1754 2117 malis.

974 2139 1069 2167 crebro
1081 2137 1261 2168 excutientes,
1271 2140 1298 2163 et
1305 2134 1457 2170 ejicieutes,
1468 2134 1505 2161 ita
1513 2136 1542 2161 ut
1554 2133 1711 2160 universum
1722 2131 1758 2159 iis

973 2185 1162 2219 cxstinguatur
1186 2181 1286 2209 mentis
1308 2180 1492 2207 ratiocinium.
1524 2178 1634 2206 Timore
1663 2182 1755 2205 autem

140 2229 280 2261 παντελῶς
297 2229 346 2265 μὲν
359 2230 450 2261 αὐτοῖς
461 2229 510 2264 τῆς
525 2229 645 2261 διανοίας
660 2229 803 2265 σϐεσθῆναι
817 2229 864 2256 τὸν
880 2229 922 2256 λο-

976 2238 1090 2258 enerves
1107 2236 1141 2256 ne
1160 2233 1235 2255 stare
1255 2226 1364 2262 quidem
1382 2225 1460 2253 facile
1482 2228 1620 2261 poterunt,
1637 2227 1665 2251 et
1678 2231 1755 2251 com-

139 2275 252 2310 γισμόνυ
275 2274 469 2310 ἐκλελυμένους
484 2275 512 2301 δὲ
534 2275 587 2302 ὑπὸ
602 2275 650 2302 τοῦ
669 2275 745 2307 δέους
767 2276 833 2313 μηδὲ
860 2276 921 2311 στῆ-

975 2275 1102 2303 munibus
1126 2274 1283 2309 quatientur
1299 2271 1464 2306 angoribus:
1484 2275 1564 2305 atque
1580 2273 1612 2296 ut
1636 2268 1757 2296 breviter

140 2330 184 2349 ναι
196 2321 328 2348 δύνασθαι
345 2320 453 2356 ῥᾳδίως,
469 2321 498 2347 ὲν
513 2320 619 2353 ὀδύναις
637 2330 666 2348 τε
685 2323 786 2353 κοιναῖς
804 2323 922 2353 ἅπαντας

972 2322 1073 2353 dicam,
1086 2320 1168 2347 tantis
1181 2319 1216 2346 ob
1229 2319 1279 2346 has
1291 2317 1382 2346 clades
1396 2320 1553 2352 prementur
1568 2314 1712 2350 angustiis.
1725 2317 1756 2342 ut

141 2365 222 2394 εἶναι·
238 2367 286 2394 καὶ
302 2367 441 2402 συντόμως
451 2367 690 2399 εἰπεϊνντοιοὺτους
705 2368 738 2394 ὲκ
751 2369 800 2404 τῆς
814 2367 868 2394 τῶν
879 2376 927 2395 κα-

140 2414 196 2441 κῶν
213 2414 330 2449 ἀπορίας
345 2411 424 2447 εἶναι,
438 2414 476 2445 ὡς
491 2414 572 2449 μηδὲν
584 2413 741 2441 ἀπεοικέναι
756 2414 927 2450 κεκαυμένης

140 2458 242 2494 χύτρας
260 2459 312 2484 ὑπὸ
329 2458 424 2493 πυρός.
438 2459 493 2485 Καὶ
505 2457 586 2485 πάλιν
600 2459 646 2485 ἐπι¹
659 2458 709 2494 τὴν
726 2460 835 2495 μνήμην
850 2459 928 2493 ἄγων

140 2505 237 2536 αὐτοὺς
256 2505 307 2540 τῆς
322 2504 439 2536 παλαιᾶς
457 2505 628 2536 δυναστείαςο
646 2513 656 2530 ‹
674 2504 730 2531 Ποῦ
747 2504 804 2532 ἐστι
819 2505 850 2532 τὸ
862 2513 927 2531 κατ-

139 2551 298 2586 οικητήριον
327 2550 384 2576 τῶν
406 2549 521 2577 λεόντων
552 2550 599 2576 καὶ
620 2550 638 2585 ἡ
655 2549 724 2585 νομὴ
748 2551 764 2585 ἠ
789 2547 856 2576 οὖσα
871 2551 928 2582 τοῖς

140 2594 289 2630 σκύμνοις
312 2603 322 2620 ι
345 2593 425 2622 ’Δλλὰ
437 2594 491 2631 γὰρ
506 2594 608 2630 οἴχεται
620 2595 649 2621 δὲ
663 2594 752 2622 αὐτῶν
768 2595 815 2622 καὶ
831 2595 928 2631 ἡνομὴ

140 2641 231 2667 πᾶσα·
249 2640 298 2666 καὶ
318 2640 373 2675 γὰρ
397 2639 532 2675 σκύμνους
557 2641 588 2667 τὸ
610 2640 677 2667 αὐτὸ
690 2640 783 2675 λέγει,
805 2641 928 2668 τουτέστι

139 2687 202 2719 τοὺς
222 2686 348 2717 λέοντας·
367 2685 490 2720 βούλεται
513 2686 542 2713 δὲ
562 2687 648 2714 εἰπεῖν
668 2687 710 2714 ὃτι
724 2686 810 2714 Πάλαι
834 2687 884 2722 μὲν
898 2687 923 2714 οί

139 2731 190 2765 τὴν
210 2730 314 2766 Νινευὴ
336 2731 543 2763 κατοικοῦντες,
563 2731 677 2760 λέοντων
693 2731 770 2767 δίκην
785 2730 834 2768 ἦτε
857 2733 924 2760 πᾶσι

140 2778 197 2808 τοῖς
223 2776 328 2808 λοιποῖς
352 2776 480 2812 φοϐεροὶ,
504 2777 550 2804 καὶ
577 2778 611 2805 τὰ
631 2778 796 2813 πανταχόθεν
817 2778 850 2805 ὲκ
870 2779 926 2805 τῶν

141 2821 271 2856 πολέμων
292 2821 478 2858 λαμϐάνοντες
496 2823 634 2860 ὴθροίζετε
658 2823 723 2860 παρ’
744 2824 859 2856 ὲαυτοίς⁶
879 2824 926 2853 νῦν

194 2889 218 2907 ⁸⁸
232 2887 242 2917 l
262 2889 415 2925 Regaxxt.
425 2889 452 2917 5.

974 2366 1103 2395 ferventis
1115 2365 1150 2393 ab
1170 2365 1231 2400 igne
1255 2364 1315 2391 olla!
1335 2363 1407 2390 haud
1425 2361 1572 2390 dissimiles
1591 2359 1675 2388 visuri
1690 2360 1756 2388 sint.

977 2423 986 2439 ι
1003 2412 1118 2440 Ubinam
1132 2416 1173 2439 est
1186 2411 1294 2438 leonum
1309 2408 1506 2439 habitaculum,
1524 2412 1551 2435 et
1565 2414 1668 2442 pascua
1681 2410 1758 2433 catu-

976 2458 1083 2486 lorum?
1098 2468 1106 2483 ι
1122 2456 1204 2484 Periit
1216 2457 1324 2483 leonum
1341 2453 1538 2485 habitaculum,
1555 2457 1582 2480 et
1601 2452 1692 2479 omnia
1708 2459 1758 2487 pa-

976 2511 1042 2532 scua
1057 2511 1162 2530 eorum.
1191 2501 1258 2528 Nam
1274 2500 1356 2528 catuli
1377 2499 1457 2526 iidem
1476 2503 1541 2527 sunt
1555 2503 1637 2534 atque
1653 2498 1756 2525 leones.

977 2549 1118 2585 Significat
1135 2553 1237 2579 autem,
1254 2546 1365 2573 Ninives
1384 2545 1448 2572 olim
1467 2545 1572 2572 incolas
1585 2545 1693 2572 leonum
1716 2543 1760 2570 in-

976 2591 1033 2623 star
1043 2594 1149 2621 cunctis
1162 2592 1268 2628 populis
1279 2591 1364 2619 fuisse
1377 2591 1522 2622 terribiles,
1533 2595 1561 2618 et
1576 2589 1759 2625 undequaque

976 2640 1054 2668 bellis
1071 2639 1123 2666 sibi
1136 2646 1202 2674 opes
1217 2645 1340 2673 parasse.
1367 2635 1446 2663 Nunc
1468 2643 1532 2663 vero
1553 2635 1634 2663 etiam
1650 2634 1756 2665 Ninive.

977 2686 1076 2722 inquit,
1090 2685 1274 2712 habitaculum
1289 2686 1411 2710 vestrum
1424 2683 1516 2718 periit,
1528 2681 1664 2716 simulque
1677 2680 1758 2716 quid-

977 2733 1042 2769 quid
1064 2738 1145 2767 opum
1167 2729 1223 2757 illic
1246 2733 1325 2756 antea
1345 2732 1474 2763 congesta
1498 2728 1641 2756 habuistis.
1673 2735 1682 2752 ι
1696 2726 1758 2759 Quo

978 2779 1045 2806 abiit
1061 2778 1114 2809 leo,
1140 2780 1170 2803 ut
1191 2773 1394 2810 ingrederetur?
1408 2783 1418 2799 ι
1437 2773 1522 2801 Valde
1536 2773 1587 2802 hoc
1599 2772 1755 2800 irridenter.

978 2824 1045 2852 Nam
1060 2823 1124 2859 quia
1145 2821 1247 2857 Assyrii
1266 2819 1403 2856 perpetuis
1423 2820 1452 2848 in
1473 2819 1552 2848 bellis
1575 2822 1676 2847 versati
1697 2818 1753 2838 ἰιι-ο
