  <div class='ocr_page' id='page_1' title='image "/cluster/home/n/w/nwhite01/storage/ocr_20150623/66/njp.32101077772695/222.png"; bbox 0 0 1981 3073; ppageno 0'>
   <div class='ocr_carea' id='block_1_1' title="bbox 152 138 207 166">
    <p class='ocr_par' dir='ltr' id='par_1_1' title="bbox 152 138 207 166">
     <span class='ocr_line' id='line_1_1' title="bbox 152 138 207 166; baseline 0 0"><span class='ocrx_word' id='word_1_1' title='bbox 152 138 207 166; x_wconf 67' lang='grc'><strong>817</strong></span> 
     </span>
    </p>
   </div>
   <div class='ocr_carea' id='block_1_2' title="bbox 648 135 1286 172">
    <p class='ocr_par' dir='ltr' id='par_1_2' title="bbox 648 135 1286 172">
     <span class='ocr_line' id='line_1_2' title="bbox 648 135 1286 172; baseline 0.003 -2"><span class='ocrx_word' id='word_1_2' title='bbox 648 135 925 171; x_wconf 68' lang='lat' dir='ltr'><strong>COMMENTANUS</strong></span> <span class='ocrx_word' id='word_1_3' title='bbox 943 142 977 170; x_wconf 86' lang='lat' dir='ltr'><strong>IN</strong></span> <span class='ocrx_word' id='word_1_4' title='bbox 995 143 1220 172; x_wconf 71' lang='lat' dir='ltr'><strong>NAHUMICAP.</strong></span> <span class='ocrx_word' id='word_1_5' title='bbox 1243 144 1286 172; x_wconf 83' lang='lat' dir='ltr'><strong>Ill.</strong></span> 
     </span>
    </p>
   </div>
   <div class='ocr_carea' id='block_1_3' title="bbox 1727 138 1783 180">
    <p class='ocr_par' dir='ltr' id='par_1_3' title="bbox 1727 138 1783 180">
     <span class='ocr_line' id='line_1_3' title="bbox 1727 138 1783 180; baseline 0 0"><span class='ocrx_word' id='word_1_6' title='bbox 1727 138 1783 180; x_wconf 69' lang='grc' dir='ltr'><strong>ιιι</strong></span> 
     </span>
    </p>
   </div>
   <div class='ocr_carea' id='block_1_4' title="bbox 151 195 938 240">
    <p class='ocr_par' dir='ltr' id='par_1_4' title="bbox 151 195 938 237">
     <span class='ocr_line' id='line_1_4' title="bbox 151 195 938 237; baseline 0.006 -14"><span class='ocrx_word' id='word_1_7' title='bbox 151 197 210 228; x_wconf 79' lang='grc' dir='ltr'>τοῖς</span> <span class='ocrx_word' id='word_1_8' title='bbox 225 196 348 232; x_wconf 80' lang='grc' dir='ltr'>σώμασιν</span> <span class='ocrx_word' id='word_1_9' title='bbox 360 195 452 226; x_wconf 72' lang='grc' dir='ltr'>αὐτῶν</span> <span class='ocrx_word' id='word_1_10' title='bbox 469 199 525 226; x_wconf 80' lang='grc' dir='ltr'><strong>ἀπὸ</strong></span> <span class='ocrx_word' id='word_1_11' title='bbox 545 196 666 236; x_wconf 71' lang='grc' dir='ltr'>πλήθους</span> <span class='ocrx_word' id='word_1_12' title='bbox 680 201 819 237; x_wconf 81' lang='grc' dir='ltr'>πορνείας.</span> <span class='ocrx_word' id='word_1_13' title='bbox 838 211 848 227; x_wconf 75' lang='grc' dir='ltr'><strong>ι</strong></span> <span class='ocrx_word' id='word_1_14' title='bbox 873 201 938 228; x_wconf 84' lang='grc' dir='ltr'>Πολ-</span> 
     </span>
    </p>
   </div>
   <div class='ocr_carea' id='block_1_5' title="bbox 990 195 1782 240">
    <p class='ocr_par' dir='ltr' id='par_1_5' title="bbox 992 198 1782 240">
     <span class='ocr_line' id='line_1_5' title="bbox 992 198 1782 240; baseline 0.009 -11"><span class='ocrx_word' id='word_1_15' title='bbox 992 202 1065 229; x_wconf 89' lang='lat' dir='ltr'><strong>enim</strong></span> <span class='ocrx_word' id='word_1_16' title='bbox 1084 202 1253 237; x_wconf 79' lang='lat' dir='ltr'><strong>signiﬁcatus</strong></span> <span class='ocrx_word' id='word_1_17' title='bbox 1283 206 1326 230; x_wconf 89' lang='lat' dir='ltr'><strong>est</strong></span> <span class='ocrx_word' id='word_1_18' title='bbox 1353 198 1497 231; x_wconf 82' lang='lat' dir='ltr'><strong>verborum</strong></span> <span class='ocrx_word' id='word_1_19' title='bbox 1523 205 1731 240; x_wconf 71' lang='lat' dir='ltr'><strong>inﬁrmubantur</strong></span> <span class='ocrx_word' id='word_1_20' title='bbox 1752 209 1782 237; x_wconf 74' lang='lat' dir='ltr'><strong>in</strong></span> 
     </span>
    </p>
   </div>
   <div class='ocr_carea' id='block_1_6' title="bbox 151 241 943 282">
    <p class='ocr_par' dir='ltr' id='par_1_6' title="bbox 151 241 943 282">
     <span class='ocr_line' id='line_1_6' title="bbox 151 241 943 282; baseline 0.009 -14"><span class='ocrx_word' id='word_1_21' title='bbox 151 241 208 269; x_wconf 85' lang='grc' dir='ltr'><strong>λῶν</strong></span> <span class='ocrx_word' id='word_1_22' title='bbox 219 242 258 274; x_wconf 73' lang='grc' dir='ltr'><strong>δὲ,</strong></span> <span class='ocrx_word' id='word_1_23' title='bbox 271 243 364 278; x_wconf 72' lang='grc' dir='ltr'>φησιν,</span> <span class='ocrx_word' id='word_1_24' title='bbox 374 243 589 281; x_wconf 71' lang='grc' dir='ltr'><strong>ἀναιρουμένων,</strong></span> <span class='ocrx_word' id='word_1_25' title='bbox 604 248 642 282; x_wconf 90' lang='lat' dir='ltr'><strong>(p.</strong></span> <span class='ocrx_word' id='word_1_26' title='bbox 657 247 721 282; x_wconf 72' lang='grc'><strong>544)</strong></span> <span class='ocrx_word' id='word_1_27' title='bbox 738 248 778 279; x_wconf 85' lang='grc' dir='ltr'><strong>εἰς</strong></span> <span class='ocrx_word' id='word_1_28' title='bbox 791 247 943 282; x_wconf 78' lang='grc' dir='ltr'><strong>ὀλιγίστους</strong></span> 
     </span>
    </p>
   </div>
   <div class='ocr_carea' id='block_1_7' title="bbox 151 285 942 329">
    <p class='ocr_par' dir='ltr' id='par_1_7' title="bbox 151 285 942 329">
     <span class='ocr_line' id='line_1_7' title="bbox 151 285 942 329; baseline 0.009 -15"><span class='ocrx_word' id='word_1_29' title='bbox 151 285 223 321; x_wconf 71' lang='grc' dir='ltr'>ἄγαν</span> <span class='ocrx_word' id='word_1_30' title='bbox 236 288 328 316; x_wconf 66' lang='grc' dir='ltr'>αὐτῶν</span> <span class='ocrx_word' id='word_1_31' title='bbox 342 289 357 316; x_wconf 66' lang='grc' dir='ltr'>ὁ</span> <span class='ocrx_word' id='word_1_32' title='bbox 369 290 485 326; x_wconf 77' lang='grc' dir='ltr'>ἀριθμὸς</span> <span class='ocrx_word' id='word_1_33' title='bbox 502 293 697 328; x_wconf 77' lang='grc' dir='ltr'><strong>περιστήσεται</strong></span> <span class='ocrx_word' id='word_1_34' title='bbox 709 303 715 309; x_wconf 88' lang='grc'><strong>·</strong></span> <span class='ocrx_word' id='word_1_35' title='bbox 731 293 809 320; x_wconf 84' lang='grc' dir='ltr'>τοῦτο</span> <span class='ocrx_word' id='word_1_36' title='bbox 822 293 877 329; x_wconf 83' lang='grc' dir='ltr'><strong>γὰρ</strong></span> <span class='ocrx_word' id='word_1_37' title='bbox 897 293 942 320; x_wconf 85' lang='grc' dir='ltr'>λέ-</span> 
     </span>
    </p>
   </div>
   <div class='ocr_carea' id='block_1_8' title="bbox 150 333 942 373">
    <p class='ocr_par' dir='ltr' id='par_1_8' title="bbox 150 333 942 373">
     <span class='ocr_line' id='line_1_8' title="bbox 150 333 942 373; baseline 0.006 -14"><span class='ocrx_word' id='word_1_38' title='bbox 150 340 196 366; x_wconf 86' lang='grc' dir='ltr'><strong>γει</strong></span> <span class='ocrx_word' id='word_1_39' title='bbox 214 333 257 366; x_wconf 72' lang='grc' dir='ltr'><strong>τὸ,</strong></span> <span class='ocrx_word' id='word_1_40' title='bbox 270 334 489 372; x_wconf 78' lang='grc' dir='ltr'>ιἈσθενήσουσιν</span> <span class='ocrx_word' id='word_1_41' title='bbox 498 338 590 369; x_wconf 79' lang='grc' dir='ltr'>ἐντοῖς</span> <span class='ocrx_word' id='word_1_42' title='bbox 611 337 734 373; x_wconf 86' lang='grc' dir='ltr'>σώμασιν</span> <span class='ocrx_word' id='word_1_43' title='bbox 751 338 851 370; x_wconf 84' lang='grc' dir='ltr'>αὐτῶν,</span> <span class='ocrx_word' id='word_1_44' title='bbox 871 348 880 365; x_wconf 73' lang='grc' dir='ltr'><strong>ι</strong></span> <span class='ocrx_word' id='word_1_45' title='bbox 898 338 942 365; x_wconf 79' lang='grc' dir='ltr'><strong>ἵνα</strong></span> 
     </span>
    </p>
   </div>
   <div class='ocr_carea' id='block_1_9' title="bbox 151 379 942 420">
    <p class='ocr_par' dir='ltr' id='par_1_9' title="bbox 151 379 942 420">
     <span class='ocr_line' id='line_1_9' title="bbox 151 379 942 420; baseline 0.008 -15"><span class='ocrx_word' id='word_1_46' title='bbox 151 379 230 416; x_wconf 76' lang='grc' dir='ltr'>εἴπῃ,</span> <span class='ocrx_word' id='word_1_47' title='bbox 247 380 287 406; x_wconf 80' lang='grc' dir='ltr'>δτι</span> <span class='ocrx_word' id='word_1_48' title='bbox 306 380 399 415; x_wconf 81' lang='grc' dir='ltr'>Ὀλὶγα</span> <span class='ocrx_word' id='word_1_49' title='bbox 420 382 659 419; x_wconf 79' lang='grc' dir='ltr'><strong>περιλειφθήσεται</strong></span> <span class='ocrx_word' id='word_1_50' title='bbox 679 384 808 420; x_wconf 86' lang='grc' dir='ltr'>σώματα·</span> <span class='ocrx_word' id='word_1_51' title='bbox 830 384 878 411; x_wconf 76' lang='grc' dir='ltr'>καὶ</span> <span class='ocrx_word' id='word_1_52' title='bbox 891 383 942 419; x_wconf 81' lang='grc' dir='ltr'>τὴν</span> 
     </span>
    </p>
   </div>
   <div class='ocr_carea' id='block_1_10' title="bbox 151 425 941 466">
    <p class='ocr_par' dir='ltr' id='par_1_10' title="bbox 151 425 941 466">
     <span class='ocr_line' id='line_1_10' title="bbox 151 425 941 466; baseline 0.008 -15"><span class='ocrx_word' id='word_1_53' title='bbox 151 425 244 452; x_wconf 78' lang='grc' dir='ltr'><strong>αἰτίαν</strong></span> <span class='ocrx_word' id='word_1_54' title='bbox 259 425 357 460; x_wconf 77' lang='grc' dir='ltr'>λέγων,</span> <span class='ocrx_word' id='word_1_55' title='bbox 372 435 382 452; x_wconf 76' lang='grc' dir='ltr'><strong>ι</strong></span> <span class='ocrx_word' id='word_1_56' title='bbox 398 427 452 454; x_wconf 76' lang='grc' dir='ltr'>ἀπὸ</span> <span class='ocrx_word' id='word_1_57' title='bbox 463 428 581 464; x_wconf 78' lang='grc' dir='ltr'><strong>πλήθους</strong></span> <span class='ocrx_word' id='word_1_58' title='bbox 595 430 732 466; x_wconf 83' lang='grc' dir='ltr'>πορνείας.</span> <span class='ocrx_word' id='word_1_59' title='bbox 754 440 763 456; x_wconf 77' lang='grc' dir='ltr'><strong>ι</strong></span> <span class='ocrx_word' id='word_1_60' title='bbox 779 429 872 457; x_wconf 78' lang='grc' dir='ltr'>Ταῦτα</span> <span class='ocrx_word' id='word_1_61' title='bbox 885 429 941 466; x_wconf 82' lang='grc' dir='ltr'>γὰρ</span> 
     </span>
    </p>
   </div>
   <div class='ocr_carea' id='block_1_11' title="bbox 990 247 1800 287">
    <p class='ocr_par' dir='ltr' id='par_1_11' title="bbox 990 247 1800 287">
     <span class='ocr_line' id='line_1_11' title="bbox 990 247 1800 287; baseline 0.012 -14"><span class='ocrx_word' id='word_1_62' title='bbox 990 248 1144 282; x_wconf 74' lang='lat' dir='ltr'><strong>corporibus</strong></span> <span class='ocrx_word' id='word_1_63' title='bbox 1171 249 1239 275; x_wconf 80' lang='lat' dir='ltr'><strong>suis.</strong></span> <span class='ocrx_word' id='word_1_64' title='bbox 1267 247 1369 281; x_wconf 82' lang='lat' dir='ltr'><strong>Pauca,</strong></span> <span class='ocrx_word' id='word_1_65' title='bbox 1394 250 1500 285; x_wconf 84' lang='lat' dir='ltr'><strong>inquit,</strong></span> <span class='ocrx_word' id='word_1_66' title='bbox 1525 257 1689 287; x_wconf 86' lang='lat' dir='ltr'><strong>supererunt</strong></span> <span class='ocrx_word' id='word_1_67' title='bbox 1717 249 1800 283; x_wconf 30' lang='lat' dir='ltr'><strong>coro.</strong></span> 
     </span>
    </p>
   </div>
   <div class='ocr_carea' id='block_1_12' title="bbox 992 295 1802 342">
    <p class='ocr_par' dir='ltr' id='par_1_12' title="bbox 992 295 1802 342">
     <span class='ocr_line' id='line_1_12' title="bbox 992 295 1802 342; baseline 0.014 -22"><span class='ocrx_word' id='word_1_68' title='bbox 992 302 1076 329; x_wconf 85' lang='lat' dir='ltr'><strong>pora;</strong></span> <span class='ocrx_word' id='word_1_69' title='bbox 1093 302 1260 330; x_wconf 74' lang='lat' dir='ltr'><strong>causamque</strong></span> <span class='ocrx_word' id='word_1_70' title='bbox 1274 295 1313 322; x_wconf 76' lang='lat' dir='ltr'><strong>rei</strong></span> <span class='ocrx_word' id='word_1_71' title='bbox 1339 297 1420 324; x_wconf 87' lang='lat' dir='ltr'><strong>tradit</strong></span> <span class='ocrx_word' id='word_1_72' title='bbox 1441 298 1644 328; x_wconf 90' lang='lat' dir='ltr'><strong>multitudinem</strong></span> <span class='ocrx_word' id='word_1_73' title='bbox 1660 300 1782 331; x_wconf 83' lang='lat' dir='ltr'><strong>fomica-</strong></span> 
     </span>
    </p>
   </div>
   <div class='ocr_carea' id='block_1_13' title="bbox 991 338 1806 380">
    <p class='ocr_par' dir='ltr' id='par_1_13' title="bbox 991 338 1806 380">
     <span class='ocr_line' id='line_1_13' title="bbox 991 338 1806 380; baseline 0.012 -15"><span class='ocrx_word' id='word_1_74' title='bbox 991 340 1106 367; x_wconf 89' lang='lat' dir='ltr'><strong>tiouum.</strong></span> <span class='ocrx_word' id='word_1_75' title='bbox 1124 338 1197 370; x_wconf 73' lang='lat' dir='ltr'><strong>llzec.</strong></span> <span class='ocrx_word' id='word_1_76' title='bbox 1209 340 1257 371; x_wconf 84' lang='lat' dir='ltr'><strong>ait,</strong></span> <span class='ocrx_word' id='word_1_77' title='bbox 1271 341 1420 375; x_wconf 88' lang='lat' dir='ltr'><strong>patientur,</strong></span> <span class='ocrx_word' id='word_1_78' title='bbox 1436 343 1498 377; x_wconf 81' lang='lat' dir='ltr'><strong>quin</strong></span> <span class='ocrx_word' id='word_1_79' title='bbox 1515 344 1615 371; x_wconf 89' lang='lat' dir='ltr'><strong>mirum</strong></span> <span class='ocrx_word' id='word_1_80' title='bbox 1647 351 1780 380; x_wconf 88' lang='lat' dir='ltr'><strong>quantum</strong></span> <span class='ocrx_word' id='word_1_81' title='bbox 1797 338 1806 362; x_wconf 63' lang='grc' dir='ltr'><strong>’τ</strong></span> 
     </span>
    </p>
   </div>
   <div class='ocr_carea' id='block_1_14' title="bbox 991 385 1784 424">
    <p class='ocr_par' dir='ltr' id='par_1_14' title="bbox 991 385 1784 424">
     <span class='ocr_line' id='line_1_14' title="bbox 991 385 1784 424; baseline 0.014 -14"><span class='ocrx_word' id='word_1_82' title='bbox 991 392 1006 411; x_wconf 90' lang='lat' dir='ltr'><strong>a</strong></span> <span class='ocrx_word' id='word_1_83' title='bbox 1024 385 1078 411; x_wconf 86' lang='lat' dir='ltr'><strong>Deo</strong></span> <span class='ocrx_word' id='word_1_84' title='bbox 1098 391 1283 413; x_wconf 86' lang='lat' dir='ltr'><strong>recesserunt.</strong></span> <span class='ocrx_word' id='word_1_85' title='bbox 1310 386 1398 422; x_wconf 82' lang='lat' dir='ltr'><strong>Atque</strong></span> <span class='ocrx_word' id='word_1_86' title='bbox 1418 387 1475 415; x_wconf 54' lang='lat' dir='ltr'><strong>haec</strong></span> <span class='ocrx_word' id='word_1_87' title='bbox 1499 388 1545 416; x_wconf 88' lang='lat' dir='ltr'><strong>Dei</strong></span> <span class='ocrx_word' id='word_1_88' title='bbox 1564 391 1664 424; x_wconf 85' lang='lat' dir='ltr'><strong>placita</strong></span> <span class='ocrx_word' id='word_1_89' title='bbox 1682 393 1784 422; x_wconf 85' lang='lat' dir='ltr'><strong>mcrilo</strong></span> 
     </span>
    </p>
   </div>
   <div class='ocr_carea' id='block_1_15' title="bbox 990 430 1400 459">
    <p class='ocr_par' dir='ltr' id='par_1_15' title="bbox 990 430 1400 459">
     <span class='ocr_line' id='line_1_15' title="bbox 990 430 1400 459; baseline 0.007 -3"><span class='ocrx_word' id='word_1_90' title='bbox 990 430 1023 456; x_wconf 90' lang='lat' dir='ltr'><strong>ad</strong></span> <span class='ocrx_word' id='word_1_91' title='bbox 1038 431 1139 457; x_wconf 89' lang='lat' dir='ltr'><strong>exitum</strong></span> <span class='ocrx_word' id='word_1_92' title='bbox 1155 430 1314 458; x_wconf 87' lang='lat' dir='ltr'><strong>deducenda</strong></span> <span class='ocrx_word' id='word_1_93' title='bbox 1326 435 1400 459; x_wconf 85' lang='lat' dir='ltr'><strong>sunt.</strong></span> 
     </span>
    </p>
   </div>
   <div class='ocr_carea' id='block_1_16' title="bbox 151 471 1782 516">
    <p class='ocr_par' dir='ltr' id='par_1_16' title="bbox 151 471 1782 516">
     <span class='ocr_line' id='line_1_16' title="bbox 151 471 1782 516; baseline 0.01 -18"><span class='ocrx_word' id='word_1_94' title='bbox 151 471 303 507; x_wconf 78' lang='grc' dir='ltr'>πείσονται,</span> <span class='ocrx_word' id='word_1_95' title='bbox 318 475 410 510; x_wconf 81' lang='grc' dir='ltr'>φησὶν,</span> <span class='ocrx_word' id='word_1_96' title='bbox 428 476 498 513; x_wconf 82' lang='grc' dir='ltr'>ὑπὲρ</span> <span class='ocrx_word' id='word_1_97' title='bbox 513 473 552 504; x_wconf 82' lang='grc' dir='ltr'>ὧν</span> <span class='ocrx_word' id='word_1_98' title='bbox 570 477 696 504; x_wconf 82' lang='grc' dir='ltr'>πλεῖστον</span> <span class='ocrx_word' id='word_1_99' title='bbox 709 479 770 505; x_wconf 83' lang='grc' dir='ltr'>ὅσον</span> <span class='ocrx_word' id='word_1_100' title='bbox 784 478 972 514; x_wconf 67' lang='grc' dir='ltr'><strong>ἐξετράπησαν</strong></span> <span class='ocrx_word' id='word_1_101' title='bbox 987 478 1034 505; x_wconf 82' lang='grc' dir='ltr'><strong>τοῦ</strong></span> <span class='ocrx_word' id='word_1_102' title='bbox 1051 477 1119 505; x_wconf 85' lang='grc' dir='ltr'><strong>Θεοῦ</strong></span> <span class='ocrx_word' id='word_1_103' title='bbox 1130 486 1138 494; x_wconf 93' lang='grc'><strong>·</strong></span> <span class='ocrx_word' id='word_1_104' title='bbox 1157 479 1204 506; x_wconf 82' lang='grc' dir='ltr'>καὶ</span> <span class='ocrx_word' id='word_1_105' title='bbox 1227 480 1301 506; x_wconf 79' lang='grc' dir='ltr'>τουτὶ</span> <span class='ocrx_word' id='word_1_106' title='bbox 1321 481 1451 516; x_wconf 77' lang='grc' dir='ltr'>πράττειν</span> <span class='ocrx_word' id='word_1_107' title='bbox 1471 481 1545 515; x_wconf 76' lang='grc' dir='ltr'>ἄξιον</span> <span class='ocrx_word' id='word_1_108' title='bbox 1564 484 1617 511; x_wconf 87' lang='grc' dir='ltr'>τῶν</span> <span class='ocrx_word' id='word_1_109' title='bbox 1630 485 1782 514; x_wconf 80' lang='grc' dir='ltr'>δοκούντων</span> 
     </span>
    </p>
   </div>
   <div class='ocr_carea' id='block_1_17' title="bbox 151 518 236 545">
    <p class='ocr_par' dir='ltr' id='par_1_17' title="bbox 151 518 236 545">
     <span class='ocr_line' id='line_1_17' title="bbox 151 518 236 545; baseline 0.012 -1"><span class='ocrx_word' id='word_1_110' title='bbox 151 518 236 545; x_wconf 79' lang='grc' dir='ltr'>αὑτῶ.</span> 
     </span>
    </p>
   </div>
   <div class='ocr_carea' id='block_1_18' title="bbox 188 527 938 603">
    <p class='ocr_par' dir='ltr' id='par_1_18' title="bbox 188 527 938 603">
     <span class='ocr_line' id='line_1_18' title="bbox 188 527 938 603; baseline 0.003 -12"><span class='ocrx_word' id='word_1_111' title='bbox 285 564 355 597; x_wconf 70' lang='grc' dir='ltr'><strong>δν-ςυ.</strong></span> <span class='ocrx_word' id='word_1_112' title='bbox 372 579 408 586; x_wconf 92' lang='lat'><strong>-—</strong></span> <span class='ocrx_word' id='word_1_113' title='bbox 432 562 499 592; x_wconf 79' lang='grc' dir='ltr'>Εἶτα</span> <span class='ocrx_word' id='word_1_114' title='bbox 517 565 653 598; x_wconf 79' lang='grc' dir='ltr'>ὀνειδίζων</span> <span class='ocrx_word' id='word_1_115' title='bbox 676 565 792 600; x_wconf 74' lang='grc' dir='ltr'>ἐπάγει·</span> <span class='ocrx_word' id='word_1_116' title='bbox 815 575 825 592; x_wconf 85' lang='grc'><em>‹</em></span> <span class='ocrx_word' id='word_1_117' title='bbox 849 566 938 603; x_wconf 85' lang='grc' dir='ltr'>Πόρνη</span> 
     </span>
    </p>
   </div>
   <div class='ocr_carea' id='block_1_19' title="bbox 152 610 938 648">
    <p class='ocr_par' dir='ltr' id='par_1_19' title="bbox 152 610 938 648">
     <span class='ocr_line' id='line_1_19' title="bbox 152 610 938 648; baseline 0.004 -11"><span class='ocrx_word' id='word_1_118' title='bbox 152 610 223 646; x_wconf 83' lang='grc' dir='ltr'>καλὴ</span> <span class='ocrx_word' id='word_1_119' title='bbox 244 611 292 638; x_wconf 82' lang='grc' dir='ltr'>καὶ</span> <span class='ocrx_word' id='word_1_120' title='bbox 311 611 437 647; x_wconf 84' lang='grc' dir='ltr'>ἐπίχαρις</span> <span class='ocrx_word' id='word_1_121' title='bbox 463 612 601 648; x_wconf 81' lang='grc' dir='ltr'>ἡγουμένη</span> <span class='ocrx_word' id='word_1_122' title='bbox 624 612 787 647; x_wconf 76' lang='grc' dir='ltr'>φαρμάκων.</span> <span class='ocrx_word' id='word_1_123' title='bbox 809 622 819 638; x_wconf 69' lang='grc' dir='ltr'><strong>ι</strong></span> <span class='ocrx_word' id='word_1_124' title='bbox 841 613 876 640; x_wconf 79' lang='grc' dir='ltr'><strong>Σὺ</strong></span> <span class='ocrx_word' id='word_1_125' title='bbox 896 612 938 648; x_wconf 84' lang='grc' dir='ltr'><strong>δὴ,</strong></span> 
     </span>
    </p>
   </div>
   <div class='ocr_carea' id='block_1_20' title="bbox 152 655 941 695">
    <p class='ocr_par' dir='ltr' id='par_1_20' title="bbox 152 655 941 695">
     <span class='ocr_line' id='line_1_20' title="bbox 152 655 941 695; baseline 0.003 -12"><span class='ocrx_word' id='word_1_126' title='bbox 152 657 247 692; x_wconf 69' lang='grc' dir='ltr'>φησὶν,</span> <span class='ocrx_word' id='word_1_127' title='bbox 268 655 340 694; x_wconf 78' lang='grc' dir='ltr'>ἦσθα</span> <span class='ocrx_word' id='word_1_128' title='bbox 354 659 371 693; x_wconf 89' lang='grc' dir='ltr'><strong>ή</strong></span> <span class='ocrx_word' id='word_1_129' title='bbox 392 657 440 684; x_wconf 90' lang='grc' dir='ltr'><strong>τοῦ</strong></span> <span class='ocrx_word' id='word_1_130' title='bbox 462 659 645 694; x_wconf 85' lang='grc' dir='ltr'>προσήκοντος</span> <span class='ocrx_word' id='word_1_131' title='bbox 660 658 880 695; x_wconf 85' lang='grc' dir='ltr'>ἐκτετραμμένη.</span> <span class='ocrx_word' id='word_1_132' title='bbox 896 659 941 685; x_wconf 79' lang='grc' dir='ltr'>εύ-</span> 
     </span>
    </p>
   </div>
   <div class='ocr_carea' id='block_1_21' title="bbox 151 703 940 740">
    <p class='ocr_par' dir='ltr' id='par_1_21' title="bbox 151 703 940 740">
     <span class='ocr_line' id='line_1_21' title="bbox 151 703 940 740; baseline 0.001 -10"><span class='ocrx_word' id='word_1_133' title='bbox 151 703 264 740; x_wconf 77' lang='grc' dir='ltr'>πρεπὴς</span> <span class='ocrx_word' id='word_1_134' title='bbox 288 704 337 739; x_wconf 69' lang='grc' dir='ltr'><strong>μὲν</strong></span> <span class='ocrx_word' id='word_1_135' title='bbox 362 703 444 739; x_wconf 75' lang='grc' dir='ltr'>ἑαυτῇ</span> <span class='ocrx_word' id='word_1_136' title='bbox 472 704 621 740; x_wconf 79' lang='grc' dir='ltr'>φαινομένη</span> <span class='ocrx_word' id='word_1_137' title='bbox 649 704 694 739; x_wconf 72' lang='grc' dir='ltr'><strong>διὰ</strong></span> <span class='ocrx_word' id='word_1_138' title='bbox 717 704 767 738; x_wconf 86' lang='grc' dir='ltr'>τὴν</span> <span class='ocrx_word' id='word_1_139' title='bbox 793 704 940 740; x_wconf 76' lang='grc' dir='ltr'>περιοῦσαν</span> 
     </span>
    </p>
   </div>
   <div class='ocr_carea' id='block_1_22' title="bbox 151 748 938 786">
    <p class='ocr_par' dir='ltr' id='par_1_22' title="bbox 151 748 938 786">
     <span class='ocr_line' id='line_1_22' title="bbox 151 748 938 786; baseline 0.001 -10"><span class='ocrx_word' id='word_1_140' title='bbox 151 748 328 782; x_wconf 77' lang='grc' dir='ltr'>δυναστείαν,</span> <span class='ocrx_word' id='word_1_141' title='bbox 346 749 473 785; x_wconf 72' lang='grc' dir='ltr'>ἐπίχαρις</span> <span class='ocrx_word' id='word_1_142' title='bbox 492 749 521 776; x_wconf 83' lang='grc' dir='ltr'><strong>δὲ</strong></span> <span class='ocrx_word' id='word_1_143' title='bbox 539 750 583 776; x_wconf 82' lang='grc' dir='ltr'><strong>διὰ</strong></span> <span class='ocrx_word' id='word_1_144' title='bbox 604 750 667 781; x_wconf 84' lang='grc' dir='ltr'>τοὺς</span> <span class='ocrx_word' id='word_1_145' title='bbox 681 749 782 786; x_wconf 86' lang='grc' dir='ltr'><strong>ταύτης</strong></span> <span class='ocrx_word' id='word_1_146' title='bbox 798 749 891 777; x_wconf 73' lang='grc' dir='ltr'>ἕνεκέν</span> <span class='ocrx_word' id='word_1_147' title='bbox 909 757 938 776; x_wconf 76' lang='grc' dir='ltr'><strong>σε</strong></span> 
     </span>
    </p>
   </div>
   <div class='ocr_carea' id='block_1_23' title="bbox 153 795 939 832">
    <p class='ocr_par' dir='ltr' id='par_1_23' title="bbox 153 795 939 832">
     <span class='ocr_line' id='line_1_23' title="bbox 153 795 939 832; baseline 0.001 -11"><span class='ocrx_word' id='word_1_148' title='bbox 153 795 317 831; x_wconf 74' lang='grc' dir='ltr'>θεραπεύειν</span> <span class='ocrx_word' id='word_1_149' title='bbox 334 795 543 828; x_wconf 82' lang='grc' dir='ltr'>ἐσπουδακότας,</span> <span class='ocrx_word' id='word_1_150' title='bbox 561 796 607 823; x_wconf 78' lang='grc' dir='ltr'>καὶ</span> <span class='ocrx_word' id='word_1_151' title='bbox 623 795 656 832; x_wconf 75' lang='grc' dir='ltr'><strong>δὴ</strong></span> <span class='ocrx_word' id='word_1_152' title='bbox 673 797 720 823; x_wconf 73' lang='grc' dir='ltr'><strong>καὶ</strong></span> <span class='ocrx_word' id='word_1_153' title='bbox 735 796 844 823; x_wconf 84' lang='grc' dir='ltr'>πάντων</span> <span class='ocrx_word' id='word_1_154' title='bbox 858 796 939 831; x_wconf 79' lang='grc' dir='ltr'>ἐξαρ-</span> 
     </span>
    </p>
   </div>
   <div class='ocr_carea' id='block_1_24' title="bbox 151 830 979 878">
    <p class='ocr_par' dir='ltr' id='par_1_24' title="bbox 151 830 979 878">
     <span class='ocr_line' id='line_1_24' title="bbox 151 830 979 878; baseline 0.001 -10"><span class='ocrx_word' id='word_1_155' title='bbox 151 849 199 877; x_wconf 86' lang='grc' dir='ltr'><strong>χος</strong></span> <span class='ocrx_word' id='word_1_156' title='bbox 219 841 274 868; x_wconf 79' lang='grc' dir='ltr'>τῶν</span> <span class='ocrx_word' id='word_1_157' title='bbox 287 841 337 877; x_wconf 82' lang='grc' dir='ltr'>τῆς</span> <span class='ocrx_word' id='word_1_158' title='bbox 358 841 484 874; x_wconf 69' lang='grc' dir='ltr'>ἀσεϐείας</span> <span class='ocrx_word' id='word_1_159' title='bbox 500 841 570 869; x_wconf 84' lang='grc' dir='ltr'>ἐθῶν</span> <span class='ocrx_word' id='word_1_160' title='bbox 594 830 696 878; x_wconf 81' lang='grc' dir='ltr'>ἑτέροις</span> <span class='ocrx_word' id='word_1_161' title='bbox 716 842 836 877; x_wconf 69' lang='grc' dir='ltr'>ἐγίγνου.</span> <span class='ocrx_word' id='word_1_162' title='bbox 866 851 875 868; x_wconf 82' lang='grc' dir='ltr'><strong>ι</strong></span> <span class='ocrx_word' id='word_1_163' title='bbox 909 830 942 869; x_wconf 80' lang='grc' dir='ltr'><strong><em>Ἦ</em></strong></span> <span class='ocrx_word' id='word_1_164' title='bbox 958 830 979 858; x_wconf 71' lang='grc' dir='ltr'><strong><em>Β</em></strong></span> 
     </span>
    </p>
   </div>
   <div class='ocr_carea' id='block_1_25' title="bbox 152 886 943 924">
    <p class='ocr_par' dir='ltr' id='par_1_25' title="bbox 152 886 943 924">
     <span class='ocr_line' id='line_1_25' title="bbox 152 886 943 924; baseline 0.003 -11"><span class='ocrx_word' id='word_1_165' title='bbox 152 886 283 914; x_wconf 77' lang='grc' dir='ltr'>πωλοῦσα</span> <span class='ocrx_word' id='word_1_166' title='bbox 290 887 355 923; x_wconf 68' lang='grc' dir='ltr'>ἔθνη</span> <span class='ocrx_word' id='word_1_167' title='bbox 367 888 396 914; x_wconf 74' lang='grc' dir='ltr'><strong>ἐν</strong></span> <span class='ocrx_word' id='word_1_168' title='bbox 405 889 440 924; x_wconf 79' lang='grc' dir='ltr'>τῇ</span> <span class='ocrx_word' id='word_1_169' title='bbox 455 888 570 924; x_wconf 78' lang='grc' dir='ltr'>πορνείᾳ</span> <span class='ocrx_word' id='word_1_170' title='bbox 579 888 674 924; x_wconf 74' lang='grc' dir='ltr'>αὐτῆς,</span> <span class='ocrx_word' id='word_1_171' title='bbox 690 889 736 915; x_wconf 80' lang='grc' dir='ltr'>καὶ</span> <span class='ocrx_word' id='word_1_172' title='bbox 747 888 834 923; x_wconf 83' lang='grc' dir='ltr'>φυλὰς</span> <span class='ocrx_word' id='word_1_173' title='bbox 848 889 877 915; x_wconf 82' lang='grc' dir='ltr'><strong>ἐν</strong></span> <span class='ocrx_word' id='word_1_174' title='bbox 887 889 943 919; x_wconf 84' lang='grc' dir='ltr'>τοῖς</span> 
     </span>
    </p>
   </div>
   <div class='ocr_carea' id='block_1_26' title="bbox 152 931 943 968">
    <p class='ocr_par' dir='ltr' id='par_1_26' title="bbox 152 931 943 968">
     <span class='ocr_line' id='line_1_26' title="bbox 152 931 943 968; baseline 0.001 -11"><span class='ocrx_word' id='word_1_175' title='bbox 152 931 311 967; x_wconf 82' lang='grc' dir='ltr'>φαρμάκοις</span> <span class='ocrx_word' id='word_1_176' title='bbox 327 931 421 967; x_wconf 81' lang='grc' dir='ltr'>αὐτῆς.</span> <span class='ocrx_word' id='word_1_177' title='bbox 442 941 452 958; x_wconf 74' lang='grc' dir='ltr'><strong>ι</strong></span> <span class='ocrx_word' id='word_1_178' title='bbox 473 931 625 968; x_wconf 79' lang='grc' dir='ltr'>Ὀλόκληρα</span> <span class='ocrx_word' id='word_1_179' title='bbox 642 932 697 968; x_wconf 83' lang='grc' dir='ltr'>γὰρ</span> <span class='ocrx_word' id='word_1_180' title='bbox 713 932 777 968; x_wconf 80' lang='grc' dir='ltr'>έθνη</span> <span class='ocrx_word' id='word_1_181' title='bbox 793 933 840 959; x_wconf 79' lang='grc' dir='ltr'>καὶ</span> <span class='ocrx_word' id='word_1_182' title='bbox 857 931 943 967; x_wconf 77' lang='grc' dir='ltr'>φυλὰς</span> 
     </span>
    </p>
   </div>
   <div class='ocr_carea' id='block_1_27' title="bbox 151 976 942 1014">
    <p class='ocr_par' dir='ltr' id='par_1_27' title="bbox 151 976 942 1014">
     <span class='ocr_line' id='line_1_27' title="bbox 151 976 942 1014; baseline 0 -11"><span class='ocrx_word' id='word_1_183' title='bbox 151 976 216 1008; x_wconf 83' lang='grc' dir='ltr'>ὅλας</span> <span class='ocrx_word' id='word_1_184' title='bbox 230 978 263 1013; x_wconf 82' lang='grc' dir='ltr'>τῇ</span> <span class='ocrx_word' id='word_1_185' title='bbox 279 977 388 1013; x_wconf 71' lang='grc' dir='ltr'>ἐξουσίᾳ</span> <span class='ocrx_word' id='word_1_186' title='bbox 410 978 640 1013; x_wconf 77' lang='grc' dir='ltr'><strong>κατακεχρημένη</strong></span> <span class='ocrx_word' id='word_1_187' title='bbox 659 979 693 1014; x_wconf 83' lang='grc' dir='ltr'>τῇ</span> <span class='ocrx_word' id='word_1_188' title='bbox 718 978 807 1014; x_wconf 81' lang='grc' dir='ltr'>οἰκείᾳ</span> <span class='ocrx_word' id='word_1_189' title='bbox 818 998 825 1011; x_wconf 84' lang='grc'><em>,</em></span> <span class='ocrx_word' id='word_1_190' title='bbox 840 979 880 1010; x_wconf 87' lang='grc' dir='ltr'><strong>εἰς</strong></span> <span class='ocrx_word' id='word_1_191' title='bbox 893 978 942 1013; x_wconf 80' lang='grc' dir='ltr'><strong>τήν</strong></span> 
     </span>
    </p>
   </div>
   <div class='ocr_carea' id='block_1_28' title="bbox 151 1021 942 1058">
    <p class='ocr_par' dir='ltr' id='par_1_28' title="bbox 151 1021 942 1058">
     <span class='ocr_line' id='line_1_28' title="bbox 151 1021 942 1058; baseline 0.001 -10"><span class='ocrx_word' id='word_1_192' title='bbox 151 1022 238 1057; x_wconf 72' lang='grc' dir='ltr'>αὑτήν</span> <span class='ocrx_word' id='word_1_193' title='bbox 257 1031 299 1049; x_wconf 84' lang='grc' dir='ltr'><strong>σοι</strong></span> <span class='ocrx_word' id='word_1_194' title='bbox 314 1022 490 1058; x_wconf 78' lang='grc' dir='ltr'>συμμετῆγες</span> <span class='ocrx_word' id='word_1_195' title='bbox 504 1021 642 1054; x_wconf 70' lang='grc' dir='ltr'>ἀσέϐειαν,</span> <span class='ocrx_word' id='word_1_196' title='bbox 662 1022 709 1049; x_wconf 77' lang='grc' dir='ltr'>καὶ</span> <span class='ocrx_word' id='word_1_197' title='bbox 732 1024 822 1050; x_wconf 86' lang='grc' dir='ltr'>πᾶσαν</span> <span class='ocrx_word' id='word_1_198' title='bbox 839 1022 871 1055; x_wconf 84' lang='grc' dir='ltr'>δὴ</span> <span class='ocrx_word' id='word_1_199' title='bbox 893 1022 942 1058; x_wconf 77' lang='grc' dir='ltr'>τὴν</span> 
     </span>
    </p>
   </div>
   <div class='ocr_carea' id='block_1_29' title="bbox 152 1067 941 1105">
    <p class='ocr_par' dir='ltr' id='par_1_29' title="bbox 152 1067 941 1105">
     <span class='ocr_line' id='line_1_29' title="bbox 152 1067 941 1105; baseline 0.001 -11"><span class='ocrx_word' id='word_1_200' title='bbox 152 1067 218 1105; x_wconf 74' lang='grc' dir='ltr'>περὶ</span> <span class='ocrx_word' id='word_1_201' title='bbox 229 1067 265 1095; x_wconf 73' lang='grc' dir='ltr'><strong>τὰ</strong></span> <span class='ocrx_word' id='word_1_202' title='bbox 277 1067 390 1094; x_wconf 84' lang='grc' dir='ltr'>τοιαῦτα</span> <span class='ocrx_word' id='word_1_203' title='bbox 407 1067 535 1104; x_wconf 87' lang='grc' dir='ltr'>σπουδήν.</span> <span class='ocrx_word' id='word_1_204' title='bbox 561 1077 571 1093; x_wconf 84' lang='grc' dir='ltr'><strong>ι</strong></span> <span class='ocrx_word' id='word_1_205' title='bbox 595 1067 660 1094; x_wconf 83' lang='grc' dir='ltr'><strong>Ἰδοὺ</strong></span> <span class='ocrx_word' id='word_1_206' title='bbox 680 1067 734 1102; x_wconf 82' lang='grc' dir='ltr'>ἐγὼ</span> <span class='ocrx_word' id='word_1_207' title='bbox 748 1068 795 1095; x_wconf 76' lang='grc' dir='ltr'>ἐπὶ</span> <span class='ocrx_word' id='word_1_208' title='bbox 810 1068 849 1099; x_wconf 84' lang='grc' dir='ltr'><strong>σὲ,</strong></span> <span class='ocrx_word' id='word_1_209' title='bbox 867 1068 941 1102; x_wconf 87' lang='grc' dir='ltr'>λέγει</span> 
     </span>
    </p>
   </div>
   <div class='ocr_carea' id='block_1_30' title="bbox 152 1114 942 1151">
    <p class='ocr_par' dir='ltr' id='par_1_30' title="bbox 152 1114 942 1151">
     <span class='ocr_line' id='line_1_30' title="bbox 152 1114 942 1151; baseline -0.003 -9"><span class='ocrx_word' id='word_1_210' title='bbox 152 1115 256 1151; x_wconf 75' lang='grc' dir='ltr'>Κύριος</span> <span class='ocrx_word' id='word_1_211' title='bbox 272 1116 288 1142; x_wconf 85' lang='grc' dir='ltr'><strong><em>ὸ</em></strong></span> <span class='ocrx_word' id='word_1_212' title='bbox 301 1115 368 1147; x_wconf 79' lang='grc' dir='ltr'>Θεὸς</span> <span class='ocrx_word' id='word_1_213' title='bbox 386 1115 401 1142; x_wconf 82' lang='grc' dir='ltr'><strong>ὁ</strong></span> <span class='ocrx_word' id='word_1_214' title='bbox 423 1115 638 1150; x_wconf 77' lang='grc' dir='ltr'>παντοκράτωρ⁶</span> <span class='ocrx_word' id='word_1_215' title='bbox 657 1115 704 1141; x_wconf 83' lang='grc' dir='ltr'><strong>καὶ</strong></span> <span class='ocrx_word' id='word_1_216' title='bbox 718 1114 886 1149; x_wconf 79' lang='grc' dir='ltr'>ἀποκαλύψω</span> <span class='ocrx_word' id='word_1_217' title='bbox 907 1114 942 1141; x_wconf 70' lang='grc' dir='ltr'>τὰ</span> 
     </span>
    </p>
   </div>
   <div class='ocr_carea' id='block_1_31' title="bbox 152 1160 942 1197">
    <p class='ocr_par' dir='ltr' id='par_1_31' title="bbox 152 1160 942 1197">
     <span class='ocr_line' id='line_1_31' title="bbox 152 1160 942 1197; baseline -0.001 -9"><span class='ocrx_word' id='word_1_218' title='bbox 152 1161 242 1188; x_wconf 74' lang='grc' dir='ltr'>ὀπίσω</span> <span class='ocrx_word' id='word_1_219' title='bbox 264 1170 310 1188; x_wconf 87' lang='grc' dir='ltr'><strong>σου</strong></span> <span class='ocrx_word' id='word_1_220' title='bbox 335 1161 382 1188; x_wconf 76' lang='grc' dir='ltr'>ἐπὶ</span> <span class='ocrx_word' id='word_1_221' title='bbox 406 1161 436 1188; x_wconf 84' lang='grc' dir='ltr'><strong>τὺ</strong></span> <span class='ocrx_word' id='word_1_222' title='bbox 453 1160 599 1197; x_wconf 78' lang='grc' dir='ltr'>πρόσωπόν</span> <span class='ocrx_word' id='word_1_223' title='bbox 620 1169 685 1187; x_wconf 85' lang='grc' dir='ltr'>σου·</span> <span class='ocrx_word' id='word_1_224' title='bbox 707 1161 754 1188; x_wconf 75' lang='grc' dir='ltr'>καὶ</span> <span class='ocrx_word' id='word_1_225' title='bbox 770 1161 850 1193; x_wconf 78' lang='grc' dir='ltr'>δείξω</span> <span class='ocrx_word' id='word_1_226' title='bbox 869 1160 942 1188; x_wconf 74' lang='grc' dir='ltr'>ἔθνε-</span> 
     </span>
    </p>
   </div>
   <div class='ocr_carea' id='block_1_32' title="bbox 153 1206 941 1244">
    <p class='ocr_par' dir='ltr' id='par_1_32' title="bbox 153 1206 941 1244">
     <span class='ocr_line' id='line_1_32' title="bbox 153 1206 941 1244; baseline -0.001 -10"><span class='ocrx_word' id='word_1_227' title='bbox 153 1216 197 1234; x_wconf 91' lang='grc' dir='ltr'><strong>σιν</strong></span> <span class='ocrx_word' id='word_1_228' title='bbox 217 1207 267 1244; x_wconf 79' lang='grc' dir='ltr'>τὴν</span> <span class='ocrx_word' id='word_1_229' title='bbox 290 1206 420 1243; x_wconf 77' lang='grc' dir='ltr'>αἰσχύνην</span> <span class='ocrx_word' id='word_1_230' title='bbox 442 1215 501 1239; x_wconf 88' lang='grc' dir='ltr'>σου,</span> <span class='ocrx_word' id='word_1_231' title='bbox 517 1207 564 1234; x_wconf 78' lang='grc' dir='ltr'>καὶ</span> <span class='ocrx_word' id='word_1_232' title='bbox 587 1206 736 1241; x_wconf 83' lang='grc' dir='ltr'>βασιλείαις</span> <span class='ocrx_word' id='word_1_233' title='bbox 757 1206 807 1243; x_wconf 82' lang='grc' dir='ltr'>τὴν</span> <span class='ocrx_word' id='word_1_234' title='bbox 831 1207 941 1242; x_wconf 80' lang='grc' dir='ltr'>ἀτιμίαν</span> 
     </span>
    </p>
   </div>
   <div class='ocr_carea' id='block_1_33' title="bbox 153 1253 942 1290">
    <p class='ocr_par' dir='ltr' id='par_1_33' title="bbox 153 1253 942 1290">
     <span class='ocr_line' id='line_1_33' title="bbox 153 1253 942 1290; baseline -0.001 -8"><span class='ocrx_word' id='word_1_235' title='bbox 153 1263 213 1287; x_wconf 85' lang='grc' dir='ltr'>σου,</span> <span class='ocrx_word' id='word_1_236' title='bbox 229 1255 276 1281; x_wconf 76' lang='grc' dir='ltr'>καὶ</span> <span class='ocrx_word' id='word_1_237' title='bbox 293 1253 430 1290; x_wconf 79' lang='grc' dir='ltr'>ὲπιρρίψω</span> <span class='ocrx_word' id='word_1_238' title='bbox 444 1254 491 1280; x_wconf 74' lang='grc' dir='ltr'>ἐπὶ</span> <span class='ocrx_word' id='word_1_239' title='bbox 507 1254 537 1280; x_wconf 84' lang='grc' dir='ltr'><strong>σέ</strong></span> <span class='ocrx_word' id='word_1_240' title='bbox 559 1253 708 1289; x_wconf 81' lang='grc' dir='ltr'>βδελυγμὺν</span> <span class='ocrx_word' id='word_1_241' title='bbox 719 1274 725 1284; x_wconf 90' lang='grc'><em>.</em></span> <span class='ocrx_word' id='word_1_242' title='bbox 740 1253 788 1281; x_wconf 82' lang='grc' dir='ltr'>καὶ</span> <span class='ocrx_word' id='word_1_243' title='bbox 807 1254 856 1284; x_wconf 73' lang='grc' dir='ltr'><strong>τὰς</strong></span> <span class='ocrx_word' id='word_1_244' title='bbox 873 1255 942 1281; x_wconf 84' lang='grc' dir='ltr'>ἀκα-</span> 
     </span>
    </p>
   </div>
   <div class='ocr_carea' id='block_1_34' title="bbox 153 1299 940 1337">
    <p class='ocr_par' dir='ltr' id='par_1_34' title="bbox 153 1299 940 1337">
     <span class='ocr_line' id='line_1_34' title="bbox 153 1299 940 1337; baseline -0.003 -9"><span class='ocrx_word' id='word_1_245' title='bbox 153 1301 268 1337; x_wconf 73' lang='grc' dir='ltr'>θαρσίας</span> <span class='ocrx_word' id='word_1_246' title='bbox 289 1309 354 1327; x_wconf 88' lang='grc' dir='ltr'>σου·</span> <span class='ocrx_word' id='word_1_247' title='bbox 371 1299 518 1335; x_wconf 83' lang='grc' dir='ltr'>καθίσομαί</span> <span class='ocrx_word' id='word_1_248' title='bbox 536 1308 566 1326; x_wconf 87' lang='grc' dir='ltr'><strong>οε</strong></span> <span class='ocrx_word' id='word_1_249' title='bbox 581 1300 620 1332; x_wconf 84' lang='grc' dir='ltr'><strong>εἰς</strong></span> <span class='ocrx_word' id='word_1_250' title='bbox 639 1300 824 1336; x_wconf 84' lang='grc' dir='ltr'>παράδειγμα.</span> <span class='ocrx_word' id='word_1_251' title='bbox 851 1311 860 1327; x_wconf 73' lang='grc' dir='ltr'><strong>ι</strong></span> <span class='ocrx_word' id='word_1_252' title='bbox 879 1301 940 1327; x_wconf 89' lang='grc' dir='ltr'>Τοι-</span> 
     </span>
    </p>
   </div>
   <div class='ocr_carea' id='block_1_35' title="bbox 152 1344 941 1382">
    <p class='ocr_par' dir='ltr' id='par_1_35' title="bbox 152 1344 941 1382">
     <span class='ocr_line' id='line_1_35' title="bbox 152 1344 941 1382; baseline 0 -10"><span class='ocrx_word' id='word_1_253' title='bbox 152 1345 256 1382; x_wconf 82' lang='grc' dir='ltr'>γαροῦν</span> <span class='ocrx_word' id='word_1_254' title='bbox 269 1344 324 1380; x_wconf 71' lang='grc' dir='ltr'>ἐγώ</span> <span class='ocrx_word' id='word_1_255' title='bbox 339 1353 390 1377; x_wconf 85' lang='grc' dir='ltr'><strong>σοι¹</strong></span> <span class='ocrx_word' id='word_1_256' title='bbox 412 1346 494 1380; x_wconf 82' lang='grc' dir='ltr'>φησὶν</span> <span class='ocrx_word' id='word_1_257' title='bbox 511 1345 526 1372; x_wconf 83' lang='grc'>6</span> <span class='ocrx_word' id='word_1_258' title='bbox 544 1346 621 1377; x_wconf 82' lang='grc' dir='ltr'>Θεὸς,</span> <span class='ocrx_word' id='word_1_259' title='bbox 636 1345 766 1380; x_wconf 84' lang='grc' dir='ltr'>ἀνάλογον</span> <span class='ocrx_word' id='word_1_260' title='bbox 780 1348 840 1377; x_wconf 85' lang='grc' dir='ltr'>ταῖς</span> <span class='ocrx_word' id='word_1_261' title='bbox 850 1345 941 1372; x_wconf 73' lang='grc' dir='ltr'>τοιαύ-</span> 
     </span>
    </p>
   </div>
   <div class='ocr_carea' id='block_1_36' title="bbox 153 1391 939 1427">
    <p class='ocr_par' dir='ltr' id='par_1_36' title="bbox 153 1391 939 1427">
     <span class='ocr_line' id='line_1_36' title="bbox 153 1391 939 1427; baseline -0.001 -8"><span class='ocrx_word' id='word_1_262' title='bbox 153 1400 214 1424; x_wconf 82' lang='grc' dir='ltr'>ταις</span> <span class='ocrx_word' id='word_1_263' title='bbox 230 1392 357 1424; x_wconf 80' lang='grc' dir='ltr'>ἀτοπίαις</span> <span class='ocrx_word' id='word_1_264' title='bbox 376 1391 469 1424; x_wconf 80' lang='grc' dir='ltr'>ἐπάξω</span> <span class='ocrx_word' id='word_1_265' title='bbox 485 1391 534 1427; x_wconf 82' lang='grc' dir='ltr'>τὴν</span> <span class='ocrx_word' id='word_1_266' title='bbox 553 1392 689 1427; x_wconf 84' lang='grc' dir='ltr'>τιμωρίαν</span> <span class='ocrx_word' id='word_1_267' title='bbox 702 1400 709 1407; x_wconf 92' lang='grc'><strong>·</strong></span> <span class='ocrx_word' id='word_1_268' title='bbox 729 1391 869 1427; x_wconf 78' lang='grc' dir='ltr'>περιϐαλῶ</span> <span class='ocrx_word' id='word_1_269' title='bbox 887 1392 939 1427; x_wconf 84' lang='grc' dir='ltr'>γάρ</span> 
     </span>
    </p>
   </div>
   <div class='ocr_carea' id='block_1_37' title="bbox 153 1438 939 1474">
    <p class='ocr_par' dir='ltr' id='par_1_37' title="bbox 153 1438 939 1474">
     <span class='ocr_line' id='line_1_37' title="bbox 153 1438 939 1474; baseline -0.003 -8"><span class='ocrx_word' id='word_1_270' title='bbox 153 1447 196 1472; x_wconf 72' lang='grc' dir='ltr'>σε,</span> <span class='ocrx_word' id='word_1_271' title='bbox 212 1439 306 1474; x_wconf 76' lang='grc' dir='ltr'>φησὶν,</span> <span class='ocrx_word' id='word_1_272' title='bbox 320 1438 435 1474; x_wconf 80' lang='grc' dir='ltr'>αἰσχύνῃ</span> <span class='ocrx_word' id='word_1_273' title='bbox 445 1438 569 1474; x_wconf 67' lang='grc' dir='ltr'>παντοίᾳ,</span> <span class='ocrx_word' id='word_1_274' title='bbox 583 1438 620 1473; x_wconf 88' lang='lat' dir='ltr'><strong>(p.</strong></span> <span class='ocrx_word' id='word_1_275' title='bbox 635 1438 697 1473; x_wconf 67' lang='lat' dir='ltr'><strong>MS)</strong></span> <span class='ocrx_word' id='word_1_276' title='bbox 710 1438 804 1473; x_wconf 82' lang='grc' dir='ltr'>ὥσπερ</span> <span class='ocrx_word' id='word_1_277' title='bbox 820 1438 852 1464; x_wconf 84' lang='grc' dir='ltr'>ἂν</span> <span class='ocrx_word' id='word_1_278' title='bbox 864 1438 939 1469; x_wconf 76' lang='grc' dir='ltr'>εἴτις</span> 
     </span>
    </p>
   </div>
   <div class='ocr_carea' id='block_1_38' title="bbox 1023 567 1779 607">
    <p class='ocr_par' dir='ltr' id='par_1_38' title="bbox 1023 567 1779 607">
     <span class='ocr_line' id='line_1_38' title="bbox 1023 567 1779 607; baseline 0.015 -12"><span class='ocrx_word' id='word_1_279' title='bbox 1023 567 1108 596; x_wconf 77' lang='lat' dir='ltr'><strong>Vens.</strong></span> <span class='ocrx_word' id='word_1_280' title='bbox 1128 570 1188 598; x_wconf 74' lang='grc'><strong>4-7.</strong></span> <span class='ocrx_word' id='word_1_281' title='bbox 1206 586 1239 591; x_wconf 92' lang='grc'><strong>-</strong></span> <span class='ocrx_word' id='word_1_282' title='bbox 1253 569 1356 600; x_wconf 86' lang='lat' dir='ltr'><strong>Deinde</strong></span> <span class='ocrx_word' id='word_1_283' title='bbox 1370 573 1529 602; x_wconf 87' lang='lat' dir='ltr'><strong>convicians</strong></span> <span class='ocrx_word' id='word_1_284' title='bbox 1541 576 1579 602; x_wconf 85' lang='lat' dir='ltr'><strong>ait</strong></span> <span class='ocrx_word' id='word_1_285' title='bbox 1595 586 1602 602; x_wconf 93' lang='lat'>:</span> <span class='ocrx_word' id='word_1_286' title='bbox 1624 586 1633 601; x_wconf 89' lang='grc' dir='ltr'><strong>ι</strong></span> <span class='ocrx_word' id='word_1_287' title='bbox 1651 576 1779 607; x_wconf 79' lang='lat' dir='ltr'><strong>Meretrix</strong></span> 
     </span>
    </p>
   </div>
   <div class='ocr_carea' id='block_1_39' title="bbox 989 615 1777 658">
    <p class='ocr_par' dir='ltr' id='par_1_39' title="bbox 989 615 1777 658">
     <span class='ocr_line' id='line_1_39' title="bbox 989 615 1777 658; baseline 0.013 -17"><span class='ocrx_word' id='word_1_288' title='bbox 989 615 1103 649; x_wconf 86' lang='lat' dir='ltr'><strong>pulchra</strong></span> <span class='ocrx_word' id='word_1_289' title='bbox 1115 621 1142 643; x_wconf 90' lang='lat' dir='ltr'><strong>et</strong></span> <span class='ocrx_word' id='word_1_290' title='bbox 1154 617 1288 652; x_wconf 85' lang='lat' dir='ltr'><strong>gratiosa,</strong></span> <span class='ocrx_word' id='word_1_291' title='bbox 1300 618 1355 645; x_wconf 91' lang='lat' dir='ltr'><strong>dux</strong></span> <span class='ocrx_word' id='word_1_292' title='bbox 1367 619 1570 648; x_wconf 85' lang='lat' dir='ltr'><strong>veneﬁciorum.</strong></span> <span class='ocrx_word' id='word_1_293' title='bbox 1589 631 1599 648; x_wconf 69' lang='grc' dir='ltr'><strong>ι</strong></span> <span class='ocrx_word' id='word_1_294' title='bbox 1611 621 1662 656; x_wconf 85' lang='grc' dir='ltr'>Τιι,</span> <span class='ocrx_word' id='word_1_295' title='bbox 1677 623 1777 658; x_wconf 87' lang='lat' dir='ltr'><strong>inquit,</strong></span> 
     </span>
    </p>
   </div>
   <div class='ocr_carea' id='block_1_40' title="bbox 988 660 1779 704">
    <p class='ocr_par' dir='ltr' id='par_1_40' title="bbox 988 660 1779 704">
     <span class='ocr_line' id='line_1_40' title="bbox 988 660 1779 704; baseline 0.014 -18"><span class='ocrx_word' id='word_1_296' title='bbox 988 660 1035 687; x_wconf 92' lang='lat' dir='ltr'><strong>illa</strong></span> <span class='ocrx_word' id='word_1_297' title='bbox 1051 669 1081 689; x_wconf 87' lang='lat' dir='ltr'><strong>es</strong></span> <span class='ocrx_word' id='word_1_298' title='bbox 1099 669 1160 696; x_wconf 72' lang='lat' dir='ltr'><strong>quae</strong></span> <span class='ocrx_word' id='word_1_299' title='bbox 1178 662 1212 690; x_wconf 88' lang='lat' dir='ltr'><strong>ab</strong></span> <span class='ocrx_word' id='word_1_300' title='bbox 1239 663 1327 691; x_wconf 81' lang='lat' dir='ltr'><strong>oﬂlcio</strong></span> <span class='ocrx_word' id='word_1_301' title='bbox 1346 666 1498 699; x_wconf 84' lang='lat' dir='ltr'><strong>recessisti,</strong></span> <span class='ocrx_word' id='word_1_302' title='bbox 1517 674 1632 702; x_wconf 66' lang='lat' dir='ltr'><strong>qumque</strong></span> <span class='ocrx_word' id='word_1_303' title='bbox 1653 670 1779 704; x_wconf 87' lang='lat' dir='ltr'><strong>speciosa</strong></span> 
     </span>
    </p>
   </div>
   <div class='ocr_carea' id='block_1_41' title="bbox 989 706 1778 750">
    <p class='ocr_par' dir='ltr' id='par_1_41' title="bbox 989 706 1778 750">
     <span class='ocr_line' id='line_1_41' title="bbox 989 706 1778 750; baseline 0.015 -19"><span class='ocrx_word' id='word_1_304' title='bbox 989 706 1038 732; x_wconf 88' lang='lat' dir='ltr'><strong>tibi</strong></span> <span class='ocrx_word' id='word_1_305' title='bbox 1050 706 1086 733; x_wconf 88' lang='lat' dir='ltr'><strong>ob</strong></span> <span class='ocrx_word' id='word_1_306' title='bbox 1098 707 1242 742; x_wconf 85' lang='lat' dir='ltr'><strong>imperium</strong></span> <span class='ocrx_word' id='word_1_307' title='bbox 1254 709 1402 743; x_wconf 83' lang='lat' dir='ltr'><strong>videbaris,</strong></span> <span class='ocrx_word' id='word_1_308' title='bbox 1417 712 1536 746; x_wconf 82' lang='lat' dir='ltr'><strong>gratiosa</strong></span> <span class='ocrx_word' id='word_1_309' title='bbox 1549 718 1658 748; x_wconf 84' lang='lat' dir='ltr'><strong>propter</strong></span> <span class='ocrx_word' id='word_1_310' title='bbox 1673 722 1721 742; x_wconf 91' lang='lat' dir='ltr'><strong>eos</strong></span> <span class='ocrx_word' id='word_1_311' title='bbox 1730 715 1778 750; x_wconf 88' lang='lat' dir='ltr'><strong>qui</strong></span> 
     </span>
    </p>
   </div>
   <div class='ocr_carea' id='block_1_42' title="bbox 991 750 1779 796">
    <p class='ocr_par' dir='ltr' id='par_1_42' title="bbox 991 750 1779 796">
     <span class='ocr_line' id='line_1_42' title="bbox 991 750 1779 796; baseline 0.014 -19"><span class='ocrx_word' id='word_1_312' title='bbox 991 750 1148 781; x_wconf 80' lang='lat' dir='ltr'><strong>dominatus</strong></span> <span class='ocrx_word' id='word_1_313' title='bbox 1160 755 1199 781; x_wconf 92' lang='lat' dir='ltr'><strong>tui</strong></span> <span class='ocrx_word' id='word_1_314' title='bbox 1214 762 1298 782; x_wconf 70' lang='lat' dir='ltr'><strong>causa</strong></span> <span class='ocrx_word' id='word_1_315' title='bbox 1312 759 1340 783; x_wconf 91' lang='lat' dir='ltr'><strong>te</strong></span> <span class='ocrx_word' id='word_1_316' title='bbox 1352 758 1443 785; x_wconf 89' lang='lat' dir='ltr'><strong>colere</strong></span> <span class='ocrx_word' id='word_1_317' title='bbox 1454 759 1611 794; x_wconf 75' lang='lat' dir='ltr'><strong>certabant;</strong></span> <span class='ocrx_word' id='word_1_318' title='bbox 1627 765 1654 788; x_wconf 93' lang='lat' dir='ltr'><strong>et</strong></span> <span class='ocrx_word' id='word_1_319' title='bbox 1668 761 1779 796; x_wconf 85' lang='lat' dir='ltr'><strong>quidem</strong></span> 
     </span>
    </p>
   </div>
   <div class='ocr_carea' id='block_1_43' title="bbox 992 798 1777 836">
    <p class='ocr_par' dir='ltr' id='par_1_43' title="bbox 992 798 1777 836">
     <span class='ocr_line' id='line_1_43' title="bbox 992 798 1777 836; baseline 0.015 -13"><span class='ocrx_word' id='word_1_320' title='bbox 992 798 1098 826; x_wconf 61' lang='lat' dir='ltr'><strong>caeteris</strong></span> <span class='ocrx_word' id='word_1_321' title='bbox 1127 806 1237 835; x_wconf 90' lang='lat' dir='ltr'><strong>quoque</strong></span> <span class='ocrx_word' id='word_1_322' title='bbox 1261 801 1406 836; x_wconf 91' lang='lat' dir='ltr'><strong>impiorum</strong></span> <span class='ocrx_word' id='word_1_323' title='bbox 1430 811 1535 831; x_wconf 90' lang='lat' dir='ltr'><strong>morum</strong></span> <span class='ocrx_word' id='word_1_324' title='bbox 1560 807 1668 834; x_wconf 90' lang='lat' dir='ltr'><strong>auctrix</strong></span> <span class='ocrx_word' id='word_1_325' title='bbox 1692 807 1777 836; x_wconf 83' lang='lat' dir='ltr'><strong>fuisti.</strong></span> 
     </span>
    </p>
   </div>
   <div class='ocr_carea' id='block_1_44' title="bbox 996 840 1780 883">
    <p class='ocr_par' dir='ltr' id='par_1_44' title="bbox 996 840 1780 883">
     <span class='ocr_line' id='line_1_44' title="bbox 996 840 1780 883; baseline 0.018 -17"><span class='ocrx_word' id='word_1_326' title='bbox 996 849 1006 866; x_wconf 78' lang='grc' dir='ltr'><strong>ι</strong></span> <span class='ocrx_word' id='word_1_327' title='bbox 1024 840 1090 874; x_wconf 76' lang='lat' dir='ltr'><strong>Qure</strong></span> <span class='ocrx_word' id='word_1_328' title='bbox 1116 845 1211 872; x_wconf 87' lang='lat' dir='ltr'><strong>vendis</strong></span> <span class='ocrx_word' id='word_1_329' title='bbox 1235 850 1331 880; x_wconf 73' lang='lat' dir='ltr'><strong>gentes</strong></span> <span class='ocrx_word' id='word_1_330' title='bbox 1356 847 1539 877; x_wconf 88' lang='lat' dir='ltr'><strong>fornicatione</strong></span> <span class='ocrx_word' id='word_1_331' title='bbox 1563 854 1620 883; x_wconf 90' lang='lat' dir='ltr'><strong>tua,</strong></span> <span class='ocrx_word' id='word_1_332' title='bbox 1637 856 1663 879; x_wconf 89' lang='lat' dir='ltr'><strong>et</strong></span> <span class='ocrx_word' id='word_1_333' title='bbox 1690 852 1780 881; x_wconf 81' lang='lat' dir='ltr'><strong>tribus</strong></span> 
     </span>
    </p>
   </div>
   <div class='ocr_carea' id='block_1_45' title="bbox 993 887 1777 932">
    <p class='ocr_par' dir='ltr' id='par_1_45' title="bbox 993 887 1777 932">
     <span class='ocr_line' id='line_1_45' title="bbox 993 887 1777 932; baseline 0.017 -19"><span class='ocrx_word' id='word_1_334' title='bbox 993 887 1149 922; x_wconf 77' lang='lat' dir='ltr'><strong>pharmacis</strong></span> <span class='ocrx_word' id='word_1_335' title='bbox 1165 891 1230 918; x_wconf 87' lang='lat' dir='ltr'><strong>tuis.</strong></span> <span class='ocrx_word' id='word_1_336' title='bbox 1251 900 1261 917; x_wconf 73' lang='grc' dir='ltr'><strong>ι</strong></span> <span class='ocrx_word' id='word_1_337' title='bbox 1280 891 1380 920; x_wconf 86' lang='lat' dir='ltr'><strong>Gentes</strong></span> <span class='ocrx_word' id='word_1_338' title='bbox 1394 893 1513 929; x_wconf 87' lang='lat' dir='ltr'><strong>integras</strong></span> <span class='ocrx_word' id='word_1_339' title='bbox 1533 896 1677 932; x_wconf 85' lang='lat' dir='ltr'><strong>tribusque</strong></span> <span class='ocrx_word' id='word_1_340' title='bbox 1694 902 1777 932; x_wconf 87' lang='lat' dir='ltr'><strong>totas,</strong></span> 
     </span>
    </p>
   </div>
   <div class='ocr_carea' id='block_1_46' title="bbox 994 936 1776 975">
    <p class='ocr_par' dir='ltr' id='par_1_46' title="bbox 994 936 1776 975">
     <span class='ocr_line' id='line_1_46' title="bbox 994 936 1776 975; baseline 0.017 -16"><span class='ocrx_word' id='word_1_341' title='bbox 994 937 1129 967; x_wconf 78' lang='lat' dir='ltr'><strong>potestate</strong></span> <span class='ocrx_word' id='word_1_342' title='bbox 1142 939 1186 963; x_wconf 91' lang='lat' dir='ltr'><strong>tua</strong></span> <span class='ocrx_word' id='word_1_343' title='bbox 1201 936 1329 969; x_wconf 89' lang='lat' dir='ltr'><strong>abutens,</strong></span> <span class='ocrx_word' id='word_1_344' title='bbox 1344 939 1377 966; x_wconf 87' lang='lat' dir='ltr'><strong>ad</strong></span> <span class='ocrx_word' id='word_1_345' title='bbox 1395 939 1542 975; x_wconf 82' lang='lat' dir='ltr'><strong>impietatis</strong></span> <span class='ocrx_word' id='word_1_346' title='bbox 1553 946 1606 970; x_wconf 69' lang='lat' dir='ltr'><strong>tute</strong></span> <span class='ocrx_word' id='word_1_347' title='bbox 1619 944 1776 972; x_wconf 89' lang='lat' dir='ltr'><strong>societatem</strong></span> 
     </span>
    </p>
   </div>
   <div class='ocr_carea' id='block_1_47' title="bbox 993 979 1780 1021">
    <p class='ocr_par' dir='ltr' id='par_1_47' title="bbox 993 979 1780 1021">
     <span class='ocr_line' id='line_1_47' title="bbox 993 979 1780 1021; baseline 0.018 -16"><span class='ocrx_word' id='word_1_348' title='bbox 993 979 1141 1014; x_wconf 82' lang='lat' dir='ltr'><strong>pellexisti.</strong></span> <span class='ocrx_word' id='word_1_349' title='bbox 1161 991 1171 1007; x_wconf 76' lang='grc' dir='ltr'><strong>ι</strong></span> <span class='ocrx_word' id='word_1_350' title='bbox 1189 982 1259 1011; x_wconf 86' lang='lat' dir='ltr'><strong>Ecce</strong></span> <span class='ocrx_word' id='word_1_351' title='bbox 1273 992 1323 1019; x_wconf 90' lang='lat' dir='ltr'><strong>ego</strong></span> <span class='ocrx_word' id='word_1_352' title='bbox 1336 993 1418 1020; x_wconf 87' lang='lat' dir='ltr'><strong>super</strong></span> <span class='ocrx_word' id='word_1_353' title='bbox 1434 990 1471 1019; x_wconf 90' lang='lat' dir='ltr'><strong>te,</strong></span> <span class='ocrx_word' id='word_1_354' title='bbox 1493 988 1541 1021; x_wconf 89' lang='lat' dir='ltr'><strong>ait,</strong></span> <span class='ocrx_word' id='word_1_355' title='bbox 1557 987 1689 1018; x_wconf 89' lang='lat' dir='ltr'><strong>Dominus</strong></span> <span class='ocrx_word' id='word_1_356' title='bbox 1707 990 1780 1019; x_wconf 91' lang='lat' dir='ltr'><strong>Deus</strong></span> 
     </span>
    </p>
   </div>
   <div class='ocr_carea' id='block_1_48' title="bbox 992 1026 1777 1070">
    <p class='ocr_par' dir='ltr' id='par_1_48' title="bbox 992 1026 1777 1070">
     <span class='ocr_line' id='line_1_48' title="bbox 992 1026 1777 1070; baseline 0.017 -19"><span class='ocrx_word' id='word_1_357' title='bbox 992 1026 1182 1062; x_wconf 87' lang='lat' dir='ltr'><strong>omnipotens;</strong></span> <span class='ocrx_word' id='word_1_358' title='bbox 1198 1030 1325 1057; x_wconf 87' lang='lat' dir='ltr'><strong>revelabo</strong></span> <span class='ocrx_word' id='word_1_359' title='bbox 1344 1034 1497 1066; x_wconf 83' lang='lat' dir='ltr'><strong>posteriora</strong></span> <span class='ocrx_word' id='word_1_360' title='bbox 1517 1037 1562 1061; x_wconf 88' lang='lat' dir='ltr'><strong>tua</strong></span> <span class='ocrx_word' id='word_1_361' title='bbox 1580 1042 1663 1070; x_wconf 84' lang='lat' dir='ltr'><strong>super</strong></span> <span class='ocrx_word' id='word_1_362' title='bbox 1679 1035 1777 1063; x_wconf 81' lang='lat' dir='ltr'><strong>facient</strong></span> 
     </span>
    </p>
   </div>
   <div class='ocr_carea' id='block_1_49' title="bbox 992 1073 1777 1117">
    <p class='ocr_par' dir='ltr' id='par_1_49' title="bbox 992 1073 1777 1117">
     <span class='ocr_line' id='line_1_49' title="bbox 992 1073 1777 1117; baseline 0.015 -20"><span class='ocrx_word' id='word_1_363' title='bbox 992 1074 1087 1099; x_wconf 84' lang='lat' dir='ltr'><strong>tuam:</strong></span> <span class='ocrx_word' id='word_1_364' title='bbox 1103 1073 1243 1101; x_wconf 73' lang='lat' dir='ltr'><strong>Ostendam</strong></span> <span class='ocrx_word' id='word_1_365' title='bbox 1258 1076 1384 1111; x_wconf 81' lang='lat' dir='ltr'><strong>gentibus</strong></span> <span class='ocrx_word' id='word_1_366' title='bbox 1405 1076 1580 1112; x_wconf 81' lang='lat' dir='ltr'><strong>ignominiam</strong></span> <span class='ocrx_word' id='word_1_367' title='bbox 1601 1084 1687 1113; x_wconf 87' lang='lat' dir='ltr'><strong>tuam,</strong></span> <span class='ocrx_word' id='word_1_368' title='bbox 1707 1082 1777 1117; x_wconf 82' lang='lat' dir='ltr'><strong>rcgi-</strong></span> 
     </span>
    </p>
   </div>
   <div class='ocr_carea' id='block_1_50' title="bbox 993 1115 1779 1159">
    <p class='ocr_par' dir='ltr' id='par_1_50' title="bbox 993 1115 1779 1159">
     <span class='ocr_line' id='line_1_50' title="bbox 993 1115 1779 1159; baseline 0.017 -17"><span class='ocrx_word' id='word_1_369' title='bbox 993 1115 1044 1144; x_wconf 86' lang='lat' dir='ltr'><strong>bus</strong></span> <span class='ocrx_word' id='word_1_370' title='bbox 1059 1118 1188 1152; x_wconf 83' lang='lat' dir='ltr'><strong>probrum</strong></span> <span class='ocrx_word' id='word_1_371' title='bbox 1204 1124 1291 1153; x_wconf 89' lang='lat' dir='ltr'><strong>tuum,</strong></span> <span class='ocrx_word' id='word_1_372' title='bbox 1305 1121 1460 1157; x_wconf 88' lang='lat' dir='ltr'><strong>jaciamque</strong></span> <span class='ocrx_word' id='word_1_373' title='bbox 1470 1131 1553 1159; x_wconf 90' lang='lat' dir='ltr'><strong>super</strong></span> <span class='ocrx_word' id='word_1_374' title='bbox 1563 1130 1588 1152; x_wconf 87' lang='lat' dir='ltr'><strong>te</strong></span> <span class='ocrx_word' id='word_1_375' title='bbox 1598 1115 1779 1155; x_wconf 75' lang='lat' dir='ltr'><strong>abominatio-</strong></span> 
     </span>
    </p>
   </div>
   <div class='ocr_carea' id='block_1_51' title="bbox 993 1163 1779 1200">
    <p class='ocr_par' dir='ltr' id='par_1_51' title="bbox 993 1163 1779 1200">
     <span class='ocr_line' id='line_1_51' title="bbox 993 1163 1779 1200; baseline 0.015 -12"><span class='ocrx_word' id='word_1_376' title='bbox 993 1169 1053 1188; x_wconf 75' lang='lat' dir='ltr'><strong>Icm</strong></span> <span class='ocrx_word' id='word_1_377' title='bbox 1069 1168 1096 1190; x_wconf 91' lang='lat' dir='ltr'><strong>et</strong></span> <span class='ocrx_word' id='word_1_378' title='bbox 1117 1163 1318 1193; x_wconf 86' lang='lat' dir='ltr'><strong>immunditiam</strong></span> <span class='ocrx_word' id='word_1_379' title='bbox 1336 1171 1429 1200; x_wconf 80' lang='lat' dir='ltr'><strong>tuam;</strong></span> <span class='ocrx_word' id='word_1_380' title='bbox 1452 1172 1571 1197; x_wconf 80' lang='lat' dir='ltr'><strong>statuam</strong></span> <span class='ocrx_word' id='word_1_381' title='bbox 1590 1174 1616 1198; x_wconf 87' lang='lat' dir='ltr'><strong>te</strong></span> <span class='ocrx_word' id='word_1_382' title='bbox 1639 1170 1666 1198; x_wconf 90' lang='lat' dir='ltr'><strong>in</strong></span> <span class='ocrx_word' id='word_1_383' title='bbox 1685 1180 1779 1200; x_wconf 87' lang='lat' dir='ltr'><strong>exem-</strong></span> 
     </span>
    </p>
   </div>
   <div class='ocr_carea' id='block_1_52' title="bbox 992 1208 1778 1255">
    <p class='ocr_par' dir='ltr' id='par_1_52' title="bbox 992 1208 1778 1255">
     <span class='ocr_line' id='line_1_52' title="bbox 992 1208 1778 1255; baseline 0.018 -22"><span class='ocrx_word' id='word_1_384' title='bbox 992 1208 1076 1242; x_wconf 88' lang='lat' dir='ltr'><strong>plum.</strong></span> <span class='ocrx_word' id='word_1_385' title='bbox 1093 1218 1102 1234; x_wconf 73' lang='grc' dir='ltr'><strong>ι</strong></span> <span class='ocrx_word' id='word_1_386' title='bbox 1119 1209 1311 1245; x_wconf 84' lang='lat' dir='ltr'><strong>Quamobrem,</strong></span> <span class='ocrx_word' id='word_1_387' title='bbox 1325 1214 1360 1240; x_wconf 80' lang='lat' dir='ltr'><strong>ait</strong></span> <span class='ocrx_word' id='word_1_388' title='bbox 1378 1213 1460 1246; x_wconf 86' lang='lat' dir='ltr'><strong>Deus,</strong></span> <span class='ocrx_word' id='word_1_389' title='bbox 1472 1223 1607 1251; x_wconf 79' lang='lat' dir='ltr'><strong>congruas</strong></span> <span class='ocrx_word' id='word_1_390' title='bbox 1622 1218 1703 1255; x_wconf 78' lang='grc'><strong>226</strong></span> <span class='ocrx_word' id='word_1_391' title='bbox 1715 1220 1778 1247; x_wconf 88' lang='lat' dir='ltr'><strong>huic</strong></span> 
     </span>
    </p>
   </div>
   <div class='ocr_carea' id='block_1_53' title="bbox 991 1255 1779 1300">
    <p class='ocr_par' dir='ltr' id='par_1_53' title="bbox 991 1255 1779 1300">
     <span class='ocr_line' id='line_1_53' title="bbox 991 1255 1779 1300; baseline 0.018 -20"><span class='ocrx_word' id='word_1_392' title='bbox 991 1255 1109 1282; x_wconf 66' lang='lat' dir='ltr'><strong>vesaniae</strong></span> <span class='ocrx_word' id='word_1_393' title='bbox 1132 1263 1227 1290; x_wconf 74' lang='lat' dir='ltr'><strong>ptenas</strong></span> <span class='ocrx_word' id='word_1_394' title='bbox 1251 1261 1412 1293; x_wconf 85' lang='lat' dir='ltr'><strong>ttnponam:</strong></span> <span class='ocrx_word' id='word_1_395' title='bbox 1436 1264 1603 1297; x_wconf 85' lang='lat' dir='ltr'><strong>cuopcriam,</strong></span> <span class='ocrx_word' id='word_1_396' title='bbox 1629 1266 1728 1300; x_wconf 85' lang='lat' dir='ltr'><strong>inquit,</strong></span> <span class='ocrx_word' id='word_1_397' title='bbox 1752 1271 1779 1294; x_wconf 83' lang='lat' dir='ltr'><strong>te</strong></span> 
     </span>
    </p>
   </div>
   <div class='ocr_carea' id='block_1_54' title="bbox 992 1300 1777 1347">
    <p class='ocr_par' dir='ltr' id='par_1_54' title="bbox 992 1300 1777 1347">
     <span class='ocr_line' id='line_1_54' title="bbox 992 1300 1777 1347; baseline 0.018 -21"><span class='ocrx_word' id='word_1_398' title='bbox 992 1300 1141 1335; x_wconf 82' lang='lat' dir='ltr'><strong>ignominia</strong></span> <span class='ocrx_word' id='word_1_399' title='bbox 1167 1304 1340 1337; x_wconf 77' lang='lat' dir='ltr'><strong>onminioda,</strong></span> <span class='ocrx_word' id='word_1_400' title='bbox 1369 1305 1453 1334; x_wconf 90' lang='lat' dir='ltr'><strong>veluti</strong></span> <span class='ocrx_word' id='word_1_401' title='bbox 1481 1315 1543 1335; x_wconf 89' lang='lat' dir='ltr'><strong>cum</strong></span> <span class='ocrx_word' id='word_1_402' title='bbox 1574 1310 1636 1344; x_wconf 91' lang='lat' dir='ltr'><strong>quis</strong></span> <span class='ocrx_word' id='word_1_403' title='bbox 1658 1312 1777 1347; x_wconf 86' lang='lat' dir='ltr'><strong>aliquem</strong></span> 
     </span>
    </p>
   </div>
   <div class='ocr_carea' id='block_1_55' title="bbox 991 1348 1778 1392">
    <p class='ocr_par' dir='ltr' id='par_1_55' title="bbox 991 1348 1778 1392">
     <span class='ocr_line' id='line_1_55' title="bbox 991 1348 1778 1392; baseline 0.017 -18"><span class='ocrx_word' id='word_1_404' title='bbox 991 1348 1201 1377; x_wconf 81' lang='lat' dir='ltr'><strong>excruciaturus</strong></span> <span class='ocrx_word' id='word_1_405' title='bbox 1217 1350 1367 1378; x_wconf 86' lang='lat' dir='ltr'><strong>detractam</strong></span> <span class='ocrx_word' id='word_1_406' title='bbox 1385 1353 1410 1380; x_wconf 89' lang='lat' dir='ltr'><strong>ei</strong></span> <span class='ocrx_word' id='word_1_407' title='bbox 1423 1359 1524 1382; x_wconf 87' lang='lat' dir='ltr'><strong>vestem</strong></span> <span class='ocrx_word' id='word_1_408' title='bbox 1542 1357 1568 1383; x_wconf 93' lang='lat' dir='ltr'><strong>in</strong></span> <span class='ocrx_word' id='word_1_409' title='bbox 1591 1358 1695 1392; x_wconf 79' lang='lat' dir='ltr'><strong>vultum</strong></span> <span class='ocrx_word' id='word_1_410' title='bbox 1711 1367 1778 1387; x_wconf 90' lang='lat' dir='ltr'><strong>cou-</strong></span> 
     </span>
    </p>
   </div>
   <div class='ocr_carea' id='block_1_56' title="bbox 992 1394 1778 1439">
    <p class='ocr_par' dir='ltr' id='par_1_56' title="bbox 992 1394 1778 1439">
     <span class='ocr_line' id='line_1_56' title="bbox 992 1394 1778 1439; baseline 0.018 -20"><span class='ocrx_word' id='word_1_411' title='bbox 992 1394 1059 1428; x_wconf 87' lang='lat' dir='ltr'><strong>gcrit</strong></span> <span class='ocrx_word' id='word_1_412' title='bbox 1082 1395 1250 1428; x_wconf 81' lang='lat' dir='ltr'><strong>universam,</strong></span> <span class='ocrx_word' id='word_1_413' title='bbox 1273 1401 1302 1423; x_wconf 92' lang='lat' dir='ltr'><strong>ut</strong></span> <span class='ocrx_word' id='word_1_414' title='bbox 1322 1402 1401 1433; x_wconf 88' lang='lat' dir='ltr'><strong>turpe</strong></span> <span class='ocrx_word' id='word_1_415' title='bbox 1418 1404 1454 1426; x_wconf 83' lang='lat' dir='ltr'><strong>sit</strong></span> <span class='ocrx_word' id='word_1_416' title='bbox 1479 1401 1612 1430; x_wconf 83' lang='lat' dir='ltr'><strong>nuditatis</strong></span> <span class='ocrx_word' id='word_1_417' title='bbox 1632 1410 1778 1439; x_wconf 87' lang='lat' dir='ltr'><strong>spectacu-</strong></span> 
     </span>
    </p>
   </div>
   <div class='ocr_carea' id='block_1_57' title="bbox 993 1440 1777 1487">
    <p class='ocr_par' dir='ltr' id='par_1_57' title="bbox 993 1440 1777 1487">
     <span class='ocr_line' id='line_1_57' title="bbox 993 1440 1777 1487; baseline 0.019 -22"><span class='ocrx_word' id='word_1_418' title='bbox 993 1440 1059 1472; x_wconf 86' lang='lat' dir='ltr'><strong>lum,</strong></span> <span class='ocrx_word' id='word_1_419' title='bbox 1085 1449 1177 1468; x_wconf 80' lang='lat' dir='ltr'><strong>auiara</strong></span> <span class='ocrx_word' id='word_1_420' title='bbox 1201 1446 1291 1470; x_wconf 90' lang='lat' dir='ltr'><strong>autem</strong></span> <span class='ocrx_word' id='word_1_421' title='bbox 1318 1445 1489 1474; x_wconf 90' lang='lat' dir='ltr'><strong>cruciatuum</strong></span> <span class='ocrx_word' id='word_1_422' title='bbox 1516 1451 1703 1484; x_wconf 80' lang='lat' dir='ltr'><strong>exspectatio;</strong></span> <span class='ocrx_word' id='word_1_423' title='bbox 1729 1452 1777 1487; x_wconf 87' lang='lat' dir='ltr'><strong>qui</strong></span> 
     </span>
    </p>
   </div>
   <div class='ocr_carea' id='block_1_58' title="bbox 153 1483 938 1532">
    <p class='ocr_par' dir='ltr' id='par_1_58' title="bbox 153 1483 938 1532">
     <span class='ocr_line' id='line_1_58' title="bbox 153 1483 938 1532; baseline -0.003 -20"><span class='ocrx_word' id='word_1_424' title='bbox 153 1484 307 1518; x_wconf 76' lang='grc' dir='ltr'>αἰκίζεσΘαί</span> <span class='ocrx_word' id='word_1_425' title='bbox 324 1493 385 1511; x_wconf 85' lang='grc' dir='ltr'>τινα</span> <span class='ocrx_word' id='word_1_426' title='bbox 402 1483 516 1519; x_wconf 78' lang='grc' dir='ltr'>μέλλων,</span> <span class='ocrx_word' id='word_1_427' title='bbox 536 1483 643 1519; x_wconf 78' lang='grc' dir='ltr'>ἀφελὼν</span> <span class='ocrx_word' id='word_1_428' title='bbox 659 1484 709 1519; x_wconf 83' lang='grc' dir='ltr'>τὴν</span> <span class='ocrx_word' id='word_1_429' title='bbox 728 1484 829 1519; x_wconf 84' lang='grc' dir='ltr'>ἐσθῆτα</span> <span class='ocrx_word' id='word_1_430' title='bbox 845 1484 894 1532; x_wconf 49' lang='grc' dir='ltr'><strong>ἐπὶ</strong></span> <span class='ocrx_word' id='word_1_431' title='bbox 909 1483 938 1510; x_wconf 85' lang='grc' dir='ltr'>τδ</span> 
     </span>
    </p>
   </div>
   <div class='ocr_carea' id='block_1_59' title="bbox 990 1483 1776 1532">
    <p class='ocr_par' dir='ltr' id='par_1_59' title="bbox 991 1483 1776 1532">
     <span class='ocr_line' id='line_1_59' title="bbox 991 1483 1776 1532; baseline 0.019 -21"><span class='ocrx_word' id='word_1_432' title='bbox 991 1486 1100 1520; x_wconf 88' lang='lat' dir='ltr'><strong>quidem</strong></span> <span class='ocrx_word' id='word_1_433' title='bbox 1119 1488 1207 1523; x_wconf 87' lang='lat' dir='ltr'><strong>capite</strong></span> <span class='ocrx_word' id='word_1_434' title='bbox 1231 1489 1352 1517; x_wconf 83' lang='lat' dir='ltr'><strong>vestibus</strong></span> <span class='ocrx_word' id='word_1_435' title='bbox 1373 1491 1513 1526; x_wconf 85' lang='lat' dir='ltr'><strong>obvoluto,</strong></span> <span class='ocrx_word' id='word_1_436' title='bbox 1533 1503 1568 1522; x_wconf 87' lang='lat' dir='ltr'><strong>ne</strong></span> <span class='ocrx_word' id='word_1_437' title='bbox 1590 1503 1646 1523; x_wconf 87' lang='lat' dir='ltr'><strong>rem</strong></span> <span class='ocrx_word' id='word_1_438' title='bbox 1666 1483 1776 1532; x_wconf 72' lang='lat' dir='ltr'><strong>quidem</strong></span> 
     </span>
    </p>
   </div>
   <div class='ocr_carea' id='block_1_60' title="bbox 152 1528 937 1567">
    <p class='ocr_par' dir='ltr' id='par_1_60' title="bbox 152 1528 937 1567">
     <span class='ocr_line' id='line_1_60' title="bbox 152 1528 937 1567; baseline -0.003 -9"><span class='ocrx_word' id='word_1_439' title='bbox 152 1531 299 1567; x_wconf 70' lang='grc' dir='ltr'>πρόσωπον</span> <span class='ocrx_word' id='word_1_440' title='bbox 315 1530 453 1558; x_wconf 69' lang='grc' dir='ltr'>ἑλκύσειεν</span> <span class='ocrx_word' id='word_1_441' title='bbox 472 1531 581 1558; x_wconf 79' lang='grc' dir='ltr'>ἃπασαν</span> <span class='ocrx_word' id='word_1_442' title='bbox 591 1550 599 1562; x_wconf 87' lang='grc'><em>,</em></span> <span class='ocrx_word' id='word_1_443' title='bbox 615 1530 653 1562; x_wconf 84' lang='grc' dir='ltr'>ὡς</span> <span class='ocrx_word' id='word_1_444' title='bbox 666 1530 781 1566; x_wconf 73' lang='grc' dir='ltr'>αἰσχρὰν</span> <span class='ocrx_word' id='word_1_445' title='bbox 802 1530 851 1565; x_wconf 80' lang='grc' dir='ltr'>μὲν</span> <span class='ocrx_word' id='word_1_446' title='bbox 869 1528 937 1557; x_wconf 82' lang='grc' dir='ltr'>εἶναι</span> 
     </span>
    </p>
   </div>
   <div class='ocr_carea' id='block_1_61' title="bbox 150 1575 937 1613">
    <p class='ocr_par' dir='ltr' id='par_1_61' title="bbox 150 1575 937 1613">
     <span class='ocr_line' id='line_1_61' title="bbox 150 1575 937 1613; baseline -0.003 -10"><span class='ocrx_word' id='word_1_447' title='bbox 150 1577 203 1613; x_wconf 82' lang='grc' dir='ltr'>τῆς</span> <span class='ocrx_word' id='word_1_448' title='bbox 221 1577 387 1613; x_wconf 83' lang='grc' dir='ltr'>γυμνώσεως</span> <span class='ocrx_word' id='word_1_449' title='bbox 403 1576 452 1612; x_wconf 79' lang='grc' dir='ltr'>τὴν</span> <span class='ocrx_word' id='word_1_450' title='bbox 472 1575 550 1609; x_wconf 78' lang='grc' dir='ltr'>θέαν,</span> <span class='ocrx_word' id='word_1_451' title='bbox 573 1575 674 1613; x_wconf 77' lang='grc' dir='ltr'>πικρὰν</span> <span class='ocrx_word' id='word_1_452' title='bbox 691 1575 719 1602; x_wconf 75' lang='grc' dir='ltr'><strong>δὲ</strong></span> <span class='ocrx_word' id='word_1_453' title='bbox 738 1575 786 1602; x_wconf 83' lang='grc' dir='ltr'><strong>τοῦ</strong></span> <span class='ocrx_word' id='word_1_454' title='bbox 806 1575 937 1610; x_wconf 83' lang='grc' dir='ltr'>αἰκισμοῦ</span> 
     </span>
    </p>
   </div>
   <div class='ocr_carea' id='block_1_62' title="bbox 150 1621 938 1660">
    <p class='ocr_par' dir='ltr' id='par_1_62' title="bbox 150 1621 938 1660">
     <span class='ocr_line' id='line_1_62' title="bbox 150 1621 938 1660; baseline -0.004 -9"><span class='ocrx_word' id='word_1_455' title='bbox 150 1624 202 1660; x_wconf 72' lang='grc' dir='ltr'>τὴν</span> <span class='ocrx_word' id='word_1_456' title='bbox 226 1622 407 1660; x_wconf 74' lang='grc' dir='ltr'><strong>’προσδοκίαν⁸</strong></span> <span class='ocrx_word' id='word_1_457' title='bbox 431 1622 662 1658; x_wconf 75' lang='grc' dir='ltr'>περισεσλημένος</span> <span class='ocrx_word' id='word_1_458' title='bbox 683 1622 711 1648; x_wconf 84' lang='grc' dir='ltr'><strong>δὲ</strong></span> <span class='ocrx_word' id='word_1_459' title='bbox 733 1623 765 1658; x_wconf 79' lang='grc' dir='ltr'>τῇ</span> <span class='ocrx_word' id='word_1_460' title='bbox 790 1621 884 1656; x_wconf 81' lang='grc' dir='ltr'>ἐσθῆτι</span> <span class='ocrx_word' id='word_1_461' title='bbox 908 1622 938 1648; x_wconf 71' lang='grc' dir='ltr'>τὸ</span> 
     </span>
    </p>
   </div>
   <div class='ocr_carea' id='block_1_63' title="bbox 152 1667 935 1706">
    <p class='ocr_par' dir='ltr' id='par_1_63' title="bbox 152 1667 935 1706">
     <span class='ocr_line' id='line_1_63' title="bbox 152 1667 935 1706; baseline -0.003 -11"><span class='ocrx_word' id='word_1_462' title='bbox 152 1669 314 1705; x_wconf 82' lang='grc' dir='ltr'>πρόσωπον,</span> <span class='ocrx_word' id='word_1_463' title='bbox 344 1668 412 1706; x_wconf 83' lang='grc' dir='ltr'><strong>μηδέ</strong></span> <span class='ocrx_word' id='word_1_464' title='bbox 439 1668 530 1704; x_wconf 77' lang='grc' dir='ltr'>διορᾷν</span> <span class='ocrx_word' id='word_1_465' title='bbox 548 1668 582 1695; x_wconf 83' lang='grc' dir='ltr'><strong>τὰ</strong></span> <span class='ocrx_word' id='word_1_466' title='bbox 603 1668 771 1703; x_wconf 83' lang='grc' dir='ltr'>προκείμενα</span> <span class='ocrx_word' id='word_1_467' title='bbox 795 1667 935 1693; x_wconf 80' lang='grc' dir='ltr'>δύνασθαι.</span> 
     </span>
    </p>
   </div>
   <div class='ocr_carea' id='block_1_64' title="bbox 152 1712 937 1751">
    <p class='ocr_par' dir='ltr' id='par_1_64' title="bbox 152 1712 937 1751">
     <span class='ocr_line' id='line_1_64' title="bbox 152 1712 937 1751; baseline -0.005 -9"><span class='ocrx_word' id='word_1_468' title='bbox 152 1715 231 1742; x_wconf 72' lang='grc' dir='ltr'>οὕτω</span> <span class='ocrx_word' id='word_1_469' title='bbox 243 1715 285 1751; x_wconf 78' lang='grc' dir='ltr'><strong>δὴ,</strong></span> <span class='ocrx_word' id='word_1_470' title='bbox 299 1715 392 1750; x_wconf 76' lang='grc' dir='ltr'>φησὶν,</span> <span class='ocrx_word' id='word_1_471' title='bbox 407 1714 514 1741; x_wconf 74' lang='grc' dir='ltr'>ἅπαντά</span> <span class='ocrx_word' id='word_1_472' title='bbox 528 1721 574 1740; x_wconf 83' lang='grc' dir='ltr'><strong>σου</strong></span> <span class='ocrx_word' id='word_1_473' title='bbox 589 1713 635 1740; x_wconf 78' lang='grc' dir='ltr'>τὸν</span> <span class='ocrx_word' id='word_1_474' title='bbox 649 1713 751 1748; x_wconf 77' lang='grc' dir='ltr'>κόσμον</span> <span class='ocrx_word' id='word_1_475' title='bbox 764 1712 882 1747; x_wconf 82' lang='grc' dir='ltr'>ἀφελὼν,</span> <span class='ocrx_word' id='word_1_476' title='bbox 898 1712 937 1743; x_wconf 80' lang='grc' dir='ltr'><strong>εἰς</strong></span> 
     </span>
    </p>
   </div>
   <div class='ocr_carea' id='block_1_65' title="bbox 151 1757 937 1808">
    <p class='ocr_par' dir='ltr' id='par_1_65' title="bbox 151 1757 937 1808">
     <span class='ocr_line' id='line_1_65' title="bbox 151 1757 937 1808; baseline -0.005 -21"><span class='ocrx_word' id='word_1_477' title='bbox 151 1760 265 1796; x_wconf 80' lang='grc' dir='ltr'>ἀτιμίαν</span> <span class='ocrx_word' id='word_1_478' title='bbox 278 1760 453 1795; x_wconf 77' lang='grc' dir='ltr'>καταστήσας</span> <span class='ocrx_word' id='word_1_479' title='bbox 466 1758 516 1795; x_wconf 82' lang='grc' dir='ltr'>τὴν</span> <span class='ocrx_word' id='word_1_480' title='bbox 530 1758 661 1808; x_wconf 63' lang='grc' dir='ltr'>ἐσχάτηνῖ</span> <span class='ocrx_word' id='word_1_481' title='bbox 674 1760 708 1794; x_wconf 81' lang='grc' dir='ltr'><strong>τῇ</strong></span> <span class='ocrx_word' id='word_1_482' title='bbox 730 1757 792 1808; x_wconf 80' lang='grc' dir='ltr'><strong>τῶν⁵</strong></span> <span class='ocrx_word' id='word_1_483' title='bbox 801 1757 937 1808; x_wconf 65' lang='grc' dir='ltr'>πολεμίων</span> 
     </span>
    </p>
   </div>
   <div class='ocr_carea' id='block_1_66' title="bbox 153 1803 936 1842">
    <p class='ocr_par' dir='ltr' id='par_1_66' title="bbox 153 1803 936 1842">
     <span class='ocr_line' id='line_1_66' title="bbox 153 1803 936 1842; baseline -0.006 -8"><span class='ocrx_word' id='word_1_484' title='bbox 153 1807 264 1835; x_wconf 57' lang='lat' dir='ltr'><strong>homo.)</strong></span> <span class='ocrx_word' id='word_1_485' title='bbox 290 1806 427 1842; x_wconf 80' lang='grc' dir='ltr'>τιμωρίᾳ,</span> <span class='ocrx_word' id='word_1_486' title='bbox 449 1805 522 1832; x_wconf 81' lang='grc' dir='ltr'>ὥστε</span> <span class='ocrx_word' id='word_1_487' title='bbox 540 1806 608 1831; x_wconf 82' lang='grc' dir='ltr'>πᾶσι</span> <span class='ocrx_word' id='word_1_488' title='bbox 628 1803 677 1840; x_wconf 75' lang='grc' dir='ltr'>μὲν</span> <span class='ocrx_word' id='word_1_489' title='bbox 698 1805 754 1835; x_wconf 80' lang='grc' dir='ltr'>τοῖς</span> <span class='ocrx_word' id='word_1_490' title='bbox 780 1803 936 1838; x_wconf 85' lang='grc' dir='ltr'>ἁπανταχοῦ</span> 
     </span>
    </p>
   </div>
   <div class='ocr_carea' id='block_1_67' title="bbox 153 1849 934 1889">
    <p class='ocr_par' dir='ltr' id='par_1_67' title="bbox 153 1849 934 1889">
     <span class='ocr_line' id='line_1_67' title="bbox 153 1849 934 1889; baseline -0.006 -9"><span class='ocrx_word' id='word_1_491' title='bbox 153 1852 290 1889; x_wconf 72' lang='grc' dir='ltr'>περιφανῆ</span> <span class='ocrx_word' id='word_1_492' title='bbox 303 1860 350 1879; x_wconf 88' lang='grc' dir='ltr'><strong>σου</strong></span> <span class='ocrx_word' id='word_1_493' title='bbox 361 1851 412 1887; x_wconf 81' lang='grc' dir='ltr'>τὴν</span> <span class='ocrx_word' id='word_1_494' title='bbox 421 1850 551 1886; x_wconf 77' lang='grc' dir='ltr'>αἰσχύνην</span> <span class='ocrx_word' id='word_1_495' title='bbox 560 1850 606 1877; x_wconf 78' lang='grc' dir='ltr'>καὶ</span> <span class='ocrx_word' id='word_1_496' title='bbox 615 1851 665 1883; x_wconf 80' lang='grc' dir='ltr'>τὴν</span> <span class='ocrx_word' id='word_1_497' title='bbox 677 1850 789 1885; x_wconf 76' lang='grc' dir='ltr'>ἀτιμίαν</span> <span class='ocrx_word' id='word_1_498' title='bbox 799 1849 934 1884; x_wconf 78' lang='grc' dir='ltr'>γενέσθαι,</span> 
     </span>
    </p>
   </div>
   <div class='ocr_carea' id='block_1_68' title="bbox 155 1895 936 1934">
    <p class='ocr_par' dir='ltr' id='par_1_68' title="bbox 155 1895 936 1934">
     <span class='ocr_line' id='line_1_68' title="bbox 155 1895 936 1934; baseline -0.006 -9"><span class='ocrx_word' id='word_1_499' title='bbox 155 1897 301 1934; x_wconf 74' lang='grc' dir='ltr'>βδελυχτὴν</span> <span class='ocrx_word' id='word_1_500' title='bbox 314 1896 342 1924; x_wconf 82' lang='grc' dir='ltr'>δέ</span> <span class='ocrx_word' id='word_1_501' title='bbox 356 1905 386 1923; x_wconf 83' lang='grc' dir='ltr'><strong>σε</strong></span> <span class='ocrx_word' id='word_1_502' title='bbox 403 1897 450 1923; x_wconf 82' lang='grc' dir='ltr'>καὶ</span> <span class='ocrx_word' id='word_1_503' title='bbox 461 1895 506 1923; x_wconf 81' lang='grc' dir='ltr'>διὰ</span> <span class='ocrx_word' id='word_1_504' title='bbox 520 1896 569 1931; x_wconf 86' lang='grc' dir='ltr'>τῆς</span> <span class='ocrx_word' id='word_1_505' title='bbox 584 1896 668 1931; x_wconf 80' lang='grc' dir='ltr'>ἀκοῆς</span> <span class='ocrx_word' id='word_1_506' title='bbox 687 1895 774 1922; x_wconf 76' lang='grc' dir='ltr'>ἆπασι</span> <span class='ocrx_word' id='word_1_507' title='bbox 794 1895 936 1930; x_wconf 83' lang='grc' dir='ltr'>φαίνεσθαι</span> 
     </span>
    </p>
   </div>
   <div class='ocr_carea' id='block_1_69' title="bbox 155 1939 934 1980">
    <p class='ocr_par' dir='ltr' id='par_1_69' title="bbox 155 1939 934 1980">
     <span class='ocr_line' id='line_1_69' title="bbox 155 1939 934 1980; baseline -0.005 -9"><span class='ocrx_word' id='word_1_508' title='bbox 155 1943 249 1980; x_wconf 67' lang='grc' dir='ltr'>μάνης,</span> <span class='ocrx_word' id='word_1_509' title='bbox 265 1943 334 1978; x_wconf 80' lang='grc' dir='ltr'>ὑπὲρ</span> <span class='ocrx_word' id='word_1_510' title='bbox 347 1939 385 1970; x_wconf 86' lang='grc' dir='ltr'>ὧν</span> <span class='ocrx_word' id='word_1_511' title='bbox 398 1943 436 1973; x_wconf 79' lang='grc' dir='ltr'><strong>είς</strong></span> <span class='ocrx_word' id='word_1_512' title='bbox 450 1942 583 1978; x_wconf 83' lang='grc' dir='ltr'>τοσαύτην</span> <span class='ocrx_word' id='word_1_513' title='bbox 597 1941 731 1968; x_wconf 85' lang='grc' dir='ltr'>εὐτέλειαν</span> <span class='ocrx_word' id='word_1_514' title='bbox 748 1941 934 1976; x_wconf 82' lang='grc' dir='ltr'>κατενήνεξαι·</span> 
     </span>
    </p>
   </div>
   <div class='ocr_carea' id='block_1_70' title="bbox 153 1986 936 2026">
    <p class='ocr_par' dir='ltr' id='par_1_70' title="bbox 153 1986 936 2026">
     <span class='ocr_line' id='line_1_70' title="bbox 153 1986 936 2026; baseline -0.008 -8"><span class='ocrx_word' id='word_1_515' title='bbox 153 1989 269 2026; x_wconf 74' lang='grc' dir='ltr'>πάτημά</span> <span class='ocrx_word' id='word_1_516' title='bbox 288 1997 318 2016; x_wconf 83' lang='grc' dir='ltr'><strong>τε</strong></span> <span class='ocrx_word' id='word_1_517' title='bbox 341 1990 468 2024; x_wconf 78' lang='grc' dir='ltr'>γεγονυῖα</span> <span class='ocrx_word' id='word_1_518' title='bbox 487 1988 595 2015; x_wconf 82' lang='grc' dir='ltr'>πάντων</span> <span class='ocrx_word' id='word_1_519' title='bbox 620 1988 667 2014; x_wconf 76' lang='grc' dir='ltr'>καὶ</span> <span class='ocrx_word' id='word_1_520' title='bbox 690 1987 866 2022; x_wconf 82' lang='grc' dir='ltr'>παράδειγμα</span> <span class='ocrx_word' id='word_1_521' title='bbox 886 1986 936 2022; x_wconf 88' lang='grc' dir='ltr'>τῆς</span> 
     </span>
    </p>
   </div>
   <div class='ocr_carea' id='block_1_71' title="bbox 152 2031 936 2071">
    <p class='ocr_par' dir='ltr' id='par_1_71' title="bbox 152 2031 936 2071">
     <span class='ocr_line' id='line_1_71' title="bbox 152 2031 936 2071; baseline -0.006 -9"><span class='ocrx_word' id='word_1_522' title='bbox 152 2034 270 2071; x_wconf 75' lang='grc' dir='ltr'>ἐσχάτης</span> <span class='ocrx_word' id='word_1_523' title='bbox 289 2034 400 2069; x_wconf 80' lang='grc' dir='ltr'>ἀτιμίας</span> <span class='ocrx_word' id='word_1_524' title='bbox 414 2033 603 2068; x_wconf 80' lang='grc' dir='ltr'>ἀποδειχθεῑσα</span> <span class='ocrx_word' id='word_1_525' title='bbox 616 2034 650 2068; x_wconf 80' lang='grc' dir='ltr'><strong>τῇ</strong></span> <span class='ocrx_word' id='word_1_526' title='bbox 665 2031 801 2067; x_wconf 74' lang='grc' dir='ltr'>ὑπερϐολῇ</span> <span class='ocrx_word' id='word_1_527' title='bbox 816 2032 870 2058; x_wconf 83' lang='grc' dir='ltr'><strong>τῶν</strong></span> <span class='ocrx_word' id='word_1_528' title='bbox 886 2039 936 2058; x_wconf 85' lang='grc' dir='ltr'>κα-</span> 
     </span>
    </p>
   </div>
   <div class='ocr_carea' id='block_1_72' title="bbox 152 2078 935 2115">
    <p class='ocr_par' dir='ltr' id='par_1_72' title="bbox 152 2078 935 2115">
     <span class='ocr_line' id='line_1_72' title="bbox 152 2078 935 2115; baseline -0.005 -6"><span class='ocrx_word' id='word_1_529' title='bbox 152 2081 220 2109; x_wconf 67' lang='grc' dir='ltr'>κῶν.</span> <span class='ocrx_word' id='word_1_530' title='bbox 245 2089 255 2107; x_wconf 78' lang='grc' dir='ltr'><strong>ι</strong></span> <span class='ocrx_word' id='word_1_531' title='bbox 274 2080 330 2108; x_wconf 77' lang='grc' dir='ltr'><strong>Καὶ</strong></span> <span class='ocrx_word' id='word_1_532' title='bbox 344 2080 430 2112; x_wconf 69' lang='grc' dir='ltr'>ἔσται,</span> <span class='ocrx_word' id='word_1_533' title='bbox 445 2080 499 2111; x_wconf 81' lang='grc' dir='ltr'>πᾶς</span> <span class='ocrx_word' id='word_1_534' title='bbox 515 2080 529 2105; x_wconf 84' lang='grc'>6</span> <span class='ocrx_word' id='word_1_535' title='bbox 543 2079 613 2115; x_wconf 83' lang='grc' dir='ltr'>ὁρῶν</span> <span class='ocrx_word' id='word_1_536' title='bbox 628 2087 668 2110; x_wconf 85' lang='grc' dir='ltr'>σε,</span> <span class='ocrx_word' id='word_1_537' title='bbox 683 2078 866 2114; x_wconf 78' lang='grc' dir='ltr'>καταὸήσεται</span> <span class='ocrx_word' id='word_1_538' title='bbox 881 2078 935 2105; x_wconf 75' lang='grc' dir='ltr'><strong>ἀπὸ</strong></span> 
     </span>
    </p>
   </div>
   <div class='ocr_carea' id='block_1_73' title="bbox 154 2124 936 2163">
    <p class='ocr_par' dir='ltr' id='par_1_73' title="bbox 154 2124 936 2163">
     <span class='ocr_line' id='line_1_73' title="bbox 154 2124 936 2163; baseline -0.008 -7"><span class='ocrx_word' id='word_1_539' title='bbox 154 2127 213 2161; x_wconf 85' lang='grc' dir='ltr'>σοῦ,</span> <span class='ocrx_word' id='word_1_540' title='bbox 228 2128 276 2155; x_wconf 71' lang='grc' dir='ltr'>καὶ</span> <span class='ocrx_word' id='word_1_541' title='bbox 291 2128 364 2163; x_wconf 77' lang='grc' dir='ltr'>ἐρεῖ,</span> <span class='ocrx_word' id='word_1_542' title='bbox 375 2126 484 2153; x_wconf 85' lang='grc' dir='ltr'>Δειλαία</span> <span class='ocrx_word' id='word_1_543' title='bbox 499 2126 599 2161; x_wconf 83' lang='grc' dir='ltr'>Νινευὴ</span> <span class='ocrx_word' id='word_1_544' title='bbox 611 2146 619 2157; x_wconf 90' lang='lat'><strong>,</strong></span> <span class='ocrx_word' id='word_1_545' title='bbox 633 2125 674 2157; x_wconf 85' lang='grc' dir='ltr'><strong>τίς</strong></span> <span class='ocrx_word' id='word_1_546' title='bbox 689 2124 811 2157; x_wconf 79' lang='grc' dir='ltr'>στενάξει</span> <span class='ocrx_word' id='word_1_547' title='bbox 827 2125 870 2151; x_wconf 80' lang='grc' dir='ltr'><strong>ἐπ’</strong></span> <span class='ocrx_word' id='word_1_548' title='bbox 887 2125 936 2151; x_wconf 88' lang='grc' dir='ltr'><strong>αὐ-</strong></span> 
     </span>
    </p>
   </div>
   <div class='ocr_carea' id='block_1_74' title="bbox 991 1537 1777 1573">
    <p class='ocr_par' dir='ltr' id='par_1_74' title="bbox 991 1537 1777 1573">
     <span class='ocr_line' id='line_1_74' title="bbox 991 1537 1777 1573; baseline 0.017 -15"><span class='ocrx_word' id='word_1_549' title='bbox 991 1539 1149 1566; x_wconf 71' lang='grc' dir='ltr'>ρι-ςιιεοηιειη</span> <span class='ocrx_word' id='word_1_550' title='bbox 1162 1541 1274 1562; x_wconf 85' lang='lat' dir='ltr'><strong>cernere</strong></span> <span class='ocrx_word' id='word_1_551' title='bbox 1286 1540 1386 1570; x_wconf 88' lang='lat' dir='ltr'><strong>potest.</strong></span> <span class='ocrx_word' id='word_1_552' title='bbox 1401 1537 1519 1566; x_wconf 83' lang='lat' dir='ltr'><strong>Prorsus</strong></span> <span class='ocrx_word' id='word_1_553' title='bbox 1531 1540 1578 1571; x_wconf 84' lang='lat' dir='ltr'><strong>ita,</strong></span> <span class='ocrx_word' id='word_1_554' title='bbox 1590 1541 1638 1573; x_wconf 88' lang='lat' dir='ltr'><strong>ait,</strong></span> <span class='ocrx_word' id='word_1_555' title='bbox 1653 1542 1777 1570; x_wconf 82' lang='lat' dir='ltr'><strong>detracto</strong></span> 
     </span>
    </p>
   </div>
   <div class='ocr_carea' id='block_1_75' title="bbox 991 1578 1777 1619">
    <p class='ocr_par' dir='ltr' id='par_1_75' title="bbox 991 1578 1777 1619">
     <span class='ocr_line' id='line_1_75' title="bbox 991 1578 1777 1619; baseline 0.017 -16"><span class='ocrx_word' id='word_1_556' title='bbox 991 1578 1065 1605; x_wconf 86' lang='lat' dir='ltr'><strong>omni</strong></span> <span class='ocrx_word' id='word_1_557' title='bbox 1080 1582 1179 1605; x_wconf 87' lang='lat' dir='ltr'><strong>ornatu</strong></span> <span class='ocrx_word' id='word_1_558' title='bbox 1195 1583 1252 1612; x_wconf 87' lang='lat' dir='ltr'><strong>tuo,</strong></span> <span class='ocrx_word' id='word_1_559' title='bbox 1267 1580 1293 1607; x_wconf 90' lang='lat' dir='ltr'><strong>in</strong></span> <span class='ocrx_word' id='word_1_560' title='bbox 1306 1586 1426 1609; x_wconf 84' lang='lat' dir='ltr'><strong>extrema</strong></span> <span class='ocrx_word' id='word_1_561' title='bbox 1441 1589 1466 1610; x_wconf 89' lang='lat' dir='ltr'><strong>te</strong></span> <span class='ocrx_word' id='word_1_562' title='bbox 1482 1584 1628 1619; x_wconf 76' lang='lat' dir='ltr'><strong>ignominia</strong></span> <span class='ocrx_word' id='word_1_563' title='bbox 1643 1589 1777 1616; x_wconf 88' lang='lat' dir='ltr'><strong>constitu-</strong></span> 
     </span>
    </p>
   </div>
   <div class='ocr_carea' id='block_1_76' title="bbox 992 1623 1776 1668">
    <p class='ocr_par' dir='ltr' id='par_1_76' title="bbox 992 1623 1776 1668">
     <span class='ocr_line' id='line_1_76' title="bbox 992 1623 1776 1668; baseline 0.017 -20"><span class='ocrx_word' id='word_1_564' title='bbox 992 1627 1058 1650; x_wconf 79' lang='lat' dir='ltr'><strong>tam.</strong></span> <span class='ocrx_word' id='word_1_565' title='bbox 1079 1623 1203 1652; x_wconf 89' lang='lat' dir='ltr'><strong>hostibus</strong></span> <span class='ocrx_word' id='word_1_566' title='bbox 1220 1626 1385 1659; x_wconf 81' lang='lat' dir='ltr'><strong>puniendam</strong></span> <span class='ocrx_word' id='word_1_567' title='bbox 1408 1628 1524 1657; x_wconf 84' lang='lat' dir='ltr'><strong>tradam.</strong></span> <span class='ocrx_word' id='word_1_568' title='bbox 1547 1629 1593 1658; x_wconf 89' lang='lat' dir='ltr'><strong>Sic</strong></span> <span class='ocrx_word' id='word_1_569' title='bbox 1609 1633 1682 1659; x_wconf 88' lang='lat' dir='ltr'><strong>omni</strong></span> <span class='ocrx_word' id='word_1_570' title='bbox 1702 1635 1776 1668; x_wconf 85' lang='lat' dir='ltr'><strong>genti</strong></span> 
     </span>
    </p>
   </div>
   <div class='ocr_carea' id='block_1_77' title="bbox 991 1669 1775 1710">
    <p class='ocr_par' dir='ltr' id='par_1_77' title="bbox 991 1669 1775 1710">
     <span class='ocr_line' id='line_1_77' title="bbox 991 1669 1775 1710; baseline 0.017 -16"><span class='ocrx_word' id='word_1_571' title='bbox 991 1669 1121 1703; x_wconf 87' lang='lat' dir='ltr'><strong>probrum</strong></span> <span class='ocrx_word' id='word_1_572' title='bbox 1138 1674 1214 1697; x_wconf 89' lang='lat' dir='ltr'><strong>tuum</strong></span> <span class='ocrx_word' id='word_1_573' title='bbox 1239 1678 1271 1698; x_wconf 90' lang='lat' dir='ltr'><strong>ac</strong></span> <span class='ocrx_word' id='word_1_574' title='bbox 1299 1673 1441 1708; x_wconf 83' lang='lat' dir='ltr'><strong>turpitudo</strong></span> <span class='ocrx_word' id='word_1_575' title='bbox 1469 1676 1686 1710; x_wconf 83' lang='lat' dir='ltr'><strong>exploratissitua</strong></span> <span class='ocrx_word' id='word_1_576' title='bbox 1707 1680 1775 1707; x_wconf 82' lang='lat' dir='ltr'><strong>tlct:</strong></span> 
     </span>
    </p>
   </div>
   <div class='ocr_carea' id='block_1_78' title="bbox 992 1714 1774 1752">
    <p class='ocr_par' dir='ltr' id='par_1_78' title="bbox 992 1714 1774 1752">
     <span class='ocr_line' id='line_1_78' title="bbox 992 1714 1774 1752; baseline 0.015 -12"><span class='ocrx_word' id='word_1_577' title='bbox 992 1714 1084 1749; x_wconf 87' lang='lat' dir='ltr'><strong>tuique</strong></span> <span class='ocrx_word' id='word_1_578' title='bbox 1099 1715 1218 1743; x_wconf 91' lang='lat' dir='ltr'><strong>nominis</strong></span> <span class='ocrx_word' id='word_1_579' title='bbox 1236 1718 1279 1744; x_wconf 83' lang='lat' dir='ltr'><strong>vel</strong></span> <span class='ocrx_word' id='word_1_580' title='bbox 1294 1718 1352 1744; x_wconf 80' lang='lat' dir='ltr'><strong>sola</strong></span> <span class='ocrx_word' id='word_1_581' title='bbox 1369 1719 1472 1747; x_wconf 90' lang='lat' dir='ltr'><strong>auditio</strong></span> <span class='ocrx_word' id='word_1_582' title='bbox 1487 1723 1593 1749; x_wconf 86' lang='lat' dir='ltr'><strong>cunctis</strong></span> <span class='ocrx_word' id='word_1_583' title='bbox 1605 1723 1656 1749; x_wconf 84' lang='lat' dir='ltr'><strong>erit</strong></span> <span class='ocrx_word' id='word_1_584' title='bbox 1671 1724 1774 1752; x_wconf 87' lang='lat' dir='ltr'><strong>abomi-</strong></span> 
     </span>
    </p>
   </div>
   <div class='ocr_carea' id='block_1_79' title="bbox 991 1761 1775 1802">
    <p class='ocr_par' dir='ltr' id='par_1_79' title="bbox 991 1761 1775 1802">
     <span class='ocr_line' id='line_1_79' title="bbox 991 1761 1775 1802; baseline 0.014 -15"><span class='ocrx_word' id='word_1_585' title='bbox 991 1761 1106 1793; x_wconf 84' lang='lat' dir='ltr'><strong>nabilis,</strong></span> <span class='ocrx_word' id='word_1_586' title='bbox 1137 1767 1278 1798; x_wconf 84' lang='lat' dir='ltr'><strong>postquam</strong></span> <span class='ocrx_word' id='word_1_587' title='bbox 1303 1764 1330 1791; x_wconf 93' lang='lat' dir='ltr'><strong>in</strong></span> <span class='ocrx_word' id='word_1_588' title='bbox 1354 1770 1455 1792; x_wconf 83' lang='lat' dir='ltr'><strong>tantam</strong></span> <span class='ocrx_word' id='word_1_589' title='bbox 1475 1767 1606 1794; x_wconf 83' lang='lat' dir='ltr'><strong>vilitatem</strong></span> <span class='ocrx_word' id='word_1_590' title='bbox 1629 1768 1775 1802; x_wconf 85' lang='lat' dir='ltr'><strong>decideris.</strong></span> 
     </span>
    </p>
   </div>
   <div class='ocr_carea' id='block_1_80' title="bbox 991 1806 1775 1846">
    <p class='ocr_par' dir='ltr' id='par_1_80' title="bbox 991 1806 1775 1846">
     <span class='ocr_line' id='line_1_80' title="bbox 991 1806 1775 1846; baseline 0.015 -15"><span class='ocrx_word' id='word_1_591' title='bbox 991 1806 1148 1840; x_wconf 82' lang='lat' dir='ltr'><strong>proculcata</strong></span> <span class='ocrx_word' id='word_1_592' title='bbox 1171 1808 1205 1835; x_wconf 84' lang='lat' dir='ltr'><strong>ab</strong></span> <span class='ocrx_word' id='word_1_593' title='bbox 1232 1809 1370 1841; x_wconf 88' lang='lat' dir='ltr'><strong>omnibus,</strong></span> <span class='ocrx_word' id='word_1_594' title='bbox 1396 1818 1565 1846; x_wconf 72' lang='lat' dir='ltr'><strong>eXCessuquc</strong></span> <span class='ocrx_word' id='word_1_595' title='bbox 1589 1815 1721 1842; x_wconf 79' lang='lat' dir='ltr'><strong>malorum</strong></span> <span class='ocrx_word' id='word_1_596' title='bbox 1742 1817 1775 1843; x_wconf 87' lang='lat' dir='ltr'><strong>ad</strong></span> 
     </span>
    </p>
   </div>
   <div class='ocr_carea' id='block_1_81' title="bbox 990 1852 1775 1894">
    <p class='ocr_par' dir='ltr' id='par_1_81' title="bbox 990 1852 1775 1894">
     <span class='ocr_line' id='line_1_81' title="bbox 990 1852 1775 1894; baseline 0.013 -15"><span class='ocrx_word' id='word_1_597' title='bbox 990 1859 1102 1879; x_wconf 73' lang='lat' dir='ltr'><strong>summa:</strong></span> <span class='ocrx_word' id='word_1_598' title='bbox 1119 1852 1273 1887; x_wconf 72' lang='lat' dir='ltr'><strong>ignominiae</strong></span> <span class='ocrx_word' id='word_1_599' title='bbox 1283 1856 1436 1890; x_wconf 89' lang='lat' dir='ltr'><strong>exemplum</strong></span> <span class='ocrx_word' id='word_1_600' title='bbox 1455 1859 1604 1892; x_wconf 88' lang='lat' dir='ltr'><strong>proposita.</strong></span> <span class='ocrx_word' id='word_1_601' title='bbox 1626 1869 1635 1884; x_wconf 85' lang='grc' dir='ltr'><strong>ι</strong></span> <span class='ocrx_word' id='word_1_602' title='bbox 1662 1860 1700 1887; x_wconf 77' lang='lat' dir='ltr'><strong>Et</strong></span> <span class='ocrx_word' id='word_1_603' title='bbox 1712 1862 1775 1894; x_wconf 89' lang='lat' dir='ltr'><strong>erit,</strong></span> 
     </span>
    </p>
   </div>
   <div class='ocr_carea' id='block_1_82' title="bbox 990 1898 1774 1939">
    <p class='ocr_par' dir='ltr' id='par_1_82' title="bbox 990 1898 1774 1939">
     <span class='ocr_line' id='line_1_82' title="bbox 990 1898 1774 1939; baseline 0.014 -16"><span class='ocrx_word' id='word_1_604' title='bbox 990 1898 1146 1933; x_wconf 79' lang='lat' dir='ltr'><strong>quicunque</strong></span> <span class='ocrx_word' id='word_1_605' title='bbox 1160 1899 1269 1930; x_wconf 88' lang='lat' dir='ltr'><strong>viderit,</strong></span> <span class='ocrx_word' id='word_1_606' title='bbox 1282 1899 1430 1928; x_wconf 83' lang='lat' dir='ltr'><strong>descendet</strong></span> <span class='ocrx_word' id='word_1_607' title='bbox 1443 1909 1457 1928; x_wconf 92' lang='lat' dir='ltr'><strong>a</strong></span> <span class='ocrx_word' id='word_1_608' title='bbox 1475 1908 1510 1934; x_wconf 91' lang='lat' dir='ltr'><strong>te,</strong></span> <span class='ocrx_word' id='word_1_609' title='bbox 1522 1904 1647 1939; x_wconf 81' lang='lat' dir='ltr'><strong>dicetque</strong></span> <span class='ocrx_word' id='word_1_610' title='bbox 1659 1915 1665 1933; x_wconf 90' lang='lat'><strong>:</strong></span> <span class='ocrx_word' id='word_1_611' title='bbox 1679 1905 1774 1934; x_wconf 86' lang='lat' dir='ltr'><strong>Ninive</strong></span> 
     </span>
    </p>
   </div>
   <div class='ocr_carea' id='block_1_83' title="bbox 990 1942 1774 1982">
    <p class='ocr_par' dir='ltr' id='par_1_83' title="bbox 990 1942 1774 1982">
     <span class='ocr_line' id='line_1_83' title="bbox 990 1942 1774 1982; baseline 0.014 -14"><span class='ocrx_word' id='word_1_612' title='bbox 990 1942 1095 1973; x_wconf 82' lang='lat' dir='ltr'><strong>infelix.</strong></span> <span class='ocrx_word' id='word_1_613' title='bbox 1120 1944 1182 1978; x_wconf 90' lang='lat' dir='ltr'><strong>quis</strong></span> <span class='ocrx_word' id='word_1_614' title='bbox 1198 1944 1235 1970; x_wconf 92' lang='lat' dir='ltr'><strong>illi</strong></span> <span class='ocrx_word' id='word_1_615' title='bbox 1260 1945 1437 1980; x_wconf 76' lang='lat' dir='ltr'><strong>ingemiscet?</strong></span> <span class='ocrx_word' id='word_1_616' title='bbox 1450 1949 1587 1982; x_wconf 87' lang='lat' dir='ltr'><strong>quodnam</strong></span> <span class='ocrx_word' id='word_1_617' title='bbox 1603 1950 1627 1977; x_wconf 88' lang='lat' dir='ltr'><strong>ei</strong></span> <span class='ocrx_word' id='word_1_618' title='bbox 1652 1952 1774 1980; x_wconf 81' lang='lat' dir='ltr'><strong>solamen</strong></span> 
     </span>
    </p>
   </div>
   <div class='ocr_carea' id='block_1_84' title="bbox 989 1989 1774 2029">
    <p class='ocr_par' dir='ltr' id='par_1_84' title="bbox 989 1989 1774 2029">
     <span class='ocr_line' id='line_1_84' title="bbox 989 1989 1774 2029; baseline 0.015 -16"><span class='ocrx_word' id='word_1_619' title='bbox 989 1989 1168 2023; x_wconf 84' lang='lat' dir='ltr'><strong>conquiram?</strong></span> <span class='ocrx_word' id='word_1_620' title='bbox 1191 1999 1201 2015; x_wconf 75' lang='grc' dir='ltr'><strong>ι</strong></span> <span class='ocrx_word' id='word_1_621' title='bbox 1224 1989 1274 2022; x_wconf 89' lang='lat' dir='ltr'><strong>Qui</strong></span> <span class='ocrx_word' id='word_1_622' title='bbox 1299 1992 1355 2018; x_wconf 72' lang='lat' dir='ltr'><strong>haec</strong></span> <span class='ocrx_word' id='word_1_623' title='bbox 1378 1992 1404 2019; x_wconf 89' lang='lat' dir='ltr'><strong>in</strong></span> <span class='ocrx_word' id='word_1_624' title='bbox 1431 1998 1568 2027; x_wconf 84' lang='lat' dir='ltr'><strong>posterum</strong></span> <span class='ocrx_word' id='word_1_625' title='bbox 1591 1995 1718 2029; x_wconf 83' lang='lat' dir='ltr'><strong>viderint,</strong></span> <span class='ocrx_word' id='word_1_626' title='bbox 1742 2006 1774 2025; x_wconf 83' lang='lat' dir='ltr'><strong>ac</strong></span> 
     </span>
    </p>
   </div>
   <div class='ocr_carea' id='block_1_85' title="bbox 989 2034 1773 2074">
    <p class='ocr_par' dir='ltr' id='par_1_85' title="bbox 989 2034 1773 2074">
     <span class='ocr_line' id='line_1_85' title="bbox 989 2034 1773 2074; baseline 0.014 -14"><span class='ocrx_word' id='word_1_627' title='bbox 989 2034 1139 2068; x_wconf 90' lang='lat' dir='ltr'><strong>superioris</strong></span> <span class='ocrx_word' id='word_1_628' title='bbox 1162 2035 1254 2070; x_wconf 77' lang='lat' dir='ltr'><strong>gloria:</strong></span> <span class='ocrx_word' id='word_1_629' title='bbox 1278 2041 1330 2064; x_wconf 69' lang='lat' dir='ltr'><strong>tua;</strong></span> <span class='ocrx_word' id='word_1_630' title='bbox 1355 2038 1439 2072; x_wconf 85' lang='lat' dir='ltr'><strong>probe</strong></span> <span class='ocrx_word' id='word_1_631' title='bbox 1461 2041 1649 2074; x_wconf 85' lang='lat' dir='ltr'><strong>meminerint,</strong></span> <span class='ocrx_word' id='word_1_632' title='bbox 1671 2044 1773 2072; x_wconf 85' lang='lat' dir='ltr'><strong>omissa</strong></span> 
     </span>
    </p>
   </div>
   <div class='ocr_carea' id='block_1_86' title="bbox 989 2080 1773 2116">
    <p class='ocr_par' dir='ltr' id='par_1_86' title="bbox 989 2080 1773 2116">
     <span class='ocr_line' id='line_1_86' title="bbox 989 2080 1773 2116; baseline 0.013 -10"><span class='ocrx_word' id='word_1_633' title='bbox 989 2080 1033 2106; x_wconf 85' lang='lat' dir='ltr'><strong>illa</strong></span> <span class='ocrx_word' id='word_1_634' title='bbox 1045 2081 1078 2108; x_wconf 94' lang='lat' dir='ltr'><strong>de</strong></span> <span class='ocrx_word' id='word_1_635' title='bbox 1093 2085 1119 2108; x_wconf 86' lang='lat' dir='ltr'><strong>te</strong></span> <span class='ocrx_word' id='word_1_636' title='bbox 1134 2081 1325 2115; x_wconf 62' lang='lat' dir='ltr'><strong>aestimatione,</strong></span> <span class='ocrx_word' id='word_1_637' title='bbox 1340 2083 1432 2111; x_wconf 90' lang='lat' dir='ltr'><strong>odium</strong></span> <span class='ocrx_word' id='word_1_638' title='bbox 1448 2085 1635 2114; x_wconf 83' lang='lat' dir='ltr'><strong>misericordia</strong></span> <span class='ocrx_word' id='word_1_639' title='bbox 1650 2095 1773 2116; x_wconf 87' lang='lat' dir='ltr'><strong>commu-</strong></span> 
     </span>
    </p>
   </div>
   <div class='ocr_carea' id='block_1_87' title="bbox 989 2125 1772 2166">
    <p class='ocr_par' dir='ltr' id='par_1_87' title="bbox 989 2125 1772 2166">
     <span class='ocr_line' id='line_1_87' title="bbox 989 2125 1772 2166; baseline 0.014 -15"><span class='ocrx_word' id='word_1_640' title='bbox 989 2125 1104 2158; x_wconf 85' lang='lat' dir='ltr'><strong>tabunt;</strong></span> <span class='ocrx_word' id='word_1_641' title='bbox 1130 2126 1156 2153; x_wconf 88' lang='lat' dir='ltr'><strong>id</strong></span> <span class='ocrx_word' id='word_1_642' title='bbox 1176 2127 1246 2154; x_wconf 91' lang='lat' dir='ltr'><strong>enim</strong></span> <span class='ocrx_word' id='word_1_643' title='bbox 1269 2129 1346 2155; x_wconf 84' lang='lat' dir='ltr'><strong>aiunt</strong></span> <span class='ocrx_word' id='word_1_644' title='bbox 1364 2130 1444 2157; x_wconf 84' lang='lat' dir='ltr'><strong>verba</strong></span> <span class='ocrx_word' id='word_1_645' title='bbox 1461 2131 1598 2160; x_wconf 77' lang='lat' dir='ltr'><strong>descendet</strong></span> <span class='ocrx_word' id='word_1_646' title='bbox 1614 2142 1630 2160; x_wconf 78' lang='grc' dir='ltr'><strong>α</strong></span> <span class='ocrx_word' id='word_1_647' title='bbox 1648 2138 1689 2166; x_wconf 83' lang='lat' dir='ltr'><strong>te;</strong></span> <span class='ocrx_word' id='word_1_648' title='bbox 1711 2139 1772 2162; x_wconf 82' lang='lat' dir='ltr'><strong>tua-</strong></span> 
     </span>
    </p>
   </div>
   <div class='ocr_carea' id='block_1_88' title="bbox 152 2171 938 2213">
    <p class='ocr_par' dir='ltr' id='par_1_88' title="bbox 152 2171 935 2211">
     <span class='ocr_line' id='line_1_88' title="bbox 152 2171 935 2211; baseline -0.003 -10"><span class='ocrx_word' id='word_1_649' title='bbox 152 2175 214 2211; x_wconf 75' lang='grc' dir='ltr'>τὴν,</span> <span class='ocrx_word' id='word_1_650' title='bbox 228 2173 309 2201; x_wconf 75' lang='grc' dir='ltr'>πόθεν</span> <span class='ocrx_word' id='word_1_651' title='bbox 321 2173 430 2209; x_wconf 77' lang='grc' dir='ltr'>ζητήσω</span> <span class='ocrx_word' id='word_1_652' title='bbox 445 2171 615 2208; x_wconf 81' lang='grc' dir='ltr'>παράκλησιν</span> <span class='ocrx_word' id='word_1_653' title='bbox 629 2171 713 2207; x_wconf 79' lang='grc' dir='ltr'>αὐτῇ;</span> <span class='ocrx_word' id='word_1_654' title='bbox 731 2181 740 2197; x_wconf 75' lang='grc' dir='ltr'><strong>ι</strong></span> <span class='ocrx_word' id='word_1_655' title='bbox 757 2172 788 2198; x_wconf 83' lang='grc' dir='ltr'><strong>οι</strong></span> <span class='ocrx_word' id='word_1_656' title='bbox 801 2171 833 2206; x_wconf 82' lang='grc' dir='ltr'><strong>δὴ</strong></span> <span class='ocrx_word' id='word_1_657' title='bbox 849 2171 935 2199; x_wconf 85' lang='grc' dir='ltr'>ταῦτα</span> 
     </span>
    </p>
   </div>
   <div class='ocr_carea' id='block_1_89' title="bbox 990 2171 1771 2213">
    <p class='ocr_par' dir='ltr' id='par_1_89' title="bbox 990 2173 1771 2213">
     <span class='ocr_line' id='line_1_89' title="bbox 990 2173 1771 2213; baseline 0.014 -15"><span class='ocrx_word' id='word_1_658' title='bbox 990 2181 1040 2207; x_wconf 79' lang='lat' dir='ltr'><strong>que</strong></span> <span class='ocrx_word' id='word_1_659' title='bbox 1055 2173 1124 2200; x_wconf 87' lang='lat' dir='ltr'><strong>mala</strong></span> <span class='ocrx_word' id='word_1_660' title='bbox 1142 2174 1355 2206; x_wconf 86' lang='lat' dir='ltr'><strong>miserabuntur,</strong></span> <span class='ocrx_word' id='word_1_661' title='bbox 1374 2183 1464 2205; x_wconf 87' lang='lat' dir='ltr'><strong>mente</strong></span> <span class='ocrx_word' id='word_1_662' title='bbox 1476 2183 1632 2213; x_wconf 89' lang='lat' dir='ltr'><strong>reputantes</strong></span> <span class='ocrx_word' id='word_1_663' title='bbox 1647 2181 1704 2208; x_wconf 83' lang='lat' dir='ltr'><strong>ﬁeri</strong></span> <span class='ocrx_word' id='word_1_664' title='bbox 1718 2190 1771 2209; x_wconf 89' lang='lat' dir='ltr'><strong>nou</strong></span> 
     </span>
    </p>
   </div>
   <div class='ocr_carea' id='block_1_90' title="bbox 153 2215 937 2255">
    <p class='ocr_par' dir='ltr' id='par_1_90' title="bbox 153 2215 937 2255">
     <span class='ocr_line' id='line_1_90' title="bbox 153 2215 937 2255; baseline -0.005 -8"><span class='ocrx_word' id='word_1_665' title='bbox 153 2219 247 2248; x_wconf 72' lang='grc' dir='ltr'>λοιπὸν</span> <span class='ocrx_word' id='word_1_666' title='bbox 262 2216 389 2255; x_wconf 78' lang='grc' dir='ltr'>ὁρῶντες,</span> <span class='ocrx_word' id='word_1_667' title='bbox 410 2217 458 2244; x_wconf 76' lang='grc' dir='ltr'><strong>καὶ¹</strong></span> <span class='ocrx_word' id='word_1_668' title='bbox 471 2217 520 2252; x_wconf 81' lang='grc' dir='ltr'>τὴν</span> <span class='ocrx_word' id='word_1_669' title='bbox 533 2215 687 2252; x_wconf 81' lang='grc' dir='ltr'>προσοῦσάν</span> <span class='ocrx_word' id='word_1_670' title='bbox 703 2226 744 2244; x_wconf 88' lang='grc' dir='ltr'><strong>σοι</strong></span> <span class='ocrx_word' id='word_1_671' title='bbox 759 2217 875 2253; x_wconf 83' lang='grc' dir='ltr'>πρόσθεν</span> <span class='ocrx_word' id='word_1_672' title='bbox 891 2218 937 2244; x_wconf 85' lang='grc' dir='ltr'><strong>εὐ-</strong></span> 
     </span>
    </p>
   </div>
   <div class='ocr_carea' id='block_1_91' title="bbox 153 2261 937 2302">
    <p class='ocr_par' dir='ltr' id='par_1_91' title="bbox 153 2261 937 2302">
     <span class='ocr_line' id='line_1_91' title="bbox 153 2261 937 2302; baseline -0.005 -9"><span class='ocrx_word' id='word_1_673' title='bbox 153 2265 276 2302; x_wconf 79' lang='grc' dir='ltr'>πραγίαν</span> <span class='ocrx_word' id='word_1_674' title='bbox 293 2263 392 2296; x_wconf 76' lang='grc' dir='ltr'>εἰδότες</span> <span class='ocrx_word' id='word_1_675' title='bbox 409 2261 511 2297; x_wconf 86' lang='grc' dir='ltr'>σαφῶς.</span> <span class='ocrx_word' id='word_1_676' title='bbox 525 2261 693 2294; x_wconf 81' lang='grc' dir='ltr'>ἀποστάντες</span> <span class='ocrx_word' id='word_1_677' title='bbox 708 2263 757 2298; x_wconf 86' lang='grc' dir='ltr'>τῆς</span> <span class='ocrx_word' id='word_1_678' title='bbox 777 2262 937 2298; x_wconf 77' lang='grc' dir='ltr'>ὑπολήψεως</span> 
     </span>
    </p>
   </div>
   <div class='ocr_carea' id='block_1_92' title="bbox 151 2307 939 2347">
    <p class='ocr_par' dir='ltr' id='par_1_92' title="bbox 151 2307 939 2347">
     <span class='ocr_line' id='line_1_92' title="bbox 151 2307 939 2347; baseline -0.004 -8"><span class='ocrx_word' id='word_1_679' title='bbox 151 2311 261 2347; x_wconf 65' lang='grc' dir='ltr'>ἐκείνης</span> <span class='ocrx_word' id='word_1_680' title='bbox 272 2307 306 2347; x_wconf 83' lang='grc' dir='ltr'>ἧς</span> <span class='ocrx_word' id='word_1_681' title='bbox 320 2307 393 2344; x_wconf 81' lang='grc' dir='ltr'>εἶχον</span> <span class='ocrx_word' id='word_1_682' title='bbox 413 2307 477 2344; x_wconf 69' lang='grc' dir='ltr'>περὶ</span> <span class='ocrx_word' id='word_1_683' title='bbox 488 2308 535 2335; x_wconf 83' lang='grc' dir='ltr'><strong>σοῦ</strong></span> <span class='ocrx_word' id='word_1_684' title='bbox 546 2329 553 2340; x_wconf 90' lang='grc'>,</span> <span class='ocrx_word' id='word_1_685' title='bbox 566 2309 605 2341; x_wconf 83' lang='grc' dir='ltr'>εις</span> <span class='ocrx_word' id='word_1_686' title='bbox 618 2308 691 2335; x_wconf 74' lang='grc' dir='ltr'>ἔλεον</span> <span class='ocrx_word' id='word_1_687' title='bbox 704 2310 734 2335; x_wconf 83' lang='grc' dir='ltr'>τὸ</span> <span class='ocrx_word' id='word_1_688' title='bbox 747 2309 817 2336; x_wconf 83' lang='grc' dir='ltr'>κατὰ</span> <span class='ocrx_word' id='word_1_689' title='bbox 832 2310 879 2336; x_wconf 84' lang='grc' dir='ltr'><strong>σοῦ</strong></span> <span class='ocrx_word' id='word_1_690' title='bbox 894 2318 939 2344; x_wconf 83' lang='grc' dir='ltr'>με-</span> 
     </span>
    </p>
   </div>
   <div class='ocr_carea' id='block_1_93' title="bbox 987 2219 1774 2255">
    <p class='ocr_par' dir='ltr' id='par_1_93' title="bbox 987 2219 1774 2255">
     <span class='ocr_line' id='line_1_93' title="bbox 987 2219 1774 2255; baseline 0.015 -12"><span class='ocrx_word' id='word_1_691' title='bbox 987 2225 1067 2252; x_wconf 79' lang='lat' dir='ltr'><strong>posse</strong></span> <span class='ocrx_word' id='word_1_692' title='bbox 1083 2222 1112 2245; x_wconf 84' lang='lat' dir='ltr'><strong>ut</strong></span> <span class='ocrx_word' id='word_1_693' title='bbox 1129 2219 1210 2254; x_wconf 83' lang='lat' dir='ltr'><strong>digne</strong></span> <span class='ocrx_word' id='word_1_694' title='bbox 1232 2220 1295 2254; x_wconf 85' lang='lat' dir='ltr'><strong>quis</strong></span> <span class='ocrx_word' id='word_1_695' title='bbox 1311 2220 1439 2249; x_wconf 84' lang='lat' dir='ltr'><strong>iuflictam</strong></span> <span class='ocrx_word' id='word_1_696' title='bbox 1455 2223 1502 2250; x_wconf 89' lang='lat' dir='ltr'><strong>tibi</strong></span> <span class='ocrx_word' id='word_1_697' title='bbox 1521 2225 1703 2254; x_wconf 87' lang='lat' dir='ltr'><strong>calamitatem</strong></span> <span class='ocrx_word' id='word_1_698' title='bbox 1724 2229 1774 2255; x_wconf 84' lang='lat' dir='ltr'><strong>dc-</strong></span> 
     </span>
    </p>
   </div>
   <div class='ocr_carea' id='block_1_94' title="bbox 987 2264 1772 2303">
    <p class='ocr_par' dir='ltr' id='par_1_94' title="bbox 987 2264 1772 2303">
     <span class='ocr_line' id='line_1_94' title="bbox 987 2264 1772 2303; baseline 0.014 -13"><span class='ocrx_word' id='word_1_699' title='bbox 987 2264 1085 2299; x_wconf 86' lang='lat' dir='ltr'><strong>ploret,</strong></span> <span class='ocrx_word' id='word_1_700' title='bbox 1109 2270 1156 2294; x_wconf 87' lang='lat' dir='ltr'><strong>aut</strong></span> <span class='ocrx_word' id='word_1_701' title='bbox 1180 2266 1302 2294; x_wconf 87' lang='lat' dir='ltr'><strong>solamen</strong></span> <span class='ocrx_word' id='word_1_702' title='bbox 1324 2267 1435 2303; x_wconf 86' lang='lat' dir='ltr'><strong>aliquod</strong></span> <span class='ocrx_word' id='word_1_703' title='bbox 1457 2270 1498 2296; x_wconf 87' lang='lat' dir='ltr'><strong>vel</strong></span> <span class='ocrx_word' id='word_1_704' title='bbox 1520 2272 1669 2299; x_wconf 86' lang='lat' dir='ltr'><strong>remedium</strong></span> <span class='ocrx_word' id='word_1_705' title='bbox 1689 2282 1772 2301; x_wconf 84' lang='lat' dir='ltr'><strong>exco—</strong></span> 
     </span>
    </p>
   </div>
   <div class='ocr_carea' id='block_1_95' title="bbox 986 2311 1060 2345">
    <p class='ocr_par' dir='ltr' id='par_1_95' title="bbox 986 2311 1060 2345">
     <span class='ocr_line' id='line_1_95' title="bbox 986 2311 1060 2345; baseline 0 -8"><span class='ocrx_word' id='word_1_706' title='bbox 986 2311 1060 2345; x_wconf 80' lang='lat' dir='ltr'><strong>gitet.</strong></span> 
     </span>
    </p>
   </div>
   <div class='ocr_carea' id='block_1_96' title="bbox 150 2354 1773 2400">
    <p class='ocr_par' dir='ltr' id='par_1_96' title="bbox 150 2354 1773 2400">
     <span class='ocr_line' id='line_1_96' title="bbox 150 2354 1773 2400; baseline 0.006 -18"><span class='ocrx_word' id='word_1_707' title='bbox 150 2357 315 2393; x_wconf 70' lang='grc' dir='ltr'>τιστήσουσι</span> <span class='ocrx_word' id='word_1_708' title='bbox 331 2355 425 2391; x_wconf 73' lang='grc' dir='ltr'>μῖσος·</span> <span class='ocrx_word' id='word_1_709' title='bbox 451 2354 531 2381; x_wconf 80' lang='grc' dir='ltr'>τοῦτο</span> <span class='ocrx_word' id='word_1_710' title='bbox 557 2354 611 2389; x_wconf 77' lang='grc' dir='ltr'><strong>γὰρ</strong></span> <span class='ocrx_word' id='word_1_711' title='bbox 638 2355 711 2389; x_wconf 77' lang='grc' dir='ltr'>λέγει</span> <span class='ocrx_word' id='word_1_712' title='bbox 731 2355 761 2381; x_wconf 76' lang='grc' dir='ltr'>τὸ</span> <span class='ocrx_word' id='word_1_713' title='bbox 786 2365 795 2381; x_wconf 83' lang='grc' dir='ltr'><strong>ι</strong></span> <span class='ocrx_word' id='word_1_714' title='bbox 827 2356 1011 2391; x_wconf 77' lang='grc' dir='ltr'>καταῦήσεται</span> <span class='ocrx_word' id='word_1_715' title='bbox 1037 2357 1090 2383; x_wconf 82' lang='grc' dir='ltr'>ἀπὸ</span> <span class='ocrx_word' id='word_1_716' title='bbox 1122 2357 1179 2388; x_wconf 85' lang='grc' dir='ltr'>σοῦ,</span> <span class='ocrx_word' id='word_1_717' title='bbox 1202 2367 1211 2384; x_wconf 87' lang='grc'><strong>›</strong></span> <span class='ocrx_word' id='word_1_718' title='bbox 1237 2358 1307 2385; x_wconf 82' lang='grc' dir='ltr'>ὥστε</span> <span class='ocrx_word' id='word_1_719' title='bbox 1328 2360 1374 2386; x_wconf 78' lang='grc' dir='ltr'>καὶ</span> <span class='ocrx_word' id='word_1_720' title='bbox 1393 2359 1477 2387; x_wconf 82' lang='grc' dir='ltr'>ἐλεεῖν</span> <span class='ocrx_word' id='word_1_721' title='bbox 1495 2370 1524 2388; x_wconf 88' lang='grc' dir='ltr'><strong>σε</strong></span> <span class='ocrx_word' id='word_1_722' title='bbox 1537 2362 1591 2389; x_wconf 85' lang='grc' dir='ltr'><strong>τῶν</strong></span> <span class='ocrx_word' id='word_1_723' title='bbox 1606 2365 1773 2400; x_wconf 71' lang='grc' dir='ltr'>κατεχόντων</span> 
     </span>
    </p>
   </div>
   <div class='ocr_carea' id='block_1_97' title="bbox 150 2399 1771 2444">
    <p class='ocr_par' dir='ltr' id='par_1_97' title="bbox 150 2399 1771 2444">
     <span class='ocr_line' id='line_1_97' title="bbox 150 2399 1771 2444; baseline 0.009 -22"><span class='ocrx_word' id='word_1_724' title='bbox 150 2402 257 2434; x_wconf 65' lang='grc' dir='ltr'><strong>κακῶν,</strong></span> <span class='ocrx_word' id='word_1_725' title='bbox 276 2399 514 2436; x_wconf 65' lang='grc' dir='ltr'>συλλογιζομένους</span> <span class='ocrx_word' id='word_1_726' title='bbox 542 2400 580 2432; x_wconf 83' lang='grc' dir='ltr'>ὡς</span> <span class='ocrx_word' id='word_1_727' title='bbox 610 2400 671 2427; x_wconf 73' lang='grc' dir='ltr'>οὔτε</span> <span class='ocrx_word' id='word_1_728' title='bbox 703 2400 815 2427; x_wconf 67' lang='grc' dir='ltr'>δυνατόν</span> <span class='ocrx_word' id='word_1_729' title='bbox 845 2409 906 2427; x_wconf 90' lang='grc' dir='ltr'>τινα</span> <span class='ocrx_word' id='word_1_730' title='bbox 935 2401 1054 2434; x_wconf 77' lang='grc' dir='ltr'>ἐπαξίως</span> <span class='ocrx_word' id='word_1_731' title='bbox 1079 2402 1225 2438; x_wconf 73' lang='grc' dir='ltr'>ὀδύρασθαι</span> <span class='ocrx_word' id='word_1_732' title='bbox 1251 2403 1300 2439; x_wconf 85' lang='grc' dir='ltr'>τὴν</span> <span class='ocrx_word' id='word_1_733' title='bbox 1325 2404 1515 2439; x_wconf 79' lang='grc' dir='ltr'>ἑπιγεγονυίἀν</span> <span class='ocrx_word' id='word_1_734' title='bbox 1544 2415 1584 2434; x_wconf 85' lang='grc' dir='ltr'><strong>σοι</strong></span> <span class='ocrx_word' id='word_1_735' title='bbox 1612 2399 1771 2444; x_wconf 65' lang='grc' dir='ltr'>ωμιροράν,</span> 
     </span>
    </p>
   </div>
   <div class='ocr_carea' id='block_1_98' title="bbox 152 2446 1526 2488">
    <p class='ocr_par' dir='ltr' id='par_1_98' title="bbox 152 2446 1526 2488">
     <span class='ocr_line' id='line_1_98' title="bbox 152 2446 1526 2488; baseline 0.001 -9"><span class='ocrx_word' id='word_1_736' title='bbox 152 2452 200 2488; x_wconf 78' lang='lat' dir='ltr'><strong>(p.</strong></span> <span class='ocrx_word' id='word_1_737' title='bbox 217 2449 271 2479; x_wconf 67' lang='grc' dir='ltr'>διο</span> <span class='ocrx_word' id='word_1_738' title='bbox 282 2451 291 2486; x_wconf 90' lang='grc'>)</span> <span class='ocrx_word' id='word_1_739' title='bbox 302 2446 362 2477; x_wconf 81' lang='grc' dir='ltr'>ἀλλ’</span> <span class='ocrx_word' id='word_1_740' title='bbox 373 2449 436 2476; x_wconf 75' lang='grc' dir='ltr'><strong>οὐδὲ</strong></span> <span class='ocrx_word' id='word_1_741' title='bbox 447 2448 617 2485; x_wconf 72' lang='grc' dir='ltr'>παράκλησίν</span> <span class='ocrx_word' id='word_1_742' title='bbox 634 2457 696 2476; x_wconf 79' lang='grc' dir='ltr'>τινα</span> <span class='ocrx_word' id='word_1_743' title='bbox 713 2448 760 2476; x_wconf 68' lang='grc' dir='ltr'><strong>καὶ</strong></span> <span class='ocrx_word' id='word_1_744' title='bbox 773 2448 920 2485; x_wconf 82' lang='grc' dir='ltr'>θεραπείαν</span> <span class='ocrx_word' id='word_1_745' title='bbox 935 2449 1077 2485; x_wconf 84' lang='grc' dir='ltr'>εὑρεθῆναι</span> <span class='ocrx_word' id='word_1_746' title='bbox 1095 2447 1151 2477; x_wconf 74' lang='grc' dir='ltr'>οἷόν</span> <span class='ocrx_word' id='word_1_747' title='bbox 1164 2459 1194 2476; x_wconf 84' lang='grc' dir='ltr'><strong>τε</strong></span> <span class='ocrx_word' id='word_1_748' title='bbox 1208 2450 1262 2478; x_wconf 87' lang='grc' dir='ltr'>τῶν</span> <span class='ocrx_word' id='word_1_749' title='bbox 1274 2451 1407 2479; x_wconf 83' lang='grc' dir='ltr'>τοσούτων</span> <span class='ocrx_word' id='word_1_750' title='bbox 1424 2454 1526 2481; x_wconf 84' lang='grc' dir='ltr'>κακῶν.</span> 
     </span>
    </p>
   </div>
   <div class='ocr_carea' id='block_1_99' title="bbox 186 2494 935 2532">
    <p class='ocr_par' dir='ltr' id='par_1_99' title="bbox 186 2494 935 2532">
     <span class='ocr_line' id='line_1_99' title="bbox 186 2494 935 2532; baseline -0.004 -8"><span class='ocrx_word' id='word_1_751' title='bbox 186 2495 262 2532; x_wconf 82' lang='grc' dir='ltr'>Στίχ.</span> <span class='ocrx_word' id='word_1_752' title='bbox 274 2495 312 2532; x_wconf 83' lang='grc' dir='ltr'><strong>η¹.</strong></span> <span class='ocrx_word' id='word_1_753' title='bbox 325 2509 359 2518; x_wconf 91' lang='lat'><strong>-—</strong></span> <span class='ocrx_word' id='word_1_754' title='bbox 376 2505 386 2521; x_wconf 83' lang='grc' dir='ltr'><strong>ι</strong></span> <span class='ocrx_word' id='word_1_755' title='bbox 396 2495 543 2532; x_wconf 70' lang='grc' dir='ltr'>’Ἅρμοσαι</span> <span class='ocrx_word' id='word_1_756' title='bbox 557 2494 655 2531; x_wconf 81' lang='grc' dir='ltr'>χορδὴν</span> <span class='ocrx_word' id='word_1_757' title='bbox 665 2516 674 2529; x_wconf 89' lang='grc'>,</span> <span class='ocrx_word' id='word_1_758' title='bbox 684 2495 836 2530; x_wconf 79' lang='grc' dir='ltr'>ἐτοίμασαι,</span> <span class='ocrx_word' id='word_1_759' title='bbox 856 2494 935 2531; x_wconf 80' lang='grc' dir='ltr'>μερὶς</span> 
     </span>
    </p>
   </div>
   <div class='ocr_carea' id='block_1_100' title="bbox 156 2539 936 2578">
    <p class='ocr_par' dir='ltr' id='par_1_100' title="bbox 156 2539 936 2578">
     <span class='ocr_line' id='line_1_100' title="bbox 156 2539 936 2578; baseline -0.004 -8"><span class='ocrx_word' id='word_1_760' title='bbox 156 2540 290 2578; x_wconf 63' lang='grc' dir='ltr'>Ἄμμων,</span> <span class='ocrx_word' id='word_1_761' title='bbox 312 2540 478 2569; x_wconf 74' lang='grc' dir='ltr'>κατοικοῦσα</span> <span class='ocrx_word' id='word_1_762' title='bbox 493 2541 523 2567; x_wconf 75' lang='grc' dir='ltr'><strong>ἐν</strong></span> <span class='ocrx_word' id='word_1_763' title='bbox 536 2541 676 2574; x_wconf 82' lang='grc' dir='ltr'>ποταμοῖς,</span> <span class='ocrx_word' id='word_1_764' title='bbox 693 2539 766 2577; x_wconf 74' lang='grc' dir='ltr'>ὕδωρ</span> <span class='ocrx_word' id='word_1_765' title='bbox 779 2539 873 2576; x_wconf 77' lang='grc' dir='ltr'>κύκλῳ</span> <span class='ocrx_word' id='word_1_766' title='bbox 890 2540 936 2567; x_wconf 84' lang='grc' dir='ltr'><strong>αὺ-</strong></span> 
     </span>
    </p>
   </div>
   <div class='ocr_carea' id='block_1_101' title="bbox 149 2585 932 2624">
    <p class='ocr_par' dir='ltr' id='par_1_101' title="bbox 149 2585 932 2624">
     <span class='ocr_line' id='line_1_101' title="bbox 149 2585 932 2624; baseline -0.004 -9"><span class='ocrx_word' id='word_1_767' title='bbox 149 2588 212 2624; x_wconf 79' lang='grc' dir='ltr'>τῆςο</span> <span class='ocrx_word' id='word_1_768' title='bbox 224 2588 241 2624; x_wconf 85' lang='grc' dir='ltr'><strong>ή</strong></span> <span class='ocrx_word' id='word_1_769' title='bbox 256 2587 290 2624; x_wconf 80' lang='grc' dir='ltr'><strong>σὴ</strong></span> <span class='ocrx_word' id='word_1_770' title='bbox 302 2586 374 2624; x_wconf 82' lang='grc' dir='ltr'>ἀρχὴ</span> <span class='ocrx_word' id='word_1_771' title='bbox 386 2587 517 2619; x_wconf 81' lang='grc' dir='ltr'>θάλασσα,</span> <span class='ocrx_word' id='word_1_772' title='bbox 532 2586 580 2614; x_wconf 73' lang='grc' dir='ltr'>καὶ</span> <span class='ocrx_word' id='word_1_773' title='bbox 591 2586 664 2622; x_wconf 83' lang='grc' dir='ltr'>ὕδωρ</span> <span class='ocrx_word' id='word_1_774' title='bbox 675 2585 710 2614; x_wconf 80' lang='grc' dir='ltr'><strong>τὰ</strong></span> <span class='ocrx_word' id='word_1_775' title='bbox 722 2585 800 2622; x_wconf 87' lang='grc' dir='ltr'>τείχη</span> <span class='ocrx_word' id='word_1_776' title='bbox 813 2586 908 2622; x_wconf 85' lang='grc' dir='ltr'>αὐτῆς.</span> <span class='ocrx_word' id='word_1_777' title='bbox 922 2595 932 2612; x_wconf 70' lang='grc' dir='ltr'><strong>ν</strong></span> 
     </span>
    </p>
   </div>
   <div class='ocr_carea' id='block_1_102' title="bbox 149 2632 935 2670">
    <p class='ocr_par' dir='ltr' id='par_1_102' title="bbox 149 2632 935 2670">
     <span class='ocr_line' id='line_1_102' title="bbox 149 2632 935 2670; baseline -0.004 -8"><span class='ocrx_word' id='word_1_778' title='bbox 149 2633 231 2667; x_wconf 63' lang='lat' dir='ltr'><strong>rm;</strong></span> <span class='ocrx_word' id='word_1_779' title='bbox 252 2632 366 2670; x_wconf 77' lang='grc' dir='ltr'>’Δμμὼν</span> <span class='ocrx_word' id='word_1_780' title='bbox 380 2632 484 2668; x_wconf 67' lang='grc' dir='ltr'>ἔφασαν</span> <span class='ocrx_word' id='word_1_781' title='bbox 497 2632 616 2660; x_wconf 75' lang='grc' dir='ltr'>ἐνταῦθα</span> <span class='ocrx_word' id='word_1_782' title='bbox 633 2632 760 2668; x_wconf 75' lang='grc' dir='ltr'>λέγεσθαι</span> <span class='ocrx_word' id='word_1_783' title='bbox 776 2633 825 2669; x_wconf 85' lang='grc' dir='ltr'>τὴν</span> <span class='ocrx_word' id='word_1_784' title='bbox 840 2633 935 2669; x_wconf 76' lang='grc' dir='ltr'>ἀνομα-</span> 
     </span>
    </p>
   </div>
   <div class='ocr_carea' id='block_1_103' title="bbox 150 2678 934 2716">
    <p class='ocr_par' dir='ltr' id='par_1_103' title="bbox 150 2678 934 2716">
     <span class='ocr_line' id='line_1_103' title="bbox 150 2678 934 2716; baseline -0.003 -9"><span class='ocrx_word' id='word_1_785' title='bbox 150 2678 272 2716; x_wconf 59' lang='lat' dir='ltr'><strong>{oplqu</strong></span> <span class='ocrx_word' id='word_1_786' title='bbox 280 2678 331 2706; x_wconf 86' lang='grc' dir='ltr'><strong>νῦν</strong></span> <span class='ocrx_word' id='word_1_787' title='bbox 349 2678 551 2715; x_wconf 65' lang='grc' dir='ltr'>Ἀλεξάνδρειαν</span> <span class='ocrx_word' id='word_1_788' title='bbox 562 2678 610 2705; x_wconf 73' lang='grc' dir='ltr'>ἐπὶ</span> <span class='ocrx_word' id='word_1_789' title='bbox 622 2679 672 2714; x_wconf 81' lang='grc' dir='ltr'>τῆς</span> <span class='ocrx_word' id='word_1_790' title='bbox 685 2678 834 2713; x_wconf 77' lang='grc' dir='ltr'>Αἰγύπτου·</span> <span class='ocrx_word' id='word_1_791' title='bbox 845 2678 934 2706; x_wconf 84' lang='grc' dir='ltr'>καίτοι</span> 
     </span>
    </p>
   </div>
   <div class='ocr_carea' id='block_1_104' title="bbox 149 2723 934 2760">
    <p class='ocr_par' dir='ltr' id='par_1_104' title="bbox 149 2723 934 2760">
     <span class='ocr_line' id='line_1_104' title="bbox 149 2723 934 2760; baseline -0.003 -8"><span class='ocrx_word' id='word_1_792' title='bbox 149 2732 183 2760; x_wconf 77' lang='grc' dir='ltr'><strong><em>τι</em></strong></span> <span class='ocrx_word' id='word_1_793' title='bbox 194 2723 275 2760; x_wconf 70' lang='grc' dir='ltr'>δῆλον</span> <span class='ocrx_word' id='word_1_794' title='bbox 292 2723 439 2758; x_wconf 70' lang='grc' dir='ltr'>δτι·ἐτγύς</span> <span class='ocrx_word' id='word_1_795' title='bbox 461 2731 512 2751; x_wconf 85' lang='grc' dir='ltr'><strong>που</strong></span> <span class='ocrx_word' id='word_1_796' title='bbox 536 2723 605 2758; x_wconf 82' lang='grc' dir='ltr'><strong>μετά</strong></span> <span class='ocrx_word' id='word_1_797' title='bbox 622 2723 785 2759; x_wconf 84' lang='grc' dir='ltr'>τετρακόσια</span> <span class='ocrx_word' id='word_1_798' title='bbox 812 2723 860 2759; x_wconf 80' lang='grc' dir='ltr'>ῑτη</span> <span class='ocrx_word' id='word_1_799' title='bbox 885 2723 934 2758; x_wconf 82' lang='grc' dir='ltr'><strong>τῆς</strong></span> 
     </span>
    </p>
   </div>
   <div class='ocr_carea' id='block_1_105' title="bbox 150 2768 936 2807">
    <p class='ocr_par' dir='ltr' id='par_1_105' title="bbox 150 2768 936 2807">
     <span class='ocr_line' id='line_1_105' title="bbox 150 2768 936 2807; baseline -0.001 -10"><span class='ocrx_word' id='word_1_800' title='bbox 150 2768 321 2807; x_wconf 73' lang='grc' dir='ltr'>προφητείας</span> <span class='ocrx_word' id='word_1_801' title='bbox 342 2769 445 2804; x_wconf 80' lang='grc' dir='ltr'>ταύτης</span> <span class='ocrx_word' id='word_1_802' title='bbox 473 2768 645 2805; x_wconf 75' lang='grc' dir='ltr'>Ἀλέξανδρος</span> <span class='ocrx_word' id='word_1_803' title='bbox 661 2769 676 2795; x_wconf 82' lang='grc' dir='ltr'><strong><em>ὸ</em></strong></span> <span class='ocrx_word' id='word_1_804' title='bbox 699 2768 749 2804; x_wconf 84' lang='grc' dir='ltr'>τῆς</span> <span class='ocrx_word' id='word_1_805' title='bbox 767 2768 936 2801; x_wconf 78' lang='grc' dir='ltr'>Μακεδονίας</span> 
     </span>
    </p>
   </div>
   <div class='ocr_carea' id='block_1_106' title="bbox 149 2813 935 2851">
    <p class='ocr_par' dir='ltr' id='par_1_106' title="bbox 149 2813 935 2851">
     <span class='ocr_line' id='line_1_106' title="bbox 149 2813 935 2851; baseline -0.003 -8"><span class='ocrx_word' id='word_1_806' title='bbox 149 2814 246 2850; x_wconf 69' lang='grc' dir='ltr'>γιγανι</span> <span class='ocrx_word' id='word_1_807' title='bbox 261 2814 399 2851; x_wconf 81' lang='grc' dir='ltr'>βασιλεὺς,</span> <span class='ocrx_word' id='word_1_808' title='bbox 413 2814 442 2846; x_wconf 74' lang='grc' dir='ltr'>ὃς</span> <span class='ocrx_word' id='word_1_809' title='bbox 457 2814 506 2841; x_wconf 76' lang='grc' dir='ltr'>σὺν</span> <span class='ocrx_word' id='word_1_810' title='bbox 520 2813 627 2846; x_wconf 82' lang='grc' dir='ltr'>πολλοῖς</span> <span class='ocrx_word' id='word_1_811' title='bbox 641 2815 743 2850; x_wconf 83' lang='grc' dir='ltr'>ἑτέροις</span> <span class='ocrx_word' id='word_1_812' title='bbox 758 2813 935 2850; x_wconf 83' lang='grc' dir='ltr'>κατεσχηκὼς</span> 
     </span>
    </p>
   </div>
   <div class='ocr_carea' id='block_1_107' title="bbox 149 2859 934 2897">
    <p class='ocr_par' dir='ltr' id='par_1_107' title="bbox 149 2859 934 2897">
     <span class='ocr_line' id='line_1_107' title="bbox 149 2859 934 2897; baseline -0.001 -9"><span class='ocrx_word' id='word_1_813' title='bbox 149 2859 202 2897; x_wconf 73' lang='grc' dir='ltr'>τῆς</span> <span class='ocrx_word' id='word_1_814' title='bbox 219 2859 377 2896; x_wconf 75' lang='grc' dir='ltr'>Αἰγύπτου,</span> <span class='ocrx_word' id='word_1_815' title='bbox 392 2859 534 2895; x_wconf 75' lang='grc' dir='ltr'>ἐπώνυμον</span> <span class='ocrx_word' id='word_1_816' title='bbox 553 2859 640 2896; x_wconf 80' lang='grc' dir='ltr'>ἑαυτῷ</span> <span class='ocrx_word' id='word_1_817' title='bbox 655 2860 705 2896; x_wconf 82' lang='grc' dir='ltr'>τὴν</span> <span class='ocrx_word' id='word_1_818' title='bbox 733 2860 934 2896; x_wconf 78' lang='grc' dir='ltr'>Ἀλεξάνδρειαν</span> 
     </span>
    </p>
   </div>
   <div class='ocr_carea' id='block_1_108' title="bbox 1018 2494 1772 2538">
    <p class='ocr_par' dir='ltr' id='par_1_108' title="bbox 1018 2494 1772 2538">
     <span class='ocr_line' id='line_1_108' title="bbox 1018 2494 1772 2538; baseline 0.011 -16"><span class='ocrx_word' id='word_1_819' title='bbox 1018 2494 1101 2524; x_wconf 71' lang='lat' dir='ltr'><strong>Vens.</strong></span> <span class='ocrx_word' id='word_1_820' title='bbox 1115 2497 1192 2523; x_wconf 74' lang='lat' dir='ltr'><strong>8.—r</strong></span> <span class='ocrx_word' id='word_1_821' title='bbox 1211 2497 1279 2532; x_wconf 80' lang='lat' dir='ltr'><strong>Apta</strong></span> <span class='ocrx_word' id='word_1_822' title='bbox 1290 2498 1430 2532; x_wconf 87' lang='lat' dir='ltr'><strong>chordam,</strong></span> <span class='ocrx_word' id='word_1_823' title='bbox 1441 2507 1568 2535; x_wconf 86' lang='lat' dir='ltr'><strong>compara</strong></span> <span class='ocrx_word' id='word_1_824' title='bbox 1581 2505 1616 2532; x_wconf 88' lang='lat' dir='ltr'><strong>te,</strong></span> <span class='ocrx_word' id='word_1_825' title='bbox 1632 2509 1696 2538; x_wconf 83' lang='lat' dir='ltr'><strong>pars</strong></span> <span class='ocrx_word' id='word_1_826' title='bbox 1707 2503 1772 2530; x_wconf 78' lang='lat' dir='ltr'><strong>Am—</strong></span> 
     </span>
    </p>
   </div>
   <div class='ocr_carea' id='block_1_109' title="bbox 983 2542 1771 2582">
    <p class='ocr_par' dir='ltr' id='par_1_109' title="bbox 983 2542 1771 2582">
     <span class='ocr_line' id='line_1_109' title="bbox 983 2542 1771 2582; baseline 0.013 -15"><span class='ocrx_word' id='word_1_827' title='bbox 983 2548 1056 2573; x_wconf 85' lang='lat' dir='ltr'><strong>mon,</strong></span> <span class='ocrx_word' id='word_1_828' title='bbox 1069 2549 1130 2576; x_wconf 69' lang='lat' dir='ltr'><strong>qua:</strong></span> <span class='ocrx_word' id='word_1_829' title='bbox 1143 2542 1240 2570; x_wconf 89' lang='lat' dir='ltr'><strong>incolis</strong></span> <span class='ocrx_word' id='word_1_830' title='bbox 1251 2542 1364 2570; x_wconf 80' lang='lat' dir='ltr'><strong>ﬂumina</strong></span> <span class='ocrx_word' id='word_1_831' title='bbox 1378 2551 1466 2578; x_wconf 84' lang='lat' dir='ltr'><strong>:aqua</strong></span> <span class='ocrx_word' id='word_1_832' title='bbox 1481 2546 1508 2572; x_wconf 92' lang='lat' dir='ltr'><strong>in</strong></span> <span class='ocrx_word' id='word_1_833' title='bbox 1521 2547 1637 2575; x_wconf 85' lang='lat' dir='ltr'><strong>circuitu</strong></span> <span class='ocrx_word' id='word_1_834' title='bbox 1648 2548 1771 2582; x_wconf 87' lang='lat' dir='ltr'><strong>ejus,ini-</strong></span> 
     </span>
    </p>
   </div>
   <div class='ocr_carea' id='block_1_110' title="bbox 983 2586 1769 2625">
    <p class='ocr_par' dir='ltr' id='par_1_110' title="bbox 983 2586 1769 2625">
     <span class='ocr_line' id='line_1_110' title="bbox 983 2586 1769 2625; baseline 0.013 -13"><span class='ocrx_word' id='word_1_835' title='bbox 983 2586 1050 2613; x_wconf 89' lang='lat' dir='ltr'><strong>tium</strong></span> <span class='ocrx_word' id='word_1_836' title='bbox 1065 2586 1126 2621; x_wconf 85' lang='lat' dir='ltr'><strong>ejus</strong></span> <span class='ocrx_word' id='word_1_837' title='bbox 1139 2595 1223 2621; x_wconf 83' lang='lat' dir='ltr'><strong>mare,</strong></span> <span class='ocrx_word' id='word_1_838' title='bbox 1240 2595 1310 2624; x_wconf 87' lang='lat' dir='ltr'><strong>aqua</strong></span> <span class='ocrx_word' id='word_1_839' title='bbox 1323 2590 1422 2617; x_wconf 71' lang='lat' dir='ltr'><strong>mmnia</strong></span> <span class='ocrx_word' id='word_1_840' title='bbox 1431 2591 1501 2625; x_wconf 87' lang='lat' dir='ltr'><strong>ejus.</strong></span> <span class='ocrx_word' id='word_1_841' title='bbox 1521 2600 1531 2618; x_wconf 85' lang='grc'><strong>›</strong></span> <span class='ocrx_word' id='word_1_842' title='bbox 1548 2591 1676 2620; x_wconf 81' lang='lat' dir='ltr'><strong>Nonnulli</strong></span> <span class='ocrx_word' id='word_1_843' title='bbox 1691 2595 1769 2622; x_wconf 79' lang='lat' dir='ltr'><strong>dixe—</strong></span> 
     </span>
    </p>
   </div>
   <div class='ocr_carea' id='block_1_111' title="bbox 982 2633 1768 2677">
    <p class='ocr_par' dir='ltr' id='par_1_111' title="bbox 982 2633 1768 2677">
     <span class='ocr_line' id='line_1_111' title="bbox 982 2633 1768 2677; baseline 0.013 -19"><span class='ocrx_word' id='word_1_844' title='bbox 982 2635 1047 2659; x_wconf 84' lang='lat' dir='ltr'><strong>runt</strong></span> <span class='ocrx_word' id='word_1_845' title='bbox 1060 2633 1219 2660; x_wconf 78' lang='lat' dir='ltr'><strong>Ammonem</strong></span> <span class='ocrx_word' id='word_1_846' title='bbox 1235 2634 1278 2661; x_wconf 91' lang='lat' dir='ltr'><strong>hic</strong></span> <span class='ocrx_word' id='word_1_847' title='bbox 1291 2636 1418 2671; x_wconf 86' lang='lat' dir='ltr'><strong>appellari</strong></span> <span class='ocrx_word' id='word_1_848' title='bbox 1437 2637 1629 2666; x_wconf 78' lang='lat' dir='ltr'><strong>Alexandriam</strong></span> <span class='ocrx_word' id='word_1_849' title='bbox 1646 2641 1768 2677; x_wconf 62' lang='lat' dir='ltr'><strong>Egypti.</strong></span> 
     </span>
    </p>
   </div>
   <div class='ocr_carea' id='block_1_112' title="bbox 983 2678 1769 2721">
    <p class='ocr_par' dir='ltr' id='par_1_112' title="bbox 983 2678 1769 2721">
     <span class='ocr_line' id='line_1_112' title="bbox 983 2678 1769 2721; baseline 0.013 -16"><span class='ocrx_word' id='word_1_850' title='bbox 983 2678 1064 2714; x_wconf 80' lang='lat' dir='ltr'><strong>Atqui</strong></span> <span class='ocrx_word' id='word_1_851' title='bbox 1073 2685 1238 2714; x_wconf 87' lang='lat' dir='ltr'><strong>compertum</strong></span> <span class='ocrx_word' id='word_1_852' title='bbox 1246 2682 1394 2716; x_wconf 87' lang='lat' dir='ltr'><strong>est,quadri</strong></span> <span class='ocrx_word' id='word_1_853' title='bbox 1400 2684 1505 2717; x_wconf 81' lang='lat' dir='ltr'><strong>ngentis</strong></span> <span class='ocrx_word' id='word_1_854' title='bbox 1513 2684 1622 2713; x_wconf 87' lang='lat' dir='ltr'><strong>circiter</strong></span> <span class='ocrx_word' id='word_1_855' title='bbox 1629 2691 1690 2721; x_wconf 87' lang='lat' dir='ltr'><strong>post</strong></span> <span class='ocrx_word' id='word_1_856' title='bbox 1698 2688 1769 2716; x_wconf 82' lang='lat' dir='ltr'><strong>hanc</strong></span> 
     </span>
    </p>
   </div>
   <div class='ocr_carea' id='block_1_113' title="bbox 983 2726 1768 2768">
    <p class='ocr_par' dir='ltr' id='par_1_113' title="bbox 983 2726 1768 2768">
     <span class='ocr_line' id='line_1_113' title="bbox 983 2726 1768 2768; baseline 0.013 -17"><span class='ocrx_word' id='word_1_857' title='bbox 983 2726 1152 2761; x_wconf 85' lang='lat' dir='ltr'><strong>prophetiam</strong></span> <span class='ocrx_word' id='word_1_858' title='bbox 1170 2726 1453 2756; x_wconf 64' lang='lat' dir='ltr'><strong>annis&#39;Alexandrum</strong></span> <span class='ocrx_word' id='word_1_859' title='bbox 1477 2728 1652 2759; x_wconf 83' lang='lat' dir='ltr'><strong>Macedonum</strong></span> <span class='ocrx_word' id='word_1_860' title='bbox 1678 2741 1768 2768; x_wconf 81' lang='lat' dir='ltr'><strong>regem</strong></span> 
     </span>
    </p>
   </div>
   <div class='ocr_carea' id='block_1_114' title="bbox 982 2770 1767 2813">
    <p class='ocr_par' dir='ltr' id='par_1_114' title="bbox 982 2770 1767 2813">
     <span class='ocr_line' id='line_1_114' title="bbox 982 2770 1767 2813; baseline 0.01 -15"><span class='ocrx_word' id='word_1_861' title='bbox 982 2771 1132 2805; x_wconf 88' lang='lat' dir='ltr'><strong>exstitisse,</strong></span> <span class='ocrx_word' id='word_1_862' title='bbox 1146 2770 1192 2808; x_wconf 79' lang='lat' dir='ltr'><strong>qui</strong></span> <span class='ocrx_word' id='word_1_863' title='bbox 1205 2778 1336 2807; x_wconf 84' lang='lat' dir='ltr'><strong>occupata</strong></span> <span class='ocrx_word' id='word_1_864' title='bbox 1349 2781 1410 2801; x_wconf 85' lang='lat' dir='ltr'><strong>eum</strong></span> <span class='ocrx_word' id='word_1_865' title='bbox 1427 2774 1487 2803; x_wconf 89' lang='lat' dir='ltr'><strong>aliis</strong></span> <span class='ocrx_word' id='word_1_866' title='bbox 1501 2776 1594 2805; x_wconf 90' lang='lat' dir='ltr'><strong>multis</strong></span> <span class='ocrx_word' id='word_1_867' title='bbox 1609 2779 1767 2813; x_wconf 74' lang='lat' dir='ltr'><strong>regionibus</strong></span> 
     </span>
    </p>
   </div>
   <div class='ocr_carea' id='block_1_115' title="bbox 982 2816 1766 2854">
    <p class='ocr_par' dir='ltr' id='par_1_115' title="bbox 982 2816 1766 2854">
     <span class='ocr_line' id='line_1_115' title="bbox 982 2816 1766 2854; baseline 0.01 -10"><span class='ocrx_word' id='word_1_868' title='bbox 982 2816 1110 2853; x_wconf 65' lang='lat' dir='ltr'><strong>Egypto,</strong></span> <span class='ocrx_word' id='word_1_869' title='bbox 1133 2818 1323 2854; x_wconf 84' lang='lat' dir='ltr'><strong>cognominem</strong></span> <span class='ocrx_word' id='word_1_870' title='bbox 1345 2819 1397 2846; x_wconf 89' lang='lat' dir='ltr'><strong>sibi</strong></span> <span class='ocrx_word' id='word_1_871' title='bbox 1418 2820 1610 2849; x_wconf 81' lang='lat' dir='ltr'><strong>Alexandriam</strong></span> <span class='ocrx_word' id='word_1_872' title='bbox 1632 2824 1766 2852; x_wconf 86' lang='lat' dir='ltr'><strong>condidit.</strong></span> 
     </span>
    </p>
   </div>
   <div class='ocr_carea' id='block_1_116' title="bbox 983 2864 1767 2903">
    <p class='ocr_par' dir='ltr' id='par_1_116' title="bbox 983 2864 1767 2903">
     <span class='ocr_line' id='line_1_116' title="bbox 983 2864 1767 2903; baseline 0.011 -13"><span class='ocrx_word' id='word_1_873' title='bbox 983 2864 1060 2898; x_wconf 90' lang='lat' dir='ltr'><strong>Quod</strong></span> <span class='ocrx_word' id='word_1_874' title='bbox 1076 2865 1098 2892; x_wconf 89' lang='lat' dir='ltr'><strong>si</strong></span> <span class='ocrx_word' id='word_1_875' title='bbox 1114 2864 1176 2899; x_wconf 83' lang='lat' dir='ltr'><strong>quis</strong></span> <span class='ocrx_word' id='word_1_876' title='bbox 1191 2865 1275 2899; x_wconf 85' lang='lat' dir='ltr'><strong>dicat,</strong></span> <span class='ocrx_word' id='word_1_877' title='bbox 1290 2870 1352 2895; x_wconf 85' lang='lat' dir='ltr'><strong>ante</strong></span> <span class='ocrx_word' id='word_1_878' title='bbox 1365 2866 1439 2894; x_wconf 91' lang='lat' dir='ltr'><strong>hunc</strong></span> <span class='ocrx_word' id='word_1_879' title='bbox 1458 2875 1566 2903; x_wconf 80' lang='lat' dir='ltr'><strong>quoque</strong></span> <span class='ocrx_word' id='word_1_880' title='bbox 1582 2869 1723 2898; x_wconf 81' lang='lat' dir='ltr'><strong>exstitisse</strong></span> <span class='ocrx_word' id='word_1_881' title='bbox 1738 2872 1767 2900; x_wconf 84' lang='lat' dir='ltr'><strong>in</strong></span> 
     </span>
    </p>
   </div>
  </div>
