1969 3069
204 118 262 157 με

798 111 974 151 summm
994 116 1235 147 MOPSUESTENI

1778 115 1835 145 65.

206 189 242 210 eo
258 181 317 208 loco
332 179 426 208 urbem
438 179 549 208 nomine
561 179 733 213 Ammonem.
747 180 836 216 deque
849 181 900 209 hac
913 181 994 208 modo

1050 179 1211 216 πεποίηκεν
1226 180 1251 207 εί
1266 179 1304 216 μὴ
1322 178 1378 215 ἄρα
1394 187 1436 211 τις
1451 178 1540 206 ἐκεῖνο
1558 177 1630 213 λέγοι
1657 178 1699 205 ὅτι
1711 177 1759 204 καὶ
1779 177 1835 213 πρὸ

161 238 163 240 ·
208 227 368 262 prophetam
385 225 474 261 loqui;
491 225 627 260 profecto,
644 226 717 260 quod
733 233 805 261 δερμα
815 226 872 261 jam
889 226 993 257 monui,

210 278 441 308 supervacaneam
457 271 539 306 22⁷
550 279 612 299 esse
625 272 745 299 arbitror
756 279 839 307 super
855 271 898 299 his
914 272 996 299 rebus

210 317 412 350 curiositatem;
424 317 558 352 siquidem
575 317 643 344 nihil
658 325 689 344 ea
702 317 809 344 confert
822 319 855 344 ad
873 317 913 345 rei
935 325 996 352 pro-

210 363 307 399 positae
318 362 538 398 intelligentiam.
553 363 644 396 Quare
658 363 786 390 subtilior
796 362 831 390 de
845 363 889 391 his
901 363 996 398 dispu-

211 411 289 442 tntio,
310 415 381 435 vana
399 408 545 436 ostentatio
565 408 719 442 hominum,
734 408 781 443 qui
793 408 879 436 videri
901 408 996 435 volunt

210 453 388 483 incertiorum
406 453 528 480 locorum
543 453 655 480 nomina
670 453 856 488 interpretari.
873 452 941 481 Illud
954 457 997 480 est

210 499 283 534 apud
308 505 356 526 eos
382 497 550 530 fabulosius.
573 505 635 525 cum
664 497 742 525 aiunt
770 498 805 525 de
826 498 997 526 Alexandriae

210 545 294 573 exitio
308 544 469 580 prophetam
485 544 571 578 loqui,
584 547 613 571 ut
625 544 752 572 ostendat
764 545 803 572 nil
814 546 912 573 mirum
922 552 995 577 esse,

211 591 236 618 si
249 591 320 618 idem
335 597 444 625 quoque
463 590 568 618 Ninivae
583 590 724 618 acciderit.
746 590 840 626 Neque
862 590 934 619 enim
949 597 997 618 so.

212 632 262 664 lari
285 636 377 664 verbis
394 636 510 664 Niniven
531 637 661 672 propheta
681 637 748 664 vult.
767 637 852 666 Porro
865 637 900 665 ad
923 637 997 666 sola-

212 690 274 710 men
296 683 423 717 pertinet,
447 683 542 710 alicnae
569 683 735 711 calamitatis
759 683 996 717 commemoratio.

211 727 292 763 quasi
314 728 370 755 haec
390 728 469 755 malis
490 729 640 756 exercitum
663 734 775 757 recreet.
802 729 905 757 Revera
931 737 998 757 mm-

213 777 272 801 stos
289 773 427 800 consolari
447 774 566 802 solemus
582 775 720 802 mentione
735 775 810 810 paria
825 775 997 810 patientium.

214 827 249 846 ne
266 818 328 854 plus
341 826 420 854 :cquo
434 819 534 846 animis
552 820 707 852 concidant.
723 820 803 855 quasi
819 820 921 856 aliquid
936 821 999 848 inu—

213 864 287 892 sitati
313 865 381 900 ipsis
402 864 544 893 acciderit.
568 865 669 892 Contra
691 867 803 893 omnino
826 867 997 902 exploratum

213 913 267 941 est.
279 910 438 944 prophetam
454 910 594 937 eventuris
610 910 714 938 Ninivaa
733 911 811 939 malis
824 915 942 939 veterem
965 912 999 938 il-

214 955 269 983 lius
297 955 453 983 felicitatem
479 956 646 991 adjungere.
675 964 729 991 qua
760 957 903 985 calamitas
938 957 1000 992 ejus

213 1000 419 1035 comparatione
441 1002 550 1037 gravior
569 1002 713 1030 evadebat.
739 1001 792 1030 Sed
818 1002 876 1030 haec
903 1011 1000 1038 super-

214 1043 319 1072 ﬂuitate
342 1045 458 1081 quadam
486 1047 622 1074 sermonis
642 1046 714 1074 dicta
740 1050 830 1074 sunto.
853 1046 918 1074 Loci
935 1055 1000 1075 vero

215 1092 350 1120 sententia
362 1097 403 1120 est
418 1101 424 1119 :
444 1092 525 1120 Venit
548 1101 635 1128 usque
654 1093 681 1120 in
695 1093 842 1129 Egyptum
858 1093 999 1129 Assyrius,

215 1139 300 1166 multa
316 1139 353 1166 ibi
369 1147 479 1175 quoque
495 1140 565 1167 mala
586 1141 720 1175 patravit,
735 1146 763 1168 et
775 1141 884 1176 quidem
906 1141 1000 1176 profu-

214 1192 264 1220 gos
289 1184 355 1212 illuc
381 1184 517 1214 lsraelitas
541 1185 698 1222 ibidemque
720 1187 850 1222 degentes
873 1188 1001 1216 maximis

215 1231 396 1259 incommodis
408 1231 510 1264 aﬂ'ecit,
524 1236 553 1259 ut
569 1231 655 1260 Oseas
669 1233 800 1268 propheta
813 1233 999 1261 demonstrat:

218 1286 228 1303 ι
249 1277 395 1313 Propterea
421 1285 486 1305 ecce
516 1277 621 1313 fugient
638 1278 673 1306 ab
692 1278 858 1306 adversitate
879 1278 999 1315 Egypti,

217 1322 331 1357 recipiet
347 1329 394 1350 eos
414 1321 557 1356 Memphis.
575 1321 689 1358 sepeliet
710 1329 759 1350 eos
779 1321 918 1350 Machmas
934 1323 965 1349 ".
989 1332 998 1350 ι

218 1366 358 1402 Signiﬁcat
371 1375 432 1402 quae
445 1367 480 1394 ab
492 1367 614 1402 Assyriis
627 1367 774 1403 Egyptum
790 1368 922 1404 ingressis
938 1377 1001 1405 per—

217 1412 326 1447 pessuri
344 1415 423 1439 erant
435 1412 543 1447 profugi
565 1411 705 1441 Israelita.
721 1412 811 1441 Sicuti
826 1421 891 1449 ergo
906 1415 934 1441 in
951 1423 1015 1452 su-_

218 1457 382 1491 perioribus,
402 1460 544 1491 postquam
559 1461 719 1492 correptura
734 1459 863 1494 Assyrios
877 1460 948 1487 mala
961 1468 1000 1488 re-

1045 227 1139 255 τούτου
1148 227 1225 259 πόλις
1238 224 1273 262 ἦν
1282 226 1375 254 αύτόθι
1393 225 1504 262 ’Ᾱμμὼν
1515 225 1660 261 λεγομένη.
1670 224 1735 260 περὶ
1751 222 1785 259 ἧς
1795 224 1834 250 τὰ

1044 273 1093 300 νῦν
1110 274 1124 300 6
1137 273 1278 309 προφήτης
1291 271 1388 308 φησίν·
1404 271 1472 298 ἀλλὰ
1485 270 1550 307 γὰρ,
1569 270 1585 297 6
1606 269 1737 300 πολλάκις
1751 269 1832 304 ἔφην.

1045 318 1174 354 περιττὴν
1190 316 1259 345 εἶναι
1273 318 1328 345 τῶν
1343 317 1471 345 τοιούτων
1488 314 1611 352 ἡγοῦμαί
1624 316 1674 351 τὴν
1689 315 1835 352 ἀκριὸολο-

1045 365 1117 399 γίαν,
1128 364 1202 391 ὁπότ’
1218 364 1251 391 ἂν
1271 363 1353 399 μηδὲν
1367 363 1407 395 είς
1422 362 1575 398 φανέρωσιν
1585 363 1634 398 τῆς
1647 360 1834 398 προκειμένης

1047 410 1158 445 συντελῇ
1169 409 1298 441 διανοίας’
1308 409 1379 436 ὥστε
1390 409 1437 436 καὶ
1449 407 1576 440 ἐπίδειξίν
1589 417 1651 435 τινα
1665 407 1747 444 κενὴν
1760 405 1834 436 εἶναι

1045 456 1094 492 τὴν
1116 456 1180 491 περὶ
1199 455 1234 482 τὰ
1253 455 1366 482 τοιαῦτα
1389 454 1599 491 ἀκριϐολογίαν,
1622 454 1667 481 ἵνα
1681 454 1714 490 δὴ
1730 454 1832 482 δοκῶσι

1046 502 1110 533 τοὺς
1122 500 1298 537 ἁδηλοτέρους
1307 501 1368 532 ταῖς
1379 500 1537 537 ὀνομασίαις
1546 499 1708 536 ἑρμηνεύειν
1719 499 1831 532 τόπους,

1048 547 1254 584 Μυθωδέστερον
1264 547 1292 574 δὲ
1303 546 1343 574 ἔτι
1352 546 1382 573 τὸ
1393 547 1458 581 παρ’
1470 536 1560 573 αύτῶν
1571 545 1769 582 λεγόμενον,ἆτι
1781 546 1834 582 τῆς

1054 592 1254 628 Ἀλεξανδρείας
1269 592 1318 627 τὴν
1338 590 1475 618 ἀπώλειαν
1496 590 1512 617 6
1525 591 1667 626 προφήτης
1687 590 1777 625 λέγει·
1791 590 1832 622 ὡς

1047 639 1080 666 ἂν
1101 638 1213 671 δείξειεν
1236 638 1278 664 ὅτι
1299 636 1382 673 μηδὲν
1401 635 1574 671 θαυμαστὸν,
1591 637 1615 662 εἰ
1636 636 1684 662 καὶ
1700 636 1765 671 περὶ
1781 636 1833 671 τὴν

1046 684 1147 719 Νινευή
1169 693 1196 710 τι
1213 683 1309 718 γέγονε
1334 681 1453 709 τοιοῦτο·
1479 682 1509 708 ού
1535 681 1590 717 γὰρ
1609 681 1782 717 ψυχαγωγεῖν
1800 682 1832 708 ἐν

1047 732 1104 763 τοῖς
1117 730 1206 765 λόγοις
1219 731 1234 757 6
1248 729 1392 765 προφήτης
1407 728 1535 764 πειρᾶται
1548 727 1598 763 τὴν
1611 728 1711 764 Νινευή
1723 735 1730 743 ·
1742 727 1834 764 ψυχα-

1048 776 1152 811 γωγίας
1164 776 1192 803 δὲ
1205 773 1240 811 ἦν
1251 775 1281 802 τὸ
1296 775 1397 811 ἑτέρων
1412 774 1555 810 συμφορᾶς
1569 774 1733 810 μεμνῆσθαι,
1748 773 1786 806 ὡς
1796 773 1832 800 ἃν

1049 824 1081 851 ὲκ
1091 822 1192 858 ταύτης
1207 821 1222 848 6
1241 821 1382 853 πεπονθὼς
1398 820 1591 857 παρακαλοῖτο.
1610 819 1753 855 Εἰώθαμεν
1764 819 1832 854 γοῦν

1048 868 1092 896 ἀεὶ
1109 868 1172 900 τοὺς
1186 867 1350 899 πενθοῦντας
1366 868 1400 903 τῇ
1421 867 1516 903 μνήμῃ
1530 866 1567 902 (p.
1584 866 1647 900 547)
1663 865 1831 899 παρακαλεῖν

1048 913 1102 940 τῶν
1116 912 1226 948 ὁμοίων,
1245 911 1284 944 ὡς
1297 911 1331 938 ἂν
1349 911 1386 947 μὴ
1403 911 1473 945 ἄγαν
1490 910 1628 946 ὰθυμοῐεν,
1645 909 1737 936 καινόν
1754 918 1780 937 τι
1796 909 1833 936 τὰ

1049 960 1110 986 κατ’
1130 958 1230 990 αὐτοὺς
1249 957 1406 993 νομίζοντες
1425 954 1506 984 εἶναι.
1530 955 1691 984 Τούναντίον
1712 955 1762 990 μὲν
1784 953 1832 982 οὖν

1049 1003 1093 1030 διὰ
1108 1003 1216 1030 πάντων
1229 1002 1308 1038 δῆλός
1329 1002 1403 1029 ἐστιν
1416 1002 1431 1029 6
1452 1001 1594 1037 προφήτης
1613 1002 1648 1037 τῇ
1666 1000 1762 1036 μηνύει
1777 1000 1833 1027 τῶν

1050 1048 1256 1084 προσεσομένων
1267 1048 1301 1082 τῇ
1319 1046 1418 1083 Νινευὴ
1432 1046 1535 1078 κακῶν,
1552 1046 1602 1082 τὴν
1616 1046 1734 1073 παλαιὰν
1747 1045 1832 1081 αὑτῆς

1051 1097 1194 1124 συνάπτων
1213 1095 1382 1131 εὐπραγίαν,
1402 1095 1448 1130 ἀφ’
1470 1092 1504 1130 ἧς
1520 1095 1552 1131 δὴ
1575 1093 1691 1129 μάλιστα
1714 1093 1744 1120 τδ
1764 1101 1833 1127 συμ-

1050 1144 1142 1170 6αῐνον
1161 1142 1229 1178 αὐτῇ
1248 1142 1332 1169 κακὸν
1343 1140 1508 1175 αὐξάνεσθαι
1529 1140 1655 1176 ἤμελλεν.
1676 1138 1760 1166 Ἀλλὰ
1777 1138 1833 1173 γὰρ

1050 1189 1136 1217 ταῦτα
1156 1189 1204 1224 μὲν
1228 1188 1261 1214 ἐκ
1279 1187 1440 1223 περιουσίας
1464 1185 1583 1222 εἰρήσθω
1595 1193 1602 1201 ·
1617 1185 1632 1212 6
1651 1184 1681 1211 δὲ
1698 1184 1760 1216 νοῦς
1777 1183 1833 1210 τῶν

1052 1234 1141 1271 ῥητῶν
1155 1230 1232 1263 οὗτός
1247 1233 1335 1259 ἐστιν·
1353 1230 1531 1267 Εισελήλυθεν
1547 1231 1610 1266 ἄχρι
1624 1229 1673 1265 τῆς
1694 1228 1832 1263 Αἰγύπτου

1051 1281 1065 1307 6
1082 1279 1234 1314 Ἀσσύριος.
1248 1278 1361 1305 πλεῖστα
1373 1277 1492 1308 καὶτοὺς
1504 1275 1598 1303 αὐτόθι
1609 1274 1736 1306 διατιθεὶς
1748 1274 1832 1304 κακὰ,

1051 1325 1122 1352 ὥστε
1143 1325 1189 1352 καὶ
1209 1325 1272 1357 τοὺς
1293 1322 1496 1358 ἐκπεφευγότας
1513 1322 1567 1349 τῶν
1592 1320 1764 1357 Ἰσραηλιτῶν
1786 1320 1834 1346 καὶ

1051 1370 1145 1398 αὐτόθι
1165 1369 1306 1404 διάγοντας
1323 1368 1463 1404 μεγίσταις
1481 1367 1638 1403 περιϐαλεῖν
1661 1366 1833 1401 συμφοραῖς,

1051 1415 1089 1448 ὡς
1106 1416 1121 1442 6
1135 1415 1277 1451 προφήτης
1293 1413 1429 1441 δείκνυσιν
1455 1413 1552 1448 Ὠσηὲ·
1570 1422 1579 1439 ι
1604 1412 1654 1439 Διὰ
1675 1411 1754 1438 τοῦτο
1779 1411 1833 1438 ιδοὺ

1052 1461 1231 1499 πορεύσονται
1246 1461 1278 1488 ἔκ
1292 1459 1479 1495 ταλαιπωρίας
1495 1458 1646 1493 Αἰγύπτου.
1663 1457 1710 1484 καὶ
1727 1456 1833 1490 ἐκδέξε-

216 1502 320 1534 citavit,
346 1499 380 1529 ad
405 1501 481 1530 Judze
499 1501 600 1529 tribum
622 1503 706 1530 verba
732 1505 878 1536 convertit.
901 1505 1001 1540 jubens

1053 1517 1097 1537 ται
1107 1508 1205 1539 αὐτοὺς
1219 1507 1340 1543 Μέμφις,
1351 1507 1399 1533 καὶ
1411 1505 1491 1539 θάψει
1505 1504 1603 1536 αὐτοὺς
1616 1503 1744 1538 Μαχμάς·
1764 1509 1773 1526 ι
1785 1501 1832 1536 δη·

216 1556 277 1576 eam
291 1548 391 1576 festum
405 1556 496 1584 agere.
510 1552 538 1576 et
552 1555 620 1584 pace
634 1548 662 1576 in
678 1553 816 1584 posterum
833 1549 897 1582 frui.
916 1559 1004 1586 quan-

217 1594 363 1630 doquidem
379 1594 532 1630 aggressori
547 1594 609 1630 ejus
635 1595 771 1631 exstingui
786 1596 951 1632 contigerat;
967 1597 1003 1624 ita

216 1643 245 1668 et
275 1647 350 1667 nunc
379 1640 414 1667 ad
446 1640 607 1668 Ammonem
631 1640 741 1676 Egypti
771 1641 866 1669 urbem
896 1641 1004 1677 loquela

216 1693 349 1713 conversa
367 1685 407 1712 ait
422 1692 430 1712 :
452 1684 534 1713 Sume
546 1685 691 1719 citharam,
703 1686 843 1722 multoque
858 1695 920 1715 cum
937 1695 1005 1723 gau-

216 1731 264 1759 dio
280 1739 344 1766 para
361 1733 388 1758 te
409 1731 442 1759 ad
465 1731 620 1759 canendum
645 1731 745 1760 lidibus
767 1732 872 1768 Assyrii
889 1733 1003 1761 exitium

217 1781 348 1812 tuamque
370 1783 486 1812 pacem;
513 1781 541 1805 tu
565 1785 625 1813 quae
646 1778 725 1813 aquis
754 1779 877 1814 undique
899 1780 1002 1812 cincta.

218 1823 286 1850 mari
302 1823 446 1858 ﬂuviisque
461 1824 573 1856 vallata.
595 1823 666 1851 nihil
687 1823 750 1852 inde
766 1829 889 1859 protecta
912 1825 1004 1854 fueras

217 1870 251 1897 ab
263 1869 370 1906 Assyrii
394 1870 569 1904 incursione;
590 1878 665 1898 nunc
678 1871 787 1899 demum
803 1871 932 1900 universa
953 1873 1004 1900 tibi

217 1916 342 1944 maleﬁcii
355 1916 389 1944 ab
401 1923 434 1944 eo
448 1916 568 1952 patiendi
583 1916 700 1944 formido
711 1917 818 1945 sublata
833 1922 886 1946 est.
900 1917 1002 1947 Deinde

217 1959 292 1988 addit
306 1966 314 1988 :

1051 1555 1095 1582 λον
1104 1553 1130 1581 δὲ
1137 1553 1208 1590 ἅπερ
1214 1553 1264 1580 ὑπὸ
1274 1551 1328 1579 τῶν
1341 1551 1487 1586 Ἀσσυρίων
1503 1549 1713 1585 εἰσεληλυθότων
1732 1548 1772 1579 είς
1785 1546 1834 1583 τὴν

1051 1600 1188 1634 Αἴγυπτον
1204 1598 1319 1632 πάσχειν
1336 1596 1453 1632 ἢμελλον
1468 1595 1494 1622 οἱ
1507 1595 1551 1622 ἐπ’
1568 1595 1652 1630 αὐτὴν
1666 1601 1834 1628 καταπεφευ-

1051 1645 1129 1680 γότες
1147 1643 1202 1670 τῶν
1224 1641 1408 1677 Ἰσραηλιτῶν.
1424 1641 1529 1676 Ὥσπερ
1543 1640 1634 1667 τοίνυν
1649 1640 1678 1666 ἒν
1696 1639 1752 1670 τοῖς
1766 1638 1834 1665 ἀνω·

1051 1691 1141 1726 τέροις
1150 1688 1185 1716 τὰ
1194 1687 1404 1722 καταληψόμενα
1413 1687 1476 1718 τοὺς
1490 1685 1648 1721 ’Δσσυρίους
1656 1684 1742 1718 λέγων
1751 1683 1833 1714 κακὰ,

1052 1737 1097 1763 ἐπὶ
1109 1736 1153 1762 τὸν
1172 1734 1271 1761 Ἰούδαν
1285 1732 1439 1768 ἀπέστρεψε
1450 1731 1495 1758 τδν
1507 1731 1595 1765 λόγον.
1609 1729 1752 1773 ἑορτάξειν
1761 1727 1836 1763 αύτῷ

1051 1781 1169 1809 κελεύων
1192 1779 1229 1811 ὡς
1251 1779 1280 1806 ἰν
1303 1778 1397 1814 εἰρήνῃ
1421 1777 1572 1804 καθεστῶτι
1594 1771 1697 1808 λοιπὸν,
1721 1771 1761 1810 τῷ
1788 1774 1834 1801 τὸν

1052 1824 1235 1862 ἔπεληλυθότα
1252 1825 1322 1859 αὐτῇ
1343 1822 1472 1858 πολέμιον
1491 1822 1659 1858 ἀνῃρῆσθαι-
1677 1821 1748 1848 οὕτω
1769 1821 1834 1847 κάν-

1052 1871 1138 1899 ταῦθα
1157 1870 1203 1897 ἐπὶ
1225 1869 1274 1905 τὴν
1300 1868 1412 1904 ’Λμμὼν
1431 1868 1508 1895 πόλιν
1527 1865 1610 1894 οὖσαν
1629 1867 1680 1902 τῆς
1696 1866 1834 1900 Αἰγύπτου

1053 1918 1147 1955 τρέπει
1162 1916 1208 1943 τὸν
1220 1915 1310 1950 λόγον,
1332 1914 1379 1942 καί
1395 1921 1490 1950 φησιν·
1513 1913 1641 1941 Ἀνάλασε
1658 1913 1773 1949 κιθάραν
1789 1911 1835 1939 καῖ

1056 1963 1126 1999 μετὰ
1142 1961 1241 1997 πολλῆς
1257 1961 1306 1996 τῆς
1326 1960 1423 1996 ἡδονῆς
1442 1959 1650 1995 παρασκεύασαι
1668 1959 1713 1986 διὰ
1734 1958 1835 1994 ταύτης

216 2007 264 2035 τοῦ
280 2007 330 2043 μὲν
345 2004 417 2043 ᾄδειν
430 2008 479 2044 τὴν
489 2008 636 2040 ἀπώλειαν,
655 2009 702 2036 σοῦ
715 2010 743 2036 δὲ
754 2010 804 2045 τὴν
821 2011 943 2046 εἰρήνην
962 2012 980 2047 ἢ
994 2011 1162 2046 πανταχόθεν
1174 2010 1249 2036 ὕδατι
1265 2007 1482 2044 περιὸεόλημένη
1494 2007 1612 2042 θαλάττῃ
1625 2015 1655 2033 τε
1668 2005 1836 2042 ὠχυρωμένη

217 2054 265 2083 καὶ
279 2055 420 2090 ποταμοῖς,
435 2055 531 2092 δνησαι
544 2057 576 2083 ὲκ
587 2054 689 2083 τούτων
700 2057 785 2089 οὐδὲν,
798 2058 836 2093 (p.
848 2059 911 2094 568)
928 2059 1121 2092 ἐπεληλυθότος
1132 2058 1180 2085 τοῦ
1200 2056 1352 2092 Ἀσσυρίου·
1369 2055 1416 2082 νῦν
1432 2054 1522 2091 μέντοι
1533 2063 1565 2089 γε
1579 2055 1653 2081 πᾶσα
1665 2054 1716 2089 τῆς
1732 2052 1835 2080 ἐκείνου

217 2102 316 2133 κακίας
328 2101 436 2129 λέλυται
453 2110 494 2129 σοι
514 2103 531 2138 ἡ
550 2103 672 2130 ὑπόνοια.
690 2101 757 2130 Εἶτα
771 2104 880 2140 ἐπάγει·

253 2148 335 2183 228
347 2147 430 2176 Vnus.
445 2147 521 2176 9-l‘2.
534 2163 569 2169 —
583 2158 593 2174 ‹
612 2148 752 2185 Ᾱίιιιὶοβίιι
767 2154 848 2185 atque
868 2150 1001 2187 Egyptus

1090 2149 1164 2184 Στίχ.
1180 2147 1262 2182 θ’·-ιβ¹.
1280 2161 1315 2166 -
1329 2154 1340 2172 ι
1357 2143 1484 2172 Αἰθιοπία
1499 2144 1516 2179 ὴ
1536 2143 1611 2178 ίσχὺς
1626 2143 1712 2178 αὐτῆς
1726 2144 1774 2170 καὶ
1788 2145 1835 2170 Λῖ-

218 2194 350 2222 ‘forlitudo
369 2194 438 2229 ejus.
462 2194 522 2221 Non
542 2199 586 2222 est
606 2195 741 2224 terminus
763 2197 833 2232 fuga:
856 2202 917 2225 tua}.
934 2197 1005 2225 l’hut

217 2244 246 2267 et
260 2239 510 2275 Libyesauxiliares
530 2241 591 2275 ejus
614 2244 688 2276 sunt.
708 2241 767 2277 Ipsa
789 2242 816 2269 in
838 2243 1006 2278 deportatio-

218 2293 280 2312 ucm
303 2285 355 2312 ibit
374 2285 494 2321 captiva.
511 2284 644 2313 Parvulos
660 2286 747 2321 ipsius
767 2287 826 2314 solo
843 2288 955 2316 allident
977 2289 1005 2316 in

218 2330 324 2356 viarum
339 2328 400 2364 ejus
416 2329 561 2364 capitibus.
580 2339 590 2356 ι
601 2329 669 2358 Nam
683 2334 710 2358 et
726 2331 764 2364 hi,
782 2332 880 2367 inquit.
897 2332 1005 2361 (Ethio-

219 2382 266 2409 pes
282 2378 309 2401 et
329 2373 426 2408 Libes.
450 2377 597 2411 ceterique
616 2384 731 2412 quorum
755 2378 922 2406 mentionem
940 2379 1005 2412 feci.

219 2419 323 2448 hedera
337 2423 428 2449 tecum
453 2421 581 2455 inierant.
596 2430 683 2458 seque
699 2423 748 2450 tibi
771 2423 799 2451 in
819 2424 894 2451 omni
909 2423 1006 2452 bellica

218 2467 383 2494 necessitate
404 2466 548 2496 adfuturos
561 2474 729 2504 receperant.
746 2468 940 2498 Verumtamen
961 2470 1006 2498 ni-

219 2511 257 2538 hil
272 2513 334 2547 opis
348 2512 412 2540 hinc
434 2514 570 2548 retulisti;
586 2514 706 2550 dumque
722 2515 813 2551 fugam
839 2519 1005 2549 maturares,

221 2561 301 2592 capta
316 2566 347 2586 es
361 2558 481 2586 hostium
494 2561 621 2589 manibus
631 2565 658 2589 et
671 2561 808 2596 abducta;
823 2562 870 2597 qui
883 2570 950 2591 sane
970 2570 1004 2590 ne

220 2601 395 2636 parvulorum
405 2603 516 2639 quidem
532 2609 642 2633 tuorum
655 2606 770 2639 miserti.
785 2607 927 2636 exanimes
939 2608 1006 2643 abji-

220 2647 295 2674 cient
318 2648 420 2682 passim
444 2649 472 2676 in
496 2651 635 2686 compitis,
660 2652 737 2679 vario
762 2652 877 2680 caedium
905 2661 1004 2689 genere

219 2696 358 2720 euecatos.
383 2693 497 2722 Constat
516 2700 606 2723 autem
637 2697 680 2725 hic
701 2696 846 2734 Ethiopas
867 2698 922 2727 dici
947 2707 1003 2726 non

220 2737 282 2765 illos
297 2737 376 2773 longe
390 2739 515 2774 dissitos,
527 2740 574 2769 sed
589 2742 635 2777 qui
651 2741 786 2779 (Egyptiis
799 2747 863 2772 sunt
883 2743 1001 2772 finitimi.

275 2818 298 2834 "
308 2817 370 2847 Osc.
389 2826 428 2852 ll,
443 2819 468 2846 6.

1051 2201 1164 2229 γυπτος,
1180 2191 1227 2218 καὶ
1243 2189 1333 2218 οὐκέτι
1350 2189 1437 2225 πέρας
1450 2188 1500 2224 τῆς
1515 2188 1603 2223 φυγῆς
1624 2196 1671 2215 σου
1683 2196 1690 2203 ·
1706 2189 1776 2215 Φοὺτ
1789 2190 1834 2216 καὶ

1052 2240 1150 2271 Λίϐυες
1157 2238 1283 2273 ἐγένοντο
1289 2235 1480 2272 βοηθοὶαύτῆς”
1488 2236 1534 2262 καὶ
1541 2234 1610 2268 αὐτὴ
1618 2235 1658 2266 εἰς
1665 2236 1834 2270 μετοικεσίαν

1053 2286 1213 2323 πορεύσεται
1225 2283 1406 2320 αἰχμάλωτος,
1418 2282 1510 2310 καὶτὰ
1521 2282 1605 2318 νήπια
1614 2282 1701 2317 αὐτῆς
1714 2282 1835 2317 essem-3‘

1053 2342 1096 2360 σιν
1111 2333 1155 2360 ἐπ’
1167 2332 1265 2367 ἀρχαῖς
1278 2330 1332 2357 τῶν
1343 2329 1410 2356 ὁδῶν
1420 2328 1516 2363 αὐτῆς.
1533 2337 1543 2354 ι
1559 2327 1614 2355 Καὶ
1626 2327 1679 2364 γὰρ
1693 2328 1740 2355 καὶ
1751 2325 1833 2361 οὗτοι,

1053 2379 1146 2415 φησὶν,
1173 2376 1299 2409 Αἰθίοπές
1323 2385 1353 2403 τι
1374 2376 1422 2402 καὶ
1448 2374 1547 2406 Λίϐυες
1563 2375 1611 2401 καὶ
1632 2375 1732 2406 πάντες
1752 2374 1785 2410 δὴ
1797 2372 1834 2403 ὧν

1053 2423 1204 2458 πεποίημαι
1227 2422 1347 2458 μνήμην,
1371 2420 1530 2456 συμμαχίαν
1551 2419 1642 2447 ἔθεντο
1660 2419 1727 2456 πρὸς
1756 2420 1787 2447 σὲ
1806 2421 1833 2448 ἐν

1054 2470 1174 2501 ἁπάσαις
1193 2468 1298 2503 βοηθεῖν
1312 2466 1540 2502 ἐπαγγελλόμενοί
1554 2474 1596 2492 σοι
1609 2467 1668 2498 ταῖς
1681 2465 1815 2501 ἀνάγκαις
1825 2474 1831 2482 ·

1053 2515 1192 2551 ὠφέλησαι
1205 2514 1234 2541 δὲ
1250 2513 1310 2540 οὐδὲ
1330 2512 1384 2540 ἀπὸ
1397 2512 1497 2539 τούτων
1511 2512 1597 2544 οὐδὲν,
1619 2512 1684 2548 περὶ
1698 2513 1787 2548 φυγήν
1803 2522 1833 2540 τι

1053 2560 1238 2597 ὰσχολουμὲνη
1262 2560 1308 2586 καὶ
1335 2559 1504 2594 αἰχμάλωτος
1531 2559 1591 2590 ταῖς
1617 2558 1672 2585 τῶν
1698 2559 1833 2594 πολεμίων

1051 2606 1213 2642 ἀπαγομένη
1233 2606 1336 2641 χερσὶν,
1351 2605 1376 2631 οἶ
1398 2604 1458 2631 οὐδὲ
1482 2603 1537 2631 τῶν
1559 2604 1664 2639 νηπίων
1682 2604 1738 2631 τῶν
1760 2605 1832 2640 παρὰ

1051 2652 1094 2680 σοὶ
1107 2651 1190 2687 φειδὼ
1210 2650 1387 2686 ποιησάμενοι
1403 2649 1548 2686 ἐρρίφασιν
1570 2649 1641 2677 αὐτὰ
1658 2650 1743 2685 νεκρὰ
1765 2650 1832 2677 κατὰ

1051 2699 1141 2726 πᾶσαν
1163 2697 1223 2725 ὁδὸν
1242 2695 1422 2732 πολυτρόποις
1440 2695 1620 2728 ὑποϐαλόντες
1640 2698 1764 2732 σφαγαῖς.
1782 2696 1833 2724 Εὖ·-

1049 2743 1129 2780 δηλον
1143 2744 1172 2771 δὲ
1186 2744 1227 2771 ὅτι
1240 2743 1370 2774 Αἰθίοπας
1380 2741 1411 2769 οὐ
1425 2742 1488 2774 τοὺς
1500 2741 1595 2778 πόρῤω
1609 2751 1660 2770 που
1674 2742 1818 2778 ἀπῳκισμί
1830 2759 1832 2762 τ
