1981 3073
142 136 192 165 ιει

633 132 907 167 COMMENTARIUS
920 131 955 159 IN
977 127 1112 160 NAHUMI
1126 131 1204 161 CAP.
1221 131 1265 160 HI.

1707 128 1764 169 ης

138 174 205 227 ⁵νους
217 193 309 230 φησὶν,
321 192 391 221 ἀλλὰ
399 192 462 226 τοὺς
471 193 549 226 ὅσους
558 192 673 229 ὁμόρους
687 192 756 220 εἶναι
771 194 927 220 συνέϐαινεν

986 201 990 218 ι
1007 192 1096 227 Super
1107 192 1238 227 praeclara
1253 199 1367 227 quaeque
1381 191 1442 226 eius
1456 190 1565 219 mittent
1582 193 1681 222 sortes,
1692 169 1762 217 cun—-

142 240 312 275 Αἰγυπτίοις.
333 249 343 266 ι
361 240 417 267 Καὶ
434 239 480 266 ἐπὶ
500 240 589 266 πάντα
610 239 643 266 τὰ
662 238 754 272 ἔνδοξα
779 240 864 274 αὐτῆς
879 238 927 273 βα-

142 285 235 313 λοῦσιν
262 281 398 322 κλήρους.’
415 286 463 313 καὶ
485 285 586 317 πάντες
608 286 633 312 ot
656 286 819 321 μεγιστᾶνες
843 284 928 320 αὐτῆς

142 324 301 368 δεθήσονται
315 331 496 367 χειροπεδαις.
514 341 524 358 ι
539 332 663 359 ’Δπαντα
678 333 726 368 μὲν
739 333 793 367 γὰρ
805 331 839 359 τά
854 332 929 367 παρὰ

143 377 188 404 σοὶ
198 377 278 413 τίμια
289 376 435 413 ἀφελόντες
447 377 472 404 oi
483 377 607 413 πολέμιοι
622 378 790 414 διενείμαντο
805 378 926 414 κλήροις

143 421 191 449 καὶ
206 422 270 454 τοὺς
284 422 357 458 μέγα
374 422 403 449 δὲ
417 422 471 449 τῶν
485 423 515 450 ὲν
529 423 571 450 σοὶ
589 422 718 450 δύνασθαι
734 423 929 459 νομιζομένους

143 467 316 503 χειροπέδαις
326 468 491 504 ἐμϐαλόντες
501 469 548 495 ὲπὶ
563 469 613 505 τὴν
628 469 814 504 αἰχμαλωσίαν
827 468 928 497 εἷλκον.

144 513 183 548 (p.
199 513 273 549 549.)
291 522 300 539 ι
318 513 374 540 Καὶ
394 513 426 540 σὺ
450 513 616 550 μεθυσθήσῃ.
633 524 643 540 ι
664 515 773 550 Ἐπειδὴ
795 515 842 542 τὸν
859 513 929 543 οἶνον

143 558 190 585 ἰπὶ
209 559 343 595 τιμωρίας
365 558 513 594 λαμϐάνειν
534 560 624 593 εἴωθε,
648 560 812 596 βαρυτάτην,
836 561 928 597 φησὶν,

144 604 291 640 ὑπομένεις
301 604 351 640 τὴν
365 606 516 640 τιμωρίανο
535 605 604 633 ὥστε
617 606 694 643 δίκην
710 606 853 642 μεθύοντος
866 607 930 643 τῇδε

144 650 256 677 κάκεῖσε
270 651 489 686 περιαντλεῖσθαι
501 653 557 684 τοῖς
571 654 675 685 κακοῖς.
695 663 705 679 ι
723 653 778 680 Καὶ
791 654 839 690 ἔσῃ
860 662 930 690 παρ-

145 695 300 731 εωραμένη.
322 705 331 722 ι
348 696 433 731 Λόγος
460 696 488 724 δὲ
511 698 599 724 οὐδενὶ
622 698 838 734 γενήσεται.τῶν
860 698 932 726 κατὰ

146 740 187 768 σέ.
204 750 214 767 ε
231 741 288 768 Καὶ
307 742 340 769 σὺ
366 741 495 778 ζητήσεις
523 745 621 779 σεαυτῇ
654 745 747 772 στάσιν
773 745 802 778 ἐξ
827 745 931 781 ἐχθρῶν

147 794 205 814 σου.
223 795 233 812 ι
256 787 450 824 Ἐπιθυμήσεις
469 788 498 816 δέ
510 797 570 816 τινα
590 789 681 817 ἄνεσιν
701 790 755 817 τῶν
773 791 865 818 κακῶν
882 791 931 819 λα-

146 831 214 864 ϐεῖν,
230 832 317 859 ὁπόσα
339 833 372 869 δή
396 842 438 860 σοι
460 834 535 869 παρὰ
557 834 612 861 τῶν
637 835 773 871 πολεμίων
791 836 861 863 κατὰ
885 836 931 864 τὸν

146 862 241 914 καιρὸν
254 878 358 905 ἓκεῖνον
365 862 517 914 επάγεσθάι
531 880 631 915 μέλλει.
650 890 659 907 ι
678 862 770 909 Πάντα,
783 862 818 908 τά
945 862 967 890 Β

148 923 223 958 ματά
235 932 281 950 σου
295 923 333 956 ὼς
348 924 391 951 σύ.
410 934 419 951 ι
434 925 656 962 Καταλυθήσεται
666 926 720 963 γὰρ
731 928 929 964 παραπλησίως

148 976 190 994 σοι
205 968 294 995 πάντα
309 969 394 997 ὁπόσα
413 970 445 1006 δὴ
462 971 529 1006 πρὸς
543 972 692 1006 ἀσφάλειαν
710 973 811 1000 οἰκείαν
832 974 929 1010 πρότε-

147 1022 195 1050 ρον
207 1011 289 1050 εἶχες.
306 1025 315 1041 ι
330 1015 385 1042 Καὶ
401 1017 519 1049 σκοποὺς
537 1017 629 1053 ἔχουσι
643 1018 691 1046 ἐὰν
703 1020 864 1053 σαλευθῶσι,
882 1023 931 1049 κα)⁸

148 1059 294 1087 πεσοῦνται
317 1062 358 1093 είς
384 1061 471 1097 στόμα
494 1062 639 1096 ἐσθίοντος.
659 1074 668 1090 ›
685 1065 808 1101 Πειράσῃ
830 1066 862 1102 δὴ
886 1068 930 1095 διὰ

977 238 1069 272 ctique
1084 238 1229 273 optimates
1243 238 1303 272 ejus
1320 238 1435 266 manicis
1451 233 1616 266 vincientur.
1633 245 1644 263 ι
1663 235 1761 264 Omnia

977 283 1025 311 tibi
1037 284 1156 318 pretiosa
1166 284 1315 318 eripientes
1327 283 1430 316 hostes,
1441 287 1516 312 sorte
1526 285 1599 312 inter
1614 291 1645 312 se
1656 283 1761 311 divise-

978 332 1053 361 runt,
1071 332 1242 364 cunctosque
1261 329 1310 364 qui
1326 329 1398 364 apud
1417 334 1444 357 te
1462 334 1603 365 potentatu
1622 329 1762 365 pollebant

978 376 1094 404 manicis
1108 375 1218 410 injectis
1238 376 1265 403 in
1277 375 1462 411 captivitatem
1481 374 1760 404 abduxeruntuEtln

979 422 1257 455 inebriaberianuia
1268 422 1333 449 vino
1339 420 1494 456 significare
1504 422 1674 456 punitionem
1690 421 1764 448 Seria

979 472 1058 503 plura
1069 468 1149 500 solet,
1158 467 1347 503 gravissimam
1357 467 1395 494 illi
1405 466 1581 493 aitinl‘lictum
1592 466 1626 494 iri
1639 474 1760 502 partam,

979 518 1009 542 ut
1020 514 1088 542 ebrii
1110 515 1198 541 instar
1214 513 1279 541 hinc
1303 513 1366 541 inde
1386 514 1519 541 obruatur
1538 512 1760 542 adv'ersitatibus.

982 569 991 586 ι
1008 559 1040 587 Et
1051 559 1224 595 despicieris.
1241 569 1250 586 ι
1266 558 1344 586 Nulla
1357 560 1397 586 tui
1412 559 1482 586 ratio
1494 559 1650 586 habebitur.
1662 569 1672 585 ι
1687 559 1719 586 Et
1731 564 1761 586 tu

979 612 1085 640 quaeres
1097 605 1146 632 tibi
1158 605 1280 640 requiem
1294 605 1329 632 ab
1341 604 1459 632 inimicis
1470 605 1533 632 tuis.
1542 603 1674 639 iOptabis
1689 604 1763 631 leva-

979 651 1052 678 mine
1062 651 1154 686 aliquo
1164 651 1298 678 malorum
1311 650 1403 686 potiri,
1418 658 1478 686 quin
1487 650 1537 677 tibi
1549 658 1582 678 eo
1597 653 1717 684 tempore
1729 650 1763 676 ab

980 695 1106 723 hostibus
1120 696 1175 723 tuis
1187 695 1322 723 accident.
1337 703 1349 720 ι
1366 695 1466 722 Omnes
1479 695 1646 721 munitiones
1659 698 1712 721 tua;
1724 693 1765 720 si-

982 746 1030 768 cut
1047 746 1086 769 tu.
1109 751 1118 767 »
1137 740 1225 776 Eque
1249 748 1282 768 ac
1306 745 1334 768 tu
1354 744 1485 768 corruent
1506 740 1598 767 omnia
1620 747 1682 775 qua:
1697 739 1764 767 olim

980 790 1073 817 tutelae
1089 793 1143 816 tua:
1163 788 1251 823 gratia
1267 787 1390 815 tenebas.
1414 796 1423 813 ι
1441 786 1554 814 Etiamsi
1577 786 1765 821 speculatores

980 835 1091 867 habent,
1106 833 1286 861 nihilominus
1295 836 1430 868 quassata
1437 836 1566 860 corrucnt
1578 832 1606 859 in
1620 839 1655 859 os
1662 839 1764 859 voran-

982 882 1026 909 tis.
1048 891 1057 908 ι
1077 881 1227 908 Conaberis
1238 880 1347 915 quidem
1357 879 1451 906 multis
1465 878 1685 913 exploratoribus
1694 885 1765 905 ven-

981 933 1043 956 tura
1060 934 1239 963 praenoscere,
1255 926 1349 954 statim
1371 933 1402 953 ac
1417 925 1643 961 propinquantem
1659 923 1764 952 hostem

982 973 1185 1007 audieris,_sed
1199 977 1290 1000 tamen
1313 972 1456 1000 custodum
1473 971 1566 998 nullus
1583 970 1691 997 fructus
1701 971 1765 1000 erit.

983 1028 1101 1055 namque
1113 1020 1147 1047 ab
1158 1019 1300 1054 imperatis
1315 1018 1482 1046 stationibus
1496 1016 1594 1052 deiecti
1606 1016 1635 1043 in
1645 1016 1765 1044 hostium

982 1071 1142 1102 potestatem
1156 1065 1287 1092 incident.

148 1105 254 1133 πολλῶν
269 1106 435 1134 ἀποσκοπεῖν
447 1108 481 1135 τὰ
502 1109 630 1144 ἐσόμενα,
655 1111 739 1138 ἔπειθ’
773 1112 806 1139 ἂν
825 1114 876 1148 τῆς
897 1113 1049 1150 παρουσίας
1071 1112 1125 1139 τῶν
1150 1111 1286 1147 πολεμίων
1310 1110 1374 1145 δέξῃ
1402 1110 1450 1145 τὴν
1477 1109 1578 1144 ἀκοήν·
1605 1109 1630 1135 ot
1651 1107 1680 1134 δὲ
1702 1107 1766 1142 ὀνή-

149 1154 226 1181 σουσί
242 1162 272 1180 σε
288 1154 364 1182 οὐδέν
375 1164 382 1172 ·
398 1155 580 1191 ἐκτραπέντες
594 1157 648 1194 γὰρ
663 1158 718 1186 τῶν
730 1160 930 1196 ἐντεταλμένων
944 1161 1088 1188 πεσοῦνται
1102 1159 1153 1186 ὑπὸ
1163 1160 1220 1191 τοῖς
1234 1157 1382 1194 πολεμίοις.

185 1242 260 1279 Στίχ.
278 1247 375 1279 ιγ’-ις’.
397 1254 406 1271 ι
430 1245 495 1272 Ἰδοὺ
511 1245 575 1279 λαός
587 1254 634 1273 σου
647 1246 686 1278 ὡς
698 1248 826 1282 γυναῖκες
837 1248 867 1275 ὲν
883 1248 935 1274 σοί·

148 1289 207 1320 τοῖς
233 1288 338 1326 ἱχθροίς
362 1298 409 1317 σου
428 1291 600 1327 ἀνοιγόμεναι
625 1292 829 1328 άνοιχθήσονται
855 1292 937 1320 πύλαι

149 1333 200 1370 τῆς
211 1335 262 1372 τῆς
273 1343 330 1369 σου,
340 1336 386 1363 καὶ
394 1337 578 1372 καταφάγεται
592 1337 648 1373 πῦρ
658 1339 719 1369 τοὺς
732 1338 845 1373 μοχλούς
858 1346 914 1365 σου.
925 1347 935 1364 ι

150 1381 254 1414 Πάντες
274 1390 331 1414 σου,
352 1383 443 1418 φησιν,
470 1383 495 1409 ot
512 1383 583 1410 κατὰ
598 1383 646 1419 τὴν
661 1384 738 1412 πόλιν
762 1385 877 1420 ὑπήκοοι
890 1393 939 1419 γυ-

150 1426 252 1454 ναικῶν
273 1427 350 1463 δίκην
378 1429 408 1454 ἐν
431 1429 570 1463 ὀλολυγαῖς
599 1430 757 1465 γενήσονται
786 1430 832 1457 καὶ
864 1430 933 1457 δέει·

149 1473 235 1500 suam
256 1472 290 1500 ἄν
305 1472 355 1505 τὰς
374 1473 424 1509 μὲν
445 1473 531 1506 πύλας
547 1474 599 1501 ὑπὸ
615 1474 669 1501 τῶν
686 1475 822 1510 πολεμίων
846 1475 936 1502 ἴδωσιν

150 1518 321 1553 ἅνοιγεισσςι
345 1518 552 1555 κεκρατημένην
572 1519 600 1545 δὲ
623 1519 669 1545 ὑπ’
686 1519 773 1546 αὐτῶν
795 1519 844 1555 τὴν
860 1519 937 1546 πόλιν

151 1563 243 1598 πάσης
257 1563 307 1598 τῆς
321 1563 450 1599 πρότερον
463 1565 531 1600 αὐτῇ
545 1563 674 1600 δοκούσης
690 1563 838 1599 ἀσφαλείας
851 1573 937 1600 προσ-

151 1608 221 1635 εῖναι
243 1608 281 1640 ὡς
306 1608 358 1634 ὑπὸ
383 1608 468 1644 πυρὸς
491 1608 587 1643 ἁθρόον
604 1608 798 1644 άναλωθείσης.
817 1609 855 1645 (p.
873 1608 936 1644 550)

154 1663 166 1680 ι
292 1639 585 1690 περιοχῆς-ἐπίσπασαι
605 1657 715 1690 σεαυτῇ.
736 1639 783 1682 κάλ
797 1639 936 1691 natude
950 1639 971 1669 ϐ

151 1708 235 1736 nam
248 1700 302 1727 τῶν
314 1699 497 1736 ὀχυρωμάτων
515 1708 572 1728 σου.
590 1710 599 1726 ι
613 1701 722 1732 Πολλοῖς
734 1701 794 1731 ἔθος
806 1701 864 1728 ἐστὶ
885 1701 937 1737 πρὸ

152 1746 207 1774 τῶν
224 1746 321 1782 τειχῶν
333 1747 450 1782 τάφρους
464 1746 626 1782 ἐργάζεσθαι
644 1746 784 1782 μεγίστας,
800 1747 846 1773 καὶ
869 1746 938 1782 πλη-

154 1790 219 1826 ροῦν
235 1791 336 1822 ταύτας
348 1790 453 1823 ὓδατος,
466 1791 504 1823 ὡς
518 1791 555 1828 μὴ
571 1791 663 1827 ῥᾳδίαν
679 1792 725 1818 ἐπὶ
737 1791 771 1818 τά
793 1791 870 1827 τείχη
883 1792 938 1824 τοῖς

153 1834 293 1871 πολεμίοις
313 1832 382 1862 εἶναι
400 1835 449 1871 τὴν
465 1834 598 1862 διάὸασιν.
614 1836 699 1862 Τοῦτο
716 1834 762 1863 οὖν
779 1835 853 1870 λέγει
874 1836 938 1862 κάν-

153 1879 256 1907 ταῦθαο
273 1880 325 1912 ὅτι,
339 1880 501 1915 Ἑφέλκυσαι
515 1880 564 1917 τὴν
583 1882 615 1908 ὲκ
629 1880 676 1908 τοῦ
691 1881 786 1913 ὓδατος
801 1881 938 1917 βοήθειαν,

154 1927 204 1954 καὶ
215 1926 345 1963 περίὸαλε
357 1927 444 1962 τούτῳ
454 1926 485 1954 τὸ
496 1928 583 1963 τεῖχος
597 1927 627 1954 τὸ
643 1928 752 1959 οἰκεῖον,
769 1928 816 1954 καὶ
830 1927 939 1954 πάντων

154 1972 210 2000 τῶν
234 1972 275 2004 εἰς
298 1972 449 2008 ἀσφάλειάν
474 1981 515 2000 σοι
536 1973 753 2000 κατεσκευάσθαι
778 1973 939 2006 δοκούντων,

155 2017 255 2054 πολλὴν
268 2018 379 2055 ποίησαι
396 2018 445 2055 τὴν
464 2018 632 2053 ἐπιμέλειαν,
646 2018 672 2044 εί
687 2018 738 2045 πού
752 2026 779 2044 τι
792 2018 824 2045 ὲκ
838 2017 940 2046 τούτων

155 2062 252 2098 δφελος
275 2062 374 2097 δέξαιο.
395 2064 476 2098 Λέγει
498 2063 527 2090 δὲ
546 2063 615 2090 αὑτά
629 2062 778 2099 εἰρωνικῶς
793 2063 939 2100 διασύρων,

155 2107 196 2140 ὡς
219 2108 306 2136 οὐδενὶ
325 2108 479 2144 βοηθεῖσθαι
503 2110 564 2135 κατ’
578 2109 680 2135 ἐκεῖνον
694 2109 738 2136 τὸν
762 2110 856 2145 καιρὸν
877 2110 941 2137 οἵων

156 2163 187 2181 τε
206 2154 300 2182 ὄντων.
322 2154 435 2189 Ἐπάγει
449 2154 531 2189 γοῦν·
557 2164 566 2180 ι
591 2155 710 2190 Ἐμὸηοι
723 2156 763 2187 εἰς
778 2155 873 2191 πηλὸν,
895 2156 942 2182 καὶ

158 2200 349 2236 συμπατήθητι
364 2201 394 2228 ὲν
409 2201 520 2237 ἀχύροις
530 2210 537 2217 ·
554 2201 761 2236 κατακράτησον
775 2202 845 2238 ὑπὲρ
865 2202 942 2228 πλίν-

157 2247 223 2274 θον·
240 2247 300 2274 ἐκεῖ
312 2246 501 2281 καταφάγεταί
520 2255 548 2273 σε
565 2246 630 2282 πῦρ,
646 2246 829 2282 ὲξολοθρεύσει
846 2256 876 2274 σε
891 2247 942 2283 μά-

1019 1248 1102 1277 Vsas.
1122 1248 1223 1276 15-16.
1241 1261 1277 1267 —
1299 1246 1387 1273 tEcce
1404 1246 1520 1281 populus
1549 1249 1616 1273 tuus
1634 1248 1766 1279 tanquam

984 1294 1092 1323 feminae
1101 1294 1172 1329 apud
1185 1297 1221 1320 te.
1239 1292 1368 1320 Hostibus
1384 1292 1438 1318 tuis
1455 1291 1581 1326 pateﬁent
1594 1289 1769 1325 pontem

985 1339 1104 1374 regionis
1121 1343 1189 1371 tuae;
1215 1337 1287 1371 ignis
1314 1336 1413 1363 aduret
1435 1340 1527 1364 vectes
1543 1339 1618 1362 tuos.
1631 1344 1641 1360 ι
1666 1334 1768 1362 Omnes

985 1385 1032 1421 qui
1044 1384 1119 1412 dicto
1138 1387 1186 1410 tuo
1208 1381 1435 1416 obtemperabant
1451 1388 1499 1416 per
1515 1380 1610 1408 urbem
1627 1381 1713 1410 cives,
1729 1379 1770 1406 te-

985 1431 1122 1458 minarum
1146 1430 1202 1458 ritu
1224 1429 1375 1456 ululatibus
1388 1427 1568 1463 indulgebant
1581 1430 1663 1462 atque
1674 1426 1769 1453 formi—

975 1469 1055 1507 Idini,
1079 1475 1171 1503 statim
1193 1482 1225 1501 ac
1246 1478 1340 1508 portas
1356 1472 1481 1500 hostibus
1502 1476 1626 1507 patentes
1639 1471 1770 1505 viderint,

987 1525 1149 1556 captamque
1165 1520 1256 1547 abhis
1274 1519 1380 1550 urbem,
1404 1519 1482 1552 cujus
1502 1521 1580 1545 vetus
1603 1517 1693 1545 omnis
1710 1525 1771 1543 mu-

987 1566 1056 1592 nitio
1070 1570 1199 1600 tanquam
1222 1565 1284 1600 igne
1307 1564 1400 1592 subito
1413 1567 1567 1591 evanescet.
1584 1572 1594 1588 ι
1604 1563 1707 1597 Aquam
1721 1562 1772 1589 ob-

987 1611 1103 1639 sidionis
1126 1610 1233 1638 attrahe
1258 1610 1318 1642 tibi,
1342 1610 1435 1637 obtine
1460 1609 1664 1644 propugnacula
1689 1612 1768 1635 tua.»

989 1657 1135 1685 Multorum
1156 1664 1217 1684 mos
1231 1660 1273 1684 est
1296 1663 1352 1691 prae
1367 1655 1503 1683 mtenibus
1521 1655 1612 1682 foveas
1638 1655 1772 1682 maximas

987 1703 1105 1731 eﬂ'odere
1128 1709 1229 1737 easque
1249 1701 1329 1736 aquis
1350 1700 1496 1735 complere.
1520 1708 1554 1727 ne
1572 1700 1607 1727 sit
1628 1700 1772 1735 expeditus

987 1748 1112 1776 hostibus
1127 1747 1160 1775 ad
1177 1746 1277 1774 mrenia
1295 1753 1434 1773 accessus.
1457 1745 1484 1773 Id
1502 1746 1595 1780 utique
1618 1753 1692 1773 nunc
1715 1746 1770 1772 ait:

987 1793 1051 1821 Pete
1067 1794 1101 1820 ab
1123 1800 1193 1827 aqua
1210 1792 1378 1827 praesidium.
1397 1796 1478 1826 atque
1494 1791 1546 1818 hac
1563 1790 1702 1818 circumda
1714 1798 1773 1817 mu-
1788 1804 1791 1807 -

988 1848 1047 1867 rum
1062 1843 1156 1870 tuum;
1174 1838 1294 1872 nihilque
1311 1845 1406 1864 eorum
1422 1837 1598 1872 praetermitte
1610 1844 1671 1870 qua:
1680 1836 1773 1863 tutelae

988 1886 1119 1920 prodesse
1131 1884 1274 1915 videntur;
1290 1883 1313 1910 si
1327 1882 1398 1910 forte
1413 1882 1476 1910 hinc
1497 1881 1602 1916 aliquid
1619 1881 1678 1916 opis
1692 1881 1774 1915 impe-

988 1934 1164 1964 trarequeas.
1179 1928 1311 1963 Loquitur
1327 1934 1392 1954 vero
1409 1926 1513 1953 ironice
1538 1930 1565 1953 et
1587 1926 1773 1957 subsannans.

989 1976 1117 2010 quoniam
1132 1975 1189 2002 bare
1204 1974 1272 2000 nulli
1289 1973 1352 2000 usui
1362 1980 1409 2007 per
1424 1972 1449 1999 id
1459 1976 1567 2007 tempus
1581 1970 1673 1998 futura
1682 1976 1770 1998 erant.

990 2021 1060 2057 Ergo
1075 2020 1150 2047 addit
1166 2030 1172 2047 :
1194 2019 1357 2054 «ingredere
1382 2018 1481 2049 lutum,
1500 2018 1663 2045 conculcare
1680 2017 1708 2044 in
1726 2024 1774 2052 pa-

990 2067 1050 2098 leis,
1067 2066 1196 2093 roborare
1212 2073 1294 2099 super
1306 2065 1416 2091 laterem
1429 2072 1435 2090 :
1447 2064 1484 2090 ibi
1497 2061 1773 2095 vorabittellamma,

992 2113 1086 2148 perdet
1102 2116 1128 2139 te
1142 2111 1259 2147 gladius,
1276 2110 1401 2138 comedet
1413 2114 1438 2137 te
1452 2109 1532 2144 quasi
1545 2109 1664 2139 locusta.
1675 2104 1775 2143 gravaé

993 2161 1066 2189 beris
1083 2164 1112 2187 ut
1126 2159 1260 2187 bruchus.
1279 2157 1466 2192 Multiplieasti
1488 2156 1689 2192 negotiationes
1713 2159 1775 2187 tuas

992 2214 1074 2241 super
1098 2209 1172 2233 astra
1196 2205 1270 2232 cmli.
1290 2214 1299 2230 ι
1319 2203 1514 2231 Verumtamen
1542 2201 1617 2229 nulla
1642 2207 1707 2228 tunc
1726 2202 1775 2228 tibi

993 2253 1025 2280 ad
1044 2252 1158 2280 salutem
1176 2250 1342 2278 machinatio
1359 2249 1496 2285 proderit;
1522 2249 1577 2276 imo
1591 2247 1674 2275 veluti
1691 2247 1717 2275 in
1733 2247 1776 2274 lu-

156 2301 257 2329 χαιρα·
275 2293 323 2320 καὶ
341 2293 529 2327 καταφάγεταί
550 2301 580 2319 σε
603 2293 640 2324 ὡς
662 2292 754 2328 άκρὶς,
776 2293 824 2320 καὶ
841 2292 937 2328 βαρυν-

993 2298 1093 2326 tumin
1115 2297 1249 2324 malorum
1268 2296 1428 2323 barathrum
1446 2295 1564 2326 inrides,
1589 2298 1616 2322 et
1639 2294 1776 2329 palearum

157 2338 230 2375 θήσῃ
243 2337 281 2370 ὡς
295 2337 408 2374 βροῦχος
417 2345 424 2353 ·
436 2337 588 2373 ἑπλήθυνας
605 2337 739 2373 ἐμπορίας
752 2345 798 2364 σου
820 2338 890 2372 ὑπὲρ
911 2337 945 2364 τὰ

157 2384 246 2420 ἄστρα
269 2383 317 2411 τοῦ
339 2383 465 2420 οὐρανοῦ.
487 2394 496 2410 ι
522 2383 592 2410 Ἀλλ’
613 2383 688 2410 οὐδὲν
712 2383 788 2410 ἐσται
812 2392 853 2410 σοι
878 2384 946 2419 πρὸς

158 2431 297 2467 σωτηρίαν
331 2429 482 2466 μηχάνημα
513 2431 590 2457 τότε·
622 2429 777 2456 τούναντίον
812 2430 861 2465 μὲν
888 2428 944 2462 οὖν,

157 2476 254 2512 ὥσπερ
283 2476 324 2508 εῑς
346 2484 407 2503 τινα
432 2475 518 2511 πηλὸν
541 2475 665 2511 ἐμπέσῃ,
689 2475 719 2501 τὸ
743 2475 858 2510 μέγεθος
890 2475 946 2502 τῶν

158 2522 264 2556 κακῶν,
278 2522 357 2559 δίκην
372 2521 481 2557 ἀχύρων
494 2521 523 2548 ὲν
536 2522 642 2556 ποιήσει
655 2520 773 2547 πλίνθων
786 2529 943 2555 συμπατου-

159 2570 250 2612 pluo
261 2578 292 2610 τε
305 2568 354 2608 καὶ
370 2568 634 2612 Δσυναναφυρομένων
657 2568 696 2604 τῷ
717 2568 795 2604 πηλῷ
817 2570 846 2595 ἐν
861 2569 945 2596 ἅπασι

156 2610 215 2652 τοῖς
230 2611 292 2647 imi
310 2610 567 2656 ᾠυρόμενοςκακοῖς
581 2611 628 2644 καὶ
640 2616 736 2649 αὑτός·
750 2616 881 2644 ἀναλώσει
898 2617 947 2653 μὲν

157 2668 214 2703 γάρ
238 2676 269 2694 σι
292 2667 372 2703 δίκην
397 2665 482 2702 πυρὸς
505 2667 519 2692 ὁ
546 2664 693 2700 mltum;-
724 2664 897 2701 άφανισθήσῃ
918 2664 947 2691 δε

986 2343 1081 2384 instar
1094 2349 1165 2377 quat,
1184 2350 1246 2369 cum
1263 2342 1362 2369 lateres
1386 2340 1581 2371 conﬁciuntur.
1607 2340 1777 2367 conculcan-

993 2393 1039 2416 tur
1053 2391 1080 2415 et
1094 2388 1153 2415 luto
1168 2388 1369 2419 immiscentur.
1393 2387 1531 2414 omnibus
1544 2386 1617 2413 illius
1646 2386 1778 2419 temporis

992 2436 1072 2463 malis
1092 2441 1119 2462 et
1134 2436 1192 2470 ipse
1209 2434 1442 2462 commisceberis.
1465 2433 1571 2468 Quippe
1598 2433 1669 2467 ignis
1692 2432 1779 2458 instar

993 2482 1119 2509 absumet
1133 2484 1160 2507 te
1174 2480 1278 2512 hostis;
1299 2478 1419 2506 caedibus
1435 2478 1519 2505 variis
1540 2477 1640 2511 peribis
1656 2485 1664 2504 :
1680 2476 1777 2503 bruchi

995 2531 1024 2555 et
1038 2527 1151 2553 locustae
1166 2532 1241 2552 more
1263 2523 1437 2559 superveniet
1457 2523 1505 2550 tibi
1528 2522 1647 2549 hostium
1669 2529 1777 2557 agmen,

999 2574 1046 2609 qui
1064 2576 1090 2600 te
1100 2575 1271 2602 consument,
1291 2569 1474 2603 acerbumque
1494 2568 1542 2595 tibi
1557 2568 1691 2595 malorum
1716 2575 1780 2595 sen-

1000 2626 1060 2646 sum
1078 2617 1198 2645 ei'ticient
1212 2625 1218 2643 :
1231 2615 1326 2643 otiosa:
1343 2614 1393 2642 tibi
1409 2617 1490 2641 erunt
1500 2620 1566 2648 opes
1583 2613 1645 2645 illae,
1662 2619 1778 2647 quarum

1000 2670 1143 2691 numerum
1156 2661 1243 2690 stellis
1255 2660 1413 2688 ccelestibus
1427 2666 1520 2694 parem
1536 2666 1725 2694 congesseras.

159 2722 280 2749 σφαγαις
304 2711 456 2743 ποικίλαις·
481 2711 595 2748 βρούχου
615 2719 646 2737 τε
672 2710 719 2737 καὶ
744 2710 854 2746 άκρίδος
878 2711 956 2745 δίκην
973 2708 1147 2736 ὲπελεύσεταί
1173 2717 1214 2735 σοι
1235 2708 1289 2734 τῶν
1313 2706 1451 2741 πολεμίων
1469 2706 1499 2731 τὺ
1517 2705 1628 2740 πλῆθος.
1655 2705 1693 2739 (p.
1717 2703 1780 2736 551)

158 2758 404 2800 summm;
427 2766 456 2784 σε
478 2758 526 2785 καὶ
566 2757 678 2793 βαρεῖαν
707 2756 915 2792 ἐξεργαζόμενοι
934 2765 975 2783 σοι
999 2756 1054 2783 τῶν
1079 2755 1170 2782 κακῶν
1194 2754 1378 2790 τὴνηπεῖραν·
1407 2752 1546 2786 ἄπρακτος
1563 2751 1592 2778 δέ
1618 2759 1659 2778 σοι
1686 2751 1743 2792 πᾶς.
1766 2750 1782 2776 6

159 2807 276 2839 πλοῦτος
300 2807 404 2838 εκεῖνος
419 2806 572 2841 γενήσεται,
600 2805 629 2833 δν
656 2804 798 2836 συνέλεξας
823 2804 943 2840 ὡσπερεὶ
958 2806 1014 2836 τοῖς
1028 2804 1137 2839 ἄστροις
1154 2800 1403 2838 ἁμιλλώμενοςτοῦ
1418 2799 1541 2835 οὐρανοῦ.
