1981 3073
108 157 155 183 ιῖἷς

578 157 850 186 COMMENTARIUS
868 156 901 184 IN
922 156 1091 184 llABACUCl
1112 158 1187 186 CAP.
1211 159 1231 185 Ι.

1672 161 1723 189 126

111 217 224 253 φοὸερὰν
241 217 348 253 εκείνην
359 218 404 245 διὰ
417 217 465 245 τοῦ
484 218 599 252 ἀγγέλου
613 219 718 254 πληγὴν
731 218 888 253 δεξαμένου,

951 217 1014 244 llam
1031 217 1064 244 ab
1076 217 1173 251 angelo
1181 217 1285 244 cladem
1301 223 1455 253 acceperat,
1468 220 1616 255 multaque,
1631 224 1660 247 ut
1675 229 1725 256 par

111 262 176 297 μετὰ
189 262 289 297 πολλῆς
301 263 338 295 ὠς
350 263 423 295 είκδς
437 263 561 290 ἐντεῦθεν
575 264 623 298 τῆς
638 263 748 298 ἀτιμίας
764 263 892 298 ὑποστρέ-

109 307 204 340 ψαντος
223 309 263 338 είς
278 308 312 334 τὰ
332 309 435 338 οἰκεῖα,
459 309 474 334 ὁ
496 309 630 343 μακάριος
655 308 813 343 ’Ᾱμϐακοὺμ
834 308 889 343 (Π)

109 353 152 379 ἐπὶ
175 354 224 388 τῆς
245 354 373 385 ἰουδαίας
386 354 436 389 τὴν
457 355 625 390 προφητείαν
647 355 762 380 ποιεῖται
778 354 890 389 ταύτην,

109 401 145 430 εἰς
159 399 206 425 δύο
222 399 340 434 μερίζων
364 400 410 426 τὸν
427 400 514 434 λόγον,
535 401 575 431 εἴς
600 409 629 427 τε
640 400 690 436 τὴν
703 400 820 427 αίτίασιν
837 399 892 426 τῶν

108 445 136 470 ἐν
150 445 189 479 τῷ
202 445 259 479 λαῷ
274 445 487 472 δυναστευόντων
508 454 535 472 τε
557 447 604 473 καὶ
617 447 772 481 κρινόντων,
787 446 811 472 οἳ
826 445 886 472 πολ-

109 491 164 521 λαῖς
177 491 223 517 καὶ
238 491 375 525 διαφόροις
389 491 588 526 ταλαιπωρίαις
604 492 666 523 τοὺς
679 492 798 526 πένητας
813 499 892 527 περι-

108 535 227 568 deum“,
242 535 312 571 ὑπὲρ
325 533 364 564 ὧν
379 536 411 572 δὴ
428 536 545 571 μάλιστα
560 536 761 572 ἐπαχθής-εσθαι
771 537 806 563 τὰ
816 536 892 572 παρὰ

107 580 158 608 τῶν
175 582 354 608 Βαευλωνίων
377 583 468 613 αὐτοῖς
486 582 650 617 μνημονεύει
667 582 741 608 κακά
752 590 758 596 ·
784 581 832 608 καὶ
853 582 893 613 εἰς

108 626 154 660 τὴν
175 627 267 653 αὐτῶν
289 626 343 653 τῶν
359 627 536 653 Βαϐυλωνίων
551 627 718 662 κατηγορίαν
735 627 774 658 ὡς
789 635 892 662 κεκρα-

108 672 228 706 τηκότων
254 673 304 707 μὲν
320 673 369 706 τῆς
389 672 576 708 Ἰερουσαλὴμ,
600 673 650 699 οὐκ
671 673 712 704 εις
732 673 790 699 δέον
810 672 839 699 δὲ
854 671 893 707 τῷ

107 717 201 752 κράτει
227 718 407 753 χρησαμένων
421 737 428 749 ,
456 717 557 753 πολλὴν
580 717 608 744 δὲ
630 717 680 753 τὴν
695 717 827 753 ἀμετρίαν
844 718 893 752 τῆς

108 762 247 798 ὠμότητος
272 764 332 789 κατ’
347 763 436 789 αὐτῶν
452 763 675 798 ὲπιδεδειγμένων
688 772 696 779 ·
721 763 790 799 ὑπὲρ
806 760 844 790 ὧν
861 763 893 798 δὴ

108 807 153 833 καὶ
163 807 274 838 τούτους
287 806 526 842 τιμωρηθήσεσθαι
539 807 623 841 λέγει’
637 807 708 834 ὥστε
722 807 793 834 κατά
803 816 834 841 γε
845 807 893 843 τὴν

108 852 237 887 διαίρεσιν
258 852 359 887 ταύτην
382 853 497 879 ἑοικέναι
524 852 563 888 τῷ
584 853 670 888 ὲνάτῳ
684 852 786 888 ψαλμῷ
806 853 894 880 δοκεῖν

107 898 190 924 αὐτοῦ
204 898 253 933 τὴν
270 898 448 933 προφητείαν,
469 898 498 930 ὃς
520 899 578 925 ἐστὶ
605 899 655 934 μὲν
678 897 718 931 εἷς
731 899 770 934 τῷ
785 899 894 935 ἀριθμῷ

107 944 153 969 ἐπὶ
178 943 228 978 τῆς
254 944 414 979 Ἑλληνικῆς
435 946 632 979 ὲκφωνήσεως,
653 944 700 971 δύο
725 945 754 971 δὲ
777 946 823 971 ἐπὶ
845 946 894 980 τῆς

114 989 246 1022 Ἱέϐραίων
277 988 399 1023 γλώττης
412 1008 418 1019 ,
446 989 514 1015 ίδίαν
539 989 668 1024 ἑκατέρου
694 990 744 1025 τὴν
768 990 894 1016 ὑπόθεσιν

107 1033 224 1068 ἔχοντος·
240 1034 276 1065 ὡς
293 1034 340 1060 τοῦ
365 1034 415 1069 μὲν
437 1034 570 1070 προτέρου
592 1034 678 1070 ἀρχὴν
701 1035 750 1070 μὲν
769 1034 836 1061 εἶναι
852 1035 892 1066 τὸ,

112 1089 120 1102 ι
140 1079 387 1114 Ὲξομολογήσομαί
409 1089 466 1112 σοι,
487 1080 589 1115 Κύριε,
607 1081 636 1106 ὲν
650 1080 699 1116 ὅλῃ
717 1081 815 1116 καρδίᾳ
832 1089 893 1115 μου,

106 1125 271 1159 διηγήσομαι
286 1125 375 1152 πάντα
386 1125 420 1151 τὰ
433 1126 574 1160 Θαυμάσιά
587 1134 632 1152 σου
642 1135 653 1149 ·.
667 1136 676 1152 ι
700 1126 786 1162 πέρας
803 1126 830 1152 δὲ
852 1126 893 1158 τδ,

108 1178 121 1195 1
137 1170 323 1205 Κατὰστησον,
344 1171 439 1206 Κύριε,
463 1171 611 1206 νομοθέτην
629 1172 731 1203 αὐτοῖς,
747 1171 894 1206 γνώτωσαν

109 1214 171 1248 ἔθνη
187 1215 226 1240 ᾶτι
240 1214 376 1250 ἄνθρωποί
391 1216 453 1242 εισι.
469 1225 478 1241 ι
495 1215 548 1241 Τοῦ
563 1215 689 1251 δευτέρου
702 1216 729 1241 δὲ
743 1215 828 1251 ἀρχὴν
846 1216 895 1250 μὲν

108 1259 148 1290 τὸ,
166 1269 176 1285 ι
192 1259 249 1286 Ἰνα
263 1261 300 1291 τί,
321 1261 418 1296 Κύριε,
440 1261 598 1296 ἀφέστηκας
612 1262 763 1296 μακρόθεν;
779 1263 818 1296 (p.
830 1262 893 1295 554)

109 1306 246 1340 ὑπερορᾷς
261 1307 290 1332 ὲν
303 1305 464 1341 εὐκαιρίαις,
482 1308 510 1332 ὲν
521 1305 639 1341 θλίψεως
653 1317 662 1332 ι
674 1307 749 1338 τέλος
764 1307 802 1338 δὲ,
817 1317 827 1332 ί
839 1308 894 1343 Τὴν

108 1351 266 1386 ἑτοιμασίαν
281 1351 330 1386 τῆς
348 1351 461 1386 καρδίας
474 1351 563 1378 αὐτῶν
584 1352 718 1388 προσέσχε
732 1353 762 1378 τὸ
775 1351 822 1384 οὖς
836 1362 893 1385 σου,

109 1396 200 1430 ιρίναι
214 1396 325 1431 ὀρφανῷ
339 1397 385 1423 καὶ
406 1396 534 1431 ταπεινῷ,
549 1397 592 1423 ἵνα
613 1398 650 1433 μὴ
671 1398 774 1433 προσθῇ
792 1398 831 1424 ἔτι
847 1398 894 1425 τοῦ

111 1441 293 1476 μεγαλαυχεῖν
308 1441 449 1476 ἄνθρωπος
464 1443 510 1468 ἐπὶ
524 1442 573 1477 τῆς
589 1443 649 1477 γῆς.
670 1453 678 1468 ι
700 1443 808 1469 Τούτων
823 1443 852 1470 δὲ
866 1444 895 1470 ἐν

111 1486 159 1512 αὲν
172 1488 229 1517 τοῖς
241 1487 383 1522 προτέροις
395 1488 458 1519 τοὺς
473 1487 628 1523 ἀλλοτρίους
640 1489 770 1520 αἰτιᾶται,
784 1489 854 1522 λέγω
866 1489 895 1515 δὲ

941 265 1010 294 erat,
1028 269 1090 289 cum
1118 262 1264 296 ignominia
1292 262 1367 291 illinc
1391 263 1419 290 in
1442 265 1556 298 patriam
1582 271 1726 300 regressus

942 307 1046 338 fuerat;
1077 308 1173 335 beatus
1197 306 1360 335 Habacucus
1386 309 1438 335 hoc
1461 309 1547 336 edidit
1571 311 1605 337 de
1629 310 1724 338 Iudaea

942 352 1113 386 vaticinium,
1127 352 1216 379 diviso
1229 352 1255 378 in
1267 357 1357 387 partes
1369 353 1437 381 duas
1448 362 1591 387 sermone;
1607 363 1724 390 quarum

942 400 1034 434 priore
1059 399 1198 433 principes
1225 397 1387 433 iudicesque
1419 399 1537 431 incusat,
1563 401 1608 435 qui
1631 401 1725 428 multis

943 444 1083 478 variisque
1095 444 1224 471 aerumnis
1235 451 1368 478 pauperes
1380 444 1585 479 implicuerant;
1596 453 1676 480 quam
1689 446 1725 473 ob

943 496 1000 516 rem
1027 488 1164 524 praecipue
1193 493 1323 516 eventura
1351 489 1405 516 illis
1434 497 1449 516 a
1473 489 1627 525 Babyloniis
1653 492 1725 517 mala

943 538 1076 561 memorat
1095 544 1101 560 :
1118 535 1203 561 altera
1231 541 1295 561 vero
1326 541 1390 569 pars
1418 534 1628 570 Babyloniorum
1656 536 1727 571 ipso-

943 588 1004 607 rum
1026 581 1241 615 increpationem
1268 583 1402 613 continet,
1420 582 1467 616 qui
1491 581 1662 610 Hierusalem
1677 591 1724 617 po-

943 626 999 659 titi,
1014 626 1085 653 haud
1101 632 1174 654 recte
1188 628 1301 654 victoria
1317 628 1358 655 usi
1374 632 1462 659 erant,
1478 628 1524 655 sed
1537 628 1651 655 multum
1663 636 1726 656 cru-

944 672 1066 699 delitatis
1092 680 1235 700 excessum
1262 673 1393 700 adversus
1417 672 1525 700 Iudaeos
1551 681 1727 708 cxprompse—

945 721 1022 750 rant;
1040 718 1120 752 cujus
1134 725 1216 745 causa
1232 719 1356 753 punitum
1376 719 1409 745 iri
1430 718 1505 746 dicit.
1523 718 1612 751 Quare
1628 726 1728 746 secun-

946 763 1011 790 dum
1026 763 1097 790 hanc
1111 763 1285 796 divisionem,
1302 764 1410 791 videtur
1424 765 1564 800 prophetia
1579 765 1637 792 haec
1654 771 1727 792 nono

945 808 1043 835 similis
1056 809 1171 843 psalmo,
1186 809 1233 843 qui
1250 817 1322 837 unus
1339 813 1381 837 est
1399 810 1425 836 in
1445 809 1538 837 Graeca
1561 810 1726 844 interpreta-

945 853 1031 885 tione,
1047 853 1102 880 duo
1117 859 1207 880 autem
1221 853 1249 880 in
1265 853 1377 881 Hebraea
1389 854 1492 889 lingua,
1508 863 1570 882 cum
1585 863 1636 882 suo
1651 855 1728 890 quis-

945 906 997 932 que
1024 904 1193 933 argumento.
1219 898 1251 925 Et
1273 899 1372 934 prioris
1396 900 1505 934 quidem
1529 900 1637 927 inilium
1659 904 1726 927 cst:

947 953 956 969 ι
974 943 1132 970 Conﬁtebor
1143 943 1202 976 tibi,
1219 943 1343 975 Domine,
1358 945 1384 970 in
1400 948 1457 972 toto
1471 945 1553 972 corde
1569 953 1645 977 meo;
1661 952 1728 971 nar-

945 989 1012 1015 rabo
1034 988 1124 1015 omnia
1145 989 1279 1015 mirabilia
1303 993 1359 1016 tua.
1379 999 1389 1015 ι
1406 989 1484 1017 Finis
1500 994 1590 1017 autem
1611 999 1616 1016 :
1634 1000 1642 1015 ι
1658 991 1729 1016 Con-

945 1034 1040 1064 stitue,
1072 1033 1196 1063 Domine,
1223 1034 1404 1068 legislatorem
1432 1033 1490 1066 eis;
1518 1034 1605 1060 sciant
1635 1039 1728 1068 gentes

944 1078 1075 1114 quoniam
1105 1079 1229 1105 homines
1258 1082 1332 1105 sunt.
1350 1088 1361 1104 ι
1393 1079 1513 1106 Alterius
1541 1086 1606 1106 vero
1630 1080 1728 1114 psalmi

946 1124 1055 1151 initium
1071 1129 1114 1151 est
1134 1133 1140 1150 :
1161 1134 1170 1149 ι
1188 1124 1224 1152 Ut
1241 1124 1318 1158 quid,
1335 1123 1459 1156 Domine,
1481 1125 1620 1152 recessisti
1638 1125 1727 1158 longe,

946 1169 1068 1204 despicis
1085 1170 1113 1196 in
1128 1169 1391 1204 opportunitatibus,
1413 1169 1440 1196 in
1458 1169 1701 1196 tribulationibus?
1715 1178 1725 1194 ο

945 1215 1023 1242 Finis
1039 1224 1045 1241 :
1062 1224 1071 1240 ι
1084 1214 1282 1249 Praeparationi
1299 1215 1391 1242 cordis
1408 1221 1504 1241 eorum
1525 1214 1639 1242 attendit
1653 1215 1730 1241 auris

947 1265 1005 1292 tua,
1029 1260 1155 1295 judicare
1180 1260 1283 1294 pupillo
1306 1263 1332 1286 et
1358 1259 1464 1290 humili,
1483 1263 1514 1286 ut
1538 1267 1592 1286 non
1612 1265 1730 1295 apponat

946 1306 1015 1334 ultra
1040 1305 1217 1341 magniﬁcare
1237 1313 1266 1332 se
1291 1305 1372 1332 homo
1396 1312 1479 1340 super
1502 1310 1615 1333 terram.
1634 1315 1644 1332 ι
1669 1305 1730 1332 Jam

945 1358 1010 1378 vero
1029 1350 1057 1377 in
1071 1350 1162 1384 priore
1181 1350 1287 1384 psalmo
1303 1349 1471 1384 alienigenas
1494 1350 1630 1385 increpat,
1647 1351 1672 1378 id
1688 1355 1730 1378 est

946 1395 1088 1427 ﬁnitimos,
1102 1395 1150 1430 qui
1162 1402 1326 1430 magnopere
1338 1400 1434 1422 contra
1449 1394 1560 1422 Iudaeos
1575 1397 1729 1429 saevierant,

946 1448 979 1468 ac
1000 1444 1146 1476 propterea
1169 1447 1278 1475 poenam
1295 1441 1375 1475 232
1388 1441 1455 1475 ipsis
1481 1448 1495 1468 a
1521 1441 1578 1469 Deo
1598 1441 1729 1469 inﬂictam

947 1487 1032 1519 dicit;
1050 1487 1078 1513 in
1094 1487 1182 1514 altero
1200 1487 1293 1521 populi
1308 1487 1421 1514 ditiores
1435 1495 1466 1514 ac
1483 1487 1621 1522 principes
1638 1488 1732 1522 objur-

109 1531 171 1562 τοὺς
187 1531 350 1566 περιοίκους,
367 1532 406 1562 ὡς
422 1532 504 1567 πολλῇ
528 1534 561 1568 τῇ
587 1533 645 1559 κατ’
663 1534 753 1559 αὐτῶν
775 1534 896 1569 ὠμότητι

948 1536 1004 1567 gat,
1018 1533 1064 1568 qui
1080 1540 1214 1567 pauperes
1231 1532 1386 1566 iniquitate,
1407 1532 1589 1565 detrimentis,
1607 1533 1733 1568 injuriis-

109 1577 310 1612 χρησαμένους,
329 1577 399 1612 ὑπὲρ
412 1574 451 1604 ὧν
477 1577 509 1613 δὴ
527 1578 573 1604 καὶ
593 1579 728 1614 τιμωρίαν
744 1580 835 1611 αὐτοῖς
852 1581 899 1606 ἑπ-

110 1623 194 1656 ἦχθαι
207 1622 282 1657 λέγει
294 1623 372 1658 παρὰ
383 1623 429 1649 τοῦ
443 1623 521 1649 Θεοῦ·
535 1624 600 1650 ὲνδὲ
614 1625 669 1654 τοῖς
678 1624 824 1660 δευτέροις,
836 1625 900 1657 τοὺς

111 1668 140 1694 ὲν
156 1667 197 1702 τῷ
211 1667 269 1702 λαῷ
286 1667 324 1703 τῷ
339 1677 368 1694 τε
383 1668 490 1703 πλούτῳ
504 1668 551 1695 καὶ
565 1670 597 1704 τῇ
622 1669 766 1705 δυναστείᾳ
782 1671 826 1696 ἐπ’
841 1671 899 1697 ἀδι-

112 1714 174 1739 κίαν
191 1713 238 1739 καὶ
255 1713 358 1748 βλάϐην
373 1715 420 1740 καὶ
435 1715 565 1750 ἐπήρειαν
585 1714 638 1741 τῶν
659 1716 782 1750 πενήτων
800 1724 899 1751 κεχρη-

112 1758 221 1793 μένους,
240 1758 287 1790 ob;
300 1759 347 1785 καὶ
368 1759 467 1791 αὐτοὺς
487 1761 537 1786 οὐκ
559 1759 612 1792 ἔξω
635 1761 770 1796 τιμωρίας
790 1761 898 1787 ἔσεσθαί

112 1811 189 1837 φησι.
205 1803 316 1829 Τοιοῦτο
326 1804 380 1839 γάρ
392 1812 418 1829 τι
434 1804 480 1830 καὶ
491 1803 538 1830 νῦν
555 1804 569 1830 ὁ
585 1805 718 1839 μακάριος
738 1804 900 1840 ’Λμὸακοὺμ

110 1848 126 1873 ὁ
142 1847 285 1882 προφήτης
303 1849 393 1881 ποιεῖ,
420 1848 537 1884 μερίζων
558 1849 604 1875 τὸν
627 1849 705 1883 λόγον
727 1850 767 1881 είς
783 1858 813 1876 τε
837 1850 900 1881 τοὺς

112 1893 178 1928 παρ’
196 1893 288 1925 αὐτοῖς
312 1893 356 1919 ἐπ’
378 1893 470 1929 ἀδικίᾳ
492 1894 546 1920 τῶν
566 1895 688 1930 πενήτων
709 1897 742 1930 τῇ
763 1895 901 1931 προσιούσῃ

112 1937 298 1973 κεχρημένους
311 1938 455 1973 δυναστείᾳ
468 1945 476 1952 ·
495 1939 605 1971 τούτους
620 1939 674 1975 γὰρ
686 1941 716 1967 ὲν
735 1942 791 1972 τοῖς
805 1942 901 1976 προτέ-

113 1991 172 2017 ροις
187 1982 389 2017 αἰτιασάμενος,
405 1982 479 2017 λέγει
496 1983 543 2010 καὶ
557 1983 606 2019 τὴν
622 1985 796 2020 ἐπαγομένην
810 1986 901 2017 αὐτοῖς

113 2028 186 2064 ὑπὲρ
202 2028 297 2055 τούτου
312 2028 455 2064 τιμωρίαν·
472 2030 519 2056 καὶ
531 2030 571 2061 είς
580 2030 643 2061 τοὺς
653 2030 850 2064 Βαϐυλωνίους,
862 2027 901 2058 ὧν

113 2073 163 2100 καὶ
179 2073 269 2100 αὐτῶν
285 2073 400 2100 πλεῖστα
413 2074 463 2100 ὅσα
478 2073 684 2101 διατεθεικότων
698 2075 771 2102 κακὰ
782 2076 828 2102 τὸν
836 2076 901 2103 λαὸν

112 2119 342 2154 ἑπαχθησομένην
353 2119 463 2155 ὕστερον
474 2120 609 2154 τιμωρίαν
622 2120 728 2155 μηνύει.
755 2121 833 2148 Ἀλλὰ
845 2121 900 2158 γὰρ

947 1586 1000 1613 que
1015 1579 1167 1610 vexabant;
1184 1581 1265 1612 atque
1283 1577 1332 1604 hos
1353 1577 1434 1604 etiam
1451 1577 1524 1604 haud
1541 1585 1649 1613 pmnam
1665 1587 1732 1605 eva-

946 1631 1028 1651 suros
1047 1624 1094 1650 ait.
1111 1623 1183 1651 ldem
1204 1623 1261 1650 fere
1286 1630 1360 1650 nunc
1381 1623 1437 1658 agit
1452 1623 1549 1651 beatus
1568 1623 1732 1652 Habacueus

947 1669 1091 1704 propheta,
1114 1669 1246 1704 bipartito
1273 1675 1411 1700 sermone,
1434 1669 1523 1703 primo
1550 1669 1659 1703 quidem
1688 1671 1733 1696 ad-

947 1722 1044 1742 versus
1064 1722 1112 1741 eos
1129 1714 1174 1748 qui
1195 1720 1329 1748 pauperes
1349 1712 1453 1747 injusta
1479 1714 1503 1740 vi
1520 1714 1731 1749 opprimebant:

949 1760 991 1787 his
1019 1760 1091 1787 enim
1119 1760 1241 1794 apprime
1271 1759 1430 1793 increpitis,
1451 1763 1608 1786 eventuram
1633 1759 1733 1787 delicto

947 1813 1057 1841 poenam
1082 1805 1220 1840 prmdicit;
1239 1803 1338 1831 deinde
1364 1805 1392 1830 in
1412 1803 1575 1839 Babylonios
1594 1805 1733 1831 converti-

948 1856 1005 1884 tur,
1021 1851 1067 1886 qui
1083 1859 1143 1878 eum
1162 1851 1304 1877 innumera
1324 1850 1396 1876 mala
1412 1849 1512 1884 populo
1529 1849 1644 1877 Judaico
1660 1850 1734 1876 iutu—

949 1898 1056 1928 lissent,
1083 1896 1253 1931 puuitionem
1275 1895 1342 1930 ipsis
1361 1895 1519 1929 impositum
1542 1895 1575 1922 iri
1600 1896 1732 1930 praedicit.

949 1942 1027 1969 Nunc
1042 1946 1188 1976 postquam
1212 1941 1360 1967 verborum
1377 1940 1517 1975 prophetae
1539 1945 1732 1975 argumentum

949 1990 1136 2024 exposuimus,
1153 1988 1278 2022 sequitur
1294 1991 1324 2014 ut
1347 1990 1439 2021 partes
1462 1986 1585 2022 singulas
1605 1987 1734 2014 conside-

949 2043 1050 2063 remus.
1075 2033 1157 2060 l’neit
1181 2032 1281 2060 solitus
1305 2032 1396 2059 libello
1411 2031 1530 2058 titulus:
1550 2040 1561 2057 ‹
1576 2032 1734 2066 Assumplio

950 2086 1033 2115 quam
1047 2079 1115 2106 vidit
1127 2077 1291 2104 Habacucus
1304 2076 1447 2111 propheta.
1467 2085 1477 2102 ι
1491 2075 1537 2103 Sic
1553 2080 1644 2104 autem
1657 2084 1736 2104 exor-

950 2125 1024 2153 ditur
1035 2131 1043 2150 :

112 2168 244 2203 τοιαύτης
270 2169 340 2200 τινὸς
363 2168 446 2204 οὔσης
468 2169 517 2204 τῆς
533 2169 688 2202 ὑποθέσεως
709 2171 762 2197 τῶν
787 2169 836 2197 τοῦ
862 2171 1003 2207 προφήτου
1028 2168 1175 2204 ῥημάτων,
1198 2167 1232 2193 τὰ
1259 2165 1330 2192 κατὰ
1355 2165 1437 2200 μέρος
1461 2166 1609 2201 σκοπητέον
1633 2165 1734 2192 λοιπόν-

114 2216 261 2251 Ηρόκειται
277 2215 325 2251 μὲν
340 2213 386 2243 οὖν
399 2217 415 2251 ἡ
431 2216 541 2243 εἰωθυῖα
554 2217 699 2253 προγραφὴ
713 2217 760 2244 τοῦ
778 2218 891 2253 βιϐλίου,
908 2227 917 2244 ι
936 2217 973 2244 To
989 2216 1085 2251 λῆμμα
1101 2215 1116 2241 ὃ
1129 2213 1197 2240 εἶδεν
1216 2212 1377 2248 Ἀμϐακοὺμ
1392 2213 1406 2239 ὁ
1421 2214 1576 2247 προφήτης·
1596 2221 1605 2237 ι
1623 2212 1735 2247 ἄρχεται

112 2262 142 2288 δὲ
154 2261 241 2292 οὓτως
249 2270 258 2276 ·

447 2319 525 2344 ΚΕΦ.
546 2319 583 2345 A’.

151 2385 225 2420 Στίχ.
245 2385 279 2420 β’.
296 2399 332 2405 -
348 2385 436 2416 (Ἕως
449 2385 532 2416 τινος,
549 2384 644 2419 Κύριε,
662 2384 841 2419 κεκράξομαι,
857 2385 905 2411 καὶ

117 2430 147 2456 οὐ
166 2429 204 2464 μὴ
219 2429 399 2465 εἰσακοὺσῃςς
424 2429 556 2463 βοήσομαι
580 2428 646 2463 πρὸς
664 2428 694 2454 σὲ
716 2428 903 2463 ἀδικούμενος,

118 2475 167 2501 καὶ
181 2475 213 2501 οὐ
232 2475 269 2509 μὴ
285 2473 390 2509 cuba-9g;
410 2483 419 2499 ι
445 2475 483 2508 (p.
495 2473 558 2508 355)
582 2474 638 2508 Οὐχ
659 2473 697 2506 ὡς
713 2474 830 2501 αἰτίασίν
845 2482 906 2500 τινα

116 2519 158 2555 τῷ
178 2520 238 2554 Θεῷ
261 2520 406 2555 προσάγων
426 2520 440 2545 ὁ
461 2519 602 2554 προφήτης
624 2518 712 2545 ταῦτά
727 2526 820 2552 φησιν,
839 2517 908 2545 ἀλλὰ

117 2565 212 2596 καθὼς
225 2564 285 2595 ἔθος
299 2565 390 2595 αὐτοῖς
404 2565 450 2590 ἐπὶ
463 2564 516 2590 τῶν
531 2572 591 2590 τινα
603 2563 764 2598 διαπόρησιν
779 2563 905 2597 ἐχόντων,

117 2611 134 2646 ἢ
160 2611 209 2638 καὶ
236 2610 422 2645 ἀγανάκτησιν
450 2610 594 2636 κινούντων
621 2609 726 2636 δικαίαν
754 2609 826 2636 κατὰ
851 2609 906 2635 τῶν

118 2655 280 2688 ποιούντων,
297 2657 326 2681 ὲν
340 2655 480 2689 αἰτιατικῷ
494 2655 582 2689 λέγειν
600 2655 717 2689 σχήματι
741 2653 795 2680 τῶν
819 2662 906 2688 πρατ-

119 2703 242 2736 τομένων
264 2702 315 2736 τὴν
337 2702 462 2728 ἀτοπίανν
480 2700 550 2727 οὕτω
563 2700 677 2728 κάνθάδε
696 2699 777 2734 φησιν
789 2708 798 2715 '
812 2699 906 2735 ὥσπερ

120 2746 168 2775 οὖν
186 2748 234 2774 καὶ
245 2748 260 2774 ὁ
275 2746 409 2782 μακάριος
425 2746 497 2779 λέγει
513 2745 593 2771 Δαυῖδ
608 2746 649 2778 τὸ,
669 2754 679 2771 ι
689 2745 747 2772 Ἶνα
758 2745 795 2777 τι,
808 2744 906 2779 Κύριε.

160 2842 215 2876 (47)
232 2840 263 2868 In
281 2839 362 2866 titulo
381 2837 455 2864 ‘A66.

267 2887 405 2917 Pn'non.
423 2886 482 2915 Gn.
501 2886 611 2916 LXVI.

1285 2315 1362 2343 CAP.
1384 2315 1403 2341 Ι.

989 2382 1072 2410 Vens.
1088 2382 1115 2409 2.
1132 2397 1165 2402 -
1182 2391 1191 2407 ι
1210 2381 1369 2416 Usquequo,
1399 2381 1522 2414 Domine,
1548 2381 1685 2413 clamabo,
1712 2387 1739 2409 et

955 2434 1010 2454 non
1029 2427 1183 2455 exaudies!
1205 2425 1378 2453 vociferabor
1401 2426 1434 2452 ad
1456 2429 1483 2453 te
1504 2425 1559 2452 vim
1578 2425 1694 2460 patiens,
1712 2431 1739 2453 et

954 2479 1010 2499 non
1021 2472 1162 2500 salvabis?
1178 2480 1188 2497 ›
1204 2471 1262 2498 Non
1280 2474 1411 2505 tanquam
1425 2471 1615 2505 expostulatis,
1629 2471 1686 2499 haec
1701 2472 1741 2498 ait

955 2517 1097 2552 propheta,
1123 2517 1171 2544 sed
1200 2524 1278 2543 more
1312 2516 1433 2547 illorum.
1459 2517 1506 2551 qui
1536 2517 1565 2544 in
1593 2524 1623 2544 re
1649 2517 1740 2551 aliqua

955 2563 1041 2595 anxii,
1055 2563 1096 2589 vel
1115 2563 1198 2589 etiam
1212 2563 1287 2596 justa
1300 2561 1490 2597 indignatione
1511 2562 1651 2594 commoti,
1668 2563 1741 2596 (igu-

957 2612 1018 2634 rato
1032 2607 1066 2634 ad
1088 2607 1335 2641 expostulationem
1355 2613 1481 2634 sermone
1496 2606 1530 2634 de
1554 2614 1646 2634 rerum
1666 2613 1742 2634 acta-

958 2660 1019 2679 rum
1036 2652 1180 2686 iniquitate
1192 2656 1356 2686 queruntur.
1382 2651 1422 2678 Ita
1436 2651 1543 2679 scilicet
1557 2651 1611 2679 hoc
1628 2659 1658 2679 se
1680 2652 1741 2678 loco

960 2698 1028 2734 gerit
1038 2697 1180 2733 propheta.
1199 2695 1277 2723 Sicut
1290 2703 1356 2731 ergo
1372 2696 1469 2724 beatus
1481 2697 1563 2724 etiam
1578 2697 1617 2724 ait
1632 2696 1738 2724 David:

964 2752 973 2769 ι
990 2742 1025 2770 Ut
1046 2742 1123 2770 quid.
1144 2742 1266 2774 Domine,
1289 2742 1430 2769 recessisti
1458 2742 1547 2774 longe,
1571 2741 1691 2776 despicis
1712 2742 1742 2768 in

1570 2878 1606 2907 1h
