1969 3069
219 166 272 195 ιη

810 160 986 189 THEODORI
1006 158 1247 188 MOPSUESTENI

1789 152 1842 181 623

218 221 479 259 opportunitatibus,
492 221 518 248 in
529 220 768 248 tribulationibus?
785 219 851 246 Dum
863 219 1004 246 extollitur

1060 218 1212 253 ἀφέστηκας
1228 216 1374 251 μακρόθεν,
1387 214 1522 250 ὑπερορᾷς
1535 214 1563 240 ἐν
1580 211 1775 247 εὐκαιρίαις,ὲν
1787 210 1843 238 θλι-

220 269 330 304 impius,
356 266 513 294 incenditur
537 267 683 302 pauper“,
703 275 713 292 ι
739 269 766 292 et
785 265 905 300 reliqua;
928 263 1002 291 haud

220 312 304 340 Deum
321 312 435 346 culpans
459 311 496 338 ita
517 311 647 345 loquitur,
672 310 718 337 sed
743 309 798 336 illis
814 309 937 336 irascens
954 309 1002 344 qui

220 357 284 383 talia
299 360 392 391 agunt,
413 359 441 383 et
454 356 656 390 quodammodo
673 357 841 385 exaestuans,
858 353 930 388 quod
947 361 1003 380 non

220 400 275 426 cito
299 407 396 434 ρωπος
422 399 530 426 debitas
551 399 662 426 luerint.
688 398 728 426 Ita
750 402 777 426 et
801 398 886 425 alibi:
909 407 918 423 ι
937 398 1003 430 Cur,

222 444 307 476 Deus,
325 444 449 479 repulisti
465 444 491 470 in
507 443 586 471 ﬁnem
598 444 609 470 ’ί
621 444 709 472 iratus
726 448 768 471 est
784 443 860 470 t'uror
875 447 940 470 tuus
956 443 1004 470 ad-

220 497 316 518 versus
325 497 389 517 oves
402 489 496 524 pascui
513 489 551 516 tui
560 489 601 515 ⁸³2
613 498 622 514 ι
636 487 740 516 Etenim
749 488 935 523 magnitudine
949 494 1006 514 ma-

220 536 309 563 lorum
333 537 433 570 populo
450 535 587 561 illatorum
612 535 756 566 attonitus,
784 534 823 561 sic
845 533 926 561 etiam
953 533 1006 560 hoc

221 582 282 609 loco
299 581 431 615 loquitur.
449 579 530 607 Velut
545 580 627 606 etiam
645 579 743 607 beatus
759 578 892 607 Jeremias
912 578 979 605 dicit
996 587 1003 605 :

224 636 234 653 ι
255 627 310 654 Cur
340 626 384 653 via
416 625 563 660 impiorum
596 629 791 659 prosperatur,
815 623 895 658 233
913 616 1006 650 (beate

221 675 306 705 agunt
343 676 438 696 omnes
475 667 655 703 reprobantes
688 667 912 702 reprobrationes
929 665 976 692 ὀἳ
993 675 1002 692 ι

220 715 333 743 Namne
347 716 398 742 iste
417 714 526 750 quidem
547 713 632 741 Deum
655 720 791 740 accusans
817 712 857 740 sic
874 712 1005 746 loquitur,

221 762 269 790 sed
303 760 448 796 indignans
482 760 573 794 potius
607 759 680 794 quod
712 758 875 785 delictorum
907 763 1005 792 ptenas

221 814 275 834 non
293 806 463 841 pertulerint.
476 805 537 832 Pari
554 804 626 832 enim
651 804 790 839 propheta:
803 810 898 830 omnes
915 802 1006 829 animo

221 857 308 880 erant.
337 852 408 885 Quin
434 855 461 879 et
491 851 557 879 illud
582 850 652 886 apud
675 850 783 877 beatum
811 848 940 875 Davidem
963 847 1005 874 di-

222 902 296 926 ctum
312 907 320 925 :
337 907 346 924 ι
363 897 488 929 Domine.
504 897 532 924 in
546 897 616 924 celo
636 894 823 924 misericordia
837 898 896 925 tua,
910 897 938 921 et
958 900 1006 920 ve-
1021 888 1042 917 Β

223 944 291 971 ritas
305 948 350 970 tua
363 951 451 978 usque
465 942 499 970 ad
516 942 603 969 nubes
618 951 625 968 :
639 941 748 976 justitia
763 944 821 971 tua,
838 940 910 968 sicut
925 946 1007 966 mon-

222 993 264 1017 tes
280 988 343 1021 Dei;
360 987 464 1023 judicia
489 990 535 1014 tua
552 986 667 1022 abyssus
689 986 773 1012 multa
788 985 811 1001 ¹¹
828 994 833 1011 :
851 994 860 1011 ι
880 989 940 1019 qua
961 983 1006 1010 ni-

222 1036 322 1063 mirum
343 1036 420 1069 dicit,
440 1035 636 1069 benignitatem
656 1033 703 1062 Dei
718 1032 857 1061 demirans
871 1040 934 1068 erga
959 1031 1009 1058 ho-

222 1085 311 1112 mines
327 1089 457 1119 tanquam
477 1082 622 1114 inﬁnitam,
634 1085 660 1109 et
672 1080 745 1116 quod
766 1081 879 1108 multam
896 1080 930 1107 de
947 1079 1007 1106 viro

220 1132 295 1166 justo
311 1135 388 1166 gerat
407 1130 631 1162 sollicitudinem,
653 1128 889 1163 imperscrutabile
912 1127 1006 1154 dicens

223 1177 271 1205 Dei
293 1184 407 1204 examen
438 1180 465 1203 et
485 1175 631 1210 judicium,
657 1181 711 1208 quo
732 1181 809 1201 seras
828 1173 1007 1208 peccantibus

222 1229 319 1258 pennas
334 1222 463 1256 imponit,
477 1228 547 1256 quas
558 1227 629 1255 saepe
641 1219 741 1252 diﬂ‘ert,
754 1226 910 1254 quanquam
923 1218 1007 1245 multa

224 1269 295 1296 inter
306 1267 431 1295 homines
443 1266 514 1293 mala
525 1269 678 1293 versentur.
688 1264 788 1292 Eodem
805 1271 917 1299 prorsus
928 1264 1008 1290 modo

225 1314 272 1341 hic
298 1320 407 1348 quoque
433 1311 501 1339 dicit
530 1310 686 1346 propheta,
716 1310 856 1345 iniquitau'
885 1310 1008 1337 irascens

224 1359 378 1394 principum
399 1357 501 1392 populi,
519 1357 566 1391 qui
590 1356 702 1383 multam
717 1355 874 1390 variamque
887 1355 1010 1390 pauperi-

225 1404 276 1431 bus
299 1402 428 1437 injuriam
457 1400 593 1428 faciebant
612 1410 618 1427 :
638 1407 802 1434 magnopere
826 1400 935 1434 quidem
962 1407 1009 1427 co—

224 1455 359 1484 gnoscens
373 1446 454 1482 (ligna
467 1453 529 1472 esse
542 1444 685 1479 suppliciis
699 1452 731 1472 ea
747 1452 807 1479 qua:
828 1444 938 1476 ﬁebant,
960 1445 1008 1471 do-

223 1493 284 1520 lens
309 1495 399 1520 autem
425 1490 497 1526 quod
519 1490 574 1518 Deo
598 1489 728 1517 ultionem
748 1489 899 1520 dillerente,
924 1490 1008 1517 multa

1055 264 1155 298 ψεσιν;
1179 264 1208 289 ὲν
1225 262 1263 297 τῷ
1278 260 1533 297 ὑπερηφανεύεσθαι
1548 259 1593 285 τὸν
1610 257 1706 292 ἀσεϐῆ,
1726 256 1843 291 ἐμπυρί-

1054 308 1129 341 ζεται
1144 310 1158 335 6
1175 308 1290 344 πτωχὸς,
1304 317 1313 333 ι
1333 307 1380 333 καὶ
1394 306 1428 332 τὰ
1443 305 1506 340 ἑξῆς
1518 313 1524 319 ·
1547 304 1577 331 οὐ
1592 303 1645 339 γὰρ
1656 303 1702 329 τὸν
1715 302 1780 328 Θεὸν
1797 303 1842 328 αὶ-

1053 354 1186 390 τιώμενος
1211 353 1297 380 ταῦτα
1326 352 1420 386 λέγει,
1446 350 1606 384 ἀγανακτῶν
1636 349 1664 375 δὲ
1691 347 1762 375 κατά
1786 347 1842 374 ιιῶν

1054 400 1165 426 τοιαῦτα
1189 399 1349 429 ποιούντων,
1373 397 1418 424 καί
1434 406 1493 423 τινα
1510 396 1609 430 τρόπον
1623 393 1769 428 διαπορῶν,
1785 392 1841 419 ἀνθ’

1055 445 1116 471 ὅτου
1140 445 1176 480 μὴ
1197 444 1274 475 δίκας
1288 443 1404 469 διδόασιν
1419 441 1511 473 ὀξέως.
1535 439 1612 466 Οὕτω
1633 440 1679 466 καὶ
1704 437 1820 472 ἀλλαχοῦ
1834 446 1840 452 ·

1059 491 1131 518 ι”Ινα
1147 491 1185 522 τί,
1199 490 1212 516 6
1226 490 1302 520 Θεὸς,
1317 487 1420 515 ἀπώσω
1433 488 1473 518 εἰς
1485 487 1571 517 τέλος,
1589 484 1713 522 ὠργίσθη
1730 485 1744 510 6
1757 483 1842 518 θυμός

1056 544 1103 564 σου
1116 536 1162 562 ἐπὶ
1173 520 1296 568 πρόϐατα
1307 533 1392 568 νομῆς
1407 541 1454 558 σου
1465 540 1472 565 ;
1498 542 1507 557 ι
1525 520 1666 564 Διαπορῶν
1679 529 1733 563 γὰρ
1747 529 1792 554 ἐπὶ
1802 527 1843 562 τῷ

1058 580 1166 616 μεγέθει
1180 580 1233 606 τῶν
1249 579 1397 613 γεγονότων
1413 578 1452 608 είς
1464 577 1509 603 τὸν
1522 575 1595 607 λαὸν,
1611 573 1750 601 κάνταῦθά
1764 580 1840 607 φησι·

1056 615 1103 652 καὶ
1116 624 1200 651 πολλὰ
1216 624 1244 650 δὲ
1260 623 1371 650 τοιαῦτα
1387 621 1462 656 εὖροι
1474 629 1515 652 τις
1529 620 1561 647 ἀν
1571 628 1578 636 ·
1598 619 1691 654 ὥσπερ
1707 615 1753 645 οὖν
1770 618 1814 644 καὶ
1828 618 1844 643 6

1058 670 1193 706 μακάριος
1214 668 1347 704 Ἱερεμίας
1363 667 1448 702 φησί·
1476 675 1485 691 ι
1500 666 1532 692 Τί
1545 666 1586 692 ὅτι
1603 665 1662 695 ὁδὸς
1674 663 1781 691 ἀσεϐῶν
1795 663 1842 689 εῦ-

1057 715 1183 748 οδοῦται,
1208 714 1365 749 ηὐθήνησαν
1391 711 1490 742 πάντες
1514 710 1538 736 οῑ
1561 709 1718 739 ἀθετοῦντες
1746 707 1843 741 ἀθετή-

1057 769 1146 796 ματα;
1164 770 1173 786 ι
1199 760 1267 787 Οὐδὲ
1289 759 1343 794 γὰρ
1359 758 1413 785 οὐδ’
1434 754 1510 788 οὗτος
1532 755 1577 782 τὸν
1601 754 1666 781 Θεὸν
1683 753 1843 787 αίτιώμενος

1059 807 1144 840 λέγει,
1161 805 1321 840 ἀγανακτῶν
1337 804 1365 830 δὲ
1381 804 1422 837 ἐφ’
1435 799 1476 834 οἷς
1489 802 1620 836 ἔπραττον
1633 800 1674 826 ὅτι
1689 799 1726 834 μὴ
1742 798 1843 825 διδόασι

1056 853 1132 884 δίκας
1142 861 1149 868 ·
1168 852 1283 886 ἐπείπερ
1298 851 1322 876 οἱ
1339 849 1475 884 προφῆται
1488 848 1586 878 πάντες
1602 845 1701 880 ὁμοίως
1712 842 1780 880 ἦσαν
1795 852 1844 869 πε-

1057 897 1198 933 πεισμένοι
1210 917 1217 929 ,
1240 897 1328 922 έκεῖνο
1349 894 1381 930 δὴ
1405 894 1435 920 τὸ
1451 892 1526 928 παρὰ
1545 891 1590 918 τοῦ
1611 890 1745 926 μακαρίου
1763 889 1844 933 Δαυῖδ

1056 942 1217 977 λεγόμενον·
1237 950 1246 966 ι
1263 940 1358 975 Κύριε,
1374 939 1402 965 ἐν
1420 937 1459 973 τῷ
1474 936 1579 972 οὐρανῷ
1599 935 1630 962 τὺ
1653 934 1725 965 ἔλεός
1747 942 1800 964 σου,
1824 932 1843 967 ἠ

1057 986 1171 1022 ἀλήθειά
1188 994 1233 1012 σου
1252 985 1304 1015 ἕως
1326 983 1379 1010 τῶν
1395 982 1523 1017 νεφελῶν.
1537 982 1554 1016 ἡ
1569 978 1723 1012 δικαιοσύνη
1743 986 1788 1004 σου
1804 977 1842 1008 ὡς

1057 1033 1108 1068 δρη
1122 1031 1200 1063 Θεοῦ,
1221 1030 1256 1057 τὰ
1272 1028 1394 1065 κρίματά
1413 1036 1460 1054 σου
1482 1027 1599 1056 ἄϐυσσος
1615 1024 1698 1058 πολλή
1711 1031 1717 1037 ·
1736 1032 1744 1047 ι
1771 1022 1843 1055 amp

1057 1066 1106 1105 οὖν
1126 1077 1177 1112 ἔφη
1201 1077 1247 1103 καὶ
1271 1075 1320 1110 τὴν
1339 1073 1542 1109 φιλανθρωπίαν
1564 1069 1780 1103 ἐκπληττόμενος
1795 1066 1843 1094 τοῦ

1057 1123 1125 1150 Θεοῦ
1148 1123 1187 1154 ὡς
1202 1121 1355 1157 ἀμέτρητον
1371 1118 1463 1150 οὖσαν,
1480 1116 1591 1153 (p.356)
1611 1116 1658 1141 καὶ
1673 1113 1720 1139 τοῦ
1737 1112 1842 1139 δικαίου

1057 1169 1107 1204 τὴν
1121 1167 1247 1204 φροντίδα
1261 1167 1302 1194 ὅτι
1317 1165 1417 1200 πολλήν
1437 1173 1469 1198 γε
1487 1164 1602 1190 ποιεῖται
1617 1160 1718 1195 ταύτην
1729 1168 1735 1174 ·
1763 1159 1844 1192 ἀνέφ-

1059 1223 1131 1241 ικτον
1145 1214 1173 1240 δὲ
1186 1211 1256 1240 εἶναι
1271 1212 1357 1246 λέγων
1369 1210 1416 1237 τοῦ
1427 1208 1494 1236 Θεοῦ
1505 1208 1554 1243 τὴν
1564 1207 1726 1242 δοκιμασίαν
1739 1205 1785 1232 καὶ
1794 1205 1846 1239 τὴν

1058 1260 1158 1294 κρίσιν.
1175 1258 1235 1285 καθ’
1254 1259 1287 1292 ἢν
1302 1258 1352 1284 οὐκ
1364 1256 1453 1289 ὀξείας
1469 1255 1565 1288 ἐπάγει
1580 1254 1634 1284 τοῖς
1651 1252 1775 1278 πταίουσι
1794 1250 1845 1281 τὰς

1058 1305 1200 1339 τιμωρίας,
1216 1302 1394 1330 ἀναϐάλλεται
1409 1301 1437 1327 δὲ
1456 1300 1540 1332 αὑτὰς
1555 1299 1695 1330 πολλάκις.
1709 1297 1797 1324 καίτοι
1812 1304 1844 1330 γε

1059 1352 1087 1377 ὲν
1103 1349 1256 1385 ἀνθρώποις
1270 1347 1374 1374 πολλῶν
1395 1346 1553 1380 πασχόντων
1567 1344 1670 1375 κακῶς.
1694 1343 1746 1370 Τὸν
1761 1342 1843 1369 αὑτὸν

1058 1396 1090 1431 δὴ
1099 1393 1258 1430 τρόπονκαὶ
1269 1396 1283 1421 ὁ
1295 1393 1436 1428 προφήτης
1451 1391 1567 1418 ἐνταῦθά
1579 1399 1670 1426 φησιν,
1683 1388 1845 1424 ἀγανακτῶν
1864 1394 1867 1397 ·

1058 1441 1105 1467 ἐπὶ
1127 1442 1159 1476 τῇ
1185 1440 1277 1475 ἀδικίᾳ
1293 1439 1347 1465 τῶν
1363 1439 1391 1464 ὲν
1415 1437 1454 1472 τῷ
1475 1436 1533 1472 λαῷ
1548 1435 1773 1466 δυναστευόντων,
1797 1434 1845 1461 καὶ

1060 1485 1160 1520 πολλήν
1182 1492 1244 1511 τινα
1260 1483 1306 1509 καὶ
1331 1482 1498 1517 πολύτροπον
1520 1482 1576 1512 τοῖς
1600 1480 1698 1515 πένησι
1723 1479 1773 1513 τὴν
1796 1480 1846 1506 ἑπ-

225 1536 356 1564 adversus
371 1542 505 1570 pauperes
513 1534 616 1568 vigeret
629 1533 772 1567 iniustitia.
789 1533 946 1568 Propterea,
959 1541 1007 1561 ceu

1060 1531 1153 1566 ήρειαν
1167 1529 1322 1563 ἐπαγόντων
1334 1535 1342 1543 ·
1367 1528 1414 1554 καὶ
1429 1527 1530 1562 σφόδρα
1544 1527 1592 1561 μὲν
1606 1525 1694 1557 εἰδὼς,
1712 1525 1749 1557 ὡς
1761 1533 1846 1559 τιμω-

224 1582 272 1616 qui
297 1588 368 1615 saepe
393 1579 562 1614 expctiverat
582 1577 732 1606 vindictam
756 1577 789 1604 de
815 1577 848 1604 iis
870 1577 931 1612 capi
954 1581 1008 1603 tam

225 1633 308 1662 prave
336 1625 491 1661 agentibus,
516 1623 582 1650 nihil
605 1630 670 1650 vero
690 1622 902 1657 impetraverat:
931 1631 940 1647 ι
959 1622 1011 1649 Us-

224 1677 343 1705 quequo,
371 1669 470 1703 inquit,
500 1666 614 1693 Domine
637 1665 772 1695 clamabo.
798 1668 824 1691 et
848 1672 903 1691 non
925 1672 1011 1692 exau-

225 1716 303 1743 dies?
324 1725 333 1741 ι
352 1713 419 1741 Nam
440 1717 548 1747 sumpta
564 1712 615 1739 sibi
636 1710 797 1745 patientium
825 1709 927 1743 injuste
947 1717 1011 1744 per-

226 1768 292 1789 sona
305 1760 372 1787 dicit
382 1769 389 1786 :
401 1758 550 1792 Quousque
565 1756 674 1783 tandem
690 1755 809 1782 miseriis
822 1755 916 1782 multis
929 1762 1010 1782 exer-

225 1807 296 1834 citus
330 1806 418 1832 clamo
449 1807 526 1830 tuum
559 1809 711 1837 exposcens
738 1801 891 1832 auxilium,
920 1808 1009 1835 neque

226 1857 315 1879 tamen
333 1851 358 1878 id
376 1849 509 1885 impetro?

1062 1575 1123 1611 ρίας
1137 1574 1200 1606 ἀξια
1213 1574 1248 1600 τὰ
1265 1572 1450 1609 πραττόμενα,
1467 1571 1578 1606 ἀθυμῶν
1595 1571 1624 1597 δὲ
1639 1571 1679 1597 ὅτι
1695 1570 1744 1603 τὴν
1759 1577 1846 1604 τιμω-

1061 1620 1121 1655 ρίαν
1134 1618 1350 1653 ἀναϐαλλομένου
1362 1617 1409 1643 τοῦ
1424 1617 1502 1650 Θεοῦ,
1519 1616 1603 1651 πολλή
1618 1625 1660 1648 τις
1676 1616 1693 1650 ή
1706 1615 1776 1641 κατὰ
1792 1615 1846 1641 τῶν

1061 1664 1184 1699 πενήτων
1198 1663 1302 1697 γίνεται
1321 1662 1421 1689 ἀδικία.
1446 1662 1495 1687 Διά
1513 1661 1591 1687 τοῦτο
1605 1661 1642 1691 ὡς
1655 1661 1688 1687 ἂν
1709 1659 1840 1690 πολλάκις

1060 1711 1174 1745 αἰτήσας
1200 1708 1246 1735 τοῦ
1269 1708 1336 1734 Θεοῦ
1363 1707 1410 1742 τὴν
1434 1707 1570 1742 τιμωρίαν
1591 1706 1767 1741 ἐπενεχθῆναι
1791 1706 1847 1736 τοῖς

1061 1755 1133 1782 οὕτω
1143 1753 1384 1789 διαπραττομένοις
1396 1752 1497 1783 κακῶς.
1514 1752 1615 1783 ἀνύσας
1627 1751 1655 1777 δὲ
1667 1751 1747 1777 πλέον
1758 1750 1845 1782 οὐδὲν,

1064 1809 1074 1826 ι
1090 1801 1161 1830 Ἕως
1176 1799 1256 1831 τίνος,
1277 1798 1352 1833 φησὶ,
1376 1797 1473 1832 Κύριε,
1494 1796 1662 1831 κεκράξομαι
1685 1797 1731 1822 καὶ
1754 1796 1783 1821 οὺ
1808 1796 1846 1830 μὴ

1062 1844 1233 1879 εἰσακούσῃς,
1246 1843 1379 1878 βοήσομαι
1389 1842 1443 1877 πρὸ
1449 1852 1456 1872 _:
1471 1843 1500 1868 σὲ
1516 1842 1753 1877 ἀδικούμενος,καὶ
1766 1842 1795 1867 οὺ
1808 1841 1846 1876 μὴ

227 1896 353 1933 σώσῃςςι
374 1884 526 1921 Ἀναλαϐὼν
536 1892 589 1927 γὰρ
600 1892 629 1918 τὸ
641 1892 695 1917 τῶν
705 1891 888 1926 ἀδικουμένων
900 1891 1043 1926 πρόσωπον
1070 1889 1141 1916 οὕτω
1157 1889 1248 1923 φησὶν,
1266 1888 1306 1913 ὅτι
1325 1888 1404 1922 Ἄχρι
1426 1886 1498 1918 τίνος
1520 1887 1549 1912 ἐν
1570 1886 1766 1920 ταλαιπωρίαις
1783 1884 1848 1912 πολ-

225 1943 284 1975 λαῖς
298 1941 488 1976 ἐξεταζόμενος
500 1938 552 1974 βοῶ
568 1938 617 1973 μὲν
633 1937 716 1964 αἰτῶν
731 1937 781 1972 τὴν
796 1936 844 1972 σὴν
865 1936 998 1971 βοήθειαν,
1011 1937 1041 1962 οὐ
1056 1936 1178 1970 τυγχάνω
1189 1935 1218 1960 δὲ
1233 1933 1349 1968 ταύτηςς

266 1999 347 2026 Vsus.
364 1996 423 2024 5-5.
440 2010 474 2016 —
489 2004 497 2021 I
513 1994 605 2027 Quare
620 1993 685 2020 mihi
703 1992 848 2020 ostendisti
866 1992 974 2018 labores
985 1996 1011 2018 et

227 2046 344 2075 dolores,
380 2043 473 2069 videre
502 2040 640 2068 miseriam
668 2042 695 2066 et
725 2037 935 2072 impietatem?»
969 2036 1011 2063 Nil

228 2090 301 2118 aliud
323 2088 446 2124 quotidie
465 2086 544 2114 video
565 2085 618 2112 nisi
645 2083 767 2111 laborem
793 2087 876 2118 atque
898 2090 1011 2117 pressu-

229 2143 297 2167 ram,
320 2141 401 2170 quam
422 2133 493 2159 mala
514 2135 604 2158 mente
625 2129 764 2165 principes
779 2129 946 2164 pauperibus
968 2128 1010 2154 in-

229 2181 300 2208 ferre
321 2181 465 2206 conantur.
483 2186 492 2202 ι
511 2176 612 2203 Contra
633 2182 676 2202 me
692 2173 793 2201 factum
809 2179 851 2201 est
864 2173 1010 2207 judicium,

228 2230 255 2253 et
275 2224 359 2259 judex
382 2221 490 2256 accipit.
514 2220 663 2255 Propterea
691 2218 824 2252 dissipata
846 2221 888 2244 est
907 2216 961 2247 lex,
985 2220 1012 2243 et

230 2278 286 2298 non
299 2268 445 2297 deducitur
461 2267 494 2293 ad
510 2265 590 2292 ﬁnem
605 2263 749 2299 judicium.
771 2271 780 2288 ι
797 2261 905 2294 Queror
922 2262 1014 2295 itaque

229 2316 300 2351 quod
320 2322 390 2350 saepe
412 2313 479 2344 vidi,
497 2318 594 2345 nempe
607 2309 714 2344 judicio
736 2308 872 2339 instituto,
885 2306 932 2341 jus
951 2314 1012 2332 om-

180 2383 184 2386 .
229 2361 296 2388 nino
306 2358 454 2390 contemni,
469 2356 517 2384 sed
529 2355 721 2390 respicientem
734 2359 868 2388 personas
881 2351 1013 2385 iudicem,

230 2407 302 2434 hunc
315 2405 368 2433 sibi
385 2409 536 2438 propanere
550 2399 692 2428 sententia:
703 2405 760 2426 suae
772 2404 899 2432 scopum,
915 2403 1014 2422 cumu-

230 2450 312 2478 lando
341 2449 447 2477 scilicet
465 2445 547 2481 235
560 2443 685 2480 oppressi
713 2441 920 2470 detrimentum.
946 2438 1015 2466 Hinc

231 2495 321 2530 legum
337 2498 445 2521 tuarum
461 2489 633 2519 observantia
647 2487 805 2523 negligitur,
822 2485 952 2520 nullaque
965 2484 1014 2511 ha-

230 2546 294 2566 rum
305 2538 374 2565 ratio
390 2537 506 2565 habetur
519 2545 525 2562 :
538 2534 641 2562 nullius
649 2533 744 2569 judicii
758 2532 846 2560 bonus
861 2535 904 2558 est
914 2530 1014 2560 exitus,

232 2583 280 2611 sed
307 2581 452 2610 manifesta
478 2580 623 2615 iniquitate
646 2578 762 2605 laborat.
790 2585 800 2602 ι
819 2575 888 2609 Quia
914 2574 1016 2609 impius

232 2627 361 2663 praevalet
389 2627 520 2653 adversus
533 2625 650 2659 justum.
668 2633 677 2649 ι
695 2623 747 2656 Qui
769 2622 851 2657 igitur
870 2621 953 2655 impie
971 2620 1012 2646 vi-

232 2673 310 2701 vunt,
326 2673 354 2696 et
367 2669 487 2703 legitima
502 2671 548 2694 tua
561 2667 638 2702 pensi
653 2674 709 2693 non
724 2666 835 2697 habent,
850 2664 1013 2698 injuriarum

233 2721 314 2741 omne
335 2721 421 2748 genus
439 2719 489 2747 pro
512 2719 561 2739 sua
586 2711 764 2746 praepotenlia
782 2710 809 2737 in
832 2716 932 2744 egenos
950 2715 1014 2736 con-

233 2759 336 2787 ferunt.
356 2758 423 2785 Nam
448 2757 551 2792 justum
572 2757 623 2784 hoc
649 2758 709 2783 loco
724 2756 790 2783 dicit
814 2762 862 2790 pro
884 2761 1015 2788 oppresso

287 2826 310 2842 "
323 2825 396 2854 Psal.
414 2833 443 2859 ι,
464 2825 488 2851 Ι.
546 2825 567 2840 ¹⁹
585 2824 656 2852 Psal.
671 2830 767 2855 Lxxln,
780 2823 804 2849 i.

861 2822 882 2838 '°
899 2821 955 2848 .lcr.
972 2829 1020 2854 xu,
1037 2821 1061 2847 ί.

1099 1991 1172 2024 Στίχ.
1189 1993 1258 2024 γ’-ε’,
1284 2003 1318 2009 -
1343 1998 1351 2013 ι
1368 1987 1426 2014 Ἵνα
1444 1988 1469 2013 τί
1493 1997 1536 2022 μοι
1552 1988 1656 2023 ἔδειξας
1677 1987 1777 2018 κόπους
1800 1987 1848 2014 καὶ

1064 2038 1161 2069 πόνους
1174 2037 1328 2063 ἐπιϐλέπειν
1349 2035 1395 2061 ἐπὶ
1409 2034 1594 2070 ταλαιπωρίαν
1609 2034 1655 2061 καὶ
1672 2034 1816 2065 ἀσέϐειαν;
1835 2044 1845 2059 ν

1064 2083 1146 2110 Οὐδὲν
1158 2082 1222 2117 γοῦν
1236 2082 1329 2116 ἕτερον
1343 2080 1404 2106 καθ’
1423 2079 1540 2114 ἑκάστην
1559 2078 1665 2113 ἡμέραν
1678 2078 1744 2112 ὁρῶ,
1761 2077 1817 2104 ἀλλ’
1830 2078 1846 2112 ἢ

1066 2127 1144 2153 πόνον
1161 2126 1208 2153 καὶ
1223 2125 1376 2160 συντριϐὴν,
1393 2124 1426 2159 ἣν
1442 2124 1465 2150 οἶ
1485 2123 1691 2153 δυναστεύοντες
1708 2121 1800 2148 ἀσεϐεῖ
1813 2123 1846 2156 τῇ

1064 2172 1161 2207 γνώμῃ
1170 2172 1226 2202 τοῖς
1239 2171 1350 2205 πένησιν
1363 2170 1474 2203 ἐπάγειν
1485 2168 1642 2204 πειρῶνται.
1659 2177 1669 2193 ι
1680 2167 1849 2200 Ἐξεναντὶας

1065 2226 1115 2252 μου
1129 2217 1225 2251 γέγονε
1242 2216 1342 2251 κρίσις,
1355 2215 1402 2242 καὶ
1418 2215 1432 2241 6
1445 2213 1541 2249 κριτὴς
1557 2213 1699 2248 λαμϐάνει·
1715 2212 1758 2239 διὰ
1769 2212 1849 2239 τοῦτο

1062 2262 1245 2288 διεσκέδασται
1269 2261 1360 2296 νόμος,
1379 2260 1416 2295 (p.
1432 2260 1494 2294 357)
1518 2259 1565 2286 καὶ
1586 2259 1616 2285 οὐ
1636 2258 1787 2292 διεξάγεται
1808 2259 1848 2288 εἰς

1063 2307 1139 2338 τέλος
1153 2307 1249 2342 κρῖμα.
1263 2315 1272 2332 ι
1299 2306 1434 2340 Αίτιῶμαι
1447 2304 1511 2339 γοῦν
1530 2304 1549 2331 ἃ.
1563 2304 1691 2336 πολλάκις
1711 2301 1791 2333 εἷδον,
1807 2303 1848 2329 ὅτι

1063 2350 1139 2386 δίκης
1156 2350 1391 2385 σογκροτουμένης
1417 2350 1570 2384 παρορᾶται
1593 2349 1642 2383 μὲν
1662 2347 1799 2378 παντελῶς
1817 2346 1849 2373 τὸ

1064 2396 1176 2428 δίκαιον,
1190 2395 1259 2431 πρὸς
1275 2395 1402 2430 σχήματα
1415 2394 1442 2420 δὲ
1458 2394 1529 2429 ὀρῶν
1539 2395 1553 2420 6
1567 2393 1697 2428 δικαστὴς
1715 2392 1801 2427 τούτῳ
1819 2391 1849 2418 τὺ

1065 2441 1151 2475 πέρας
1172 2441 1288 2466 ποιεῖται
1303 2439 1353 2474 τῆς
1371 2438 1466 2473 δίκης,
1488 2437 1612 2470 ὲπαύξων
1635 2437 1675 2471 τῷ
1692 2436 1849 2471 ἠδικημένῳ

1064 2486 1114 2521 τὴν
1125 2485 1225 2520 βλάϐην
1233 2493 1239 2500 ·
1262 2484 1384 2511 ἐντεῦθεν
1395 2483 1460 2518 γοῦν
1472 2482 1607 2519 ἠμέληται
1627 2483 1677 2517 μὲν
1693 2481 1748 2508 τῶν
1759 2482 1849 2516 νόμων

1065 2531 1118 2557 τῶν
1133 2530 1187 2556 σῶν
1201 2531 1218 2564 ἡ
1230 2529 1367 2564 ἀκρίϐεια,
1379 2529 1427 2555 καὶ
1439 2529 1516 2563 λόγος
1530 2528 1633 2554 τούτων
1647 2527 1736 2558 οὐθεὶς
1749 2526 1847 2553 οὐδενί·

1064 2576 1125 2611 δίκη
1141 2575 1168 2601 δὲ
1179 2575 1290 2610 οὐδεμία
1305 2575 1390 2610 πέρας
1408 2574 1513 2608 δέχεται
1529 2572 1656 2608 χρηστὸν,
1669 2572 1726 2598 ἀλλ’
1740 2573 1780 2602 εἰς
1793 2572 1851 2597 ἀδι-

1066 2621 1128 2647 κίαν
1150 2619 1281 2655 πρόδηλον
1308 2620 1438 2654 καταντᾷ.
1467 2628 1477 2644 ι
1493 2619 1555 2645 "Ott
1573 2619 1587 2644 6
1603 2618 1705 2652 ἀσεϐὴς
1733 2617 1851 2643 καταδυ-

1066 2665 1189 2692 ναστεύει
1202 2665 1248 2692 τδν
1261 2665 1373 2692 δίκαιον.
1387 2674 1396 2690 ι
1406 2666 1436 2691 Ol
1451 2664 1516 2698 γοῦν
1529 2664 1639 2698 ἀσεϐείᾳ
1655 2663 1788 2694 συζῶντες
1803 2661 1851 2688 καὶ

1068 2709 1122 2736 τῶν
1139 2709 1193 2736 σῶν
1207 2709 1330 2744 νομίμων
1344 2709 1440 2735 οὐδένα
1456 2707 1611 2743 ποιούμενοι
1633 2707 1720 2742 λόγον,
1737 2707 1791 2732 πᾶν
1810 2704 1850 2731 εἷ-

1069 2754 1111 2785 δος
1126 2753 1257 2789 ἐπηρείας
1273 2753 1342 2780 κατὰ
1361 2753 1411 2788 τὴν
1423 2752 1527 2780 οἰκείαν
1539 2752 1698 2780 δυναστείαν
1716 2752 1850 2785 ἐπάγουσι

1117 2821 1137 2836 ²¹
1152 2819 1224 2848 Psal.
1245 2827 1326 2852 xxxv,
1347 2819 1372 2846 6.
