1981 3073
129 152 183 179 ιε’

627 148 906 177 COMMENTARIUS
924 148 957 175 IN
979 148 1152 178 IIABACU'CI
1171 150 1247 179 CAP.
1266 151 1285 178 l.

1704 154 1759 183 ιω

129 212 191 242 τοῖς
208 209 381 245 πενομένοις·
406 209 510 235 δίκαιον
535 208 588 244 γὰρ
611 208 728 235 ἐνταῦθα
749 209 794 235 τὸν
811 209 919 236 ἀδικού-

972 217 1101 245 paupere,
1128 210 1174 245 qui
1198 211 1301 244 justam
1323 211 1487 246 impetrandi
1506 212 1693 240 defensionem
1716 214 1759 241 di-

132 265 215 291 μενον
238 255 340 290 πένητα
362 255 458 286 καλεῖ,
485 254 523 286 ὡς
543 255 649 286 δικαίας
669 263 701 288 γε
726 255 775 290 τῆς
799 255 920 287 ἐκδικίας

130 301 304 336 τευξόμενον.
335 309 345 326 t
362 301 475 327 Ἕνεκεν
488 300 585 326 τούτου
601 300 769 332 ἐξελεύσεται
782 301 812 327 τὸ
834 302 920 335 κρῖμα

130 346 356 381 διεστραμμένον.
379 355 389 372 ›
413 345 554 372 Ἐντεῦθεν
575 346 635 371 οὐδὲ
659 345 734 381 παρὰ
755 345 802 372 τοῦ
824 345 918 381 κριτοῦ

130 391 275 426 γινόμενόν
288 400 314 417 τι
331 391 368 426 μὴ
390 390 605 426 διεστραμμένον
620 391 669 417 ἴδοι
687 400 728 422 τις
748 391 781 417 ἄν
795 399 801 406 ·
826 391 919 426 ἐπειδὴ

130 437 259 468 κάκεῖνος
272 435 381 471 ἀμελῶν
395 434 442 462 τοῦ
458 435 564 461 δικαίου
578 435 646 470 πρὸς
666 435 712 462 τὸν
725 435 920 461 δυναστεύοντα

129 483 182 516 τὴν
199 483 291 508 πᾶσαν
308 481 365 516 ἔχει
383 481 479 516 ῥοπήν.
501 479 569 507 Εἶτα
591 481 640 515 τὴν
655 480 710 507 τῶν
725 480 919 516 πραττομένων

131 527 328 561 αἰτιασάμενος
341 526 455 552 ἀτοπίαν
471 526 500 552 ἐν
512 525 629 557 τούτοις,
649 526 747 559 ἐπάγει
767 525 858 552 λοιπὸν
871 525 919 560 τὴν

130 571 268 606 τιμωρίαν
281 579 288 586 ·
314 571 353 602 ὡς
373 570 407 597 ἂν
427 571 495 606 μετὰ
517 570 566 606 τὴν
591 570 709 602 ἔντευξιν
722 570 777 596 τῶν
794 570 861 604 πρὸς
874 570 919 596 τὸν

131 616 198 642 Θεὸν
215 616 244 649 ἐξ
265 615 463 649 ἀποκαλύψεως
485 615 560 646 θείας
584 614 710 649 ἐγνωκώς
726 623 757 641 τε
771 614 856 649 αὐτὴν
872 614 920 641 καὶ

133 661 244 697 μηνύων
261 662 346 688 ἆπασι
358 662 479 692 δικαίως.
508 670 516 686 t
535 661 629 692 Ἴδετε,
652 662 676 686 οἱ
703 660 918 695 καταφρονηταὶ,

131 708 178 733 καὶ
193 707 365 741 ἐπιϐλέψατε,
381 707 427 733 καὶ
440 707 607 741 θαυμάσατε·
624 707 671 733 καὶ
686 705 754 732 ῐδετε
768 705 917 740 θαυμάσια.

131 754 180 780 καὶ
193 752 359 788 ἀφανίσθητε
371 761 377 766 ·
399 752 466 779 διότι
482 752 562 787 ἔργον
577 751 633 786 ἐγὼ
648 752 800 787 ἐργάζομαι
813 752 842 778 ἐν
862 752 920 782 ταῖς

131 797 249 833 ἡμέραι,
274 797 367 832 ὑμῶν,
397 797 411 823 ὃ
433 797 464 823 οὺ
481 797 518 832 μὴ
534 796 698 832 πιστεύσητε
719 797 766 823 ἐάν
786 804 828 827 τις
847 795 918 822 ἐκδι-

133 844 244 878 ηγῆται.
258 852 268 868 ι
287 843 325 877 (p.
338 843 401 876 558)
433 842 512 869 Ἀλλὰ
537 843 590 878 γὰρ
608 842 658 868 οὐκ
684 843 724 873 εἰς
738 842 768 868 τὸ
789 841 920 872 παντελὲς

971 263 1041 290 gnus
1068 261 1137 283 erat.
1169 266 1178 282 ι
1194 256 1341 292 Propterea
1362 259 1518 293 egredietur
1535 259 1669 294 judicium
1693 259 1762 295 per;

972 308 1091 328 versum.
1110 311 1119 326 ι
1141 300 1210 328 Hinc
1225 301 1292 328 nihil
1304 310 1337 328 ne
1351 309 1364 327 a
1381 303 1473 336 judice
1489 304 1598 338 quidem
1621 304 1675 333 nisi
1697 313 1759 340 per-

971 353 1080 373 versum
1111 346 1167 373 fieri
1184 347 1331 381 quisquam
1346 347 1451 381 videat;
1468 356 1530 375 nam
1550 353 1577 376 et
1593 349 1655 381 iste.
1677 351 1759 386 aequi-

970 394 1025 418 tate
1039 391 1153 424 omissa,
1169 391 1201 418 ad
1215 396 1350 426 potentem
1367 395 1424 419 toto
1440 394 1482 421 sui
1497 394 1616 428 pondere
1631 396 1756 428 inclinat.

971 435 1073 463 Deinde
1090 437 1159 463 hanc
1173 444 1284 471 operum
1299 437 1447 464 saevitatem
1465 438 1635 474 vituperans,
1648 449 1757 476 pmnanl

971 488 1033 508 mox
1051 481 1156 513 subdit,
1172 482 1251 516 quasi
1269 482 1339 508 hanc
1353 482 1381 508 in
1396 485 1514 510 tractatu
1529 492 1591 511 cum
1609 485 1664 513 Deo
1679 494 1759 514 reve-

971 526 1071 554 latione
1087 534 1204 562 superna
1229 527 1363 560 novisset,
1387 535 1505 562 eamque
1529 531 1627 558 merito
1649 534 1757 560 cunctis

970 571 1154 606 portenderet.
1173 582 1182 598 (
1203 572 1308 603 Videte,
1331 576 1552 608 contemptores,
1575 579 1602 602 et
1618 577 1756 611 respicite.

971 623 996 645 et
1008 618 1191 650 admiramini,
1217 623 1244 645 et
1262 622 1384 653 spectate
1405 619 1551 652 mirabilia,
1573 625 1600 648 et
1622 621 1758 656 disperdi-

970 662 1047 696 mini,
1060 662 1125 698 quia
1141 670 1210 697 opus
1224 670 1273 698 ego
1290 671 1389 698 operor
1406 663 1433 690 in
1446 664 1543 692 diebus
1560 666 1670 699 vestris,
1684 668 1757 701 quod

970 716 1024 736 non
1054 708 1204 736 crederetis
1227 709 1250 736 si
1280 709 1341 743 quis
1369 714 1503 737 narraret.
1520 719 1530 736 θ
1553 701 1757 739 ’νειυηιιιιιιιθιι

971 755 1044 782 haud
1071 759 1203 790 perpetuo
1227 756 1285 783 haec
1310 763 1325 782 a
1341 756 1419 784 vobis
1442 756 1500 783 fieri
1521 761 1649 792 poterunt
1672 758 1758 786 divini

969 799 1065 834 judicii
1099 800 1334 835 contemptoribus
1361 809 1367 827 :
1391 800 1517 828 videbitis
1553 802 1625 829 enim
1658 803 1758 829 miram

971 843 1114 878 quamdam
1126 844 1294 878 punitionem
1308 844 1551 879 vobisimpactam,
1565 848 1592 872 et
1600 846 1757 873 omnimodo

131 887 198 922 ὑμῖν
217 887 325 919 ἐξέσται
342 886 455 913 τοιαῦτα
472 888 558 912 ποιεῖν
577 887 626 922 τῆς
649 887 765 922 κρίσεως
780 894 919 921 καταφρο·

972 888 1055 915 exitio
1080 895 1192 922 parem;
1220 895 1338 922 namque
1365 888 1402 914 ita
1425 887 1496 915 Deus
1513 889 1652 916 vobiscum
1676 895 1754 926 aget:

129 933 208 959 νοῦσι
220 934 269 968 τῆς
285 932 360 964 θείας
370 942 377 948 ·
397 932 496 967 δψεσθε
512 932 566 968 γὰρ
585 933 744 968 θαυμαστήν
758 941 819 959 τινα
834 941 918 967 τιμω-

131 978 193 1013 ρίαν
212 977 386 1013 ἐπαγομένην
403 978 485 1012 ὑμῖν,
505 978 551 1004 καὶ
565 978 633 1014 πρὸς
649 978 802 1013 ἀφανισμὸν
818 977 918 1014 ἀρκοῦ-

131 1032 181 1049 σαν
207 1022 322 1058 παντελῆ
336 1042 343 1055 ,
372 1021 466 1057 ἐπειδὴ
489 1021 602 1049 τοιαῦτα
625 1023 689 1058 ὑμῖν
712 1023 807 1056 ἐπάξει
833 1023 916 1054 Θεὸςο

972 933 1071 967 quippe
1094 933 1130 959 ita
1147 933 1238 960 valent
1252 933 1352 959 verba:
1374 930 1505 968 Opusego
1521 934 1667 968 operabor,
1683 937 1757 970 quod

972 976 1131 1003 incredibile
1154 980 1266 1003 narratu
1288 976 1436 1009 videbitur,
1453 981 1516 1016 ante
1541 978 1623 1013 hujus
1647 981 1757 1014 experi.

972 1027 1103 1048 mentum.
1123 1021 1200 1053 Quod
1215 1021 1295 1056 quale
1314 1022 1360 1054 sit,
1378 1022 1463 1049 dicit.

129 1068 209 1094 τοῦτο
221 1068 276 1104 γὰρ
292 1068 376 1103 λέγει,
387 1068 733 1105 Ἐργονέγὼέρτάζομαι,
746 1069 760 1095 ὃ
778 1069 825 1095 καὶ
848 1069 961 1095 ἄπιστον
980 1066 1013 1093 ἂν
1029 1068 1061 1093 ὲκ
1088 1067 1170 1102 μόνης
1195 1067 1344 1102 διηγήσεως
1367 1067 1471 1100 γένοιτο
1495 1069 1550 1103 πρὸ
1566 1070 1615 1105 τῆς
1640 1067 1755 1104 πείρας·

130 1116 207 1141 ποῖον
220 1115 297 1141 τοῦτο
311 1114 406 1149 λέγων.

167 1161 240 1196 Στίχ.
256 1161 332 1197 «ς’-η’.
349 1171 398 1187 o—c
413 1161 484 1188 Διότι
499 1161 555 1196 ἐγὼ
569 1161 669 1197 ἐγείρω
683 1162 745 1193 τοὺς
759 1161 918 1192 Χαλδαίους,

129 1206 161 1233 τὺ
173 1206 248 1238 ἔθνος
263 1206 294 1232 τὸ
318 1206 416 1241 πικρὸν
433 1207 480 1232 καὶ
496 1206 528 1232 τὸ
548 1206 668 1240 ταχινὸν,
690 1206 723 1232 τὸ
739 1206 919 1241 πορευόμενον

129 1250 178 1276 ἐπὶ
207 1249 242 1275 τὰ
270 1249 359 1283 πλάτη
390 1249 439 1284 τῆς
465 1249 537 1284 γῆς.
566 1249 613 1275 τοῦ
644 1249 919 1284 κατακληρονομῆσαι

130 1293 299 1328 σκηνώματα
313 1293 362 1319 οὐκ
379 1293 472 1320 αὑτοῦ,
487 1303 496 1319 r
520 1293 628 1325 Ἐπάξω
641 1294 694 1328 γὰρ
711 1294 775 1328 ὑμῖν
790 1294 852 1324 τοὺς
867 1293 920 1319 Βα-

129 1338 278 1370 6υλωνίους
302 1339 353 1374 τῆς
366 1339 502 1374 τοσαύτης
517 1339 595 1374 ὑμῶν
616 1339 709 1365 ἕνεκεν
737 1338 917 1374 παρανομίας,

130 1385 207 1416 ἔθνος
222 1384 372 1419 ὠμότατον,
389 1385 436 1411 καὶ
454 1385 522 1419 μετὰ
540 1384 636 1411 πολλοῦ
652 1384 698 1410 τοῦ
719 1384 816 1419 τάχους
830 1384 920 1409 ἐπιτε-

129 1429 193 1456 λοῦν
208 1429 226 1456 ἃ.
241 1429 374 1464 βούλεται,
397 1429 412 1456 δ
428 1431 517 1456 πᾶσαν
543 1429 586 1456 διὰ
606 1430 656 1464 τὴν
676 1429 829 1464 προσοῦσαν
846 1427 920 1463 αὐτῷ

130 1476 244 1511 δύναμιν
260 1476 357 1511 μικροῦ
373 1484 405 1509 γε
419 1475 593 1502 ἐπελεύσεται
606 1476 654 1510 τὴν
669 1475 732 1510 γῆν,
745 1475 783 1506 ὡς
797 1474 830 1501 ἂν
848 1483 921 1509 περι-

130 1522 238 1549 σάλοιτο
262 1522 368 1556 κτῆσιν,
387 1522 436 1556 τὴν
459 1521 614 1557 μηδαμόθεν
631 1521 706 1556 αὐτῷ
730 1521 920 1556 προσήκουσαν

130 1565 274 1601 μηδαμῶς.
294 1565 427 1601 (Φοὸερδς
443 1566 490 1592 καὶ
504 1566 640 1600 ἐπιφανής
655 1566 722 1596 ἐστι,
734 1574 744 1590 ι
759 1563 857 1590 πολλοῦ
872 1563 918 1597 γέο
934 1558 955 1586 C

132 1612 192 1647 μῶν
214 1611 262 1638 τοῦ
287 1611 368 1645 φόϐου
387 1611 434 1637 καὶ
450 1611 608 1646 καταφανὴς
629 1610 729 1637 ἅπασιν
745 1611 777 1636 ἐκ
791 1609 918 1636 δύνασθαι

131 1657 249 1692 μεγαλα.
271 1665 280 1682 ι
293 1657 338 1689 Ἐξ
352 1656 435 1683 αὑτοῦ
449 1656 478 1683 τδ
491 1658 578 1692 κρῖμα
599 1655 682 1683 αὑτοῦ
708 1655 798 1688 ἐσται,
824 1655 872 1682 καὶ
889 1655 919 1681 τὺ

130 1702 229 1738 λῆμμα
242 1702 324 1729 αὐτοῦ
341 1701 371 1734 ἐξ
381 1701 462 1728 αὑτοῦ
481 1701 658 1735 ἐξελεύσεται.
670 1711 679 1728 ι
698 1702 783 1729 Οὐθὲν
795 1701 844 1736 τῆς
860 1700 919 1727 ἑτέ-

132 1757 180 1784 ρου
190 1749 317 1784 δεόμενος
333 1748 497 1783 συμμαχίας,
507 1748 564 1775 ἀλλ¹
575 1749 655 1780 αὐτὸς
666 1748 753 1783 οἰκείᾳ
764 1749 798 1783 τῇ
807 1747 920 1781 δυνάμει

132 1794 223 1821 πάντα
236 1794 478 1830 διαπραττόμενος,
496 1793 566 1820 ὥστε
589 1793 636 1821 καὶ
655 1793 757 1828 κρίνειν
774 1792 819 1819 καὶ
835 1801 919 1818 κατα-

132 1840 244 1875 κρατεῖν
260 1835 296 1866 ὧν
313 1839 446 1874 βούλεται,
459 1839 556 1875 ἁθρόον
578 1848 608 1865 τε
624 1840 657 1874 ἣν
677 1839 710 1865 ἂν
734 1838 812 1873 ἐθέλῃ
833 1846 918 1872 τιμωο

132 1883 195 1919 ρίαν
210 1883 323 1918 ἐπάγειν
340 1885 441 1916 αὐτοῖς.
467 1894 476 1910 ι
488 1885 542 1911 Καὶ
558 1883 714 1916 ἐξαλοῦνται
730 1883 798 1918 ὑπὲρ
820 1882 920 1918 παρδά-

132 1929 189 1960 λεις
209 1930 233 1955 οἱ
256 1929 334 1956 ἵπποι
348 1930 442 1963 αὐτοῦ,
460 1931 508 1957 καὶ
518 1929 639 1964 ὀξύτεροι
656 1929 726 1963 ὑπὲρ
741 1929 804 1960 τοὺς
821 1929 919 1960 λύκους

131 1974 183 2009 τῆς
208 1975 357 2010 Ἀραϐίας,
378 1976 426 2002 καὶ
450 1975 645 2009 ὲξιππὰσονται
666 1976 691 2001 οἱ
718 1975 796 2001 ἵπποι
824 1973 918 2006 αὑτοῦ,

133 2019 173 2054 (p.
185 2020 248 2055 559)
263 2021 310 2047 καὶ
321 2021 471 2056 ὁρμήσουσι
485 2020 631 2056 μακρόθεν·
645 2021 692 2047 καὶ
706 2019 920 2055 πετασθήσονται

132 2065 171 2097 ὼς
181 2066 259 2098 ἀετὸς
268 2067 406 2103 πρόθυμος
422 2067 468 2093 ἐπὶ
481 2067 511 2093 τὸ
524 2068 629 2101 φαγεῖν.
642 2076 650 2092 ι
670 2065 790 2092 Ἱππικὸν
810 2065 858 2099 μὲν
873 2065 920 2091 αὺ-

133 2110 173 2145 τῷ
190 2111 445 2146 παρεσκευασμένον
459 2112 517 2137 ἐστὶ
535 2110 603 2146 πρὸς
620 2110 747 2145 πόλεμον,
762 2108 919 2145 παρδάλεών

133 2164 163 2182 τε
183 2157 230 2182 καὶ
251 2156 304 2183 τῶν
328 2157 398 2184 κατὰ
409 2157 458 2191 τὴν
484 2156 612 2191 Ἀραϐίαν
626 2156 715 2182 λύκων
731 2155 874 2189 ὀξύτερον·
895 2154 919 2180 οί

132 2201 163 2227 δὲ
179 2202 339 2234 ἱππεύοντες
361 2201 478 2236 τοσαύτῃ
497 2201 566 2236 πρὸς
580 2201 609 2227 τὺ
626 2201 753 2235 πολεμεῖν
772 2199 919 2234 κέχρηνται

1005 1159 1088 1188 Vens.
1105 1159 1166 1186 6-8.
1183 1173 1217 1178 —-
1231 1168 1240 1185 ‹
1259 1159 1328 1192 Quia
1340 1167 1390 1195 ego
1404 1160 1547 1188 Chaldaeos
1559 1166 1673 1193 susc.to,
1695 1169 1756 1196 geu-

969 1210 1022 1232 tem
1041 1205 1167 1232 acerbam
1191 1208 1217 1231 et
1233 1205 1364 1237 ve10cem,
1379 1213 1440 1240 qua:
1452 1207 1574 1233 ambulat
1595 1214 1678 1241 super
1697 1208 1758 1234 lati-

971 1249 1079 1276 tudines
1095 1254 1183 1279 terrae,
1201 1253 1230 1275 ut
1246 1250 1384 1283 possideat
1400 1251 1577 1278 tabernacula
1596 1260 1649 1279 non
1664 1260 1724 1280 sua.
1746 1263 1755 1278 ι

967 1295 1108 1322 Adducam
1133 1298 1231 1322 contra
1262 1302 1310 1322 vos
1329 1295 1504 1330 Babylonios,
1523 1301 1633 1331 propter
1649 1302 1754 1324 tantum

969 1341 1060 1368 scelus
1070 1344 1201 1374 vestrum,
1218 1344 1326 1376 gentem
1343 1341 1535 1374 saevissimam,
1548 1347 1574 1370 et
1592 1344 1625 1369 ad
1641 1343 1667 1370 id
1683 1344 1757 1378 quod

968 1386 1086 1414 voluerit
1101 1386 1306 1421 exsequendum
1322 1386 1568 1422 expeditissimam,
1581 1391 1642 1423 qua:
1653 1390 1758 1418 viribus

969 1432 1071 1467 quibus
1096 1432 1181 1466 pollet
1196 1432 1352 1459 universam
1380 1432 1463 1460 ferme
1480 1437 1582 1461 terram
1601 1435 1758 1469 occupabit,

973 1480 1003 1503 ut
1017 1483 1048 1502 ea
1066 1476 1119 1503 sibi
1133 1475 1271 1510 subjiciat,
1292 1484 1353 1511 quae
1370 1476 1528 1505 nullatenus
1542 1477 1577 1505 ad
1592 1485 1622 1506 se
1638 1481 1758 1514 pertine-

970 1521 1044 1547 bant.
1068 1530 1077 1546 σ
1098 1520 1240 1548 Terribilis
1254 1521 1334 1556 235
1349 1525 1376 1549 et
1391 1522 1506 1549 illustris
1534 1527 1576 1550 est
1593 1533 1602 1549 ι
1628 1524 1758 1551 mullum-

972 1574 1024 1601 que
1049 1570 1181 1594 terrorem
1205 1565 1338 1598 aiferens,
1366 1572 1486 1603 notaque
1510 1569 1638 1597 omnibus
1658 1570 1692 1596 ob
1709 1578 1758 1604 po-

973 1611 1064 1639 tentiae
1078 1619 1135 1638 suae
1149 1611 1379 1646 magnitudinem.
1397 1621 1407 1638 ι
1429 1613 1468 1640 Ex
1478 1613 1536 1648 ipsa
1549 1613 1684 1648 judicium
1698 1616 1759 1649 ejus

972 1656 1037 1688 erit,
1058 1660 1085 1683 et
1103 1656 1256 1690 assumptio
1281 1656 1341 1690 ejus
1361 1664 1394 1683 ex
1411 1656 1470 1691 ipsa
1492 1657 1655 1692 egredietur.
1672 1669 1681 1685 ι
1697 1659 1757 1686 Nul-

972 1702 1026 1729 lius
1043 1702 1144 1728 auxilio
1167 1701 1306 1736 indigens,
1327 1701 1375 1729 sed
1402 1706 1499 1737 suapte
1519 1705 1638 1738 potentia
1659 1711 1759 1732 cuncta

972 1754 1136 1781 exsequens,
1162 1747 1199 1773 ita
1222 1750 1251 1773 ut
1272 1751 1300 1774 et
1322 1747 1463 1779 decernat.
1486 1751 1514 1775 ct
1528 1748 1600 1783 quod
1615 1750 1673 1776 vult
1687 1751 1759 1778 obti-

972 1796 1046 1824 neat,
1071 1792 1245 1826 subitamque
1265 1800 1313 1826 pro
1338 1800 1389 1820 suo
1403 1793 1480 1820 libito
1501 1801 1609 1828 ptenam
1631 1796 1758 1824 hostibus

972 1835 1114 1870 impingat.
1137 1844 1146 1861 (
1163 1835 1195 1862 Et
1204 1836 1332 1863 exsilient
1349 1837 1410 1871 plus
1421 1845 1500 1872 quam
1519 1838 1596 1872 pardi
1609 1840 1672 1873 equi
1685 1840 1758 1874 ejus,

972 1885 1000 1908 et
1015 1881 1167 1908 velociores
1185 1881 1258 1915 lupis
1278 1881 1393 1909 Arabiae.
1411 1881 1443 1908 Et
1464 1883 1627 1917 equitabunt
1649 1886 1757 1919 equites

972 1925 1043 1959 ejus,
1071 1929 1097 1952 et
1116 1925 1150 1952 de
1172 1925 1322 1960 longinquo
1348 1926 1462 1957 irruent,
1479 1931 1508 1954 et
1532 1928 1662 1956 volabunt
1679 1930 1758 1964 quasi

973 1969 1064 2003 aquila
1083 1968 1116 1996 ad
1133 1968 1282 1996 vorandum
1296 1969 1409 2004 percita.
1426 1979 1434 1995 ι
1457 1969 1601 2005 Equitatus
1617 1975 1658 1999 est
1671 1973 1709 2000 illi
1720 1973 1755 2000 ad

974 2015 1076 2042 bellum
1098 2017 1222 2048 paratus,
1247 2014 1343 2049 pardis
1365 2018 1391 2041 et
1412 2015 1519 2043 Arabiae
1540 2016 1611 2051 lupis
1626 2017 1756 2045 velocior.

977 2059 1082 2087 Tantus
1101 2067 1166 2086 vero
1181 2063 1224 2087 est
1248 2059 1368 2094 equitum
1395 2060 1428 2087 ad
1449 2061 1603 2088 bellandum
1629 2062 1757 2098 impetus,

973 2110 1004 2132 ut
1021 2105 1054 2132 ad
1069 2105 1231 2139 longinquas
1254 2105 1380 2140 regiones
1399 2106 1526 2133 alacriter
1542 2107 1708 2142 discurrant,
1726 2116 1759 2136 ac

973 2151 1066 2178 volare
1088 2150 1286 2185 propemodum
1311 2150 1456 2178 videantur
1472 2151 1506 2179 iis
1529 2153 1576 2186 qui
1594 2153 1691 2187 prooul
1710 2153 1759 2179 has

974 2197 1072 2227 bitant,
1087 2196 1184 2231 aquila:
1199 2196 1288 2223 instar
1297 2203 1358 2231 quae
1372 2197 1401 2223 in
1416 2197 1536 2231 praedam
1552 2198 1648 2225 insilit.

132 2250 166 2284 τῇ
191 2249 347 2284 προθυμίᾳ,
374 2249 444 2275 ὥστε
466 2248 631 2284 θαρροῦντας
652 2249 698 2273 ἐπὶ
725 2248 776 2281 γῆν
800 2246 921 2272 ἐλαύνειν
944 2243 1084 2278 πόρρωθεν
1109 2242 1253 2278 κειμένην.
1276 2243 1322 2269 καὶ
1348 2243 1428 2278 μόνον
1447 2244 1496 2271 οὐκ
1516 2245 1679 2279 ἐφίπτασθαι
1704 2244 1759 2278 sui";

134 2294 277 2330 πόῤῥωθεν
296 2294 386 2321 αὐτῶν
401 2295 602 2330 ἀπῳκισμένοις
620 2293 719 2326 δοκεῖν,
733 2292 813 2319 ἀετοῦ
830 2291 906 2325 δίκην
926 2290 971 2317 ἐπὶ⁹
988 2289 1074 2324 θήραν
1092 2288 1210 2323 ἐτοίμου.

170 2338 246 2373 Στίχ.
262 2338 341 2366 θ’-ιδ⁷.
358 2353 392 2358 —-
411 2348 420 2364 ι
432 2338 575 2365 Συντέλεια
591 2338 634 2363 ἐπ’
657 2337 765 2367 ἀσεὸεῖς
776 2336 836 2370 ἣξει
851 2334 916 2361 ἀνθ-

1007 2332 1092 2366 Vens,
1107 2332 1182 2359 9-H.
1194 2347 1227 2352 —
1246 2341 1255 2357 ι
1273 2332 1479 2361 Consummatio
1502 2334 1529 2361 in
1551 2335 1650 2369 impios
1667 2337 1757 2364 veniet

135 2383 288 2419 εστηκότας
315 2383 453 2418 προσώπῳ
477 2383 566 2410 αὐτῶν
593 2382 623 2414 ἐξ
651 2382 783 2412 ἐναντίας.
799 2390 807 2406 ι
839 2377 919 2406 υῦτοι

135 2427 242 2458 πάντας
252 2427 314 2458 τοὺς
326 2428 355 2453 ἐν
369 2427 408 2462 τῷ
421 2427 486 2462 λαῷ,
501 2427 550 2461 τὴν
564 2426 635 2452 κατὰ
650 2425 704 2451 τῶν
719 2425 841 2459 πενήτων
860 2423 921 2450 ἀσέ-

134 2473 213 2500 σειαν
228 2473 467 2507 ἐπιδεικνυμένους
489 2471 629 2502 παντελῶς
645 2470 822 2497 ἀπολέσουσιν
836 2489 843 2502 ,
861 2468 921 2494 οὺδέ

135 2519 205 2553 πρὸς
222 2519 253 2544 τὸ
268 2518 435 2553 βραχύτατον
451 2516 620 2543 ἀντιϐλέπειν
633 2515 740 2547 αὐτοῖς,
764 2514 781 2549 ἢ
796 2513 922 2541 ἀνθίστα-

136 2563 200 2589 σθαι
215 2562 381 2598 τολμῶντας.
399 2571 408 2588 ι
419 2562 476 2589 Καὶ
490 2560 597 2593 συνάξει
611 2560 648 2592 ὡς
669 2560 761 2595 ἄμμον
783 2557 922 2593 αίχμαλω-

137 2608 199 2635 σίαν
211 2616 217 2622 ”
232 2609 279 2634 καὶ
294 2608 375 2639 αὐτὸς
396 2608 424 2633 ἐν
443 2606 597 2642 βασιλεῦσιν
617 2605 779 2641 ἐντρυφήσει
789 2623 797 2636 ,
811 2603 858 2630 καὶ
874 2603 922 2629 τύ-

136 2661 234 2688 ραννος
251 2653 366 2686 παίγνια
379 2652 462 2678 αὑτοῦ
476 2659 483 2667 ⁸
501 2651 548 2677 καὶ
573 2650 652 2681 αὐτὸς
664 2651 703 2681 είς
718 2650 772 2676 πᾶν
793 2648 924 2684 ὀχύρωμα

136 2698 300 2732 ἐμπαίξεται
311 2718 318 2730 ,
333 2698 380 2724 καὶ
396 2697 470 2732 βαλεῖ
481 2696 580 2731 χῶμα,
596 2696 643 2723 καὶ
657 2695 789 2731 κρατήσει
809 2693 900 2720 αὑτοῦ.
912 2702 921 2718 r

136 2743 254 2775 Πολλοὺς
269 2744 319 2778 μὲν
334 2741 381 2769 οὖν
395 2741 582 2777 αίχμαλώτους
595 2742 750 2776 ἐργάσεται,
770 2740 907 2775 ἀναριθμή
917 2753 924 2759 ~

135 2797 198 2820 τους
212 2789 261 2824 οὐχ
275 2786 357 2824 ἧττον
383 2788 400 2822 ἢ
413 2787 518 2822 ἄμμος·
532 2787 612 2818 αὐτὸς
627 2787 655 2813 δὲ
672 2787 720 2822 τὴν
744 2786 811 2813 ἰδίαν
829 2785 924 2820 ἡδονὴν

136 2833 282 2868 ιὺξήσειεν
309 2833 348 2868 τῷ
372 2832 470 2864 πολλὰς
495 2831 617 2858 καθελεῖν
643 2830 800 2866 βασιλείας·
820 2827 858 2858 ὧν
881 2830 925 2857 τὸν

970 2377 1130 2405 resistentes
1148 2376 1226 2404 faciei
1242 2377 1364 2411 ipsorum
1379 2385 1413 2405 ex
1428 2378 1554 2406 adverso.
1573 2388 1582 2405 ι
1598 2379 1630 2406 Hi
1642 2385 1758 2409 cunctas

971 2423 1004 2449 de
1024 2422 1134 2457 populo,
1152 2421 1199 2456 qui
1222 2421 1354 2450 adversus
1369 2429 1504 2457 pauperes
1527 2423 1612 2458 iniqui
1635 2424 1757 2457 fuerunt,

971 2468 1094 2496 funditus
1107 2467 1235 2502 perdent;
1251 2474 1314 2494 nam
1335 2475 1370 2495 ne
1386 2468 1548 2496 brevissimo
1565 2470 1674 2503 quidem
1690 2476 1759 2498 tem-

973 2521 1039 2548 pore
1059 2520 1093 2540 ex
1116 2512 1231 2539 adverso
1259 2512 1359 2539 intueri
1384 2513 1477 2545 hostes
1503 2518 1550 2541 aut
1567 2514 1602 2542 iis
1625 2516 1761 2544 obsistere

973 2559 1120 2586 audebunt.
1144 2567 1153 2582 ι
1172 2557 1205 2584 Et
1217 2558 1395 2592 congregabit
1419 2559 1498 2593 quasi
1519 2567 1629 2587 arenam
1649 2563 1761 2596 captivi-

973 2608 1064 2631 tatem.
1093 2602 1125 2629 Et
1139 2603 1197 2637 ipse
1214 2603 1248 2630 de
1261 2603 1370 2637 regibus
1384 2603 1497 2631 delicias
1513 2607 1611 2640 capiet,
1628 2610 1655 2634 et
1667 2610 1761 2642 tyran—
1784 2641 1786 2643 τ

972 2658 1024 2678 nus
1040 2649 1160 2676 ludibria
1179 2649 1240 2684 ejus
1259 2658 1265 2675 :
1282 2653 1309 2676 ot
1325 2650 1383 2684 ipse
1402 2651 1515 2678 cuilibet
1535 2651 1680 2679 munitioni
1698 2653 1762 2680 illu-
1784 2653 1788 2656 ”

973 2696 1033 2727 det;
1053 2698 1081 2722 et
1099 2698 1187 2722 struet
1212 2701 1349 2729 aggerem,
1366 2699 1393 2723 et
1414 2696 1502 2730 capiet
1527 2697 1611 2725 illam.
1629 2707 1639 2724 ›
1660 2697 1761 2726 Multos

973 2741 1065 2775 itaque
1075 2739 1157 2767 faciet
1171 2740 1304 2775 captivos,
1322 2741 1376 2768 imo
1398 2741 1613 2771 innumerabiles
1627 2748 1760 2779 quantum

978 2793 1060 2813 arena
1083 2790 1134 2813 est.
1157 2784 1218 2820 Ipse
1239 2793 1305 2813 vero
1322 2786 1488 2821 voluptatem
1508 2795 1584 2815 suam
1610 2788 1761 2818 cumulabit

979 2832 1126 2860 multorum
1149 2839 1294 2868 regnorum
1319 2832 1514 2868 destructione,
1533 2842 1615 2870 quam
1637 2834 1697 2861 sine
1718 2833 1760 2861 ia-
