1969 3069
208 149 258 176 ιω

787 143 961 173 TIIEODORI
979 142 1218 171 MOPSUESTENI

1776 141 1828 168 4-32

213 210 279 237 bore
300 208 384 235 multo
402 211 428 234 et
439 208 515 242 quasi
537 206 632 233 ludens
649 205 780 240 patrabit;
800 209 881 240 atque
897 203 991 231 eadem

1045 202 1195 237 ἀφανισμὸν
1208 202 1235 227 οὐ
1253 201 1321 236 μετά
1337 200 1432 227 πολλοῦ
1447 200 1493 227 τοῦ
1511 202 1592 228 πόνου
1605 222 1611 233 ,
1626 202 1664 233 ὡς
1675 201 1708 228 ἂν
1722 202 1828 234 παίζων

215 254 341 282 lacilitale
356 253 556 280 munitissimas
572 258 680 285 quoque
697 250 776 277 urbes
794 256 926 283 arcesque
944 248 992 276 ob-

213 300 317 331 tinebit,
328 303 437 326 struens
451 297 653 332 expeditissime
667 303 790 331 aggeres,
809 299 890 330 atque
902 293 992 321 omnia

214 345 347 371 subruens
371 343 428 370 sive
446 342 544 369 inmania
567 341 624 368 sive
645 340 719 366 aliud
741 340 849 374 quidvis
871 343 991 366 tutamen

213 389 329 416 videtur.
356 398 365 414 ι
382 388 457 415 Tunc
473 387 588 414 mutabit
611 385 747 420 spiritum,
759 389 786 412 et
804 383 991 419 pertransibit,

213 438 239 462 et
267 433 469 469 propitiabitur.
490 441 498 457 )
526 430 719 459 Verumtamen
748 429 894 456 maximam
922 428 993 455 hanc

213 479 381 514 punitionem
406 477 555 512 inspiciens
575 475 656 506 Deus,
679 478 706 501 et
723 474 831 509 quidem
856 481 871 500 a
893 473 993 500 talibus

213 526 315 560 talique
331 525 421 552 animo
441 522 561 558 prasditis
577 521 705 549 inilictam
727 519 893 550 hominibus,
915 525 992 545 suam

214 572 344 598 adversus
369 577 419 596 nos
437 569 517 603 236
530 569 596 594 iram
621 567 725 593 emittet
745 569 791 592 :et
814 572 864 599 per
890 564 994 591 medios

215 625 273 648 nos,
300 620 328 642 ut
345 616 382 642 ita
407 615 505 644 dicam,
529 612 699 648 providentia
721 619 770 638 sua
789 610 926 641 transibit,
949 617 995 636 ve-

214 661 286 687 niam
305 659 403 693 priscis
417 657 535 692 peccatis
551 656 709 691 indulgebit,
729 660 757 682 ct
774 655 928 689 impositam
947 654 995 680 bo-

214 713 273 732 rum
303 712 386 733 causa
408 709 515 737 pmnam
535 702 662 728 remittet.
689 710 698 726 ι
718 701 779 727 Haec
802 704 845 727 est
865 699 995 727 fortitudo

214 751 268 778 Deo
299 757 370 793 meo.
395 748 489 775 Nonne
517 751 545 774 tu
572 754 586 773 a
615 747 760 782 principio,
786 745 898 772 Domine
926 744 995 772 Deus

214 790 418 822 sancte'meus?
439 793 469 820 Et
488 801 541 823 non
555 792 722 819 moriemur?
741 801 750 817 ι
767 790 824 817 Hoc
845 794 887 818 est
901 795 996 824 poten-

214 843 258 868 tia:
279 848 359 876 opus,
374 840 445 875 quod
459 840 576 873 desuper
595 844 645 872 pro
658 837 737 864 nobis
755 836 876 863 ostendit
890 836 935 862 ille
949 835 996 870 qui

213 891 325 920 sanctus
337 890 387 916 est.
402 889 429 912 et
443 885 517 912 omni
531 884 569 910 rei
582 883 725 910 exsistenti
738 882 862 916 superior
877 891 882 908 :
898 889 996 916 quam-
1012 879 1032 906 Β

213 933 306 959 obrem
329 931 419 958 vivere
445 936 553 963 quoque
576 935 728 962 speramus,
749 930 810 963 post
835 934 922 961 pcenw
945 927 994 953 de-

214 977 376 1012 pulsionem.
401 985 409 1000 ι
426 974 549 1006 Domine,
566 974 598 1000 ad
619 973 752 1007 judicium
774 980 831 1000 rem
846 973 916 999 hanc
930 979 995 999 con—

214 1023 345 1054 stituisti;
367 1026 394 1048 et
420 1021 546 1048 formavit
567 1027 610 1047 me
634 1024 663 1046 ut
691 1026 802 1054 arguam
822 1018 994 1052 disciplinam

212 1070 280 1104 ejus.
303 1078 311 1093 ι
330 1068 432 1101 Nempe
458 1070 488 1092 ut
510 1065 633 1093 erudiam
658 1065 829 1100 correptione
849 1071 907 1091 mea
932 1064 996 1090 reli-

212 1122 282 1148 quus
299 1113 434 1143 homines,
448 1118 481 1137 ne
496 1110 583 1137 securi
601 1113 724 1144 peccent.
745 1109 847 1136 Deinde
858 1108 892 1135 ad
906 1108 994 1142 ipsum

213 1159 297 1186 Deum
316 1156 451 1184 convertit
468 1162 622 1185 sermonem
641 1164 647 1181 :
667 1163 676 1180 ι
690 1153 779 1181 Purus
802 1153 898 1180 oculus
919 1157 994 1184 tuus.

213 1213 246 1231 ne
268 1204 337 1231 mala
362 1202 460 1232 videat,
479 1204 505 1228 et
526 1199 705 1234 contemplari
727 1199 865 1226 molestias
883 1206 935 1225 non
952 1205 995 1232 po-

214 1255 290 1277 teris.
305 1257 314 1273 »
335 1247 419 1274 Multa
435 1247 483 1272 tibi
497 1246 568 1280 aequi
582 1245 654 1279 juris
668 1252 735 1271 cura
750 1249 792 1271 est
808 1253 814 1270 :
827 1251 911 1278 quare
926 1243 996 1269 male

213 1298 324 1328 agentes
348 1294 470 1327 spectare
489 1299 543 1318 non
560 1290 720 1320 sustinebis,
739 1294 767 1316 et
787 1289 832 1323 qui
856 1289 995 1315 molestia-

213 1347 274 1366 rum
286 1338 348 1364 aliis
362 1341 388 1364 et
407 1336 582 1363 contritionis
593 1339 718 1361 auctores
731 1338 804 1360 sunt.
825 1342 833 1358 ι
852 1333 907 1359 Cur
920 1332 995 1366 aspi-

213 1381 491 1419 ciscontemptores?
513 1380 677 1411 Tacebisne,
704 1378 768 1405 dum
786 1378 892 1412 justum
915 1377 996 1404 deto-

213 1430 254 1456 rat
272 1428 388 1462 impius!
406 1427 439 1453 Et
455 1426 540 1453 facies
557 1425 682 1453 homines
698 1425 776 1458 quasi
798 1423 887 1458 pisces
900 1422 995 1452 maris,

212 1482 239 1504 ct
250 1475 329 1512 quasi
345 1474 452 1509 reptilia
473 1481 527 1500 non
547 1472 672 1499 habentia
695 1471 813 1498 ducem?
828 1480 838 1495 ι
855 1468 913 1496 Non
931 1476 996 1503 ergo

213 1526 338 1557 spectare
352 1520 464 1555 patieris
481 1525 527 1545 eos
540 1517 586 1552 qui
601 1517 750 1551 punitionis
767 1520 821 1543 tuae
837 1518 994 1548 contemptu

215 1569 270 1594 haec
290 1569 391 1600 agunt;
408 1571 495 1598 neque
519 1566 622 1589 tantam
646 1561 815 1596 iniquitatem
837 1559 994 1587 dissimula-

214 1613 266 1642 bis,
292 1615 321 1637 ut
340 1609 406 1644 justi
431 1608 465 1635 ab
491 1607 583 1642 impiis
605 1605 800 1641 propemodum
820 1605 994 1632 devorentur.

214 1660 324 1696 Alioqui
338 1659 491 1686 videbimur
509 1664 524 1683 a
540 1656 662 1691 piscibus
673 1659 755 1689 atque
765 1653 909 1689 reptilibus
925 1652 995 1679 duce

213 1703 371 1738 carentibus
396 1701 463 1729 nihil
487 1700 605 1732 differre,
628 1699 681 1727 nisi
707 1703 735 1725 tu
764 1698 914 1734 punitionis
942 1702 995 1725 tua

1042 248 1071 275 δὲ
1088 249 1228 284 ποιήσεται
1248 247 1359 283 ῥᾳδίως·
1381 247 1449 282 μετά
1463 247 1562 282 πολλῆς
1573 247 1601 274 δὲ
1616 249 1664 283 τῆς
1679 249 1827 283 εὑμαρείας

1042 294 1089 321 καὶ
1102 293 1157 320 τῶν
1174 293 1244 327 ἄγαν
1260 292 1448 328 ὠχυρωμένων
1468 291 1571 319 πόλεών
1584 301 1612 318 τε
1628 293 1674 318 καὶ
1690 293 1827 328 φρουρίων

1043 340 1189 375 κρατήσει,
1204 339 1284 374 χῶμά.
1299 347 1328 364 τε
1342 338 1455 373 ἐγείρων
1480 338 1548 373 μετὰ
1565 337 1665 373 πολλῆς
1685 339 1734 372 τῆς
1748 339 1826 365 εὐκο-

1043 385 1118 418 λίας,
1148 385 1195 411 καὶ
1214 384 1360 410 κατασπῶν
1383 384 1437 409 πᾶν
1465 384 1519 410 εἴτε
1540 385 1629 418 τεῖχος
1657 384 1706 410 εἴθ’
1726 385 1827 420 ἑτέρως

1043 438 1103 461 πως
1116 429 1281 465 ήσφαλίσθαι
1297 428 1401 456 δοκοῦν.
1418 432 1427 462 (
1440 437 1464 463 p.
1483 429 1553 464 560)
1578 439 1587 455 ι
1599 429 1664 455 Τότε
1681 430 1828 464 μεταϐαλεῖ

1043 476 1074 502 τὸ
1088 475 1196 511 πνεῦμα
1215 475 1297 502 αὐτοῦ
1307 495 1315 508 ,
1329 475 1376 501 καὶ
1387 474 1566 506 διελεύσεται,
1585 475 1632 501 καὶ
1646 474 1823 507 ὲξιλάσεται.»

1051 521 1129 548 Ἀλλά
1146 522 1200 555 γὰρ
1222 522 1352 556 μεγίστην
1367 521 1416 556 τὴν
1436 520 1600 555 ἐπαχθεῖσαν
1617 520 1751 555 τιμωρίαν
1766 521 1826 547 ἰδίειν

1044 567 1149 599 ὸΘεδς,
1165 568 1212 594 ἂτε
1239 568 1314 602 παρά
1336 567 1463 593 τοιούτων
1486 567 1532 593 καὶ
1553 566 1624 593 οὕτω
1649 567 1828 601 διακειμένων

1045 612 1217 647 ἐπαγομένην
1230 612 1335 648 ἀνδρῶν
1349 633 1355 643 ,
1383 611 1528 646 μεταϐαλεῖ
1544 612 1592 646 μὲν
1609 613 1658 647 τὴν
1675 612 1736 639 καθ’
1748 612 1827 647 ήμῶν

1044 658 1127 692 ὀργήν
1136 665 1143 672 ⁵
1156 657 1249 692 ὥσπερ
1261 658 1289 684 δὲ
1299 658 1338 688 είς
1353 658 1450 692 μέσους
1463 658 1535 692 ἡμᾶς
1548 658 1580 692 τῇ
1596 657 1742 693 κηδεμονίᾳ
1757 667 1828 693 παρ-

1045 703 1130 730 ελθὼν
1143 723 1150 734 ,
1181 703 1344 738 συγγνώμην
1360 703 1409 738 μὲν
1431 703 1502 738 ὑπὲρ
1522 703 1575 729 τῶν
1599 703 1682 730 πάλαι
1704 703 1829 739 πεπλημ-

1047 748 1205 784 μελημένων
1223 748 1313 780 δώσει,
1328 749 1404 775 λύσει
1416 749 1443 774 δὲ
1455 749 1503 783 τὴν
1519 749 1694 784 ἐπικειμένην
1706 751 1771 784 ἡμῖν
1785 749 1830 776 διὰ

1045 794 1130 822 ταῦτα
1146 795 1289 830 τιμωρίαν.
1307 804 1316 820 ι
1327 795 1399 828 Αὕτη
1417 796 1434 830 ἡ
1459 795 1534 829 ἰσχὺς
1547 795 1584 829 τῷ
1600 794 1659 829 Θεῷ
1684 804 1733 830 μου
1745 803 1752 810 ο
1770 795 1830 830 οὐχὶ

1048 841 1079 866 σὺ
1099 840 1144 866 ἀπ’
1160 841 1264 875 ἀρχῆς,
1279 839 1365 875 Κύριε
1384 840 1398 865 ὁ
1417 840 1481 871 Θεός
1509 848 1559 874 μου
1581 840 1595 865 ὁ
1618 840 1708 874 ἆγιοςς
1730 841 1776 866 καὶ
1798 842 1829 866 οὐ

1048 885 1085 920 μὴ
1100 885 1308 920 ἀποθάνωμεν.»
1327 885 1412 911 Τοῦτο
1433 885 1486 927 γὰρ
1503 885 1553 917 τῆς
1575 885 1625 919 σῆς
1646 885 1786 920 δυνάμεως
1799 886 1832 912 τὸ

1046 931 1136 966 ἔργον,
1152 932 1220 965 ὅπερ
1236 930 1338 958 ἀνωθεν
1352 930 1513 963 ὲπιδέδειξαι
1526 931 1589 966 περὶ
1604 931 1677 966 ἡμᾶς
1690 931 1767 965 ἅγιος
1781 931 1828 961 ὢν,

1046 975 1092 1001 καὶ
1104 975 1211 1001 πάντων
1223 974 1418 1010 ὑπερκείμενος
1432 973 1486 1001 τῶν
1499 975 1592 1007 ὄντων,
1605 975 1675 1009 ὑπὲρ
1689 973 1726 1002 ὧν
1741 976 1769 1003 δὲ
1783 977 1829 1003 καὶ

1047 1020 1174 1055 ζήσεσθαι
1187 1020 1390 1056 προσδοκῶμεν,
1407 1020 1532 1055 λυθείσης
1546 1021 1612 1056 ἡμῖν
1621 1021 1670 1056 τῆς
1685 1022 1828 1057 τιμωρίας.

1050 1074 1058 1090 ι
1074 1065 1216 1100 Κύριε,είς
1230 1067 1316 1100 κρῖμα
1334 1065 1450 1100 τέταχας
1466 1066 1540 1097 αὐτὸ,
1558 1067 1605 1092 καὶ
1617 1066 1717 1093 ἔπλασέ
1734 1077 1766 1102 με
1782 1069 1829 1094 τοῦ

1046 1111 1166 1146 ἐλέγχειν
1181 1111 1303 1136 παιδείαν
1318 1110 1426 1136 αὑτοῦ.»
1442 1111 1562 1137 Ἀνωθεν
1575 1112 1629 1147 γάρ
1647 1120 1680 1145 με
1695 1112 1773 1144 αὐτὸς
1790 1114 1830 1144 εἰς

1045 1157 1094 1191 τὴν
1107 1156 1160 1182 τῶν
1174 1156 1384 1191 ἁμαρτανόντων
1398 1156 1544 1187 διέπλασας
1560 1156 1649 1191 κρίσιν
1658 1165 1664 1171 ·
1680 1158 1717 1188 ὡς
1732 1158 1765 1184 ἂν
1784 1159 1830 1184 καὶ

1046 1201 1202 1236 παιδεύοιμι
1217 1201 1261 1227 διὰ
1287 1201 1341 1227 τῶν
1367 1201 1484 1235 ἐλέγχων
1501 1201 1616 1232 αὐτοὺς,
1635 1201 1688 1235 ἔξω
1707 1202 1758 1237 τῆς
1781 1203 1828 1230 τοῦ

1047 1246 1215 1281 πλημμελεῖν
1241 1245 1420 1272 καθίστασθαι
1448 1245 1557 1277 ἀδείας·
1584 1244 1642 1272 εἶτα
1659 1247 1726 1282 πρὸς
1748 1248 1830 1274 αὐτὸν

1047 1291 1219 1327 ἀποστρέψας
1234 1291 1279 1317 τὸν
1295 1291 1359 1317 Θεὸν
1376 1291 1421 1317 τὸν
1435 1291 1523 1325 λόγον,
1541 1302 1550 1317 ι
1565 1291 1692 1327 Καθαρὸς
1702 1293 1716 1318 ό
1731 1293 1829 1327 ὀφθαλ-

1048 1337 1096 1371 μός
1115 1345 1161 1362 σου
1170 1336 1216 1362 τοῦ
1235 1337 1270 1370 μὴ
1284 1337 1349 1370 ὀρᾷν
1363 1336 1479 1371 πονηρὰ,
1492 1336 1539 1363 καὶ
1553 1337 1708 1363 ἐπιϐλέπειν
1725 1339 1770 1364 ἐπὶ
1781 1339 1830 1364 πό-

1046 1389 1107 1412 νους
1120 1381 1149 1407 οὐ
1162 1381 1289 1417 δυνήσῃ.»
1303 1380 1389 1415 Πολλὴ
1404 1382 1514 1416 φροντίς
1527 1389 1568 1407 σοι
1580 1381 1626 1407 τοῦ
1637 1382 1756 1408 δικαίουι
1769 1383 1830 1410 ὅθεν

1046 1425 1106 1452 οὐδὲ
1129 1425 1237 1459 βλέπειν
1263 1425 1346 1459 ἀνέχῃ
1362 1425 1425 1456 τοὺς
1444 1426 1478 1452 τά
1494 1426 1598 1461 πονηρὰ
1618 1426 1828 1461 ἐργαζομένους,

1047 1471 1136 1496 πόνων
1158 1478 1188 1496 τε
1211 1470 1256 1496 καὶ
1278 1470 1425 1505 ωντριὸἧς
1439 1470 1542 1505 ἑτέροις
1558 1471 1771 1506 καθισταμένους
1786 1473 1829 1499 αι-

1046 1516 1130 1547 τίους.
1149 1516 1186 1550 (p.
1194 1516 1256 1550 561)
1278 1516 1326 1541 «Τί
1340 1516 1495 1548 ὲπιὸλέπεις
1512 1517 1557 1542 ἐπὶ
1574 1518 1828 1552 καταφρονοῦνταςς

1047 1562 1248 1596 παρασιωπήσῃ
1264 1562 1293 1587 ὲν
1306 1561 1345 1596 τῷ
1371 1561 1529 1588 καταπίνειν
1542 1562 1627 1597 ἀσεϐῆ
1646 1562 1692 1588 τὸν
1706 1562 1808 1590 δίκαιον
1819 1571 1827 1578 ·

1044 1607 1091 1632 καὶ
1106 1607 1227 1641 ποιήσεις
1240 1607 1300 1637 τοὺς
1316 1605 1474 1641 ἀνθρώπους
1484 1606 1522 1638 ὡς
1538 1608 1599 1638 τοὺς
1615 1606 1708 1642 ἰχθύας
1721 1608 1769 1643 τῆς
1783 1608 1832 1634 θα-

1044 1651 1145 1686 λάσσης
1157 1672 1164 1683 ,
1179 1652 1226 1678 καί
1243 1652 1280 1683 ὡς
1296 1652 1398 1687 ἑρπετὰ
1411 1652 1460 1678 οὐκ
1480 1652 1575 1686 ἔχοντα
1594 1653 1754 1687 ἡγούμενον,
1767 1662 1777 1679 ι
1793 1654 1831 1680 Οὐ

1043 1697 1133 1724 τοίνυν
1148 1697 1231 1732 ἀνέχῃ
1244 1697 1355 1732 θεωρεῖν
1370 1698 1432 1728 τοὺς
1446 1699 1647 1732 καταφρονήσει
1661 1699 1709 1733 τῆς
1725 1698 1775 1733 σῆς
1790 1707 1831 1725 τι-

214 1747 459 1779 tlemoustratione,
485 1745 573 1780 palam
593 1744 643 1772 fias
664 1751 712 1771 ceu
736 1751 837 1778 praeses
858 1747 950 1770 noster
968 1746 994 1769 et

1047 1743 1152 1778 μωρίας
1167 1743 1277 1769 τοιαῦτα
1294 1742 1542 1777 διαπραττομένους
1553 1763 1560 1776 ,
1573 1743 1633 1769 οὐδὲ
1648 1744 1832 1778 παραπέμπε-

213 1799 323 1822 actuum
344 1792 464 1820 omnium
481 1791 662 1817 humanorum
681 1793 819 1817 scrutator
838 1792 994 1816 accuratus.

1047 1787 1108 1815 σθαι
1125 1789 1175 1823 τὴν
1189 1788 1322 1823 τοσαύτην
1335 1788 1442 1814 ἀδικίαν
1452 1808 1459 1820 ,
1471 1788 1541 1814 ὣστε
1559 1789 1677 1820 δικαίους
1693 1789 1832 1824 μονονουχὶ

213 1836 412 1869 καταπίνεσθαιν
429 1839 481 1865 ὑπὸ
503 1837 609 1864 ἀσεϐῶν
620 1846 627 1852 ·
649 1837 806 1873 φανούμεθα
825 1837 880 1872 γὰρ
898 1836 997 1872 ἰχθύων
1009 1844 1038 1862 τε
1056 1838 1102 1863 καὶ
1119 1837 1241 1872 ἑρπετῶν
1262 1837 1311 1863 οὐκ
1328 1836 1443 1870 ἑχόντων
1467 1836 1617 1871 ἡγούμενον
1632 1836 1831 1868 διαλλάττοντει

212 1889 297 1920 οὐδὲν,
314 1889 338 1914 εἰ
349 1887 386 1922 μὴ
402 1887 436 1921 τῇ
452 1884 571 1920 τιμωρίᾳ
584 1886 617 1919 τῇ
633 1886 666 1920 σῇ
678 1881 756 1919 δῆλος
772 1883 870 1918 γένοιο,
883 1882 1035 1910 ἐπιστατῶν
1045 1892 1075 1910 τε
1093 1884 1160 1919 ἡμῖν
1175 1883 1221 1910 καὶΙ
1234 1883 1324 1909 πᾶσαν
1337 1882 1459 1913 ἐξέτασιν
1475 1882 1576 1918 ἀκριϐῆ
1590 1882 1643 1909 τῶν
1656 1883 1832 1918 ἀνθρωπείοΝ

214 1934 289 1960 ποιού
295 1940 373 1968 μενος
392 1930 572 1966 πραγμάτιον.

250 1978 331 2005 Vens.
350 1977 439 2003 lii-l7.
454 1991 487 1995 —
501 1974 648 2008 Postquam
664 1971 723 1998 haec
741 1970 834 1998 omnia
857 1969 891 1997 de
909 1969 994 2004 Baby-

1080 1971 1154 2006 Στίχ.
1174 1973 1261 2004 ιε’-ιζ’.
1280 1986 1313 1992 -
1325 1972 1418 1999 Ταῦτα
1433 1972 1461 1999 δὲ
1477 1973 1585 2000 ἃπαντα
1601 1974 1664 2009 περὶ
1679 1974 1732 2000 τῶν
1743 1975 1831 2000 Βαϐυ-

214 2025 296 2052 loniis
307 2023 387 2055 dixit,
404 2022 450 2056 qui
468 2028 538 2048 szeve
552 2017 700 2046 admodum
716 2016 844 2052 populum
860 2019 994 2042 tractave-

1045 2015 1146 2043 λωνίων
1163 2017 1296 2052 εἰρηκὼς,
1307 2018 1346 2049 ὡς
1359 2017 1442 2053 πολλῇ
1456 2019 1525 2045 κατά
1537 2019 1584 2044 τοῦ
1599 2019 1664 2045 λαοῦ
1676 2021 1707 2054 τῇ
1722 2020 1831 2055 ἀφειδίᾳ

214 2074 286 2102 rant,
308 2068 419 2102 exponit
437 2067 567 2100 deinceps
587 2065 675 2091 hostis
690 2062 813 2098 ejusdem
835 2061 994 2096 potentiaml

1045 2061 1225 2096 χρησαμένων
1239 2082 1245 2093 ,
1264 2063 1398 2098 διηγεῖται
1411 2063 1503 2090 λοιπὸν
1517 2064 1598 2091 αὐτοῦ
1616 2065 1663 2090 καὶ
1678 2065 1727 2100 τὴν
1749 2065 1829 2092 δύνα-

213 2115 293 2150 cujus
318 2121 369 2148 ope
392 2116 526 2148 quotquot
551 2110 611 2138 vult‘
633 2109 714 2136 malis
740 2107 891 2135 innumeris
919 2106 994 2133 facile

1047 2115 1108 2140 μιν,
1163 2105 1304 2142 χρώμενος
1314 2129 1322 2141 ,
1338 2108 1454 2140 ὁπόσους
1469 2109 1502 2135 ἂν
1516 2109 1601 2136 ἐθέλοι
1614 2110 1720 2144 μυρίοις
1735 2113 1831 2142 κακοῖς

213 2161 311 2188 irretit.
328 2169 337 2186 ‹
355 2161 440 2186 Hamo
453 2157 564 2186 sustulit
580 2156 654 2183 illum
670 2155 703 2182 ad
722 2152 994 2183 consummationem,
1011 2167 1033 2194 Β

213 2206 351 2240 traxitque
371 2211 432 2231 eum
455 2203 505 2230 reti
519 2209 579 2234 suo,
594 2205 621 2227 et
635 2201 664 2227 in
682 2199 790 2234 sagonis
812 2197 870 2225 suis
892 2197 996 2223 aduna-

214 2248 272 2277 viL'
291 2250 436 2284 Propterea
463 2247 599 2275 laetabitur
624 2249 651 2273 et
677 2244 820 2280 gaudebit;
853 2245 996 2277 propterea

213 2296 292 2330 237
309 2293 457 2320 immolabit
479 2299 586 2326 sagenaa
613 2298 678 2322 sure,
703 2293 728 2317 et
743 2287 912 2316 thuriﬁcabit
945 2287 996 2314 reti

213 2346 273 2364 suo.
290 2347 299 2364 ι
321 2338 404 2370 Quasi
415 2337 495 2363 hamo
511 2336 604 2370 aliquo
626 2341 658 2361 ac
678 2334 729 2361 reti
754 2332 886 2368 plurimos
902 2330 995 2366 puten-

213 2385 248 2410 tia
270 2390 319 2410 sus
341 2381 566 2412 circumveniens,
583 2386 710 2414 supremo
726 2377 815 2405 tradet
829 2376 923 2404 exitio.
949 2375 995 2402 Sic

212 2433 302 2455 autem
326 2427 353 2454 in
379 2430 539 2462 potestatem
555 2432 633 2452 suam
647 2427 762 2452 cunctos
781 2422 896 2457 rediget,
916 2425 946 2447 ut
970 2425 997 2447 et

212 2473 340 2507 operibus
357 2474 414 2499 suis
426 2473 571 2508 gavisurus
586 2471 632 2503 sit,
651 2477 683 2497 ac
705 2467 903 2504 propemodum
917 2467 996 2502 quasi

213 2519 269 2545 Deo
288 2518 378 2551 aliquo
393 2517 496 2545 viribus
514 2517 573 2543 suis
587 2515 759 2550 propriorum
776 2517 914 2548 gestorum
939 2519 997 2538 ma-

213 2561 381 2596 gnitudinem
395 2561 556 2587 tributurus.
570 2559 636 2585 Nam
651 2559 745 2590 verba,
760 2567 769 2583 ι
783 2556 935 2584 lmmolahit
950 2563 995 2583 sa-

211 2613 297 2641 genaz,
322 2609 349 2632 et
365 2605 531 2633 thurillcabit
557 2604 627 2637 reti,
648 2613 657 2629 ι
682 2603 748 2630 dicit
771 2607 880 2637 sumpta
907 2606 995 2628 meta-

211 2651 298 2685 phora
319 2650 352 2677 ab
373 2650 406 2677 iis
426 2650 471 2684 qui
501 2650 528 2676 in
554 2656 620 2676 casu
640 2647 792 2682 ejusmodi,
814 2647 917 2682 gratias
940 2645 996 2672 Deo

212 2696 342 2724 referunt.
366 2695 428 2722 Vult
440 2702 504 2729 ergo
517 2695 608 2722 dicere
635 2693 711 2721 illum
724 2693 774 2721 Dei
796 2693 882 2720 instar
898 2691 996 2725 imagi-

213 2741 271 2767 nari
291 2741 381 2766 omnia
399 2747 479 2778 posg
496 2746 545 2773 pro
562 2746 611 2765 suo
636 2739 712 2766 libito
728 2738 850 2771 allicere;
865 2743 995 2765 causam-

214 2794 266 2821 que
286 2784 540 2824 exponeqs.c‘Quia
567 2785 594 2810 in
619 2784 695 2819 ipsis,
710 2784 809 2819 inquit,
832 2782 996 2811 incrassavit

249 2828 304 2867 (68)
317 2830 386 2868 Ὀοιί.
399 2830 582 2864 Συναγμυγαῖς.

1048 2150 1204 2184 περιϐάλλει
1219 2152 1327 2186 ῥᾳδίως.
1342 2153 1515 2180 «Συντέλειαν
1527 2155 1556 2180 ὲν
1569 2155 1707 2190 ἀγκίστρῳ
1717 2156 1831 2182 ἀνέσπα-

1048 2204 1094 2222 σεν
1112 2196 1192 2222 αὐτὸν
1204 2217 1210 2229 ,
1229 2197 1276 2223 καὶ
1291 2198 1413 2225 εἵλκυσεν
1426 2199 1506 2226 αὑτὸν
1524 2201 1553 2225 ὲν
1567 2201 1764 2235 ἁμςιιῦλήστρῳ
1781 2201 1831 2227 αὐ-

1044 2241 1091 2267 τοῦ
1106 2249 1114 2257 ο
1130 2243 1177 2268 καὶ
1192 2245 1343 2278 συνήγαγεν
1359 2245 1441 2271 αὐτὴν
1453 2245 1481 2271 έν
1497 2246 1555 2275 ταῖς
1570 2247 1699 2280 σαγήναις
1715 2247 1770 2280 (l8)
1784 2247 1831 2273 αὐ-

1044 2285 1091 2312 τοῦ
1103 2294 1110 2301 ·
1125 2286 1216 2313 ἕνεκεν
1231 2287 1325 2314 τούτου
1345 2289 1562 2324 εὐφρανθήσεται
1587 2290 1633 2316 καὶ
1658 2291 1806 2325 χαρήσεται
1820 2298 1827 2305 ⁶

1043 2329 1136 2357 ἕνεκεν
1150 2331 1245 2358 τούτου
1264 2331 1340 2358 θύσει
1354 2334 1387 2367 τῇ
1405 2334 1508 2369 σαγήνῃ
1526 2333 1623 2366 αὐτοῦ,
1638 2335 1684 2360 καὶ
1703 2334 1829 2370 θυμιάσει

1044 2374 1082 2409 τῷ
1099 2375 1295 2410 ἀμφιὸλήστρῳ
1312 2376 1403 2402 αὐτοῦ.
1413 2385 1422 2401 ι
1442 2376 1485 2408 Ὡς
1498 2377 1553 2412 γὰρ
1564 2378 1702 2413 ἀγκίστρῳ
1716 2379 1768 2405 τινὶ
1781 2379 1829 2405 καὶ

1045 2420 1242 2455 ἀμφιὸλήστρῳ
1257 2422 1289 2455 τῇ
1305 2422 1393 2456 οίκείᾳ
1406 2421 1518 2456 δυνάμει
1533 2423 1675 2454 πλείστους
1688 2424 1767 2455 ὅσους
1778 2432 1828 2449 πε-

1046 2466 1163 2502 ριϐαλὼν
1178 2468 1217 2497 εἰς
1242 2467 1358 2502 παντελῆ
1382 2468 1564 2504 παραδίδωσιν
1587 2469 1725 2496 ἀπώλειαν
1736 2477 1743 2486 ·
1757 2469 1828 2495 οὕτω

1043 2519 1073 2537 τε
1086 2511 1208 2542 ἅπαντας
1225 2512 1277 2538 ὑπδ
1297 2513 1346 2546 τὴν
1362 2513 1485 2546 ἐξουσίαν
1503 2514 1623 2548 ἀθροίζει
1640 2514 1689 2549 τὴν
1712 2514 1826 2545 οἰκείαν,

1044 2556 1113 2582 ὥστε
1126 2556 1237 2591 ἥδεσθαι
1254 2557 1302 2591 μὲν
1318 2558 1364 2583 ἐπὶ
1385 2559 1440 2589 τοῖς
1452 2558 1541 2594 ἔργοις
1557 2560 1612 2590 τοῖς
1630 2559 1704 2591 ἰδίοις
1715 2579 1723 2589 .
1739 2559 1827 2586 κινδυ-

1045 2601 1132 2627 νεύειν
1147 2601 1176 2628 δὲ
1191 2602 1229 2633 ὡς
1251 2602 1283 2629 ἄν
1297 2611 1349 2629 τινι
1364 2603 1423 2638 Θεῷ
1437 2605 1469 2638 τῇ
1491 2604 1579 2639 οίκείᾳ
1594 2604 1707 2639 δυνάμει
1721 2605 1827 2638 λογίζε-

1046 2646 1106 2673 σθαι
1122 2646 1176 2674 τῶν
1189 2648 1253 2683 παρ’
1266 2648 1347 2675 αὑτοῦ
1361 2649 1508 2684 γινομένων
1522 2649 1552 2675 τὺ
1567 2649 1681 2685 μέγεθος
1692 2659 1698 2665 ·
1715 2651 1752 2685 (p.
1762 2651 1826 2684 562)

1043 2690 1074 2717 τὺ
1086 2691 1164 2726 γάρ,ι
1174 2690 1256 2719 Θύσει
1265 2694 1297 2728 τῇ
1307 2692 1424 2727 σαγήνῃ,
1437 2693 1484 2720 καὶ
1498 2694 1625 2729 θυμιάσει
1638 2695 1677 2729 τῷ
1688 2695 1826 2730 ἀμφιϐλήο

1045 2745 1117 2772 στρῳ
1126 2757 1133 2768 ,
1145 2747 1154 2763 ι
1172 2737 1250 2765 τοῦτο
1262 2738 1335 2772 λέγει
1349 2740 1380 2765 ὲκ
1397 2740 1551 2774 μεταφορᾶς
1561 2740 1615 2766 τῶν
1627 2741 1656 2767 ὲν
1671 2742 1726 2772 τοῖς
1738 2739 1826 2767 τοιού-

1044 2790 1099 2813 τοις
1115 2781 1162 2818 τήν
1181 2783 1355 2818 εὐχαριστίαν
1373 2783 1571 2811 ἀποτιννύντων
1588 2783 1626 2818 τῷ
1639 2783 1708 2818 Θεῷ.
1730 2784 1827 2810 Βούλε-
