1981 3073
137 175 190 204 433

616 171 888 200 COMMENTARIUS
913 171 946 198 IN
965 171 1136 206 HABACUCI
1156 172 1230 199 GAP.
1250 172 1279 198 ll.

1702 173 1753 200 454

134 242 180 261 ται
195 231 242 262 οὖν
261 234 347 259 εἰπεῖν
361 233 402 258 ὅτι
430 231 569 266 μονονουχὶ
581 231 648 256 Θεοῦ
666 231 744 266 δίκην
759 230 922 265 φαντάζεται

975 235 1077 265 partem
1090 239 1186 263 suam;
1201 235 1227 258 ct
1240 231 1291 258 cibi
1309 231 1368 264 ejus
1381 231 1469 258 clecti.
1489 241 1497 257 I
1514 231 1634 266 Propriis
1647 231 1751 259 viribus

137 279 268 307 δύνασθαι
296 278 384 305 πάντα
401 276 470 303 κατὰ
493 277 524 302 τὸ
539 276 634 302 δοκοῦν
649 275 736 310 ἐαυτῷ
755 277 857 302 ποιεῖν·
878 277 924 302 καὶ

138 325 187 360 τὴν
200 324 289 351 αἰτίαν
309 323 397 356 λέγων
409 331 416 338 -
435 322 512 348 (Ὅτι
528 322 557 348 ἐν
579 322 671 352 αὐτοῖς
685 321 812 348 ἐλίπανεν
828 322 924 357 μερίδα

138 369 221 397 αὑτοῦ
234 389 242 400 .
268 369 361 396 καὶτὰ
383 367 513 404 βρώματα
536 367 618 394 αὑτοῦ
639 367 766 394 ἐκλεκτά.
782 376 792 392 ι
812 367 850 402 Τῇ
868 368 922 403 γὰρ

140 416 212 451 ἰσχύϊ
226 416 258 450 τῇ
275 414 363 449 οἰκείᾳ
379 413 515 448 λογίζεται
528 412 581 438 τῶν
596 412 818 447 κατωρθωμένων
830 412 861 438 τὸ
875 412 923 447 μέο

137 460 215 495 γεθος
228 480 236 492 ,
251 459 298 494 ἀφ’
309 456 346 486 ὧν
357 459 390 494 δὴ
404 458 585 493 προσγέγονεν
601 457 676 492 αὺτῷ
690 457 735 484 τὸν
751 457 864 483 πλοῦτον
875 457 923 483 αὑ-

138 504 216 539 ξῆσαι
227 505 273 530 τὸν
289 504 388 530 οικείον
399 511 407 518 ·
423 502 502 530 τοῦτο
513 503 569 538 γὰρ
582 503 656 537 λέγει
672 503 713 535 τὺ,
722 511 731 527 ι
744 500 867 528 Ἐλίπανε
879 511 923 537 με-

139 548 198 584 ρίδα
210 547 304 574 αὐτοῦ.
318 557 327 573 ι
353 547 491 574 Ἐντεῦθεν
503 547 542 579 δὲ,
559 546 636 582 φησὶ,
649 547 696 573 καὶ
708 547 817 574 πάντων
826 546 858 581 δὴ
869 546 922 572 τῶν

137 592 255 628 δοκίμων
275 601 304 618 τε
323 592 368 618 καὶ
388 591 524 618 ἐκλεκτῶν
539 591 588 626 τὴν
603 591 752 618 ἀπόλαυσιν
766 590 835 625 ἔχει’
854 591 922 625 ἢπερ

138 639 196 664 ἐστὶ
210 638 250 671 τὸ,
272 647 282 664 ι
305 638 360 664 Καὶ
373 637 406 664 τὰ
425 637 557 672 βρώματα
581 637 663 664 αὐτοῦ
690 636 919 664 ἐκλεκτά.--Διὰ

137 683 215 710 τοῦτο
226 683 375 718 ἀμφιϐαλεί
384 683 414 709 τὺ
425 683 628 718 ἀμφίϐληστρον
645 682 737 713 αὐτοῦ,
750 674 796 708 καὶ
808 681 919 708 διαπαν-

137 728 183 759 to;
197 728 366 755 ἀποκτείνειν
380 728 441 763 ἔθνη
455 728 484 754 οὐ
500 728 649 762 φείσεται.»
668 727 716 754 Ἐκ
729 728 756 754 δὲ
770 724 807 754 ὧν
816 727 922 762 κατώρα

138 773 208 800 οωσε
222 773 351 805 πολλάκις
363 773 470 809 θαρρῶν
483 774 523 801 ἔτι
537 776 568 809 τῇ
580 774 670 809 οἰκεία
686 773 785 808 χρῆται
798 772 920 806 δυνάμει,

973 283 1066 303 rerum
1087 275 1156 303 bene
1168 279 1306 310 gestarum
1323 276 1537 310 magnitudinem
1553 276 1659 307 tribuit,
1679 275 1752 302 unde

972 321 1012 348 illi
1026 328 1107 356 opum
1118 321 1246 348 cumulus
1259 320 1387 348 accessit.
1401 320 1446 348 Sic
1463 321 1535 348 enim
1551 321 1640 348 valent
1654 320 1750 348 verba:

975 363 1095 391 «Partem
1107 371 1185 391 suam
1197 364 1369 391 incrassavit.
1382 373 1391 390 ι
1407 363 1485 397 Hinc,
1499 365 1596 399 inquit,
1610 366 1648 393 rei
1663 365 1752 392 omnis

971 409 1048 435 bonae
1073 413 1099 436 et
1122 409 1214 436 electae
1236 409 1354 437 fructum
1368 414 1532 437 consecutus
1553 415 1610 442 est;
1634 415 1753 445 namque

971 454 1007 480 ita
1022 453 1103 480 verba
1119 463 1128 479 ι
1141 453 1201 481 Cibi
1217 453 1278 489 ejus
1288 454 1366 482 electi
1379 463 1388 480 ι
1405 453 1580 489 intelligenda
1593 458 1666 481 sunt.
1687 463 1695 480 ι
1711 453 1753 481 ld-

971 499 1045 526 circo
1072 498 1201 527 extendet
1227 503 1285 527 rete
1313 507 1409 532 suum,
1440 503 1468 527 et
1496 499 1562 526 caedi
1590 499 1753 534 populorum

972 551 1111 578 nunquam
1136 548 1240 579 parcet.
1265 554 1274 570 ›
1305 543 1440 580 Repetitis
1462 544 1636 572 successibus
1664 545 1753 572 elatus

972 589 1120 623 potentiam
1142 596 1219 616 suam
1232 591 1378 622 exercebit,
1402 589 1595 625 perpetuisque
1614 589 1691 626 beUis
1710 589 1752 616 in-

971 633 1097 668 dulgens,
1130 634 1243 661 multam
1271 634 1418 662 crudeliter
1442 628 1610 662 devictorum
1636 635 1753 669 stragem

970 678 1041 705 edet.
1070 677 1129 705 Jam
1151 686 1215 706 vero
1230 678 1371 714 Babylonii
1394 679 1479 714 gestis
1503 679 1620 706 narratis
1639 679 1754 713 ejusque

974 731 1022 758 per
1047 725 1138 751 omnia
1171 724 1302 752 adversus
1324 723 1463 752 Judaicum
1493 728 1621 760 populum
1653 725 1755 752 scelere

973 775 1146 805 exaggerato.
1162 771 1249 805 pergit
1265 771 1356 798 dicere
1371 780 1377 797 :

138 820 185 845 καὶ
212 819 339 854 πολέμοις
360 820 499 855 χρώμενος
522 821 670 852 ἀπαύστοις
682 841 689 851 .
707 820 790 846 πολὺν
805 818 920 853 ἀφειδῶς
933 818 987 844 τῶν
1004 817 1193 852 ἐμπιπτόντων
1211 817 1354 852 ἐργάζεται
1368 818 1412 844 τὸν
1425 818 1503 852 φόνον
1515 826 1522 833 ·
1543 817 1660 852 εἰρηκὼς
1674 817 1701 843 δέ
1721 817 1754 843 τὰ

139 864 214 901 παρὰ
227 865 274 893 τοῦ
288 865 456 894 Βαϐυλωνίου
474 867 601 902 γινόμενα
610 887 617 900 ,
634 867 680 893 καὶ
693 866 736 893 διὰ
748 866 856 894 πάντων
868 864 949 891 αὐτοῦ
964 863 1013 889 τὴν
1027 863 1066 895 εἰς
1077 863 1121 890 τὸν
1133 863 1195 890 λαὸν
1212 864 1384 899 παρανομίαν
1399 863 1528 899 αὐξήσας,
1543 863 1640 897 ἐπάγει
1651 863 1751 890 λοιπόν·

461 935 539 961 ΚΕΦ.
561 935 597 961 B'.

175 987 248 1022 Στίχ.
264 983 335 1014 α’”δ¹.
350 1005 382 1010 -—
399 998 408 1014 ι
426 990 487 1016 Ἐπὶ
501 991 550 1026 τῆς
564 991 685 1026 φυλακῆς
706 1000 756 1026 μου
773 992 917 1027 στήσομαι,

140 1032 186 1058 καὶ
199 1032 363 1068 ἐπιϐήσομαι
379 1034 424 1060 ἐπὶ
436 1035 562 1070 πέτραν.»
584 1037 630 1063 Ἐκ
650 1038 806 1072 μεταφορᾶς
820 1037 873 1064 τῶν
890 1037 918 1062 ἐν

140 1077 250 1113 πολέμῳ
265 1079 311 1104 καὶ
330 1079 470 1115 πολιορκίᾳ
483 1081 531 1116 τὴν
544 1081 589 1108 τοῦ
605 1082 710 1117 τείχους
724 1083 920 1118 διαιρουμένων

140 1122 287 1161 φυλακήν.‹
299 1124 361 1151 Ἐπὶ
367 1123 649 1161 τῆςφυλακῆςρησὶν,
662 1127 716 1162 ἐγὼ
729 1129 861 1163 στήσομαι
872 1129 920 1163 τῆς

140 1166 210 1202 έμῆς
218 1188 226 1201 ,
238 1169 294 1196 »ἵνα
302 1168 368 1205 εἴπῃ
375 1170 416 1198 ὅτι
427 1172 479 1199 Τοῦ
488 1173 550 1208 ἐμοὶ
564 1173 748 1208 προσήκοντος
759 1173 808 1200 οὐκ
823 1174 920 1209 ἐκστή-

141 1220 232 1247 σομαι,
249 1214 286 1249 (p.
300 1214 362 1249 565)
376 1215 443 1243 ἀλλὰ
455 1217 509 1252 γὰρ
519 1217 613 1253 ἕξομαι
624 1217 729 1250 τούτου,
746 1219 774 1245 ἐν
788 1219 921 1254 ἀσφαλείᾳ

141 1266 172 1291 γε
193 1259 304 1296 πλείστῃ
325 1261 488 1290 καθεστάναι
513 1263 630 1298 νομίζων
658 1265 681 1290 εί
703 1264 788 1291 ταῦτα
802 1266 918 1300 ποιοίην.

140 1304 195 1330 Kal.
205 1305 370 1342 σαφέστερον
386 1308 468 1335 ποιῶν
484 1309 498 1335 ὃ
515 1309 588 1343 λέγει
601 1317 607 1324 ο
626 1319 636 1336 ι
651 1310 705 1336 Καὶ
719 1310 863 1337 σκοπεύσω
872 1311 919 1337 τοῦ

141 1349 204 1376 ἰδεῖν
217 1350 243 1376 τί
255 1350 364 1387 λαλήσει
383 1354 411 1379 ἐν
437 1354 515 1389 ἐμοὶ,
537 1355 585 1381 καὶ
608 1355 634 1381 τί
655 1355 794 1390 ἀποκριθῶ
810 1357 855 1383 ἐπὶ
875 1357 921 1383 τὸν

140 1393 248 1429 έλεγχόν
261 1404 337 1430 μου.ι
352 1397 478 1425 Πούλεται
492 1399 578 1425 εἰπεῖν
590 1400 640 1431 ὅτι⁷
653 1400 751 1435 Ἔργον
763 1401 778 1435 ἡ
783 1400 840 1435 μῶν
854 1401 921 1436 πρὸς

139 1438 185 1465 τὸν
201 1440 267 1467 Θεὸν
282 1441 386 1477 ἀφορᾷν
398 1464 405 1475 ,
424 1444 470 1470 καὶ
492 1443 526 1470 τὰ
549 1444 653 1471 ἐκεῖθεν
677 1445 805 1480 γινόμενά
822 1454 851 1472 τε
876 1447 922 1473 κα)⁸

139 1484 301 1521 δεικνύμενα
312 1487 446 1522 δέχεσθαι.
465 1488 588 1516 ἐντεῦθεν
603 1489 656 1525 γάρ
671 1498 715 1525 μοι
728 1490 776 1517 καὶ
788 1491 922 1525 ἀσφάλεια

141 1529 254 1564 πλείστη
267 1531 423 1566 προσέσται.
437 1533 560 1568 Διαμενῶ
579 1534 678 1566 τοίνυν,
698 1535 779 1568 φησὶν
792 1555 799 1566 ,
813 1535 923 1570 ἀφορῶν

139 1573 165 1599 τι
188 1583 252 1601 ποτε
264 1575 317 1610 ἄρα
331 1577 395 1612 περὶ
414 1577 468 1604 τῶν
486 1579 635 1613 γινομένων
652 1580 830 1613 ἀποφαίνεται
845 1581 921 1612 Θεὸς,

138 1619 176 1651 ὡς
192 1620 225 1647 ἂν
239 1620 325 1648 ταῦτα
342 1622 435 1656 μαθὼν
451 1624 640 1659 ἀποκρίνωμαι
657 1625 704 1651 κα)⁸
722 1625 803 1657 αὐτὸς
825 1626 858 1652 τὰ
871 1626 923 1652 δει-
937 1613 958 1641 C

140 1665 262 1701 κνύμενα
275 1667 314 1702 τῷ
328 1667 384 1703 λαῷ
398 1669 437 1701 είς
451 1668 560 1704 ἐλεγχόν
577 1679 607 1696 τε
623 1670 711 1697 αὐτῶν
727 1671 799 1706 ἑξῆς.
819 1671 923 1707 Ὥσπερ

139 1711 168 1737 δὲ
181 1712 210 1738 ἐν
223 1714 278 1741 τοῖς
292 1714 438 1749 ἀνωτέροις
447 1715 502 1742 τῶν
517 1716 545 1742 ἐν
555 1716 594 1750 τῷ
606 1716 663 1751 λαῷ
673 1717 722 1748 τὰς
734 1717 924 1753 πλημμελείας

141 1756 236 1790 εἰπὼν,
251 1757 288 1789 ὡς
308 1758 338 1790 ἐξ
353 1759 548 1794 ἀποκαλύψεως
562 1761 689 1794 ἐγνωκὼς
713 1761 787 1794 θείας
808 1762 857 1797 τὴν
875 1764 922 1789 ἐπ-

141 1802 331 1838 αχθησομένην
349 1804 439 1837 αὐτοῖς
450 1805 493 1831 διὰ
519 1805 572 1832 τῶν
589 1806 764 1834 Βαϐυλωνίων
791 1808 924 1843 τιμωρίαν

141 1848 233 1882 φησὶν,
247 1848 318 1876 οὕτω
337 1850 474 1877 κάνταῦθα
491 1850 538 1878 τοῦ
555 1851 724 1878 Βαϐυλωνίου
743 1853 792 1884 τὰς
806 1861 924 1888 παρανο-

143 1893 208 1928 μίας
219 1893 350 1929 εἰρηκὼς,
373 1895 446 1930 λέγει
463 1895 512 1930 μὲν
528 1897 671 1932 ἀναμένειν
691 1897 765 1931 παρά
787 1897 834 1924 τοῦ
856 1898 923 1924 Θεοῦ

143 1938 259 1973 μαθεῖν,
281 1939 295 1966 ὃ
320 1940 346 1966 τί
370 1948 433 1967 ποτε
455 1941 502 1968 καὶ
517 1943 581 1976 περὶ
605 1942 706 1969 τούτων
732 1943 922 1978 ἀποφαίνεται·

142 1982 240 2017 ἐπάγει
256 1983 284 2010 δὲ
295 1984 358 2019 ἑξῆς
374 1985 423 2020 τὴν
440 1985 486 2012 ἐπὶ
497 1986 601 2018 τούτοις
616 1987 784 2022 ἀποκάλυψιν
798 1988 870 2024 αὐτῷ
881 1997 926 2022 γε-

142 2030 261 2062 γονυῖαν.
275 2031 322 2059 Διό
345 2038 425 2065 φησι·
444 2040 453 2057 ι
469 2032 521 2058 Καὶ
532 2032 667 2068 ἀπεκρίθη
683 2034 749 2069 πρός
769 2043 801 2069 με
812 2034 924 2069 Κύριος,

143 2073 191 2100 καὶ
217 2071 277 2101 εἷπε
289 2083 295 2089 ·
318 2075 424 2110 Γράψον
441 2077 535 2110 ὅρασιν
557 2077 650 2111 σαφῶς
667 2079 706 2110 εἰς
725 2079 837 2113 πυξίον,
852 2080 926 2112 ὅπως

141 2117 227 2153 διωκῃ
240 2118 254 2144 ὁ
267 2119 457 2153 ἀναγινώσκων
478 2122 556 2148 αὐτά.
575 2132 584 2148 ι
609 2123 763 2158 Ἀναμένειν
777 2125 831 2159 γὰρ
850 2125 925 2160 εἰρη-

143 2163 199 2194 κὼς
218 2164 312 2198 μαθεῖν
332 2165 409 2192 ἆτινα
435 2167 610 2202 περὶτούτων
627 2168 804 2202 ἀποφαίνεται
817 2171 831 2196 ό
849 2169 925 2201 Θεὸς,

141 2209 230 2236 ταῦτα
249 2209 282 2245 δὴ
298 2211 495 2247 ἀποκεκρίσθαι
509 2213 579 2247 πρὸς
593 2213 673 2240 αὐτὸν
692 2215 757 2249 φησὶ
771 2215 816 2240 τὸν
840 2215 906 2242 Θεὸν
919 2224 925 2231 ·

143 2254 270 2282 κελεῦσαι
285 2256 334 2291 μὲν
347 2256 421 2292 αὐτῷ
434 2257 471 2288 ὡς
483 2257 512 2284 ἐν
524 2258 618 2293 ὁράσει
632 2258 692 2293 θεία
705 2260 745 2290 είς
756 2259 850 2292 πυξίον
861 2261 924 2295 γρά-

141 2299 192 2333 ψαι
205 2300 241 2327 τὰ
255 2301 415 2336 δεικνύμενα
425 2322 432 2334 ,
455 2303 498 2329 ἵνα
513 2302 625 2339 πᾶσινῇ
646 2304 718 2339 σαφῆ
743 2313 773 2331 τε
789 2305 834 2332 καὶ
858 2305 926 2340 δῆλα

142 2346 212 2380 πρὸς
227 2346 378 2380 ἀνάγνωσιν
399 2347 432 2374 τὰ
458 2348 589 2383 εἰρημένα
608 2357 637 2376 τε
665 2350 712 2377 καὶ
735 2351 925 2386 γεγραμμένα.

143 2391 183 2425 (p.
192 2391 255 2426 564)
271 2392 351 2425 Λέγει
367 2393 439 2419 δὲτὰ
452 2395 515 2429 περὶ
526 2395 589 2425 τοὺς
598 2394 783 2427 Βαϐυλωνίους
799 2397 925 2431 ἐσόμενα,

143 2437 216 2472 ειπερ
233 2437 298 2472 ἑξῆς
322 2438 414 2473 φησίν.
429 2437 495 2466 Εἶτα
511 2440 610 2475 ἐπάγει
622 2448 630 2455 ⁸
656 2449 665 2466 ι
678 2441 749 2467 Διότι
771 2441 811 2468 ἐτι
834 2442 927 2477 ὅρασις

142 2483 183 2514 εἰς
198 2483 292 2518 καιρὸν
311 2484 430 2519 μακρὸν,
447 2485 494 2511 καὶ
513 2485 637 2512 ἀνατελεῖ
648 2487 687 2517 είς
709 2486 797 2521 πέρας
818 2487 864 2513 καὶ
878 2487 928 2513 οὐκ

142 2526 183 2558 εἰς
198 2527 285 2553 κενόν.
296 2536 305 2553 ι
325 2526 365 2554 Τὰ
377 2528 427 2563 μὲν
439 2529 493 2564 γὰρ
507 2529 648 2565 δειχθέντα
663 2531 693 2556 οὺ
709 2531 867 2566 παραυτίκα
881 2532 927 2557 ἐκ·

142 2571 274 2606 ϐήσεται,
293 2573 362 2600 ἀλλὰ
377 2574 446 2608 μετά
458 2583 520 2601 τινα
536 2575 634 2610 χρόνον
646 2593 654 2607 ,
668 2575 697 2608 ὃς
713 2576 854 2612 ἀφέστηκε
868 2576 926 2608 νῦν,

141 2617 219 2644 ἔσται
230 2617 258 2644 δὲ
273 2618 381 2650 πάντως
395 2618 442 2646 καὶ
457 2619 571 2654 λήψεται
588 2619 692 2654 πέρας·
720 2621 780 2646 ἐπεὶ
793 2621 860 2656 μηδὲ
875 2621 927 2655 μά-

140 2669 191 2696 την
204 2661 348 2693 δέδεικται.
370 2663 474 2695 ἀλλ’ὡς
489 2665 536 2690 καὶ
555 2664 674 2697 ἐσόμενα
693 2665 811 2697 πάντως.
837 2674 847 2691 ‹
865 2665 928 2692 Ἐὰν

141 2707 294 2742 ὑστερήσῃ,
308 2707 452 2742 ὑπόμεινον
467 2709 557 2741 αὑτὸν,
569 2710 613 2736 ὅτι
625 2711 639 2736 ό
652 2710 797 2745 ἐρχόμενος
809 2709 868 2745 ἥξει
881 2711 928 2737 καὶ

139 2753 171 2779 οὺ
189 2753 226 2788 μὴ
238 2752 361 2788 χρονίσῃ.
375 2762 383 2778 ι
405 2753 484 2780 Ὥστε
501 2755 525 2780 εί
539 2755 586 2782 καί
609 2763 652 2786 τις
665 2755 810 2789 ὑπέρθεσις
829 2755 927 2787 δόξειεν

140 2798 195 2824 τῶν
209 2796 384 2832 μηνυθέντων
401 2797 537 2830 γίνεσθαι,
553 2799 623 2830 τέως
643 2799 806 2834 ἀναμείνατε
820 2799 927 2830 πάντως

141 2843 226 2875 αὐτὰ,
249 2842 344 2878 ἐπειδὴ
367 2842 438 2878 ἆτιερ
458 2843 497 2875 ὡς
513 2844 629 2879 ἐσόμενά
644 2853 674 2872 τε
696 2845 743 2871 καὶ
763 2845 925 2879 ἐλευσόμενα

1298 932 1373 960 CAP.
1389 932 1421 959 ll.

1008 985 1090 1014 Vens.
1107 987 1163 1013 1-4.
1183 996 1192 1010 ι
1213 985 1301 1022 Super
1312 987 1436 1014 custodia
1452 995 1510 1015 utea
1526 988 1613 1020 stabo,
1629 993 1656 1015 ct
1671 996 1753 1023 supra

973 1035 1077 1065 petram
1095 1032 1251 1059 ascendam.
1277 1042 1286 1057 ι
1306 1033 1462 1068 Metapbora
1485 1038 1592 1068 sumpta
1608 1033 1692 1060 abiis
1706 1035 1754 1067 qui

972 1076 1035 1104 belli
1049 1081 1171 1112 tempore
1183 1082 1210 1105 et
1231 1069 1383 1106 obsidionis
1399 1079 1569 1106 custodiendi
1594 1079 1666 1106 muri
1681 1079 1766 1106 vicest

972 1123 1024 1151 sibi
1034 1124 1210 1152 distribuunt.
1217 1134 1225 1150 ι
1233 1125 1320 1160 Super
1328 1125 1465 1159 custodia,
1474 1126 1571 1160 inquit,
1579 1133 1638 1153 mea
1647 1125 1735 1157 stabo;
1743 1134 1751 1150 ι

972 1176 1022 1203 pro
1037 1177 1071 1196 eo
1094 1175 1123 1196 ut
1145 1170 1227 1201 dicat,
1245 1170 1338 1198 Ollicio
1361 1178 1422 1198 meo
1437 1179 1491 1198 non
1507 1171 1599 1204 deero,
1617 1171 1664 1198 sed
1688 1171 1753 1198 illud

973 1215 1145 1242 observabo:
1162 1216 1263 1243 etenim
1291 1217 1369 1243 valde
1392 1220 1479 1246 tutum
1507 1224 1549 1244 me
1579 1217 1752 1248 existimabo,

973 1259 996 1287 si
1013 1259 1048 1286 ita
1063 1267 1105 1287 me
1129 1268 1228 1294 geram.
1252 1262 1340 1296 Atque
1363 1262 1452 1289 adhuc
1476 1263 1597 1297 apertius
1614 1263 1696 1298 238
1712 1263 1752 1288 lo-

973 1312 1072 1340 quens.
1092 1314 1101 1330 ι
1123 1305 1154 1331 Et
1176 1307 1392 1341 contemplabor,
1407 1307 1504 1342 inquit,
1521 1313 1549 1334 ut
1571 1308 1674 1335 videam
1688 1307 1753 1342 quid

974 1350 1001 1377 in
1017 1359 1059 1378 me
1071 1351 1208 1386 loquatur,
1229 1357 1255 1379 et
1271 1352 1336 1386 quid
1352 1352 1529 1386 respondeam
1547 1353 1580 1379 ad
1604 1353 1755 1387 correptio-

974 1404 1035 1423 nem
1051 1404 1164 1424 meatu.)
1175 1397 1268 1425 Dicere
1281 1398 1338 1425 vult
1361 1398 1440 1425 ollicii
1453 1406 1514 1426 esse
1527 1399 1614 1426 nostri
1627 1399 1659 1425 ad
1671 1398 1754 1426 Deum

975 1442 1129 1477 respicere,
1145 1447 1172 1470 et
1191 1451 1252 1478 qua:
1274 1443 1336 1470 inde
1361 1444 1487 1470 accidunt
1510 1448 1534 1470 et
1561 1444 1754 1475 ostenduntur,

975 1488 1112 1523 excipere.
1128 1488 1197 1516 Hinc
1211 1489 1283 1516 enim
1299 1489 1364 1516 mihi
1379 1489 1525 1524 plurimum
1547 1494 1669 1517 tutamen
1693 1491 1754 1517 erit.

975 1533 1160 1562 Perseverabo
1179 1535 1271 1570 itaque
1293 1540 1427 1569 spectans.
1443 1535 1508 1569 quid
1527 1534 1595 1562 forte
1620 1534 1690 1562 Deus
1706 1536 1755 1562 ali-

975 1579 1085 1614 quando
1097 1579 1130 1607 de
1147 1586 1237 1607 rerum
1251 1583 1349 1607 eventu
1376 1580 1486 1611 revelet,
1505 1585 1533 1606 ut
1558 1580 1609 1608 hoc
1637 1581 1755 1616 cognito,

975 1624 1128 1652 renuntiem
1155 1632 1205 1660 ego
1220 1632 1329 1660 quoque
1344 1625 1443 1660 populo
1466 1629 1572 1652 ostenta
1597 1625 1662 1652 mihi
1672 1625 1711 1652 'ad
1726 1625 1757 1651 il-

973 1670 1026 1697 lius
1049 1669 1168 1702 futuram
1187 1670 1395 1705 eorreptionem.
1415 1669 1492 1696 Sicut
1517 1675 1606 1697 autem
1632 1670 1658 1696 in
1677 1678 1758 1704 supe»

974 1715 1104 1746 rioribus,
1123 1720 1267 1750 postquam
1285 1716 1377 1750 populi
1407 1719 1518 1750 peccata
1536 1715 1670 1744 recitavit.
1697 1720 1758 1742 tan-

974 1768 1054 1794 quam
1087 1760 1178 1787 divina
1195 1760 1361 1788 revelatione
1387 1761 1548 1792 illustratus,
1567 1760 1756 1795 imponendatn

974 1806 1066 1840 populi
1084 1813 1192 1840 ptenam
1208 1806 1275 1832 dixit
1289 1815 1295 1833 :
1313 1807 1348 1833 ita
1364 1806 1444 1833 etiam
1460 1806 1511 1833 hoc
1522 1806 1592 1837 loco,
1608 1805 1689 1833 dictis
1707 1806 1758 1832 Ba-

976 1851 1077 1887 bylonii
1090 1851 1248 1883 sceleribus,
1265 1852 1302 1878 ait
1318 1859 1346 1880 se
1358 1855 1515 1886 exspectare
1529 1859 1543 1878 a
1560 1851 1615 1879 Deo
1628 1852 1757 1878 monitio-

975 1904 1047 1928 nem.
1062 1897 1126 1931 quid
1146 1896 1295 1931 aliquando
1315 1896 1349 1924 de
1375 1896 1416 1923 bis
1444 1903 1553 1931 quoque
1571 1896 1757 1930 patefacturus

976 1943 1021 1969 sit.
1039 1941 1099 1968 Mox
1112 1942 1197 1973 addit,
1213 1949 1294 1976 quam
1308 1949 1390 1976 super
1408 1942 1449 1968 his
1461 1946 1606 1976 acceperat
1616 1942 1758 1968 revelatio-

976 1995 1048 2015 nem.
1065 1987 1170 2014 Idcirco
1195 1988 1254 2014 ait:
1276 1996 1285 2013 ι
1308 1986 1340 2013 Et
1365 1987 1506 2020 respondit
1532 1986 1596 2013 mihi
1624 1985 1756 2013 Dominus

976 2033 1116 2067 dixitque:
1137 2033 1232 2059 Scribe
1256 2032 1400 2059 manifeste
1416 2033 1472 2059 visa
1491 2033 1516 2058 in
1545 2033 1627 2065 buxo,
1642 2036 1672 2059 ut
1695 2040 1757 2066 per-

976 2081 1107 2113 sequatur
1121 2078 1166 2112 qui
1183 2078 1246 2112 legit
1262 2085 1302 2104 ea.
1322 2087 1331 2103 ι
1344 2076 1489 2112 Postquam
1508 2078 1576 2104 dixit
1599 2081 1758 2113 exspectare

975 2130 1033 2150 sea
1061 2122 1116 2150 Deo
1132 2123 1247 2154 moneri,
1270 2122 1349 2157 quale
1365 2123 1398 2149 de
1416 2123 1458 2150 his
1475 2123 1614 2150 Oraculum
1645 2123 1755 2155 reddat;

977 2165 1034 2192 haec
1049 2165 1100 2193 sibi
1122 2172 1137 2191 a
1158 2165 1211 2192 Deo
1234 2173 1363 2200 responsa
1389 2166 1455 2193 dicit
1470 2176 1476 2193 :
1490 2166 1609 2194 Jussissc
1632 2167 1755 2195 videlicet

977 2215 1106 2244 tanquam
1131 2218 1164 2238 ex
1190 2211 1282 2237 divina
1298 2211 1402 2238 visione
1425 2213 1451 2238 in
1476 2212 1547 2238 buxo
1562 2213 1682 2239 scribere
1694 2221 1754 2247 qua:

978 2260 1089 2283 ostensa
1114 2255 1232 2288 fuerant,
1250 2260 1279 2283 ut
1305 2256 1432 2284 omnibus
1457 2258 1598 2292 perspicua
1616 2249 1756 2285 lierent'ac

979 2303 1097 2336 patentia
1125 2301 1276 2336 legentibus
1302 2310 1362 2337 qua:
1386 2303 1458 2330 dicta
1484 2307 1561 2330 erant
1582 2307 1609 2330 et
1635 2304 1757 2337 scripta;

975 2355 1072 2382 nempe
1085 2355 1116 2375 ea
1130 2355 1190 2382 qua:
1204 2355 1218 2374 a
1235 2348 1391 2383 Babyloniis
1409 2353 1538 2376 eventura
1552 2353 1639 2382 erant,
1660 2353 1716 2376 ct‘a
1729 2357 1757 2376 se

976 2393 1089 2421 inferius
1101 2393 1225 2421 dicenda.
1243 2393 1311 2420 'l‘um
1323 2394 1398 2421 addit
1417 2404 1422 2421 :
1439 2405 1446 2419 ι
1465 2394 1533 2427 Quia
1545 2395 1632 2421 adhuc.
1647 2395 1715 2422 visio
1731 2396 1757 2421 in

976 2438 1084 2473 longum
1101 2443 1217 2473 tempus,
1229 2442 1255 2466 et
1275 2439 1379 2465 orietur
1393 2439 1419 2465 in
1436 2439 1527 2467 linem.
1543 2442 1569 2466 et
1587 2446 1640 2466 non
1664 2439 1690 2465 in
1710 2447 1757 2465 va-

976 2490 1068 2510 cuum.
1094 2493 1104 2509 »
1125 2483 1231 2510 Etenim
1256 2491 1316 2518 quae
1341 2487 1451 2511 ostensa
1476 2488 1557 2515 sunt,
1574 2485 1644 2510 haud
1665 2485 1756 2511 statim

976 2530 1078 2556 exitum
1104 2529 1253 2562 habebunt,
1270 2529 1316 2556 sed
1335 2533 1396 2564 post
1418 2529 1526 2564 aliquod
1553 2534 1669 2564 tempus.
1684 2530 1757 2564 quod

977 2581 1049 2601 nunc
1062 2574 1138 2601 abest
1151 2595 1159 2608 ,
1176 2574 1224 2602 sed
1247 2579 1338 2601 tamen
1358 2574 1470 2601 omnino
1484 2575 1550 2606 erit,
1567 2582 1598 2601 ac
1614 2576 1694 2602 tinem
1713 2583 1757 2602 ao

977 2619 1060 2653 cipiet
1078 2625 1153 2646 :non
1176 2618 1247 2646 enim
1266 2619 1323 2645 haec
1350 2619 1451 2646 frustra
1478 2620 1593 2646 revelata
1615 2623 1689 2651 sunt,
1709 2621 1757 2648 sed

978 2670 1090 2697 prorsus
1106 2666 1136 2690 ut
1148 2668 1288 2690 eventura.
1312 2672 1321 2688 ι
1339 2662 1368 2690 Si
1387 2671 1489 2691 moram
1511 2664 1616 2693 fecerit.
1630 2670 1756 2699 exspecta

981 2709 1068 2742 illum,
1088 2709 1152 2744 quia
1165 2709 1276 2737 veniens
1289 2710 1388 2740 veniet.
1400 2715 1426 2737 et
1439 2717 1492 2737 non
1507 2710 1635 2737 tardabit.
1650 2719 1658 2735 ι
1670 2711 1759 2743 Quam

981 2755 1086 2782 etiamsi
1113 2755 1206 2781 dilatio
1231 2754 1299 2782 forte
1315 2755 1404 2789 aliqua
1427 2763 1521 2782 eorum
1545 2763 1604 2789 qua:
1631 2756 1758 2790 praedicta

981 2804 1055 2830 sunt,
1066 2800 1122 2826 ﬁeri
1138 2799 1282 2832 videbitur,
1291 2805 1448 2828 constanter
1464 2801 1570 2828 interim
1586 2795 1757 2835 cispectate;

981 2843 1114 2878 siquidem
1141 2851 1200 2878 qua:
1218 2844 1308 2871 futura
1332 2849 1518 2880 eventuraque
1542 2845 1669 2879 praedicta
1686 2848 1758 2875 sunt,
