1981 3073
198 165 253 195 ιω

771 163 945 192 THEODORI
964 162 1206 192 MOPSUESTENI

1765 154 1821 187 £36

199 232 243 256 ea,
261 223 383 258 inquam,
396 220 522 249 evenient
545 220 664 255 fientque
693 228 817 255 prorsus,
834 229 922 257 neque
952 221 979 248 in
995 246 997 250 .

1049 221 1184 256 μεμήνυται
1195 240 1202 252 ,
1216 219 1301 247 ταῦτα
1313 220 1345 256 δὴ
1361 220 1420 255 ἥξει
1435 229 1464 246 τε
1480 219 1527 247 καὶ
1542 218 1685 254 γενήσεται
1699 217 1821 249 πάντως.

200 272 358 304 perpetuam
389 266 547 294 dilationem
568 266 717 294 incurrent.
740 275 750 292 ‹
777 266 806 293 Si
823 274 853 293 se
879 266 987 293 subtra-

143 319 150 324 '
200 313 282 343 xerit,
299 319 353 338 non
377 311 446 338 bene
464 310 582 345 placebit
607 310 704 336 animae
721 317 787 337 mea:
807 310 889 345 239
905 318 987 345 super

200 364 262 384 eum
279 365 286 389 ;
303 356 396 389 justus
411 360 501 383 autem
512 363 544 383 ex
560 355 613 382 llde
626 362 685 382 mea
701 355 778 382 vivit.
798 364 808 381 ι
830 355 857 382 Si
873 355 935 390 quis
952 355 987 382 ad

203 401 284 428 ﬁdem
310 401 410 428 futuris
422 401 504 428 rebus
519 399 636 436 praedam
661 400 804 434 torpuerit.
832 405 855 427 et
873 400 987 435 ancipiti

206 447 298 473 animo
313 446 375 478 erit,
391 446 434 473 hic
458 445 523 472 mihi
543 445 621 472 valde
634 449 676 472 est
702 445 808 472 invisus
825 453 831 471 :
848 453 898 480 ego
915 446 988 472 enim

203 491 308 527 justum
323 492 397 519 illum
414 499 475 519 esse
499 491 609 523 definio,
625 491 672 526 qui
684 491 911 526 promitsionibus
926 499 988 519 cre-

205 538 256 571 dit,
267 543 294 565 ct
307 538 450 565 utilitatem
464 545 496 564 ea
511 538 552 565 eis
567 537 650 572 capit.

240 625 325 654 Vsus.
341 627 368 658 5,
384 627 410 654 6.
426 640 460 646 —
476 625 524 654 His
539 626 612 653 circa
633 626 824 654 revelationem
847 627 938 659 dictis,
952 632 990 654 at-

204 679 259 708 que
270 672 303 699 ad
316 672 482 700 credendum
505 672 624 699 ostensis
648 672 783 704 hortatus,
803 673 930 707 deinceps
955 673 991 700 vi-

206 719 311 745 sionem
329 717 457 744 evolvens
472 717 510 743 ait
531 726 538 744 :
561 726 570 742 ι
592 717 637 744 Vir
652 722 742 745 autem
764 718 991 753 praesumptiosus

205 768 233 790 et
247 767 418 797 contemptor
445 766 527 797 atque
548 763 682 798 superbus
707 764 773 790 nihil
807 763 935 796 perducet
957 763 989 789 ad

208 808 297 835 linem.
318 817 327 833 ι
347 808 435 834 Probe
455 815 520 842 ergo
547 809 705 843 cognoscite
732 809 802 836 hunc
814 809 918 836 hostem
945 816 990 835 ve-

206 857 308 885 strum,
320 852 497 888 Babyloniqu
517 853 676 889 designans,
692 853 836 880 immodica
864 861 992 888 arrogan-

1037 266 1067 292 οὑ
1086 266 1140 301 μὴν
1153 266 1193 297 εἰς
1208 262 1667 299 ὐπέρθεσινὲμπεσείταιπαντσλῆ.σ
1679 263 1742 290 Ἐὰν
1755 262 1822 289 ὑπο-

1038 311 1191 346 στείληται,
1212 311 1262 337 οὐκ
1280 310 1384 337 εὐδοκεῖ
1404 311 1420 346 ἡ
1437 310 1510 345 ψυχή
1528 318 1578 344 μου
1598 310 1640 335 ἐπ’
1653 307 1745 343 αὐτῷ’
1762 309 1777 334 δ
1792 300 1838 334 δὲ’

1037 356 1138 388 δίκαιος
1165 357 1196 382 ὲκ
1221 356 1336 388 πίστεώς
1362 364 1411 390 μου
1424 354 1651 391 ζήσεται.»Ὤστε
1674 354 1698 380 ει
1717 353 1764 379 καί
1780 361 1824 384 τις

1038 403 1161 436 ὁκνήσειε
1180 402 1242 436 περὶ
1257 401 1306 435 τὴν
1323 401 1413 426 πίστιν
1433 400 1486 426 τῶν
1502 399 1638 434 ἐσομένων
1650 418 1658 430 .
1674 398 1721 424 καὶ
1737 398 1823 432 ἀμφιι

1038 445 1142 472 ϐάλλων
1159 446 1183 471 εἰ
1200 445 1343 478 γενήσεται
1357 444 1479 475 πάντως,
1495 443 1597 477 σφόδρα
1613 450 1656 476 μοι
1671 441 1713 468 διὰ
1728 441 1825 476 μίσους

1038 491 1111 518 ἐστὶν
1123 491 1137 517 ὁ
1150 490 1269 521 τοιοῦτος
1280 497 1286 504 ·
1306 489 1399 524 ἐπειδὴ
1420 489 1522 515 δίκαιον
1537 487 1627 522 ἔγωγε
1643 486 1768 522 ὁρίζομαι
1779 485 1826 512 τὸν

1040 534 1200 562 πιστεύοντά
1212 542 1242 560 τε
1260 535 1314 564 τοῖς
1327 532 1539 568 ὲπηγγελμένοις
1550 552 1558 564 ,
1573 531 1618 558 καὶ
1631 531 1680 566 τὴν
1692 530 1722 562 ἐξ
1734 529 1825 556 αὐτῶν

1041 580 1218 615 κομιζόμενον
1230 579 1374 613 ὠφέλειαν.

1075 625 1149 660 Στὶχ.
1169 628 1200 655 ε’,
1215 628 1251 656 ς’.
1271 639 1306 644 -
1323 624 1414 650 Ταῦτα
1431 623 1494 658 περὶ
1510 622 1561 657 τῆς
1576 621 1770 655 ἀποκαλύψεως
1787 620 1829 646 ει-

1042 670 1143 707 ρηκὼς,
1167 671 1213 697 καὶ
1227 669 1448 705 προτρεψάμενος
1464 668 1602 695 πιστεύειν
1617 668 1672 698 τοῖς
1685 665 1828 700 δεικνυμέο

1041 725 1106 747 νοις,
1129 715 1222 742 λοιπον
1238 715 1348 748 ἐπάγων
1371 714 1405 740 τὰ
1426 714 1474 749 τῆς
1499 713 1618 748 ὁράσεως
1639 711 1710 738 οὕτω
1726 710 1826 745 φησιν’

1043 770 1052 786 ι
1077 761 1106 786 ’0
1121 760 1150 787 δὲ
1165 760 1337 794 κατοιόμενος
1354 760 1401 786 καὶ
1412 758 1616 794 καταφρονητὴς
1633 758 1702 792 ἀνὴρ
1718 755 1829 787 ἀλαζὼν

1041 805 1118 832 οὐθὲν
1142 805 1172 831 οὐ
1188 805 1224 840 μὴ
1249 805 1362 840 περάνῃ.
1383 814 1394 830 ι
1409 802 1446 831 Εὖ
1464 804 1520 830 ῐστε
1533 803 1632 833 τοίνυν,
1653 801 1744 837 φησὶν,
1765 809 1828 827 του-

1040 851 1097 876 τονὶ
1110 850 1155 877 τὸν
1170 850 1296 884 πολέμιον
1309 850 1353 876 τὸν
1369 849 1500 884 ὑμέτερον
1512 858 1519 864 ·
1535 848 1608 882 λέγει
1632 848 1660 874 δὲ
1676 847 1721 873 τὸν
1737 845 1827 873 Βαϐυ-

207 898 245 924 tia
259 897 372 928 elatum,
389 897 542 932 divinaeque
558 897 694 932 patientiae
716 900 944 931 contemptorem,
963 901 991 923 et

1049 895 1148 927 λώνιον,
1166 895 1203 930 (p.
1222 895 1285 930 365)
1305 895 1350 921 τὸν
1367 895 1478 930 ἀμέτρῳ
1500 894 1539 930 τῷ
1558 895 1669 929 οἱήματι
1689 892 1828 928 κεχρημέ-

207 942 321 969 aliorum
341 942 539 969 calamitatibus
555 941 746 973 exsultantem,
766 941 850 973 hunc,
868 940 990 975 inquam,

206 987 402 1014 dominationis
420 994 476 1014 suae
495 987 632 1022 negotium
656 986 727 1013 felici
745 987 818 1013 exitu
844 993 898 1012 non
926 993 992 1012 con-

207 1032 359 1063 clusuruut,
373 1032 419 1058 sed
435 1033 583 1059 terribilem
600 1032 745 1066 quamdam
761 1039 775 1057 a
792 1031 883 1058 divina
896 1031 987 1058 vindi-

207 1081 250 1102 cta
266 1076 471 1104 conversionem
486 1080 673 1111 experturum.
690 1086 698 1101 ι
711 1075 761 1108 Qui
779 1075 903 1102 dilatavit
920 1076 992 1103 sicut

208 1122 333 1149 infernus
357 1122 476 1148 animam
501 1129 590 1153 suam.
605 1126 632 1148 et
645 1122 741 1148 mortis
757 1122 845 1148 instar
858 1126 900 1148 est
919 1121 988 1148 insa-

207 1166 331 1198 tiabilis;
347 1166 394 1201 qui
414 1165 546 1192 adunabit
570 1166 623 1193 sibi
653 1173 748 1194 omnes
764 1171 868 1201 gentes,
884 1171 910 1193 ‹-ι
925 1175 993 1193 cun-

207 1214 268 1237 etos
283 1210 396 1244 populos
419 1210 452 1236 ad
471 1217 500 1236 se
518 1210 642 1244 recipiet.
665 1220 674 1235 ι
692 1210 742 1242 Qui
766 1210 843 1245 quasi
870 1210 993 1237 infernus

209 1265 223 1282 ιι
236 1257 340 1283 lversus
359 1263 453 1282 omnes
468 1255 522 1282 vim
539 1263 616 1282 suam
636 1256 773 1286 extendit,
791 1257 890 1290 passim
909 1256 993 1282 inter-

209 1301 303 1327 liciens
313 1321 320 1332 ,
332 1305 359 1327 et
382 1301 480 1328 mortis
496 1301 617 1327 imitator
630 1301 731 1327 nullam
747 1301 899 1328 occisorum
913 1302 995 1327 satie-

211 1350 295 1373 tatem
311 1347 392 1380 cupit,
409 1345 552 1380 captivans
576 1346 719 1380 plurimos,
734 1349 761 1373 et
781 1346 882 1381 ubique
900 1354 996 1374 omnes

210 1391 263 1418 sub
289 1398 366 1416 suam
395 1394 557 1424 potestatem
577 1391 713 1425 redigens,
726 1390 770 1418 hic
792 1390 993 1418 formidabilem

211 1435 356 1470 quamdam
379 1435 427 1462 abs
447 1434 537 1461 divina
568 1435 607 1461 ira
637 1435 841 1463 subversionem
867 1437 994 1471 patietur.

214 1491 225 1508 ι
241 1481 336 1508 Nonne
350 1482 408 1508 [nec
430 1481 523 1508 omnia
541 1481 696 1514 parabolam
721 1481 853 1509 adversus
867 1489 929 1508 eum
950 1490 996 1508 su-

211 1531 297 1559 ment,
314 1531 340 1554 et
360 1527 497 1561 problema
513 1526 546 1553 de
563 1527 621 1560 ipso
643 1527 795 1553 uarrabunt
809 1527 993 1561 ?dicenlque:

212 1571 259 1599 γε
272 1572 320 1607 qui
334 1573 385 1599 sibi
399 1580 453 1599 non
471 1579 521 1600 sua
537 1572 699 1607 multiplicat
713 1573 719 1598 l
737 1572 884 1607 Quousque
898 1573 999 1600 collare

214 1626 294 1645 suum
323 1618 479 1652 agguvahit
507 1618 710 1645 vehementer?
737 1628 746 1643 ι
780 1618 877 1645 Cuncti
909 1624 999 1653 postea

214 1667 348 1697 quotquot
361 1663 460 1696 ubique
478 1666 561 1695 sunt,
579 1670 669 1689 rerum
693 1663 755 1696 ejus
771 1663 949 1690 conversione
965 1667 1002 1690 at-

214 1708 294 1735 toniti
308 1728 314 1740 ,
331 1712 460 1742 tauquam
481 1709 507 1734 in
534 1708 670 1742 parabolaI
687 1707 778 1735 dicent
803 1716 808 1734 :
834 1707 1002 1736 Miserrimus

217 1754 262 1780 ille
274 1754 396 1780 omnium
409 1754 454 1788 qui
472 1753 568 1780 aliena:
587 1753 624 1780 rei
639 1754 733 1787 rapina
749 1761 814 1780 suas
830 1761 894 1788 opes
910 1759 1001 1788 auget,

216 1798 263 1832 qui
279 1799 369 1834 gravis
384 1798 501 1825 subditis
521 1798 551 1824 fit
562 1797 598 1824 ob
613 1805 670 1824 suae
689 1798 819 1825 saevitatis
835 1798 939 1832 pondus
956 1798 1001 1824 :id

217 1843 289 1870 cnim
312 1843 446 1877 signiﬁcat
465 1842 567 1872 dictio,
589 1842 688 1869 collare
715 1851 791 1869 suum
818 1843 930 1877 graviter
954 1852 1001 1878 ag-

217 1896 339 1923 gravans.
359 1887 484 1915 Profecto
506 1887 576 1913 haud
603 1888 701 1922 poterit
729 1887 761 1914 ad
792 1892 941 1915 extremum
956 1897 1002 1915 us-

217 1942 270 1968 que
298 1934 353 1960 haec
368 1927 459 1968 lagere
479 1943 485 1959 :
505 1940 623 1967 namque
648 1933 673 1959 id
701 1933 844 1959 denotatur
870 1934 1002 1960 vocabulo

217 1987 368 2013 quousque,
407 1979 479 2015 quod
512 1979 539 2006 iu
569 1980 659 2008 medio
703 1977 785 2012 2&0
810 1978 942 2012 positum,
968 1979 1001 2006 ad

219 2024 309 2050 omnia
324 2023 442 2050 refertur
457 2032 463 2050 ε
477 2023 555 2057 quasi
565 2022 673 2050 dicatur
689 2031 695 2048 :
711 2021 786 2048 Haud
802 2022 829 2048 in
843 2027 1002 2056 perpetuum

219 2070 271 2096 hoc
288 2072 360 2096 statu
375 2068 427 2095 crit
438 2087 446 2100 ,
462 2068 510 2095 sed
527 2068 733 2095 conversionem
760 2075 803 2094 res
828 2067 888 2101 ejus
903 2068 1005 2101 patien-

219 2118 274 2146 tur,
291 2117 400 2148 propter
415 2113 587 2148 inﬂigendam
607 2113 658 2148 ipsi
673 2121 687 2138 a
705 2112 759 2139 Dco
781 2120 900 2147 plenam.

1045 949 1090 967 vov
1109 941 1156 967 καὶ
1174 940 1394 976 καταφρονοῦντα
1410 940 1460 975 τῆς
1483 939 1656 971 ἀνεξικακίας
1674 938 1723 973 τῆς
1744 937 1828 970 θείας,

1045 986 1091 1012 καὶ
1106 987 1135 1012 ὲν
1147 987 1206 1018 ταῖς
1221 987 1320 1021 ἐτέρων
1333 985 1562 1020 ἁλαζονευὸμενον
1577 984 1767 1020 δυσπραγίαις,
1779 983 1830 1010 οὐκ

1045 1032 1084 1062 εἰς
1101 1031 1187 1066 πέρας
1213 1031 1262 1066 μὲν
1284 1028 1329 1057 οὖν
1349 1031 1383 1057 τὰ
1406 1030 1452 1057 ἐπὶ
1476 1031 1525 1065 τῆς
1542 1030 1637 1056 ἑαυτοῦ
1660 1029 1828 1059 δυναστείας.

1045 1076 1164 1111 φοϐερὰν
1184 1077 1213 1103 δέ
1229 1085 1290 1103 τινα
1311 1078 1344 1111 τῇ
1367 1076 1464 1111 ἀπειλῇ
1479 1077 1512 1111 τῇ
1532 1075 1591 1110 θείᾳ
1609 1075 1658 1110 τὴν
1681 1073 1832 1109 μεταϐολὴν

1046 1121 1242 1156 ὑπομενοῦντα.
1269 1131 1278 1147 t
1312 1122 1359 1153 Ὃς
1384 1120 1516 1148 ὲπλάτυνε
1544 1120 1635 1152 καθὼς
1651 1121 1665 1146 6
1690 1119 1756 1155 ᾅδης
1781 1119 1834 1154 τὴν

1045 1166 1133 1202 ψυχὴν
1148 1165 1240 1198 αὑτοῦ,
1257 1167 1304 1193 καὶ
1325 1166 1404 1198 αὐτὸς
1419 1166 1456 1197 ὡς
1470 1166 1583 1197 θάνατος
1595 1165 1645 1192 οὐκ
1668 1163 1830 1200 ἐμπιμπλά-

1048 1219 1146 1246 μενος·
1169 1211 1217 1238 καὶ
1240 1211 1396 1243 ἐπισυνάξει
1411 1211 1478 1245 πρὸς
1496 1210 1576 1236 αὐτὸν
1601 1210 1688 1240 πάντα
1706 1208 1741 1234 τὰ
1755 1208 1830 1244 ἔθνη,

1047 1257 1093 1283 καὶ
1111 1255 1248 1288 ἐκδέξεται
1270 1256 1338 1292 πρὸς
1359 1256 1440 1282 αὑτὸν
1457 1257 1558 1287 πάντας
1571 1256 1635 1287 τοὺς
1654 1255 1744 1286 λαούς.
1765 1263 1774 1280 ι
1802 1254 1834 1280 '0
1857 1281 1861 1284 ,

1049 1301 1100 1337 γὰρ
1117 1301 1193 1336 δίκην
1287 1301 1358 1328 κατὰ
1382 1302 1490 1328 πάντων
1513 1300 1636 1332 ἐκτείνας
1653 1300 1760 1333 ἑαυτὸν,
1784 1299 1833 1325 καὶ

1049 1349 1150 1380 πάντας
1170 1348 1217 1383 μὲν
1234 1348 1364 1384 ἀναιρῶν,
1385 1348 1454 1374 κατὰ
1471 1347 1586 1383 μίμησιν
1607 1347 1635 1374 δὲ
1656 1347 1771 1374 Θανάτου
1784 1345 1831 1372 κό-

1050 1402 1096 1429 ρον
1118 1393 1173 1419 τῶν
1201 1393 1403 1428 ἀναιρουμένων
1428 1394 1476 1419 οὐκ
1500 1393 1579 1428 ἔχων,
1604 1391 1778 1427 χειρούμενος
1801 1399 1833 1416 τε

1049 1439 1199 1471 πλείστους,
1211 1439 1258 1465 καὶ
1271 1439 1333 1470 τοὺς
1344 1439 1509 1473 πανταχόθεν
1522 1438 1574 1465 ὑπὸ
1584 1438 1633 1473 τὴν
1645 1437 1748 1464 οἰκείαν
1757 1437 1836 1471 ἄγων

1050 1484 1181 1516 ἐξουσίαν,
1198 1484 1315 1518 φοϐεράν
1330 1492 1391 1510 τινα
1402 1484 1452 1519 τὴν
1465 1483 1616 1518 μεταϐολὴν
1627 1482 1670 1509 διὰ
1684 1482 1733 1517 τῆς
1747 1481 1833 1517 ὀργῆς

1049 1531 1179 1564 ὑπομενεῖ
1189 1531 1238 1564 τῆς
1253 1530 1337 1561 Θείας.
1357 1539 1366 1555 ι
1387 1530 1454 1565 Οὐχὶ
1467 1530 1554 1556 ταῦτα
1571 1529 1659 1555 πάντα
1676 1527 1834 1562 παραϐολὴν

1050 1576 1108 1601 κατ’
1121 1575 1201 1601 αὐτοῦ
1215 1575 1353 1610 λήψονται,
1374 1575 1420 1601 καὶ
1437 1574 1580 1610 πρόϐλημα
1595 1575 1634 1605 είς
1649 1573 1772 1608 διήγησιν
1785 1572 1834 1598 αὺ-

1049 1621 1112 1652 τοῦ;
1133 1621 1180 1647 καὶ
1198 1620 1314 1656 ἐροῦσιν,
1337 1621 1406 1647 Οὐαὶ
1425 1621 1439 1647 ὁ
1458 1620 1601 1655 πληθύνων
1623 1618 1711 1653 ἑαυτῷ
1729 1617 1764 1644 τὰ
1783 1617 1837 1643 οὐκ

1049 1666 1113 1692 ὂντα
1131 1665 1213 1692 αὑτοῦ
1226 1664 1292 1697 iam;
1304 1665 1375 1696 τίνος
1390 1665 1437 1691 καὶ
1454 1664 1577 1700 βαρύνων
1590 1663 1635 1690 τὸν
1648 1662 1736 1690 κλοιὸν
1750 1660 1833 1688 αὑτοῦ

1051 1710 1206 1745 στιϐαρῶςς
1222 1719 1231 1736 ι
1261 1710 1397 1741 ’Ἅπαντες
1418 1709 1450 1744 δὴ
1475 1708 1567 1735 λοιπὸν
1584 1709 1608 1734 οἱ
1628 1706 1766 1742 πανταχοῦ
1783 1705 1835 1741 τὴν

1052 1757 1111 1782 κατ’
1132 1755 1211 1782 αὐτὸν
1232 1755 1380 1790 μεταϐολὴν
1405 1755 1615 1790 ἐκπληττόμενοι
1641 1753 1678 1784 ὡς
1696 1754 1724 1779 ὲν
1743 1760 1834 1787 παρα-

1050 1801 1126 1836 σολῇ,
1147 1801 1247 1832 πάντες
1273 1800 1381 1836 ἐροῦσιν
1393 1808 1400 1815 ·
1429 1800 1624 1830 Ἐλεεινότατος
1643 1798 1675 1833 δὴ
1692 1798 1799 1824 πάντων
1819 1797 1834 1823 ό

1049 1847 1083 1873 τὰ
1112 1846 1212 1882 ἑτέρων
1242 1846 1452 1882 ἀφαιρούμενος,
1480 1846 1526 1872 καὶ
1550 1845 1595 1872 τὸν
1619 1845 1717 1870 οἰκεῖον
1744 1841 1836 1875 αὔξων

1051 1892 1174 1923 πλοῦτον,
1197 1893 1211 1918 ὀ
1233 1892 1317 1926 βαρὺς
1338 1893 1394 1923 τοῖς
1408 1891 1538 1924 ὑπηκόοις
1555 1891 1598 1917 διὰ
1619 1889 1667 1925 τὴν
1683 1887 1836 1924 ὑπερϐολὴν

1050 1937 1098 1972 τῆς
1118 1937 1274 1971 ὠμότητοςθ
1296 1937 1374 1963 τοῦτο
1389 1937 1443 1972 γὰρ
1455 1937 1528 1970 λέγει
1556 1935 1597 1966 τὺ.
1616 1945 1624 1961 ι
1647 1934 1770 1970 βαρύνων
1789 1933 1838 1959 τὸν

1053 1981 1142 2007 κλοιὸν
1158 1981 1241 2007 αὑτοῦ
1265 1981 1416 2016 πιὸαρῶς·
1438 1991 1447 2007 ι
1472 1981 1503 2007 οὺ
1525 1980 1579 2014 γὰρ
1599 1980 1638 2010 εἰς
1653 1979 1685 2004 τὸ
1706 1976 1836 2007 παντελὲς

1053 2027 1197 2061 δυνήσεται
1221 2026 1255 2053 τὰ
1273 2026 1385 2053 τοιαῦτα
1409 2027 1513 2052 ποιεῖν·
1539 2025 1618 2051 τοῦτο
1639 2024 1693 2058 γὰρ
1709 2023 1781 2056 λέγει
1794 2020 1836 2052 τὸ,

1056 2081 1065 2096 ι
1085 2071 1137 2104 ἕως
1149 2072 1232 2103 τίνος,
1249 2074 1276 2100 »ὃ
1293 2071 1338 2098 διὰ
1365 2072 1448 2107 μέσου
1473 2071 1608 2106 κείμενον,
1627 2070 1665 2104 (p.
1683 2068 1746 2103 566)
1768 2065 1837 2102 πρὸς

1054 2116 1163 2145 ἅπαντα
1179 2118 1346 2147 ἀποδέδοται,
1363 2118 1406 2144 ἵνα
1422 2117 1497 2153 εἴπῃ,
1510 2117 1550 2143 ὅτι
1564 2114 1621 2141 Οὐκ
1633 2115 1672 2145 εἰς
1687 2114 1717 2140 τὸ
1738 2120 1837 2138 παντε-

219 2158 263 2189 λὲς
279 2158 422 2192 γενήσεται
446 2157 576 2189 τοιοῦτος,
603 2157 755 2192 μεταὸολὴν-
773 2157 830 2183 τῶν
851 2158 910 2183 κατ’
928 2158 1009 2184 αὐτὸν
1023 2159 1182 2196 δεξομένων,
1198 2163 1242 2190 διὰ
1259 2163 1308 2199 τὴν
1325 2162 1497 2197 ἐπαγομένην
1518 2159 1591 2196 αὺτῷ
1611 2159 1686 2194 παρὰ
1704 2159 1750 2184 τοῦ
1769 2157 1837 2184 Θεοῦ

219 2204 365 2239 τιμωρίαν.

256 2247 340 2274 Vsus.
362 2247 438 2273 7-l0.
455 2261 488 2265 —
502 2245 603 2273 Deinde
625 2246 741 2280 qualiter
757 2247 949 2281 quomodnque
973 2255 997 2274 e:

1093 2249 1165 2284 Στίχ.
1180 2249 1243 2281 ζ’-ι’.
1264 2265 1299 2269 -
1314 2247 1381 2276 Εἶτα
1405 2248 1462 2280 πῶς
1483 2248 1530 2275 καὶ
1548 2247 1608 2273 τίνα
1624 2246 1669 2272 τὸν
1682 2245 1780 2282 τρὸπον
1793 2245 1838 2271 λέ-

221 2293 285 2320 fient
297 2292 362 2319 dicit
376 2301 382 2318 ι
402 2301 411 2317 ι
424 2292 496 2324 Quia
514 2292 606 2319 subito
623 2297 788 2326 consurgent
800 2292 845 2326 qui
864 2292 1006 2320 mardeant

220 2345 294 2368 eum,
311 2340 338 2364 et
354 2336 508 2372 vigilabunt
526 2335 700 2363 insidiatores
722 2337 772 2367 tui,
794 2341 821 2363 et
836 2337 893 2364 eris
917 2340 944 2364 in
961 2345 1006 2364 ra-

220 2382 312 2416 pinam
333 2381 383 2408 eis.
407 2390 417 2407 »
435 2381 581 2416 Emergent
607 2385 706 2416 praeter
734 2389 842 2409 otnuem
870 2389 1007 2417 exspecta-

222 2428 323 2454 tionem
341 2427 446 2459 hostes,
459 2426 567 2453 damnis
583 2427 638 2454 tuis
652 2427 759 2458 intenti,
772 2427 843 2453 bona
858 2431 903 2454 tua
916 2429 1006 2455 omnia

221 2473 395 2507 diripientes.
421 2481 431 2498 ‹
463 2472 532 2504 Quia
559 2476 587 2498 tu
616 2472 740 2506 spoliasti
767 2476 862 2507 gentes
895 2474 1006 2506 multas,

222 2518 379 2552 spoliabunt
398 2522 425 2544 te
446 2524 542 2544 omnes
564 2516 662 2551 reliqui
681 2517 784 2551 populi,
808 2522 919 2553 propter
941 2527 1007 2546 san-

221 2562 331 2595 guinem
349 2562 501 2593 hominum,
513 2566 540 2589 et
565 2562 730 2596 impietatem
755 2563 874 2597 regionis
888 2571 921 2591 ac
943 2565 1009 2592 civi-

224 2606 300 2638 tatis,
316 2611 343 2633 ct
353 2612 515 2634 cunctorum
537 2607 689 2634 incolarum
706 2607 776 2641 ejus.
798 2617 812 2632 L
826 2607 1009 2640 Quemadmo-

222 2652 287 2678 dum
305 2651 363 2686 ipse
378 2652 478 2685 impetu
494 2651 565 2679 facto
582 2653 671 2679 aliena
690 2653 815 2687 rapulsti,
832 2653 869 2679 ita
888 2653 1008 2681 vicissim

223 2700 269 2724 tua
282 2696 444 2731 diripientur
457 2696 492 2723 ab
508 2697 541 2724 iis
553 2697 600 2731 qui
623 2697 753 2731 puniendi
770 2699 807 2724 tul
825 2705 909 2725 causa
922 2699 1009 2725 relicti

224 2745 288 2768 sunt
304 2762 310 2768 .
324 2741 388 2776 quia
410 2747 438 2768 tu
464 2749 562 2776 nempe
583 2742 715 2777 plurimos
731 2742 777 2770 Dei
793 2743 911 2771 famulos
929 2744 1010 2771 inter-

225 2785 327 2817 fecisti,
347 2790 375 2814 et
390 2786 522 2813 adversus
536 2785 582 2814 Dei
594 2788 734 2822 regionem
756 2795 788 2815 ac
803 2788 940 2816 civitatem
959 2788 1010 2814 im-

227 2831 270 2867 pie
281 2831 374 2867 egisti,
391 2836 487 2859 contra
497 2839 591 2859 omnes
605 2832 723 2868 denique
734 2832 807 2860 illius
822 2832 939 2865 incolas,
947 2832 1010 2860 Ilie-

1055 2304 1120 2330 γων,
1141 2305 1151 2321 ‹
1171 2296 1232 2322 Ὅτι
1247 2296 1374 2330 ἐξαίφνης
1389 2293 1616 2328 ὲξαναστήσονται
1631 2292 1772 2322 δάκνοντες
1788 2290 1838 2317 αύ-

1054 2341 1110 2374 τὸν,
1129 2342 1176 2368 καὶ
1190 2341 1351 2376 ὲκνήψουσιν
1363 2341 1388 2367 οἱ
1402 2339 1538 2366 ὲπίὸουλοί
1552 2347 1611 2370 σου,
1624 2337 1671 2364 καὶ
1685 2337 1733 2372 ἔσῃ
1748 2337 1840 2367 αὐτοῖς

1055 2388 1094 2418 είς
1116 2387 1281 2422 διαρπαγήν.
1295 2386 1542 2420 »Ἀναφανήσονται
1565 2383 1620 2418 γὰρ
1646 2381 1722 2417 παρὰ
1745 2381 1837 2407 πᾶσαν

1056 2431 1153 2457 ἐλπίδα
1171 2431 1306 2465 πολέμιοι,
1331 2430 1404 2463 λέγει
1424 2430 1452 2456 δὲ
1473 2429 1536 2460 τοὺς
1560 2428 1677 2463 Πέρσας,
1697 2426 1722 2452 οἳ
1742 2425 1839 2460 ὥσπερ

1057 2477 1176 2511 δήγμασι
1189 2477 1248 2507 ταῖς
1266 2475 1370 2510 ἐφόδοις
1390 2476 1449 2506 ταῖς
1467 2474 1580 2504 οἰκείαις
1598 2470 1775 2499 διασπάσωσί
1793 2478 1841 2496 σου

1058 2522 1106 2556 τὴν
1117 2521 1230 2555 δύναμιν
1245 2523 1291 2547 καὶ
1305 2520 1354 2555 τὴν
1367 2520 1500 2553 ἐξουσίαν,
1520 2518 1587 2554 μετὰ
1609 2517 1708 2551 πολλῆς
1725 2517 1773 2550 μὲν
1792 2515 1841 2550 τῆς

1057 2566 1214 2602 ἐπιμελείας
1238 2566 1274 2593 τὰ
1299 2566 1367 2601 πρὸς
1394 2565 1494 2600 βλάὸην
1519 2564 1569 2599 σὴν
1591 2561 1786 2598 ἐργαζόμενοι·
1807 2560 1841 2586 δι’

1058 2612 1185 2647 ἁρπαγῆς
1198 2611 1288 2637 δὲκαὶ
1306 2610 1340 2637 τά
1360 2617 1400 2635 σοι
1426 2608 1558 2644 προσόντα
1580 2606 1718 2640 τιθέμενοι
1740 2603 1838 2630 πάντα.

1061 2666 1070 2682 ι
1093 2657 1165 2683 Διότι
1185 2656 1218 2681 σὺ
1237 2654 1401 2685 ὲσκύλευσας
1424 2653 1487 2688 ἔθνη
1509 2651 1604 2683 πολλὰ,
1622 2647 1798 2677 σκυλεύσουσί
1811 2656 1840 2674 σε

1058 2702 1157 2732 πάντες
1176 2701 1201 2727 οἱ
1225 2698 1449 2734 ὑπολελειμμένοι
1475 2698 1533 2723 λαοὶ
1550 2697 1583 2723 δι’
1609 2696 1714 2730 αἵματα
1735 2692 1841 2728 ἀνθρώ-

1058 2753 1126 2778 πων,
1144 2745 1190 2771 καὶ
1205 2744 1332 2774 ἀσεϐείας
1342 2743 1393 2777 γῆς
1411 2742 1458 2768 καὶ
1477 2741 1580 2772 πόλεως
1599 2741 1647 2766 καὶ
1667 2739 1774 2766 πάντων
1787 2737 1842 2764 τῶν

1058 2790 1255 2817 κατοικούντων
1279 2789 1374 2823 αὑτήν,
1398 2797 1408 2813 ι
1429 2788 1532 2821 Ὅνπερ
1557 2785 1611 2820 γὰρ
1634 2785 1735 2819 τρόπον
1760 2783 1841 2814 αὐτὸς

1058 2834 1142 2862 ἐπιὼν
1156 2835 1263 2870 ἁφῄρου
1276 2834 1310 2860 τὰ
1324 2832 1436 2868 ἑτέρων,
1448 2831 1494 2859 τδν
1507 2831 1587 2858 αὺτὸν
1598 2830 1631 2866 δὴ
1646 2828 1745 2864 τρόπον
1758 2827 1846 2862 ἀφαυ-
