1981 3073
119 152 133 180 δ
138 153 171 180 57

611 152 884 181 COMMENTARIUS
903 153 936 181 IN
955 153 1127 182 HABACUCI
1143 153 1219 182 CAP.
1237 153 1268 182 ll.

1690 153 1746 182 458

120 210 265 245 ρεθήσεται
281 210 329 236 καὶ
349 210 383 236 τά
399 218 439 236 σοι
456 211 589 246 προσόντα
603 210 678 245 παρά
696 210 750 236 τῶν
764 211 803 241 εἰς
818 218 905 244 τιμω-

975 211 1078 237 usalem
1106 211 1226 243 scilicet,
1239 214 1265 238 et
1284 210 1415 246 quidquid
1443 210 1477 237 ad
1501 216 1562 237 eam
1581 209 1744 245 pertinebat.

121 256 184 291 ρίαν
213 255 262 291 σὴν
291 256 560 291 καταλελειμμένων·
591 256 661 291 ὑπὲρ
685 253 722 283 ῶν
750 255 854 286 ἀνεῖλές
876 263 906 281 τε

120 302 265 332 πλείστους
281 301 335 328 τῶν
349 301 388 336 τῷ
404 301 462 336 Θεῷ
485 301 686 337 προσηκόντων,
702 301 748 327 καὶ
769 301 907 335 ἠσέϐησας

121 347 162 377 εἷς
175 355 206 373 τε
217 346 267 382 τὴν
281 346 332 380 γῆν
346 346 394 382 τὴν
415 346 490 373 θείαν
505 348 552 374 καὶ
566 347 615 382 τὴν
639 347 725 379 πόλιν,
741 347 787 373 καὶ
803 347 908 378 πάντας

121 391 154 426 δὴ
178 392 242 423 τοὺς
263 391 403 423 οίκοῦντας
417 391 512 427 αὐτὴν,
527 391 601 425 λέγει
620 391 648 418 δὲ
667 391 730 427 περί
746 400 776 417 τε
789 392 839 427 τῆς
859 392 907 418 Ἱε-

126 436 267 471 ρουσαλὴμ
283 436 330 462 καὶ
342 435 397 462 τῶν
411 436 472 462 κατ’
488 435 572 470 αὐτὴν
591 435 727 462 ἁπάντων.
743 433 800 462 Εἴθ’
817 435 855 466 ὡς
875 435 908 462 ἂν

124 481 299 516 ἐπεμϐαίνων
313 480 387 516 αὑτῷ
399 481 511 512 δικαίως
531 480 676 507 πεπονθότι
698 481 818 512 τοιαῦτα,
834 480 910 514 λέγει

124 525 174 557 τὰς
189 526 360 560 παρανομίας
377 525 447 560 ὑπὲρ
460 521 498 552 ὧν
513 524 561 560 τὴν
578 524 705 560 τοιαύτην
727 524 848 552 δέδεκται
867 533 909 550 τι-

127 570 233 604 μωρίαν
243 577 249 584 ·
263 579 272 595 ι
281 570 312 596 Ὢ
323 570 337 596 ό
351 569 520 596 πλεονεκτῶν
532 569 685 601 πλεονεξίαν
698 569 785 605 κακὴν
795 569 833 604 τῷ
844 569 910 605 οίκῳ

124 615 220 647 αὐτοῦ,
236 615 275 650 (p.
291 615 354 650 567)
374 615 454 647 τάξαι
470 615 509 646 είς
531 614 596 649 ὕψος
617 615 726 642 νοσσιὰν
748 615 841 647 αὐτοῦ,
863 615 910 642 τοῦ

125 660 314 695 ὲκσπασθῆναι
329 660 362 686 ὲκ
377 660 467 695 χειρὸς
481 660 592 687 κακῶνί
610 660 762 687 ἐϐουλεύσω
781 660 912 695 αίσχύνην

126 705 166 741 τῷ
181 706 248 741 οἴκῳ
265 715 312 732 σου
326 726 333 738 ,
355 707 541 742 συνεπέρανας
557 706 637 739 λαοὺς
652 707 779 740 πολλοὺς,
803 708 849 734 καὶ
870 708 912 741 ἑξ-

127 751 278 786 ήμαρτενὴ
294 751 365 787 ψυχή
382 760 439 778 σου.
451 760 460 777 ι
476 751 560 783 Αὐτὸς
571 749 653 786 ἦσθα,
670 752 762 787 φησιν,
773 753 788 778 ὁ
802 753 913 788 ἀμέτρῳ

128 796 298 831 κεχρημένος
310 798 342 832 τῇ
360 796 501 832 πλεονεξία
516 797 561 823 ἐπὶ
577 797 615 832 τῷ
627 797 672 823 τὸν
687 797 802 824 πλοῦτον
822 798 913 830 αὔξειν

127 841 174 867 τὸν
185 842 284 868 οἰκεῖον
301 842 334 867 ὲκ
348 841 402 867 τῶν
423 841 568 877 ἀλλοτρίων
581 841 684 873 κακῶν,
702 842 807 877 ὑψηλήν
820 851 849 869 τε
864 843 914 876 τῆς

963 255 1094 283 Posthinc
1108 256 1187 291 quasi
1204 256 1228 284 ei
1241 256 1316 291 juste
1338 256 1474 285 insultans
1489 257 1554 284 talia
1569 264 1661 292 passo,
1687 264 1747 284 sce-

963 301 1017 327 lera
1031 301 1138 333 recitat,
1153 308 1268 336 quorum
1286 308 1368 328 causa
1390 309 1499 336 pmnam
1513 301 1671 336 hujusmodi
1686 301 1745 328 luit.

964 357 972 373 ι
993 346 1015 374 Ο
1037 347 1083 381 qui
1103 346 1214 381 ampliat
1238 347 1377 373 avaritiam
1401 347 1498 373 malam
1518 347 1611 374 domui
1634 354 1701 380 suae,
1719 350 1747 373 ιιι

963 395 1046 426 ponat
1060 391 1087 417 in
1103 391 1211 418 excelso
1224 390 1319 417 nidum
1335 398 1426 422 suum,
1441 395 1472 418 ut
1485 395 1599 418 eruatur
1611 391 1645 419 de
1663 399 1747 418 manu

963 437 1096 463 malorum
1112 437 1118 462 ἱ
1133 436 1264 471 Cogitasti
1280 435 1471 463 confusionem
1496 436 1589 463 domui
1605 440 1667 469 tuae,
1679 444 1746 464 cou-

965 480 1107 515 sumpsisti
1123 480 1238 514 popnlos
1254 480 1364 513 multos,
1377 483 1403 506 et
1420 480 1542 514 peccavit
1557 480 1648 507 anima
1661 484 1717 508 tua.
1734 490 1743 506 ι

964 525 1015 558 Τιι,
1036 525 1134 560 inquit,
1147 525 1291 552 immodica
1311 525 1428 553 habendi
1446 525 1595 560 cupiditate
1612 527 1746 561 percitus,

963 571 999 598 ob
1025 578 1092 606 opes
1117 575 1178 599 tuas
1203 578 1235 598 ex
1252 570 1348 598 alienis
1374 570 1481 598 damnis
1499 571 1646 605 augendas,
1659 572 1746 598 subli-

965 624 1091 651 memque
1107 617 1183 652 regni
1197 619 1235 643 tui
1249 616 1434 644 conditionem
1451 616 1641 643 ostentandam
1657 625 1664 648 ;
1682 617 1748 644 dum

965 662 1022 690 haec
1040 669 1145 697 ageres,
1165 662 1235 689 haud
1253 666 1342 689 tamen
1368 661 1481 696 potuisti
1507 661 1663 688 discernere
1680 670 1748 696 quo-

965 709 1046 736 modo
1059 709 1283 743 imponendorum
1298 707 1347 734 tibi
1364 707 1497 734 malorum
1509 707 1616 741 pondus
1629 707 1729 735 vitares
1741 716 1748 733 :

966 754 1013 782 sed
1027 753 1127 781 multos
1146 753 1254 780 interim
1278 753 1388 784 laedens,
1403 756 1485 787 atque
1504 753 1531 780 in
1543 760 1639 781 omnes
1654 760 1751 781 secure

966 806 1102 834 peccans;
1122 799 1194 826 haud
1221 798 1342 830 divitias,
1357 802 1386 825 ut
1401 798 1543 829 credebas,
1557 798 1604 826 sed
1634 798 1753 833 ignomi-

967 845 1052 876 niam,
1073 848 1101 871 ut
1120 851 1215 879 reapse
1229 844 1318 872 exitus
1332 844 1464 876 ostendit,
1479 844 1572 871 domui
1590 848 1643 871 tuae
1662 844 1753 872 conci-

128 887 231 917 οίκείας
261 886 398 921 βασιλείας
429 886 569 919 ἀποδεῖξαι
597 887 647 922 τὴν
676 886 824 914 σύστασιν·
855 883 914 914 εἶτα

972 889 1056 922 ιίιιειί;
1071 896 1133 916 nam
1148 889 1183 916 ob
1204 889 1260 916 haec
1280 890 1371 916 omnia
1395 897 1456 924 quae
1473 888 1570 916 fecisse
1593 894 1619 916 te
1634 893 1751 921 constat,

128 931 215 958 ταῦτα
233 932 282 966 μὲν
302 932 412 964 ἐποίεις,
427 931 501 964 ὅπως
523 932 545 958 δ’
569 932 601 959 ἂν
615 932 775 968 δυνηθείσης
788 932 844 960 τῶν
863 933 912 960 έπ-

968 935 1039 961 hanc
1054 941 1163 968 poenam
1180 934 1346 969 persolvisti.

129 977 271 1011 ἀγομένων
286 986 327 1004 σοι
341 978 432 1004 κακῶν
454 977 612 1013 ἀπαλλαγὴν
628 978 759 1014 εὕρασθαί
772 988 842 1010 τινα.
855 981 968 1008 συνιδεῖν
981 981 1011 1007 οὐ
1024 980 1166 1016 δεδύνησαι
1177 989 1183 996 ·
1200 981 1267 1008 ἀλλά
1281 981 1334 1017 γὰρ
1347 982 1457 1013 πολλοὺς
1471 982 1571 1009 ἀδικῶν
1587 981 1752 1018 παρανομῶν

129 1033 159 1051 τε
171 1025 211 1056 είς
225 1024 347 1056 ἅπαντας
368 1024 462 1056 ἀδεῶς,
484 1025 516 1051 οὗ
533 1024 657 1056 πλοῦτον,
681 1025 718 1057 ὡς
737 1025 802 1060 ᾤου,
823 1027 952 1063 αἰσχύνην
972 1027 1012 1059 δὲ,
1026 1028 1063 1059 ὡς
1087 1028 1103 1061 ή
1119 1026 1229 1059 ἔκϐασις
1251 1027 1394 1062 δεδήλωκε,
1409 1027 1447 1062 τῷ
1459 1027 1525 1062 οῐκῳ
1544 1029 1696 1064 συνήγαγες
1713 1028 1752 1063 τῷ

132 1070 230 1097 σαυτοῦ
241 1079 248 1086 ·
259 1070 330 1105 ὑπὲρ
344 1070 398 1106 γὰρ
407 1071 534 1098 ἁπάντων
551 1068 589 1098 ὧν
599 1071 837 1108 διαπεπραγμένος
855 1071 939 1108 ὦψαι,
952 1074 1000 1110 τὴν
1018 1073 1152 1110 τιμωρίαν
1167 1074 1283 1106 δέδωκας
1298 1074 1407 1109 ταύτην.

166 1117 239 1153 Στίχ.
259 1121 302 1145 ια’.
321 1132 356 1138 ——
381 1127 390 1144 ι
418 1118 490 1145 Διότι
513 1118 585 1150 λίθος
607 1119 639 1145 ὲκ
663 1119 752 1154 τοίχου
779 1120 917 1155 βοήσεται,

133 1163 180 1189 καὶ
195 1163 329 1198 κάνθαρος
345 1164 377 1190 ὲκ
392 1163 470 1196 ξύλου
486 1163 629 1198 φθέγξεται
644 1164 723 1191 αὐτα.
743 1173 752 1190 ι
768 1165 918 1201 Τοιγαροῦν

132 1210 165 1235 ὲκ
180 1208 227 1236 τοῦ
244 1209 375 1243 μεγέθους
393 1209 447 1236 τῶν
461 1209 563 1241 κακῶν,
587 1210 633 1236 καὶ
653 1210 749 1236 ἐκτῶν
767 1210 917 1245 οἰκοδομῶν

132 1253 165 1284 ἃς
183 1254 274 1285 κακῶς
292 1254 437 1290 ἀνήγειρας
460 1255 669 1290 ἀναπέμπονται
688 1256 808 1291 ὡσπερεὶ
831 1257 918 1290 φωναί

131 1309 205 1331 τινες
228 1300 428 1335 κατηγοροῦσαί
444 1309 491 1327 σου
513 1301 562 1336 τὴν
582 1302 748 1334 πλεονεξίαν,
762 1302 816 1329 τῶν
829 1311 858 1329 τε
873 1302 915 1329 λί-

134 1345 188 1371 θων
203 1346 343 1379 μονονουχὶ
360 1345 451 1381 φωνὴν
465 1346 600 1380 ἀφιέντων
621 1347 691 1373 κατὰ
708 1346 754 1372 σοῦ
777 1338 916 1383 τοιαύτην,

133 1390 182 1416 καὶ
195 1390 249 1417 τῶν
269 1390 416 1425 σκωλήκων
435 1391 462 1417 δὲ
481 1391 530 1417 σὺν
543 1392 635 1423 αὐτοῖς
649 1391 764 1423 ὁπόσους
777 1393 805 1418 ὲν
822 1392 918 1427 μέσαις

133 1438 194 1467 ταῖς
207 1436 261 1463 τῶν
278 1436 358 1463 λίθων
371 1445 400 1462 τε
415 1437 462 1462 καὶ
476 1437 593 1463 πλίνθων
605 1438 738 1472 ἁρμογαῖς
750 1438 918 1473 ὲμφωλεύειν

134 1481 204 1513 ἔθος.
215 1481 233 1516 ἦ
246 1482 293 1508 καὶ
309 1482 338 1508 ὲν
356 1482 447 1517 μέσοις
458 1482 588 1514 πολλάκις
603 1483 776 1518 εὑρίσκεσθαι
797 1485 853 1515 τοῖς
873 1483 919 1516 ξύ-

135 1527 191 1558 λοις
203 1536 209 1543 ·
226 1527 359 1562 κάνθαρον
378 1528 430 1562 γὰρ
451 1527 566 1554 ἐνταῦθα
588 1528 661 1562 λέγει
680 1528 714 1555 τὰ
736 1528 764 1555 ἐν
779 1537 809 1555 τε
830 1528 919 1561 ξύλοις

135 1571 328 1606 εὑρισκόμενα,
355 1571 392 1607 (p.
416 1572 479 1606 368)
500 1571 529 1598 έν
550 1581 579 1598 τε
597 1573 697 1607 τοίχοις
717 1574 746 1599 ὲν
771 1573 845 1608 μέσῳ
864 1573 918 1600 τῶν

136 1601 257 1644 πλίνθων
273 1601 402 1648 εἰωθότας
416 1601 594 1652 ἐμφωλεύειν,
608 1601 744 1650 ὡςῇάν-τις
760 1601 836 1646 ergo;
848 1619 919 1650 ζωΰ-
933 1601 954 1630 C

136 1662 188 1698 φιά
201 1671 233 1689 τε
250 1663 297 1689 καὶ
311 1661 453 1697 σκώληκας
465 1663 551 1695 οὕτως
566 1664 720 1698 ὀνομάζων,
745 1664 783 1696 ὼς
803 1664 836 1691 ἂν
845 1665 921 1700 κοινῇ

136 1708 226 1745 ταύτῃ
248 1709 417 1744 προσηγορίᾳ
435 1708 609 1744 καλουμένων
625 1709 753 1736 ἀπάντων
768 1709 823 1736 τῶν
835 1709 923 1736 τοιού-

137 1762 203 1780 των.
221 1754 298 1780 Ἔστι
315 1754 343 1780 δέ
357 1763 416 1780 τινα
432 1755 460 1780 ὲν
475 1756 530 1786 τοῖς
548 1755 706 1788 καταγαίοις
722 1755 836 1781 εἰωθότα
853 1755 922 1790 μᾶλ-

137 1800 183 1826 λον
207 1800 236 1825 ἐν
260 1800 334 1834 μέσῳ
352 1800 400 1835 τῆς
414 1799 514 1831 νοτίδος
528 1800 702 1833 εὑρίσκεσθαι
721 1800 739 1827 ἀ
759 1800 923 1836 κανθαρίδας

138 1844 270 1872 καλοῦσι·
292 1845 364 1876 τινὲς
384 1845 414 1872 δὲ
427 1845 531 1879 ἔφασαν
552 1845 705 1881 τὸνιΣύρον
726 1845 861 1872 πάσσαλον
880 1845 925 1872 λέο

139 1898 216 1925 γειν·
229 1890 285 1918 ἀλλ’
295 1891 407 1925 ἀνόητον
422 1891 464 1926 εἴη
480 1891 513 1918 ἂν
525 1891 643 1926 ἀφέντας
655 1891 705 1926 τῆς
725 1891 861 1926 Ἐϐραῖδος
875 1891 924 1926 τὴν

139 1936 234 1971 φωνὴν
257 1935 318 1963 καθ’
341 1936 375 1971 ἢν
393 1937 407 1962 ό
426 1937 570 1973 προφήτης
591 1936 750 1971 ἐφθέγξατο,
770 1937 859 1972 ἥνπερ
877 1934 924 1963 οὖν

139 1983 208 2015 ἡμῖν
232 1982 276 2008 διά
295 1982 345 2017 τῆς
365 1982 467 2013 οἰκείας
494 1979 642 2017 ἑρμηνείας
658 1982 730 2017 σαφῆ
756 1982 925 2017 κατέστησαν

139 2027 238 2062 ἄνδρες
255 2026 465 2061 Ἐϐδομήκοντα,
486 2025 592 2061 δόκιμοί
614 2034 644 2052 τε
667 2025 714 2052 καὶ
734 2026 854 2061 ἀκριϐῶς
876 2026 926 2061 τῆς

141 2072 265 2106 γλώττης
285 2072 463 2106 ἐπιστήμονες
478 2071 594 2106 ἐκείνης,
615 2071 694 2106 Σύρῳ
714 2071 858 2107 προσέχειν
878 2080 926 2107 με-

140 2117 321 2152 ταϐεϐληκότι
333 2117 382 2152 τὴν
405 2116 538 2151 Ἐϐραίων
549 2117 589 2148 είς
602 2116 650 2151 τὴν
664 2116 772 2152 Σύρων·
791 2114 852 2143 εἶτα
863 2117 927 2143 πολ-

142 2162 222 2193 λάκις
236 2161 262 2188 τὸ
273 2163 395 2196 πταῖσμα
404 2161 435 2188 τὸ
453 2162 562 2193 οίκεῖον,
576 2161 656 2196 νόμον
676 2161 832 2197 βουληθέντι
842 2162 927 2189 θεῖναι

143 2206 247 2241 φωνῆς,
261 2206 290 2237 ὃς
305 2206 377 2232 δοκεί
394 2214 450 2241 μοι,
466 2206 503 2240 μὴ
518 2206 607 2237 συνεὶς
621 2206 636 2232 ὃ
653 2205 678 2232 τί
692 2214 758 2233 ποτε
777 2206 861 2240 λέγει,
882 2206 928 2232 τὸν

1003 1121 1086 1149 Vens.
1103 1122 1145 1148 il.
1161 1136 1196 1141 —
1218 1130 1227 1147 ι
1246 1120 1316 1154 Quia
1333 1121 1402 1156 lapis
1427 1122 1460 1149 de
1487 1122 1589 1156 pariete
1613 1122 1752 1153 clamabit,

966 1172 991 1194 et
1012 1167 1167 1194 scarabaeus
1191 1166 1224 1193 de
1245 1166 1319 1201 ligno
1335 1166 1460 1201 loquetur
1474 1175 1516 1195 ea.
1537 1177 1546 1193 ι
1565 1167 1649 1202 Igitur
1673 1167 1751 1203 241

966 1220 997 1239 ex
1011 1212 1121 1240 cumulo
1137 1212 1280 1245 malorum,
1296 1219 1402 1239 necnon
1419 1221 1451 1239 ex
1465 1213 1588 1240 aediﬁciis
1611 1220 1671 1248 qua!
1684 1220 1753 1251 con:

967 1260 1010 1283 tra
1032 1256 1072 1284 fas
1091 1256 1228 1288 struxisti,
1252 1263 1332 1284 voces
1358 1257 1441 1284 veluti
1458 1257 1581 1292 quaedam
1609 1257 1754 1285 mittuntur

972 1308 1033 1335 quae
1045 1306 1118 1327 tuam
1135 1300 1276 1327 avaritiam
1294 1305 1433 1333 accusant,
1447 1302 1520 1329 saxis
1534 1301 1599 1334 ipsis
1612 1308 1754 1336 propemo-

967 1346 1030 1373 dum
1050 1347 1090 1374 sic
1106 1350 1200 1374 contra
1229 1351 1259 1374 te
1284 1346 1477 1378 clamantibus,
1507 1353 1613 1373 necnon
1639 1349 1666 1373 et
1690 1353 1753 1372 ver-

967 1392 1057 1418 mibus
1071 1393 1204 1425 quotquot
1227 1390 1255 1416 in
1279 1390 1376 1417 mediis
1396 1390 1470 1418 saxis
1497 1390 1669 1424 laterumque
1688 1389 1755 1424 jun-

967 1437 1050 1465 cturis
1066 1437 1171 1464 latitare
1185 1437 1289 1468 solent,
1301 1439 1329 1463 et
1343 1435 1413 1462 intra
1428 1435 1499 1470 ligna
1514 1442 1584 1469 szrpe
1598 1435 1752 1469 comperiri.

968 1482 1074 1510 Etenim
1099 1481 1267 1509 scarabzeum
1290 1480 1342 1508 hoc
1370 1481 1429 1508 loco
1454 1480 1571 1515 appellat
1593 1480 1754 1507 animalcula

970 1535 1031 1562 quae
1052 1527 1078 1554 in
1103 1527 1183 1562 lignis
1196 1530 1352 1558 occurrunt,
1370 1529 1397 1553 et
1419 1525 1447 1552 in
1463 1525 1548 1552 nutris
1565 1525 1636 1552 intra
1652 1525 1755 1560 lapides

971 1572 1102 1600 lateresve
1115 1572 1246 1603 cubitant,
1259 1571 1348 1606 quasi,
1359 1571 1480 1605 inquam.
1492 1570 1544 1598 hoc
1557 1570 1667 1597 nomine
1682 1570 1756 1597 dicat

973 1618 1135 1644 animalcula
1150 1618 1252 1652 quaevis
1277 1623 1304 1645 et
1326 1624 1443 1649 vermes,
1462 1624 1509 1644 ceu
1530 1616 1553 1643 si
1573 1615 1663 1643 omnia
1679 1623 1755 1643 com—

973 1664 1047 1691 muni
1065 1664 1116 1691 hac
1131 1663 1310 1698 appellatione
1330 1662 1492 1690 vocitentur.
1510 1662 1579 1689 Sunt
1591 1661 1673 1689 etiam
1690 1661 1756 1689 sub—

975 1712 1095 1735 terranea
1111 1708 1233 1742 quaedam
1257 1708 1285 1734 in
1310 1706 1398 1734 media
1417 1706 1551 1741 praecipue
1573 1705 1697 1740 rubigine
1715 1705 1757 1731 iu-

973 1754 1059 1781 veniri
1088 1754 1177 1786 solita,
1206 1760 1274 1787 quas
1302 1751 1476 1779 cantharidas
1499 1754 1606 1778 vocant.
1627 1749 1756 1778 Nonnulli

975 1807 1038 1827 vero
1054 1800 1180 1827 dixerunt
1208 1798 1280 1834 apud
1305 1797 1402 1834 Syrum
1429 1797 1602 1832 interpretem
1626 1796 1757 1831 paxillum

974 1845 1036 1880 legi.
1063 1845 1144 1879 Atqui
1168 1845 1279 1873 stultum
1308 1848 1350 1872 est
1371 1843 1473 1871 omissa
1498 1842 1628 1870 Hebraica
1652 1842 1755 1876 lingua,

974 1898 1027 1925 qua
1043 1891 1172 1926 propheta
1187 1891 1295 1918 locutus
1309 1893 1360 1922 est,
1378 1889 1458 1923 Cujus
1474 1888 1633 1915 vocabulum
1648 1887 1757 1922 propria

975 1936 1196 1971 interpretatione
1215 1935 1385 1970 septuaginta
1399 1935 1451 1962 viri
1476 1934 1555 1962 nobis
1573 1933 1758 1964 declararunt.

975 1981 1080 2015 probati
1098 1980 1224 2007 nimirum
1241 1980 1279 2006 illi
1295 1984 1322 2006 et
1333 1979 1394 2013 ejus
1408 1978 1506 2013 lingua:
1521 1981 1648 2005 accurate
1667 1976 1757 2011 periti.

977 2025 1046 2061 Syro
1060 2025 1198 2053 attendere
1217 2025 1264 2060 qni
1285 2024 1447 2052 Hebraicum
1469 2023 1601 2058 scriptum
1625 2022 1659 2050 ad
1674 2021 1760 2058 Syro-

977 2077 1037 2097 rum
1051 2077 1201 2098 sermonem
1214 2068 1353 2096 transtulit
1365 2078 1371 2095 :
1385 2068 1431 2103 qui
1447 2075 1517 2103 saepe
1531 2074 1651 2095 errorem
1677 2073 1758 2094 suum

977 2121 1027 2150 pro
1048 2115 1146 2150 linguas
1167 2113 1260 2149 regula
1284 2114 1343 2141 vult
1368 2112 1524 2144 obtrudere,
1539 2116 1670 2148 quantum
1692 2111 1758 2138 mihi

977 2160 1096 2192 videtur,
1112 2159 1176 2194 quid
1191 2159 1262 2187 dicat
1284 2159 1394 2186 minime
1414 2158 1566 2193 intelligens
1580 2167 1587 2184 :
1603 2157 1694 2192 itaque
1710 2164 1759 2191 pro

979 2205 1115 2233 scarabaeo
1128 2204 1228 2239 passim
1244 2204 1271 2231 in
1288 2205 1373 2231 muris
1386 2203 1508 2231 cubitare
1524 2202 1614 2235 solito,
1630 2202 1758 2236 paxillum

143 2251 280 2286 κάνθαρον
297 2251 365 2278 πάνυ
379 2259 412 2285 γε
430 2251 545 2278 εἰωθότα
568 2250 735 2286 ὲμφωλεύειν
750 2252 805 2282 τοῖς
827 2251 920 2286 τοίχοις

979 2251 1080 2286 posuit,
1099 2254 1127 2277 ut
1152 2250 1296 2284 quamdam
1321 2249 1455 2276 sermonis
1478 2247 1614 2282 sequelam
1643 2247 1760 2274 retinere

142 2296 174 2323 τὸ
190 2306 199 2322 ι
227 2295 362 2328 πάσσαλος
380 2306 389 2322 ι
407 2295 564 2328 τεθεικέναι,
587 2296 631 2322 ἶνα
645 2296 710 2331 δοκῇ
731 2304 791 2322 τινα
809 2296 839 2322 τὸ
852 2295 928 2329 λεγό-

145 2350 228 2376 μενον
240 2341 398 2368 ἀκολουθίαν
418 2341 490 2376 ἔχειν
500 2349 507 2356 ·
535 2341 623 2368 καίτοι
639 2349 670 2375 γε
687 2341 824 2368 πάσσαλον
837 2341 869 2367 ὲκ
884 2340 929 2372 ξύ-

144 2388 190 2413 λου
209 2386 375 2421 φθέγγεσθαι
389 2386 568 2413 ἀνακόλουθον
587 2387 670 2420 ἄγαν.
685 2386 778 2421 ἐπειδὴ
790 2387 823 2412 ὲκ
837 2386 928 2421 τοίχου

147 2432 197 2466 μὲν
211 2431 383 2466 ἐνδεχόμενον
393 2451 400 2462 ,
417 2432 450 2458 ὲκ
463 2431 540 2464 ξύλου
558 2431 586 2458 δὲ
604 2431 712 2458 οὐκέτι·
729 2431 759 2457 οὺ
771 2432 823 2466 γὰρ
836 2431 930 2467 ὥσπερ

145 2479 178 2504 ὲκ
204 2477 285 2504 λίθων
311 2477 463 2504 συντίθεται
492 2479 590 2513 τοῖχος,
616 2477 703 2508 οὕτως
729 2478 761 2503 ἐκ
784 2477 930 2504 πασσάλων

146 2521 233 2553 ξύλον.

182 2566 255 2602 Στίχ.
272 2567 362 2602 ιβ’-ιε’.
376 2581 412 2586 —
426 2566 464 2593 υὺ
478 2565 610 2601 μέντοιγε
623 2566 764 2601 προφήτης
776 2566 870 2601 ἐπειδὴ
885 2566 931 2593 καὶ

146 2614 178 2638 ὲκ
195 2612 250 2638 τῶν
268 2613 366 2648 τοίχων
382 2612 438 2638 εἴτε
465 2613 520 2638 τῶν
548 2612 673 2638 ἑνιόντων
692 2612 783 2644 αὐτοῖς
805 2612 858 2647 ἔφη
880 2612 929 2648 τὴν

146 2657 315 2692 κατηγορίαν
331 2657 454 2692 γίνεσθαι
475 2658 536 2684 κατ’
552 2657 646 2689 αὑτοῦ,
663 2657 753 2688 καλῶς
774 2657 928 2692 ἐπήγαγεν·

149 2711 157 2727 ι
177 2703 245 2729 Οὐαὶ
258 2703 273 2729 ὸ
286 2702 435 2736 οἰκοδομῶν
450 2702 526 2729 ¹ιιιόλιν
542 2704 571 2730 ὲν
584 2703 691 2738 αἵμασι,
715 2703 761 2729 καὶ
779 2701 931 2737 ἑτοιμάζων

148 2748 226 2775 πόλιν
239 2749 269 2775 ὲν
281 2748 402 2779 ἀδικίαις
412 2756 419 2764 ·
434 2747 466 2774 οὐ
478 2748 565 2775 ταῦτά
577 2749 635 2774 ὲστι
654 2747 730 2784 παρά
748 2747 851 2783 Κυρίου
866 2756 933 2775 παν-

147 2795 330 2830 τοιιράπορος⁸
355 2794 395 2828 (p.
418 2793 480 2827 369)
501 2794 548 2820 καὶ
567 2794 689 2826 ἐξέλιπον
706 2793 770 2821 λαὸν
790 2793 880 2820 ἱκανὸν
905 2794 935 2820 ἐν

150 2841 227 2875 πυρὶ,
245 2840 292 2866 καὶ
311 2839 378 2874 ἔθνη
399 2838 483 2865 πολλά
496 2839 769 2875 ὠλιγοψύχητιννὸτι
785 2838 936 2874 πλησθήσεο

981 2295 1127 2322 videretur.
1142 2293 1224 2328 Atqui
1249 2293 1380 2328 paxillum
1403 2300 1435 2319 ex
1456 2292 1528 2327 ligno
1546 2291 1630 2326 loqui,
1648 2299 1700 2318 non
1718 2295 1760 2317 est

981 2342 1192 2367 consentaneum
1211 2347 1218 2365 :
1236 2344 1298 2364 nam
1317 2338 1340 2364 si
1362 2345 1392 2364 ex
1419 2344 1496 2363 muro
1520 2339 1618 2371 potest,
1637 2343 1669 2362 ex
1687 2335 1760 2369 ligno

979 2391 1150 2419 nequaquam
1168 2393 1174 2410 :
1192 2391 1246 2410 non
1263 2383 1336 2410 enim
1361 2382 1432 2409 sicut
1458 2389 1491 2409 cx
1510 2381 1644 2416 lapidibus
1666 2388 1762 2408 murus

983 2429 1136 2463 coniicitur,
1151 2428 1188 2455 ita
1205 2435 1237 2456 ex
1255 2427 1361 2462 paxillis
1374 2427 1487 2462 lignum.

1019 2564 1101 2591 Vens.
1113 2562 1205 2590 1245.
1214 2576 1248 2581 —
1259 2562 1329 2597 Ergo
1343 2561 1483 2596 propheta.
1494 2559 1710 2595 quandoquidem
1726 2567 1758 2587 ex

983 2612 1069 2638 muris
1077 2614 1103 2637 et
1112 2617 1146 2637 ex
1152 2608 1316 2636 haerentibus
1325 2608 1378 2635 illic
1384 2607 1554 2634 animalculis
1560 2607 1760 2634 accusationum

984 2655 1041 2682 ﬁeri
1051 2657 1146 2681 contra
1154 2653 1328 2688 Babylonium
1339 2652 1418 2684 dixit,
1426 2652 1552 2686 praeclare
1562 2652 1664 2678 addidit
1675 2661 1680 2678 :
1697 2661 1706 2677 ι
1718 2650 1764 2678 V.e

981 2701 1028 2735 qui
1042 2699 1157 2727 aediﬁcat
1175 2699 1310 2725 civitatem
1332 2698 1359 2725 in
1382 2698 1571 2733 sanguinibus,
1587 2701 1613 2725 et
1629 2700 1763 2732 praeparat

981 2746 1075 2773 urbem
1095 2745 1123 2772 in
1149 2743 1353 2778 iniquitatibus!
1372 2743 1429 2770 Non
1451 2746 1514 2770 sunt
1534 2743 1590 2769 haec
1615 2749 1630 2768 a
1650 2741 1763 2768 Domino

984 2791 1179 2826 omnipotente.
1196 2789 1229 2815 Et
1243 2788 1398 2815 defecerunt
1412 2787 1504 2823 populi
1517 2786 1594 2814 multi
1606 2787 1633 2813 in
1649 2785 1721 2818 igne,
1737 2789 1763 2810 et

986 2840 1079 2872 gentes
1096 2835 1187 2863 multa:
1207 2834 1298 2862 animo
1320 2833 1507 2861 conciderunt.
1529 2831 1597 2864 Quia
1618 2829 1763 2865 replebitur
