1981 3073
206 111 258 138 ὶξῖθ

783 118 956 148 ΤίΙΕΟυΟίὶί
974 119 1214 150 MOPSUESTE'NI

1775 129 1832 157 ΜΩ

207 173 289 199 terra,
319 172 349 196 ut
372 175 519 205 cognoscat
543 172 654 208 gloriam
677 175 782 203 Domini
800 186 806 203 :
821 176 897 211 quasi
923 183 984 211 aqu:

1043 186 1087 204 ται
1101 180 1118 213 ἡ
1128 180 1162 214 γῆ
1175 180 1222 207 τοῦ
1233 182 1332 215 γνῶναι
1348 182 1395 219 τὴν
1409 183 1488 216 δόξαν
1504 184 1617 220 Κυρίου,
1630 184 1666 216 ὡς
1678 185 1747 221 ὕδωρ
1759 185 1826 211 πολὺ

208 214 290 241 multa
309 215 390 251 242
405 217 529 251 operiens
548 220 643 247 maria
661 230 670 246 ι
687 221 754 254 Quis
777 226 803 249 te
817 230 871 249 non
896 221 992 249 deﬂeat

207 259 290 286 urbes
309 261 428 289 caedibus
441 267 467 289 et
480 262 669 298 iniquitatibus
685 267 881 295 aediﬁcantem?
900 266 992 302 Neque

207 304 280 331 enim
308 306 397 334 cernis
422 316 545 341 quaenam
569 311 615 337 tibi
645 312 726 347 hujus
743 314 780 341 rei
796 321 878 345 causa
903 320 918 340 a
937 313 992 340 Deo

207 349 360 378 :nferentur
379 353 459 379 mala.
492 353 532 381 Tu
557 356 665 390 quidem
693 360 803 392 multos.
826 363 891 394 quot
912 366 992 386 nemo

208 395 342 429 recitabit,
357 399 434 432 quasi
457 399 519 434 igne
537 399 698 430 crudelitate
715 408 759 430 tua
774 405 965 439 consumpsisti
983 415 989 431 :

209 441 310 468 multos
331 442 365 469 ad
387 444 446 471 vitae
463 446 564 472 exitum
591 446 769 477 intolerandis
797 451 926 478 aerumnis
945 450 991 477 de-

209 485 307 513 duxisti
331 496 338 513 :
361 490 536 522 quamobrem
561 500 632 520 nunc
653 493 711 521 haec
740 495 882 522 sustines:
900 499 929 522 ut
955 495 990 522 ita

208 538 303 559 omnes
321 540 367 567 per
379 535 471 562 orbem
487 540 621 564 terrarum
635 538 756 566 homines
770 545 920 574 agnoscant
936 548 988 567 ma-

208 583 288 609 gnam
318 576 363 605 Dei
392 580 588 614 providentiam
615 583 679 610 talia
693 590 867 619 operantem,
888 586 991 620 tibique

208 621 244 647 ob
258 619 377 650 facinora
395 629 496 652 tantam
516 635 623 662 pmnam
642 629 799 664 imponenti,
817 635 990 666 peccatorum

207 669 317 694 tuorum
335 670 498 697 multitudini
513 674 727 702 convenientem.
748 674 909 712 Rursusque
928 684 989 704 cum

207 713 458 744 exprobrationem
473 715 495 743 0
520 718 565 752 qui
588 721 722 754 propinat,
742 721 841 756 inquit,
867 723 991 757 proximo

208 764 259 783 suo
271 758 473 788 subversionem
490 763 635 795 turbidam,
650 770 677 792 et
691 765 807 793 inebriat
822 771 851 794 ut
866 767 991 802 inspiciat

207 800 235 828 in
263 803 406 836 speluncas
430 807 540 833 eorum!
561 817 571 833 ι
590 808 647 836 Dixi
669 809 724 844 jam
750 818 836 846 saepe,
855 800 945 838 vinum
965 816 991 839 et

208 847 294 881 ipsam
319 850 482 883 polationem
507 860 556 887 pro
574 855 702 883 aerumnis
728 856 791 884 dici.
811 856 851 884 Tu
868 865 932 891 ergo
949 866 989 890 es,

207 894 252 927 qui
269 895 401 923 universis
417 897 571 926 hominibus
585 900 720 928 turbidum
740 906 832 937 potum
850 904 989 938 propinas,

207 939 341 968 inebriare
357 949 389 969 ac
406 943 562 973 subvertere
578 951 702 980 potantes
715 949 826 976 omnino
845 950 988 981 valentem,

206 985 233 1011 id
246 988 499 1019 esugravissimum
513 992 674 1026 supplicium
695 995 801 1021 cunctis
819 995 912 1022 infers.
928 995 990 1022 llam

205 1030 333 1062 faciebas.
350 1033 446 1068 inquit,
462 1035 526 1062 dum
545 1037 632 1064 aliena
649 1041 865 1074 concupisceres,
879 1046 906 1068 ct
922 1042 988 1069 alic-

204 1078 408 1107 nosthesauros
430 1083 601 1115 scrutarcris,
631 1088 659 1110 ut
681 1085 708 1112 iu
735 1094 789 1113 rem
814 1091 886 1114 tuam
911 1096 989 1115 sevu-

204 1126 281 1147 cares
291 1138 298 1147 ι

238 1263 319 1291 Vens.
337 1266 424 1293 16-18.
438 1282 463 1286 -
487 1277 495 1292 ι
516 1268 690 1297 Saturitatem
709 1272 863 1306 ignominia:
881 1273 914 1300 de
929 1275 987 1309 glo-

202 1309 243 1336 ria
260 1310 321 1337 bibe
346 1316 372 1337 et
401 1316 429 1338 tu
447 1321 453 1339 :
470 1321 517 1340 cor
539 1321 723 1343 commovetur
745 1321 772 1344 et
797 1320 959 1347 concutitur.
975 1330 984 1346 ι

201 1353 267 1387 Quae
279 1355 361 1390 igilur
372 1356 432 1384 aliis
448 1357 545 1389 fecisti,
560 1360 658 1394 dignus
672 1362 728 1396 ipse
744 1364 798 1397 pati
815 1371 863 1397 es;
881 1368 910 1391 ut
926 1370 988 1400 post

200 1407 307 1427 omnem
321 1401 393 1428 illam
409 1402 521 1437 gloriam
543 1404 688 1438 ignominia
707 1407 831 1439 obrutus,
847 1414 946 1437 nutans
961 1414 987 1436 ct

200 1446 357 1478 concidens,
384 1449 461 1482 quasi
488 1450 598 1484 crapula
621 1451 748 1484 quadam,
767 1460 781 1478 a
802 1454 986 1487 magnitudine

1044 225 1231 260 κατακαλύψαι
1244 227 1395 260 θαλάσσας.
1420 239 1428 255 ι
1449 230 1505 256 οὐκ
1525 230 1556 256 ἄν
1574 239 1603 256 σε
1618 229 1777 265 θρηνήσειεν
1794 231 1827 256 ἐκ

1043 268 1130 302 φόνων
1145 270 1190 296 καὶ
1207 271 1317 298 ἀδικιῶν
1334 274 1571 305 κατασκευάζοντα
1589 275 1695 308 πόλεις;
1716 275 1754 301 οὐ
1771 275 1826 309 γὰρ

1044 314 1180 350 σννεώρας
1210 316 1289 344 ἅτινα
1318 318 1388 354 ὑπὲρ
1419 319 1520 345 τούτων
1548 320 1758 356 ἐπενεχθήσεταί
1784 329 1827 346 σοι

1044 360 1119 395 παρὰ
1131 361 1178 387 τοῦ
1193 362 1260 389 Θεοῦ
1271 371 1277 377 ·
1291 363 1359 390 ἀλλά
1373 364 1486 396 πολλοὺς
1506 365 1555 399 μέν
1567 373 1643 396 τινας
1656 365 1702 392 καὶ
1722 365 1828 400 ἀμυθή-

1042 414 1105 437 τους
1115 405 1211 442 ὥσπερ
1227 408 1294 443 πυρὶ
1308 410 1341 444 τῇ
1358 409 1456 436 εαυτοῦ
1476 409 1668 441 καταναλώσας
1687 410 1826 444 ὼμάτητι,

1042 451 1155 483 πολλοὺς
1167 452 1195 478 δὲ
1210 453 1278 488 πρὸς
1299 454 1364 480 αὐτὸ
1374 454 1405 480 τὸ
1423 454 1499 486 τέλος
1517 455 1620 490 ἤγαγες
1634 455 1680 481 τοῦ
1696 455 1753 490 βίου
1766 456 1830 486 ταῖς

1042 496 1201 530 ἀνηκέστοις
1216 500 1367 534 συμφοραῖς
1377 507 1384 513 ·
1400 499 1469 534 ὑπὲρ
1485 497 1522 527 ὧν
1541 499 1574 534 δὴ
1589 499 1674 527 ταῦτα
1691 500 1739 527 νῦν
1759 501 1826 526 ὑποο

1044 544 1143 576 μενεῖς,
1171 543 1242 570 ὥστε
1267 545 1390 576 ἅπαντας
1411 546 1474 577 τοὺς
1501 545 1572 572 κατά
1594 545 1646 580 γῆν
1666 545 1826 581 ἀνθρώπους

1041 587 1189 621 ἐπιγνῶναι
1208 590 1257 624 τῆς
1275 590 1349 622 θείας
1361 591 1515 626 οἰκονομίας
1534 592 1563 618 τὸ
1579 591 1693 626 μέγεθος
1712 592 1827 619 τοιαῦτα

1041 633 1227 669 ἐργαζομένης
1238 642 1244 648 ·
1259 635 1328 662 οὕτω
1339 636 1368 662 τὲ
1387 645 1427 663 σοι
1446 637 1484 672 τῷ
1497 636 1613 663 τοσαῦτα
1624 637 1764 672 δυνηθέντι
1779 638 1827 663 καὶ

1042 680 1214 714 πεποιηκότι,
1235 681 1352 717 φοὸεράν
1375 683 1504 716 ἐπάγοντι
1524 683 1574 717 τὴν
1600 684 1751 719 τιμωρίαν,
1778 683 1826 710 καὶ

1041 726 1200 761 πρέπουσάν
1224 736 1255 761 γε
1283 728 1322 763 τῷ
1349 729 1445 764 πλήθει
1469 729 1524 756 τῶν
1552 729 1753 765 ἡμαρτημένων
1774 729 1826 756 ὑπὸ

1042 773 1099 802 σοῦ.
1117 773 1168 800 Καὶ
1183 775 1262 802 πάλιν
1281 775 1461 808 ὸνεῶιστικῶς
1480 776 1585 810 λέγων·
1600 785 1610 801 ι
1627 774 1662 803 Ὦ
1676 776 1692 802 ὁ
1707 776 1825 808 ποτίζων

1041 819 1085 845 τὸν
1107 819 1220 854 πλησίον
1248 820 1329 846 αὑτοῦ
1350 820 1505 856 ἀνατροπὴν
1529 821 1653 856 θολεράν,
1675 821 1723 848 καὶ
1743 821 1826 856 μεθύ-

1042 873 1114 892 σκων
1125 866 1198 896 ὅπως
1212 865 1346 900 ἐπιϐλέπῃ
1361 866 1407 891 ἐπὶ
1418 866 1452 892 τὰ
1466 866 1584 901 σπήλαια
1599 866 1698 893 αὐτῶν.
1718 876 1727 892 ι
1741 864 1825 892 Εἶπον

1041 912 1169 944 πολλάκις
1190 913 1230 938 ὅτι
1244 913 1290 939 τὸν
1304 911 1374 940 οἶνον
1395 913 1442 939 καὶ
1460 913 1491 939 τὸ
1513 913 1599 938 πίνειν
1617 912 1699 939 αὑτὸν
1718 912 1763 938 ἐπὶ
1775 912 1825 946 τῆς

1041 959 1182 993 συμφορᾶς
1199 958 1284 992 λέγει.
1307 959 1342 984 Σὺ
1363 957 1420 989 οὖν,
1433 959 1525 993 φησὶν,
1548 955 1618 993 ἦσθα
1647 958 1662 983 ὁ
1681 958 1763 984 πᾶσιν
1781 958 1827 984 ἀν·

1040 1004 1159 1040 θρώποις
1175 1004 1249 1039 πόμα
1265 1004 1377 1035 θολῶδες
1401 1004 1555 1038 προσάγων,
1573 1003 1717 1038 μεθύσκειν
1735 1012 1764 1030 τε
1778 1003 1825 1030 καὶ

1039 1051 1202 1085 ἀνατρέπειν
1227 1050 1273 1076 τὸν
1297 1049 1410 1076 πίνοντα
1432 1049 1580 1084 δυνάμενον
1603 1049 1758 1080 παντελῶς·
1780 1050 1825 1076 iw.

1040 1095 1115 1130 εἴπῃ,
1134 1095 1270 1130 τιμωρίαν
1292 1094 1446 1130 βαρυτάτην
1465 1094 1566 1121 ἅπασιν
1585 1095 1711 1128 ἐπάγων
1737 1094 1823 1121 ταῦτα

1039 1141 1077 1173 δέ,
1090 1141 1182 1176 φησὶν,
1197 1141 1298 1172 ἰποίεις
1311 1140 1365 1167 τῶν
1378 1140 1524 1175 ἀλλοτρίων
1543 1140 1693 1174 ἐπιθυμῶν,
1711 1140 1749 1174 (p.
1759 1140 1823 1174 570)

1039 1186 1158 1218 καὶτοὺς
1177 1186 1328 1221 θησαυροὺς
1348 1186 1410 1216 τοὺς
1427 1185 1584 1220 ἀλλοτρίους
1603 1185 1824 1220 ἀνερευνώμενος

1039 1232 1085 1258 καὶ
1100 1231 1200 1258 σαυτοῦ
1223 1232 1310 1257 ποιεῖν
1323 1230 1431 1257 ἐθέλων.

1074 1277 1146 1312 Στίχ.
1165 1280 1264 1311 ις’-ιη’.
1286 1291 1322 1296 --
1344 1286 1352 1301 ι
1377 1276 1538 1311 Πλησμονὴν
1562 1276 1674 1311 ἀτιμίας
1688 1276 1720 1302 ἐκ
1741 1276 1823 1311 δόξης

1038 1323 1082 1350 πίε
1098 1325 1144 1350 καὶ
1163 1322 1211 1349 σύ·
1229 1322 1327 1358 καρδία
1349 1322 1504 1357 σαλεύθητι,
1522 1322 1569 1348 καὶ
1593 1322 1724 1357 σείσθητι.
1752 1331 1760 1347 ι
1789 1322 1823 1349 ’Δ

1037 1370 1126 1396 τοίνυν
1151 1369 1303 1404 πεποίηκας
1324 1369 1437 1403 ἑτέροις,
1454 1368 1556 1399 δίκαιος
1578 1368 1610 1394 ἂν
1630 1367 1688 1402 εἴης
1709 1367 1802 1393 παθεῖν
1814 1375 1825 1388 ’»

1038 1415 1070 1440 iv‘
1081 1414 1110 1446 ἐξ
1122 1414 1232 1449 ἀπάσης
1248 1414 1354 1449 ἐκείνης
1370 1414 1418 1448 τῆς
1437 1413 1515 1447 δόξης
1535 1413 1647 1448 ἀτιμίας
1658 1412 1821 1448 πληρωθεὶς,

1037 1460 1260 1494 διασαλευόμενός
1275 1468 1304 1486 τε
1316 1460 1361 1486 καὶ
1374 1459 1552 1486 καταπίπτων
1571 1459 1608 1490 ὡς
1620 1459 1672 1484 ὑπό
1690 1466 1760 1489 τινος
1775 1458 1823 1492 μέο

200 1490 348 1525 puuitionis
366 1491 424 1520 fias.
447 1503 456 1519 ι
473 1494 658 1522 Circumdedit
673 1502 697 1524 te
710 1498 778 1524 calix
798 1498 915 1526 dextera:
931 1499 983 1527 Do~

1037 1507 1085 1542 θης
1102 1506 1135 1541 τῇ
1156 1490 1205 1541 της
1225 1490 1358 1541 τιμωρίας
1379 1505 1516 1540 διαμένοις
1535 1504 1682 1539 ὑπερϐολῇ.
1706 1513 1715 1529 ε
1743 1490 1823 1530 Ἐκύο

200 1535 278 1567 mini,
291 1540 318 1563 et
330 1541 438 1571 aggesta
452 1543 492 1565 est
504 1539 649 1573 ignominia
664 1550 746 1576 super
757 1542 869 1577 gloriam
882 1548 982 1571 tuam»

199 1580 319 1608 Adduxit
341 1582 388 1610 tibi
411 1583 523 1611 calicem
544 1593 621 1612 suum
641 1585 721 1617 Deus.
739 1595 788 1622 pro
806 1596 838 1615 eo
864 1593 893 1615 ut
913 1589 986 1617 dicat

199 1626 334 1654 decretam
348 1635 363 1654 a
383 1636 411 1655 se
427 1637 546 1664 ptenam,
559 1635 586 1657 ut
601 1632 686 1666 gloria
706 1637 751 1659 tua
768 1634 793 1660 in
811 1635 984 1669 ignominiam

199 1672 341 1706 plurimam
363 1674 480 1710 undique
504 1676 531 1702 in
557 1681 582 1704 te
605 1683 760 1713 congestam
782 1680 908 1716 deinceps
919 1689 985 1708 con-

198 1720 327 1744 vertatur.
346 1727 355 1742 ι
377 1718 444 1751 Quia
461 1721 585 1755 impietas
600 1722 693 1750 Libani
710 1726 814 1760 aperiet
833 1730 868 1757 te,
891 1731 917 1753 et
935 1728 984 1753 u1i-

198 1762 269 1788 seria
285 1762 432 1791 bestiarum
458 1768 569 1793 terrebit
587 1774 622 1799 te.
643 1775 752 1804 propter
774 1772 920 1806 sanguines
935 1773 984 1799 lto~

199 1807 311 1840 Iuiuum,
328 1812 354 1835 et
369 1809 519 1845 impietates
538 1818 616 1841 lutl'l'ﬂ!
635 1819 661 1841 et
679 1816 753 1843 urbis
771 1817 885 1851 ejusque
906 1818 983 1845 inco-

198 1852 294 1879 larum.
310 1863 319 1880 ι
335 1854 409 1882 Sicut
423 1857 496 1884 enim
508 1859 638 1888 adversus
654 1863 780 1896 populum
798 1864 877 1898 impie
893 1864 981 1899 egisti.

198 1906 268 1924 mmc
281 1907 387 1934 poenam
404 1902 472 1933 lues,
487 1903 609 1932 hostibus
627 1905 744 1934 l‘erarum
764 1908 815 1934 ritu
834 1907 914 1944 243
934 1909 981 1936 tibi

197 1943 394 1978 ingruentibus,
412 1953 493 1983 atque
513 1950 540 1975 in
555 1951 663 1978 miseria
683 1953 767 1979 multa
786 1943 980 1986 constitueris;

197 1996 306 2024 propter
336 1992 459 2021 homines
473 2001 488 2021 a
510 1999 535 2022 te
551 1995 744 2033 Hierosolymis
765 1999 932 2032 interfectos,
955 2006 982 2028 ct

196 2035 258 2068 quia
276 2036 389 2065 sceleste
410 2043 504 2066 contra
528 2040 573 2068 Dei
598 2043 734 2077 regionem
755 2045 903 2079 urbemque
925 2048 980 2082 egi-

186 2080 242 2112 sti,
260 2082 360 2108 nemini
376 2090 491 2117 parcens
511 2085 662 2115 incolarum
682 2089 751 2124 ejus.
765 2089 823 2118 Jam
840 2099 980 2128 postquam

196 2127 233 2154 illi
249 2133 359 2163 peccata
375 2130 506 2159 adversus
526 2135 654 2168 populum
678 2137 859 2172 templumque
884 2127 980 2175 expro—

1037 1552 1138 1578 κλωσεν
1154 1551 1200 1577 ἐπὶ
1219 1550 1250 1577 σὲ
1263 1551 1392 1585 ποτήριον
1404 1550 1493 1582 δεξιᾶς
1508 1550 1620 1585 Κυρίου,
1639 1549 1685 1574 καὶ
1702 1548 1822 1584 συνήχθη

1036 1597 1132 1632 ἀτιμία
1152 1597 1196 1622 ἐπὶ
1212 1596 1260 1631 τὴν
1275 1595 1354 1628 δόξαν
1380 1603 1437 1621 σου.
1465 1605 1474 1620 ι
1504 1595 1641 1629 Ἐπήγαγε
1662 1595 1714 1629 γάρ
1735 1603 1774 1620 σοι
1791 1594 1822 1620 τὸ

1036 1643 1134 1668 οἰκεῖον
1149 1642 1277 1676 ποτήριον
1294 1642 1308 1667 ὁ
1322 1641 1399 1673 Θεὸς,
1413 1641 1455 1667 ἵνα
1467 1640 1532 1675 εἴπῃ
1547 1641 1596 1674 τὴν
1611 1641 1643 1666 ἐκ
1657 1640 1704 1674 τῆς
1719 1640 1822 1671 οἰκείας

1035 1688 1199 1722 ἀποφάσεως
1221 1687 1365 1722 τιμωρίαν,
1393 1687 1463 1714 ὥστε
1489 1695 1529 1713 σοι
1543 1686 1592 1722 τὴν
1612 1686 1689 1718 δόξαν
1709 1686 1748 1717 εἰς
1766 1694 1822 1712 ατι-

1037 1734 1101 1768 μίαν
1115 1733 1244 1768 πλείστην
1265 1732 1433 1767 πανταχόθεν
1450 1732 1647 1767 ἀθροιζομένην
1662 1732 1708 1758 ἐπὶ
1724 1732 1754 1757 σὲ
1776 1740 1822 1766 με-

1035 1777 1216 1813 ταϐεϐλῆσθαι
1235 1777 1338 1804 λοιπόν.
1365 1787 1374 1802 ι
1403 1777 1476 1803 Διότι
1497 1777 1608 1803 ἀσέϐεια
1630 1776 1676 1803 τοῦ
1704 1777 1820 1803 Λιϐάνου

1036 1823 1150 1857 καλύψει
1168 1831 1209 1854 σε,
1225 1823 1271 1849 καὶ
1291 1823 1462 1857 ταλαιπωρία
1478 1822 1579 1857 θηρίων
1595 1823 1706 1856 πτοήσει
1726 1830 1766 1853 σε,
1786 1823 1821 1848 δι’

1035 1861 1137 1904 αἶματα
1161 1868 1324 1902 ἀνθρώπων,
1344 1869 1390 1894 καὶ
1408 1868 1534 1900 ἀσεϐείας
1555 1869 1606 1903 γῆς
1637 1869 1684 1895 καὶ
1712 1869 1820 1895 πάντων

1034 1915 1087 1941 τῶν
1112 1914 1309 1941 κατοικούντων
1331 1914 1426 1948 αὑτήν.
1455 1923 1464 1939 ι
1496 1913 1539 1944 Ὠς
1554 1914 1608 1949 γὰρ
1631 1915 1670 1946 εἰς
1691 1914 1735 1941 τὸν
1755 1914 1820 1940 λαὸν

1033 1960 1183 1995 ἠσέϐησας,
1197 1959 1244 1985 νῦν
1263 1958 1358 1990 δώσεις
1376 1958 1453 1993 δίκην
1465 1959 1587 1990 δικαίως,
1603 1959 1696 1994 ὥσπερ
1714 1959 1766 1986 ὑπό
1783 1968 1820 1986 τι·

1033 2016 1086 2033 νων
1105 2006 1208 2042 θηρίων
1222 2005 1277 2032 τῶν
1292 2004 1423 2031 ἐπιόντων
1444 2012 1486 2030 σοι
1503 2005 1654 2040 πολεμίων
1677 2007 1716 2036 εις
1736 2006 1818 2040 φόσον

1033 2054 1079 2079 καὶ
1095 2050 1282 2086 ταλαιπωρίαν
1300 2050 1457 2086 καταστήσῃ
1477 2050 1576 2085 πολλήν
1587 2058 1594 2064 ·
1618 2051 1686 2086 ὑπὲρ
1698 2048 1734 2077 ὦν
1745 2051 1818 2077 ἀνεῖ-

1031 2098 1075 2129 λὲς
1090 2106 1119 2124 τε
1136 2097 1288 2132 ἀνθρώπων
1302 2095 1372 2123 κατά
1393 2095 1440 2130 τὴν
1456 2096 1643 2131 Ἰερουσαλὴμ,
1653 2097 1699 2123 καὶ
1708 2096 1818 2130 ὴσέὃεις

1031 2145 1070 2175 είς
1087 2151 1116 2170 τε
1137 2143 1187 2178 τὴν
1201 2143 1253 2178 γῆν
1266 2143 1315 2178 τὴν
1329 2143 1403 2169 θείαν
1424 2143 1470 2169 καὶ
1488 2142 1536 2177 τὴν
1555 2141 1642 2174 πόλιν,
1667 2142 1727 2168 οὐδὲ
1751 2142 1816 2176 μίαν

195 2174 293 2206 bravit,
306 2181 506 2211 consequenter
517 2179 606 2206 subdit
622 2188 630 2207 :
649 2189 658 2205 ι
679 2181 747 2214 Quid
771 2183 880 2217 prodest
909 2174 980 2212 scul-

1037 2189 1086 2214 τῶν
1107 2187 1253 2215 οἰκούντων
1273 2188 1357 2223 αὐτὴν
1378 2188 1460 2222 φειδὼ
1481 2187 1618 2214 ποιεῖσθαι
1643 2187 1814 2223 βουλόμενος.

194 2219 269 2252 ptile,
282 2221 345 2254 quia
365 2222 536 2256 sculpserunt
559 2224 641 2252 illud?
666 2225 798 2256 Fecerunt
823 2230 888 2257 illud
913 2239 979 2261 con-

194 2264 286 2295 ﬂatile,
301 2273 399 2293 vanum
415 2268 601 2300 simulacrum.
617 2273 744 2305 quoniam
769 2277 881 2304 conlidit
903 2279 981 2307 lictor

194 2309 222 2335 in
248 2310 375 2345 ﬁgmento
397 2319 457 2343 suo,
479 2317 551 2340 muta
576 2315 665 2344 facere
684 2317 764 2346 idola.
787 2331 796 2346 ι
813 2321 853 2349 Tu
870 2325 978 2358 quidem

194 2362 286 2382 verum
307 2355 391 2383 Deum
412 2359 585 2394 negligebas;
608 2364 740 2396 peccabas
765 2374 861 2396 secure
879 2355 980 2398 contra

193 2405 238 2426 res
254 2400 294 2427 vel
312 2400 434 2429 homines
455 2403 488 2430 ad
508 2412 569 2432 eum
583 2407 766 2442 pertinentes;
793 2413 827 2438 ab
848 2413 927 2442 idolis
953 2421 979 2444 te

194 2443 316 2478 adjutum
340 2447 372 2472 iri
387 2448 524 2481 putabas:
545 2451 617 2485 quod
642 2453 767 2482 humana:
789 2465 885 2486 manus
908 2468 978 2489 vano

1031 2234 1084 2260 Καὶ
1099 2233 1247 2268 ἐπειδήπερ
1264 2233 1337 2268 αὑτῷ
1351 2233 1399 2268 τὴν
1418 2235 1458 2264 εἱς
1469 2233 1515 2259 τὸν
1529 2233 1592 2259 λαὸν
1611 2233 1657 2259 καὶ
1673 2232 1722 2268 τὴν
1739 2233 1816 2260 πόλιν

1030 2281 1075 2306 καὶ
1089 2279 1133 2306 τὸν
1153 2279 1215 2305 ναὸν
1227 2278 1365 2304 ὠνείδισεν
1378 2279 1405 2304 ἐν
1421 2278 1525 2309 τούτοις
1539 2278 1591 2313 πλη
1596 2278 1736 2313 μμέ).ειαν.
1749 2280 1815 2306 ἀκο-

1029 2325 1130 2357 λούθως
1147 2324 1244 2358 ἐπάγει
1256 2333 1262 2339 ·
1287 2334 1296 2350 ι
1320 2325 1351 2350 Τί
1373 2324 1473 2358 ὡφελεί
1494 2324 1622 2358 γλυπτὸν,
1639 2325 1679 2350 ὅτι
1696 2324 1815 2359 ἐγλυψαν

1029 2370 1111 2401 αὺτό;
1137 2369 1257 2396 ἔπλασαν
1271 2369 1337 2395 αὐτὸ
1351 2368 1478 2403 χώνευμα
1493 2369 1642 2403 φαντασίαν
1661 2369 1756 2403 ψευδῆ,
1773 2369 1814 2396 ὅτι

1029 2416 1156 2443 πέποιθεν
1170 2416 1184 2441 ὸ
1198 2415 1303 2445 πλάσας
1319 2415 1364 2440 ἐπὶ
1378 2415 1408 2440 το
1423 2414 1535 2450 πλάσμα
1548 2415 1629 2441 αὑτοῦ
1645 2415 1758 2449 ποιῆσαι
1775 2415 1814 2441 εί-

1026 2462 1097 2488 δωλα
1120 2460 1209 2494 κωφὰ..
1236 2469 1246 2485 ι
1275 2459 1354 2485 Ἀλλά
1376 2461 1430 2494 γὰρ
1445 2460 1557 2498 ἠμέλεις
1579 2460 1638 2495 μὲν,
1652 2460 1746 2495 φησὶν,
1766 2460 1814 2486 τοῦ

193 2487 384 2517 simulamento
399 2491 593 2528 formaveram,
611 2501 637 2523 tu
656 2498 769 2527 adorare
784 2503 921 2537 studebas,
933 2506 977 2540 ju-

1037 2487 1100 2538 ,τιτᾷς
1115 2487 1200 2532 eme-
1217 2505 1255 2539 (p.
1273 2505 1335 2539 δτι)
1356 2487 1402 2531 κάι
1415 2487 1598 2540 Ξπὲἧμμέᾶεἱς
1614 2487 1697 2536 esse}
1723 2506 1762 2536 εἰς
1781 2506 1815 2532 τὰ

192 2532 250 2559 vari
265 2536 291 2560 te
314 2534 348 2561 ab
369 2534 448 2565 idolis
470 2540 553 2568 mutis
572 2547 598 2569 et
621 2543 737 2572 humana
755 2554 836 2575 inanti
854 2532 977 2580 formatis

1037 2532 1101 2587 ιὺτῷ
1115 2561 1147 2586 γε
1160 2532 1349 2587 προὲῆκοντά-
1371 2551 1423 2576 ὑπὸ
1436 2551 1464 2576 δὲ
1477 2532 1531 2577 Liv
1545 2532 1661 2576 ειδὶδλων
1674 2551 1814 2586 ὠφεληθή-

192 2586 316 2612 sperans.

1030 2598 1121 2625 σεσθαι
1140 2597 1192 2632 (μου
1201 2605 1208 2611 ⁸
1219 2596 1233 2622 ὃ
1244 2598 1304 2628 ταῖς
1324 2596 1506 2631 ἀνθρωπίναις
1520 2597 1699 2631 εἰργασμένον
1718 2598 1795 2632 χερσὶ
1803 2606 1816 2623 ν

192 2626 220 2651 ἐν
231 2625 356 2679 ἀπατηλῇ
371 2636 423 2654 τινι
437 2631 571 2666 φαντασίᾳ
586 2632 744 2667 θεραπεύειν
755 2636 893 2672 ἔσπευὸες,
905 2642 1129 2679 ὠφεληθήσεσθαί
1146 2625 1170 2668 τι
1186 2625 1308 2676 οἰόμενος
1323 2625 1381 2668 ἀπὸ.
1393 2625 1509 2668 εἰδώλων
1528 2625 1643 2676 ἀίρίῢνων
1654 2625 1811 2678 ἀνθρωπείξι
1853 2650 1857 2654 ·

191 2670 364 2698 πλασθέντων
376 2673 457 2708 χειρί.

226 2715 308 2744 Vsus.
320 2717 407 2746 19-20.
422 2735 456 2740 —
467 2719 562 2749 Postea
576 2729 758 2752 consentanea
774 2735 897 2756 sermone
912 2739 973 2765 pro-

189 2763 311 2797 sequitur
339 2774 344 2790 :
373 2774 382 2790 ι
409 2765 455 2793 Vae
475 2768 520 2801 qui
547 2767 613 2795 dicit
636 2769 709 2804 ligno
733 2781 738 2797 :
769 2763 969 2808 Expergiscere.

189 2816 269 2846 surgo
281 2818 287 2843 ;
301 2814 327 2837 et
341 2810 422 2846 lapidi
436 2822 442 2839 :
460 2811 593 2842 Extollere
610 2824 615 2840 :
633 2814 698 2843 nihil
715 2825 776 2844 vero
799 2819 870 2846 aliud
886 2829 969 2859 quam

1062 2733 1134 2767 Στίχ.
1158 2731 1202 2765 ιθ’,
1217 2735 1250 2760 κ’.
1280 2731 1345 2758 Εἶτα
1361 2733 1515 2764 ἀκολούθως
1546 2734 1660 2767 ἐπάγει·
1677 2742 1685 2757 ι
1705 2733 1773 2759 Οὐαὶ
1795 2735 1809 2760 ὁ

1024 2777 1110 2811 λέγων
1127 2776 1166 2811 τῷ
1179 2776 1258 2812 ξύλῳ,
1273 2778 1417 2812 Ἔκνηψον,
1435 2778 1604 2813 ἐξεγέρθητι·
1622 2779 1667 2804 καὶ
1683 2778 1721 2812 τῷ
1732 2778 1806 2812 λίθῳ,

1025 2822 1176 2860 ’Υψὼθητι⁸
1194 2823 1240 2853 καὶ
1264 2823 1329 2849 αύτὸ
1353 2824 1408 2850 ἐστι
1426 2824 1576 2858 φαντασία·
1593 2823 1672 2850 τοῦτο
1691 2823 1719 2855 δέ
1735 2825 1810 2855 ἐστιν
