1981 3073
121 147 170 176 ίὶί

563 150 839 180 COMMENTARIUS
857 153 889 180 IN
911 154 1080 184 IIABACUCI
1102 156 1313 185 ORATIONEM.

1701 162 1754 188 ΗΞ

123 208 228 241 ἔλασμα
252 207 284 232 ἐκ
311 206 421 241 χρυσίου
450 207 497 232 καὶ
517 207 659 243 ἀργυρίου.
673 210 720 236 καὶ
738 212 792 237 πᾶν
807 212 913 247 πνεῦμα

966 213 1108 248 phantasia
1119 218 1180 248 est;
1198 215 1224 242 id
1244 220 1284 242 est
1301 215 1358 242 auri
1373 217 1509 251 argentive
1526 217 1636 249 lamina,
1652 220 1755 246 nullus-

122 252 170 277 οὖκ
186 252 261 278 ἐστιν
275 253 304 277 ὲν
317 251 391 287 αὐτῷ
401 261 407 267 ·
429 253 444 278 ὁ
457 252 486 278 δὲ
509 253 611 287 Κύριος
631 255 660 280 ὲν
675 254 731 290 ναῷ
747 256 817 291 ἁγίῳ
831 257 915 283 αὐτοῦ

123 297 290 323 εὐλαϐείσθω
304 298 357 324 ἀπὸ
377 299 522 333 προσώπου
538 300 619 326 αὐτοῦ
637 302 711 327 πᾶσα
727 302 744 331 ή
758 302 804 336 γῆ.
827 312 836 328 ›
855 303 916 335 Πῶς

123 339 167 367 οἷν
183 342 232 368 οὐκ
247 342 425 374 ἑλεεινότατος
439 343 497 378 εἴης
512 344 545 370 ἂν
562 345 600 376 ὼς
617 345 777 381 ἐγρηγορότι
793 346 831 382 τῷ
845 347 916 382 ξύλῳ

122 385 322 421 διαλεγόμενος,
334 388 380 413 καὶ
398 388 523 424 βοήθειαν
537 390 575 420 ὡς
596 390 626 422 ἐξ
639 391 742 426 ὑψηλοῦ
765 391 854 426 ζητῶν
869 393 915 419 τοῦ

122 431 242 464 εἰδώλου,
266 433 280 459 ὃ
304 433 434 467 φαντάξει
463 435 511 469 μὲν
531 435 578 462 τὸν
599 436 704 471 ὁρῶντα
723 438 803 473 μόνον
824 439 862 469 ὡς
887 439 916 472 ἐξ

123 478 188 512 ὕλης
213 480 463 515 κατεσκευασμένον
491 482 596 516 τιμίας,
619 482 722 518 ἔρημον
743 483 771 510 δὲ
797 484 915 519 ζωτικῆς

122 524 213 558 πάσης
229 525 286 550 ἐστὶ
308 525 465 560 δυνάμεως;
486 527 575 562 πολλῷ
600 528 653 563 γὰρ
675 527 710 564 ἦν
732 529 842 564 ἄμεινόν
862 539 912 561 σοι,

122 568 225 594 τούτων
254 569 302 603 μὲν
332 571 510 605 καταφρονεῖν
536 572 582 598 καὶ
601 572 703 608 μηδένα
728 573 806 608 λόγον
825 575 915 601 αὐτῶν

123 614 268 646 ποιεῖσθαι,
290 615 497 649 ἀναλογίζεσθαι
528 617 557 643 δὲ
579 617 626 644 τοῦ
650 618 715 644 Θεοῦ
737 619 767 645 τὸ
789 620 914 654 μέγεθος,

121 657 229 692 ἔχοντος
257 659 306 693 μὲν
333 660 446 696 φοϐερὸν
472 662 518 688 καὶ
544 661 700 698 ἀπόρρητον
725 664 788 690 ναὸν
807 665 838 691 τὸ
859 666 916 693 τῶν

120 703 245 738 οὐρανῶν
257 705 423 740 οἰκητήριον,
443 707 610 742 κεκτημένου
625 708 653 734 δὲ
665 709 728 735 ναὸν
743 710 789 736 καὶ
803 700 848 737 ἐπὶ
863 713 914 747 γῆς

121 747 164 774 διὰ
178 748 226 783 τὴν
240 749 295 775 τῶν
309 750 460 786 ἀνθρώπων
473 752 567 786 χρείαν
576 761 583 767 ’
601 754 669 788 πρὸς
684 754 713 781 ὃν
729 756 759 782 οὐ
779 757 807 782 σὲ
824 757 912 792 μόνον,

121 792 190 819 ἀλλὰ
204 794 251 820 καὶ
264 795 367 827 πάντας
381 796 443 827 τοὺς
458 797 527 823 κατὰ
541 798 593 832 γῆν
615 799 775 835 ἀνθρώπους
787 803 912 838 ἀφορῶν-

120 845 179 868 τας,
200 838 270 872 μετὰ
287 839 384 866 πολλοῦ
410 841 548 876 προσῆκον
572 840 607 877 ἦν
629 843 677 870 τοῦ
701 844 776 876 δέους
799 847 845 872 καὶ
863 846 913 881 τὴν

120 883 225 929 ἔννοιαν
250 885 321 920 ἔχειν
347 887 375 912 ἐν
403 887 509 919 ἑαυτοῖς
530 888 580 924 τὴν
608 889 722 916 ἐκείνου.
745 891 788 917 Ἐν
808 892 856 926 μὲν
880 893 912 929 δὴ

120 928 225 960 τούτοις
253 931 417 966 συνεπέρανε
448 932 503 958 τῶν
533 934 738 969 προειρημένων
770 936 835 970 ἡμῖν
863 938 912 972 τὴν

121 975 289 1009 προφητείαν
305 976 320 1001 ὁ
337 977 470 1012 μακάριος
488 978 658 1014 Ἀμὸακοὺμ,
676 983 714 1014 (p.
735 981 797 1016 572)
812 981 867 1008 τῶν
884 991 912 1009 τε

121 1020 150 1048 tv
164 1019 203 1055 τῷ
230 1020 288 1056 λαῷ
310 1022 595 1051 καταδυναστευόντων
619 1026 681 1057 τοὺς
705 1027 823 1061 πένητας
848 1028 914 1055 καϐ-

121 1066 269 1100 αψάμενος,
290 1068 337 1094 καὶ
361 1068 410 1104 τὴν
435 1069 662 1106 ὲπαχθησομένην
683 1073 774 1104 αὐτοῖς
795 1073 837 1099 διὰ
864 1074 913 1109 τῆς

121 1112 298 1140 Βαϐυλωνίων
309 1114 404 1148 ἐφόδου
419 1115 554 1151 τιμωρίαν
575 1117 670 1144 εἰπών.
684 1119 738 1144 Καὶ
756 1120 814 1153 μετ’
827 1121 914 1146 ἐκεῖνο

121 1158 169 1193 τὴν
191 1159 281 1185 αὐτῶν
305 1168 336 1186 τε
358 1160 413 1187 τῶν
443 1161 622 1189 Βαϐυλωνίων
646 1164 764 1198 εἰρηκὼς
791 1166 836 1191 καὶ
864 1166 913 1202 τὴν

120 1204 249 1239 ὡμότητα
295 1206 358 1241 περί
372 1215 401 1232 τε
422 1207 486 1239 τοὺς
509 1207 618 1240 λοιποὺς
640 1210 688 1236 καὶ
706 1210 755 1244 τὴν
778 1211 912 1246 Ἰερουσα-

120 1249 177 1284 λὴμ
199 1251 349 1286 ἐχρήσαντο
371 1252 433 1284 τούς
456 1262 485 1279 τε
507 1254 647 1286 οἰκοῦντας
667 1256 762 1291 αὐτὴν,
786 1257 860 1288 ὃπως
883 1266 913 1284 τε

121 1296 241 1323 κάκεῖνοι
255 1296 331 1328 δίκας
347 1298 397 1332 τῆς
413 1299 514 1330 οἰκείας
529 1299 660 1327 δεδώκασι
675 1303 858 1338 παρανομίας,

311 1343 495 1370 ΠΡΟΣΕΥΧΗ
516 1346 723 1373 ΑΜΒΑΚΟΥΜ.

155 1386 230 1422 Στίχ.
247 1387 281 1419 α’,
298 1388 329 1423 β’.
343 1405 374 1411 υ-
389 1390 491 1425 Τρέπει
508 1391 535 1417 δὲ
558 1391 604 1416 ἐπὶ
621 1393 774 1428 προσευχὴν
791 1393 913 1421 ἐντεῦθεν

120 1433 165 1460 τὸν
178 1433 267 1467 λόγον,
280 1435 308 1460 ἐν
327 1435 447 1470 σχήματι
462 1438 617 1472 προσευχῆς
637 1439 670 1464 τὰ
693 1439 769 1474 παρὰ
785 1440 831 1466 τοῦ
846 1440 914 1467 Θεοῦ

120 1479 183 1514 περὶ
203 1479 249 1505 τὸν
272 1480 336 1506 λαὸν
360 1481 475 1516 ἐσόμενα
491 1483 600 1517 μηνύων
615 1484 714 1517 ἀγαθά.
735 1486 867 1521 Ἀρχεται
885 1487 913 1513 δὲ

966 268 1019 295 que
1042 261 1069 287 in
1091 269 1124 288 eo
1143 261 1256 295 spiritus
1280 265 1331 289 est.
1353 262 1481 291 Dominus
1498 268 1589 291 autem
1609 264 1636 290 in
1653 267 1754 300 templo

966 310 1062 333 sancto
1074 313 1125 333 suo
1139 315 1146 333 :
1161 313 1317 334 revereatur
1328 315 1342 333 a
1356 307 1422 335 facie
1433 309 1492 342 ejus
1502 309 1629 337 universa
1644 314 1726 337 terra.
1743 322 1750 335 ι

966 351 1066 384 Quidni
1081 360 1145 387 ergo
1160 353 1330 380 miserrimus
1352 353 1400 385 sis,
1421 355 1466 389 qui
1487 355 1602 389 lapidem
1621 363 1670 383 ceu
1686 356 1753 390 vigi-

966 398 1066 425 lantem
1086 398 1251 433 alloqueris;
1273 404 1299 425 et
1323 399 1464 432 auxilium,
1485 402 1562 435 quasi
1584 410 1616 428 ex
1636 403 1700 433 alto.
1718 402 1753 428 ab

966 442 1039 469 idolo
1054 443 1181 477 exposcis
1191 465 1197 475 ,
1212 444 1283 476 quod
1302 443 1472 478 phantasiam
1488 447 1676 473 tantummodo
1691 454 1752 481 spe-

965 487 1050 513 ctanti
1068 487 1171 521 objicit.
1198 495 1246 515 ceu
1270 488 1389 522 pretiosa
1414 489 1527 515 materia
1549 494 1689 522 constans,
1704 491 1751 518 sed

965 536 1056 559 tamen
1071 534 1096 559 vi
1114 533 1186 560 omni
1205 533 1279 560 vitali
1294 534 1390 560 caret?
1401 532 1484 560 Multo
1501 534 1548 560 tibi
1572 535 1670 562 melius
1683 541 1751 569 erat,

966 577 1022 604 haec
1037 581 1212 605 contemnere
1225 585 1257 605 ac
1272 577 1348 605 flocci
1365 577 1472 611 facere;
1488 584 1512 605 el
1528 579 1648 613 cogitare
1663 581 1752 613 potius

964 622 997 649 de
1024 622 1069 650 Dei
1093 623 1289 658 magnitudine.
1306 623 1351 657 qui
1370 623 1538 650 tremendum
1569 631 1754 659 arcanumque

964 667 1045 695 habet
1070 669 1096 694 in
1122 670 1192 695 malo
1222 668 1417 700 habitaculum,
1443 674 1469 695 et
1494 669 1521 695 in
1541 669 1620 696 terris
1646 676 1753 704 quoque

964 714 1092 748 templum
1113 713 1233 748 possidet.
1257 714 1396 741 hominum
1415 714 1476 742 usui
1493 714 1727 742 accommodatum
1745 724 1752 746 ;

964 759 996 786 ad
1011 767 1090 794 quem
1113 767 1166 787 non
1190 764 1216 787 te
1245 760 1344 789 solum,
1367 760 1415 787 sed
1437 765 1464 788 et
1486 768 1581 787 omnes
1596 768 1643 794 per
1659 760 1751 787 orbem

963 805 1087 832 homines
1107 807 1242 839 respicere
1261 805 1343 832 multa
1357 813 1418 832 cum
1436 805 1588 832 reverentia
1606 809 1751 840 oporteret,

963 851 1077 885 ejusque
1105 851 1264 877 memoriam
1291 855 1382 877 mente
1408 855 1510 878 tenere.
1540 851 1630 885 Atque
1657 851 1684 877 in
1711 850 1753 877 hés

963 896 1099 923 conclusit
1116 896 1189 922 illam
1213 895 1246 922 de
1269 903 1321 929 qua
1347 903 1398 922 nos
1422 895 1552 922 hactenus
1568 896 1673 930 egimus
1689 903 1753 930 prn-

964 941 1081 975 phetiam
1108 941 1203 968 beatus
1231 940 1409 973 Habacucus;
1443 941 1579 975 principes
1602 940 1685 967 simuI
1705 942 1752 974 qui

964 993 1097 1019 pauperes
1127 984 1316 1019 opprimebant
1346 984 1511 1019 increpans,
1542 983 1677 1018 simulque
1709 984 1753 1009 iu-

964 1031 1101 1058 fereudam
1127 1031 1179 1057 illis
1204 1037 1218 1057 a
1239 1030 1394 1065 Babyloniis
1418 1037 1524 1064 poenam
1546 1029 1627 1065 244
1645 1029 1754 1059 dicens‘

964 1077 1060 1102 Postea
1084 1074 1292 1110 Babyloniorum
1314 1075 1435 1109 ipsorum
1459 1074 1581 1101 narravit
1609 1074 1755 1106 saevitiaml

963 1129 1044 1155 quam
1069 1124 1096 1148 et
1121 1121 1148 1147 in
1168 1125 1281 1148 ca'tcros
1298 1120 1332 1147 'et
1353 1123 1448 1147 contra
1465 1119 1615 1146 Jerusalem
1638 1119 1755 1153 ejusque

963 1167 1036 1193 cives
1056 1170 1288 1200 exprompserant.
1306 1170 1332 1192 et
1350 1173 1404 1200 quo
1421 1170 1500 1200 pacto
1516 1169 1542 1192 et
1563 1165 1608 1193 isti
1627 1165 1755 1199 nequitia:

964 1220 1020 1240 suae
1035 1220 1130 1247 pomus
1146 1212 1258 1240 meritas
1271 1212 1405 1240 dederint.

1188 1351 1318 1379 ORATIO
1341 1350 1523 1378 HABACUCI.

1000 1398 1098 1426 Vsusd
1106 1418 1112 1429 ,
1121 1398 1148 1425 Ξ.
1158 1413 1192 1417 -
1202 1398 1342 1425 Convertit
1354 1397 1452 1424 deinde
1465 1397 1498 1423 ad
1510 1395 1660 1423 orationem
1673 1395 1757 1422 verba

964 1444 1105 1479 propheta,
1123 1448 1150 1471 et
1172 1444 1224 1472 sub
1245 1443 1349 1471 orantis
1368 1442 1459 1478 specie
1475 1447 1604 1470 eventura
1621 1442 1719 1476 popqu
1739 1450 1756 1468 ιι

964 1491 1019 1518 Deo
1033 1492 1103 1518 bona
1119 1490 1250 1525 prmdicit.
1277 1489 1323 1516 Sic
1345 1493 1435 1516 autem
1459 1488 1555 1522 incipit
1573 1497 1578 1514 ε
1602 1496 1611 1512 1
1631 1487 1757 1518 Domine.

120 1524 220 1557 οὕτως·
241 1535 250 1551 1
268 1526 363 1562 Κύριε,
381 1528 530 1562 εἰσακὴκοα
547 1529 597 1564 τὴν
612 1530 697 1565 ἀκοήν
716 1539 772 1564 σου,
792 1531 838 1558 καὶ
852 1533 914 1566 ἐφο-

966 1536 1055 1564 audivi
1084 1524 1250 1563 auditionem
1275 1539 1361 1566 tuam,
1386 1538 1413 1562 et
1439 1534 1527 1562 timui.
1551 1543 1560 1560 ι
1581 1533 1753 1560 Auditioncm

120 1569 218 1605 ϐήθην.
235 1580 244 1596 ι
268 1571 364 1606 Ἃκοὴν
377 1571 449 1605 λέγει
471 1573 520 1607 τὴν
542 1574 725 1610 ἐγγενομένην
746 1576 819 1610 αὑτῴ
838 1577 914 1611 παρὰ

119 1614 166 1651 τώ
177 1615 245 1641 Θεοῦ
260 1616 429 1650 ἀποκάλυψιν
439 1626 445 1632 ·
458 1617 552 1653 ὥσπερ
567 1619 613 1645 καὶ
626 1621 639 1645 ὁ
651 1621 784 1656 μακάριος
802 1622 914 1653 Ἡσαΐας

119 1660 160 1693 τδ,
180 1670 189 1686 ι
209 1661 256 1692 Τίς
273 1661 415 1688 ἐπίστευσε
435 1663 484 1698 την
510 1664 596 1700 ἀκοὴν
613 1665 707 1700 ἡμῶν;
728 1674 737 1690 ι
758 1667 805 1693 καὶ
826 1669 840 1694 ὁ
863 1677 914 1703 μα-

121 1706 216 1741 κάριος
231 1706 318 1733 Δαυῖὸ.
337 1715 346 1732 1
364 1708 453 1733 Κλινῶ
477 1710 517 1739 εἰς
541 1710 698 1746 παραὸολὴν
713 1713 742 1738 τὸ
755 1709 802 1743 οὖς
818 1721 867 1747 μου
878 1722 885 1728 ·
902 1723 911 1739 ι

120 1748 212 1787 ὦνπερ
229 1750 276 1779 οὖν
294 1753 342 1780 καὶ
364 1754 394 1779 ὲν
415 1756 470 1786 τοῖς
489 1755 634 1791 ὰνωτέροις
652 1758 824 1793 πεποιήμεθα
847 1761 914 1794 μνή-

123 1806 187 1833 μην.
208 1798 355 1825 Κάνταῦθα
378 1799 467 1826 τοίνυν
487 1800 566 1827 τοῦτὸ
590 1810 682 1836 φησιν,
698 1803 739 1829 ὃτι
764 1804 915 1839 Δεξάμενός

123 1853 171 1870 σου
196 1844 247 1879 τὴν
272 1845 453 1880 ἀποκάλυψιν,
475 1846 509 1872 δι’
531 1843 566 1883 ἦς
584 1848 745 1884 ὲγνώρισας,
769 1850 842 1882 ὅπως
866 1851 915 1885 μὲν

121 1889 268 1924 τιμωρήσῃ
281 1889 344 1920 τοὺς
359 1890 388 1916 ἐν
404 1889 443 1924 τῷ
456 1889 513 1925 λαῷ
527 1892 752 1926 παρανομοῦντας
765 1892 809 1918 διὰ
828 1893 916 1919 Βαϐυ-

122 1934 236 1965 λωνίων,
251 1935 325 1966 ὅπως
336 1935 364 1961 δὲ
377 1935 458 1962 πάλιν
474 1937 529 1967 τοῖς
542 1937 722 1969 Βαὸυλωνίοις
733 1938 864 1972 ἀνάλογον
875 1936 916 1970 οἷς

122 1979 392 2015 πεπλημμελήκεσαν
407 1980 516 2013 ἐπάξεις
535 1981 584 2016 τὴν
599 1982 743 2017 τιμωρξαν,
761 1983 844 2016 φόϐου
863 1985 915 2015 πᾶς

122 2024 285 2061 ὲπληρὼθην
299 2026 420 2057 εἰκότως.
438 2026 477 2061 (p.
490 2026 552 2062 575)
568 2036 577 2052 1
593 2027 688 2062 Κύριε,
713 2029 866 2064 κατενόησα
881 2029 915 2056 τὰ

124 2070 194 2106 ἔργα
215 2080 261 2097 σου
285 2072 332 2098 καὶ
355 2071 477 2107 ἐξέστην.
498 2082 507 2097 ι
528 2073 767 2108 Ἀυαλογισάμενος
791 2074 846 2109 γὰρ
865 2075 915 2102 ὅσα

125 2117 256 2148 ποικίλως
283 2117 435 2153 διαπράττῃ
460 2118 524 2153 περὶ
545 2119 609 2150 τοὺς
635 2119 794 2153 ἀνθρώπους
825 2120 915 2153 ἀνεξι-

124 2163 211 2198 κακίᾳ
233 2171 264 2189 τε
289 2165 323 2198 τῇ
350 2163 447 2198 δεούσῃ
469 2163 655 2198 κεχρημένος,
677 2165 724 2191 καὶ
744 2166 915 2201 ἀδιορθώτως

965 1583 1031 1610 dicit
1053 1582 1151 1609 factum
1165 1582 1217 1609 sibi
1239 1589 1253 1607 a
1272 1581 1327 1608 Deo
1344 1580 1555 1612 revelationem;
1579 1579 1650 1606 sicut
1673 1580 1759 1607 etiam

964 1628 1036 1663 apud
1062 1628 1171 1655 beatum
1203 1627 1298 1654 Isaiam
1320 1635 1327 1654 :
1354 1636 1363 1652 1
1392 1626 1459 1659 Quis
1483 1625 1598 1653 credidit
1621 1624 1754 1651 auditioni

965 1678 1065 1701 nostra:
1087 1674 1127 1700 ἠ
1145 1682 1154 1698 ι
1172 1673 1237 1700 Item
1263 1673 1359 1700 beatus
1388 1671 1497 1699 David:
1525 1681 1534 1696 1
1564 1671 1701 1698 Inclinabo
1728 1671 1761 1698 ἱιι

965 1719 1122 1754 parabolam
1139 1726 1231 1746 aurem
1247 1726 1333 1746 meam
1351 1718 1374 1734 "
1391 1727 1398 1744 ε
1418 1727 1427 1743 ι
1443 1717 1523 1752 cujus
1539 1717 1576 1744 rei
1593 1717 1620 1744 in
1633 1716 1755 1751 superio-

964 1767 1041 1793 ribus
1054 1773 1161 1800 quoque
1177 1764 1342 1791 mentionem
1360 1763 1484 1791 fecimus.
1501 1762 1557 1790 IIoc
1577 1763 1657 1798 igitur
1674 1762 1761 1788 etiam.

966 1811 1025 1838 Ioco
1037 1811 1074 1836 ait
1086 1820 1092 1837 :
1106 1810 1222 1843 Accepta
1234 1817 1284 1843 ego
1311 1808 1473 1835 revelatione
1495 1812 1550 1838 tua,
1569 1814 1621 1841 qua
1647 1814 1689 1833 me
1705 1805 1761 1831 αθ-.

965 1854 1057 1883 cuisti.
1070 1852 1206 1888 quomodo
1225 1852 1369 1886 puniturus
1390 1851 1428 1879 sis
1446 1850 1655 1886 Babyloniorum
1671 1856 1764 1878 manu,

966 1903 1109 1935 peccantes
1125 1898 1151 1924 in
1170 1898 1285 1932 populo,
1301 1902 1327 1924 et
1344 1897 1482 1931 quomodo
1504 1896 1626 1924 vicissim
1641 1894 1755 1930 Babylo-

965 1946 1019 1973 niis
1031 1951 1178 1979 congruam
1196 1944 1301 1970 delictis
1320 1950 1413 1969 eorum
1430 1949 1538 1977 pmnam
1554 1942 1593 1969 sis
1612 1941 1755 1974 impositu-

966 1999 1030 2023 rus;
1056 1997 1155 2025 pavore
1174 1997 1235 2016 sum
1262 1989 1391 2022 repletus,
1415 1991 1441 2014 et
1474 1987 1581 2014 merito.
1598 1996 1607 2011 1
1630 1985 1754 2017 Domine,

965 2035 1136 2064 consideravi
1153 2042 1234 2069 opera
1254 2038 1310 2064 tua,
1332 2037 1359 2061 et
1383 2034 1521 2068 obstupui.
1547 2043 1555 2058 ι
1573 2033 1755 2059 Consideruus

964 2085 1065 2117 quanta
1091 2079 1267 2107 multifariam
1297 2079 1394 2105 feceris
1418 2085 1480 2113 erga
1507 2078 1630 2104 homines
1657 2077 1755 2104 idonea

965 2127 1093 2162 patientia
1109 2130 1198 2156 utens.
1212 2129 1239 2152 et
1257 2132 1306 2152 eos
1323 2124 1368 2159 qui
1383 2124 1442 2151 sine
1463 2124 1620 2159 pwnitentia
1637 2123 1756 2158 prolapsi

965 2177 1028 2201 sunt
1059 2172 1235 2199 conveniente
1266 2170 1372 2197 ratione
1401 2171 1532 2204 puniens,
1560 2175 1670 2204 stupore
1695 2177 1756 2197 sum

126 2209 282 2240 πταίοντας,
302 2209 369 2244 μετὰ
387 2209 465 2242 λόγου
481 2209 526 2235 τοῦ
545 2210 728 2245 προσήκοντος
747 2212 915 2248 τιμωρούμε-

967 2222 1120 2252 correptus,
1135 2223 1242 2243 arcanae
1259 2220 1312 2242 tum
1332 2215 1507 2249 providentia:
1528 2214 1685 2248 sapientiam
1708 2215 1756 2240 ad-

124 2263 180 2287 νος,
196 2255 234 2286 είς
250 2254 376 2281 ἔκστασιν
390 2254 506 2289 ἐλήλυθα
521 2255 566 2280 ἐπὶ
580 2254 620 2289 τῷ
634 2256 751 2290 θαύματι
762 2257 816 2283 τῶν
831 2257 917 2290 οὕτως

123 2301 289 2336 ἀπορρήτως
308 2299 384 2335 παρὰ
404 2300 453 2334 τῆς
474 2300 524 2335 σῆς
552 2302 786 2336 οἰκονομουμένων
809 2303 915 2338 σοφίας.

127 2355 137 2374 1
162 2346 207 2371 Ἐν
236 2345 310 2380 μέσῳ
328 2344 374 2371 δύο
397 2345 474 2377 ζώων
496 2338 652 2381 γνωσθήσῃ,
675 2355 684 2372 ι
706 2347 770 2374 Ἰδοὺ
795 2347 849 2383 γὰρ
870 2349 916 2375 καὶ

124 2390 172 2417 νῦν
186 2390 282 2424 ὥσπερ
296 2391 325 2416 ἐν
339 2389 385 2416 δύο
394 2389 473 2422 ζώοις
493 2392 549 2422 τοῖς
561 2399 590 2417 τε
612 2393 640 2418 ἐν
660 2392 699 2427 τῷ
719 2391 775 2427 λαῷ
792 2393 918 2428 πλημμε-

123 2436 201 2463 λοῦσι
216 2436 263 2462 καὶ
278 2437 334 2468 τοῖς
349 2437 529 2469 Βαόυλωνίοις
547 2438 605 2472 μετ’
619 2438 748 2470 ἐκείνους,
761 2439 790 2471 ἐξ
804 2436 840 2466 ὧν
854 2441 918 2475 περὶ

125 2482 271 2517 ἑκατέρους
290 2481 452 2516 πεποίηκας,
477 2483 526 2516 τήν
546 2491 573 2508 τε
593 2482 707 2518 δύναμιν
728 2485 774 2510 καὶ
797 2485 846 2520 τὴν
871 2494 915 2511 σο-

124 2527 189 2562 φίαν
205 2528 252 2553 καὶ
267 2528 315 2561 τὴν
331 2528 394 2562 περὶ
410 2528 440 2553 τὸ
460 2527 563 2554 δίκαιον
583 2529 740 2564 ἐπιμέλειαν
763 2530 915 2566 ἐγνώρισας

125 2573 235 2600 σαυτοῦ.
255 2583 264 2597 1
287 2573 331 2599 Ἐν
345 2572 383 2608 τῷ
404 2574 522 2607 ἐγγίζειν
541 2574 575 2600 τὰ
597 2574 643 2610 ἐτη
663 2575 865 2611 ἑπιγνωσθήσῃ.
887 2577 915 2602 ὲν

123 2619 163 2651 τῷ
178 2620 305 2653 παρεῖναι
320 2619 365 2645 τὸν
385 2619 481 2654 καιρὸν
491 2619 680 2655 ἀναδειχθήσῃ.
700 2631 709 2646 ι
725 2621 780 2647 Νῦν
798 2622 847 2656 μὲν
862 2622 916 2658 γὰρ

125 2662 196 2690 αὐτὰ
213 2663 247 2689 δι’
267 2663 466 2698 ἀποκαλύψεως
489 2664 659 2699 κατέστησας
675 2666 740 2701 ἡμῖν
761 2667 917 2702 γνώρισμα’

127 2709 350 2744 παραγενομένου
365 2709 393 2736 δὲ
409 2709 456 2736 τοῦ
477 2710 583 2746 καιροῦ,
596 2711 657 2738 καθ’
671 2711 685 2738 ὃ
699 2713 835 2747 προσῆκεν
851 2714 919 2740 αὐτὰ

127 2752 195 2780 κατὰ
215 2753 246 2779 τὸ
268 2753 365 2780 δοκοῦν
387 2762 428 2780 σοι
450 2755 535 2789 πέρας
560 2755 661 2788 λαϐεῖν,
687 2755 797 2791 μείζονά
818 2766 848 2783 τε
873 2758 920 2785 καὶ

126 2799 297 2834 σαςεστέραν
312 2799 403 2831 αὐτοῖς
421 2800 510 2835 ἔργοις
528 2801 577 2836 τῆς
594 2803 697 2834 οἰκείας
715 2803 854 2838 δυνάμεως
872 2804 919 2837 καὶ

179 2850 203 2872 1³
218 2852 270 2884 Isa.
294 2860 355 2886 un,
375 2853 398 2879 Ι.
435 2855 457 2869 ¹³
475 2855 543 2882 I'sal.
564 2865 643 2889 \LVII,
660 2858 687 2884 5.

966 2263 1078 2290 mirans.
1098 2272 1106 2286 1
1128 2262 1153 2288 In
1174 2261 1264 2288 medio
1288 2261 1403 2287 duorum
1431 2259 1586 2286 animaliqu
1605 2267 1755 2293 cognosces

964 2309 1012 2336 ris.
1031 2318 1040 2334 ι
1062 2308 1130 2334 Ecce
1148 2307 1219 2334 enim
1234 2311 1261 2333 ct
1278 2315 1360 2336 nunc.
1379 2307 1456 2340 quasi
1480 2307 1506 2332 in
1524 2306 1631 2332 duobus
1651 2305 1756 2332 animae

966 2354 1047 2385 libus,
1059 2353 1085 2379 id
1099 2357 1140 2379 est
1155 2352 1246 2387 populi
1272 2352 1469 2386 peccatoribus,
1487 2357 1511 2377 et
1535 2358 1596 2377 mox
1622 2350 1648 2377 in
1668 2350 1757 2385 Babye

966 2399 1057 2429 Ioniis,
1072 2406 1102 2425 ex
1127 2398 1161 2425 iis
1175 2405 1235 2432 quae
1256 2398 1328 2423 circa
1343 2401 1472 2430 utrosque
1490 2396 1588 2426 fecisti,
1605 2395 1754 2430 potentiam

967 2447 1040 2470 tuam
1061 2447 1142 2477 atque
1161 2442 1322 2476 sapientiam
1346 2441 1513 2476 justitiacque
1542 2448 1636 2467 curam
1661 2445 1755 2467 osten-

968 2489 1042 2516 disti.
1062 2498 1070 2514 1
1087 2489 1153 2515 Cum
1177 2487 1451 2522 appropinquaverint
1468 2487 1542 2518 anni,
1561 2486 1754 2520 cognosceris;-

968 2539 1029 2558 cum
1055 2535 1160 2565 tempus
1188 2531 1287 2563 aderit,
1315 2530 1555 2558 demonstraberis.
1576 2540 1585 2556 ι
1603 2529 1680 2557 Nunc
1700 2531 1757 2556 lia-,1:

970 2581 1032 2604 nota
1049 2577 1126 2603 nobis
1146 2577 1290 2603 rei-claudo
1313 2576 1398 2604 fecisti
1413 2586 1418 2602 :
1435 2576 1481 2603 sed
1498 2576 1657 2602 adveniente
1675 2575 1756 2611 245

970 2628 1100 2657 tempore,
1113 2631 1168 2657 quo
1185 2631 1217 2649 ea
1239 2626 1345 2656 oportet
1365 2626 1390 2649 te
1406 2621 1512 2648 volente
1527 2621 1629 2648 evitum
1645 2621 1756 2650 habere.

969 2670 1099 2703 majorem
1122 2676 1154 2696 ac
1175 2668 1390 2695 manifestiorcm
1412 2668 1537 2702 potentia:
1563 2676 1594 2695 ac
1617 2667 1758 2704 sapientia!

968 2719 1020 2742 tuae
1040 2715 1168 2748 operibus
1184 2714 1251 2748 ipsis
1271 2713 1352 2741 facies
1371 2714 1642 2742 demonstrationem.
1663 2723 1672 2739 1
1688 2713 1756 2740 Cum

969 2761 1076 2787 turbata
1099 2760 1180 2786 fuerit
1196 2759 1286 2786 anima
1311 2767 1380 2789 mea.
1399 2763 1426 2786 tu
1451 2760 1476 2786 in
1503 2760 1542 2786 ira
1563 2758 1757 2787 misericordiae

968 2805 1165 2836 recordaberis.
1180 2814 1189 2830 ι
1206 2804 1283 2832 Tunc
1299 2812 1403 2832 summa
1424 2809 1469 2831 tua
1483 2805 1623 2844 apparebit
1636 2803 1756 2839 benigni-
