1969 3069
212 137 262 164 M3

793 136 969 166 TIIEODORI
989 139 1235 169 MOPSUESTENI

1790 151 1842 180 tu

212 195 254 218 tas
270 199 331 228 erga
346 191 445 219 Iudaee
461 192 573 224 incolas,
590 200 651 220 cum
667 201 723 223 eos.
739 199 849 229 propter
869 195 996 223 inﬂictam

1051 198 1154 232 σοφίας,
1169 199 1217 234 τὴν
1237 200 1364 234 ἐπίδειξιν
1385 203 1496 238 ποιήσῃ.
1516 212 1525 228 ι
1550 203 1593 230 Ἐν
1615 203 1654 238 τῷ
1673 205 1841 241 ταραχθῆναι

213 243 385 270 peccatorum
401 245 519 272 poenam.
532 239 655 266 turbatos
666 240 763 267 animis
778 245 802 267 et
820 241 863 267 vix
876 242 917 267 sui
929 249 999 268 com-

213 288 300 316 j‘otes.
319 282 512 310 misericordia:
536 288 589 310 tuae
613 292 725 315 memor.
740 285 869 312 aerumnis
892 286 1000 312 subtra-

215 329 273 359 Ies,
294 332 320 355 et
342 332 439 363 prarter
450 336 557 356 onmem
576 329 721 356 humanam
743 337 817 364 spem
834 331 1000 365 postliminio

213 372 240 398 in
257 374 372 406 patriam
388 374 526 402 restitues.

1032 274 1035 277 .
1053 242 1101 277 τὴν
1126 244 1215 279 ψυχήν
1235 254 1300 280 μου,
1322 247 1352 272 ἐν
1371 248 1438 282 ὀργῇ
1460 248 1550 280 ἐλέους
1570 249 1724 286 μνησθήσῃ.
1747 261 1756 277 ι
1774 252 1840 278 Τότε

1055 290 1202 324 φανήσεταί
1227 299 1273 317 σου
1293 292 1339 319 καὶ
1363 295 1411 328 τῆς
1434 294 1636 330 φιλανθρωπίας
1662 297 1678 330 ὴ
1705 297 1840 333 ὑπερϐολὴ

1053 335 1116 368 περ)¹
1146 335 1209 367 τοὺς
1238 337 1287 371 τῆς
1314 338 1456 372 Ἰουδαίας,
1478 337 1516 366 ὧν
1539 341 1592 367 ὑπὸ
1613 341 1662 376 τῆς
1684 342 1767 377 ὀργῆς
1790 342 1840 376 τῆς

1051 379 1101 412 σῆς
1113 380 1162 415 τῆς
1179 389 1209 407 τε
1225 383 1389 419 ἐπαχθείσης
1402 385 1493 417 αὐτοῖς
1508 386 1578 422 ὑπὲρ
1593 383 1630 413 ὧν
1641 387 1838 423 πεπλημμελή-

214 427 276 444 κασι
288 420 423 454 τιμωρίας
436 420 685 456 διατεταραγμένων
698 421 747 457 τὴν
761 421 848 457 ψυχὴν
864 422 910 448 καὶ
921 422 982 448 οὑδέ
997 422 1026 448 ἐν
1040 425 1145 456 ἑαυτοῖς
1154 426 1248 458 ὄντων,
1264 430 1372 464 μνήμην
1391 431 1440 465 τῆς
1456 420 1660 466 φιλανθρωπίας
1674 420 1840 466 τῆς-ὀἶκείας

213 463 408 498 ποιησάμενος,
419 465 582 497 ἀπαλλάξεις
592 475 622 493 τε
638 467 735 499 αὐτοὺς
746 468 799 494 τῶν
809 468 911 499 κακῶν,
926 468 973 494 καὶ
984 468 1130 502 ἐπανάξεις
1145 472 1190 498 ἐπὶ
1204 473 1239 499 τὰ
1251 474 1337 500 οἰκεῖα
1352 463 1427 510 παρά
1442 463 1531 502 πᾶσαν
1550 463 1721 512 άνθρωπίνην
1733 476 1837 503 ἐλπῖδα.

251 508 332 537 Vens.
345 510 402 537 ὅρό.
416 525 451 530 -
468 520 477 535 ι
499 510 569 538 Deus
585 513 617 539 de
629 512 756 540 Tlimman
768 513 867 544 veniet.
888 517 1002 540 sanctus

212 553 247 579 de
261 558 352 582 monte
365 555 503 582 umbroso.
522 565 530 581 ι
548 555 675 584 Thaeman
691 558 758 585 dicit
769 558 1002 585 ldurnweuwtro-

214 599 295 632 polim
323 608 330 626 :
362 604 482 627 montem
511 606 601 628 autem
628 603 797 636 umbrosum,
815 604 890 630 illum
906 605 1003 639 inquo

214 643 394 679 Hierusalem,
416 650 510 681 utpote
526 646 571 674 Dei
589 650 782 682 protectionem
803 650 923 684 undique
940 659 1002 678 sor-

213 687 303 713 titum.
317 687 392 715 Tunc
402 696 465 724 ergo
474 690 617 724 apparebis
632 691 665 719 de
678 691 806 720 Thaaman
820 694 999 721 ldumaeorum

215 733 337 763 veniens.
365 742 434 768 quos
458 740 566 770 propter
583 744 646 764 suas
664 745 727 772 erga
743 746 792 765 nos
815 738 931 773 injurias
943 740 997 773 jam

215 777 366 810 punivcris;
384 778 417 805 de
430 785 526 806 sancto
539 784 628 808 autem
642 780 732 808 Sionis
747 786 847 814 monte,
863 787 998 817 quatenus

214 829 275 848 eum
305 823 392 850 reditu
417 829 511 851 nostro
545 826 726 854 clarissimum
752 829 860 856 cunctis
891 829 998 856 feceris.

216 876 226 892 1
245 867 449 902 Operuitcoelos
466 871 552 899 virtus
566 872 635 906 ejus.
649 876 675 900 et
692 873 781 901 laudis
797 874 856 909 ejus
869 875 946 908 plena
959 879 1002 902 est

216 917 298 940 terra.
317 923 326 940 ι
354 914 471 949 Operum
488 924 599 944 suorum
629 918 814 954 magnitudine
831 920 929 946 ecelmn
945 923 1001 946 ter-

216 966 329 994 ramque
358 961 480 995 replebit,
504 962 530 988 in
549 966 653 990 tantum
676 968 705 991 ut
716 965 806 991 cuncti
819 965 852 991 ad
871 965 1000 1000 hymnum

214 1006 421 1036 convertantur,
449 1006 611 1040 sapientiam
633 1015 664 1034 ac
685 1009 896 1042 magnitudinem
910 1015 1000 1044 gesto-

214 1054 274 1074 rum
308 1049 342 1075 ab
372 1049 433 1084 ipso
461 1050 640 1079 admirantes.
673 1052 740 1080 Nam
758 1054 808 1081 hoc
831 1055 912 1082 etiam
940 1056 1001 1083 loco

213 1093 285 1126 quod
302 1101 448 1123 commune
469 1100 511 1123 est
527 1104 575 1130 per
595 1098 729 1125 diaaresim
745 1099 821 1132 dicit,
845 1108 924 1134 quem
945 1109 1000 1129 non

213 1137 414 1174 infrequentem
445 1141 544 1169 divina:
572 1143 721 1178 Scriptum
742 1145 909 1173 idiotismum
938 1155 1000 1175 esse

212 1185 393 1212 ostendimus.
427 1186 539 1215 Scilicet
563 1190 648 1217 caelos
670 1194 826 1225 terramque
848 1192 886 1218 ait
900 1193 999 1220 virtute

213 1227 260 1256 Dei
273 1234 392 1264 opertos,
403 1232 531 1259 utonlnia
543 1233 616 1260 dicat
631 1242 639 1260 :
651 1234 811 1269 laudemque
821 1236 880 1269 ejus
889 1241 1000 1271 propter

214 1282 257 1302 res
269 1279 359 1310 gestas
372 1277 405 1303 ab
414 1278 540 1305 omnibus
559 1280 693 1306 cumulari
718 1285 853 1314 oportere.
873 1291 882 1307 ι
901 1281 998 1317 Splen-

213 1320 263 1347 dor
284 1321 343 1355 ejus
370 1323 448 1356 quasi
476 1323 520 1350 lux
550 1325 611 1351 crit.
641 1334 649 1350 I
668 1325 788 1352 Adventu
818 1335 879 1358 suo,
900 1328 998 1362 inquit,

213 1373 311 1393 cuneta
325 1363 567 1403 Iumineimplebit.
583 1379 591 1395 ι
607 1370 714 1397 Cornua
730 1371 756 1398 in
768 1373 895 1400 manibus
909 1373 996 1407 ejus.»

213 1411 345 1439 Ostendrt
376 1413 474 1441 habere
489 1422 518 1441 se
550 1415 663 1443 idoneas
686 1417 718 1443 ad
733 1424 799 1445 suos
812 1418 998 1447 defendendos

1086 516 1161 551 Στίχ.
1175 519 1244 552 γ’-ε’.
1266 535 1295 539 -
1313 529 1321 545 ι
1340 520 1368 546 '0
1386 520 1452 552 Θεὸς
1465 521 1519 547 ἀπὸ
1534 521 1639 556 Θαιμὰν
1653 521 1722 556 ἥξει,
1735 522 1749 548 6
1762 521 1839 555 ἅγιος

1050 561 1079 594 ἐξ
1100 563 1177 598 ὅρους
1199 565 1356 592 κατασκίου.
1376 575 1385 591 ι
1402 566 1440 600 (p.
1457 566 1519 600 574)
1536 566 1641 601 Θαιμὰν
1660 568 1709 601 μὲν
1723 566 1772 602 τὴν
1786 575 1838 601 μη-

1049 609 1175 643 τρόπολιν
1197 609 1270 644 λέγει
1296 611 1344 645 τῆς
1363 611 1529 646 Ἰδουμαίας·
1552 612 1614 647 ὅρος
1636 611 1664 638 δὲ
1692 612 1839 638 κατάσκιον

1050 655 1080 680 τὺ
1103 655 1154 689 τῆς
1171 655 1356 691 Ἰερουσαλὴμ,
1381 656 1476 692 ὥσπερ
1502 657 1667 692 πανταχόθεν
1688 657 1738 692 τῆς
1765 657 1840 688 θείας

1052 699 1201 735 ἠξιωμένον
1218 701 1331 736 σκέπης.
1346 702 1411 728 Τότε
1431 700 1477 728 οὖν
1497 702 1602 737 φανήσῃ
1623 702 1676 729 ἀπὸ
1688 702 1794 736 Θαιμάν
1809 711 1839 728 τε

1051 744 1100 779 τῆς
1122 745 1272 780 Ἰδουμαίας
1287 745 1441 781 ἐρχόμενος,
1468 746 1514 778 οὓς
1538 748 1681 782 τιμωρήσῃ
1701 746 1770 781 ὑπὲρ
1790 747 1840 781 τῆς

1052 790 1091 820 είς
1105 790 1178 824 ἡμᾶς
1200 790 1397 825 πλημμελείας,
1414 791 1461 817 καὶ
1472 792 1505 817 ἐκ
1523 790 1569 817 τοῦ
1592 792 1669 825 ἁγίου
1687 791 1766 826 ὅρους
1791 791 1838 818 τοῦ

1051 835 1120 862 Σιὼν
1134 835 1149 861 ὅ
1163 835 1287 870 λαμπρὸν
1301 835 1344 862 διὰ
1363 836 1411 871 τῆς
1426 836 1555 863 ἐπανόδου
1569 838 1651 863 πᾶσιν
1665 836 1769 872 ἐργάσῃ
1787 837 1839 872 τῆς

1051 881 1196 915 ἡμετέρας.
1213 890 1222 906 ι
1243 880 1390 916 Ἑκὰλυψεν
1404 882 1533 918 οὐρανοὺς
1548 884 1564 918 ἡ
1581 883 1664 918 ἀρετὴ
1684 883 1777 915 αὑτοῦ,
1791 885 1839 910 καὶ

1049 926 1098 960 τῆς
1111 926 1240 958 αἰνέσεως
1251 926 1333 953 αὐτοῦ
1356 927 1461 963 πλήρης
1475 929 1490 963 ἡ
1504 929 1549 964 γῆ.
1571 938 1580 954 ›
1597 928 1641 964 Τῷ
1653 929 1716 963 γοῦν
1730 928 1839 963 μεγέθει

1049 971 1103 997 τῶν
1119 972 1184 1007 παρ’
1199 972 1280 999 αὐτοῦ
1292 973 1441 1008 γινομένων
1454 975 1499 1001 καὶ
1511 975 1623 1010 οὐρανὸν
1638 974 1776 1010 πληρώσει
1791 976 1839 1002 καὶ

1050 1016 1118 1051 γῆν·
1139 1016 1209 1043 ὥστε
1226 1017 1347 1049 ἅπαντας
1376 1019 1444 1054 πρὸς
1467 1019 1550 1054 ὕμνον
1565 1019 1712 1055 τρέπεσθαι
1735 1020 1838 1053 λοιπὸν,

1050 1062 1237 1097 θαυμάζοντας
1250 1064 1299 1098 τήν
1312 1072 1342 1090 τε
1358 1063 1453 1098 σοφίαν
1464 1064 1510 1091 καὶ
1526 1065 1556 1091 τὺ
1576 1064 1689 1100 μέγεθος
1702 1064 1755 1091 τῶν
1773 1066 1838 1100 παρ’

1049 1107 1131 1134 αὑτοῦ
1149 1109 1308 1143 γινομένων.
1329 1109 1406 1136 Κατὰ
1431 1109 1560 1144 διαίρεσιν
1581 1110 1635 1145 γὰρ
1652 1110 1791 1137 κάνταῦθα
1808 1110 1840 1136 τὸ

1049 1152 1138 1179 κοινὸν
1163 1152 1248 1187 λέγει,
1271 1154 1339 1189 ὅπερ
1360 1152 1406 1181 οὖν
1426 1155 1473 1181 ἐπὶ
1497 1155 1600 1181 πολλῶν
1626 1155 1767 1191 ἐδείξαμεν
1787 1156 1839 1191 ἠδη

1050 1198 1148 1233 ίδίωμα
1172 1199 1221 1234 τῆς
1247 1198 1319 1230 θείας
1343 1199 1463 1235 ὑπάρχον
1484 1200 1605 1236 Γραφῆς.
1633 1201 1687 1228 Καὶ
1712 1201 1766 1236 γὰρ
1791 1201 1839 1228 καὶ

1048 1244 1176 1279 οὐρανοὺς
1198 1244 1244 1270 καὶ
1262 1244 1314 1279 γῆν
1339 1244 1507 1279 κεκαλύφθαι
1529 1245 1602 1279 λέγει
1625 1247 1657 1281 τῇ
1680 1246 1764 1281 ἀρετῇ
1788 1246 1838 1273 τοῦ

1048 1288 1125 1319 Θεοῦ,
1147 1289 1189 1315 ἵνα
1203 1289 1266 1324 εῑπῃ
1291 1289 1321 1315 τὸ
1344 1289 1469 1324 σύμπαν·
1490 1290 1536 1316 καὶ
1561 1291 1611 1325 τὴν
1633 1290 1735 1317 αἵνεσιν
1754 1291 1838 1318 αὑτοῦ

1048 1333 1101 1359 τῶν
1115 1334 1264 1368 γεγονότων
1279 1334 1371 1360 ἕνεκεν
1395 1335 1470 1370 παρὰ
1489 1335 1588 1367 παντὸς
1606 1336 1703 1371 χρῆναι
1720 1336 1838 1371 πληροῦ-

1049 1379 1110 1406 σθαί
1126 1388 1203 1415 φησι.
1225 1389 1235 1406 ί
1251 1380 1305 1406 Καὶ
1319 1380 1418 1414 φέγγος
1439 1381 1520 1407 αὑτοῦ
1535 1381 1572 1412 ὼς
1585 1381 1642 1415 φῶς
1658 1381 1744 1407 ἔσται.
1764 1390 1774 1407 ι
1797 1382 1836 1416 Τῇ

1050 1427 1098 1461 μὲν
1111 1424 1155 1452 οὖν
1172 1425 1316 1461 ἐπιφανείᾳ
1335 1427 1368 1461 τῇ
1391 1426 1491 1462 οίκείᾳ,
1501 1427 1593 1462 φησὶν,
1607 1427 1713 1454 ἅπαντα
1727 1427 1837 1462 πληρώ-

212 1457 295 1490 vires,
305 1462 332 1485 et
347 1457 388 1485 llis
398 1459 512 1488 infestos
526 1460 677 1489 domandos
693 1471 700 1489 :
713 1463 899 1497 metaphoram
915 1472 997 1499 porro

1051 1457 1089 1497 σει
1103 1472 1199 1504 φωτός.
1210 1457 1338 1506 είςέρατα
1355 1457 1384 1498 ἐν
1398 1457 1491 1507 χερσίν
1507 1457 1588 1498 αύτοῦ
1604 1472 1719 1507 ὑπάρχει
1732 1457 1816 1507 αὐτῶ.
1826 1482 1835 1497 ι

213 1503 247 1531 ab
266 1505 429 1532 animalibus
454 1514 514 1541 qua
537 1507 667 1535 cornibus
692 1507 843 1542 decertant,
869 1511 996 1545 sumpsit.

215 1557 226 1576 1
251 1549 284 1576 Et
320 1551 410 1585 posuit
445 1551 619 1580 dilectionem
654 1554 794 1581 robustam
829 1554 998 1583 fortitudinis

214 1603 279 1623 sine.
302 1605 311 1622 ι
330 1595 392 1624 llaec
407 1596 534 1624 nimirum
548 1598 638 1630 faciet,
651 1598 732 1634 246
745 1600 930 1635 magnitudine
943 1609 1000 1629 sum

213 1649 276 1677 erga
293 1650 344 1670 nos
362 1643 516 1671 dilectionis
529 1647 618 1672 utens.
638 1655 647 1670 ι
666 1644 735 1671 Ante
748 1644 845 1672 faciem
871 1645 931 1680 ejus
948 1646 998 1673 ibit

214 1688 337 1715 verbum.
356 1698 364 1714 ι
386 1688 475 1716 Rebus
495 1689 563 1724 ipsis
584 1690 662 1725 praeit
676 1690 759 1717 futuri
787 1691 925 1724 revelatio,
941 1699 1002 1726 quae

214 1740 276 1759 cum
296 1733 423 1760 omnibus
440 1741 455 1760 a
480 1733 534 1761 Deo
558 1735 698 1769 prophetis
722 1734 792 1762 facta
809 1734 901 1768 fuerit,
929 1743 1002 1764 nunc

214 1777 281 1805 mihi
292 1786 399 1813 quoque
416 1780 486 1806 haud
499 1781 589 1808 secius
601 1780 691 1808 oblata
704 1781 762 1808 fuit.
780 1790 789 1806 ι
808 1781 1002 1817 Etsgredietur

214 1823 248 1850 ad
261 1825 460 1859 correptionem
485 1833 533 1860 per
558 1826 672 1862 vestigia
692 1827 762 1861 ejus.
785 1837 794 1854 ι
819 1827 1002 1862 Subsequitur

214 1879 278 1899 Vero
292 1878 362 1906 opus
376 1871 464 1906 ipsum
478 1882 486 1905 ;
506 1873 544 1899 ita
566 1877 597 1900 ut
612 1878 728 1908 utroque
745 1875 825 1901 modo
839 1875 1002 1903 erudiantur

214 1916 247 1942 ad
260 1916 377 1944 oﬂicium
389 1917 522 1945 homines.
532 1917 598 1951 Quae
609 1926 652 1945 res
669 1918 767 1946 luturae
777 1925 840 1947 sunt
853 1922 1001 1955 praedictae,

214 1969 252 1988 ere
266 1966 360 1996 postea
375 1966 462 1990 nacta?
475 1967 540 1990 sunt
554 1964 666 1991 exitum.

1054 1517 1092 1552 (p.
1106 1516 1168 1552 575)
1188 1517 1274 1549 Δείξει
1290 1517 1318 1543 δὲ
1334 1516 1415 1543 αὑτὸν
1436 1515 1592 1551 ἀρκούντως
1608 1515 1704 1550 ἔχοντα
1723 1514 1837 1549 ἀμύνειν

1056 1563 1104 1597 μὲν
1113 1564 1169 1594 τοῖς
1178 1562 1297 1595 οίκείοις,
1307 1562 1464 1598 χειροῦσθαι
1475 1562 1504 1588 δέ
1512 1561 1574 1593 τοὺς
1582 1561 1735 1596 ἐχθραίνειν
1745 1560 1836 1591 αὐτοῖς

1055 1607 1273 1643 ἐπιχειροῦντας·
1296 1608 1328 1633 ἐκ
1348 1608 1504 1642 μεταφορᾶς
1518 1606 1572 1633 τῶν
1594 1607 1650 1637 τοῖς
1669 1605 1766 1641 κέρασι
1783 1613 1836 1639 μα-

1053 1653 1173 1687 χομένων
1189 1652 1266 1685 ζώων
1280 1653 1365 1684 οὕτως
1381 1652 1465 1678 εἰπών
1476 1660 1482 1667 ·
1506 1663 1513 1676 ι
1532 1651 1586 1678 Καὶ
1600 1651 1675 1678 ἔθετο
1696 1651 1836 1686 ἀγάπησιν

1054 1698 1185 1732 κραταιὰν
1200 1697 1290 1732 ἰσχύος
1303 1698 1400 1724 αὺτοῦ-
1421 1707 1430 1723 )
1454 1698 1523 1732 ἅπερ
1537 1695 1584 1724 οὖν
1597 1695 1774 1732 διαπράξεται
1790 1694 1836 1722 διὰ

1053 1742 1084 1768 τὸ
1106 1743 1220 1778 μεγίστῃ
1235 1744 1268 1778 τῇ
1292 1743 1356 1778 περὶ
1373 1744 1445 1778 ἡμᾶς
1460 1742 1554 1778 ἀγάπῃ
1569 1741 1728 1777 κεχρῆσθαι.
1745 1750 1755 1766 σ
1778 1739 1836 1775 Πρὸ

1047 1786 1193 1822 προσώπου
1218 1784 1300 1811 αὑτοῦ
1330 1785 1475 1820 πορεύεται
1498 1784 1590 1818 λόγος·
1613 1793 1622 1810 ι
1641 1784 1694 1818 πρὸ
1721 1784 1770 1819 μὲν
1790 1783 1837 1811 οὖν

1047 1833 1101 1860 τῶν
1115 1831 1294 1867 πραγμάτων,
1312 1830 1488 1865 ἀποφαίνεται
1510 1829 1542 1856 τὸ
1557 1829 1696 1864 ἐσόμενον,
1710 1830 1777 1866 ὅπερ
1790 1828 1837 1856 οὖν

1049 1878 1164 1905 πάντοτε
1177 1877 1221 1903 διὰ
1233 1876 1288 1902 τῶν
1300 1876 1445 1911 προφητῶν
1459 1875 1552 1907 ποιῶν,
1568 1876 1617 1910 οὐχ
1630 1873 1711 1911 ἦττον
1725 1876 1772 1902 καὶ
1789 1875 1838 1901 νῦν

1049 1923 1184 1959 πεποίηκε
1199 1923 1234 1949 δι’
1252 1922 1330 1957 ἐμοῦ.
1350 1931 1359 1947 ι
1377 1922 1433 1948 Καὶ
1453 1920 1623 1954 ἐξελεύσεται
1647 1921 1687 1952 είς
1713 1921 1838 1947 παιδείαν

1049 1967 1120 1994 κατὰ
1143 1966 1224 1997 πόδας
1246 1966 1338 1992 αὑτοῦ.
1361 1975 1369 1991 ι
1395 1964 1548 1992 Ἀκολουθεῖ
1567 1965 1595 1991 δὲ
1621 1965 1666 1991 καὶ
1690 1965 1721 1991 τὸ
1746 1965 1838 2000 ἔργον,

214 2008 284 2036 ὥστε
298 2009 330 2036 δι’
344 2010 504 2046 ἀμφοτέρων
521 2012 585 2043 τοὺς
601 2011 761 2046 ἀνθρώπους
781 2013 954 2042 παιδεύεσθαι
967 2015 999 2041 τδ
1011 2015 1086 2042 δέον·
1104 2014 1138 2041 δι’
1153 2011 1190 2040 ῶν
1206 2021 1236 2040 τε
1255 2013 1417 2048 προείρηται
1435 2013 1464 2038 τὸ
1479 2012 1616 2047 ἐσόμενον,
1631 2012 1677 2039 καὶ
1700 2012 1738 2044 είς
1759 2012 1839 2048 ἔργον

213 2055 362 2092 ὲκὸέὸηκεν
377 2057 499 2093 ὕστερον.

250 2101 331 2128 Vens.
344 2102 420 2129 (ΜΞ.
441 2117 475 2123 —
492 2111 501 2128 ι
516 2102 612 2134 Stetit,
640 2106 666 2130 et
680 2107 816 2130 commota
828 2108 870 2130 est
884 2107 966 2130 terra.
988 2112 998 2129 ι

216 2146 332 2174 Tantum
354 2155 499 2182 apparens.
530 2153 630 2175 terram
658 2153 821 2176 commovet.
845 2148 933 2177 Veluti
959 2153 1001 2176 est

215 2193 281 2220 illud
302 2202 307 2220 :
325 2202 334 2218 ι
355 2193 424 2220 Deus
441 2194 551 2221 stetitin
565 2201 703 2229 synagoga
717 2194 892 2223 deorum";»
916 2194 942 2221 id
958 2199 1000 2222 est

1087 2103 1161 2138 Στίχ.
1184 2101 1271 2136 ς’-ιβ’.
1296 2116 1330 2120 -
1352 2110 1362 2126 ς
1382 2101 1477 2136 Ἔστη,
1500 2102 1545 2128 καὶ
1570 2101 1702 2138 ἐσαλεύθη
1723 2103 1740 2137 ἠ
1762 2102 1807 2136 γῆ.
1827 2113 1836 2128 ι

1051 2149 1148 2180 Φανεὶς
1175 2147 1253 2183 μόνον
1278 2147 1384 2173 σαλεύει
1404 2147 1453 2182 τὴν
1479 2149 1547 2182 γῆν·
1571 2148 1609 2180 ὡς
1630 2149 1670 2180 τὸ,
1689 2158 1698 2174 ι
1723 2148 1751 2174 '0
1773 2148 1839 2180 Θεὸς

1051 2192 1116 2227 ἔστη
1131 2193 1160 2218 ἐν
1175 2193 1317 2226 συναγωγῇ
1333 2191 1411 2217 θεῶν·
1424 2200 1433 2216 ›
1445 2191 1487 2218 ἵνα
1502 2192 1565 2228 εἴπῃ
1577 2192 1617 2219 ὅτι
1630 2192 1707 2228 ὤφθη
1721 2193 1750 2219 ἐν
1762 2192 1838 2227 μέσῳ

215 2239 243 2265 in
257 2238 344 2265 medio
357 2245 451 2265 eorum
465 2239 600 2273 apparuit.
620 2247 629 2264 ‹
644 2239 768 2274 Aspexit.
779 2243 807 2266 et
818 2242 1000 2267 extaouerunt

1051 2237 1149 2265 αὐτῶν.
1171 2247 1180 2263 ι
1205 2236 1364 2271 Ἐπέὸλεψε,
1379 2237 1426 2263 καὶ
1448 2237 1533 2272 ἐτάκη
1551 2237 1630 2274 ἐθνη”
1655 2238 1781 2273 διεθρύὸη
1804 2238 1839 2265 τὰ

215 2288 310 2320 gentes
325 2293 330 2310 :
347 2284 456 2311 contriti
472 2287 536 2311 sunt
563 2283 694 2312 violenter
714 2288 831 2316 montes.
854 2285 1002 2312 tabucrunt

215 2331 299 2358 colles
314 2331 407 2357 σείενηί
422 2337 437 2357 a
454 2321 594 2365 gressibus
610 2330 721 2358 aeternis
750 2329 820 2364 ejus.
845 2339 854 2355 ι
879 2329 926 2358 Vel
943 2331 1002 2358 solo

215 2380 327 2410 aspectu
349 2380 442 2410 gentes
458 2383 553 2403 omnes
567 2375 734 2410 pessumdat.
751 2380 777 2402 et
787 2381 891 2403 montes
903 2376 1002 2403 colles-

215 2430 268 2456 que
290 2421 418 2451 conterit.
446 2420 492 2454 qui
518 2423 594 2447 tanto
609 2424 730 2455 tempore
757 2420 782 2447 vi
801 2421 909 2455 propria
926 2420 1002 2448 vide-

216 2466 314 2493 bantur
343 2470 473 2500 perstare.
496 2465 618 2500 Namque
634 2466 690 2493 hac
700 2466 808 2494 cmlitus
829 2466 919 2494 facere
943 2475 1003 2495 mos

216 2511 276 2544 ejus
291 2514 344 2542 est,
356 2515 383 2538 et
400 2511 443 2538 his
458 2511 586 2546 operibus
603 2511 742 2546 regiminis
757 2512 799 2538 sui
812 2519 924 2539 cursum
953 2513 1002 2540 de-

217 2558 370 2583 monstrare
385 2556 465 2583 solet.
480 2565 489 2582 ι
508 2555 562 2583 Pro
592 2556 731 2584 laboribus
746 2556 802 2584 vidi
828 2558 1002 2585 tabernacula

218 2600 389 2635 Ethiopum,
400 2601 537 2636 pavebunt
544 2603 661 2629 tentoria
671 2606 751 2630 terra:
763 2603 878 2630 Madian.
900 2613 909 2629 ι
924 2603 1004 2630 Nam-

218 2653 271 2680 que
295 2649 321 2672 et
345 2646 408 2672 olim
423 2653 485 2673 cum
507 2647 535 2674 in
553 2646 672 2682 [Egypto
699 2648 874 2679 serviremus.
894 2653 1003 2683 postea-

218 2699 300 2726 quam
311 2691 359 2718 tibi
374 2691 454 2718 libuit
466 2699 552 2720 nosex
565 2693 611 2720 illo
621 2693 733 2721 servitio
741 2693 879 2728 expedire.
892 2694 1001 2721 deserta

218 2736 336 2764 vidimus
359 2741 387 2764 et
403 2736 585 2766 habitationes
607 2737 774 2774 Ethiopum,
789 2746 821 2766 ac
841 2738 1000 2767 Madianita-

256 2824 282 2843 ⁵
301 2823 374 2853 l’ml.
396 2833 488 2854 unt.
503 2825 526 2853 Ι.

1049 2283 1099 2319 δρη
1117 2283 1173 2318 βίᾳ,
1193 2283 1241 2309 καὶ
1257 2283 1393 2318 ἐτάκησαν
1409 2282 1498 2317 βουνοὶ
1517 2283 1621 2310 αίὼνιοι
1639 2284 1751 2319 πορείας
1775 2285 1840 2310 αίω-

1049 2329 1121 2361 νίους
1137 2328 1229 2355 αὑτοῦ.
1246 2337 1255 2354 ο
1277 2327 1391 2354 Ἀπιδὼν
1405 2328 1433 2354 δὲ
1451 2328 1529 2363 μόνον
1554 2329 1617 2365 ἔθνη
1640 2338 1669 2356 τε
1692 2329 1838 2356 ἀπόλλυσιν

1050 2375 1109 2407 ὅλα,
1123 2374 1170 2400 καὶ
1195 2373 1244 2408 ὅρη
1269 2374 1314 2400 καὶ
1334 2373 1444 2408 βουνοὺς
1467 2373 1626 2408 διαθρύπτει
1642 2375 1675 2401 ἐκ
1692 2375 1789 2401 πολλοῦ
1806 2383 1838 2409 γε

1052 2419 1210 2446 συνεστάναι
1233 2419 1302 2445 κατὰ
1325 2419 1374 2453 τὴν
1396 2418 1473 2454 ἰσχὺν
1494 2418 1623 2445 δοκοῦντα
1645 2419 1695 2454 τὴν
1717 2419 1836 2446 οἰκείαν·

1051 2466 1144 2501 ἐπειδὴ
1166 2464 1269 2492 ἀνωθεν
1292 2464 1366 2499 αὐτῷ
1388 2463 1499 2491 τοιαῦτα
1519 2464 1731 2500 διαπράττεσθαι
1746 2465 1837 2500 ἔργον,

1051 2512 1097 2538 καὶ
1112 2511 1156 2538 διὰ
1170 2509 1297 2537 τοιούτων
1312 2509 1400 2545 ἔργων
1421 2510 1470 2545 τῆς
1492 2510 1647 2545 οίκονομίας
1663 2511 1711 2545 τὴν
1726 2511 1838 2546 πορείαν

1051 2555 1249 2584 ἐπιδείκνυσθαι
1273 2555 1322 2590 τῆς
1345 2555 1457 2586 οἰκείας.
1476 2564 1486 2581 ε
1508 2555 1580 2582 ’Δντὶ
1601 2555 1630 2582 δὲ
1656 2556 1748 2582 κόπων
1770 2554 1839 2583 εἶδον

1052 2602 1217 2637 σκηνώματα
1245 2601 1400 2632 Αἰθιόπων,
1430 2600 1628 2636 τιτοηθήσονται
1661 2601 1760 2636 σκηναὶ
1787 2602 1838 2636 γῆς

1053 2647 1176 2682 Μαδιάμ.
1195 2656 1204 2672 ι
1221 2646 1275 2673 Καὶ
1291 2646 1344 2682 γὰρ
1366 2645 1448 2673 πάλαι
1472 2646 1604 2681 πρότερον
1627 2646 1745 2682 ὁπηνίκα
1769 2646 1839 2672 κατὰ

1054 2692 1103 2728 τὴν
1135 2692 1269 2726 Αιγυπτον
1299 2692 1378 2728 ἡμῶν
1407 2691 1591 2723 δουλεύοντες,
1626 2691 1670 2718 ὅτε
1702 2691 1839 2726 βουληθεὶς

1054 2737 1209 2774 ἀπήλλαξαις
1224 2738 1297 2773 ἡμᾶς
1312 2737 1361 2773 τῆς
1383 2737 1428 2764 ὑπ’
1452 2737 1611 2772 Δίγυτιτίοις
1624 2736 1753 2770 δουλείας,
1770 2734 1839 2764 είδον
