1981 3073
121 167 178 200 M3

576 169 848 198 COMMENTARIUS
859 169 892 197 1N
910 167 1082 197 IIABACUCI
1095 167 1306 197 ORATIONEM.

1697 166 1751 196 “3

123 230 244 264 ἐρήμους
260 230 310 261 τὰς
324 230 444 265 οἰκήσεις
461 229 596 257 Αἰθιόπων
614 239 643 256 τε
660 230 706 257 καὶ
725 229 909 265 Μαδιηναίων,

967 237 1032 261 rum,
1058 233 1085 256 et
1108 232 1242 263 quotquot
1266 233 1330 255 tunc
1357 227 1529 254 inimicitiam
1550 226 1682 254 adversus
1701 233 1751 253 nos

123 274 171 301 καὶ
183 274 292 300 πάντων
304 283 335 308 γε
352 275 444 301 ὀπόσοι
466 275 516 310 τὴν
530 275 630 311 ἔχθραν
649 275 759 311 ᾑροῦντο
783 276 842 302 τότε
863 275 912 310 τὴν

123 320 185 347 καθ’
203 321 291 356 ἡμῶν.
309 330 318 346 ι
340 322 386 356 Μὴ
406 323 435 348 ἐν
453 323 583 357 ποταμοῖς
609 322 747 358 ὀργισθῇς,
776 323 872 358 Κύριε,
896 322 912 357 ἢ

123 366 154 392 ἐν
169 367 301 401 ποταμοῖς
316 367 331 392 ὸ
346 367 430 402 θυμός
446 376 502 400 σου,
522 368 560 402 (p.
581 368 642 403 576)
659 368 676 404 ἢ
694 370 722 395 ἐν
745 368 866 404 θαλάσσῃ
883 368 914 395 τὸ

124 411 240 445 ὅρμημά
254 419 301 437 σου
315 419 322 444 ;
343 421 352 437 ι
372 411 452 443 Ἐθος
465 421 505 439 σοι
522 413 592 440 κατὰ
609 413 738 448 ποταμῶν
752 414 799 440 καὶ
813 413 913 440 θαλάσ-

126 464 176 489 σης
200 456 250 491 τὴν
267 456 351 492 ὀργὴν
376 457 576 484 ἐπιδείκνυσθαι
599 458 647 494 τὴν
668 458 788 485 οἰκείανσ
813 459 844 485 τὸ
859 458 913 494 γὰρ

129 510 138 527 ι
161 501 199 536 μὴ
215 502 244 528 έν
258 503 400 536 ποταμοῖς,
417 511 426 528 ι
442 503 503 530 ἀντὶ
521 503 578 535 τοῦ,
597 504 653 530 Οὐκ
667 505 696 530 ὲν
717 505 846 539 ποταμοῖς
867 504 915 531 καὶ

125 547 250 582 θαλάσσῃ
259 547 372 574 πάντοτε
384 548 432 583 τὴν
445 548 530 584 ὀργὴν
542 549 589 575 καὶ
600 549 645 575 τὸν
659 549 744 584 θυμὸν
755 549 914 582 ἐπιδέδειξαι

126 593 267 627 βουληθεὶς
279 592 325 619 τὸν
339 594 445 619 οίκεῖον.
465 593 576 628 Ἐπάγει
591 593 672 628 γοῦνο
690 603 698 620 ι
718 594 779 620 ’Ότι
795 593 913 630 ὲπιδήσῃ

126 637 173 663 ἐπὶ
182 638 245 669 τοὺς
263 637 362 669 ἵππους
383 644 440 670 σου,
457 638 530 673 καὶὴ
553 638 671 665 ἱππασία
688 647 733 665 σου
758 639 888 674 σωτηρία.
901 648 910 664 ι

126 682 186 708 ”Οτ“
198 682 231 709 ἃν
247 683 300 717 γὰρ
309 682 451 718 βουληθῇς,
462 684 553 719 φησὶν,
569 684 661 720 ὥσπερ
677 685 718 718 ἐφ’
728 684 817 712 ἵππων
834 684 914 710 τινῶν

126 728 274 754 ἐπιϐαίνων
288 730 347 760 ταῖς
362 729 486 764 ἀοράτοις
501 730 547 757 καὶ
562 731 759 766 λειτουργικαῖς
771 730 914 765 δυνάμεσιν

126 773 296 806 ὲπιτάττεις¹
317 776 341 802 οἱ
364 775 392 801 δὲ
416 775 519 807 πάντας
540 777 589 811 μὲν
611 777 716 812 ἁθρόως
732 776 914 812 τιμωροῦνται

125 820 190 851 τοὺς
208 820 358 852 ἐναντίως·
374 822 496 857 σωτηρία
509 822 537 849 δέ
558 822 680 849 ἐντεῦθεν
694 823 843 856 ἐπιγίνεται
859 824 914 854 τοῖς

127 865 194 895 σοῖς.
215 874 225 890 ‹
249 865 387 892 Ἐντείνων
407 867 523 898 ἐντενεῖς
543 868 574 893 τὸ
591 867 666 899 τόξον
682 876 729 894 σου
743 868 789 894 ἐπὶ
803 868 836 895 τὰ
849 868 914 903 σκῆ-

964 278 1155 309 susceperunt.
1175 283 1184 299 ‹
1201 273 1270 300 Num
1284 272 1442 299 ﬂuminibus
1458 272 1544 299 iratus
1558 279 1599 303 es,
1624 271 1749 301 Domine.

963 328 1027 347 num
1043 318 1176 355 (inquam)
1195 316 1442 346 adversusﬂumina
1456 317 1533 343 furor
1549 321 1623 347 tuus,
1641 320 1668 343 et
1683 323 1750 342 cou-

963 369 1004 392 tra
1017 373 1091 393 mare
1104 366 1218 399 impetus
1236 364 1318 390 tuus?
1335 372 1344 389 ι
1360 362 1418 389 Mos
1433 362 1482 389 tibi
1496 366 1538 389 est
1551 362 1683 389 adversus
1700 359 1753 387 ﬂu-

963 412 1037 438 mina
1053 415 1079 438 et
1092 417 1167 437 mare
1178 410 1245 436 iram
1261 412 1335 435 tuam
1347 406 1550 439 demonstrare;
1562 407 1588 434 id
1600 411 1641 434 est
1655 409 1750 434 contra

963 456 1176 483 innumerabiles
1192 454 1306 490 populos
1322 453 1393 481 soles
1413 453 1498 479 iratus
1511 453 1658 488 potentiam
1675 458 1749 478 tuam

964 501 1115 528 ostendere.
1135 499 1202 527 Nam
1227 498 1338 530 locutio,
1353 507 1361 523 ι
1378 505 1441 524 num
1457 497 1624 529 ﬂuminibus,
1643 506 1652 523 ι
1672 497 1750 531 poni—

963 550 1009 574 tur
1030 551 1090 580 pro,
1105 544 1162 571 Non
1182 545 1340 572 ﬂuminibus
1369 548 1450 578 atque
1467 543 1535 570 mari
1559 542 1626 568 iram
1643 549 1750 575 semper

964 591 1136 625 furoremque
1156 594 1230 616 tuum
1246 590 1287 616 vis
1311 589 1508 615 demonstrare.
1537 585 1618 612 Addit
1635 586 1725 619 itaque
1740 592 1749 610 :

967 647 976 663 ι
994 637 1062 670 Quia
1077 636 1209 664 ascendes
1220 643 1302 670 super
1311 642 1396 669 equos
1409 638 1488 666 tuos;
1505 636 1531 660 et
1547 631 1680 666 equitatio
1692 633 1749 659 tua,

964 681 1088 709 salvatio.
1100 690 1109 706 ι
1124 680 1190 707 Nam
1200 687 1261 706 cum
1274 679 1404 709 volueris,
1417 678 1516 711 inquit,
1525 680 1655 710 tanquam
1665 680 1751 708 equos

963 726 1094 762 quosdam
1130 725 1330 756 conscendens,
1353 723 1534 751 iuvisibilibus
1565 719 1752 753 ministrisque

964 772 1110 799 virtutibus
1120 772 1236 805 imperas
1251 780 1257 798 :
1275 771 1316 797 hae
1327 777 1390 797 vero
1402 773 1515 796 cunctos
1529 767 1620 794 subito
1632 764 1752 800 puniunt

966 817 1140 844 adversarios
1153 826 1160 843 :
1181 820 1262 851 atque
1279 816 1343 843 hinc
1357 815 1457 850 populo
1478 818 1525 841 tuo
1539 813 1615 841 salus
1630 814 1749 838 creatur.

968 871 977 888 ‹
1007 861 1152 889 intendens
1178 860 1302 888 intendes
1333 867 1426 887 arcum
1453 863 1528 886 tuum
1558 864 1640 892 super
1670 855 1750 891 247

127 918 210 945 πτρα,
227 910 301 944 λέγει
326 910 437 946 Κύριος.
456 921 465 937 ι
485 912 612 947 Συνεχέσι
629 898 664 938 δὲ
684 914 744 944 ταῖς
771 898 916 948 τιμωρίαίς

967 913 1085 943 sceptra,
1101 907 1168 935 dicit
1184 907 1328 934 Dominus.
1347 915 1356 932 ι
1373 905 1514 940 Perpetuis
1526 901 1752 937 castigationibus

126 954 329 986 κατακοντίζεις
340 956 402 987 τοὺς
423 956 451 983 ἐν
473 955 596 991 βασιλείᾳ
616 957 663 983 καὶ
687 957 830 992 δυναστείᾳ
851 957 916 983 καθ-

126 1000 236 1027 εστάναι
262 1000 416 1033 δοκοῦντας.
435 1011 445 1028 ι
462 1002 597 1038 Ποταμοῖς
622 1003 769 1038 ῥαγήσεται
792 1004 810 1038 ἡ
835 1002 883 1038 γῆ.
904 1012 913 1028 ›

127 1045 210 1072 ’Ὥστε
229 1046 283 1072 τῶν
305 1046 436 1081 ποταμῶν
460 1047 510 1083 τὴν
536 1048 673 1083 ἀναίρεσιν
697 1049 729 1074 ἐκ
755 1048 804 1083 τῆς
832 1048 916 1083 ὀργῆς

127 1092 225 1127 ἁθρόον
239 1092 383 1127 γινομένην
398 1093 447 1128 τῆς
463 1093 513 1128 σῆς
526 1093 670 1129 διαρρῆξαι
696 1093 744 1128 τὴν
765 1094 816 1129 γῆν
826 1102 832 1108 ·
857 1093 916 1124 ἔθος

127 1138 182 1172 γὰρ
201 1137 280 1163 τοῦτο
296 1139 329 1173 τῇ
347 1139 381 1173 γῇ
401 1138 570 1173 μειωθέντων
587 1139 732 1174 ὑπομένειν
745 1139 799 1165 τῶν
814 1138 917 1165 ὑδάτων

128 1182 182 1208 ἀπὸ
192 1182 240 1216 τῆς
250 1182 482 1219 ἐπακολουθούσης
493 1182 640 1219 ξηρότητος
654 1183 776 1219 ὕστερον.
792 1192 801 1209 ι
817 1183 916 1218 Ὄψον-

127 1228 172 1253 ταί
194 1236 223 1253 σε
247 1229 294 1254 καὶ
310 1228 470 1264 ὼδινήσουσι
486 1229 554 1256 λαοί.
578 1239 587 1255 ι
620 1229 663 1256 Ἑν
681 1229 787 1261 ὀδύναις
811 1228 916 1255 ἔσονται

128 1273 258 1305 πλεῖστοι,
289 1273 350 1299 οὐδὲ
377 1274 426 1309 τὴν
454 1274 585 1310 πρόσοψιν
614 1276 734 1309 ἐνεγκεῖν
759 1273 916 1310 δυνηθέντες

127 1317 178 1352 τὴν
204 1318 265 1353 σήν.
293 1318 331 1353 (p.
355 1319 419 1353 577)
444 1329 453 1345 ι
469 1319 625 1355 Σκορπίςων
645 1319 730 1346 ὕδατα
761 1319 881 1355 πορείας.
904 1329 913 1345 ι

135 1362 290 1396 Ἀφανίζεις
307 1364 362 1399 γὰρ
379 1364 519 1399 βουληθεὶς
545 1365 655 1392 ἃπασαν
676 1365 771 1396 ὓδατος
791 1364 914 1397 διέξοδον.

132 1417 142 1433 ι
164 1408 284 1435 Ἔδωκεν
301 1410 318 1444 ή
337 1409 451 1441 ἄϐυσσος
466 1410 556 1446 φωνὴν
573 1411 667 1446 αὐτῆς,
681 1410 746 1445 ὕψος
769 1410 917 1445 φαντασίας

129 1454 224 1489 αὐτῆς.
244 1464 253 1480 ι
272 1455 338 1481 Τότε
364 1455 395 1491 δὴ
422 1456 469 1482 καὶ
490 1456 607 1487 ἄϐυσσος
630 1456 725 1491 ὥσπερ
746 1456 806 1482 τινὰ
825 1455 917 1490 φωνὴν

129 1500 200 1527 κατᾶ
225 1500 255 1527 τὺ
283 1501 396 1536 μέγεθος
421 1502 520 1537 ἀφήσει
546 1501 576 1528 τὺ
604 1503 712 1535 οἰκεῖον,
742 1501 782 1536 τῷ
804 1501 916 1536 νεύματι

129 1546 295 1592 κλονουμένη
310 1546 409 1592 τῴνσῷ.
426 1556 435 1572 ι
458 1547 578 1583 Ἐπήρθη
593 1548 607 1573 ό
619 1547 704 1582 ἥλιος.
721 1547 802 1592 καινήν
817 1545 916 1582 σελήνη
929 1561 952 1592 c

129 1591 205 1618 ἐσται
220 1592 249 1618 ἐν
262 1593 295 1627 τῇ
313 1591 387 1624 τάξει
411 1592 505 1627 αὐτῆς.
524 1602 532 1618 ι
552 1592 659 1627 Ἐπειδὴ
682 1592 754 1618 δύειν
775 1591 848 1625 λέγει
870 1591 916 1617 τὸν

129 1637 204 1671 ἥλιον
219 1638 276 1669 τοῖς
290 1638 320 1663 ἐν
336 1637 478 1672 ἀνάγκαις,
499 1638 616 1665 ἐνταῦθα
635 1637 713 1664 τοῦτο
738 1636 860 1672 βούλεται
879 1637 918 1663 εί-

129 1683 202 1714 πεῖν,
222 1683 262 1709 ὅτι
274 1683 335 1714 Τοῖς
352 1683 428 1719 παρὰ
445 1683 491 1710 σοῦ
507 1684 536 1710 ὲν
553 1683 690 1719 εὐπραγίᾳ
709 1682 916 1717 καθισταμένοις

129 1728 250 1763 φωτεινὰ
266 1728 336 1756 κατὰ
358 1729 405 1764 τὴν
416 1730 519 1756 οἰκείαν
534 1729 613 1764 φύσιν
629 1731 751 1764 φανεῖται
768 1730 782 1755 ὁ
795 1729 871 1764 ἥλιός
887 1737 917 1755 τε

129 1775 179 1801 καὶ
193 1775 210 1810 ἡ
225 1774 333 1810 σελήνη.
348 1784 357 1800 ι
372 1775 420 1806 Εἰς
436 1775 494 1809 φῶς
512 1776 612 1810 βολίδες
633 1784 679 1802 σου
692 1775 882 1811 πορεύσονταισ
905 1784 914 1800 ι

131 1820 288 1855 περιφανῶς
312 1820 359 1846 καὶ
381 1820 450 1855 μετὰ
478 1820 578 1855 πολλῆς
599 1821 647 1855 τῆς
663 1820 852 1856 λαμπρότητος
869 1821 919 1846 ἐπ‹

132 1865 206 1897 άξεις
218 1864 267 1897 τὰς
280 1865 385 1900 πληγὰς
396 1866 450 1897 τοῖς
465 1865 604 1897 ἐναντίοις.
620 1875 628 1891 ι
646 1866 693 1897 Εἰς
705 1865 805 1899 φέγγος
817 1865 919 1899 ἀστρα-

132 1911 188 1946 πῆς
203 1911 290 1937 ὅπλων
305 1920 362 1937 σου.
382 1920 391 1936 ι
413 1911 566 1946 Ἀστραπῆς
583 1901 660 1946 δίίην
673 1910 806 1945 ἐκλάμψει
824 1918 870 1936 σου
885 1909 919 1935 τὰ

132 1957 214 1990 ὅπλα,
228 1957 269 1983 ἵνα
282 1957 357 1991 εἴπῃ,
379 1957 409 1982 Ἡ
428 1957 498 1983 κατὰ
514 1956 568 1983 τῶν
584 1956 718 1991 πολεμίων
738 1956 821 1991 ἰσχύς,
842 1964 852 1980 ι
876 1955 919 1981 Ἐν

132 2002 232 2039 ἀπειλῇ
256 2011 302 2029 σου
326 2003 466 2037 ὀλιγώσεις
486 2004 548 2038 γῆν.
570 2003 616 2029 καὶ
643 2004 671 2029 ἐν
689 2002 768 2038 θυμῷ
795 2002 920 2034 κατάξεις

133 2049 209 2085 ἔθνη.
229 2059 238 2075 ι
255 2050 349 2076 Πᾶσαν
370 2049 420 2084 τὴν
434 2049 485 2084 γῆν
508 2048 576 2084 μετὰ
600 2049 653 2076 τῶν
674 2049 818 2076 οἰκούντων
837 2049 921 2083 αὐτὴν

134 2094 273 2131 ὀργισθεὶς
292 2095 427 2129 ἀποφάσει
441 2095 506 2130 μόνῃ
525 2094 663 2126 παντελῶς
674 2094 825 2126 ἀπολλύεις.

967 954 1061 989 pulsas
1073 960 1120 980 eos
1136 954 1182 987 qui
1198 953 1225 979 in
1242 959 1327 987 regno
1342 959 1374 978 ac
1399 953 1532 986 potestate
1547 947 1690 976 constituti
1706 946 1753 972 vi—

967 1000 1075 1026 dentur.
1094 1008 1103 1024 ι
1122 998 1292 1025 Fluminibus
1304 997 1443 1025 sciudetur
1454 1001 1536 1023 terra.
1556 1004 1566 1020 ι
1581 993 1751 1021 Fluminibus

967 1048 1078 1080 repente
1092 1045 1126 1071 ab
1154 1045 1193 1072 ira
1209 1047 1254 1070 tua
1273 1043 1428 1075 exstinctis,
1440 1045 1512 1069 terra
1528 1039 1677 1067 scindetur.
1694 1037 1752 1064 Mos

966 1092 1039 1120 enim
1055 1095 1097 1119 est
1114 1095 1144 1118 ut
1166 1091 1218 1117 hoc
1234 1095 1305 1117 terra
1321 1089 1450 1123 patiatur,
1467 1087 1618 1114 imminutis
1632 1086 1710 1119 aquis
1725 1089 1753 1110 et

966 1141 1150 1172 consequente
1166 1143 1227 1163 mox
1251 1135 1385 1163 siccitate.
1404 1143 1414 1160 ι
1435 1133 1571 1160 Videbunt
1586 1135 1622 1164 te,
1638 1135 1664 1158 et
1675 1129 1751 1156 dole-

966 1183 1034 1210 bunt
1057 1182 1160 1217 populi.
1181 1190 1190 1207 ι
1207 1179 1470 1207 Plurimidolorihus
1495 1176 1688 1211 corripiemur,
1705 1182 1753 1200 ne-

966 1234 1019 1262 que
1035 1226 1106 1254 ferre
1115 1229 1243 1261 poterunt
1266 1229 1407 1259 aspectum
1439 1229 1525 1250 tuum.
1547 1230 1556 1247 (
1588 1221 1753 1254 Dispergeus

967 1279 1051 1307 aquas
1067 1272 1184 1299 itineris.
1203 1280 1212 1297 ι
1235 1269 1395 1301 Prmcludis,
1411 1269 1433 1296 si
1449 1268 1519 1294 forte
1550 1266 1680 1296 volueris,
1694 1271 1754 1290 om—

968 1325 1028 1343 nem
1044 1323 1120 1350 aqua:
1136 1316 1249 1343 exitum.
1287 1323 1296 1340 ι
1318 1313 1396 1341 Dedit
1425 1313 1542 1347 abyssus
1556 1317 1647 1338 vocem
1663 1315 1752 1337 suam.
1788 1316 1792 1318 ί

966 1361 1081 1388 altitudo
1103 1360 1253 1395 phantasia:
1276 1359 1348 1394 ejus.
1372 1367 1382 1384 ι
1403 1357 1481 1384 Tunc
1509 1356 1620 1391 quidem
1636 1354 1753 1388 abyssus

967 1407 1048 1435 etiam
1078 1413 1171 1434 vocem
1188 1405 1332 1440 quamdam
1357 1411 1406 1438 pro
1419 1410 1467 1430 sua
1481 1399 1665 1436 magnitudine
1681 1398 1754 1429 edet,

967 1458 1035 1480 nutu
1060 1457 1108 1479 tuo
1122 1458 1266 1479 concussa.
1298 1459 1308 1476 ι
1343 1449 1472 1476 Elevatus
1491 1452 1534 1474 est
1546 1447 1598 1477 sol,
1633 1448 1660 1472 et
1690 1444 1754 1470 luna

968 1499 1041 1525 stetit
1057 1498 1084 1524 in
1094 1497 1190 1524 ordine
1203 1503 1263 1523 suo.
1281 1505 1290 1522 ι
1307 1495 1441 1528 Quoniam
1457 1493 1498 1520 sol
1514 1491 1640 1519 occidere
1654 1488 1755 1516 dicitur

966 1544 1140 1578 angustiatis,
1159 1550 1234 1569 nunc
1266 1543 1324 1568 vult
1354 1540 1446 1567 dicere
1475 1538 1533 1566 fore
1549 1540 1579 1564 ut
1596 1535 1660 1567 illis,
1685 1541 1755 1570 quos

967 1593 996 1616 tu
1009 1589 1036 1615 in
1049 1587 1230 1623 prosperitate
1243 1586 1422 1616 constituisti,
1434 1584 1474 1612 sol
1484 1587 1510 1610 et
1520 1583 1584 1609 luna
1603 1580 1753 1609 secundum

966 1634 1104 1669 propriam
1126 1637 1251 1660 naturam
1271 1630 1406 1667 splendidi
1434 1632 1594 1665 appareant.
1620 1635 1629 1652 ι
1649 1625 1679 1652 In
1694 1624 1755 1651 luce

965 1679 1055 1714 jacula
1070 1683 1117 1706 tua
1134 1679 1221 1706 ibunt.
1243 1686 1252 1703 )
1273 1676 1419 1711 Splendide
1439 1674 1577 1708 multaque
1593 1679 1656 1699 cum
1672 1670 1755 1697 clari-

967 1729 1022 1752 tate
1036 1725 1129 1760 plagas
1146 1723 1308 1750 adversariis
1322 1722 1375 1748 tuis
1390 1721 1537 1755 impones.«
1555 1719 1580 1744 lu
1596 1715 1755 1752 splendores
1801 1718 1805 1721 ‘

967 1770 1170 1799 eoruscationis
1192 1775 1332 1796 armorum
1359 1771 1478 1793 tuorum.
1500 1774 1509 1790 ›
1528 1763 1654 1798 Fulguris
1669 1761 1756 1789 instar

968 1817 1150 1852 splendehunt
1168 1822 1243 1842 arma
1277 1819 1333 1845 tua,
1351 1812 1377 1839 id
1389 1816 1432 1839 est
1441 1814 1538 1838 contra
1566 1810 1659 1836 hostes
1676 1807 1757 1833 forti-

968 1862 1044 1889 tudo.
1067 1871 1076 1887 ι
1096 1861 1126 1887 lu
1138 1859 1350 1887 comminatione
1377 1861 1423 1884 tua
1442 1855 1588 1882 imminues
1601 1857 1711 1882 terram.
1729 1857 1756 1878 et

969 1909 997 1936 in
1014 1908 1105 1935 furore
1119 1913 1165 1933 tuo
1175 1905 1302 1933 detrahes
1335 1908 1438 1939 gentes.
1459 1910 1467 1927 ι
1483 1900 1642 1927 Universam
1653 1901 1754 1924 terram

969 1961 1031 1981 cum
1062 1952 1161 1980 incolis
1187 1952 1256 1984 suis,
1270 1957 1332 1977 cum
1363 1949 1449 1975 iratus
1466 1945 1560 1978 fueris,
1576 1951 1630 1971 uno
1646 1943 1757 1971 decreto

970 2004 1080 2033 pessum
1095 1997 1155 2024 das.

171 2125 245 2175 έτίχ.
265 2125 366 2174 ιγ’-ιςῖ,
394 2125 463 2165 --”«
492 2125 618 2175 Ἒξῆλθες
639 2125 679 2171 είς
705 2125 841 2175 σωτηρίαν
871 2138 917 2166 τοῦ

1006 2136 1089 2165 Vens.
1110 2134 1245 2163 1346.—
1266 2142 1275 2158 ι
1292 2132 1425 2167 Egressus
1439 2138 1468 2158 es
1488 2129 1515 2156 iu
1529 2128 1643 2156 salutem
1660 2125 1757 2161 populi

135 2186 202 2213 λαοῦ
218 2195 282 2216 σου.
298 2186 344 2212 τοῦ
359 2186 444 2213 σῶσαι
469 2187 532 2217 τοὺς
551 2185 677 2220 χριστούς
693 2194 750 2212 σου.
770 2195 779 2211 ι
798 2186 922 2212 Ἀπαντα

135 2231 191 2268 γὰρ
204 2232 332 2266 πράττεις
346 2232 391 2258 ἐπὶ
406 2232 527 2267 σωτηρίᾳ
542 2232 587 2258 τοῦ
603 2231 701 2258 οίκείου
715 2231 781 2258 λαοῦ
798 2231 844 2258 ac:
858 2231 923 2263 ἐξει-

136 2276 277 2311 λεγμένων
300 2277 375 2311 παρὰ
399 2276 461 2303 σοῦ·
493 2276 620 2312 χριστοὺς
643 2277 697 2312 γὰρ
720 2277 837 2304 ἐνταῦθα
859 2277 922 2308 τοὺς

137 2323 346 2358 ἐξειλεγμένους
365 2322 450 2357 λέγει,
478 2323 508 2349 οὺ
531 2323 593 2353 τοὺς
615 2322 828 2357 κεχρισμένους·
850 2322 888 2353 ὡς
908 2323 923 2348 ὁ

140 2369 273 2404 μακάριος
287 2368 368 2395 Δαυῒδ
383 2368 446 2403 περί
457 2377 486 2394 τε
498 2368 545 2394 τοῦ
567 2367 690 2403 Ἀϐραὰμ
708 2367 813 2394 καὶτοῦ
833 2367 924 2394 Ἰσαὰκ

137 2415 186 2441 καὶ
202 2413 248 2440 τοῦ
271 2413 377 2443 Ἰακὼϐ.
395 2413 492 2447 λέγων,
510 2422 519 2438 ι
544 2413 590 2448 Μὴ
603 2413 721 2440 ἆπτεσθε
736 2413 789 2439 τῶν
806 2413 924 2448 χριστῶν

141 2468 193 2494 μου
203 2479 212 2491 ,
228 2460 276 2485 καὶ
292 2460 321 2485 ἐν
334 2460 391 2490 τοῖς
405 2460 558 2493 προφήταις
575 2467 624 2493 μου
639 2458 676 2493 μὴ
691 2458 873 2494 πονηρεύεσθε
886 2466 892 2473 ·
912 2468 920 2484 ι

139 2504 268 2538 χριστοὺς
277 2503 326 2538 οὐχ
336 2503 375 2534 ὡς
388 2502 594 2538 κεχρισμένους,
609 2502 710 2534 ἀλλ’ὡς
722 2502 924 2537 ἐξειλεγμένους

139 2548 238 2578 αὐτοὺς
259 2546 389 2582 είρηκώς.
409 2548 448 2581 (p.
477 2546 550 2580 578)
570 2556 579 2572 ι
610 2546 725 2578 Ἐὸαλες
741 2547 780 2578 εἰς
803 2546 924 2581 κεφαλὰς

139 2592 250 2626 ἀνόμων
264 2592 388 2618 θάνατον.
405 2601 414 2617 ι
439 2591 524 2627 Ὑπὲρ
538 2591 632 2618 τούτου
648 2591 754 2626 θανάτῳ
769 2591 924 2627 περιὸαλεῖς

140 2637 203 2669 τοὺς
220 2637 367 2667 ἐναντίους.
390 2646 400 2662 ‹
425 2637 582 2672 Ἐξήγειρες
597 2637 712 2672 δεσμοὺς
724 2637 776 2669 ἕως
788 2637 923 2672 τραχήλου

141 2683 181 2712 εις
195 2682 283 2713 τέλος.
299 2691 309 2707 ι
322 2682 377 2708 Καὶ
390 2681 516 2716 δεσμίους
529 2682 628 2713 αὐτοὺς
639 2682 803 2717 ἡττηθέντας
820 2682 926 2716 ἀποφα-

141 2728 207 2757 νεῖς.
224 2735 234 2752 ι
252 2726 386 2761 Διέκοψας
407 2728 435 2753 ὲν
460 2728 588 2754 ἐκστάσει
608 2727 728 2762 κεφαλὰς
743 2727 889 2754 δυναστῶν.
913 2737 923 2754 ι

143 2771 212 2802 Τοὺς
229 2771 359 2807 πρότερον
377 2771 587 2805 δυναστεύοντας
603 2772 672 2799 οὕτω
686 2774 719 2808 τῇ
738 2771 835 2799 σαυτοῦ
857 2772 923 2807 ὀργῇ

197 2858 220 2874 ι’
236 2857 312 2886 Psal.
332 2866 386 2891 CIV,
405 2858 449 2886 15.

970 2184 1021 2216 tui,
1039 2182 1073 2210 ad
1089 2180 1235 2209 salvandos
1247 2178 1366 2206 christos
1381 2181 1452 2204 tuos.
1468 2185 1477 2201 ι
1491 2174 1588 2202 Omnia
1604 2180 1652 2208 pro
1668 2173 1756 2199 salute

971 2228 1073 2264 proprii
1097 2226 1190 2262 populi
1210 2225 1278 2260 agis,
1305 2224 1351 2258 qui
1369 2226 1478 2249 constat
1498 2228 1531 2249 ex
1551 2219 1646 2247 electis
1675 2217 1730 2244 tuis
1747 2225 1755 2243 :

971 2273 1090 2301 christos
1101 2272 1173 2299 enim
1192 2271 1236 2297 hic
1248 2270 1348 2297 electos
1359 2267 1485 2303 appellat.
1496 2273 1551 2292 nou
1566 2271 1630 2291 vero
1647 2267 1755 2290 unctos.

973 2319 1049 2346 Sicut
1061 2319 1156 2346 beatus
1170 2316 1255 2344 David
1275 2315 1309 2343 de
1322 2314 1487 2345 Abrahamo,
1503 2313 1597 2339 lsaaco
1612 2313 1638 2337 et
1652 2308 1758 2335 Jacobo

971 2365 1086 2400 loquens
1100 2372 1106 2390 :
1124 2371 1132 2387 ι
1143 2362 1241 2395 Nolite,
1252 2360 1351 2396 inquit,
1361 2363 1472 2394 tangere
1484 2357 1603 2384 christos
1629 2361 1715 2385 meos,
1729 2356 1757 2380 et

972 2398 1152 2446 invprophetis
1165 2408 1233 2435 meis
1243 2406 1327 2433 nolite
1344 2403 1486 2439 malignari
1501 2403 1542 2435 ";
1557 2411 1567 2427 ι
1585 2400 1703 2428 christos
1717 2398 1757 2424 vi-

972 2445 1068 2484 delicet
1089 2463 1135 2482 eos
1165 2453 1314 2488 appellans.
1339 2458 1393 2477 non
1415 2449 1478 2484 quia
1493 2452 1601 2477 unctos,
1630 2445 1676 2473 sed
1691 2445 1756 2479 quia

971 2502 1084 2529 electos.
1109 2508 1118 2524 σ
1142 2498 1239 2525 Misisti
1263 2497 1290 2523 in
1314 2496 1402 2529 capita
1423 2495 1578 2528 iniquorum
1603 2494 1727 2518 mortem.
1743 2498 1755 2515 ν

973 2547 1120 2581 Propterea
1150 2543 1322 2571 adversarios
1341 2544 1428 2568 morte
1444 2538 1602 2573 occupabis.
1619 2545 1629 2562 ι
1659 2535 1759 2563 Susci-

973 2580 1035 2618 tasli
1049 2589 1158 2616 vincula
1171 2594 1258 2621 usque
1272 2587 1304 2613 ad
1325 2585 1435 2615 collum,
1452 2583 1478 2609 iu
1494 2582 1584 2609 ﬁnem.
1607 2590 1617 2607 ι
1638 2580 1757 2615 Supera-

974 2641 1018 2663 tos
1032 2643 1047 2662 a
1065 2639 1102 2664 te,
1116 2634 1223 2660 vinctos
1241 2632 1323 2659 etiam
1348 2629 1511 2657 ostentabis.
1533 2627 1615 2663 248
1628 2635 1637 2652 ι
1657 2624 1759 2652 Praci-

975 2681 1038 2708 disti
1053 2680 1080 2706 in
1097 2683 1209 2713 stupore
1225 2677 1314 2711 capita
1328 2675 1492 2710 principum.
1514 2683 1523 2699 ι
1545 2673 1598 2700 Eos
1614 2671 1662 2706 qui
1678 2673 1760 2697 antea

975 2725 1194 2754 dominabantur.
1221 2727 1273 2749 tam
1289 2721 1460 2748 vehementer
1475 2720 1516 2746 ira
1534 2723 1578 2745 tua
1602 2714 1759 2746 concidisli,

980 2777 1008 2799 ut
1024 2770 1151 2798 omnibus
1165 2773 1259 2802 stupor
1281 2766 1370 2794 fuerit.
1389 2775 1398 2791 ι
1424 2763 1592 2793 Relaxahunt
1608 2762 1685 2789 frena
1697 2766 1764 2791 sua,
