1981 3073
214 139 266 166 ΜΤ

794 142 969 170 TIIEODORI
987 142 1101 171 MOPSU
1108 142 1228 170 ESTENI

1783 144 1839 171 423

216 201 287 226 sicut
307 206 407 233 pauper
428 198 573 226 comedens
602 199 628 226 in
648 201 793 228 absconso.
826 211 835 226 ι
853 201 1000 230 Resolvere

1057 203 1173 238 σφοδρῶς
1186 203 1320 238 διέτεμες,
1338 204 1408 230 ὥστε
1432 205 1533 232 ἅπασιν
1556 205 1713 240 ἐγγενέσθαι
1731 204 1837 240 θαῦμα.

215 254 263 272 ora
283 252 332 272 sua
360 244 393 270 ad
414 244 526 271 liberum
539 252 692 272 sermonem
711 255 763 274 non
781 247 936 279 audebunt;
952 248 999 276 sed

217 297 291 316 more
308 289 445 323 pauperis,
469 289 514 323 qui
536 290 695 317 subluratus
706 291 808 326 aliquid
825 293 941 320 latenter
953 301 998 320 co.

216 334 310 363 medii.
326 341 360 360 ne
374 334 442 360 forte
455 334 683 368 deprehendatur,
713 337 799 363 multo
824 345 885 364 cum
903 338 1000 366 timore

216 378 371 412 loquentur.
390 388 398 403 ι
422 380 453 405 Et
479 379 665 414 superduxisti
682 381 710 407 in
731 389 806 409 mare
829 390 915 417 equos
926 387 998 417 tuos,

217 425 360 451 turbantes
377 432 462 459 aquas
479 426 587 454 multas.
609 435 618 451 ι
636 426 774 455 Immisisti
789 427 939 456 invisibiles
953 437 1000 464 po-

218 474 329 496 testates
344 475 404 497 tuas
418 470 549 499 adversus
565 472 683 498 hostium
700 473 913 506 multitudinem,
929 475 1000 502 mul-

219 519 273 542 tam
294 515 348 542 illis
375 516 558 544 turbationem
581 524 792 546 commoventes.
820 527 829 544 ι
849 519 999 554 Custodivi,

217 565 244 587 et
266 562 374 595 expavit
395 565 487 589 venter
504 569 580 589 meus
605 569 620 588 a
638 570 703 590 voce
721 563 853 592 orationis
867 564 1000 592 lahiorum

219 613 353 638 meorum,
378 610 406 634 et
429 607 570 641 ingressus
586 612 628 635 est
648 612 751 635 tremor
765 609 792 636 in
806 616 868 636 ossa
892 617 962 642 mea,
975 615 1003 638 et

219 650 312 678 subter
329 659 372 678 me
385 652 547 680 conturbata
569 657 611 680 est
638 653 769 681 habitudo
786 662 855 682 mea.
885 665 894 682 ι
926 655 1002 691 Saepe

219 695 303 730 igitur
325 696 400 724 circa
418 698 489 724 mala
502 706 564 733 qua.
578 699 728 733 agebantur
755 701 893 729 silentium
910 708 1002 732 tenere

219 741 333 773 malens,
358 745 386 769 et
413 743 530 770 orationi
551 752 657 777 vacare,
678 745 832 774 futurorum
857 752 1001 776 eventuum

220 785 386 813 revelatione
396 791 519 822 accepta,
532 788 613 816 timor
624 794 741 817 mentem
752 799 838 820 meam
848 794 1003 828 occupavit,

219 833 246 857 et
262 834 320 857 toto
347 838 461 866 corpore
475 834 635 861 contremui.
663 844 673 860 ι
702 835 882 871 Requiescam
908 839 936 866 in
957 839 1003 866 die

220 875 412 910 tribulationis,
424 882 454 905 ut
482 879 627 908 ascendam
652 881 686 908 ad
715 883 844 916 populum
866 884 1002 913 ineolatus
1017 872 1039 900 Β

220 922 283 949 mei.
303 931 314 948 ι
340 921 451 951 Miratus
467 931 528 951 sum
545 926 638 952 audita
667 926 820 956 incredililii
839 936 886 962 per
909 933 1005 964 potel-

220 965 285 992 tiam
305 969 378 993 tuam
394 974 424 994 re
439 967 545 1000 futura;
571 969 643 1003 quod
665 978 761 1006 nempe
783 979 816 998 ex
830 973 876 999 tali
891 973 1005 1000 tribula-

221 1011 293 1039 tione
304 1012 442 1047 tautisque
455 1013 544 1046 malis,
561 1015 661 1049 quibus
675 1015 702 1042 in
719 1017 876 1050 captivitate
896 1019 1005 1045 exerci-

222 1061 265 1084 tus
283 1057 331 1089 l'ui,
354 1058 476 1093 requiem
493 1066 645 1094 consequar
657 1065 684 1088 et
702 1062 888 1089 molestiarum
911 1063 1005 1098 depul-

221 1101 351 1129 sionem:
377 1103 443 1137 quin
471 1104 556 1132 etiam
589 1105 623 1132 ad
651 1105 787 1135 incolatus
809 1108 895 1135 nostri
916 1108 1006 1136 locum

221 1153 329 1181 pergam
347 1155 410 1174 cum
427 1149 538 1183 proprio
553 1150 664 1184 populo.

1054 257 1063 273 ι
1088 247 1277 283 Σεισθήσονται
1303 249 1330 275 ἐν
1354 249 1433 285 αὐτῇ.
1462 261 1470 276 ι
1496 251 1676 286 Σαλευόμενοι
1702 252 1835 286 τιμωρίᾳ.

1054 302 1063 319 ι
1078 292 1253 326 ’Διανοίξουσι
1277 294 1404 328 χαλινοὺς
1428 295 1518 322 αὐτῶν
1540 296 1578 327 ὠς
1606 296 1702 322 ἐσθίων
1728 296 1837 330 πτωχὸς

1051 337 1150 372 λάθρα.
1170 348 1179 364 ι
1197 339 1331 370 Διανοίξαι
1345 339 1376 366 τὸ
1387 340 1473 374 στόμα
1484 340 1573 367 αὐτῶν
1583 342 1623 372 είς
1641 341 1836 376 πεπαρῤησια-

1053 383 1154 418 σμένην
1166 383 1196 409 οὒ
1211 383 1373 419 τολμήσουσι
1391 384 1484 411 λαλιάν
1494 393 1500 400 ·
1518 385 1595 420 δίκην
1609 385 1637 412 δὲ
1656 386 1772 419 πένητος
1788 393 1837 411 κε-

1052 428 1180 462 κλοφότος
1195 437 1221 454 τι
1238 429 1285 455 καὶ
1299 429 1434 464 λαθραίως
1452 430 1586 462 ἐσθίοντος
1599 431 1637 462 ὡς
1650 431 1682 457 ἂν
1699 431 1737 466 μὴ
1757 430 1813 465 ἁλῷ
1825 450 1834 462 ,

1053 474 1122 508 μετά
1136 474 1233 500 πολλοῦ
1246 475 1403 509 φθέγξονται
1416 475 1461 502 τοῦ
1476 475 1560 507 δέους.
1576 485 1585 501 ι
1605 476 1659 502 Καὶ
1669 476 1836 506 ὲπεϐίϐασας

1053 519 1116 550 τοὺς
1140 519 1239 551 ἵππους
1265 529 1311 546 σου
1339 521 1385 546 ἐπὶ
1406 521 1455 556 τὴν
1486 520 1623 547 θάλασσαν
1648 521 1835 556 ταράσσοντας

1053 563 1136 591 ὕδατα
1158 565 1251 591 πολλά.
1275 575 1284 591 ι
1310 566 1469 600 Ἐπαφῆκας
1487 566 1536 597 τὰς
1558 567 1689 602 ἀοράτους
1705 567 1835 601 δυνάμεις

1051 609 1090 645 τῷ
1101 610 1197 645 πλήθει
1217 611 1272 638 τῶν
1289 611 1434 646 πολεμίων,
1457 612 1588 646 μεγίστην
1610 613 1700 643 αὐτοῖς
1712 613 1835 647 ταραχὴν

1052 655 1278 691 ὲνεργαζομένας.
1295 666 1303 682 ι
1330 656 1532 692 Ἐφυλαξάμην,
1547 653 1592 684 καὶ
1605 657 1723 692 ἐπτοήθη
1738 658 1836 692 ἡκαρ-

1051 702 1095 728 δία
1119 710 1170 736 μου
1199 702 1253 729 ἀπὸ
1273 703 1364 738 φωνῆς
1382 703 1533 737 προσευχῆς
1554 702 1665 737 χειλέων
1691 711 1741 737 μου
1757 711 1764 717 ·
1788 703 1838 728 καὶ

1053 747 1162 783 είσῆλθε
1179 748 1279 783 τρόμος
1295 749 1335 780 είς
1359 757 1394 775 τα
1416 748 1483 774 ὀστᾶ
1506 756 1556 782 μου
1568 769 1575 781 ,
1601 748 1647 774 καὶ
1661 747 1836 774 ὑποκάτωθεν

1055 803 1104 829 μου
1119 793 1255 828 ἐταράχθη
1270 795 1286 828 ἡ
1302 793 1357 825 ἒεις
1376 802 1438 828 μου.
1460 803 1469 819 ι
1493 793 1626 825 Πολλάκις
1640 792 1705 827 γοῦν
1717 793 1762 819 ἐπὶ
1778 794 1837 823 τοῖς

1052 839 1251 874 πραττομένοις
1271 840 1364 871 κακοῖς
1384 839 1433 874 τὴν
1446 839 1562 874 ἡσυχίαν
1581 839 1706 873 ἐλόμενος
1722 839 1837 871 ἀγαγεῖν

1053 886 1085 919 τῇ
1102 885 1239 919 προσευχῇ
1254 884 1438 919 χρησάμενος.
1463 885 1512 911 καὶ
1530 884 1595 919 περὶ
1614 884 1669 910 τῶν
1686 883 1837 918 μελλόντων

1053 930 1177 957 ἐντεῦθεν
1188 930 1358 964 ἀποκάλυψιν
1370 930 1471 962 λαϐὼν,
1485 930 1558 965 φόϐῳ
1567 938 1596 956 τε
1609 929 1775 964 κατεσχέθην
1787 929 1838 962 τὴν

1053 975 1180 1007 διάνοιαν,
1207 976 1255 1001 καὶ
1272 975 1373 1010 τρόμος
1401 975 1460 1002 ὅλον
1484 984 1517 1010 με
1544 975 1578 1001 δι’
1602 975 1662 1001 ὂλου
1692 973 1837 1007 κατέσχεν.

1054 1020 1092 1054 (p.
1105 1020 1167 1054 379)
1185 1029 1194 1046 ι
1218 1021 1423 1055 Ἀναπαύσομαι
1438 1022 1466 1047 ὲν
1481 1019 1571 1056 ἡμέρᾳ
1585 1019 1700 1053 θλίψεως
1712 1017 1758 1044 τοῦ
1774 1019 1839 1044 ἀνα-

1054 1064 1134 1098 ϐῆναι
1151 1065 1191 1096 είς
1204 1064 1267 1092 λαὸν
1281 1065 1425 1100 παροικίας
1442 1073 1502 1100 μου.
1521 1073 1530 1090 ι
1548 1064 1602 1091 Καὶ
1616 1064 1670 1099 γὰρ
1685 1063 1839 1098 ἐθαύμαζον

1056 1108 1149 1142 μαθὼν
1168 1111 1284 1145 πρᾶγμα
1296 1111 1410 1138 ἄπιστον
1425 1110 1552 1146 ἐσόμενον
1563 1111 1596 1145 τῇ
1611 1110 1722 1144 δυνάμει
1736 1110 1768 1144 τῇ
1785 1110 1818 1143 σῇ
1830 1116 1836 1121 ·

1054 1156 1094 1182 ὅτι
1107 1156 1139 1182 ὲκ
1150 1156 1284 1191 τοσαύτης
1301 1157 1416 1191 θλίψεως
1429 1157 1476 1184 καὶ¹
1490 1156 1625 1183 τοσούτων
1639 1155 1741 1188 κακῶν,
1759 1155 1787 1180 ἐν
1799 1152 1840 1185 οῗς

220 1189 263 1215 διὰ
286 1190 336 1225 τῆς
360 1192 547 1226 αἰχμαλωσίας
563 1194 724 1230 ἐξητάσθην,
746 1196 774 1222 ὲν
793 1197 944 1225 ἀναπαύσει
963 1188 992 1225 τε
1014 1199 1108 1234 ἔσομαι
1132 1202 1178 1227 καὶ
1196 1188 1338 1236 ἀπαλλαγῇ
1350 1188 1413 1228 ⁷τῶν
1432 1201 1542 1228 δεινῶν·
1565 1201 1609 1227 καὶ
1627 1200 1658 1235 δὴ
1670 1201 1716 1227 καὶ
1728 1200 1774 1226 ἐπὶ
1789 1198 1841 1234 τὴν

221 1237 366 1270 παροικίαν
379 1237 428 1273 τὴν
444 1239 578 1274 ἡμετέραν
595 1241 772 1277 ἁνελεύσομαι
785 1244 853 1277 μετά
869 1244 916 1270 τοῦ
930 1244 993 1271 λαοῦ
1009 1245 1054 1272 τοῦ
1067 1247 1176 1273 οἰκείου.

257 1327 341 1356 Vens.
358 1329 444 1356 lii-I9.
469 1345 503 1350 —-
522 1341 531 1356 ι
554 1332 687 1364 Quoniam
704 1334 771 1362 licus
791 1344 844 1364 non
857 1337 1007 1365 l'ruetilica-

221 1373 272 1405 hit,
297 1377 324 1401 et
347 1382 400 1401 non
424 1381 504 1403 erunt
532 1379 654 1412 germina
673 1381 699 1407 in
725 1382 838 1414 vitibus,
861 1383 1009 1410 mentietur

221 1426 292 1453 opus
301 1420 389 1453 olivae,
407 1425 433 1448 et
469 1429 533 1448 arva
546 1431 598 1450 non
628 1424 741 1452 all‘erent
761 1434 868 1459 escam;
884 1428 1008 1455 destituit

222 1471 285 1491 esca
297 1472 371 1498 oves,
386 1471 412 1493 et
423 1475 476 1494 non
489 1469 644 1497 suntboves
661 1471 686 1497 in
700 1473 877 1506 praesepibus.
899 1484 907 1499 ι
926 1474 1007 1502 Vide-

225 1507 298 1540 bam,
327 1509 425 1544 inquit,
449 1511 516 1537 iram
543 1520 652 1547 quoque
674 1514 807 1543 adversus
832 1520 1007 1545 contumaces

225 1554 383 1587 terribilem,
398 1557 433 1583 ob
448 1565 528 1591 quam
542 1558 603 1586 illos
616 1567 670 1587 non
689 1560 796 1588 hostilis
811 1565 917 1589 tantum
934 1563 1007 1590 cala-

225 1600 305 1628 mitas
331 1602 475 1637 corripuit,
491 1604 537 1631 sed
561 1605 643 1631 etiam
672 1607 815 1634 sterilitate
851 1608 1007 1635 omuimoda

223 1647 348 1679 occupati
371 1646 491 1680 fuerunt,
510 1650 613 1676 nullum
643 1650 676 1678 de
699 1652 868 1686 germinibus
896 1653 1009 1686 liguisve

224 1697 338 1725 carpere
351 1691 467 1719 fructum
478 1694 608 1721 valentes.
624 1694 754 1722 Peribunt
765 1697 1008 1731 iusuperjumenta

224 1735 327 1768 omnia,
346 1738 439 1770 pascui
452 1742 479 1765 et
494 1739 628 1766 alimoniae
648 1740 767 1768 defectu.
780 1751 790 1767 ι
808 1741 863 1776 Ego
875 1747 963 1769 autem
981 1743 1008 1769 iu

227 1779 342 1810 Domino
356 1783 437 1818 249
465 1785 616 1818 exsultabo,
632 1786 743 1813 lmtabor
757 1787 783 1814 in
807 1787 861 1814 Deo
875 1789 1010 1816 salvatore

227 1834 297 1858 meo.
314 1837 322 1853 I
338 1827 370 1854 Et
382 1836 424 1856 res
432 1829 540 1863 quidem
554 1831 662 1858 illorum
673 1832 708 1858 ita
717 1840 747 1859 se
759 1833 914 1867 habebunt;
932 1836 1009 1863 nobis

227 1876 328 1905 autem,
342 1877 368 1901 te
381 1875 519 1908 suppetias
541 1875 653 1908 ferente,
667 1877 792 1912 voluptas
804 1880 855 1906 erit
872 1884 952 1914 atque
965 1889 1009 1908 sa-

227 1917 280 1946 lus;
300 1917 366 1945 Nam
381 1927 543 1953 pronomen,
555 1929 617 1956 ego,
634 1922 701 1949 dicit
721 1923 748 1950 in
767 1925 876 1959 propria
894 1933 1010 1960 persona

226 1963 260 1991 de
273 1964 401 1991 universo
423 1966 536 1999 populo;
550 1967 596 2001 qui
618 1975 677 1996 mos
696 1969 887 2003 prophetarum
908 1972 1011 2006 perire.

227 2016 314 2042 quens
326 2015 378 2038 est.
396 2009 474 2037 Sicut
485 2011 566 2038 etiam
579 2012 688 2039 beatum
713 2013 839 2042 Davidem
852 2024 946 2050 preces
963 2026 1010 2052 pro

228 2055 365 2081 communi
376 2056 465 2090 populi
478 2064 592 2090 prrsona
609 2058 752 2085 facientem
769 2060 911 2094 videmus;
926 2063 1009 2090 veluti

227 2105 288 2125 cum
304 2099 341 2126 ait
360 2109 366 2126 :
388 2109 397 2124 ι
417 2102 443 2128 ln
462 2105 498 2133 te,
517 2102 639 2135 Domine,
654 2106 771 2139 speravi,
788 2114 840 2133 non
858 2108 1010 2137 confundar

229 2144 254 2171 in
266 2149 395 2172 aeternum
411 2146 443 2174 “.
462 2157 471 2172 ι
485 2147 549 2175 Item
563 2158 569 2176 :
586 2158 595 2174 ι
611 2149 733 2182 Domine,
749 2153 846 2179 exaudi
859 2155 1009 2182 orationem

228 2198 325 2221 meam.
338 2196 364 2218 et
384 2192 489 2219 clamor
503 2200 579 2220 meus
591 2194 622 2220 ad
640 2199 666 2222 te
679 2196 769 2223 veniat
781 2197 813 2224 ’⁷.
832 2208 841 2224 ι
862 2198 924 2226 "me
937 2200 1010 2226 enim

227 2243 259 2263 ex
281 2238 418 2264 communi
442 2239 509 2265 dicit
523 2240 692 2274 captivorum
708 2250 822 2276 persona
840 2252 847 2276 ;
861 2244 898 2271 ita
910 2249 939 2272 ut
954 2246 1011 2273 sin-

226 2282 282 2319 guli
303 2290 380 2317 prece
399 2284 448 2310 hac
469 2286 610 2314 commode
629 2287 667 2314 uti
689 2292 800 2322 queant.
820 2288 920 2316 Eodem
937 2298 1009 2318 nunc

227 2329 309 2356 modo
325 2330 454 2364 propheta
477 2335 607 2366 tauquam
627 2341 658 2360 ex
680 2335 819 2361 communi
836 2343 952 2370 persona
969 2337 1007 2364 lo-

226 2375 330 2409 quitur,
347 2376 566 2410 quandoquidem
581 2383 607 2406 et
620 2379 653 2406 de
663 2381 801 2408 communi
812 2382 929 2409 utilitate
944 2383 1009 2416 agit.

229 2428 239 2444 ι
260 2418 390 2446 Dominus
405 2420 486 2453 Deus,
509 2422 595 2450 virtus
615 2431 673 2450 mea
687 2433 693 2450 ε
706 2429 733 2452 et
745 2431 822 2459 ponet
838 2427 920 2461 pedes
936 2435 1012 2455 meos

227 2465 305 2498 quasi
321 2466 405 2496 cervi.
421 2470 447 2493 et
462 2466 495 2493 ad
519 2468 626 2495 excelsa
648 2477 690 2496 me
717 2470 835 2502 deducit.
863 2476 890 2497 ut
906 2473 1012 2499 vincam

228 2509 254 2536 in
267 2510 375 2538 cantico
386 2512 480 2545 ipsius.
500 2523 509 2538 ι
528 2514 551 2540 Is
564 2513 627 2540 mihi
641 2514 667 2540 in
690 2515 817 2542 omnibus
828 2516 898 2543 vires
911 2525 1007 2552 suppe-

228 2555 306 2586 dilat,
318 2556 363 2590 qui
381 2565 430 2584 nos
444 2558 567 2585 celeriter
584 2558 728 2586 admodum
747 2561 898 2595 captivitati
911 2562 1012 2590 subdu-

228 2606 294 2630 cet:
322 2612 381 2630 nam
397 2612 472 2632 more
496 2613 638 2633 cervorum
666 2608 780 2635 celerem
797 2609 860 2636 inde
880 2610 1011 2637 faciemus

229 2648 358 2675 reditum.
380 2649 515 2678 Sublimes
534 2657 624 2679 autem
637 2661 686 2680 nos
699 2661 753 2688 pra:
777 2655 904 2681 omnibus
920 2661 1012 2682 osten-

230 2693 294 2726 det;
308 2693 345 2719 ita
359 2699 387 2720 ut
397 2695 475 2721 nobis
493 2696 559 2723 nihil
576 2697 648 2724 aliud
662 2698 790 2732 supersit.
804 2706 886 2733 quam
897 2700 1011 2727 canticis

231 2741 312 2772 atque
325 2739 431 2773 hymnis
447 2740 528 2768 Deum
545 2742 701 2771 celebrare:
717 2745 937 2780 quandoquidem
955 2747 1011 2773 vic-

284 2826 307 2841 “
323 2826 393 2858 I’sal.
415 2836 476 2860 xxx,
489 2830 515 2855 2.
568 2831 589 2844 "
608 2829 669 2857 Psal
690 2838 726 2862 cn,
746 2832 772 2859 Ξ.

1091 1339 1164 1374 Στίχ.
1184 1339 1275 1371 ιζ’-ιϐ’.
1295 1355 1333 1361 —
1356 1349 1364 1365 ι
1382 1340 1454 1366 Διότι
1472 1340 1540 1374 συκῆ
1564 1339 1592 1365 οὔ
1617 1339 1819 1374 καρποφορήσει
1832 1358 1840 1371 ,

1055 1385 1101 1411 καὶ
1112 1385 1162 1411 οὐκ
1179 1385 1254 1411 ἔσται
1267 1386 1424 1420 γεννήματα
1434 1386 1462 1411 ἐν
1477 1387 1535 1416 ταῖς
1548 1384 1679 1418 ἀμπέλοις
1691 1392 1697 1398 ·
1710 1383 1840 1418 ψεύσεται

1055 1431 1134 1466 ἔργον
1151 1431 1244 1462 ἐλαίας
1253 1435 1266 1445 ’⁸
1282 1431 1371 1457 καὶτὰ
1388 1430 1466 1457 πεδία
1481 1431 1511 1456 οὐ
1528 1430 1634 1464 ποιήσει
1649 1429 1748 1464 βρῶσιν
1763 1437 1769 1443 ·
1797 1428 1840 1461 ἐξ-

1056 1477 1146 1502 έλιπεν
1162 1476 1215 1503 ἀπὸ
1235 1475 1361 1510 βρώσεως
1381 1475 1518 1510 πρόϐατα,
1539 1474 1584 1500 καὶ
1601 1474 1649 1508 οὐχ
1673 1473 1840 1508 ὑπάρχουσιν

1058 1523 1117 1557 βόες
1132 1522 1177 1549 ἐπὶ
1191 1523 1312 1556 φάτναις.
1328 1531 1337 1547 ι
1357 1520 1464 1555 Ἐώρων
1475 1520 1539 1555 γὰρ,
1556 1520 1632 1555 φησὶ.
1648 1520 1694 1546 καὶ
1708 1519 1757 1553 τὴν
1770 1519 1840 1546 κατὰ

1057 1569 1111 1594 τῶν
1126 1567 1252 1594 ἐναντίων
1267 1566 1350 1601 ὀργὴν
1371 1566 1488 1601 φοϐεράν
1509 1574 1569 1592 τινα
1586 1563 1677 1597 οὖσαν,
1696 1565 1740 1599 ἀφ’
1756 1562 1788 1599 ἦς
1809 1565 1838 1590 οὐ

1058 1613 1092 1640 τὰ
1111 1613 1144 1639 ἐκ
1169 1613 1227 1638 τῶν
1247 1612 1383 1646 πολεμίων
1399 1612 1496 1642 αὐτοὺς
1514 1611 1595 1646 μόνον
1618 1612 1724 1644 συνεῖχε
1744 1611 1817 1636 κακά
1832 1619 1839 1625 ·

1061 1658 1129 1686 ἀλλὰ
1142 1658 1196 1692 γὰρ
1210 1658 1257 1684 καὶ
1281 1658 1333 1684 ὑπὸ
1348 1657 1486 1693 ἀκαρπίας
1501 1657 1657 1691 κατείχοντο
1672 1655 1821 1687 παντελοῦς
1832 1676 1840 1688 ,

1059 1705 1108 1730 οὐκ
1122 1703 1445 1738 ἐκγεννημάτωννοὺκὲκ
1454 1702 1538 1734 ξύλων
1553 1702 1658 1737 καρπὸν
1675 1701 1841 1736 κομίσασθαι

1059 1748 1110 1776 οἷοί
1132 1758 1162 1776 τε
1183 1749 1272 1780 ὄντες·
1296 1748 1545 1784 προσαπολέσονται
1567 1749 1595 1775 δὲ
1624 1749 1670 1774 καὶ
1695 1748 1728 1774 τὰ
1755 1749 1840 1782 κτήνη

1059 1796 1157 1825 πάντα,
1174 1795 1276 1831 ἐρημίᾳ
1294 1795 1378 1830 νομῆς
1399 1803 1428 1820 τε
1445 1795 1491 1820 καὶ
1508 1794 1667 1830 βρωμάτων.
1691 1803 1700 1819 ‹
1729 1793 1798 1827 Ἐγὼ
1813 1793 1842 1820 δὲ

1060 1841 1088 1867 ὲν
1104 1841 1143 1875 τῷ
1157 1841 1250 1875 Κυρίῳ
1263 1840 1461 1874 ἀγαλλιάσομαι
1470 1859 1477 1870 ,
1489 1840 1644 1874 χαρήσομαι
1662 1839 1709 1865 ἐπὶ
1727 1839 1766 1874 τῷ
1780 1839 1840 1873 Θεῷ

1059 1885 1097 1921 τῷ
1112 1887 1219 1921 Σωτῆρί
1237 1895 1297 1920 μου.
1321 1895 1329 1910 ι
1351 1885 1406 1912 Καὶ
1427 1885 1462 1911 τὰ
1476 1886 1524 1920 μὲν
1543 1886 1606 1920 περί
1625 1884 1743 1916 ἐκείνους
1765 1885 1840 1911 ἔσται

1059 1932 1171 1958 τοιαῦτα
1185 1941 1191 1947 '
1208 1933 1275 1966 ἡμῖν
1285 1932 1313 1958 δὲ
1326 1934 1358 1966 τῇ
1377 1933 1410 1967 σῇ
1427 1932 1538 1967 βοηθείᾳ
1550 1932 1630 1967 ἡδονή
1649 1941 1678 1958 τε
1691 1933 1840 1968 προσέσται

1059 1978 1106 2005 καὶ
1123 1977 1260 2013 σωτηρία¹
1278 1977 1308 2003 τὸ
1327 1977 1391 2012 γὰρ,
1413 1977 1468 2011 ἐγὼ
1484 1977 1521 2007 δὲ,
1540 1978 1571 2003 ἐκ
1585 1977 1729 2012 προσώπου
1745 1977 1793 2004 τοῦ
1804 1978 1842 2003 oi-

1060 2023 1132 2049 κείου
1150 2023 1213 2058 περὶ
1225 2022 1272 2048 τοῦ
1284 2022 1372 2048 κοινοῦ
1389 2022 1461 2056 λέγει
1474 2022 1550 2053 λαοῦ,
1565 2023 1632 2056 ὅπερ
1645 2020 1690 2049 οὗν
1704 2022 1763 2053 ἔθος
1779 2022 1842 2048 πολ-

1060 2067 1143 2102 λαχοῦ
1168 2068 1223 2098 τοῖς
1251 2067 1403 2102 προφήταις
1423 2068 1525 2093 ποιεῖν·
1547 2066 1589 2101 (p.
1610 2067 1682 2101 580)
1701 2067 1738 2098 ὡς
1762 2067 1808 2093 καὶ
1828 2067 1842 2092 ὁ

1063 2113 1196 2148 μακάριος
1209 2113 1289 2139 Δαυῖδ
1299 2113 1346 2144 τὰς
1356 2113 1476 2147 αἰτήσεις
1489 2113 1521 2138 ἐκ
1532 2112 1677 2147 προσώπου
1692 2112 1738 2138 τοῦ
1754 2113 1842 2139 αὐτῶν

1061 2158 1219 2192 ποιούμενος
1238 2158 1375 2192 φαίνεται’
1391 2158 1429 2189 ὡς
1449 2158 1487 2184 ὅτ’
1505 2158 1537 2183 ἂν
1559 2157 1626 2193 λέγῃ
1638 2165 1644 2172 ”
1668 2166 1676 2181 ι
1696 2158 1757 2184 Ἐπὶ
1784 2158 1823 2183 σοὶ
1835 2177 1841 2187 .

1061 2203 1158 2238 Κύριε,
1178 2203 1278 2237 ἤλπισα
1290 2224 1297 2233 ,
1317 2203 1353 2238 μὴ
1366 2203 1589 2237 καταισχυνθείην
1605 2203 1644 2234 εἰς
1656 2202 1701 2229 τὸν
1714 2202 1799 2229 αἰῶνα
1811 2211 1816 2217 ·
1831 2212 1840 2228 ι

1061 2249 1119 2281 καὶ,
1139 2258 1148 2274 ι
1162 2249 1258 2284 Κύριε,
1274 2249 1431 2275 εἰσάκουσον
1446 2249 1495 2282 τῆς
1512 2248 1664 2283 προσευχῆς
1681 2257 1731 2282 μου
1742 2270 1748 2279 ,
1765 2248 1810 2274 καὶ
1826 2250 1842 2283 ἡ

1026 2304 1047 2331 ι)
1062 2293 1169 2328 κραυγή
1191 2302 1241 2328 μου
1271 2293 1337 2328 πρὸς
1354 2293 1382 2319 σὲ
1399 2292 1507 2318 ἐλθέτω.
1524 2302 1532 2318 ι
1551 2292 1642 2319 Ταῦτα
1660 2292 1714 2328 γὰρ
1740 2293 1772 2318 ἐκ
1796 2293 1842 2319 τοῦ

1061 2340 1151 2366 κοινοῦ
1167 2339 1240 2373 λέγει
1256 2339 1309 2364 τῶν
1325 2339 1371 2364 ἐπὶ
1383 2339 1431 2374 τῆς
1446 2338 1632 2373 αἰχμαλωσίας
1645 2338 1738 2369 ὄντων,
1756 2335 1843 2369 ὡς’ἂν

1061 2385 1178 2412 ἑκάστου
1194 2385 1329 2420 ἁρμοδίως
1344 2385 1376 2419 τῇ
1400 2385 1474 2418 ῳωνῇ
1491 2383 1665 2419 χρησαμένου
1676 2383 1771 2418 ταύτῃ.
1793 2383 1844 2409 Τὸν

1061 2431 1141 2457 αὑτὸν
1157 2431 1190 2464 δὴ
1213 2430 1312 2465 τρόπον
1334 2430 1381 2456 καὶ
1398 2429 1445 2455 νῦν
1467 2430 1482 2455 ὁ
1499 2429 1640 2464 προφήτης
1657 2429 1695 2460 ὡς
1717 2429 1772 2455 ἀπὸ
1796 2428 1843 2455 τοῦ

1063 2475 1153 2502 κοινοῦ
1170 2475 1243 2509 λέγει
1263 2475 1359 2506 ταῦτα,
1380 2475 1473 2509 ἐπειδὴ
1497 2475 1543 2500 καὶ
1561 2474 1625 2508 περὶ
1639 2473 1692 2500 τῶν
1708 2473 1746 2507 τῷ
1763 2474 1844 2509 κοινῷ

1064 2520 1272 2555 προσεσομένων
1297 2520 1462 2553 διαλέγεται,
1493 2529 1502 2545 ι
1518 2519 1619 2554 Κύριος
1643 2520 1657 2545 ὁ
1680 2518 1746 2550 Θεός
1773 2527 1842 2553 μου·

1064 2567 1177 2601 δύναμίς
1191 2575 1251 2601 μου·
1266 2567 1313 2592 καὶ
1329 2565 1403 2597 τάξει
1415 2566 1478 2596 τοὺς
1493 2565 1574 2596 πόδας
1591 2573 1640 2599 μου
1656 2565 1722 2590 ὡσεὶ
1733 2565 1842 2598 ἐλάφου·

1064 2611 1111 2638 καὶ
1132 2611 1177 2638 ἐπὶ
1190 2611 1224 2637 τὰ
1240 2611 1330 2646 ὑψηλὰ
1356 2610 1466 2645 ἑπιϐιϐᾷ
1491 2618 1541 2644 με.
1561 2609 1608 2635 τοῦ
1634 2609 1744 2644 νικῆσαι
1766 2611 1796 2635 ἐν
1812 2611 1843 2644 τῇ

1066 2657 1120 2692 ᾠδῇ
1137 2656 1228 2683 αὑτοῦ.
1253 2666 1262 2682 ι
1280 2654 1367 2687 Αὐτὸς
1381 2656 1436 2690 γάρ
1448 2657 1522 2682 ἐστιν
1535 2656 1549 2681 ὁ
1563 2655 1614 2690 τὴν
1629 2656 1658 2681 ὲν
1671 2654 1755 2681 ἅπασι
1770 2654 1845 2681 δύνα-

1068 2703 1113 2737 μίν
1133 2711 1179 2737 μοι
1194 2702 1372 2737 χαριζόμενος
1385 2709 1391 2717 ·
1403 2702 1432 2733 ὃς
1443 2700 1537 2735 ἀφελεῖ
1550 2701 1598 2735 μὲν
1615 2701 1684 2735 ἡμᾶς
1700 2699 1772 2735 μετὰ
1787 2699 1845 2726 πολ-

1065 2748 1112 2774 λοῦ
1140 2747 1187 2774 τοῦ
1210 2748 1309 2782 τάχους
1331 2747 1380 2782 τῆς
1407 2746 1605 2781 αἰχμαλωσίας,
1635 2746 1711 2781 δίκην
1739 2745 1843 2779 ἐλάφων
