1981 3073
119 139 174 166 419
619 136 892 166 COMMENTARIUS
910 135 943 163 IN
965 135 1147 163 SOPllONl/E
1162 136 1238 164 CAP.
1261 136 1280 165 I.
1696 139 1752 166 450

124 199 215 231 (ξείαν
232 199 282 234 τὴν
311 199 415 225 ἐκεῖθεν
438 197 612 233 ἀναχώρησιν
634 197 826 232 ποιουμένους·
846 195 911 230 ὑψη-

969 195 1062 221 Loriam
1080 194 1160 221 nobis
1173 195 1207 222 de
1219 189 1356 229 hostibus,
1370 200 1469 232 praeter
1483 204 1590 225 omnem
1605 197 1753 226 lnuuanam

124 244 253 280 λοτέρους
269 245 297 271 δὲ
320 245 393 280 ἡμᾶς
419 245 527 272 πάντων
551 243 714 278 ἀποφαίνει,
734 241 804 268 ὥστε
831 241 913 275 μηδὲν

969 247 1054 274 spem,
1069 241 1214 267 concessit.

122 289 216 324 ἕτερον
241 290 307 323 ἡμῖν
329 288 474 323 ἁρμόττειν
490 287 593 320 λοιπὸν,
613 287 628 322 ἢ
656 286 686 313 τὸ
700 286 730 312 έν
748 285 829 320 ᾠδαῖς
850 286 898 312 καὶ
913 285 1008 319 ὕμνοις
1027 281 1098 311 εῖναι
1118 286 1174 316 τοῖς
1194 285 1378 321 ὀφειλομένας
1399 288 1437 322 τῷ
1456 288 1530 324 Θεῷο
1560 289 1630 326 ὑπὲρ
1652 286 1689 318 ὦν
1703 290 1754 326 τὴν

121 334 194 361 κατά
211 334 265 360 τῶν
277 334 383 369 ἐχθρῶν
398 333 452 360 τῶν
469 333 610 368 ἡμετέρων
627 333 706 368 νίκην
726 331 799 367 παρά
819 332 910 357 πᾶσαν
924 329 1100 366 ἀνθρωπίνην
1121 331 1218 358 ἐλπίδα
1234 332 1351 360 δέδωκεν
1363 334 1438 368 ἡμῖν.

125 439 1723 456 ρὲεεῇ-ΨἪ

384 524 665 567 ΕΡΜΗΝΕΙΑ
701 521 988 565 ΣΟΦΟΝΙΟΥ
1037 521 1150 563 ΤΟΥ
1177 521 1487 564 ΠΡΟΦΗΤΟΥ

125 708 696 767 COMMENTARIUS
728 711 801 768 IN
837 711 1249 768 SOPHONlAM
1290 711 1745 767 PROPHETAM.

161 904 200 931 Οὐ
215 905 308 940 πόρρω
323 904 369 931 τοῦ
383 905 519 940 μακαρίου
540 906 701 942 ’Λμϐακοὶιμ
713 907 751 943 τῷ
764 909 852 944 χρόνῳ
867 909 915 944 τὴν

1003 908 1080 935 llaud
1098 909 1193 944 procul
1211 908 1280 936 hcati
1294 907 1431 935 llabacuci
1446 912 1567 942 tempore
1582 908 1751 943 prophetiam

128 951 296 986 προφητείαν
309 951 410 986 ταύτην
426 952 440 977 ό
454 951 588 987 μακάριος
605 954 752 988 πεποίηται
769 955 912 988 Σοφονίας·

127 998 174 1023 ἐπὶ
190 997 244 1032 γὰρ
264 997 366 1024 Ἰωσίου
383 997 430 1024 τοῦ
448 998 579 1033 βασιλέως
593 1000 643 1035 τῆς
666 1001 807 1033 Ἰουδαίας,
823 1003 914 1034 καθὼς

129 1044 145 1076 ἡ
173 1043 268 1074 Βίϐλος
296 1043 379 1078 δηλοῖ,
405 1045 573 1079 προφητεύει
590 1046 624 1072 τὰ
648 1047 785 1082 παρόντα·
805 1049 863 1083 μεθ’
885 1049 914 1074 ὂν

129 1089 246 1123 βραχέος
260 1089 446 1124 διεληλυθότος
461 1091 569 1125 χρόνου,
587 1091 625 1126 (ρ.
648 1092 711 1125 581)
732 1093 914 1129 ἐπεληλὺθασί

128 1142 157 1160 τε
175 1136 208 1169 τῇ
237 1135 416 1171 Ἰερουσαλὴμ
438 1137 463 1162 οἱ
480 1137 657 1170 Βαϐυλώνιοι,
676 1139 723 1165 καὶ
739 1140 850 1166 πλεῖστα
865 1141 915 1167 ὅσα

130 1180 201 1206 κατά
212 1180 261 1215 τὴν
283 1180 367 1207 Ἰούδα
392 1181 529 1213 διαθέντες
544 1183 641 1218 φυλὴν,
668 1185 715 1211 καὶ
731 1185 845 1217 πολλοὺς
866 1186 915 1220 μὲν

129 1225 278 1258 ἀνελόντες,
298 1225 441 1258 πλείστους
455 1227 483 1254 δὲ
503 1229 692 1263 ἀπαγαγόντες
708 1230 897 1265 αἰχμαλώτους
907 1251 914 1262 ,

129 1271 215 1307 αὑτήν
234 1280 264 1298 τε
288 1271 444 1308 ἐπόρθησαν
465 1273 514 1308 τὴν
545 1274 741 1310 Ἰερουσαλὴμ,
757 1276 804 1302 καὶ
822 1275 853 1311 δὴ
870 1276 916 1302 καὶ

129 1317 198 1352 πυρὶ
210 1318 256 1343 τόν
270 1326 300 1344 τε
318 1318 382 1345 ναὸν
394 1318 439 1344 τὸν
453 1318 522 1345 θεῖον
539 1319 586 1345 καὶ
600 1320 654 1345 τῶν
668 1320 718 1355 τῆς
726 1321 829 1352 πόλεως
846 1323 917 1348 οἱκο-

128 1362 294 1398 δομημάτων
305 1363 339 1390 τὰ
353 1363 482 1391 κάλλιστα
497 1364 664 1399 κατέφλεξαν
680 1366 796 1393 ἃπαντα-
813 1366 852 1393 ἔτι
870 1366 917 1392 καὶ

129 1408 160 1434 τὺ
186 1409 272 1443 τεῖχος
298 1409 384 1444 αὐτῆς
413 1409 552 1440 παντελῶς
581 1410 759 1442 καθελόντες,
786 1411 824 1443 ὡς
849 1411 916 1447 μηδὲ

965 955 1034 981 hanc
1057 955 1153 982 beatus
1180 954 1244 980 fecit
1261 954 1430 988 Sophonias:
1456 960 1519 979 nam
1536 953 1587 980 sub
1601 952 1674 980 Josia
1690 961 1752 988 rege

963 999 1072 1031 .Iudaaaa,
1081 999 1150 1027 sicut
1160 999 1228 1026 liber
1236 999 1415 1030 demonstrat,
1425 998 1567 1032 praesentia
1576 997 1750 1024 vaticinatur.

965 1047 1030 1073 Post
1044 1054 1123 1080 quem
1139 1045 1213 1072 brevi
1234 1045 1396 1080 interposito
1421 1045 1520 1079 spatio,
1552 1043 1751 1079 expeditionem

965 1091 1088 1118 fecerunt
1104 1091 1234 1118 adversus
1252 1091 1421 1118 Hierusalem
1436 1090 1578 1126 Babylonii
1613 1090 1752 1124 plurimis-

965 1145 1018 1172 que
1042 1137 1164 1164 cladibus
1187 1136 1263 1164 Iudae
1287 1137 1386 1163 tribum
1412 1136 1572 1169 allecerunt,
1601 1135 1751 1162 interfectis

965 1182 1077 1215 multis,
1107 1183 1232 1216 plurimis
1260 1183 1286 1208 in
1304 1181 1386 1216 250
1402 1182 1586 1216 captivitatem
1615 1181 1751 1211 abductis.

966 1229 1023 1264 ipsa
1039 1233 1146 1255 vastata
1157 1227 1341 1260 Hierusalem,
1357 1226 1457 1262 templo
1468 1228 1561 1255 divino
1574 1227 1750 1258 inﬂammato,

965 1280 988 1301 et
1008 1275 1198 1309 pulcherrimis
1215 1274 1292 1301 urbis
1309 1273 1432 1301 mdiﬁciis
1457 1274 1518 1309 igne
1532 1273 1679 1301 crematis;
1705 1274 1753 1300 dc-

966 1321 1048 1354 nique
1068 1320 1205 1346 inmitibus
1230 1320 1309 1346 etiam
1336 1319 1459 1346 funditus
1486 1319 1594 1350 dirutis,
1623 1327 1656 1346 ne
1679 1318 1751 1353 quod

968 1365 1105 1392 munimen
1136 1364 1241 1396 incolae,
1263 1366 1284 1391 si
1313 1365 1381 1392 forte
1407 1365 1490 1399 aliqui
1518 1364 1626 1396 vellent,
1655 1364 1754 1390 habere

968 1416 1088 1444 possent.
1111 1410 1240 1445 Sequitur
1258 1419 1322 1438 vero
1336 1416 1484 1438 consuetus
1500 1410 1560 1437 libri
1577 1410 1682 1437 titulus.

129 1456 280 1491 ἀσφάλειαν
307 1465 367 1483 τινα
388 1457 450 1488 τοὺς
473 1457 659 1489 ἐνοικοῦντας,
687 1459 766 1494 εἴπερ
782 1457 829 1485 οὖν
852 1467 924 1490 τινες
945 1459 1102 1494 ἐπιθυμοῖεν
1125 1459 1229 1490 τούτου,
1253 1458 1381 1485 δύνασθαι
1403 1459 1485 1493 ἔχειν.
1506 1457 1581 1493 Αὕτη
1603 1458 1652 1494 μὲν
1672 1455 1718 1483 οὖν
1737 1462 1754 1491 η

131 1505 250 1540 συνήθης
267 1504 414 1540 προγραφὴ
433 1504 480 1530 τοῦ
500 1505 620 1539 βιϐλίου.

459 1550 536 1578 ΚΕΦ.
553 1550 591 1577 A’.

165 1596 241 1632 Στίχ.
262 1596 336 1630 α’-γ’.
357 1611 391 1616 -
408 1596 430 1622 «⁵
445 1597 529 1630 Λόγος
547 1597 651 1632 Κυρίου
672 1597 701 1630 ὃς
721 1597 829 1632 ἐγένετο
849 1599 918 1634 πρὸς

130 1641 263 1676 Σοφονίαυ
274 1642 319 1668 τὸν
328 1641 374 1668 τοῦ
385 1642 480 1674 Χουσὶ,
495 1642 551 1668 υἱὸν
565 1642 697 1675 Γοδολίου,
712 1643 760 1669 τοῦ
776 1644 917 1679 Ἀμαρίου,

129 1688 177 1713 τοῦ
200 1687 332 1720 Ἐζεκίου,
348 1689 376 1714 ὲν
391 1688 507 1723 ἡμέραις
530 1688 631 1715 Ἰωσίου
656 1689 713 1715 υίοῦ
735 1689 824 1725 Ἀμώς
839 1690 916 1725 βασι-

1335 1548 1388 1575 AP.
1403 1548 1423 1575 1.

1004 1595 1089 1623 Vens.
1104 1595 1162 1622 1-5.
1177 1609 1211 1614 ——
1230 1603 1239 1619 ι
1250 1547 1500 1626 Verlﬁiilbe-mini,
1515 1593 1587 1627 quod
1601 1592 1701 1620 factum
1715 1597 1756 1619 ert

969 1642 1001 1668 ad
1021 1641 1187 1676 Sophoniam
1206 1639 1289 1666 lilium
1304 1639 1397 1670 Chnsi,
1423 1638 1470 1665 lilii
1489 1638 1544 1674 (49)
1560 1638 1690 1670 Godoliae,
1708 1639 1755 1665 lilii

969 1687 1098 1718 Amariaa,
1121 1686 1167 1712 lilii
1192 1685 1306 1717 Ezcciae,
1327 1686 1352 1711 in
1375 1684 1471 1711 diebus
1500 1683 1580 1711 Josize
1601 1683 1647 1711 lilii
1663 1684 1756 1711 Amnsi

131 1733 200 1765 λέως
223 1733 321 1759 Ἰούδαν
344 1742 353 1758 ι
376 1734 405 1759 έν
431 1730 471 1765 οἷς
495 1733 627 1768 δεδήλωκε
653 1734 699 1760 τόν
723 1743 752 1760 τε
776 1735 917 1769 προφήτην

970 1734 1042 1768 regis
1056 1731 1143 1759 Iudae.
1154 1741 1163 1756 ›
1181 1731 1219 1758 Ex
1238 1731 1279 1757 his
1293 1730 1498 1757 demonstratur
1514 1729 1576 1764 quis
1593 1729 1677 1757 fuerit
1692 1738 1758 1764 pro-

131 1780 205 1810 ὅστις
221 1778 278 1804 ἐστὶ
293 1777 340 1804 καὶ
357 1777 418 1804 ὅθεν
436 1778 621 1813 καταγόμενος
638 1779 683 1805 καὶ
703 1780 732 1805 ὲν
751 1778 804 1805 τίνι
831 1779 919 1814 καιρῷ

132 1823 250 1850 ποιεῖται
268 1822 317 1857 τὴν
336 1822 513 1857 προφητείαν.
538 1822 670 1857 ’Δρχεται
683 1823 712 1849 δὲ
725 1824 775 1858 τῆς
789 1822 844 1850 τῶν
859 1825 920 1850 soo-

134 1869 223 1904 μένων
250 1867 430 1903 προρρήσεως
452 1867 554 1899 οὕτως·
588 1877 596 1893 ι
624 1868 758 1904 Ὲκλείψει
787 1869 920 1896 ἐκλιπέτω

133 1913 223 1939 πάντα
236 1912 291 1940 ἀπὸ
304 1912 451 1948 προσώπου
466 1913 517 1948 τῆς
539 1913 601 1948 γῆς,
623 1913 697 1947 λέγει
714 1915 827 1950 Κύριος.
848 1925 858 1940 ι
872 1915 920 1941 Γε-

132 1960 248 1993 γόνεσαν
264 1958 313 1993 μὲν
329 1958 384 1993 γὰρ
400 1958 566 1993 αἰχμάλωτοι
583 1959 720 1991 παντελῶς
737 1961 764 1986 αἱ
782 1960 847 1987 δέκα
869 1970 918 1994 gzu-

132 2005 195 2032 λαί·
214 2003 416 2040 κεκρατηκότες
440 2004 469 2031 δὲ
496 2004 608 2031 ἐκείνων
640 2005 777 2041 Ἀσσύριοι
803 2007 919 2041 ὲπῆλθον

135 2049 186 2084 μὲν
200 2049 246 2075 καὶ
261 2049 294 2083 τῇ
321 2048 500 2083 Ἰερουσαλὴμ
519 2048 557 2080 ὡς
572 2048 729 2084 αἱρήσοντες
745 2050 792 2076 καὶ
805 2051 918 2086 ταύτην.

140 2096 184 2127 Ὠς
202 2095 230 2121 δὲ
246 2095 294 2129 τὴν
310 2093 429 2130 φοϐερὰν
445 2094 551 2130 εκείνην
575 2095 699 2127 ἐδέξαντο
714 2095 759 2122 διὰ
773 2095 820 2123 τοῦ
836 2097 920 2131 ἀγγέ-

133 2141 181 2167 λου
203 2140 324 2175 πληγὴν,
354 2140 422 2174 μετὰ
444 2139 543 2166 πολλοῦ
562 2140 610 2175 μὲν
631 2141 677 2167 τοῦ
699 2141 775 2173 δέους
800 2140 871 2169 εἶδον
894 2144 919 2169 οἱ

133 2189 223 2215 λοιποὶ
238 2187 306 2223 πρὸς
326 2187 414 2222 φυγὴν
432 2187 526 2214 ὁπόσοι
548 2196 580 2222 γε
607 2189 657 2223 τῆς
679 2189 722 2215 διὰ
742 2189 789 2216 τοῦ
804 2189 919 2223 ἀγγέλου

133 2233 269 2269 τιμωρίας
291 2233 436 2267 γεγόνεσαν
452 2233 543 2265 ὲκτός’
562 2234 591 2260 ὲν
615 2235 709 2270 εἰρήνῃ
725 2235 752 2261 δὲ
771 2235 866 2271 βαθείᾳ
887 2235 920 2261 τὰ

134 2279 208 2306 κατὰ
230 2278 280 2313 τὴν
306 2277 484 2313 Ἰερουσαλὴμ
506 2278 619 2312 γέγονεν
641 2280 673 2305 ὲκ
689 2279 802 2306 ’τούτου⁸
826 2280 919 2315 ἐπειδὴ

134 2324 227 2350 τοίνυν
243 2323 303 2354 τοὺς
321 2323 369 2357 τῆς
386 2323 470 2348 Ἰούδα
491 2323 577 2357 φυλῆς
593 2321 655 2355 τούς
667 2333 696 2351 τε
714 2325 763 2359 τὴν
784 2325 919 2361 Ἰερουσα-

134 2367 191 2402 λὴμ
209 2366 350 2397 οἰκοῦντας
360 2386 367 2398 ,
389 2367 420 2392 οὺ
435 2366 484 2401 τῆς
498 2367 633 2402 τιμωρίας
647 2368 701 2395 τῶν
723 2369 872 2403 Ἀσσυρίων
889 2370 920 2396 τὸ

971 1778 1051 1813 pheta
1074 1781 1101 1804 et
1116 1785 1130 1804 a
1145 1776 1244 1812 quibus
1260 1776 1372 1808 stirpem
1395 1775 1487 1807 ducat,
1513 1779 1539 1802 et
1563 1782 1619 1809 quo
1634 1778 1756 1809 lf‘ﬂlpO'e

970 1823 1139 1858 prophetiam
1151 1822 1242 1848 faciat.
1257 1820 1402 1847 Exorditur
1415 1825 1505 1846 autem
1520 1819 1673 1847 futurorum
1688 1827 1757 1855 pra--

970 1869 1116 1896 dictionem
1133 1868 1173 1895 sic
1188 1876 1194 1893 :
1214 1876 1223 1892 ‹
1234 1865 1392 1893 Defeationc
1410 1864 1538 1892 deliciam
1553 1865 1644 1891 omnia
1657 1872 1672 1890 a
1688 1864 1756 1892 l'acic

971 1918 1060 1945 terrae,
1079 1913 1144 1940 dicit
1168 1912 1309 1940 Dominus.
1321 1920 1330 1936 ι
1350 1911 1469 1945 Captivm
1481 1911 1537 1944 jam
1555 1915 1662 1937 cunctm
1677 1914 1757 1938 erant

970 1959 1063 1987 decem
1097 1959 1204 1990 tribus;
1241 1958 1360 1983 victOres
1392 1960 1481 1982 autem
1514 1956 1620 1982 illarum
1651 1955 1756 1991 Assyrii

971 2005 1092 2040 aggressi
1120 2007 1185 2031 sunt
1204 2003 1284 2030 etiam
1308 2001 1490 2034 Hierusalem,
1508 2008 1556 2028 ceu
1572 2001 1641 2027 hanc
1654 2001 1756 2035 pariter

970 2050 1088 2085 capturi.
1113 2049 1261 2083 Postquam
1279 2052 1369 2074 autem
1386 2047 1536 2073 terribilem
1560 2047 1633 2073 illam
1650 2046 1756 2081 experti

971 2099 1035 2123 sunt
1050 2095 1084 2122 ab
1107 2094 1204 2129 angelo
1219 2093 1334 2124 cladem,
1356 2092 1453 2127 reliqui
1469 2099 1531 2119 cum
1550 2091 1651 2126 ingenti
1670 2097 1755 2125 metu,

970 2143 1104 2175 quotquot
1115 2142 1190 2166 extra
1205 2137 1293 2172 angeli
1310 2137 1574 2163 animadversionem
1589 2136 1708 2169 l'uernnt,
1726 2137 1754 2164 in

971 2185 1062 2220 fugam
1078 2183 1201 2211 conversi
1217 2187 1292 2210 sunt.
1308 2182 1374 2209 Exin
1389 2182 1443 2208 alta
1458 2182 1484 2208 in
1502 2189 1568 2216 pace
1584 2181 1635 2209 fuit
1656 2181 1755 2209 llicru-

971 2231 1066 2257 salem.
1088 2229 1222 2262 Quoniam
1239 2229 1330 2263 itaque
1344 2227 1420 2254 Iudae
1433 2227 1533 2254 tribum
1548 2232 1576 2254 et
1587 2227 1755 2255 Hierusalem

970 2276 1045 2303 cives
1056 2274 1215 2310 magnitudo
1227 2281 1313 2308 pmnaa
1326 2274 1444 2307 Assyriis
1458 2273 1592 2308 imposita:
1602 2280 1655 2300 non
1667 2281 1757 2300 emen-

970 2322 1054 2354 davit,
1085 2329 1137 2348 nec
1167 2320 1260 2347 decem
1285 2321 1405 2347 tribuum
1434 2319 1578 2353 captivitas
1605 2319 1754 2351 teri-eiecit,

970 2368 1204 2403 perstiteruntquc
1221 2366 1291 2392 haud
1313 2366 1403 2392 minus
1421 2365 1475 2392 illis
1491 2364 1594 2399 injuste
1619 2365 1755 2399 impii-que

138 2413 251 2449 μέγεθος
265 2412 455 2447 ἐσωφρόνισεν,
471 2412 501 2438 οὺ
514 2413 567 2439 τῶν
577 2413 642 2439 δέκα
655 2414 744 2448 φυλῶν
755 2415 888 2451 ἐφόϐησεν
900 2416 916 2451 ἡ

971 2415 1106 2446 viventes,
1138 2412 1201 2439 hinc
1215 2411 1371 2439 necessario
1386 2418 1504 2438 exorsus
1518 2415 1560 2438 est
1575 2411 1681 2443 dicens,
1706 2418 1756 2438 ne-

138 2456 321 2491 αίχμαλωσία,
332 2456 501 2491 μεμενήκασι
510 2455 538 2481 δὲ
544 2455 620 2482 οὐθὲν
630 2456 738 2482 ἔλαττον
748 2456 859 2482 ἐκείνων
867 2464 921 2482 πα-

139 2499 256 2536 ρανομίᾳ
268 2508 296 2525 τε
308 2489 354 2525 καὶ
360 2499 471 2534 ἀσεϐείᾳ
479 2489 611 2531 agrum;
621 2500 668 2526 καὶ
676 2496 758 2529 οὗτοι.
766 2499 922 2533 ἀναγκαίως

138 2546 266 2573 ἐντεῦθεν
283 2545 384 2580 ἤρξατο
399 2545 478 2571 τοῦτο
492 2545 588 2578 λέγων,
610 2545 650 2572 ὅτι
672 2546 778 2581 ἀνάγκη
797 2545 844 2572 καὶ
858 2545 922 2576 τοὺς

138 2590 302 2620 ὑπολοίπους
317 2589 438 2616 ἐκλιπεῖν
455 2588 501 2615 τοῦ
513 2588 588 2619 λαοῦ,
600 2588 796 2623 ἀφαιρεθέντας
813 2588 861 2623 μὲν
874 2588 923 2622 τῆς

137 2636 190 2670 γῆς
199 2637 248 2670 τῆς
257 2634 431 2668 ἐπαγγελίας,
449 2634 620 2668 ἀπαχθέντας
628 2633 656 2659 δὲ
666 2634 704 2664 είς
717 2632 904 2667 αἰχμαλωσίαν
913 2639 920 2647 ·

138 2681 231 2717 ἐπειδὴ
245 2681 291 2708 καὶ
302 2678 375 2707 οὗτοι
390 2680 584 2715 μεμενηκότες.
597 2679 672 2705 οὐδὲν
689 2678 800 2704 ἐκείνων
813 2677 922 2704 ἔλαττον

137 2726 267 2762 ὤφθησαν
282 2725 455 2757 ἀσεϐοῦντες.
469 2725 506 2759 (p.
522 2725 584 2759 38‘2)
600 2724 696 2756 Καλῶς
709 2724 738 2750 δὲ
748 2723 796 2750 καὶ
814 2724 843 2749 ἐν
855 2723 923 2749 ἀπο-

139 2772 279 2807 φάσειτὴν
295 2772 412 2807 μήνυσιν
430 2772 563 2797 ποιεῖται·
577 2770 615 2801 ὼς
632 2770 665 2797 ἃν
681 2770 787 2801 δεικνὺς
803 2769 844 2796 ὅτι
859 2768 921 2796 τού-

177 2842 232 2879 (49)
253 2843 348 2872 Graeco
364 2843 466 2878 (ilium.

971 2466 1049 2486 eesse
1063 2458 1121 2486 fore
1136 2462 1166 2485 ut
1181 2458 1284 2492 reliqua
1298 2457 1379 2484 etiam
1395 2457 1485 2491 populi
1501 2463 1564 2492 pars
1579 2456 1698 2488 deﬁciat,
1720 2457 1756 2486 de

972 2509 1043 2532 terra
1057 2503 1250 2540 promissionis
1264 2503 1384 2537 abrepta.
1407 2506 1433 2529 et
1450 2502 1476 2529 in
1490 2502 1676 2537 captivitatem
1700 2507 1756 2530 tra-

971 2550 1068 2577 dueta:
1096 2548 1317 2584 quandoquidem
1343 2547 1370 2574 hi
1385 2548 1466 2575 etiam
1480 2548 1527 2582 qui
1545 2547 1601 2575 illic
1617 2555 1756 2576 remanse-

971 2600 1042 2627 rant,
1061 2594 1134 2622 baud
1146 2594 1235 2621 minus
1248 2594 1301 2621 illis
1313 2593 1362 2620 visi
1380 2597 1444 2620 sunt
1459 2596 1630 2627 peccatores.
1643 2592 1757 2628 Egregie

972 2645 1061 2668 autem
1082 2647 1142 2667 cum
1159 2639 1283 2666 absoluta
1305 2639 1438 2666 sententia
1455 2638 1520 2665 facit
1540 2638 1755 2672 pradictionem,

972 2689 1002 2712 ut
1031 2685 1159 2712 ostendat
1184 2685 1281 2719 dignos
1306 2684 1368 2711 illos
1383 2688 1469 2711 semet
1487 2684 1566 2711 malis
1579 2683 1633 2716 his.
1660 2692 1708 2718 per
1725 2691 1757 2711 ea

970 2738 1031 2765 qua‘.
1057 2734 1209 2765 gesserant,
1234 2729 1375 2760 ell'ecisse;
1407 2729 1479 2756 unde
1495 2733 1522 2755 et
1540 2729 1612 2756 Deus
1637 2729 1702 2755 talia
1724 2729 1758 2755 dc

969 2776 1048 2811 251
1067 2776 1100 2804 iis
1111 2775 1258 2803 decernere
1271 2775 1405 2803 adductus
1418 2775 1462 2802 sit.
1480 2775 1538 2802 1am
1552 2780 1695 2810 postquam
1711 2779 1759 2810 ge-
