1969 3069
235 135 284 163 451
821 132 997 161 THEODORI
1012 131 1254 160 MOPSUESTENI

1810 134 1868 163 452

235 195 363 223 neraliter
388 194 465 225 dixit,
492 193 643 221 «Deﬁciunt
670 194 793 224 omnia,»
821 194 908 229 pergit
933 194 1017 221 dicen

1079 201 1133 220 των
1154 193 1247 225 ἀξίους
1269 193 1381 224 ἑαυτοὺς
1399 192 1432 219 δι’
1448 191 1486 220 ὧν
1509 194 1641 228 ἔπραττον
1666 193 1868 228 πεποιήκασιν⁵

234 241 418 274 particulatim
431 249 438 266 ι
459 239 587 266 (Deﬁciat
604 239 695 269 homo.
710 243 737 266 el
750 239 872 274 jumenta
886 239 1023 272 deﬁciant,

234 292 341 312 necnon
367 284 430 310 ειειί
448 284 572 310 volucres
584 303 591 314 ,
626 287 653 309 et
672 284 757 310 maris
776 283 881 317 pisces:
907 287 934 310 et
950 284 1023 310 inlir-

234 329 381 356 mabuntur
399 328 485 364 impii,
506 333 533 356 et
549 328 671 355 auferam
695 328 805 362 iniquos
821 336 834 355 a
851 328 920 355 facie
931 333 1022 360 terrae,

234 378 300 404 dicit
316 376 458 404 Dominus.
473 385 482 402 ι
506 375 687 410 Hyperbolice
699 375 808 410 quidem
821 375 981 402 hominibus
992 382 1024 402 ac

232 421 363 456 jumentis
384 421 510 448 volucres
523 428 631 454 quoque
645 426 671 447 et
689 421 775 454 pisces
796 420 946 455 copulavit:
982 420 1024 447 vel

234 468 316 495 etiam
334 467 447 502 tropice,
461 474 509 494 ceu
521 467 591 493 solet
605 466 697 500 loqui;
715 465 752 492 ita
768 470 797 493 ut
810 466 935 493 volucres
951 465 1024 492 dicat

235 513 296 539 illos
312 512 359 546 qui
374 512 530 547 principatu
548 512 621 538 inter
630 516 745 539 caeteros
760 511 884 538 homines
892 512 1022 545 eminent,

235 558 326 592 pisces
342 565 406 585 vero
430 558 551 592 plebeios
578 557 624 591 qui
645 557 721 584 valde
748 557 887 584 humiliter
913 560 1022 591 repunt.

236 603 295 630 Mox
313 607 340 629 et
353 610 463 630 causam
480 603 592 632 addens,
609 612 618 627 ‹
632 602 664 628 Et
683 602 904 634 inlirmabuutur,
922 602 1019 637 inquit,

235 649 323 682 impii,
335 652 361 675 et
373 648 494 675 auferam
509 649 618 683 iniquos
632 648 666 674 de
679 647 748 674 facie
768 652 855 678 terrm.
881 648 948 675 dicit
965 648 1018 675 Do-

235 694 337 721 minus.
352 703 360 719 I
380 692 431 725 Qui
443 693 524 727 impie
540 693 695 728 injusthue
710 693 813 723 vivunt,
828 693 861 719 ad
874 697 1022 720 extremam

235 738 405 764 deducentur
429 737 624 767 inlirmitatcm.
655 737 718 771 quia
733 737 785 764 sub
800 737 907 764 hostilis
924 746 1022 765 manus

236 783 290 810 ictu
308 782 425 809 cadent:
445 782 541 816 reliqui
555 789 619 809 vero
635 783 770 816 mancipio
781 783 865 817 capti,
881 782 1022 809 adeCen-

1074 239 1135 266 ὅθεν
1150 238 1181 274 δὴ
1194 239 1240 265 καὶ
1254 238 1441 274 ἀποφήνασθαι
1459 239 1523 274 περὶ
1537 239 1626 265 αὐτῶν
1648 239 1761 265 τοιαῦτα
1779 248 1870 274 προσ-

1073 284 1156 319 ῆκται
1174 284 1249 316 Θεός.
1271 282 1336 310 Εἶτα
1357 282 1625 316 καθολικῶςεὶπὼνμ
1636 283 1783 311 Ἐκλιπέτω
1798 285 1869 311 πάν-

1073 338 1126 361 τα,
1146 339 1157 356 ι
1174 330 1273 364 ἐπάγει
1296 329 1366 356 κατὰ
1383 329 1478 365 μέρος·
1500 338 1509 355 ‹
1533 329 1684 356 Ἐκλιπέτω
1704 330 1867 364 ἄνθρωπος,

1073 375 1121 401 καὶ
1135 375 1221 410 κτήνη
1245 375 1388 406 ἐκλιπέτω,
1404 375 1440 402 τὰ
1461 374 1571 401 πετεινά
1585 375 1631 402 τοῦ
1643 375 1758 410 οὐρανοῦ
1776 376 1823 402 καὶ
1837 377 1866 404 ot

1075 420 1166 455 ίχθύες
1184 420 1235 455 τῆς
1255 420 1408 456 θαλάσσης·
1424 420 1473 447 xai.
1484 420 1679 455 ἀσθενήσουσιν
1697 422 1721 447 ot
1737 421 1865 453 ἀσεϐεῖςο

1073 466 1120 492 καὶ
1135 465 1224 501 ἐξαρῶ
1236 465 1298 497 τοὺς
1311 466 1429 500 ἀνόμους
1444 466 1500 492 ἀπὸ
1515 465 1662 501 προσώπου
1674 467 1723 501 τῆς
1736 466 1800 501 γῆς,
1816 466 1864 493 λέ-

1073 517 1116 543 γει
1131 508 1243 545 Κύριος.
1259 519 1268 535 ι
1293 509 1496 545 ’Υπερὸολικῶς
1512 510 1560 545 μὲν
1574 512 1630 540 τοῖς
1645 510 1799 545 ἀνθρώποις
1815 512 1864 537 καὶ

1073 556 1128 586 τοῖς
1145 556 1256 590 κτήνεσι
1270 555 1305 582 τά
1315 564 1345 582 τε
1360 555 1470 582 πετεινὰ
1483 556 1530 582 καὶ
1544 556 1608 587 τοὺς
1620 556 1714 590 ἰχθύας
1727 557 1844 592 συνῆψεν
1853 565 1862 573 ⁸

1072 599 1090 634 ἢ
1110 600 1157 626 καὶ
1176 601 1324 635 τροπικῶς,
1348 600 1438 632 καθὼς
1448 601 1541 627 εἴωθεν
1560 601 1664 635 λέγειν,
1686 602 1729 628 ἵνα
1750 603 1864 630 πετεινὰ

1075 645 1124 680 μὲν
1143 646 1208 681 εἴπῃ
1229 646 1293 677 τοὺς
1316 646 1474 677 δυναστείας
1491 646 1723 682 ὑπεραιρομένους
1739 647 1793 675 τῶν
1808 647 1864 674 λοι-

1072 690 1140 722 πῶν,
1161 690 1253 725 ἰχθύας
1271 691 1299 717 δὲ
1315 691 1379 722 τοὺς
1409 692 1438 717 ὲν
1458 691 1497 726 τῷ
1518 691 1595 727 δήμῳ
1615 692 1660 718 διὰ
1681 693 1862 728 ταπεινότητα

1073 736 1205 771 ἕρποντας
1235 736 1345 771 πολλήν.
1359 737 1413 762 Καὶ
1426 737 1475 772 τὴν
1492 737 1581 763 αἰτίαν
1594 737 1622 764 δὲ
1636 738 1757 772 ἐπάγων,
1779 747 1788 764 ι
1807 739 1862 765 Καὶ

1073 782 1266 816 ἁσθενήσουσιν
1280 783 1303 808 οἱ
1318 782 1434 814 ἀσεϐεῖς,
1448 783 1495 808 καὶ
1504 781 1592 818 ἐξαρῶ
1604 783 1665 814 τοὺς
1677 782 1794 817 ἀνόμους
1807 783 1863 809 ἀπὸ

236 832 277 854 ιυι·
292 836 306 854 a
319 828 437 863 regione,
453 835 533 861 quam
550 834 564 853 a
578 835 619 854 ine
631 832 770 862 acceptam
785 835 840 854 non
858 828 918 855 sine
929 828 1017 855 multis

1073 827 1220 862 προσώπου
1242 827 1292 862 τῆς
1305 827 1366 862 γῆς,
1381 827 1454 860 λέγει
1469 826 1581 862 Κύριος.
1607 837 1615 853 ι
1635 828 1666 853 Ol
1685 828 1737 862 γὰρ
1750 827 1862 861 ἀσεϐείᾳ

236 873 386 900 sceleribus
401 873 564 900 retinebant.

1071 874 1117 899 καὶ
1131 872 1230 910 ἀνομίᾳ
1246 872 1390 904 συζῶντες,
1406 873 1445 906 (p.
1459 872 1522 906 583)
1540 873 1580 903 είς
1596 872 1714 907 παντελῆ
1727 873 1861 906 καταντή-

237 925 328 943 σουσιν
342 916 499 948 ἀσθένειαν,
516 917 567 944 ὖπὺ
583 918 615 952 τῇ
633 917 686 943 τῶν
701 918 836 953 πολεμίων
851 918 1025 949 πεπτωκότες
1044 919 1132 953 χειρί·
1150 919 1174 944 οι
1197 918 1284 944 λοιποί
1299 926 1328 944 τε
1345 918 1516 954 αἰχμαλωσίᾳ
1534 918 1691 954 ληφθέντες,
1710 919 1861 954 ἀφαιρεθή-

237 971 327 990 σονται
343 963 392 998 τῆς
411 963 473 997 γῆς,
487 964 520 998 ἣν
533 965 598 998 παρ’
613 964 680 998 ἐμοῦ
691 964 819 996 λαϐόντες
837 965 905 999 μετὰ
920 964 1021 1000 πολλῆς
1032 966 1157 1000 κατεῖχον
1170 965 1221 1000 τῆς
1235 965 1420 1000 παρανομίας.

272 1007 355 1035 Vens.
368 1008 428 1035 4-6.
439 1023 475 1028 -
484 1009 586 1036 Deinde
596 1009 629 1036 de
640 1010 740 1044 quibus
756 1011 813 1038 huic
824 1011 909 1043 dicat,
919 1011 1021 1038 clarius

235 1054 395 1087 explanans,
410 1063 419 1079 ι
432 1053 590 1086 Extendam,
602 1054 699 1090 inquit,
713 1063 822 1082 manum
837 1064 922 1084 meam
940 1065 1022 1092 super

235 1097 343 1128 Jmlam.
358 1104 383 1125 et
400 1107 482 1133 super
496 1107 591 1127 omnes
606 1099 776 1128 Hierusalem
794 1102 926 1130 incolas.»
943 1102 1021 1130 Post-

235 1151 315 1176 quam
334 1143 367 1170 de
383 1144 455 1171 tribu
473 1149 500 1171 et
514 1147 581 1172 urbe
605 1150 748 1180 capturum
774 1155 804 1174 se
828 1155 923 1182 poenas
940 1148 1017 1180 dixit,

235 1189 391 1215 necessario
407 1193 489 1216 tantze
516 1190 761 1219 animadversionis
789 1199 887 1220 causas
904 1195 1018 1220 recitat:

237 1243 246 1258 ι
261 1233 292 1260 Et
304 1234 425 1261 auferam
435 1236 468 1261 de
479 1235 540 1262 loco
556 1235 610 1262 isto
625 1238 735 1264 nomina
747 1237 861 1270 Baalim,
872 1242 898 1265 et
909 1238 1020 1265 nomina

234 1278 410 1306 delubrorum
421 1286 484 1306 cum
500 1281 700 1311 sacerdotibus.
713 1286 740 1309 et
751 1282 798 1317 qui
810 1282 924 1309 adorant
939 1290 1020 1317 super

235 1326 305 1349 tecta
320 1325 470 1351 exercitum
483 1325 557 1356 coeli,
582 1330 609 1352 et
630 1328 676 1360 qui
690 1327 785 1361 juraut
800 1334 848 1361 per
862 1326 1018 1358 Dominum,

234 1371 262 1393 cl
275 1367 320 1401 qui
340 1367 435 1402 jurant
453 1376 499 1403 per
524 1369 716 1404 Melchomum,
744 1375 771 1398 et
785 1371 831 1406 qui
851 1372 989 1399 declinant
1005 1380 1019 1399 a

234 1411 360 1445 Domino,
378 1417 406 1440 et
422 1414 468 1448 qui
485 1413 628 1442 Dominum
643 1424 697 1442 non
711 1422 846 1450 quaerunt,
863 1422 889 1444 et
902 1418 949 1452 qui
964 1425 1019 1444 non

236 1457 354 1484 retinent
369 1457 524 1486 Dominum.
536 1469 546 1485 ι
572 1460 686 1494 Ejiciam
701 1462 812 1488 omnino
827 1463 861 1489 de
883 1463 942 1489 loco
957 1463 1018 1495 hoc,

235 1502 333 1535 partim
354 1503 420 1530 caedi
432 1504 552 1538 tradens,
563 1506 661 1539 partim
673 1507 823 1541 captivitati
835 1517 842 1541 ;
855 1508 925 1535 idola
938 1508 1018 1535 simul

234 1548 326 1574 omnia
339 1549 493 1581 destructis.
510 1554 537 1577 et
552 1551 661 1578 illorum
678 1552 825 1586 culturam,
844 1561 906 1580 cum
925 1554 958 1581 iis
972 1555 1018 1589 qui

234 1592 391 1621 sacerdotes
414 1595 572 1622 eorumdem
589 1597 767 1632 videbantur;
795 1603 932 1633 postremo
957 1600 1018 1627 illos

1107 1012 1180 1046 Στίχ.
1187 1011 1262 1043 δ⁴-ς’.
1271 1028 1304 1032 -
1312 1010 1379 1038 Εἶτα
1394 1012 1441 1038 καὶ
1452 1012 1515 1046 περὶ
1523 1011 1602 1038 τίνων
1612 1011 1684 1046 λέγει
1695 1012 1858 1048 σαφέστερον

1072 1055 1167 1087 ποιῶν,
1198 1065 1207 1081 ι
1225 1056 1280 1082 Καὶ
1301 1056 1402 1082 ἐκτενῶ
1428 1056 1477 1092 τὴν
1497 1057 1575 1092 χεῖρά
1605 1066 1654 1092 μου
1681 1058 1726 1084 ἐπὶ
1753 1058 1854 1084 Ἰούδαν

1071 1101 1118 1127 καὶ
1134 1100 1180 1127 ἐπὶ
1204 1101 1307 1132 πάντας
1328 1101 1391 1132 τοὺς
1423 1101 1616 1133 κατοικοῦντας
1644 1102 1828 1138 Ἰερουσαλήμ.
1846 1112 1856 1129 ι

1071 1147 1149 1173 Κατὰ
1175 1155 1205 1173 τε
1234 1147 1283 1182 τῆς
1312 1147 1414 1182 φυλῆς,
1448 1147 1519 1174 κατά
1549 1156 1576 1173 τε
1606 1148 1655 1182 τῆς
1682 1149 1783 1180 πόλεως
1814 1150 1860 1175 ὲπ-

1072 1192 1147 1224 άξειν
1160 1192 1278 1228 εἰρηκὼς
1291 1192 1340 1228 τὴν
1356 1192 1499 1227 τιμωρίαν,
1519 1193 1673 1226 ἀναγκαίως
1692 1193 1720 1219 δὲ
1741 1193 1788 1220 καὶ
1809 1194 1859 1225 τὰς

1070 1237 1120 1272 τῆς
1141 1237 1273 1273 τοσαύτης
1293 1238 1426 1273 τιμωρίας
1441 1237 1528 1271 λέγων
1545 1238 1643 1270 αἰτίας·
1669 1248 1679 1264 ι
1701 1239 1755 1265 Καὶ
1769 1239 1860 1274 ὲξαρῶ

1071 1284 1103 1308 ὲκ
1119 1281 1165 1308 τοῦ
1181 1282 1263 1309 τόπου
1279 1283 1313 1309 τὰ
1329 1283 1447 1317 ὀνόματα
1463 1283 1517 1309 τῶν
1541 1283 1656 1318 Βααλὶμ,
1679 1283 1725 1310 καὶ
1749 1284 1782 1310 τὰ
1799 1284 1858 1310 ὀνό-

1073 1337 1144 1363 ματα
1157 1327 1191 1354 τὰ
1206 1327 1261 1354 τῶν
1273 1327 1352 1363 ιερῶν
1367 1327 1434 1363 μετὰ
1451 1328 1505 1355 τῶν
1521 1328 1624 1364 ἱερέων,
1639 1328 1760 1359 καὶτοὺς
1774 1336 1856 1364 atpos-

1071 1372 1216 1403 κυνοῦντας
1226 1373 1271 1398 ἐπὶ
1283 1372 1316 1399 τὰ
1326 1372 1436 1405 δώματα
1448 1374 1481 1407 τῇ
1496 1374 1608 1408 στρατιᾷ
1621 1371 1665 1399 τοῦ
1678 1373 1800 1408 ούρανοῦ,
1811 1374 1858 1399 καὶ

1069 1417 1133 1447 τοὺς
1146 1415 1293 1450 ὀμνύοντας
1306 1416 1376 1442 κατὰ
1392 1416 1438 1442 τοῦ
1454 1417 1555 1452 Κυρίου
1567 1436 1574 1448 ,
1590 1417 1637 1443 καὶ
1662 1418 1724 1448 τοὺς
1744 1417 1856 1452 ὀμνύον-

1070 1470 1118 1492 τας
1141 1461 1210 1487 κατὰ
1230 1460 1277 1488 τοῦ
1299 1461 1425 1496 Μελχδμ,
1450 1463 1496 1488 καὶ
1518 1462 1582 1493 τοὺς
1609 1462 1778 1494 ὲκκλίνοντας
1802 1463 1857 1489 ἀπὸ

1069 1504 1116 1530 τοῦ
1142 1504 1261 1539 Κυρίου,
1285 1505 1331 1531 καὶ
1354 1506 1416 1536 τοὺς
1444 1505 1481 1540 μὴ
1506 1505 1654 1540 ζητοῦντας
1683 1506 1728 1532 τὸν
1745 1507 1855 1542 Κύριον,

1070 1550 1116 1576 καὶ
1130 1550 1191 1581 τοὺς
1208 1549 1244 1584 μὴ
1258 1550 1453 1585 ἀντεχομένους
1467 1550 1512 1577 τοῦ
1525 1551 1636 1587 Κυρίου.
1655 1561 1664 1578 ›
1687 1552 1790 1586 Ἀφελῶ
1802 1553 1856 1587 γὰρ

1070 1594 1207 1626 παντελῶς
1219 1594 1264 1621 τοῦ
1280 1595 1360 1621 τόπου
1371 1595 1476 1627 τούτου,
1488 1597 1550 1628 τοὺς
1565 1597 1614 1632 μὲν
1628 1598 1660 1632 τῇ
1678 1599 1778 1633 σφαγῇ,
1794 1597 1856 1630 τοὺς

233 1638 279 1672 qui
295 1645 376 1673 super
393 1643 464 1666 tecta
491 1640 674 1670 luminaribus
694 1643 755 1670 cceli
770 1645 873 1671 cultum
890 1645 1017 1673 exhibere

1070 1640 1097 1665 δὲ
1109 1641 1141 1674 τῇ
1159 1640 1338 1676 αἰχμαλωσίᾳ,
1352 1641 1537 1675 συναφανίζων
1549 1643 1640 1674 αὐτοῖς
1657 1643 1701 1669 καὶ
1714 1643 1748 1669 τὰ
1758 1643 1854 1669 εἴδωλα

233 1683 392 1711 studebant.
406 1684 458 1712 Sed
472 1685 574 1719 justam
587 1688 709 1722 apprime
721 1689 737 1714 ii
751 1689 887 1723 patientur
898 1698 1016 1725 pcenam,

233 1726 280 1760 qui
303 1727 378 1754 circa
404 1730 533 1763 templum
563 1738 652 1757 meum
674 1737 826 1764 versantes,
846 1742 900 1760 non
919 1735 1018 1762 erube-

232 1776 314 1799 scunt
328 1772 462 1800 idolorum
475 1775 560 1802 cultui
576 1784 688 1804 vacare:
706 1778 752 1804 sed
766 1779 848 1806 modo
863 1779 943 1814 252
958 1780 1018 1815 qui-

232 1817 305 1848 dem,
334 1818 426 1846 cultus
446 1820 497 1847 mci
511 1828 540 1848 se
554 1829 689 1849 memores
709 1824 895 1856 ostendentes,
912 1833 960 1860 per
976 1834 1018 1853 me

229 1861 340 1894 jurant;
361 1863 442 1891 modo
458 1869 548 1891 autem
565 1873 612 1900 per
631 1866 703 1894 idola
718 1875 827 1903 quoque
839 1869 949 1903 juraut:
977 1874 1018 1897 ct-

1068 1685 1166 1716 πάντα,
1182 1686 1232 1720 τήν
1248 1694 1277 1711 τε
1298 1686 1341 1711 ἐπ’
1363 1686 1454 1718 αὐτοῖς
1473 1687 1632 1722 θεραπείαν,
1653 1687 1722 1722 μετὰ
1738 1688 1791 1715 τῶν
1816 1690 1855 1714 ίε-

1069 1730 1191 1765 ρατεύειν
1208 1731 1300 1762 αὐτοῖς
1316 1731 1474 1764 δοκούντων,
1489 1733 1557 1768 πρὸς
1572 1733 1657 1759 ἅπασί
1674 1742 1702 1760 τε
1729 1735 1792 1765 τοὺς
1807 1734 1854 1760 ἐπὶ

1066 1776 1120 1802 τῶν
1130 1776 1261 1810 δωμάτων
1272 1777 1335 1808 τοὺς
1346 1777 1405 1803 κατ’
1416 1777 1528 1812 οὐρανὸν
1539 1779 1683 1814 φωστῆρας
1693 1779 1853 1814 θεραπεύειν

1068 1821 1274 1853 ἐσπουδακότας
1290 1822 1395 1849 δικαίαν
1414 1824 1468 1859 γὰρ
1490 1824 1522 1860 δὴ
1540 1824 1654 1860 μάλιστα
1675 1823 1746 1851 οὗτοι
1765 1825 1854 1858 δέξον-

1069 1875 1114 1893 ται
1133 1866 1182 1902 τὴν
1206 1867 1348 1903 τιμωρίαν,
1369 1869 1394 1895 οἳ
1419 1869 1482 1904 περὶ
1497 1870 1542 1896 τὸν
1562 1871 1625 1896 ναὸν
1648 1870 1783 1902 οἰκοῦντες
1807 1871 1853 1899 τὸν

231 1907 304 1933 cnim
317 1907 495 1935 Melchomum
510 1909 611 1936 idolqu
628 1912 761 1945 nominat,
772 1917 800 1939 ut
813 1921 844 1940 ex
858 1922 921 1946 uno,
937 1919 1017 1949 prout

1070 1912 1136 1947 ὲμὸν
1158 1912 1207 1939 οὐκ
1226 1913 1396 1948 αἰσχύνονται
1418 1915 1482 1949 περὶ
1505 1915 1554 1950 τὴν
1574 1915 1753 1942 τῶνεῐδώλων
1770 1917 1852 1951 ἀσχο-

231 1951 310 1984 solet,
330 1956 428 1979 cuncta
445 1953 555 1982 denotet
572 1955 654 1983 idola.

1070 1956 1195 1991 λούμενοι
1208 1956 1369 1992 θεραπείαν⁶
1383 1958 1420 1992 (p.
1431 1958 1492 1993 584)
1506 1958 1572 1985 ἀλλά
1586 1959 1650 1986 ποτὲ
1664 1960 1712 1995 μὲν
1722 1960 1771 1995 τῆς
1783 1961 1852 1996 ἐμῆς

230 1996 410 2043 ἐνδείκνυνται
442 1998 589 2034 θεραπείας
616 2003 767 2037 φροντίζειν
792 2005 831 2031 ὅτ’
856 2005 889 2032 ἂν
919 2006 1010 2038 αὐτοῖς
1033 2006 1142 2042 ὀμνύειν
1162 2008 1222 2034 κατ’
1244 2007 1310 2042 ἐμοῦ
1334 2007 1416 2043 δοκῇ,
1440 2010 1505 2036 ποτὲ
1521 2009 1548 2036 δὲ
1567 2010 1637 2037 κατὰ
1657 2011 1711 2037 τῶν
1735 2011 1851 2038 εἰδώλων

230 2042 368 2077 ὀμνύουσι·
384 2043 494 2079 Ιιίελχὸμ
509 2046 563 2080 γὰρ
576 2047 606 2072 τὸ
620 2047 726 2075 εἴδωλον
736 2049 810 2083 λέγει
820 2059 826 2065 ·
843 2051 875 2076 ἵν’
888 2051 934 2085 ἀφ’
945 2052 1015 2083 ἑνὸς,
1033 2052 1124 2083 καθὼς
1143 2052 1247 2085 εἴωθεν,
1269 2053 1375 2080 ἅπαντα
1391 2054 1455 2090 εἴπῃ
1468 2055 1502 2082 τὰ
1519 2055 1622 2084 εἴδωλα.

265 2088 363 2116 Multas
381 2090 489 2116 memini
506 2099 548 2118 me
564 2095 771 2126 praetermittere
790 2095 897 2124 fabulas
920 2104 1015 2124 eorum

1106 2098 1185 2124 Ἀλλά
1195 2098 1249 2132 γὰρ
1266 2099 1365 2131 πολλὰς
1379 2099 1428 2134 μὲν
1441 2088 1500 2127 οἴδα
1512 2101 1673 2136 μυθολογίας
1688 2104 1785 2139 παρεῖς
1796 2104 1849 2131 τῶν

230 2134 276 2168 qui
295 2134 328 2161 ad
353 2133 493 2169 Syriacam
517 2136 769 2171 interpretationem
791 2141 952 2175 respiciunt,
982 2149 1016 2169 ne

1070 2143 1132 2178 πρὸς
1145 2144 1207 2174 τοὺς
1228 2144 1329 2179 Σύρους
1353 2133 1518 2181 κεχηνότων,
1541 2146 1579 2178 ὡς
1594 2133 1626 2173 ἂν
1651 2133 1687 2183 μὴ
1712 2133 1849 2184 φλυαριῶν

231 2177 340 2213 ineptiis
354 2178 461 2205 viderer
475 2178 594 2205 divinam
610 2181 722 2215 implere
735 2181 916 2217 Scripturam.
937 2184 1015 2212 Nunc

1070 2177 1168 2222 ῖοκοίην
1184 2177 1343 2224 ἐμπιμπλᾷν
1432 2189 1507 2216 θείαν
1526 2177 1695 2226 Γραφήνίὲν
1717 2177 1805 2229 καιρίῇ
1820 2194 1848 2220 δὲ

231 2231 298 2251 vero
313 2227 467 2257 opportune
489 2225 618 2252 existimo
632 2227 671 2253 rei
693 2227 773 2262 hujus
790 2228 880 2257 facere
900 2231 1014 2257 mentio-

1070 2231 1109 2259 ιῦν
1123 2233 1233 2268 ἐνόμισα
1242 2233 1285 2260 διὰ
1299 2233 1393 2260 τούτου
1411 2225 1571 2270 ποιήσασθαι
1590 2225 1708 2273 μνήμην,
1720 2225 1848 2273 εἰς’ἐλεγ-

230 2277 304 2300 nem,
322 2269 357 2296 ob
371 2270 575 2304 eoarguendum
591 2277 647 2298 tum
666 2272 690 2299 id
711 2274 783 2308 quod
800 2275 833 2301 ab
859 2275 926 2310 ipsis
940 2283 1013 2303 nunc

1070 2286 1110 2312 ιον
1125 2278 1179 2304 εἴτε
1201 2278 1248 2304 τοῦ
1278 2278 1324 2304 νῦν
1336 2279 1365 2305 οὺ
1381 2279 1492 2311 δεόντως
1513 2281 1576 2317 παρ’
1593 2282 1681 2308 αὐτῶν
1692 2283 1846 2318 λεγομένου,

231 2315 380 2349 incongrue
403 2315 514 2346 dicitur,
544 2320 600 2343 tum
622 2318 702 2344 etiam
724 2323 821 2346 caetera
844 2320 1011 2355 hujusmodi,

230 2367 290 2394 qua:
304 2359 338 2386 ab
360 2359 456 2387 iisdem
473 2360 557 2394 dicta,
583 2369 633 2397 ego
646 2367 736 2389 tamen
749 2364 785 2391 ob
800 2372 859 2392 eam
875 2374 956 2400 quam
972 2375 1016 2394 re-

229 2404 278 2431 tuli
295 2411 406 2432 causam
431 2406 603 2438 praetermisi.
629 2407 728 2434 Dicunt
745 2408 828 2443 igitur
850 2411 1014 2439 vocabulum

230 2447 409 2476 Melchomum
426 2449 478 2476 hoc
500 2449 560 2477 loco
574 2459 662 2486 regem
686 2453 854 2487 signiﬁcare;
873 2456 935 2490 quia
951 2456 1015 2484 Mel-

228 2493 308 2519 chom
330 2500 377 2520 rex
400 2493 501 2520 dicitur
525 2495 552 2521 in
577 2494 707 2530 Syrorum
731 2503 811 2532 atque
836 2498 1010 2529 Hebraeorum

228 2537 337 2571 lingua;
364 2538 410 2565 sed
435 2539 596 2574 interpretes
610 2548 704 2569 errore
720 2542 856 2578 deceptos.
883 2553 931 2580 pro
949 2554 1011 2582 rege

228 2582 407 2608 Melchomum
431 2583 544 2616 dixisse,
568 2586 640 2619 quod
655 2592 696 2613 est
711 2587 820 2614 idolum.
848 2589 928 2625 Atqui
945 2591 1010 2618 illud

229 2627 366 2661 imprimis
398 2630 541 2662 oportebat
564 2631 757 2664 considerare,
786 2634 906 2662 divinam
937 2636 1012 2664 Scri-

227 2676 334 2707 pturam
351 2671 484 2700 Hebraico
500 2682 626 2703 sermone
638 2676 722 2704 fuisse
735 2678 879 2713 dictatam,
907 2682 941 2708 ad
959 2682 1011 2717 Sy-

228 2725 321 2744 rorum
338 2721 428 2744 autem
447 2726 526 2745 usum
545 2720 704 2748 translatam
722 2722 807 2750 fuisse
826 2725 876 2752 abs
891 2726 1013 2760 quolibet

228 2762 338 2790 homine
355 2764 456 2797 (neque
470 2764 541 2790 enim
559 2764 592 2791 ad
612 2766 686 2793 hunc
703 2775 789 2802 usque
804 2769 874 2797 diem
890 2771 952 2805 quis
968 2772 1013 2800 ille

224 2809 307 2836 tuerit
327 2809 457 2837 rescitum
473 2810 535 2846 est).
563 2810 592 2838 In
609 2811 765 2840 Graecorum
783 2819 874 2843 autem
891 2817 1012 2852 linguam

1065 2323 1120 2349 εἴτε
1146 2323 1192 2349 καὶ
1208 2323 1261 2349 τῶν
1280 2323 1389 2355 λοιπῶν,
1404 2324 1422 2351 ἃ
1437 2325 1568 2359 λεγόντων
1585 2327 1672 2353 αὐτῶν
1687 2328 1798 2363 παρῆκα
1814 2329 1846 2355 δι’

1065 2369 1097 2403 ἣν
1120 2368 1188 2403 ἔφην
1203 2368 1302 2395 αἰτίαν.
1321 2369 1437 2402 Λέγουσι
1460 2371 1514 2406 γὰρ
1532 2372 1572 2398 ὃτι
1596 2373 1708 2408 Μελχὺμ
1734 2374 1848 2402 ἐνταῦθα

1063 2413 1108 2439 τὸν
1128 2413 1237 2448 βασιλέα
1254 2413 1375 2449 βούλεται
1392 2416 1487 2442 εἰπεῖν·
1512 2417 1624 2453 Μελχὸμ
1637 2419 1690 2454 γὰρ
1705 2419 1752 2446 τοῦ
1772 2420 1848 2454 βασι-

1063 2458 1131 2490 λέως
1141 2458 1287 2494 λεγομένου
1298 2460 1368 2486 κατὰ
1382 2461 1431 2495 τὴν
1445 2461 1538 2496 Σύρων
1555 2464 1601 2489 καὶ
1622 2464 1755 2499 Ἐϐραίων
1766 2466 1848 2499 γλῶτ-

1064 2511 1123 2536 ταν,
1142 2504 1324 2539 πλανηθέντας
1340 2505 1402 2536 τοὺς
1419 2507 1647 2541 ἑρμηνεύσαντας,
1662 2510 1722 2536 ἀντὶ
1739 2511 1785 2537 τοῦ
1802 2512 1848 2546 βα-

1065 2549 1170 2581 σιλέως,
1187 2550 1299 2585 Μελχὺμ
1317 2551 1413 2583 εἰπεῖν,
1435 2552 1502 2588 ὅπερ
1516 2554 1590 2580 ἐστὶν
1611 2554 1642 2581 τὸ
1655 2556 1771 2583 εἴδωλον.
1796 2558 1848 2590 Οὓς

1064 2594 1146 2629 ἐχρῆν
1162 2594 1214 2629 πρὸ
1229 2595 1336 2622 πάντων
1349 2597 1435 2624 ἐκεῖνο
1451 2598 1576 2632 συνιδεῖν,
1597 2600 1637 2626 ὅτι
1653 2601 1723 2628 κατὰ
1739 2602 1788 2637 μὲν
1801 2603 1848 2637 τὴν

1070 2639 1202 2674 Ἑϐραίων
1226 2640 1348 2674 γλῶτταν
1364 2642 1469 2677 εἴρηται
1489 2643 1524 2669 τὰ
1544 2644 1595 2680 τῆς
1618 2644 1692 2677 θείας
1716 2646 1828 2682 Γραφῆς
1842 2667 1850 2679 ,

1065 2684 1233 2718 ἡρμήνευται
1253 2685 1281 2711 δὲ
1301 2686 1386 2712 ταῦτα
1407 2689 1445 2719 είς
1465 2688 1515 2722 μὲν
1528 2689 1575 2724 τὴν
1591 2690 1683 2726 Σύρων
1704 2693 1771 2727 παρ’
1788 2693 1847 2718 ὂτου

1061 2729 1253 2772 δήποτεᾼ(οὺδὲ
1266 2730 1320 2766 γὰρ
1331 2731 1465 2765 ἔγνωσται
1481 2734 1562 2769 μέχρι
1581 2735 1630 2769 τῆς
1642 2736 1760 2772 τήμερον
1774 2737 1848 2769 ὅστις

1063 2773 1127 2799 ποτὲ
1142 2769 1220 2805 οὗτός
1232 2774 1333 2810 ὲστιν)·
1347 2778 1386 2808 είς
1400 2777 1427 2803 δὲ
1442 2777 1491 2813 τὴν
1513 2778 1646 2813 Ἐλλήνων
1663 2769 1847 2816 ἐϐδομήκοντα

1062 2819 1272 2855 μετενηνόχασιν
1285 2820 1379 2857 ἄνδρες
1396 2824 1573 2860 πρεσῦύτεροι
1586 2825 1632 2852 τοῦ
1645 2825 1720 2860 λαοῦ,
1733 2828 1844 2864 ἐπιστή-
