1969 3069
142 160 195 188 ⁸53

627 158 899 187 COMMENTARIUS
917 157 948 185 [Ν
971 157 1152 186 SOPHONIE
1171 156 1246 184 CAP.
1267 157 1287 183 l.

1719 157 1771 182 45-1

143 225 223 252 μονες
239 217 288 251 μὲν
301 215 421 251 ἀκριϐῶς
435 215 484 250 τῆς
497 215 619 250 γλώττης
632 216 683 251 τῆς
693 217 805 248 οἰκείας,
820 217 930 251 ἐπιστή-

990 216 1155 250 ;eptuaginta
1171 215 1221 241 viri
1237 218 1442 247 converterunt,
1459 215 1581 243 seniores
1601 215 1635 243 de
1655 217 1768 250 populo.

143 269 222 296 μονες
237 261 265 287 δὲ
282 261 330 286 καὶ
342 260 397 287 τῶν
411 261 489 287 θείων
505 260 631 295 Γραφῶν,
654 261 707 287 ὑπό
721 270 751 287 τε
771 261 817 287 τοῦ
839 262 932 296 ἱερέως

142 307 190 331 καὶ
212 306 312 336 παντὸς
330 306 377 332 τοῦ
408 305 605 341 Ίσραηλιτικοῦ
623 306 687 332 λαοῦ
706 306 931 341 δοκιμασθέντες.

143 353 180 385 (p.
195 351 258 385 3:55)
278 352 316 382 ὡς
334 351 367 378 ἂν
380 351 488 378 πάντων
511 351 628 386 μάλιστα
645 351 713 386 πρὸς
724 351 773 386 τὴν
786 352 932 387 ἑρμηνείαν

143 397 227 428 ἄξιοι·
247 394 284 422 ὧν
306 398 355 431 τήν
373 405 403 422 τε
422 397 569 432 ἑρμηνείαν
592 397 639 422 καὶ
654 396 703 431 τὴν
718 396 822 423 ἔκδοσιν
845 397 893 423 καὶ
909 397 932 422 ot

145 443 275 477 μακάριοι
296 442 438 468 ἁπῦστολοι
460 442 600 476 δεξάμενοι
622 441 762 475 φαίνονται
780 441 930 476 προδήλως,

144 488 169 514 οἳ
185 488 232 514 καὶ
247 489 302 518 τοῖς
316 488 369 514 ἀπὸ
381 486 463 513 ἐθνῶν
479 486 687 513 πεπιστευκόσιν
703 486 757 512 οὐδ’
769 486 836 516 ὅλως
849 494 934 521 προσ-

144 532 236 566 έχουσι
255 532 388 567 πρότερον
409 533 464 562 τοῖς
477 532 527 565 τῆς
542 531 662 562 Παλαιᾶς
687 531 839 566 Διαθήκης,
862 539 933 564 παρ-

146 577 250 604 έδωκαν
265 577 316 608 τὰς
327 577 401 607 Θείας
415 577 524 612 Γραφὰς
538 577 583 602 ἐπὶ
599 577 647 610 τῆς
664 576 796 611 Ἑλλήνων
807 576 934 611 κειμένας

145 621 269 656 γλώττης
280 622 350 648 κατὰ
361 622 408 656 τὴν
420 622 473 647 τῶν
481 621 680 656 Ἐὸδομήκοντα
701 622 857 657 ἑρμηνείαν·
870 621 934 657 παρ’

146 662 184 692 ὦν
198 665 227 692 δὲ
242 666 290 692 καὶ
312 665 516 700 παραλαϐόντες
533 665 618 697 αὑτὰς
630 665 676 692 νῦν
699 666 795 700 ἔχομεν
819 666 935 697 ἅπαντες

147 711 170 736 οί
186 710 216 742 ἐξ
229 710 314 737 ἐθνῶν
326 710 365 744 τῷ
374 711 495 744 Δεσπὸτῃ
508 711 717 742 πεπιστευκότες
729 711 848 746 Χριστῷ,
864 710 892 737 έν
906 720 936 737 τε

146 756 207 787 ταῖς
217 755 376 790 ἐκκλησίαις
382 754 612 788 ἀναγινώσκοντες
619 756 665 782 καὶ
674 753 810 782 κατόἷκον
818 756 934 790 ἔχοντες.

147 801 210 832 Πῶς
223 798 270 827 οὖν
285 801 333 826 οὐκ
342 801 453 835 ἀνόητον
461 800 581 835 νομίζειν
590 801 661 826 amt
676 801 723 835 μὲν
737 801 936 835 Ἐὅδομήκοντα

148 848 196 873 καὶ
209 847 332 873 τοσοῦτοι
352 848 399 873 καὶ
420 847 535 873 τοιοῦτοι
552 847 599 873 καὶ
619 847 689 873 οὕτω
713 847 936 882 δεδοκιμασμένοι

147 893 335 927 διεσφάλλοντο
349 893 411 928 περὶ
425 893 507 924 λέξιν,
521 893 545 918 οἶ
561 893 607 919 καὶ
617 893 670 928 πρὸ
685 893 775 928 πάσης
789 876 936 928 ἑρμηνείας
954 876 974 903 Β

148 937 246 971 ᾔδεσαν
259 937 368 968 πάντως
382 937 411 963 τὸ
425 938 453 963 ὲν
469 939 501 972 τῇ
517 937 576 972 Θείᾳ.
589 937 714 972 κείμενον
723 938 828 973 Γραφῇ,
838 938 884 964 καὶ
896 938 934 964 εῐ-

148 992 178 1008 τε
192 982 302 1017 βασιλέα
316 983 400 1016 λέγει,
422 983 477 1009 εἴτε
496 983 619 1015 είδωλον;
656 983 885 1018 Ἀξιοπιπότερον
908 983 936 1010 δὲ

150 1027 277 1053 ἁπάντων
307 1027 418 1053 ἐκείνων
445 1027 609 1061 ὑπειλῆφθαι
639 1028 775 1062 προσῆκεν
803 1027 851 1054 ἕνα
876 1027 937 1054 τινὰ

150 1073 242 1107 ἀφανῆ
263 1073 302 1104 εἰς
326 1073 375 1108 τὴν
396 1073 489 1108 Σύρων
512 1073 635 1106 γλῶτταν
660 1073 881 1108 μεταδεδληκότα
904 1073 937 1100 τὰ

156 1117 301 1152 Ἐϐραίων,
317 1118 354 1149 ὥς
367 1118 400 1151 γέ
415 1125 491 1152 φασι⁶
510 1118 578 1152 πρὸς
591 1117 630 1152 τῷ
642 1118 750 1144 κακεῖνο
761 1118 841 1152 δῆλον
857 1116 936 1149 εἶναι,

151 1163 192 1189 δτι
205 1163 254 1197 τῆς
265 1163 319 1189 τῶν
331 1163 448 1190 εἰδώλων
467 1163 559 1190 ἕνεκεν
572 1163 718 1198 θεραπείας
734 1164 831 1195 αὐτοὺς
845 1165 858 1190 ό
872 1164 937 1195 Θεὸς

152 1209 270 1234 αἰτιᾶται
286 1210 314 1234 ὲν
340 1208 445 1239 τούτοις
466 1208 509 1234 διὰ
525 1207 573 1234 τοῦ
598 1209 747 1243 προφήτου·
771 1209 817 1235 καὶ
844 1208 937 1244 ἐπειδὴ

152 1254 216 1288 περὶ
229 1253 273 1280 τὸν
291 1253 354 1281 ναὸν
369 1254 413 1280 τὸν
429 1253 499 1280 θεῖον
513 1253 587 1285 ὅντες
601 1253 712 1280 τοιαῦτα
734 1253 936 1288 διεπράττοντο,

151 1299 230 1326 τοῦτο
244 1300 333 1330 αὐτοῖς
348 1300 543 1334 ἐπιμέμφεται,
561 1300 601 1326 ὅτι
620 1299 667 1326 atati.
679 1299 724 1326 τὸν
736 1299 782 1326 τοῦ
795 1299 860 1326 ναοῦ
873 1299 938 1326 Θεὸν

153 1343 312 1379 θεραπεύειν
327 1345 445 1377 ἐδόκουν,
460 1345 582 1371 τουτέστι
594 1345 639 1371 τὸν
648 1344 695 1370 τοῦ
712 1345 811 1376 παντὸς
826 1344 937 1380 Κύριον,

152 1390 200 1416 καὶ
218 1391 267 1425 τῆς
287 1390 342 1416 τῶν
359 1390 476 1417 εἰδώλων
493 1390 543 1416 οὐκ
558 1390 700 1425 ἀπείχοντο
715 1390 872 1425 Θεραπείας.
885 1390 938 1416 Τοῦ

152 1436 181 1462 δὲ
194 1435 301 1462 εἰδώλου
317 1435 413 1461 τούτου
430 1434 564 1470 μέμνηται
579 1435 625 1461 καὶ
638 1435 652 1461 ὁ
665 1435 798 1470 μακάριος
823 1435 912 1470 Ἀμὼς
925 1436 939 1461 ὀ

153 1481 295 1516 προφήτης
312 1480 349 1515 (p.
369 1480 430 1516 586)
443 1481 480 1512 ὡς
495 1481 547 1507 ὑπὸ
567 1481 739 1516 Ἀμμανιτῶν
754 1480 940 1515 Θεραπευομέ-

153 1535 211 1556 νου,
227 1526 314 1560 λέγων
327 1525 422 1557 οὕτως·
437 1526 492 1552 Καὶ
507 1525 650 1561 πορεύεται
667 1525 779 1560 Μελχὺμ
797 1526 826 1551 ὲν
838 1526 939 1560 αἰχμα-

153 1571 249 1607 λωσίᾳ,
267 1572 292 1598 οἰ
307 1572 389 1606 ἱερεῖς
402 1570 494 1602 αὑτοῦ,
507 1571 553 1597 καὶ
566 1571 591 1597 οἱ
605 1571 732 1606 ἄρχοντες
746 1571 836 1597 αὐτῶν
851 1571 897 1597 aut
910 1571 940 1596 τὸ

154 1617 230 1648 αὐτὸ,
246 1616 320 1650 λέγει
334 1615 374 1642 Κὺ
380 1625 444 1651 ριος·
461 1616 540 1643 τοῦτο
550 1615 635 1650 λέγων
647 1616 661 1642 ὃ
671 1616 716 1643 καὶ
728 1616 861 1650 πολλαχοῦ
878 1615 941 1650 φαί-

156 1670 229 1689 νεται
243 1661 286 1688 διὰ
298 1661 352 1687 τῶν
365 1660 510 1696 προφητῶν
519 1661 674 1696 εἰρημένον,
690 1661 730 1687 ὃτι
743 1662 760 1695 ὴ
773 1661 844 1687 κατὰ
855 1660 940 1696 ὀργὴν

155 1707 214 1733 οἷαν
238 1707 394 1741 ἐπαγομένη
418 1705 539 1741 τιμωρία
554 1707 610 1737 τοῖς
633 1705 792 1739 ἀλλοφύλοις
809 1706 871 1741 ἄχρι
886 1706 940 1733 τῶν

155 1751 272 1777 εἰδώλων
282 1751 328 1777 καὶ
338 1750 392 1776 τῶν
403 1751 596 1786 ίερατευόντων
606 1750 694 1781 αὐτοῖς
708 1750 864 1781 ἑξετείνετο.
880 1751 940 1777 "Ott

155 1797 183 1823 δὲ
205 1796 313 1822 ἃπασαν
330 1795 379 1830 τὴν
404 1796 467 1831 περὶ
488 1795 524 1822 τὰ
544 1795 640 1821 εἰδωλα
659 1795 806 1830 θεραπείαν
830 1796 861 1821 ἑκ
887 1796 941 1822 τῶν

156 1841 230 1875 παρὰ
242 1841 297 1871 τοῖς
311 1840 422 1873 Ἕλλησι
433 1839 659 1874 θρησκευομένων
670 1839 804 1874 δαιμόνων
814 1839 941 1866 εἵλκυσαν

155 1887 180 1912 οἰ
198 1885 376 1921 Ἰσραηλῖται,
401 1885 478 1919 δῆλον
494 1885 532 1916 ὡς
551 1885 566 1910 ὁ
596 1885 727 1919 μακάριος
753 1884 827 1918 λέγει
849 1885 940 1912 Δαυῖδ”

159 1939 169 1955 ι
186 1930 240 1956 Καὶ
250 1930 420 1964 ὲπεμίγησαν
433 1930 461 1955 ὲν
474 1931 529 1960 τοῖς
545 1928 642 1958 ἔθνεσι,
655 1929 701 1955 καὶ
715 1928 815 1964 ἔμαθον
827 1929 862 1955 τὰ
874 1929 941 1964 ἔργα

157 1975 255 2005 αὐτῶν,
267 1975 315 2002 καὶ
331 1975 489 2001 ἐδούλευσαν
499 1975 554 2005 τοίς
564 1974 692 2008 γλυπτοῖς
703 1974 800 2000 αὐτῶν
817 1983 825 2000 ι
836 1974 942 2006 δεικνὺς

156 2022 197 2047 ὅτι
211 2020 258 2055 τὴν
279 2020 390 2046 ἐκείνων
412 2019 569 2053 ἠσπάσαντο
589 2019 816 2055 εἰδωλολατρείαψ
839 2021 877 2053 ὡς
897 2021 942 2047 τὸν

157 2066 238 2092 αὐτὸν
256 2065 396 2100 φαίνεσθαι
411 2065 510 2099 τρόπον
534 2066 581 2091 καὶ⁴
597 2066 645 2100 τὴν
661 2066 724 2100 περί
746 2066 776 2092 τὸ
797 2067 915 2100 εἴδωλον,
930 2067 944 2092 ὃ

156 2111 268 2146 Μῖλχὺμ
281 2110 412 2141 ἐκαλεῖτο,
427 2109 570 2145 θεραπείαν
583 2110 681 2141 αὐτοὺς
695 2111 837 2137 ποιεῖσθαι.

987 261 1147 295 peritissimi
1160 261 1257 295 linguae
1269 261 1394 295 propriae,
1413 261 1490 295 periti
1504 262 1603 295 pariter
1613 261 1767 288 divinarqu

987 304 1202 339 Scripturarum,
1219 311 1234 331 a
1252 304 1379 338 pontiﬁce
1391 310 1545 339 cunctoque
1558 306 1660 340 populo
1681 305 1770 333 Israe-

986 351 1063 378 litico
1087 350 1203 384 probati,
1228 357 1277 377 ceu
1301 357 1355 384 pm-
1368 351 1473 377 caeteris
1493 351 1620 378 omnibus
1636 351 1770 386 interpre-

985 396 1069 423 tando
1085 395 1192 422 idonei:
1209 402 1324 430 quorum
1350 395 1601 429 interpretationem
1617 401 1699 430 atque
1712 397 1771 423 edi-

986 442 1087 469 tionem
1105 441 1199 469 beatos
1216 448 1324 476 quoque
1335 441 1474 475 apostolos
1490 446 1625 476 receptam
1643 443 1771 469 habuisse

987 490 1119 521 apparet;
1137 486 1272 520 quietiam
1291 485 1482 513 accedentibus
1490 486 1523 512 ad
1540 486 1616 512 [idem
1632 494 1664 514 ex
1682 488 1772 514 ethui-

985 532 1036 563 cis,
1052 535 1079 558 et
1098 530 1182 558 Vetus
1197 535 1276 558 antea
1291 531 1495 558 Testamentum
1512 539 1626 566 prorsus
1640 533 1770 566 ignorau-

985 577 1068 607 tibus.
1091 576 1198 603 divinas
1221 575 1396 603 tradiderunt
1417 576 1586 610 Scripturas,
1612 577 1770 604 Graecorum

986 622 1077 655 lingua
1093 629 1248 655 expressas.
1276 622 1427 649 secundum
1454 624 1627 657 septuaginta
1649 624 1770 651 virorum

987 667 1260 701 interpretationem:
1284 674 1298 693 a
1314 667 1413 701 quibus
1428 675 1475 695 eas
1489 673 1615 702 acceptas
1627 676 1699 696 nunc
1713 677 1771 696 om-

986 720 1034 739 nes
1050 717 1184 744 tencmus,
1199 713 1246 746 qui
1259 720 1290 739 ex
1307 713 1425 740 ethnicis
1439 713 1466 740 in
1483 713 1584 740 Christi
1599 718 1690 748 partes
1704 721 1770 741 con-

986 757 1140 790 cessimus;
1161 765 1263 793 easque
1278 762 1305 785 et
1328 759 1355 785 in
1374 758 1498 786 ecclesiis
1513 759 1638 793 legimus,
1656 765 1684 786 et
1698 760 1772 786 domi

988 802 1129 830 habemus.
1166 803 1266 836 Quidni
1291 811 1356 838 ergo
1383 803 1510 830 insanum
1538 804 1573 831 sit
1601 805 1770 836 existimare,

988 848 1160 882 septuaginta
1171 848 1245 875 viros
1258 848 1326 875 tales
1334 847 1414 882 253
1425 852 1570 882 tantosque
1580 848 1701 882 adeoque
1712 856 1773 882 pro-

988 893 1078 924 batos,
1095 900 1204 920 errasse
1219 893 1247 920 in
1262 893 1413 926 vocabulo;
1439 893 1486 928 qui
1502 897 1530 920 et
1544 897 1607 920 ante
1621 893 1772 928 quamlibet

991 938 1242 972 interpretationem
1257 938 1341 972 probe
1350 938 1474 966 sciebant
1482 938 1547 972 quid
1557 943 1630 966 esset
1641 939 1669 965 in
1679 938 1771 966 divina

990 983 1142 1018 Scriptura.
1163 988 1190 1011 et
1216 989 1307 1011 utrum
1326 991 1415 1019 regem
1431 991 1463 1011 ea
1477 984 1579 1011 diceret
1591 991 1625 1011 an
1650 985 1773 1012 idolum?

989 1029 1056 1055 Nam
1073 1029 1175 1063 majore
1191 1029 1242 1056 [ide
1255 1030 1378 1064 dignum,
1402 1037 1457 1063 prae
1477 1030 1584 1057 cazteris
1598 1030 1715 1062 cunctis,
1728 1030 1772 1064 ju-

989 1075 1082 1102 dicare
1093 1079 1243 1108 oporteret,
1264 1082 1347 1101 unum
1365 1074 1513 1108 quemlibet
1523 1074 1670 1101 obscurum
1685 1075 1773 1102 homi-

990 1128 1050 1148 nem
1065 1120 1111 1154 qui
1132 1120 1158 1146 in
1175 1120 1306 1154 Syrorum
1324 1120 1443 1154 linguam
1460 1120 1593 1146 convertit
1609 1119 1771 1146 llehraicum

990 1168 1106 1196 textum,
1136 1168 1164 1191 ut
1187 1165 1274 1191 aiunt.
1307 1163 1489 1198 Praeterquam
1512 1164 1584 1198 quod
1610 1164 1675 1190 illud
1691 1164 1772 1190 etiam

990 1215 1073 1246 patet,
1101 1218 1197 1244 nempe
1221 1209 1255 1237 de
1270 1209 1404 1236 idolorum
1426 1209 1500 1236 cultu
1526 1208 1609 1235 Deum
1636 1207 1774 1236 Israelita:

991 1255 1043 1282 hoc
1067 1255 1127 1282 loco
1151 1262 1282 1282 accusare
1303 1262 1351 1289 per
1372 1254 1543 1289 prophetam.
1562 1253 1594 1280 Et
1613 1255 1676 1289 quia
1700 1255 1773 1282 circa

990 1301 1113 1328 divinum
1141 1300 1269 1334 templum
1293 1299 1452 1330 incolentes.
1477 1299 1535 1326 ha-c
1559 1299 1693 1333 agebant,
1722 1300 1775 1326 hoc

992 1346 1047 1373 illis
1061 1345 1218 1380 exprobrat,
1249 1345 1320 1379 quod
1344 1352 1405 1371 cum
1424 1345 1515 1379 templi
1542 1344 1625 1372 Deum
1649 1345 1773 1372 venerari

991 1391 1161 1421 viderentur,
1187 1385 1213 1417 id
1237 1393 1279 1417 est
1303 1390 1421 1416 universi
1445 1390 1538 1416 mundi
1565 1390 1721 1420 Dominum.
1740 1391 1775 1418 ab

992 1436 1126 1463 idolorum
1147 1440 1238 1462 tamen
1259 1443 1313 1462 non
1334 1435 1508 1462 abstinebant
1525 1435 1666 1470 obsequio.
1689 1435 1775 1462 Porro

993 1481 1074 1516 hujus
1099 1481 1162 1508 idoli
1185 1481 1280 1508 beatus
1293 1487 1402 1515 quoque
1427 1480 1549 1506 meminit
1571 1481 1688 1508 Amosus
1711 1488 1775 1514 pro-

992 1526 1084 1560 pheta,
1102 1533 1151 1552 ceu
1170 1525 1204 1551 ab
1226 1525 1387 1551 Ammanitis
1401 1524 1516 1550 adorati.
1541 1523 1611 1551 Dicit
1632 1525 1723 1551 enim:
1741 1524 1774 1550 Et

991 1571 1065 1598 vadit
1080 1571 1212 1597 Melchom
1228 1571 1254 1596 in
1269 1571 1465 1604 captivitatem,
1478 1569 1591 1604 ejusque
1605 1569 1775 1600 sacerdotes.

990 1620 1017 1644 et
1034 1616 1173 1651 principes
1193 1615 1284 1650 populi
1307 1615 1400 1646 simul,
1423 1615 1490 1641 dicit
1505 1614 1645 1641 Dominus.
1665 1614 1720 1641 lloc
1734 1614 1776 1641 di-

991 1671 1068 1694 cens.
1081 1662 1154 1698 quod
1174 1669 1360 1696 saepenumero
1377 1660 1448 1695 apud
1462 1661 1608 1695 prophetas
1622 1661 1709 1695 legere
1723 1665 1774 1691 est.

990 1709 1063 1744 quod
1079 1715 1177 1743 nempe
1190 1707 1311 1741 qualibet
1335 1713 1368 1733 ex
1392 1705 1589 1740 indignatione.
1611 1706 1775 1740 imponenda

992 1754 1154 1789 alienigenis
1175 1760 1266 1788 paena.
1281 1759 1367 1786 usque
1379 1751 1413 1778 ad
1429 1751 1500 1778 idola
1516 1751 1670 1785 horumque
1685 1758 1776 1778 sacer-

991 1799 1072 1826 dotes
1090 1798 1226 1825 deveniet.
1245 1796 1322 1829 Quod
1342 1799 1433 1823 autem
1452 1803 1560 1822 omnem
1575 1795 1711 1822 idolorum
1729 1803 1774 1822 su-

991 1843 1193 1879 perstitionem,
1223 1849 1239 1868 a
1263 1841 1344 1868 cultis
1366 1839 1438 1874 apud
1459 1839 1583 1866 ethnicos
1605 1838 1775 1866 daemonibus

991 1889 1119 1917 Israelita:
1148 1887 1346 1916 contraxerint.
1378 1886 1548 1919 exploratum
1583 1888 1636 1916 est,
1667 1884 1776 1910 dicenle

992 1935 1071 1961 beato
1079 1933 1179 1959 Davide
1188 1932 1225 1957 "z
1247 1940 1256 1956 ι
1268 1930 1299 1956 Et
1310 1930 1445 1957 commisti
1461 1933 1525 1956 sunt
1543 1928 1612 1955 inter
1627 1931 1732 1962 gentes,
1748 1931 1775 1954 et

992 1979 1144 2006 didiCerunt
1158 1983 1240 2011 opera
1259 1982 1365 2005 eorum,
1389 1977 1416 2000 et
1429 1973 1583 2000 servierunt
1602 1971 1776 2005 sculptilibus

992 2031 1085 2051 eorum
1096 2021 1225 2056 ;:quibus
1234 2020 1326 2047 verbis
1335 2017 1690 2046 demonstratidololatriam
1698 2024 1774 2042 suam

993 2068 1132 2097 lsraelitas
1147 2067 1181 2094 ab
1195 2066 1312 2094 ethnicis
1325 2064 1517 2091 condidicisse.
1540 2062 1602 2089 Pari
1616 2070 1680 2097 ergo
1695 2062 1778 2089 modo

995 2119 1107 2151 apparet
1121 2121 1168 2141 eos
1180 2112 1254 2140 circa
1270 2111 1384 2141 idolum,
1399 2109 1472 2144 quod
1488 2107 1619 2135 Melchom
1633 2114 1776 2142 nuncupa-

994 2162 1085 2190 batur.
1104 2157 1326 2193 supcrstitionem
1345 2155 1512 2182 exercuisse.

192 2201 264 2236 Στίχ.
282 2201 357 2233 ις’-ϐ’.
380 2201 410 2227 '0
436 2202 524 2236 μέντοι
545 2209 576 2235 γε
595 2201 738 2236 προφήτης
753 2202 808 2232 τοῖς
828 2201 938 2237 εἰρημέ-

1031 2204 1111 2231 Vens.
1129 2203 1189 2230 6-9.
1204 2217 1238 2222 —
1253 2203 1309 2236 Age
1325 2207 1390 2227 vero
1409 2199 1538 2234 propheta
1553 2201 1614 2232 post
1632 2196 1776 2231 superiora

157 2255 212 2279 νοις
227 2247 313 2278 οὕτως
331 2247 438 2281 ἐπάγει·
464 2256 472 2270 ι
498 2247 552 2274 Καὶ
567 2246 630 2278 τοὺς
645 2246 814 2279 ὲκκλίνοντας
829 2247 882 2273 ἀπὸ
894 2247 940 2273 τοῦ

157 2291 269 2327 Κυρίου,
282 2291 328 2318 καὶ
341 2292 402 2322 τοὺς
420 2291 456 2326 μὴ
472 2290 620 2326 ζητοῦντας
633 2291 678 2317 τὸν
691 2290 802 2325 Κύριον,
821 2292 868 2317 καὶ
880 2292 942 2322 τοὺς

158 2338 196 2374 μὴ
214 2337 409 2372 ἀντεχομένους
431 2337 477 2363 τοῦ
499 2336 611 2373 Κυρίου.
637 2346 646 2362 ι
665 2336 830 2371 Βουλόμενος
855 2337 942 2362 εἰπεῖν

156 2384 197 2410 ὅτι
213 2383 268 2410 ἀπὸ
289 2383 391 2409 τούτων
407 2382 499 2418 δήλους
518 2383 629 2412 ἑαυτοὺς
646 2381 808 2408 καθιστῶσιν
824 2382 943 2417 ἀπηλλο-

157 2428 323 2464 τριωμένους
336 2428 473 2459 παντελῶς
488 2428 536 2462 τῆς
551 2427 620 2462 ἐμῆς
634 2427 738 2458 εὐνοίας
749 2447 756 2458 ,
778 2427 825 2453 καὶ
843 2427 943 2462 μηδένα

157 2472 235 2506 λόγον
247 2472 387 2503 ἐθέλοντας
397 2471 463 2506 ἐμοῦ
469 2480 499 2497 τε
507 2472 553 2497 καὶ
565 2471 618 2497 τῶν
627 2471 687 2505 ἐμοὶ
698 2471 847 2497 δοκούντων
859 2472 943 2497 ποιεῖ-

159 2518 229 2545 σθαι·
246 2517 377 2553 πρόδηλον
393 2517 447 2551 γὰρ
462 2517 498 2547 ὠς
510 2517 558 2550 τῆς
576 2516 646 2550 ἐμῆς
657 2516 781 2549 γνώσεως
797 2516 944 2551 ἀντεχόμε-

158 2572 198 2590 νοι
214 2563 343 2597 γνησίως,
363 2562 412 2588 οὒκ
428 2562 460 2588 ἄν
475 2570 538 2587 ποτε
554 2562 703 2596 προσέσχον
718 2561 846 2592 εἰδώλοις.
860 2562 943 2596 Εἰρη-

158 2608 213 2639 κὼς
235 2607 264 2633 δὲ
279 2607 386 2638 δικαίας
408 2606 457 2641 τῆς
480 2606 613 2640 τιμωρίας
634 2607 683 2637 τὰς
707 2606 807 2637 αἰτίας,
831 2606 943 2639 ἐπάγει·

159 2662 169 2677 ι
196 2651 362 2678 Εὐλαῦεῖσθε
391 2651 445 2677 ἀπὸ
477 2650 623 2685 προσώπου
653 2650 752 2686 Κυρίου
780 2651 828 2677 τοῦ
855 2650 942 2684 Θεοῦ,

157 2699 196 2730 (p.
223 2695 287 2730 587)
303 2695 370 2721 διότι
391 2695 474 2729 ἐγγὺς
501 2694 590 2730 ἡμέρα
610 2695 730 2730 Κυρίου·
753 2695 793 2721 ὅτι
812 2694 944 2729 ἡτοίμασε

156 2741 260 2776 Κύριος
278 2741 328 2776 τὴν
345 2740 439 2767 θυσίαν
462 2740 560 2775 αὑτοῦ,
573 2741 670 2776 ήγίαχε
687 2741 749 2772 τοὺς
766 2740 881 2776 κλητοὺς
895 2740 943 2766 αὒ-

212 2830 234 2845 “
249 2829 322 2856 Psal.
338 2837 382 2862 ιν,
400 2829 445 2856 35.

993 2250 1031 2276 ita
1051 2249 1140 2284 pergit
1155 2248 1281 2274 dicerezt
1294 2245 1327 2272 Et
1339 2252 1387 2272 eos
1400 2246 1446 2278 qui
1461 2243 1600 2270 declinant
1617 2249 1632 2268 a
1651 2241 1775 2271 Domino.

992 2299 1019 2322 et
1033 2295 1080 2329 qui
1097 2301 1154 2320 non
1168 2296 1291 2327 quaerunt
1310 2290 1454 2317 Dominum
1465 2308 1472 2319 ,
1488 2291 1516 2314 et
1528 2287 1574 2322 qui
1591 2293 1644 2313 non
1660 2285 1778 2312 retinent

994 2339 1148 2366 Dominum.
1164 2346 1173 2362 ι
1190 2335 1355 2371 Signiﬁcans
1370 2334 1499 2361 nimirum
1512 2351 1519 2362 ,
1537 2339 1584 2358 eos
1598 2331 1635 2357 ita
1654 2329 1775 2364 agendo,

994 2380 1140 2408 manifeste
1159 2378 1305 2407 ostendere
1324 2385 1354 2405 se
1373 2376 1489 2403 omnino
1510 2375 1613 2401 alienos
1633 2374 1666 2400 ab
1684 2380 1779 2399 amore

995 2425 1042 2452 Dei
1058 2445 1066 2456 ,
1087 2424 1245 2458 nullamque
1264 2422 1347 2456 hujus
1362 2441 1369 2453 ,
1389 2424 1416 2447 et
1436 2422 1633 2454 praeceptorum
1654 2416 1776 2449 eiusdem

994 2471 1096 2497 habere
1121 2469 1264 2495 rationem.
1291 2466 1470 2500 Perspicuum
1488 2469 1530 2491 est
1552 2464 1623 2490 enim
1635 2481 1642 2493 .
1661 2461 1734 2496 quod
1753 2462 1776 2489 si

994 2514 1108 2541 ﬁdeliter
1123 2513 1268 2540 scientiam
1284 2511 1336 2538 mei
1351 2511 1500 2537 retinerent
1511 2528 1519 2540 .
1533 2514 1706 2542 nequaquam
1720 2507 1777 2534 ido.

994 2558 1027 2585 lis
1052 2557 1230 2584 adhaerereut.
1252 2554 1334 2590 254
1370 2553 1429 2581 lam
1447 2557 1590 2588 postquam
1608 2551 1675 2578 dixit
1697 2551 1778 2585 justas

994 2601 1240 2629 animadversionis
1257 2606 1369 2627 causam
1382 2618 1389 2630 ,
1409 2597 1621 2633 prosequiturzt
1640 2595 1745 2622 Timete
1763 2604 1778 2622 a

996 2647 1067 2674 facie
1082 2646 1188 2674 Domini
1205 2645 1269 2677 Dei,
1285 2644 1349 2679 quia
1363 2650 1447 2677 prope
1463 2646 1506 2669 est
1520 2642 1579 2669 dies
1591 2641 1698 2668 Domini
1710 2640 1758 2667 Dei
1771 2661 1778 2672 ,

998 2693 1063 2728 quia
1079 2691 1186 2728 paravit
1203 2691 1335 2717 Dominus
1357 2688 1476 2715 hostiam
1493 2695 1571 2715 suam
1582 2707 1590 2718 ,
1607 2690 1634 2713 et
1657 2685 1779 2713 sanctiﬁ-

995 2739 1071 2766 cavit
1090 2741 1202 2765 vocatos
1221 2743 1297 2764 suos.
1314 2744 1323 2761 ι
1339 2734 1392 2762 Sed
1418 2733 1546 2769 quoniam
1575 2732 1659 2760 Deum
1687 2730 1780 2765 negle—
