1981 3073
215 135 268 164 μισ

808 136 983 165 TIIEODORI
1004 134 1246 165 MOPSUESTENI

1791 138 1852 168 5K8

218 196 315 228 xistis,
331 195 492 223 necessario
505 201 580 220 nuttc
598 193 733 223 tituebitis
748 195 931 221 untvcrsalem
951 194 1002 221 Do-

1053 194 1109 220 τοῦ.
1130 204 1140 220 ι
1164 194 1233 220 Ἀλλ’
1248 194 1341 230 ἐπειδὴ
1357 194 1464 229 ἀμελῶς
1485 195 1548 231 περὶ
1562 195 1591 222 τὸ
1604 196 1681 222 Θείον
1697 196 1853 231 ἐσχήκατε,

218 242 322 268 minam
333 261 340 273 ,
355 249 417 268 cum
433 240 543 274 dignam
557 246 664 273 poenam
679 239 800 273 peccatis
810 240 909 266 vestris
919 240 1005 273 impo-

216 290 274 313 net.
283 286 340 312 Non
360 286 431 312 enim
452 286 525 311 abest
546 288 655 318 tempus
675 283 755 315 illud,
776 284 832 311 imo
851 285 1004 318 proximum

215 340 224 359 τι
235 336 260 357 st
270 351 278 363 ,
294 338 349 365 quo
364 338 412 357 vos
431 329 558 356 hostibus
573 329 651 363 quasi
668 329 794 356 victimas
807 330 897 356 tradet
912 338 918 356 :
935 337 1005 364 quos

216 376 263 403 ille
289 377 383 403 ltostes
409 375 521 410 proprio
544 374 674 401 mandato
699 374 733 401 ad
757 374 810 402 hoc
826 375 1004 409 elegitvoca-

216 421 320 454 vitque.
348 421 376 447 Id
399 421 472 447 enim
497 419 654 454 signiﬁcant
679 420 780 452 verba,
795 428 805 445 ι
822 419 1005 446 sanctiﬁcavit

217 470 330 492 vocatos
355 473 421 493 suos
434 485 441 496 ,
455 475 465 490 9
481 466 560 499 quasi
585 465 659 491 dicat
686 465 788 492 habere
812 472 841 492 se
856 465 914 499 jam
931 465 1005 491 dele-

217 514 294 541 ctos,
311 518 382 544 quos
398 510 431 536 ad
452 509 522 536 hanc
540 510 658 536 hostiam
680 509 853 536 ntaetandam
870 509 978 536 vocavit
995 517 1003 542 ς

217 556 310 583 hostes
324 556 455 582 nimirum
471 555 636 589 intelligens.
649 553 695 588 qui
712 558 737 580 et
751 562 798 581 vos
813 554 1003 581 immolabunt.

220 611 229 626 ι
247 601 280 627 Et
296 601 348 628 erit
369 601 396 627 in
417 601 461 628 die
480 600 578 627 hOstia!
597 599 722 631 Domini,
738 604 764 626 et
785 599 904 626 ulciscar
922 607 1005 634 super

217 646 359 681 principes
370 667 377 677 ,
394 650 420 672 et
435 653 518 680 super
534 648 645 672 domum
662 645 734 678 regis
746 665 752 676 ,
771 649 798 672 et
813 653 895 679 super
908 652 1004 673 omnes

217 692 263 725 qui
282 692 368 718 induti
387 695 450 718 suttt
465 695 540 717 veste
556 690 712 724 peregrina.
729 689 762 716 Et
779 690 898 716 ulciscar
915 691 1004 717 mani-

218 738 285 762 lcsle
302 743 385 769 super
401 735 536 762 vestibula
553 736 579 761 in
597 735 642 761 die
658 735 704 761 illa
715 756 722 767 ,
741 735 786 769 qui
801 736 938 770 complent
956 736 1004 763 do-

218 788 290 806 tuum
307 780 353 807 Dei
368 781 410 807 sui
427 780 567 814 impietate
581 787 612 806 ac
630 779 703 807 dolo.
721 789 730 805 ι
744 779 878 815 Tempore
893 781 940 808 illo
954 789 1005 816 pu-

217 826 291 853 niam
307 833 355 853 eos
371 825 418 860 qui
438 825 578 860 principes
598 825 682 852 vestri
701 825 841 857 videntur,
861 825 1004 862 ipsamque

1054 239 1102 267 νῦν
1115 241 1179 274 γοῦν
1190 241 1235 266 ὑπ’
1248 241 1331 274 αὐτῆς
1341 241 1390 276 τῆς
1400 241 1522 275 ἀνάγκης
1534 241 1723 277 φοϐηθήσεσθε
1739 242 1785 268 τὸν
1799 242 1853 268 τοῦ

1056 285 1153 316 παντὸς
1169 284 1278 320 Κύριον,
1296 285 1340 311 ὅτε
1359 285 1407 320 τὴν
1422 285 1557 320 τιμωρίαν
1574 287 1637 320 ὑμῖν
1652 286 1732 318 ἀξίαν
1747 287 1854 322 ἐπάγει

1054 330 1108 356 τῶν
1125 330 1380 365 πλημμελημάτων·
1395 330 1456 356 οὐδὲ
1475 331 1529 365 γὰρ
1545 331 1699 365 ἀφέστηκεν
1716 333 1731 358 ό
1750 333 1853 366 καιρὸς

1059 376 1173 407 ἐκεῖνος,
1195 375 1263 401 ἀλλὰ
1277 376 1324 401 καὶ
1352 376 1423 410 μάλα
1443 384 1472 409 γε
1487 376 1600 410 ἐγγύθεν
1616 375 1703 409 ἐστὶν,
1726 378 1756 404 ὲν
1767 373 1851 411 ᾧπερ

1055 420 1127 454 ὑμᾶς
1137 422 1168 455 τῇ
1181 420 1234 447 τῶν
1248 421 1384 455 πολεμίων
1404 421 1560 456 παραδώσει
1579 421 1670 457 θυσίᾳ,
1690 422 1737 453 οὒς
1752 423 1851 456 οἰκείῳ

1055 464 1245 500 προστάγματι
1261 465 1399 500 ἀφώρισεν
1415 474 1444 491 τε
1461 466 1506 491 καὶ
1526 466 1660 500 κέκληκεν
1680 467 1726 492 ἐπὶ
1740 468 1848 501 τούτῳ·

1054 510 1132 536 τοῦτο
1142 510 1196 545 γὰρ
1205 510 1277 545 λέγει
1288 510 1327 542 τὸ,
1340 511 1452 545 ιὴγίασε
1467 511 1521 545 (50)
1532 512 1594 542 τοὺς
1607 512 1720 546 κλητοὺς
1731 512 1826 543 αὐτοῦ,
1834 521 1846 537 ι

1056 555 1099 581 ἴνα
1115 555 1180 591 εῐπῃ
1196 555 1237 581 ὅτι
1258 555 1464 590 ἀφωρισμένους
1480 556 1535 590 ἔχει
1550 557 1612 587 τοὺς
1625 558 1664 587 είς
1684 557 1734 592 τὴν
1749 557 1849 583 Θυσίαν

1054 599 1154 634 ταύτην
1164 600 1355 635 κεκλημένους·
1368 600 1440 634 λέγει
1450 601 1479 627 δὲ
1488 601 1550 633 τοὺς
1557 601 1711 635 πολεμίους,
1718 603 1742 628 οἳ
1757 610 1847 628 κατα-

1053 646 1179 672 θύσουσιν
1192 647 1273 681 ὑμᾶς,
1292 655 1300 672 ι
1316 647 1371 673 Καὶ
1382 647 1457 673 ἔσται
1470 648 1498 673 ὲν
1516 648 1607 682 ἡμέρα
1619 647 1713 679 θυσίας
1729 648 1845 682 Κυρίου,

1054 693 1101 718 καὶ
1120 692 1255 726 ἐκδικήσω
1269 692 1325 726 (Si)
1341 692 1386 718 ἐπὶ
1412 693 1475 723 τοὺς
1495 693 1639 728 ἄρχοντας,
1664 693 1710 719 καὶ
1729 694 1774 719 ἐπὶ
1797 694 1846 719 τὸν

1053 735 1127 763 οἷκον
1140 737 1187 763 τοῦ
1202 737 1344 771 βασιλέως.
1367 738 1412 764 καὶ
1427 738 1472 763 ἐπὶ
1498 739 1601 769 πάντας
1618 739 1680 770 τοὺς
1701 738 1845 772 ἐνδεδυμέ-

1054 791 1116 814 νους
1140 783 1277 818 ἐνδύματα
1291 783 1428 818 ἀλλότρια·
1449 784 1495 810 καὶ
1516 784 1651 818 ἐκδικήσω
1667 784 1712 810 ἐπὶ
1736 784 1844 814 πάντας

1054 827 1181 862 ἐμφανῶς
1204 828 1249 854 ἐπὶ
1263 827 1298 854 τὰ
1314 827 1439 862 πρόπυλα
1455 829 1484 853 ὲν
1499 828 1590 863 ἐκείνῃ
1604 829 1635 863 τῇ
1656 829 1763 862 ἡμέρα,
1779 829 1845 858 τοδις

217 870 291 906 regis
306 870 418 897 domutn
438 870 564 898 funditus
583 870 742 903 destruam,
759 871 822 906 quia
841 871 867 898 in
887 873 1002 907 captivi-

1053 873 1222 908 πληροῦντας
1237 874 1284 900 τὸν
1303 872 1376 900 οἷκον
1394 873 1442 900 τοῦ
1463 873 1531 899 Θεοῦ
1545 873 1634 899 αὐτῶν
1647 873 1774 904 ἀσεϐείας
1791 873 1843 899 καὶ

219 920 303 943 tatem
321 915 500 943 abducendus
514 921 557 943 est
573 916 596 943 is
610 917 658 951 qui
673 921 740 943 tunc
757 925 803 944 rex
820 922 910 945 vester
926 917 1002 945 vide-

217 962 291 988 bitur
304 971 310 988 :
324 966 408 996 atque
421 962 448 988 in
461 969 557 989 omnes
575 969 691 996 prorsus
709 963 937 996 animadvertam,
955 964 1002 998 qui

217 1011 364 1040 tantopere
375 1006 521 1033 imitationi
534 1007 706 1034 ethnicorum
718 1012 803 1034 semet
818 1008 1002 1042 tradiderunt,

218 1056 246 1078 ut
261 1053 342 1079 etiam
357 1052 473 1079 vestium
493 1052 603 1079 illarum
623 1061 702 1080 usttm
719 1053 909 1080 aﬂ'ectaverint
919 1074 926 1084 .
941 1062 1002 1089 qua:

217 1106 231 1123 a
247 1098 304 1132 lege
328 1098 437 1128 vetitae,
464 1098 592 1132 gentibus
617 1103 782 1132 congruunt.
802 1093 1000 1132 Cunctos,_in-

216 1150 298 1176 quam
328 1147 391 1170 ante
406 1143 543 1169 vestibula
562 1143 654 1177 templi
671 1143 801 1176 puniant,
817 1147 912 1170 contra
927 1145 1000 1178 quod

216 1186 297 1220 inpie
311 1191 444 1221 egerunt;
471 1186 535 1212 dum
562 1187 629 1213 illuc
653 1186 865 1220 ingrederentur
890 1188 1000 1222 quidem

216 1232 252 1259 ob
272 1232 455 1259 simulandum
479 1232 583 1258 cultum
609 1239 717 1264 meum,
742 1233 788 1259 sed
810 1233 920 1260 nonnisi
938 1241 1000 1260 cum

217 1277 352 1312 hypocrisi
368 1281 395 1303 et
407 1277 471 1303 dolo
485 1277 600 1303 introire
615 1277 681 1304 illuc
694 1277 826 1304 auderent
839 1287 845 1304 :
864 1279 999 1312 siquidem

218 1322 318 1348 nullam
337 1330 406 1348 vera:
422 1322 560 1356 religionis
573 1322 706 1349 rationem
725 1322 827 1350 habere
835 1323 1000 1356 voluerunt.

217 1367 263 1394 sed
280 1367 360 1394 idolis
378 1368 468 1402 potius
483 1368 608 1395 studiose
622 1368 772 1396 adhaerere.

1051 919 1136 945 δόλου.
1152 928 1161 943 ι
1189 919 1233 945 Ἐν
1244 919 1340 954 ἐκείνῳ
1349 918 1381 954 δὴ
1392 918 1431 953 τῷ
1445 918 1532 953 καιρῷ
1547 919 1610 950 τοὺς
1624 919 1719 954 ἄρχειν
1736 920 1764 944 ὲν
1777 919 1842 953 ὑμῖν

1050 965 1193 997 δοκοῦντας
1209 967 1398 1001 τιμωρήσομαι
1409 975 1415 981 ·
1436 966 1515 993 αὐτόν
1528 975 1557 992 τε
1578 966 1715 998 παντελῶς
1733 967 1842 1001 ἀφανιῶ

1050 1011 1096 1036 τοῦ
1109 1010 1240 1045 βασιλέως
1255 1011 1300 1038 τὸν
1314 1010 1398 1044 οἷκον,
1421 1011 1468 1038 ἆτε
1486 1013 1554 1047 πρὸς
1576 1012 1767 1046 αἰχμαλωσίαν
1785 1013 1842 1038 ἀπ·-

1051 1055 1164 1089 άγεσθαι
1180 1056 1322 1091 μέλλοντος
1341 1056 1388 1082 τοῦ
1403 1057 1462 1083 τότε
1481 1057 1629 1091 βασιλεύειν
1641 1057 1719 1091 ὑμῶν
1732 1057 1842 1083 δοκοῦψ

1048 1110 1105 1133 τοςο
1124 1101 1163 1137 (p.
1184 1102 1246 1137 588)
1267 1103 1313 1128 καὶ
1335 1102 1438 1134 πάντας
1454 1102 1482 1128 δὲ
1498 1102 1626 1134 καθάπαξ
1647 1104 1841 1137 τιμωρήσομαι

1048 1148 1111 1178 τοὺς
1122 1147 1193 1173 οὕτω
1203 1147 1269 1182 πρὸς
1288 1148 1338 1182 τὴν
1355 1147 1520 1183 Ἑλληνικὴν
1540 1148 1654 1183 μίμησιν
1672 1148 1785 1178 ἑαυτοὺς
1798 1149 1842 1174 ἐκ·

1049 1192 1208 1225 δεδοικότας,
1232 1193 1270 1224 ὡς
1289 1193 1335 1219 καὶ
1350 1193 1404 1219 τῶν
1421 1194 1535 1228 ἱματίων
1559 1192 1656 1228 ζηλοῦν
1677 1193 1726 1228 τὴν
1741 1193 1840 1228 χρῆσιν

1050 1239 1099 1273 τὴν
1110 1239 1149 1273 τῷ
1163 1240 1237 1273 νόμῳ
1257 1239 1305 1274 μὲν
1319 1239 1556 1274 ἀπηγορευμένην,
1577 1241 1631 1270 τοῖς
1644 1239 1731 1265 ἔθνεσι
1743 1238 1771 1264 δὲ
1788 1239 1840 1272 ἁρ-

1055 1284 1157 1317 μυδίαν.
1176 1285 1282 1315 Πάντας
1298 1284 1344 1319 δὴ,
1372 1284 1449 1318 φησὶ,
1470 1283 1624 1319 περιφανῶς
1649 1283 1840 1318 τιμωρήσομαι

1054 1328 1107 1363 πρὸ
1124 1329 1178 1356 τῶν
1191 1329 1237 1356 τοῦ
1256 1330 1320 1356 ναοῦ
1335 1329 1489 1365 προθύρων,
1505 1331 1544 1360 εἰς
1559 1329 1588 1355 ὃν
1604 1329 1728 1364 ὴσέῦουν,
1745 1328 1841 1354 εἰσιόν-

1053 1383 1098 1405 τες
1113 1375 1162 1409 μὲν
1176 1375 1214 1410 τῷ
1228 1376 1315 1401 δοκεῖν
1328 1376 1368 1405 εἰς
1381 1375 1450 1410 ἐμὴν
1470 1375 1629 1410 θεραπείαν,
1649 1375 1708 1408 μεθ’
1726 1374 1840 1409 ὑποκρί-

218 1421 286 1444 σεως
301 1413 329 1438 δὲ
344 1412 389 1438 καὶ
403 1412 478 1438 δόλου
500 1412 631 1438 ποιεῖσθαι
649 1412 697 1447 τὴν
712 1413 814 1440 εἴσοδον
827 1413 980 1449 τολμῶντες
990 1437 996 1448 ,
1014 1419 1041 1444 ετ
1055 1427 1085 1452 γε
1100 1419 1151 1454 τῆς
1170 1421 1220 1454 μὲν
1231 1420 1370 1452 εὐσεϐείας
1387 1420 1485 1447 οὐθένα
1499 1420 1576 1453 λόγον
1598 1419 1737 1445 ὲδούλοντο
1758 1418 1841 1443 1:015!-

218 1457 289 1489 σθαι,
304 1458 360 1488 τοῖς
373 1457 491 1488 εἰδώλοις
501 1456 530 1483 δὲ
545 1459 722 1492 προσανεῐχον
740 1458 852 1494 σπουδῇ.

255 1505 336 1532 Vsus.
356 1504 398 1538 i9,
418 1504 460 1531 Η,
470 1513 523 1530 -ι
534 1503 566 1531 Et
580 1505 634 1531 erit
648 1504 693 1532 die
709 1505 767 1537 illa,
780 1506 847 1532 dicit
857 1506 999 1540 Dominus,

1088 1509 1158 1543 Στίχ.
1183 1511 1208 1539 ι’,
1231 1512 1273 1535 ια’.
1295 1524 1329 1529 -
1347 1519 1357 1534 ι
1378 1509 1430 1535 Καὶ
1448 1509 1523 1535 ἔσται
1538 1509 1567 1534 ἐν
1584 1509 1674 1543 ἐκείνῃ
1690 1509 1720 1542 τῇ
1737 1508 1837 1542 ἡμέρᾳ,

217 1559 270 1577 vox
286 1550 418 1577 clamoris
433 1557 448 1576 ιι
465 1555 542 1585 porta
558 1550 722 1577 cadentium
734 1570 741 1582 ,
756 1556 783 1577 et
797 1552 917 1579 ululatus
933 1560 948 1579 a
964 1561 1004 1581 sev

218 1596 309 1622 cut-da
320 1615 328 1627 ,
345 1599 371 1622 ιιι
385 1595 516 1621 contritio
533 1602 631 1630 magna
647 1602 662 1621 a
679 1595 808 1622 collibus.
823 1605 832 1622 ι
844 1596 920 1624 Tunc
936 1605 1003 1626 sane

218 1649 269 1668 vox
295 1641 416 1675 quietiam
443 1640 573 1667 terribilis
601 1640 776 1673 exaudiatur.
795 1649 809 1667 a
830 1646 908 1676 porta
934 1643 1002 1670 inci-

218 1689 313 1722 piens.
345 1691 458 1721 propter
489 1686 583 1712 hostes
617 1686 801 1720 irrumpuntcs
832 1688 1003 1723 multamque

218 1731 388 1758 occidionem
407 1730 487 1765 255
505 1730 643 1756 facientes.
669 1730 790 1765 Excipiet
815 1739 881 1758 vero
906 1733 1001 1760 vocem

217 1776 293 1803 illam
317 1776 439 1802 ululatus
457 1775 638 1802 intolerabilis
663 1775 805 1802 hominum
835 1784 882 1811 per
906 1778 1002 1805 domos

217 1822 399 1849 contritoruut
413 1821 542 1855 varieque
554 1822 725 1855 pereuntium
741 1829 748 1853 ;
775 1821 941 1857 insuperque
957 1831 1003 1850 eo-

218 1875 278 1894 rum
294 1867 341 1902 qui
357 1866 390 1893 ad
407 1867 523 1894 celsiora
542 1866 602 1892 loca
619 1873 668 1900 spe
687 1866 820 1893 evadendi
841 1867 1003 1902 confugient

218 1913 264 1948 (id
280 1913 435 1940 enimidicit
448 1912 610 1939 vocabulum
635 1912 747 1939 collibus
760 1914 782 1943 l,
807 1921 897 1948 neque
911 1917 1001 1942 tamen

217 1958 366 1993 quidquam
391 1958 453 1992 opis
472 1957 629 1989 invenient,
649 1957 697 1984 sed
718 1961 871 1985 extremum
895 1960 1001 1994 suppli-

218 2003 289 2030 cium
303 2001 450 2037 perferent.
460 2001 566 2034 Quibus
581 2006 766 2029 cousentanee
777 2003 870 2030 subdit
880 2013 901 2030 ιι
916 2003 1001 2032 Plan-

217 2048 337 2082 gite,qtti
360 2047 493 2074 habitatis
513 2047 663 2074 conciSam.
683 2057 693 2073 ι
707 2047 801 2080 Nunc,
828 2049 934 2084 inquit,
964 2050 1003 2077 la-

218 2092 335 2119 mentari
348 2092 460 2126 ilignum
475 2097 516 2119 est
528 2091 698 2119 habitatores
711 2091 882 2121 Hierusalem
893 2113 900 2124 ,
919 2102 1002 2128 quam

217 2137 294 2163 varia
313 2138 387 2165 czede
411 2137 565 2164 incolarum
590 2137 684 2165 hostes
706 2138 870 2170 concident.
888 2139 1002 2174 ejusque

1056 1554 1128 1589 λέγει
1141 1555 1251 1590 Κύριος,
1267 1555 1341 1590 φωνὴ
1354 1555 1477 1590 κραυγῆς
1492 1554 1545 1580 ἀπὸ
1556 1554 1641 1588 πύλης
1659 1553 1839 1579 ἀποκεντιιύν-

1054 1609 1119 1632 των,
1136 1600 1184 1626 καὶ
1197 1599 1344 1635 ὀλολυγμὸς
1357 1599 1411 1626 ἀπὸ
1426 1600 1474 1634 τῆς
1490 1599 1627 1634 δευτέρας,
1646 1600 1692 1625 καὶ
1713 1607 1839 1634 συντριμ-

1054 1646 1104 1681 μδς
1129 1646 1216 1681 μέγας
1235 1646 1289 1672 ἀπὸ
1303 1646 1355 1672 τῶν
1375 1643 1486 1680 ﬂow/(7w.
1508 1655 1517 1670 ι
1537 1645 1602 1671 Τότε
1620 1645 1651 1679 δὴ
1669 1644 1770 1679 φοϐερὰ
1789 1645 1837 1677 μέν

1051 1700 1093 1723 τις
1107 1693 1251 1726 γενήσεται
1266 1691 1342 1726 φωνὴ
1357 1691 1410 1717 ἀπὸ
1425 1691 1474 1726 τῆς
1495 1690 1581 1725 πύλης
1597 1690 1714 1716 λαϐοῦσα
1727 1690 1776 1725 τὴν
1788 1690 1837 1723 ἁρ-

1052 1737 1112 1772 χὴν,
1125 1737 1169 1763 διὰ
1183 1737 1238 1763 τῶν
1249 1737 1385 1763 εἰσιόντων
1396 1745 1424 1762 τε
1441 1736 1587 1770 πολεμίων,
1602 1736 1649 1762 καὶ
1662 1735 1744 1761 πολὺν
1756 1736 1838 1770 ἐργα-

1052 1783 1174 1818 ζομένων
1190 1783 1236 1809 τὸν
1250 1783 1339 1816 φόνον·
1354 1783 1504 1815 διαδέξεται
1518 1782 1606 1817 δὲτὴν
1623 1782 1713 1816 φωνὴν
1730 1781 1836 1815 ἐκείνην

1051 1829 1164 1864 ὀλολυγή
1178 1838 1220 1860 τις
1233 1829 1368 1863 ἀφόρητος
1382 1829 1435 1854 τῶν
1449 1829 1508 1855 κατ’
1519 1828 1606 1854 οίκίαν
1621 1827 1837 1862 συντριϐομένων

1051 1882 1081 1900 τε
1095 1875 1141 1901 καὶ
1158 1875 1351 1909 ἀπολλυμένων
1368 1874 1505 1905 ποικίλως,
1524 1874 1563 1900 ἔτι
1584 1874 1631 1900 καὶ
1645 1873 1699 1900 τῶν
1723 1874 1751 1898 ἐν
1767 1872 1835 1906 ὑψη-

1051 1919 1171 1955 λοτέροις
1185 1920 1279 1952 τόποις
1301 1920 1388 1946 ἐλπίδι
1404 1920 1490 1954 φυγῆς
1510 1919 1731 1954 κατατρεχόντων
1749 1917 1837 1950 (τοῦτο

1051 1964 1106 1998 γὰρ
1120 1964 1193 1998 λέγει
1219 1973 1229 1989 ε
1248 1964 1348 1999 βουνῶν
1366 1973 1374 1989 i
1387 1965 1407 1996 ),
1421 1964 1453 1990 οὐ
1476 1964 1555 1998 μόνον
1578 1963 1654 1990 οὐδὲν
1675 1963 1836 1996 ὡφελεῖσθαι

1051 2009 1206 2044 δυναμένων
1221 2009 1354 2039 ἐντεῦθεν,
1368 2009 1435 2036 ἀλλά
1444 2009 1498 2044 γὰρ
1512 2009 1557 2035 καὶ
1570 2010 1619 2043 τὴν
1633 2009 1748 2043 ἐσχάτην
1763 2007 1836 2042 δεχο-

1053 2054 1140 2089 μένων
1155 2055 1298 2090 τιμωρίαν.
1317 2053 1363 2086 Oi;
1378 2054 1530 2086 ἀκολούθως
1544 2054 1658 2088 ὲπάγει’
1677 2052 1832 2088 «Θρηνεῖτε,

1051 2100 1075 2125 οἱ
1091 2099 1277 2131 κατοικοῦντες
1288 2100 1336 2134 τὴν
1347 2099 1602 2134 κατακεκομμένην.
1619 2108 1628 2124 ι
1645 2097 1779 2124 Ἐνταῦθα
1791 2097 1832 2131 δὴ.

1052 2145 1128 2178 φησὶ,
1143 2145 1251 2179 θρηνεῖν
1267 2145 1388 2176 ἅπαντας
1405 2145 1478 2177 ἄξιον
1493 2145 1555 2176 τοὺς
1565 2143 1706 2175 οἰκοῦντας
1721 2143 1769 2178 τὴν
1788 2143 1835 2169 Ἰε-

217 2183 334 2210 mdiﬁcia
361 2182 551 2218 pvrfringeut.
579 2185 608 2209 et
634 2182 786 2216 inquiliuos
810 2184 998 2212 trucidabant.

1054 2191 1201 2225 ρουσαλὶικι,
1219 2191 1251 2226 ἢν
1265 2191 1399 2226 διαφόρως
1412 2191 1457 2217 διὰ
1476 2190 1530 2216 τῶν
1551 2190 1696 2216 οἰκούντων
1716 2189 1833 2216 κατακό-

220 2227 312 2260 «Quia
340 2227 488 2253 universus
517 2226 635 2260 populus
663 2227 834 2254 assimilatas
864 2234 906 2254 est
931 2229 1002 2255 Cha-

217 2272 310 2304 naani,
321 2271 506 2306 disperierunt
519 2278 616 2298 omnes
627 2271 673 2306 qui
685 2271 749 2298 elati
764 2277 841 2298 erant
855 2277 975 2307 argento.
990 2283 999 2299 ›

217 2317 444 2351 Quandoquidem
461 2316 680 2343 Chananaaorum
698 2324 788 2344 mores
804 2318 902 2345 imitati
919 2323 1001 2352 sunt,

217 2361 279 2388 ideo
293 2369 342 2396 par
356 2362 411 2389 illis
426 2361 584 2388 sustinuere
598 2361 762 2395 supplicium
773 2383 781 2394 ,
812 2364 1001 2398 pessumdati;

215 2407 444 2440 quemadmodum
461 2407 566 2434 scilicet
581 2411 608 2434 et
620 2407 659 2433 illi
676 2409 819 2442 perierunt
831 2415 893 2436 cum
908 2411 1000 2443 regio-

217 2458 278 2477 nem
298 2451 430 2479 lsraelitis
443 2451 560 2479 tradidit
574 2452 658 2479 Deus.
677 2453 766 2479 Simul
791 2455 920 2488 peribunt
937 2462 1000 2481 cum

216 2495 346 2529 reliquis,
364 2496 403 2522 illi
429 2497 476 2531 qui
504 2497 715 2531 superbiebaut.
743 2498 847 2526 divitiis
867 2507 897 2526 se
917 2500 1001 2527 fultos

216 2546 380 2569 cernentes:
401 2543 506 2570 nullum
535 2551 550 2570 a
577 2544 636 2571 suis
661 2544 760 2578 opibus
785 2546 1000 2572 emolumentum

217 2586 374 2618 habebunt,
391 2588 437 2614 sed
457 2593 553 2616 contra
568 2590 680 2616 omnino
698 2590 777 2617 bonis
792 2591 851 2618 suis
869 2592 978 2626 spoliati
990 2611 998 2623 .

218 2632 397 2665 pauperrimis
414 2633 519 2661 similes
535 2634 611 2662 ﬁent.

1051 2235 1145 2269 ψουσιν
1167 2236 1192 2261 ol
1210 2236 1348 2270 πολέμιοι,
1364 2236 1413 2267 τάς
1437 2244 1467 2262 τε
1485 2235 1628 2270 οἰκοδομὰς
1641 2235 1726 2269 αὐτῆς
1746 2234 1833 2261 διατέ-

1053 2287 1180 2313 μνοντες.
1219 2281 1265 2307 καὶ
1298 2281 1360 2312 τοὺς
1395 2280 1587 2311 κατοικοῦντας
1614 2279 1831 2313 διασφάττοντες.

1054 2333 1064 2349 t
1079 2324 1150 2350 Διὸτι
1161 2324 1217 2359 (52)
1231 2325 1359 2360 ὡμοιώθη
1374 2326 1428 2356 πᾶς
1438 2326 1453 2352 ό
1463 2325 1525 2356 λαὸς
1538 2325 1657 2356 Χαναὰν,
1671 2324 1819 2359 ὲξωλοθρεύ

1052 2369 1137 2404 θησαν
1152 2369 1252 2401 πάντες
1264 2371 1289 2396 οἱ
1307 2370 1455 2405 ἐπηρμένοι
1469 2370 1603 2404 ἀργυρίῳ.
1622 2379 1631 2395 ι
1655 2370 1763 2405 Ἐπειδὴ
1779 2369 1832 2404 γὰρ

1050 2413 1105 2440 τῶν
1113 2414 1273 2440 Χαναναίων
1281 2414 1446 2449 ἐμικήοαντο
1465 2416 1511 2441 τὸν
1525 2415 1635 2449 τρόπον,
1651 2417 1690 2449 (p.
1708 2415 1771 2448 389)
1791 2415 1832 2441 διὰ

1049 2460 1128 2486 τοῦτο
1134 2460 1262 2495 παραπλη
1267 2461 1329 2491 aito;
1339 2461 1452 2492 ἐκείνοις
1457 2462 1504 2487 καὶ
1511 2459 1561 2495 τὴν
1571 2469 1596 2486 τι
1600 2460 1703 2495 μωρίαν
1711 2460 1833 2492 ἐδέξαντο

1049 2505 1227 2540 ἀπολλύμενοι
1249 2506 1400 2537 παντελῶς.
1416 2507 1499 2542 ὅνπερ
1518 2507 1549 2541 δὴ
1574 2506 1674 2541 τρόπον
1696 2506 1832 2532 ἀπώλοντο

1050 2552 1168 2577 κάκεῖνοι
1179 2551 1296 2586 ὁπηνίκα
1306 2553 1362 2582 τοῖς
1377 2551 1557 2586 Ἰσραηλίταις
1568 2551 1710 2585 παρεδίδου
1724 2551 1773 2586 τὴν
1783 2551 1832 2585 γῆν

1050 2597 1064 2621 ὁ
1080 2595 1155 2626 Θεός·
1173 2596 1452 2632 συναφανισθήσονται
1473 2597 1527 2631 γὰρ
1543 2596 1575 2631 δὴ
1593 2596 1693 2627 πάντες
1709 2598 1765 2627 τοῖς
1780 2596 1832 2622 λοι-

1051 2641 1110 2671 ποῖς
1125 2641 1171 2666 καὶ
1183 2641 1208 2666 οἱ
1223 2641 1293 2675 μέγα
1308 2641 1468 2676 φρονοῦντες
1485 2641 1531 2667 ἐπὶ
1545 2641 1652 2677 πλούτῳ
1671 2641 1831 2676 θεωροῦντες

216 2677 327 2723 ἑαυτοὺς
339 2698 346 2710 ,
373 2679 455 2714 μηδὲν
475 2680 506 2706 ὲκ
527 2681 576 2716 τῆς
592 2683 722 2718 εὐπορίας
743 2683 836 2719 κέρδος
851 2683 994 2715 λαϐόντες·
1011 2685 1164 2713 τούναντίον
1188 2687 1237 2721 μὲν
1252 2685 1298 2714 οὖν
1325 2689 1355 2714 ἐν
1378 2689 1410 2723 τῇ
1428 2688 1570 2722 ἀφαιρέσει
1585 2687 1640 2714 τῶν
1658 2687 1765 2714 οίκεῐων
1782 2687 1832 2713 7rd-

216 2721 360 2759 ραπλήσιοι
376 2725 515 2758 γεγονότες
527 2728 582 2758 τοῖς
596 2728 733 2760 παντελῶς
750 2730 914 2764 πενομένοις.

253 2789 308 2819 (50)
327 2791 363 2816 lla
380 2791 424 2818 hic
439 2792 500 2818 cod.

251 2824 307 2860 (51)
323 2825 390 2854 Cod.
409 2827 556 2862 ἐκδίκησιν.

1084 2795 1139 2831 (5'2)
1155 2795 1220 2823 Cod.
1237 2797 1279 2822 διὰ
1297 2797 1331 2822 τί.
