1981 3073
99 135 150 164 lli?

577 137 851 167 COMMENTARIUS
869 135 902 164 IN
921 132 1106 162 SOPHONLE
1126 132 1201 160 CAP.
1221 132 1239 159 Ι.

1667 132 1720 163 I58

133 191 210 229 Στίχε
227 191 328 228 ιβ’-ις’.
344 206 380 213 --
397 201 407 218 t
420 193 474 220 Καὶ
492 192 569 220 ἔσται
587 194 616 220 ἐν
631 196 664 230 τῇ
680 194 772 231 ἡμέρᾳ
786 194 884 229 ἐκείνῃ,

977 189 1059 217 Vsus.
1078 188 1170 216 12-16.
1186 203 1221 209 --
1238 197 1247 213 ι
1264 187 1295 214 Et
1319 188 1371 215 erit
1394 187 1423 215 in
1438 188 1483 216 die
1500 195 1558 221 uta.
1577 190 1718 217 scrutabor

98 237 270 274 ἐξερευνήσυ
279 238 330 274 τὴν
347 237 526 275 Ἰερουσαλὴμ
539 239 608 275 μετὰ
620 240 728 276 λύχνου.
746 250 756 266 ι
778 240 887 276 Ἐπειδὴ

100 286 154 318 τοῖς
176 284 211 312 si
233 282 362 312 ἐνδότατα
381 285 430 313 καὶ
450 285 536 320 σκότῳ
549 294 606 316 πως
623 287 826 323 κατειλημμένα
839 287 887 322 ζη-

98 329 191 358 τοῦσιν
201 350 211 364 ,
227 323 292 363 ibo;
311 330 404 367 λύχνῳ
430 331 580 367 κεχρῆσθαι
598 332 666 366 πρὸς
689 333 887 368 ἀκριϐεστέραν

98 376 214 413 ἐρευναν
229 376 285 404 τῶν
302 376 566 413 ἀτωκεκρυμμένων,
584 377 662 406 τοῦτο
670 378 754 412 λέγει,
762 378 803 405 ὃτι
817 377 886 413 μετὰ

98 421 203 457 πολλῆς
214 421 265 458 τῆς
277 421 422 458 ἀκριδείας
434 421 676 458 ὲξερευνηθήσεται
688 423 777 450 πάντα
788 423 823 450 τὰ.
834 423 884 458 τῆς

103 467 298 504 Ἰερουσαλὴμ,
317 468 357 500 ὡς
371 468 455 504 μηδὲν
466 468 522 496 τῶν
542 469 655 495 ἐνόντων
673 468 808 496 διαλαθεῖν
823 470 884 501 τοὺς

98 514 348 549 πολεμίους.”οπερ
362 513 413 550 [Β.
424 510 519 550 ᾧπερ]
532 514 685 546 ἀκολούθως
698 514 836 549 ἐπήγαγεν
842 515 884 545 τὸ.

101 568 111 584 ι
134 559 388 596 Ἐξωλοθρεύθησαν
399 559 497 591 πάντες
508 560 532 586 οί
547 559 695 595 ἐπηρμένοι
709 560 832 596 ἀργυρίῳ
842 568 848 574 ·
871 569 880 585 ι

97 603 206 635 δεικνὺς
224 603 347 631 ὃτιοῦτω
363 604 452 631 πάντα
464 604 517 631 τῶν
534 604 658 639 εὐπόρων
672 604 883 640 ἀφαιρεθήσεται

97 647 133 674 τὰ
152 647 218 675 ὂντα
228 668 236 681 ,
251 648 360 680 οὐθενὸς
375 649 467 676 λαθεῖν
487 648 540 676 τῶν
555 649 689 684 πολεμίων
705 650 755 684 τὴν
771 649 882 684 ἔρευναν

97 693 256 729 δυναμένου.
284 703 294 719 ι
311 694 366 721 Καὶ
388 694 522 730 ἐκδικήσω
545 695 592 721 ἐπὶ
613 695 675 725 τοὺς
698 695 797 730 ἄνδρας
819 695 882 726 τοὺς

98 739 333 775 καταφρονοῦντας
352 740 398 767 ἐπὶ
418 741 452 767 τὰ
472 739 635 776 φυλάγματα
651 736 752 771 αὐτῶν,
758 738 821 771 τοὺς
836 740 882 767 λέ-

98 793 197 820 γοντας
215 787 245 812 ἐν
259 787 319 817 ταῖς
335 785 458 821 καρδίαις
476 785 575 819 αὐτῶν,
590 786 627 812 Οὺ
642 785 680 822 μὴ
695 785 883 823 ἀγαθοποιήσῃ

99 830 212 866 Κύριος,
222 830 282 858 οὐδὲ
295 831 333 867 μὴ
345 831 469 867 κακώσῃ.
485 841 495 858 ι
512 830 709 869 Τιμωρήσομαι
724 832 788 867 γὰρ,
803 833 879 868 φησὶ,

937 235 1109 264 Hierusalem
1126 242 1188 262 cum
1199 234 1336 262 lucerna.»
1346 233 1481 267 Quoniam
1495 241 1602 267 eorum.
1615 234 1662 270 qui
1679 236 1720 263 in-

937 282 1002 309 tima
1019 282 1079 314 etin
1089 281 1208 309 tenebris
1221 280 1330 308 condita
1347 285 1483 315 quaerunt,
1491 289 1552 309 mos
1559 286 1601 310 est
1609 283 1721 310 lucerna

937 328 975 355 uti
986 327 1021 355 ad
1034 327 1234 354 accuratiorem
1244 327 1382 354 latentium
1397 334 1489 354 rerum
1503 328 1720 363 vestigationem.

935 373 1038 400 idcirco
1054 372 1095 400 sic
1107 372 1238 407 loquitur.
1264 371 1322 399 fere
1344 380 1440 407 nempe
1459 379 1488 399 nt
1500 374 1585 402 multa
1600 382 1662 402 cum
1677 382 1720 402 se-
1736 397 1739 400 .

934 420 1049 446 dulitate
1065 419 1235 454 vestigenlur
1244 426 1288 445 res
1302 425 1398 445 omnes
1409 418 1589 451 Hierusalem.
1607 425 1638 447 ιιι
1651 421 1720 448 nihil

935 470 1016 497 oputn
1047 462 1107 497 ejus
1130 462 1222 490 hostes
1249 462 1339 489 lateat.
1363 463 1422 495 Quo
1442 463 1470 489 iit
1492 467 1522 490 ut
1538 469 1720 493 consentanee

935 508 1094 544 subjungat,
1110 517 1121 533 ι
1138 507 1329 542 Disperierunt
1345 516 1440 536 omnes
1456 508 1519 536 elati
1533 512 1719 544 argentopsi-

934 553 1066 588 guilicans
1074 552 1133 580 fore
1145 558 1174 580 ut
1185 553 1275 579 cuncti
1291 553 1406 580 divitum
1416 553 1537 581 thesauri
1545 554 1718 589 diripiantur,

933 607 995 627 cum
1023 600 1092 627 nihil
1117 599 1238 627 hostium
1266 599 1471 634 vestigationem
1501 600 1652 628 vitaturum
1672 601 1718 629 sit.

936 655 945 672 ι
960 645 993 672 Et
1004 645 1121 673 ulciscar
1133 652 1216 680 super
1228 644 1313 676 viros,
1324 644 1371 679 qui
1386 649 1564 672 contemnunt
1580 646 1720 674 custodias

932 699 1008 723 suas,
1024 691 1070 727 qui
1087 690 1183 718 dicunt
1198 690 1225 718 in
1238 689 1368 718 cordibus
1381 690 1459 718 suis:
1476 689 1576 727 Utique
1589 699 1624 719 ne
1637 691 1716 718 facit»

933 738 1002 766 bene
1012 737 1154 769 Dominus,
1167 743 1196 764 et
1209 744 1263 765 nou
1274 736 1357 764 iaciat
1367 737 1464 765 male.-
1477 737 1544 770 llos,
1559 738 1659 773 inquit,
1669 746 1704 773 pu

932 785 1006 809 niam
1021 783 1069 817 qui
1085 786 1221 817 praecepta
1242 789 1302 809 mea
1319 783 1479 818 cultumque
1492 783 1603 811 omnino
1624 791 1710 818 asper-

933 832 1044 862 nantur,
1061 828 1161 863 quibus
1180 827 1312 857 custodiri
1331 835 1362 855 ac
1383 829 1485 856 servari
1504 830 1539 856 ab
1551 830 1624 856 omni
1638 829 1720 865 256

97 864 220 908 τούτους,
243 864 374 913 (p.390)
396 876 420 904 οἳ
443 864 498 904 τῶν
590 864 815 913 προσταγμάτων.
830 864 882 904 τῶν

935 874 1098 902 detrimento
1112 878 1238 909 poterant
1247 884 1254 902 ;
1263 879 1412 909 contraque
1425 876 1583 902 existimant
1599 864 1729 904 ﬁerinon'

98 920 174 956 ἐμῶν
191 921 238 947 καὶ
255 921 304 957 τῆς
321 921 468 956 θεραπείας
483 922 664 958 κατεφρόνουν
679 922 818 955 παντελῶς
834 923 882 958 τῆς

98 965 186 1001 ἐμῆς,
208 966 255 1001 ἀφ’
269 963 306 993 ὧν
330 966 362 1002 δὴ
386 967 567 1001 φυλάττεσθαι
583 967 630 995 καὶ
646 967 831 1004 διατηρείσθαι
850 969 882 995 ἐκ

99 1010 191 1046 πάσης
214 1010 345 1046 ⁴Ιξδύντιντο
366 1011 512 1047 ἐπηρείας·
529 1011 716 1047 διακειμένους
737 1012 765 1039 δὲ
780 1013 820 1040 ότι
845 1012 883 1048 μὴ

97 1053 154 1083 οἷόν
169 1057 198 1083 τέ
213 1065 240 1084 τι
262 1057 346 1084 κακὺν
365 1057 455 1089 αὐτοῖς
475 1057 653 1094 ἐπενεχθῆναι
670 1058 780 1084 τοιαῦτα
794 1067 883 1093 παρα-

99 1102 242 1137 νομοῦσιν·
261 1102 292 1130 τὸ
315 1103 379 1139 γὰρ,
392 1112 402 1129 ι
421 1103 459 1129 Οὐ
477 1103 514 1139 μὴ
528 1103 715 1140 ἀγαθοποιήσῃ
731 1103 848 1139 Κύριος,
870 1113 880 1129 ι

99 1149 171 1177 κατά
198 1149 340 1186 ὑπόκρισιν
365 1149 567 1184 ἀναγνωστέον,
599 1149 659 1177 ἀντὶ
677 1150 741 1183 τοῦ,
773 1149 883 1184 Ἀγαθο-

98 1195 217 1230 ποιήσει,
243 1204 253 1221 ι
270 1195 325 1222 Καὶ
338 1194 414 1221 ἔσται
433 1196 450 1230 ή
467 1194 583 1230 δύναμις
599 1195 688 1221 αὐτῶν
714 1195 754 1227 είς
768 1195 884 1231 διαρπα-

98 1241 161 1276 γὴν,
176 1240 223 1267 καὶ
231 1241 255 1267 οι
269 1237 337 1267 οἶκοι
348 1239 438 1267 αὐτῶν
448 1240 488 1272 είς
509 1241 674 1275 ἀφανισμόνο
687 1240 733 1267 καὶ
746 1241 884 1276 οἰκοδομή-

99 1295 192 1314 σαυσιν
217 1286 322 1318 οἰκίας,
343 1286 390 1313 καὶ
406 1286 436 1312 οὐ
454 1286 491 1322 μὴ
508 1287 704 1322 κατοικήσωσιν
723 1287 752 1312 ἐν
773 1286 881 1318 αὐταῖς·

98 1332 146 1358 καὶ
162 1331 410 1366 καταφυτεύσουσιν
433 1331 612 1367 ἀμπελῶνας,
630 1333 678 1359 καὶ
696 1333 724 1359 οὺ
744 1332 782 1367 μὴ
801 1333 883 1359 πίωσι

98 1378 145 1404 τὸν
160 1375 232 1404 οἶνον
250 1377 355 1403 αὐτῶν·
372 1377 414 1404 ὅτι
424 1377 507 1412 ἐγγὺς
519 1377 609 1413 ἡμέρα
620 1377 722 1413 Κυρίου
734 1378 750 1412 ή
767 1377 883 1413 μεγάλη,

96 1424 183 1458 ἐγγὺς
209 1423 257 1450 καὶ
278 1423 374 1458 ταχεῖα
392 1423 504 1458 σφόδρα.
528 1433 538 1449 ι
556 1423 634 1450 Πᾶσα
660 1423 709 1457 μὲν
728 1421 774 1450 οὖν
795 1423 883 1450 αὐτῶν

97 1471 115 1505 ἡ
127 1469 243 1506 δύναμις
261 1469 314 1496 ὑπὸ
327 1470 383 1496 τῶν
396 1468 532 1504 πολεμίων
548 1468 797 1505 περιαιρεθήσεται·
812 1470 884 1504 ἁφαο

97 1516 272 1551 νισθήσονται
293 1516 322 1542 δὲ
337 1516 383 1543 καὶ
396 1515 496 1547 πάντες
518 1514 606 1542 αὐτῶν
618 1516 643 1541 οἱ
657 1512 740 1541 οἷκον
758 1515 805 1543 καὶ
820 1514 881 1542 οὔτε

96 1562 153 1589 τῶν
164 1562 249 1590 οἴκων
263 1562 472 1594 ἀπολαύσουσιν,
485 1560 533 1593 οὓς
549 1562 618 1597 μετὰ
634 1561 732 1597 πολλῆς
743 1562 881 1597 οἰκοδομήε

97 1615 198 1639 σαντες
220 1606 391 1643 ἐπιμελείας.
406 1606 467 1634 οὔτε
481 1607 535 1633 τῶν
551 1606 693 1641 γεωργιῶν
711 1607 764 1633 τῶν
778 1606 885 1634 οἰκείων

95 1652 232 1687 λήψονται
247 1652 293 1679 τὸν
309 1652 428 1688 καρπόν·
452 1652 546 1687 ἐπειδὴ
562 1651 693 1687 πάρεστιν
711 1652 758 1679 καὶ
772 1652 885 1687 πλησίον

96 1698 169 1731 ἀγαν
180 1698 256 1725 ἐστὶν
271 1699 361 1734 ἡμέρα
371 1699 417 1725 τοῦ
428 1698 506 1731 Θεοῦ,
521 1699 581 1726 καθ’
593 1700 626 1734 ἢν
641 1698 786 1733 ἐκϐήσεται
799 1698 886 1724 πάντα

97 1743 173 1778 ἅπερ
195 1741 243 1771 οὖν
262 1744 450 1778 ἀποπέφανται
478 1744 537 1771 κατ’
553 1744 641 1771 αὐτῶν
658 1745 672 1770 ὁ
687 1742 764 1775 Θεός.
782 1751 792 1768 ι
808 1743 885 1778 Φωνὴ

96 1789 208 1826 ἡμέρας
229 1790 333 1826 Κυρίου
348 1790 436 1826 πικρὰ
457 1791 505 1818 καὶ
519 1790 624 1826 σκληρά
643 1790 780 1817 τέτακται.
800 1798 810 1815 ι
828 1790 885 1816 Με-

100 1835 223 1870 μήνυται
246 1835 300 1872 γὰρ
322 1837 336 1863 ό
359 1836 453 1873 καιρὸς
475 1836 524 1872 τῆς
543 1836 704 1871 ἀποφάσεως
726 1835 777 1871 τῆς
800 1835 884 1868 θείας,

934 927 1016 955 posse
1035 924 1065 947 ut
1077 920 1140 947 mali
1154 920 1258 954 aliquid
1275 921 1317 948 eis
1328 920 1435 948 accidat
1448 922 1512 948 talia
1530 922 1716 957 peccantibus.

933 965 1002 993 Nam
1016 966 1101 993 dictio
1112 975 1121 992 t
1142 965 1182 993 Ne
1201 966 1269 994 bene
1282 965 1377 997 faciat,
1392 975 1402 992 ι
1423 967 1534 1001 ﬁgurate
1551 967 1662 1003 legenda
1676 973 1719 996 est

933 1019 995 1047 pro,
1011 1011 1082 1040 bene
1096 1011 1189 1040 faciet.
1205 1021 1214 1037 ι
1234 1011 1268 1039 Ει
1283 1012 1333 1040 erit
1347 1012 1477 1039 fortitudo
1492 1020 1586 1040 eorum
1602 1013 1629 1040 in
1646 1014 1705 1041 diro

933 1058 1066 1092 ptionem.
1097 1062 1124 1085 et
1149 1057 1248 1085 domus
1270 1066 1364 1085 eorum
1392 1059 1419 1085 in
1445 1058 1651 1093 dissipationcm
1667 1067 1674 1085 :
1691 1065 1718 1087 et

933 1103 1107 1131 atdiiicabunt
1129 1103 1237 1137 domos,
1264 1108 1292 1131 et
1315 1112 1369 1131 nou
1386 1105 1548 1132 habitabunt
1564 1105 1592 1132 in
1618 1106 1676 1139 eis;
1691 1110 1718 1132 et

935 1151 1096 1185 plantabunt
1115 1151 1220 1183 vineas.
1246 1155 1274 1177 et
1302 1157 1357 1177 non
1386 1150 1479 1178 bibent
1498 1150 1716 1183 vinumearum.

933 1195 998 1230 quia
1014 1195 1094 1229 juxta
1120 1199 1163 1223 est
1196 1195 1255 1222 dies
1280 1195 1387 1222 Domini
1406 1203 1515 1231 magna,
1532 1197 1611 1230 juxta
1633 1201 1718 1224 estet

934 1240 1012 1267 velox
1024 1240 1116 1267 nimis.
1129 1249 1138 1266 I
1155 1239 1303 1271 Universa.
1319 1241 1417 1276 inquit,
1429 1249 1523 1268 eorum
1540 1242 1670 1269 fortitudo
1684 1243 1718 1269 ab

933 1285 1058 1313 hostibus
1071 1286 1271 1321 exstinguetur.
1295 1286 1471 1314 destruantur
1497 1292 1603 1314 cuncta:
1618 1287 1718 1315 domus

933 1339 1028 1358 eorum
1043 1340 1050 1358 :
1068 1339 1157 1368 neque
1171 1331 1296 1359 aediﬁciis
1325 1331 1451 1359 fruentur
1465 1339 1526 1368 qua!
1540 1332 1632 1360 sedula
1652 1341 1718 1360 cura

933 1381 1137 1407 exstruxerant.
1154 1385 1244 1412 neque
1260 1377 1294 1404 de
1308 1378 1381 1404 arvis
1392 1377 1449 1404 suis
1462 1377 1581 1405 fructum
1595 1385 1717 1413 carpent.

934 1422 1068 1455 Quoniam
1097 1423 1174 1450 adest
1189 1431 1328 1458 propeque
1344 1427 1385 1450 est
1400 1423 1447 1450 Dei
1461 1423 1533 1455 dies,
1546 1431 1602 1459 quo
1618 1429 1717 1451 cuncta

933 1469 1057 1496 evenient
1070 1476 1131 1503 quae
1144 1468 1178 1495 de
1196 1468 1252 1495 illis
1265 1468 1386 1496 decrevit
1396 1467 1478 1495 Deus.
1495 1477 1505 1493 ι
1523 1468 1582 1495 Vox
1596 1468 1649 1495 diei
1666 1469 1718 1495 Do-

934 1514 999 1542 mini
1016 1519 1143 1542 amaraet
1155 1514 1223 1541 dura
1241 1514 1328 1549 posita
1340 1518 1391 1541 est.
1409 1524 1418 1539 ι
1430 1513 1589 1541 Praedicitur
1612 1519 1718 1548 tempus

934 1559 1018 1586 divini
1034 1559 1146 1592 decreti,
1162 1559 1345 1591 amaritudine
1361 1560 1444 1585 multa
1455 1564 1483 1586 et
1500 1560 1647 1593 asperitate
1660 1561 1717 1595 ple.

934 1613 1008 1632 num.
1028 1614 1038 1631 ι
1054 1605 1157 1633 Potens
1185 1606 1244 1634 dies
1274 1606 1330 1633 im.
1347 1614 1357 1631 ι
1376 1605 1487 1634 Validus
1499 1605 1644 1633 admodum
1665 1606 1717 1634 diei

934 1652 1007 1679 illius
1023 1651 1109 1679 furor.
1123 1661 1133 1678 ι
1150 1651 1212 1679 Dies
1229 1652 1286 1684 illa,
1302 1651 1361 1679 dies
1381 1652 1568 1679 tribulationis
1581 1656 1608 1680 et
1633 1659 1719 1687 angu-

935 1698 1004 1730 stiae,
1021 1698 1080 1725 dies
1093 1698 1343 1733 intempestivitatis
1365 1701 1392 1724 et
1411 1698 1499 1730 exitii,
1513 1697 1571 1726 dies
1590 1698 1718 1726 tenebra-

937 1751 996 1769 rum
1012 1747 1039 1770 et
1051 1743 1190 1778 caliginis.
1204 1743 1264 1771 dies
1273 1743 1379 1771 nebula:
1394 1748 1422 1772 et
1434 1743 1561 1775 turbinis.
1573 1744 1633 1772 dies
1647 1745 1719 1772 tuba:

933 1794 961 1817 et
978 1790 1105 1817 clamoris
1128 1798 1211 1825 super
1229 1790 1311 1818 urbes
1327 1791 1447 1818 munitas
1462 1793 1489 1817 et
1508 1798 1590 1825 super
1605 1792 1719 1826 angulos

933 1836 1066 1862 excelsos.
1082 1844 1092 1860 ι

97 1880 200 1916 πολλῆς
214 1881 325 1917 πικρίας
339 1890 370 1908 τε
383 1881 430 1908 καὶ
443 1881 608 1917 τραχύτητος
621 1882 723 1917 γέμων.
743 1890 752 1907 ι
766 1881 872 1915 Δυνατὴ
885 1880 976 1915 ἡμέρα
990 1880 1085 1915 ὀργῆς.
1103 1889 1111 1905 ι
1122 1879 1241 1914 ’ἰσχυρὸς
1259 1880 1328 1913 ἄγαν
1346 1881 1395 1915 τῆς
1408 1881 1514 1916 ἡμέρας
1527 1882 1632 1916 ἐκείνης
1644 1882 1658 1907 ὁ
1671 1881 1718 1908 θυ-

98 1926 159 1960 μός.
173 1935 182 1951 ι
194 1927 226 1953 Ἦ
240 1927 330 1962 ἡμέρα
343 1927 443 1962 ἐκείνη.
455 1927 544 1963 ἡμέρα
561 1927 675 1962 θλίψεως
688 1927 734 1954 καὶ
748 1926 880 1962 ἀνάγκης,
897 1927 988 1961 ἡμέρα
1004 1926 1108 1962 ἁωρίας
1123 1926 1171 1952 καὶ
1185 1926 1349 1961 ἀφανισμοῦ,
1364 1926 1456 1962 ἡμέρα
1471 1926 1582 1958 σκότους
1594 1927 1641 1953 καὶ
1655 1928 1719 1961 γνό-

97 1980 162 2007 φου,
176 1971 271 2008 ἡμέρα
284 1972 398 2008 νεφέλης
407 1972 456 2000 καὶ
470 1971 594 2008 ὁμίχλης,
610 1972 701 2008 ἡμέρα
712 1971 861 2006 σάλπιγγος
873 1971 920 1997 καὶ
934 1970 1057 2006 κραυγῆς
1068 1971 1106 2005 (p.
1121 1969 1185 2004 591)
1202 1969 1249 1997 ἐπὶ
1262 1969 1311 2000 τὰς
1326 1970 1416 2002 πόλεις
1428 1972 1476 2002 τὰς
1489 1972 1598 2007 ὀχυρὰς,
1611 1973 1657 1999 καὶ
1673 1973 1720 2001 ἐπὶ

95 2017 147 2048 τὰς
163 2016 328 2052 γωνῑιςτὰς
346 2017 491 2053 ὑψηλάς-ι
522 2048 525 2052 .

133 2062 211 2099 Στίχ.
229 2061 274 2095 ιζ’,
289 2066 334 2099 ιη’.
350 2078 386 2084 --
399 2063 466 2091 Τότε
481 2063 535 2098 γὰρ
558 2063 663 2098 ἀνάγκη
684 2072 713 2090 τε
734 2063 780 2090 καὶ
797 2062 885 2098 θλίψις

96 2109 176 2136 ἔσται
193 2108 296 2145 πολλὴν
314 2109 360 2135 καὶ
384 2109 492 2137 θάνατοι
505 2109 591 2145 ἄωροι
604 2109 658 2136 τῶν
679 2110 707 2136 ἐν
720 2110 803 2144 νηπιᾳ
816 2117 884 2143 σφα-

97 2152 225 2188 ζομένων
239 2153 272 2188 τῇ
285 2152 392 2188 ἡλικίᾳ·
417 2153 568 2189 ἀφανισμός
579 2162 610 2180 τε
623 2154 773 2190 ἀνθρώπων
785 2154 867 2185 ¹ιιιολὺς
876 2173 884 2184 .

96 2198 136 2230 ὡς
157 2197 285 2225 ἐντεῦθεν
311 2198 433 2230 ἅπαντας
459 2199 547 2226 δοκεῖν
573 2199 672 2234 σκότῳ,
684 2199 774 2234 γνόφῳ
799 2200 886 2235 ἧτινι

970 2061 1052 2089 Vens.
1070 2060 1162 2088 17-18.
1177 2076 1211 2081 -
1226 2059 1304 2087 Tunc
1318 2060 1390 2087 enim
1415 2062 1548 2094 angustia:
1567 2067 1647 2088 erunt
1659 2083 1667 2093 .
1692 2067 1719 2089 ct

934 2107 1074 2134 tribulatio
1084 2107 1181 2138 multa,
1197 2109 1225 2133 et
1238 2105 1392 2132 immatura:
1409 2110 1511 2133 mortes
1523 2107 1549 2133 in
1567 2112 1658 2134 tenera
1673 2115 1718 2135 oc-
1750 2120 1754 2124 -

934 2153 1053 2179 cisorum
1064 2156 1152 2183 aetate.
1161 2150 1250 2178 caedes
1264 2151 1405 2178 hominum
1417 2151 1513 2184 multa,
1531 2152 1567 2178 ita
1584 2157 1612 2179 ut
1621 2153 1719 2182 abhinc

934 2198 1077 2226 videantur
1091 2203 1186 2224 omnes
1201 2196 1331 2227 tenebris,
1351 2196 1478 2231 caligine,
1493 2203 1521 2224 et
1535 2198 1634 2225 nebula
1651 2206 1719 2234 qua-

96 2241 200 2278 νεςρέλῃ
225 2242 421 2278 περικεχύσθαι
446 2244 492 2272 καὶ
510 2243 627 2280 ὁμίχλῃ·
647 2244 663 2279 ἢ
681 2252 709 2270 τε
731 2244 784 2279 γὰρ
807 2244 884 2271 πολε-

936 2244 998 2271 dam
1013 2250 1045 2270 ac
1059 2242 1169 2270 turbine
1185 2241 1381 2270 circumfundi.
1396 2241 1463 2269 Nam
1488 2247 1515 2269 et
1531 2243 1626 2271 bellica
1642 2244 1718 2277 tuba,

98 2288 168 2323 μικὴ
185 2287 319 2323 σάλπιγξ,
341 2289 387 2316 καὶ
405 2290 422 2325 ή
446 2290 514 2324 μετὰ
527 2290 628 2325 ταύτης
644 2290 720 2326 φωνὴ
735 2291 789 2317 τῶν
807 2291 886 2317 πολε-

98 2334 170 2368 μίων
182 2332 313 2369 μέγιστον
323 2334 420 2370 ὴχήσει
431 2335 656 2371 προσημαίνουσα
663 2335 717 2363 τῶν
729 2345 757 2363 τε
770 2336 887 2372 ἰσχυρῶν

96 2380 206 2407 πόλεων
230 2380 279 2407 καὶ
299 2379 354 2407 τῶν
377 2380 512 2416 μεγίστων
538 2381 631 2408 οἰκιῶν
650 2381 699 2417 τὴν
716 2381 885 2418 καθαίρεσιν.

100 2435 109 2451 ι
129 2426 188 2453 Καὶ
210 2425 332 2461 ἐκθλίψω
351 2426 415 2457 τοὺς
430 2425 608 2461 ἀνθρώπους,
631 2427 682 2454 καὶ
709 2428 886 2463 πορεύσονται

96 2471 136 2503 ὡς
148 2470 261 2506 τυφλοὶ,
275 2471 318 2498 ὅτι
341 2469 380 2506 τῷ
398 2471 493 2507 Κυρίῳ
512 2471 680 2507 ἐξήμαρτον·
696 2473 740 2499 καὶ
755 2473 842 2508 ἐκχεῶ
857 2472 887 2500 τὸ

96 2515 170 2552 αἷμα
194 2516 286 2545 αὐτῶν
307 2516 347 2548 ὡς
374 2516 454 2552 χοῦν,
474 2517 521 2543 καὶ
545 2517 594 2548 τὰς
619 2518 723 2557 σάρκας
742 2518 832 2545 αὐτῶν
850 2519 888 2550 ὡς

97 2563 224 2598 βέλόιτα.
248 2572 258 2589 ι
275 2563 316 2599 Τῇ
333 2562 383 2598 μὲν
396 2563 451 2598 γὰρ
473 2562 610 2598 ὑπερϐολῇ
625 2563 675 2598 τῆς
695 2563 810 2599 θλίψεως
822 2564 888 2591 διοί-

97 2617 177 2636 σουσι
198 2607 308 2643 τυφλῶν
330 2608 420 2635 οὐδέν’
444 2607 504 2635 οὐδὲ
525 2608 560 2635 τὰ
584 2609 636 2645 πρὸ
654 2609 742 2637 ποδῶν
757 2611 823 2646 ὁρᾷν
838 2607 888 2637 οἷοί

97 2663 127 2681 τε
154 2655 253 2687 ὄντες·
279 2654 420 2682 πείσονται
445 2654 474 2681 δὲ
491 2654 597 2682 ᾶπαντα
623 2656 762 2690 συντόμως
785 2657 886 2686 εἰπεῖν,

98 2700 252 2736 ἐπειδήπερ
262 2699 335 2733 ἄγαν
345 2698 483 2733 ὴσέδησαν
497 2699 533 2731 εἰς
550 2698 616 2725 Θεόν
625 2707 632 2714 ·
644 2699 713 2734 ὑπὲρ
725 2695 762 2725 ὥν
775 2699 889 2734 αἵματός

98 2754 130 2772 τι
144 2745 258 2782 ἔκχυσις
282 2744 322 2777 ὠς
346 2745 379 2771 ἐκ
403 2743 499 2772 πολλοῦ
518 2745 661 2780 γενήσεται
687 2744 782 2778 φόνου·
811 2744 841 2771 αῖ
860 2753 889 2771 τε

99 2791 155 2819 τῶν
174 2790 407 2826 ἀποθνησκόντων
431 2789 531 2824 σάρκες
547 2789 658 2824 ἀτάφων
679 2789 811 2825 μενόντων
837 2789 890 2815 τῶν

102 2836 320 2873 ἀναιρουμένων,
336 2835 402 2861 ὡσεὶ
424 2834 524 2870 κόπρος
539 2843 582 2865 τις
605 2836 673 2862 κατὰ
690 2835 789 2867 παντὸς
810 2836 891 2871 ῥιφή-

264 2882 403 2912 ΡΔτιιοι.
420 2881 477 2910 Gn.
498 2880 598 2910 LXVI.

935 2294 962 2318 et
972 2290 1042 2317 hanc
1058 2289 1223 2317 subsecutus
1239 2288 1358 2315 hostium
1371 2288 1476 2314 clamor
1495 2289 1628 2317 altissime
1643 2299 1719 2318 reso’

935 2336 1023 2366 nabit,
1049 2335 1218 2362 munitarum
1238 2334 1345 2361 urbium
1367 2341 1399 2360 ac
1419 2334 1581 2369 palatiorum
1607 2337 1718 2364 exitium

936 2381 1112 2416 portendens.
1129 2391 1139 2407 ι
1156 2381 1189 2408 Et
1202 2380 1338 2408 tribulabo
1355 2380 1490 2408 homines.
1501 2385 1528 2408 et
1542 2381 1719 2410 ambulabunt

936 2432 966 2455 ut
980 2427 1054 2455 caeci.
1065 2428 1129 2461 quia
1139 2426 1252 2453 Domino
1261 2430 1441 2460 peccaverunt
1456 2432 1501 2453 :et
1507 2426 1644 2454 ell‘undam
1656 2435 1720 2456 san-

937 2473 1046 2508 guinem
1071 2480 1168 2499 eorum
1197 2472 1269 2499 sicut
1293 2471 1442 2507 pulverem.
1464 2477 1490 2498 ct
1511 2480 1607 2500 carnes
1624 2482 1718 2501 eorum

937 2520 1009 2547 sicut
1025 2522 1146 2546 stercora
1163 2518 1255 2544 boum.
1277 2527 1285 2543 ι
1304 2517 1500 2544 Tribulationis
1523 2526 1648 2549 excessu.
1665 2527 1719 2547 non

937 2568 1017 2592 erunt
1043 2564 1124 2591 cacis
1155 2563 1312 2593 dissimiles.
1338 2570 1372 2589 ne
1392 2563 1436 2588 illa
1451 2563 1561 2597 quidetn
1585 2571 1646 2594 qua:
1658 2569 1721 2591 ante

939 2610 1021 2645 pedes
1034 2612 1100 2636 sunt
1124 2609 1219 2635 videre
1232 2608 1362 2636 valentes.
1380 2608 1480 2643 Atque,
1510 2612 1540 2635 ut
1561 2611 1717 2637 summatim

938 2656 1038 2688 dicam,
1056 2654 1124 2681 nihil
1140 2662 1193 2681 non
1209 2653 1288 2688 257
1309 2654 1456 2688 patientur,
1477 2654 1541 2689 quia
1557 2658 1677 2691 graviter
1692 2658 1718 2684 in

939 2700 1022 2728 Deum
1037 2704 1227 2735 peccaverunt.
1237 2699 1274 2726 Ea
1288 2703 1399 2734 propter
1412 2703 1440 2726 et
1455 2701 1597 2735 sanguinis
1609 2701 1720 2731 effusio.

939 2750 1067 2780 tanquam
1091 2746 1183 2772 multa:
1197 2745 1345 2772 occisionis
1364 2745 1425 2777 erit,
1445 2749 1473 2773 et
1487 2747 1642 2775 occisorum
1658 2755 1716 2775 car-

940 2800 999 2824 nes,
1031 2791 1175 2826 insepultis
1205 2791 1320 2818 mortuis
1344 2792 1529 2824 manentibus,
1545 2793 1624 2827 quasi
1643 2793 1723 2820 limus

941 2838 1050 2871 quitiam
1065 2836 1138 2864 omni
1157 2836 1215 2864 loco
1234 2835 1420 2871 iactabuntur.
1441 2846 1449 2862 t
1468 2836 1501 2863 Et
1517 2843 1658 2871 argentum
1675 2846 1721 2866 au—
