1969 3069
263 127 313 153 θῗῖυ

859 126 875 152 ἰ
884 126 1032 152 ΙΙΕυυυΙΗ
1053 126 1166 152 ιιυνδυ
1172 126 1292 152 ES'I'LNI

1837 127 1894 152 Ιὸυ

262 189 378 217 rumque
392 188 486 208 eorum
518 189 569 207 non
588 181 686 216 poterit
703 181 818 208 liberare
832 188 880 208 eos
895 182 922 208 in
939 180 984 209 die
1003 182 1050 208 ira:

1108 190 1176 208 τεται
1208 182 1300 208 τόπου.
1324 188 1336 205 ι
1362 182 1416 209 Καὶ
1443 182 1474 208 τὺ
1497 181 1627 217 ἀργύριον
1650 182 1697 208 καὶ
1722 181 1754 209 τὸ
1780 183 1895 219 χρυσίον

263 228 381 259 homini,
392 231 419 254 et
431 227 490 262 igne
500 227 549 254 zeli
561 227 621 262 ejus
631 228 945 275 consumetuwniversa
956 233 1028 255 terra
1042 237 1048 254 :

261 277 326 309 quia
337 274 601 301 consummationem
613 277 641 301 et
655 269 857 300 festinationem
874 273 954 300 faciet
969 281 1052 308 super

261 327 357 347 omnes
381 323 460 347 terra!
491 319 671 346 habitatores.
690 328 699 343 ›
715 317 787 344 Nihil
808 318 878 352 ipsis
902 315 1051 353 proderunt

261 365 439 399 divitiasquas
448 364 548 398 injuste
555 367 798 396 coacervaveruut,
810 364 872 398 quia
890 363 945 390 haec
961 364 1051 391 omnia

261 415 383 446 tempore
409 411 456 436 illo
483 410 581 437 divinae
594 409 692 435 cedent
716 408 773 439 iraa,
794 415 854 442 quae
876 409 947 443 ignis
964 408 1052 435 instar

262 458 419 485 universam
436 459 579 484 consumet
595 460 713 486 terram,
730 458 845 481 cunctos
861 458 950 480 autem
974 453 1051 480 habi-

262 508 364 530 tatores
384 503 443 536 ejus
469 502 551 528 multa
577 508 638 527 cum
658 500 831 527 festinatione
852 499 1050 534 pessumdabit.

262 549 364 575 lli-inde
380 551 442 582 post
458 547 596 574 malorum
623 545 838 580 prmdietionem,
856 545 883 571 in
900 552 975 579 spem
992 545 1052 571 illos

263 603 312 630 pm
326 602 402 622 more
416 601 466 621 suo
480 592 611 628 propheta
623 592 742 626 erigens,
756 591 844 626 pergit
857 591 963 618 dicere:

1099 227 1189 254 αὐτῶν
1214 227 1244 254 οὐ
1271 227 1308 263 μὴ
1335 227 1435 263 δυνηθῇ
1460 227 1598 260 ἐξελέσθαι
1622 228 1719 260 αὐτοὺς
1741 229 1771 255 ὲν
1798 231 1894 267 ἡμέρα

1099 272 1184 308 ὀργῆς
1205 272 1308 308 Κυρίου
1320 292 1328 304 ,
1342 273 1388 299 καὶ
1402 273 1432 300 ἐν
1454 273 1520 308 πυρὶ
1537 273 1618 308 ζήλου
1633 274 1716 300 αὑτοῦ
1728 275 1893 301 καταναλω-

1101 317 1212 353 θήσεται
1231 318 1307 344 πᾶσα
1331 318 1348 352 ὴ
1368 318 1423 353 γῆ·
1446 317 1513 343 διότι
1530 318 1685 344 συντέλειαν
1711 319 1758 345 καὶ
1774 319 1895 354 σπουδὴν

1101 364 1207 400 ποιήσει
1223 365 1270 390 ἐπὶ
1290 364 1394 395 πάντας
1417 363 1479 395 τοὺς
1507 363 1701 396 κατοικοῦντας
1719 365 1768 400 τὴν
1794 365 1857 400 γῆν.
1879 375 1890 391 ι

1102 409 1215 442 Ὂνησις
1238 409 1330 439 αὐτοῖς
1351 408 1464 443 οὐδεμία
1489 408 1534 434 τοῦ
1556 409 1670 436 πλούτου
1697 411 1840 444 γενήσεται
1861 410 1894 437 ὃν

1102 456 1253 490 συνήγαγον
1277 456 1392 487 ἀδίκως,
1422 456 1466 491 (p.
1489 456 1557 489 392)
1583 457 1676 492 ἐπειδὴ
1696 457 1783 483 ταῦτα
1803 458 1896 484 πάντα

1101 500 1171 526 κατὰ
1187 500 1232 526 τὸν
1257 501 1351 536 καιρὸν
1375 503 1477 528 ἐκεῖνον
1502 501 1615 537 δεύτερα
1642 502 1691 537 τῆς
1710 503 1794 537 ὀργῆς
1815 503 1895 530 ἔσται

1100 546 1150 580 τῆς
1173 546 1265 578 θείας,
1292 546 1309 581 ἣ
1328 547 1415 583 πυρὸς
1428 547 1506 583 δίκην
1527 549 1618 575 πᾶσαν
1633 549 1682 583 μὲν
1702 548 1896 575 καταναλὼσει

1102 592 1151 626 τὴν
1166 593 1233 626 γῆν,
1252 593 1359 624 πάντας
1380 593 1409 620 δὲ
1437 594 1500 625 τοὺς
1520 594 1692 626 ἐνοικοῦντας
1713 594 1797 630 αὐτὴν
1824 594 1898 630 μετὰ

261 639 359 666 τολλοῦ
371 647 403 672 γε
416 637 541 664 ἀπολέσει
554 636 600 662 τοῦ
615 636 723 671 τάχους.
742 633 808 662 Εἶτα
828 635 896 670 μετὰ
912 635 961 670 τὴν
981 637 1095 670 μήνυσιν
1111 636 1165 662 τῶν
1181 636 1290 669 κακῶν,
1309 637 1450 669 εὐέλπιδας
1463 639 1560 670 αὐτοὺς
1577 638 1667 670 καθὼς
1681 638 1777 664 εἴωθεν
1798 638 1813 664 ὁ
1825 645 1898 674 προ-

263 690 350 722 φῄτης
365 684 457 716 ποιῶν,
472 683 568 717 ἐπάγει

593 727 670 755 CAP.
686 727 718 754 ll.

299 775 451 804 Vsas.t-3.
467 789 500 794 —
524 783 533 799 ι
547 773 769 808 Congrcgamini,
795 772 934 806 simulque
962 776 1052 801 orate,

261 830 328 858 gens
340 821 489 851 inerudita.
507 824 652 854 antequam
678 819 750 845 fialis
767 823 796 845 ut
809 817 858 845 ﬂos
868 818 1054 852 pi-rtransiens

262 868 387 898 diurnus,
416 869 562 899 antequam
586 863 676 890 veniat
696 861 780 897 super
808 870 856 889 vos
878 863 916 889 ira
951 862 1054 889 furoris

1425 729 1503 756 ΚΕΦ.
1525 729 1562 755 Β’.

1136 775 1209 810 Στίχ.
1227 774 1300 807 α’-γ’.
1324 789 1359 794 -
1381 783 1391 800 (
1408 775 1562 810 Συνάχθητε
1595 775 1640 801 καὶ
1668 774 1842 811 συνδεήθητε,
1861 778 1897 805 τὸ

1102 818 1178 850 ἔθνος
1188 819 1218 845 τὸ
1228 819 1389 846 ἀπαίδευτον
1400 819 1454 854 πρὸ
1466 819 1512 846 τοῦ
1526 819 1653 853 γενέσθαι
1669 819 1741 855 ὑμᾶς
1755 819 1793 851 ὡς
1813 820 1899 851 ἄνθος

1104 864 1366 899 παραπορευόμενον
1378 864 1494 899 ἡμέρας,
1508 865 1560 900 πρὸ
1571 865 1617 891 τοῦ
1629 864 1752 891 ἐπελθεῖν
1765 865 1806 899 ἐφ’
1819 865 1898 900 ὑμᾶς

263 910 380 937 Domitii.
400 919 410 934 ι
433 909 530 943 Agesis
547 908 630 939 enim,
644 913 740 933 omnes
755 905 802 940 qui
820 905 956 932 hactenus
972 905 1052 932 ollicii

1108 910 1187 946 ὀργὴν
1204 910 1290 945 θυμοῦ
1308 911 1452 945 Romam?)
1479 910 1558 937 Ἀλλὰ
1573 911 1625 946 γὰρ
1645 911 1763 943 ἅπαντες
1778 912 1857 947 ὑμεῖς
1869 911 1898 937 οἱ

264 955 346 982 vestri
358 954 533 988 disciplinam
545 959 599 979 non
620 951 784 985 excepistis,
803 958 876 976 nunc
889 949 1053 983 congregati

263 1007 421 1028 communes
433 999 486 1026 Deo
498 1006 593 1033 preces
604 997 735 1028 extollite.
751 1004 786 1024 ne
801 996 870 1022 forte
882 995 956 1022 ﬂoris
967 996 1055 1022 instar

264 1050 374 1081 repente
384 1044 590 1072 marcescentis.
602 1050 758 1078 supremum
771 1043 884 1070 exitium
900 1042 1052 1076 patiamini,

268 1097 323 1117 tota
339 1091 365 1117 in
378 1097 428 1116 vos
444 1089 565 1115 irruente
574 1088 665 1114 divitia
681 1087 732 1113 ira.
745 1095 754 1111 ι
767 1086 887 1120 Quazrite
898 1086 1054 1118 Dominum,

263 1137 354 1164 cuncti
368 1136 486 1163 humiles
508 1140 597 1161 teme.
615 1143 625 1160 ι
642 1132 697 1160 Vos
708 1133 755 1167 qui
777 1141 833 1168 pra:
852 1132 958 1159 ueteris
976 1136 1055 1158 terra:

263 1184 381 1215 incolis,
411 1181 617 1210 calamitatibus
644 1180 756 1207 inflictis
782 1179 916 1206 humiliati
950 1178 1053 1208 fuistis,

263 1235 336 1254 nime
350 1230 492 1260 resumpto
502 1232 573 1252 vera:
589 1224 700 1259 pietatis
713 1223 816 1255 studio,
835 1223 1054 1250 misericordiam

264 1275 408 1309 implorate
425 1272 557 1299 divinam.
578 1279 587 1295 ‹
605 1269 742 1296 Judicium
766 1269 916 1303 Operamini
932 1273 959 1295 et
973 1268 1057 1302 justi-

264 1321 330 1346 tiam
356 1319 479 1354 quzerite.
497 1327 506 1343 ι
529 1316 607 1345 Nunc
622 1316 686 1342 facti
705 1315 772 1350 justi
788 1314 886 1342 debita:
903 1314 1056 1342 honestatis

265 1366 382 1400 iudices,
403 1364 648 1396 discernenteSquc
662 1368 676 1387 a
690 1361 828 1388 deteriore
844 1359 954 1390 melius,
973 1360 1056 1394 justi-

267 1410 310 1436 tiae
316 1409 378 1435 date
386 1415 508 1442 operam.
520 1415 528 1431 ι
535 1405 653 1438 Qum-rite
661 1404 899 1431 mansuetudinem
908 1408 935 1430 et
946 1410 1058 1438 respon-

267 1453 328 1479 dete
343 1449 613 1485 ea,utprotcgamini
628 1449 655 1474 in
671 1447 715 1474 die
730 1447 777 1474 ira:
786 1447 920 1474 Domini.»
930 1446 1058 1474 Mansue-

267 1498 388 1525 tudinem
398 1497 490 1531 eligite
499 1499 527 1522 et
537 1494 707 1530 patientiam.
722 1501 802 1520 Seeus
818 1500 850 1520 ac
860 1493 923 1520 olim
952 1492 1059 1527 injustae

267 1549 417 1578 pauperum
432 1538 603 1575 oppressioni
618 1546 728 1574 operam
744 1537 877 1566 dedistis:
893 1537 976 1572 258
992 1537 1059 1572 quin

1107 955 1186 990 μέχρι
1208 954 1254 980 τοῦ
1266 954 1347 989 δεῦρο
1367 954 1415 990 τὴν
1431 953 1485 982 τῶν
1499 955 1690 990 προσηκόντων
1706 955 1736 982 οὐ
1751 955 1898 991 δεξάμενοι

1105 999 1240 1031 παιδείαν,
1261 1000 1309 1026 νῦν
1325 1000 1397 1034 γοῦν·
1413 1001 1583 1031 συνελθόντες
1593 1021 1600 1033 ,
1613 1001 1704 1033 κοινὰς
1721 1001 1770 1032 τὰς
1784 1002 1899 1037 δεήσεις

1105 1046 1142 1080 τῷ
1155 1045 1214 1081 Θεῷ
1228 1046 1417 1081 προσαγάγετε
1427 1067 1434 1078 ,
1451 1046 1488 1078 ὠς
1501 1046 1533 1073 ἂν
1545 1050 1580 1086 μὴ
1596 1047 1673 1082 δίκην
1685 1047 1781 1078 ἄνθους
1795 1047 1899 1083 ἀθρόον

1105 1089 1299 1123 ἁᾳανισθέντος
1327 1090 1447 1125 παντελῆ
1479 1089 1527 1126 τὴν
1550 1090 1686 1116 ἀπώλειαν
1709 1091 1898 1127 ὑπομείνητε,

1105 1135 1243 1167 ὀλοτελοῦς
1263 1137 1305 1170 ἐφ’
1320 1136 1391 1170 ὑμᾶς
1414 1135 1570 1170 ἐνεχθείσης
1584 1136 1633 1170 τῆς
1647 1136 1731 1171 ὀργῆς
1744 1137 1795 1172 τῆς
1805 1138 1898 1168 θείας.

1109 1191 1118 1206 ί
1136 1182 1272 1216 Ζητήσατε
1290 1181 1334 1208 τὸν
1350 1181 1462 1216 Κύριον,
1481 1182 1581 1213 πάντες
1595 1183 1718 1209 ταπεινοὶ
1734 1183 1794 1218 γῆς.
1811 1193 1821 1209 ι
1838 1184 1900 1210 Καὶ

1106 1227 1130 1252 οἱ
1146 1225 1220 1260 παρὰ
1238 1225 1342 1257 πάντας
1354 1226 1415 1256 τοὺς
1429 1226 1478 1261 τὴν
1495 1226 1547 1260 γῆν
1564 1226 1706 1258 οἰκοῦντας
1721 1228 1782 1259 ταῖς
1799 1228 1900 1254 ἐπενε-

1107 1271 1228 1306 χθείσαις
1245 1272 1308 1307 ὑμῖν
1332 1273 1484 1308 συμφοραῖς
1502 1273 1744 1308 τεταπεινωμένοι,
1760 1273 1899 1310 ἐπιμελη-

1108 1314 1201 1346 θέντες
1215 1315 1264 1348 τῆς
1285 1314 1436 1348 εὐσεϐείας,
1450 1315 1495 1342 τὸν
1511 1315 1584 1342 ἔλεον
1610 1317 1740 1352 αἰτήσατε
1753 1317 1799 1344 τὸν
1810 1318 1896 1345 θεῖον.

1111 1369 1120 1385 ‹
1140 1360 1233 1395 Κρῖμα
1257 1359 1411 1395 ὲργὰσασθε
1437 1360 1483 1387 καὶ
1511 1360 1647 1396 ζητήσατε
1673 1361 1857 1397 δικαιοσύνην.
1884 1372 1895 1388 ›

1108 1406 1165 1432 Νῦν
1181 1406 1255 1441 ὀρθοὶ
1270 1406 1316 1432 τοῦ
1342 1406 1525 1442 προσήκοντος
1549 1408 1689 1442 γενόμενοι
1706 1408 1815 1443 κριταὶ,
1846 1408 1898 1435 καὶ

1108 1451 1291 1486 διακρίνοντες
1303 1451 1336 1477 ὲκ
1352 1451 1398 1478 τοῦ
1410 1451 1531 1488 χείρονος
1544 1452 1574 1478 τὸ
1585 1454 1707 1487 κρεῖττον
1719 1453 1897 1487 ἐπιμελεῖσθε

1106 1492 1273 1520 τοῦδικαίου.
1282 1495 1321 1528 (p.
1331 1493 1396 1530 595)
1407 1503 1416 1519 ι
1427 1494 1565 1530 Ζητήσατε
1577 1494 1717 1528 πραότητα
1723 1495 1768 1520 καὶ
1780 1495 1897 1530 ἀποκρί-

1106 1537 1183 1564 νεσοε
1200 1537 1280 1570 αὐτὰ,
1297 1538 1370 1570 ὅπως
1389 1539 1560 1572 σκεπασθῆτε
1583 1540 1611 1564 ὲν
1632 1539 1722 1575 ἡμέρᾳ
1734 1540 1821 1574 ὀργῆς
1838 1540 1898 1566 Κυ-

267 1589 335 1616 adco
351 1585 610 1623 spondete,morum
622 1585 718 1611 horum
731 1584 787 1611 fore
807 1592 856 1611 vos
871 1583 1019 1610 studiosos:
1031 1582 1056 1609 id

1110 1583 1178 1618 ρίου.
1195 1593 1203 1609 ι
1227 1584 1394 1610 Ἐπιείκειαν
1411 1584 1503 1611 ἕλεσθε
1521 1584 1566 1610 καὶ
1585 1583 1769 1616 ἀνεξικακίαν,
1783 1584 1842 1610 ἀνθ’
1860 1583 1898 1620 ἧς

267 1635 340 1662 enim
349 1632 745 1667 valetdictio,tRespondeteea
752 1640 759 1664 ;
766 1635 935 1664 mttempore
946 1629 1061 1664 punitio-

269 1680 313 1706 nis
324 1676 533 1712 consequamini
550 1675 667 1709 aliquam
675 1682 690 1700 a
700 1673 753 1701 Deo
760 1682 848 1708 opem.
860 1674 956 1701 Postea
966 1675 1062 1701 recitat

270 1723 426 1752 inferendas
439 1721 601 1756 alienigenis
614 1720 818 1754 castigationes,
829 1724 940 1754 propter
951 1720 1060 1747 illorum

269 1771 401 1798 adversus
424 1767 564 1796 lsraelitas
594 1766 777 1801 iniquitatem,
807 1769 837 1791 ut
864 1766 904 1792 sic
930 1766 1059 1799 majorem

271 1817 316 1843 Dei
333 1823 397 1851 erga
414 1815 463 1842 hos
475 1813 588 1841 tutelam
605 1813 784 1840 demonstret.

270 1862 417 1897 ἀλλοτρίων
438 1859 572 1895 τιμωρίας
603 1858 672 1893 ὑπὲρ
700 1857 748 1893 τῆς
770 1858 810 1888 εἰς
827 1857 924 1889 αὐτοὺς
950 1857 1056 1889 ἀδικίας

269 1908 432 1945 κηξεμονίας
446 1907 492 1933 τοῦ
506 1907 572 1932 Θεοῦ
587 1906 728 1941 ποιήσαιτο
743 1905 792 1940 τὴν
805 1904 950 1937 ἀπόδειξιν.

309 1955 390 1982 \‘cns.
407 1954 465 1982 4-6.
487 1966 515 1973 ι-
531 1963 540 1978 ι
558 1953 626 1986 Quia
641 1952 714 1980 Gaza
730 1953 886 1988 diripietur,
901 1957 928 1980 et
943 1953 1059 1980 Asealou

269 2004 297 2030 in
313 2001 523 2032 desolationem,
543 2004 570 2027 et
587 2000 688 2027 Azotus
703 1999 817 2027 meridie
846 1999 1017 2034 projicictur,
1035 2005 1060 2027 et

273 2052 395 2076 Aecaron
412 2047 607 2075 eradicabitur.
624 2054 635 2072 δ
649 2047 815 2081 Alienigena:
829 2053 938 2077 omnes,
950 2050 1061 2080 propter

271 2103 300 2121 ea
314 2101 374 2128 qua:
386 2094 518 2119 adversus
544 2099 593 2119 vos
611 2096 735 2127 egerunt,
762 2099 814 2118 non
834 2091 945 2125 vulgare
956 2090 1061 2125 suppli-

272 2142 344 2168 cium
374 2139 522 2175 perferent.
550 2138 610 2165 Jam
627 2138 776 2170 «meridie,
797 2147 805 2162 ι
829 2145 975 2164 commune
1000 2137 1061 2163 aliis

273 2185 444 2215 vocabulum,
457 2184 523 2211 dicit
535 2191 595 2218 pro,
612 2183 764 2214 manifeste,
778 2183 814 2209 ita
829 2186 856 2208 ut
871 2191 915 2209 res
927 2182 1061 2209 neminem

273 2232 354 2258 [ιιι-ιιι
380 2240 385 2258 :
407 2239 469 2257 nam
492 2237 552 2265 qua:
571 2230 606 2257 de‘
629 2229 743 2263 singulis
765 2229 831 2255 dicit
852 2228 981 2259 urbibus,
1007 2228 1064 2254 sive

273 2278 357 2306 (iam.
376 2277 434 2304 sive
452 2275 671 2307 Ascaloue,'sive
690 2275 813 2309 reliquis,
833 2273 1014 2301 communiter
1031 2273 1065 2299 de

273 2324 400 2350 oinuibus
417 2322 494 2354 dicit,
508 2321 560 2349 etsi
577 2320 663 2348 diviso
692 2327 834 2351 sermone,
855 2322 884 2345 ut
901 2319 980 2346 solet.
1002 2317 1065 2344 Vult

273 2370 345 2396 enim
362 2369 452 2395 dicere
468 2371 582 2395 cunctas
597 2366 812 2401 alienigenarum
829 2366 912 2392 urbes
928 2364 1063 2399 direptum

274 2417 498 2450 destructumque
511 2414 556 2447 iri,
571 2418 598 2442 et
615 2414 689 2441 omni
705 2421 754 2440 sua
768 2412 933 2447 proprietate
942 2411 1062 2446 dejectas

275 2468 433 2496 supremum
450 2459 585 2487 excidium
604 2465 745 2494 passuras.
771 2467 780 2483 ί
801 2457 845 2484 Vat
861 2457 907 2491 qui
932 2457 1062 2484 habitatis

275 2508 426 2534 funiculum
436 2506 531 2537 maris,
542 2506 652 2532 advena:
662 2504 816 2531 Cretenses!
827 2503 943 2530 Verbum
956 2503 1061 2529 Domini

275 2561 359 2586 super
374 2559 431 2583 vos,
443 2552 573 2578 Chanaan
591 2555 662 2578 terra
676 2550 836 2577 alienorum.
849 2549 880 2575 Et
891 2549 1002 2584 perdam
1015 2556 1062 2575 vos

275 2601 308 2625 de
319 2598 497 2624 habitatione.
509 2597 541 2623 Et
549 2597 600 2623 erit
608 2597 687 2624 Creta
702 2603 801 2630 pascua
814 2603 937 2630 gregum,
949 2599 975 2622 et
992 2594 1063 2621 ovile

275 2651 417 2679 pecorum.
439 2653 449 2669 ›
467 2642 536 2675 Quia
563 2643 705 2669 maritimae
728 2643 808 2669 urbes
828 2642 879 2668 illa:
898 2645 987 2671 erant,
1004 2640 1062 2666 ideo

277 2689 429 2716 funiculum
443 2689 527 2715 maris
538 2697 583 2716 cas
599 2689 753 2724 appellavit.
770 2689 841 2715 sicut
856 2688 938 2715 etiam
968 2687 1064 2713 beatus

279 2735 362 2762 David
375 2736 412 2762 ait
430 2735 473 2762 bis
490 2735 579 2761 verbis
594 2744 599 2760 :
617 2745 626 2761 ‹
643 2736 716 2762 Dabo
732 2735 780 2762 tibi
802 2740 902 2762 terram
918 2733 1063 2764 Chanaan,

278 2781 430 2808 funiculum
451 2780 616 2810 hmreditatis
636 2785 734 2809 vestra:
746 2782 768 2797 ’⁸
784 2790 790 2808 :
807 2790 815 2805 ι
830 2786 952 2816 proeout
968 2780 1040 2807 dicat
1057 2786 1062 2804 :

316 2837 338 2853 “
354 2836 415 2865 Psal
438 2844 492 2870 etv,
514 2836 557 2863 Η.

1108 1629 1240 1664 πρότερον
1253 1630 1324 1656 κατὰ
1332 1630 1386 1656 τῶν
1401 1630 1570 1665 πενεστέρων
1582 1630 1758 1664 ὲπετηδεύετε
1777 1630 1897 1663 ἀδικίας,

1108 1676 1156 1703 καὶ
1169 1676 1201 1711 δὴ
1214 1675 1342 1702 σύνθεσθε
1357 1676 1475 1712 περὶτὴν
1482 1676 1584 1702 τούτων
1592 1676 1664 1711 ἔχειν
1676 1676 1793 1711 σπουδήν
1803 1677 1899 1704 ’τοῦτο

1108 1721 1163 1757 γὰρ
1177 1721 1299 1756 λέγειτδ,
1315 1731 1324 1747 ι
1342 1722 1396 1748 Καὶ
1407 1721 1587 1756 ἀποκρίνεσοε
1599 1722 1678 1752 αὐτὰ,
1694 1731 1702 1747 ι
1715 1723 1753 1754 ὡς
1767 1722 1800 1749 ἂν
1812 1731 1900 1758 προσ-

1109 1767 1212 1801 γένοιτο
1225 1767 1289 1802 ὑμῐν
1305 1767 1334 1793 ὲν
1352 1767 1389 1802 τῷ
1406 1767 1494 1802 καιρῷ
1509 1767 1558 1801 τῆς
1574 1767 1708 1803 τιμωρίας
1721 1770 1812 1803 τυχεῖν
1822 1777 1899 1800 τινος

1109 1811 1184 1846 παρά
1207 1811 1254 1837 τοῦ
1274 1811 1341 1838 Θεοῦ
1366 1811 1502 1846 βοηθείας.
1523 1809 1588 1838 Εἶτα
1602 1811 1675 1845 λέγει
1689 1810 1739 1842 τὰς
1751 1811 1822 1838 κατὰ
1843 1811 1898 1837 τῶν

1078 1858 1227 1892 ἐπάγεσθαι
1244 1858 1392 1893 μελλούσας
1403 1859 1440 1890 ὡς
1453 1858 1485 1885 ἃν
1502 1857 1612 1893 μείζονα
1637 1857 1688 1892 τῆς
1709 1857 1774 1893 περὶ
1798 1858 1899 1888 αὐτοὺς

1144 1953 1217 1988 Στίχ.
1235 1953 1307 1985 δὐς’.
1329 1969 1362 1974 -
1381 1963 1390 1978 ι
1410 1953 1482 1980 Διότι
1506 1953 1580 1986 Γάζα
1599 1953 1788 1989 διηρπασμένη
1810 1953 1898 1982 ἔσται,

1109 2000 1155 2026 καὶ
1178 1999 1316 2026 Ἀσκάλων
1340 1999 1380 2031 είς
1395 1998 1564 2034 ἀφανισμὸν,
1586 1998 1634 2025 καὶ
1654 1998 1774 2031 Ἄζωτος
1790 2006 1899 2034 μεσημ-

1109 2045 1188 2080 ϐρίας
1205 2045 1394 2080 ἐκριφήσεται,
1415 2044 1463 2071 καὶ
1482 2043 1623 2079 ’Λκκαρὼν
1640 2043 1865 2078 ὲκμξωθήσεται.
1886 2052 1896 2069 ν

1110 2091 1213 2122 Πάντες
1221 2090 1276 2124 γὰρ
1309 2091 1334 2116 οἱ
1362 2089 1518 2124 ἀλλόφυλοι,
1540 2089 1609 2125 ὑπὲρ
1629 2085 1666 2116 ὧν
1683 2088 1742 2115 καθ’
1759 2088 1838 2124 ὑμῶν
1850 2097 1899 2115 πε-

1111 2135 1256 2170 ποιήκασι,
1279 2135 1414 2171 τιμωρίαν
1437 2135 1558 2168 δέξονται
1584 2135 1614 2161 οὺ
1632 2134 1681 2170 τὴν
1694 2134 1847 2169 τυχοῦσαν·
1867 2135 1899 2160 τὸ

1110 2181 1165 2216 γὰρ
1192 2191 1201 2206 ‹
1229 2180 1402 2216 μεσημϐρίας
1425 2189 1434 2206 ι
1458 2180 1527 2207 κατᾶ
1552 2180 1642 2207 κοινοῦ
1670 2180 1744 2214 λέγει
1765 2180 1827 2206 ἀντὶ
1839 2180 1896 2210 τοῦ.

1113 2227 1254 2262 προδήλως
1265 2246 1272 2256 .
1297 2226 1335 2257 ὡς
1357 2226 1461 2261 μηθένα
1478 2227 1508 2252 τὺ
1523 2227 1664 2260 γινόμενον
1682 2226 1788 2252 λαθεῖν
1806 2226 1824 2253 ἃ
1846 2227 1898 2261 γὰρ

1113 2274 1176 2308 περὶ
1194 2273 1312 2307 ἑκάστης
1327 2271 1401 2306 λέγει
1415 2272 1469 2298 τῶν
1491 2273 1593 2299 πόλεων
1604 2292 1610 2304 ,
1628 2271 1655 2298 εἴ
1667 2280 1696 2297 τε
1710 2271 1810 2307 Γάζης,
1830 2273 1857 2298 εἴ
1870 2281 1896 2298 τε

1121 2318 1305 2350 Ἀσκάλωνος,
1333 2318 1399 2344 εἴτε
1417 2318 1470 2344 τῶν
1493 2318 1608 2349 λοιπῶν,
1631 2318 1701 2345 κατὰ
1717 2317 1808 2345 κοινοῦ
1835 2319 1897 2353 περὶ

1080 2358 1102 2386 Ι)
1116 2364 1209 2390 πασῶν
1229 2364 1303 2398 λέγει
1329 2363 1422 2391 διελὼν
1438 2364 1477 2399 τῷ
1499 2364 1586 2399 λόγῳ,
1603 2363 1695 2395 καθὼς
1720 2363 1812 2392 εἴωθε.
1834 2364 1898 2390 Βού-

1113 2410 1188 2436 λεται
1202 2409 1255 2444 γὰρ
1270 2410 1356 2436 εἰπεῖν
1371 2410 1412 2436 ὅτι
1429 2410 1514 2436 πᾶσαι
1527 2408 1582 2435 τῶν
1597 2408 1754 2443 ἀλλοφύλων
1766 2409 1794 2435 at
1808 2408 1897 2439 πόλεις

1113 2453 1345 2490 διαρπαγήσονταί
1381 2462 1410 2480 τε
1436 2455 1482 2480 καὶ
1507 2453 1752 2489 ἀφανισθήσονται,
1778 2453 1826 2480 καὶ
1849 2454 1897 2488 τῆς

1111 2499 1215 2530 οἰκείας
1225 2499 1375 2534 εὐπραγίας
1384 2501 1578 2536 ἀπορῤιφεῖσαι
1589 2500 1706 2535 παντελῆ
1714 2500 1835 2533 δέξονται
1845 2501 1894 2535 τὴν

1111 2544 1256 2572 ἀπώλειαν.
1281 2555 1290 2571 ι
1309 2546 1378 2572 Οὐαὶ
1394 2546 1419 2572 oi
1438 2545 1626 2577 κατοικοῦντες
1642 2546 1672 2572 τὸ
1688 2546 1834 2581 σχοίνισμα
1847 2547 1894 2579 τῆς

1112 2590 1259 2626 θαλάσσης,
1271 2590 1395 2625 πάροικοι
1403 2591 1519 2626 Κρητῶν
1531 2599 1538 2606 ·
1555 2591 1632 2624 λόγος
1644 2591 1746 2626 Κυρίου
1759 2592 1802 2626 ἐφ’
1813 2592 1892 2627 ὑμᾶς.

1112 2637 1222 2666 Χαναὰν
1241 2636 1276 2671 γῆ
1298 2636 1451 2670 ἀλλοφύλων
1462 2645 1468 2652 ·
1486 2635 1533 2663 καὶ
1553 2636 1646 2663 ἀπολῶ
1663 2637 1735 2672 ὑμᾶς
1756 2637 1790 2663 ἐκ
1808 2646 1893 2664 κατοι-

1113 2683 1189 2715 κίας
1208 2684 1254 2710 καὶ
1269 2682 1344 2709 ἔσται
1366 2682 1458 2718 Κρήτη
1480 2682 1549 2717 νομὴ
1567 2683 1707 2717 ποιμνίων,
1722 2683 1769 2709 καὶ
1793 2684 1894 2719 μάνδρα

1113 2729 1266 2766 προὸάτων.
1285 2739 1294 2755 ι
1311 2730 1348 2764 (p.
1371 2728 1434 2764 ὅθί)
1461 2728 1568 2764 Ἐπειδὴ
1585 2729 1735 2764 παραλίους
1759 2727 1832 2756 εἶναι
1849 2730 1894 2756 τᾶς

1115 2777 1206 2808 πόλεις
1232 2775 1388 2805 συνέϐαινε,
1414 2774 1556 2809 σχοίνισμα
1580 2773 1716 2808 θαλάσσης
1741 2773 1828 2805 αὑτὰς
1851 2774 1892 2799 κέ⁴
