1981 3073
123 132 171 159 τοι

611 135 887 163 COMMENTARIUS
901 135 934 162 IN
956 135 1138 163 SOPlIONl/E
1153 135 1228 163 CAP.
1251 135 1283 162 ll.

1691 134 1742 162 462

124 192 237 228 κληκεν.
253 194 292 226 ὡς
313 194 328 221 ὁ
351 194 484 230 μακάριος
508 194 581 229 λέγει
604 195 685 222 Δαυὶδ
703 195 806 229 λέγων’
839 204 848 221 ι
867 195 912 221 Σοὶ

977 195 1133 222 ’ossessioni
1140 199 1237 221 vestrae
1244 194 1365 222 addicam
1373 195 1585 221 Cltanantcorum
1595 194 1744 228 regionem,

123 238 203 266 δώσω
237 240 288 275 τὴν
314 240 367 275 γῆν
392 240 520 274 Χαναὰν,
557 241 702 276 σχοίνισμα
729 239 908 276 κληρονομίας

124 284 215 319 ὑμῶν·
236 294 246 311 ι
263 285 306 312 ἵνα
321 285 398 321 εἴπῃ,
425 285 465 312 ὅτι
478 286 525 317 Εἰς
547 286 643 321 κτῆσιν
665 286 729 321 ὑμῖν
744 285 848 321 ἀφοριῶ
862 284 910 319 τὴν

123 329 286 358 Χαναναίων
302 330 364 366 γῆν,
380 331 412 358 ἐκ
426 331 582 366 μεταφορᾶς
593 330 646 357 τῶν
666 331 763 365 σχοίνῳ
781 329 910 365 μετρούν-

125 385 181 402 των
190 376 245 403 τῶν
258 385 286 403 τε
297 376 467 412 διοριξόντων
475 376 524 411 τὴν
536 377 598 411 γῆν.
612 375 705 408 Οὕτως
716 374 761 402 οὖν
772 375 912 402 κάνταῦθα

124 420 200 454 λέγει
222 430 232 446 ι
250 421 280 447 τὸ
303 421 448 456 σχοίνισμα
464 421 513 456 τῆς
529 421 682 456 θαλάσσης,
703 431 712 446 ι
726 421 786 447 ἀντὶ
797 419 843 446 τοῦ
856 440 863 451 ,
880 420 912 445 Οἱ

123 467 175 501 τὴν
195 466 412 502 παραθαλάττιον
436 466 570 498 οἰκοῦντες
586 467 692 503 μερίδα.
714 467 750 493 Τὸ
764 466 792 492 δὲ
809 475 818 491 ι
839 465 912 500 πάρ-

124 520 196 538 οικοι
210 511 327 548 Κρητῶν
346 522 355 538 ι
370 511 444 546 λέγει
456 532 462 544 ,
480 512 572 547 ἐπειδή
595 521 666 544 τινες
679 513 710 538 ἐκ
725 512 838 547 Κρήτης
852 511 912 538 κατ’

126 557 264 592 ἐμπορίαν
292 558 386 584 αὐτόθι
410 558 628 593 παραγεγονότες
652 558 689 590 ὼς
718 559 757 589 εἰς
786 558 912 592 παραθα-

126 602 257 632 λασσίους
288 603 396 636 πόλεις,
424 605 509 631 οἰκεῖν
531 604 632 630 εἴλοντο
653 604 717 639 παρ’
743 604 844 635 αὐτοῖς.
870 603 914 635 Ὠς

129 648 177 674 καὶ
192 648 268 683 παρὰ
282 648 321 683 τῷ
343 648 432 684 ’Δμὼς
452 649 536 683 λέγει·
564 659 573 675 ι
594 649 747 683 Κατακὸψω
773 648 858 684 φυλὴν
883 647 913 680 ἐξ

129 694 235 729 ἀνδρῶν
258 694 386 730 Χαρρὰν,
411 704 420 720 ›
438 695 501 729 περί
521 695 574 721 τῶν
597 695 702 722 ἐκεῖθεν
726 696 759 730 τῇ
775 693 914 729 Δαμασκῷ

127 741 333 775 παροικούντων
353 741 454 775 λέγων’
469 741 554 773 οὕτως
575 741 628 777 γὰρ
642 741 690 767 καὶ
706 740 823 767 ἐνταῦθα
843 749 914 775 παρ⁸

126 786 220 817 οἱκους
240 786 357 822 Κρητῶν
382 787 472 819 καλεῖ,
503 788 546 813 ἵνα
571 788 634 823 εἴπῃ
649 787 710 818 τοὺς
733 788 797 822 παρ’
821 787 912 818 αὐτοῖς

127 831 270 864 οἰκοῦντας
291 833 406 868 Κρητῶν
418 842 424 848 ·
441 833 563 868 βούλεται
580 831 626 860 οὖν
653 830 740 856 εἰπεῖν
751 829 791 855 ὅτι
804 829 914 872 Ἀθλιω-

965 245 1072 274 sumpta
1087 240 1243 274 metaphora
1259 240 1388 274 abiisqni
1404 240 1533 267 funiculis
1544 240 1694 267 metiuntur
1714 248 1745 268 ac

964 285 1087 312 dividunt
1102 289 1198 312 terras.
1215 285 1252 312 lla
1267 294 1337 312 nunc
1352 286 1432 312 etiam
1451 295 1460 310 ι
1479 286 1627 313 funiculum
1639 287 1721 313 maris
1734 297 1744 312 ι

964 328 1040 360 dicit,
1055 337 1103 364 pro
1113 329 1255 356 maritima
1262 327 1346 362 partis
1361 325 1466 355 incolis.
1475 329 1593 364 Denique
1603 339 1612 355 ι
1626 331 1745 358 advenas

964 376 1106 403 Cretenses
1125 374 1463 416 )dicit,quianonuulliex
1480 376 1560 402 Creta
1584 381 1746 404 mercatura

965 430 1047 449 causa
1073 422 1138 450 illuc
1162 421 1297 457 progressi
1324 424 1417 455 utpote
1434 421 1467 447 ad
1484 422 1565 449 ttrbes
1583 423 1744 453 maritimas,

965 469 1002 495 ibi
1022 468 1144 495 habitare
1161 468 1325 494 maluerunt.
1342 465 1417 493 Sit-ut
1432 466 1513 493 etiam
1529 467 1599 501 apud
1614 467 1745 496 Amosum

966 514 1066 541 dicitur
1082 523 1088 541 :
1105 523 1114 539 ι
1134 512 1280 541 Concidam
1298 512 1397 538 tribum
1412 519 1444 538 cx
1461 511 1527 539 viris
1540 512 1662 540 Charran
1677 515 1710 545 ”,
1734 524 1743 540 ι

966 560 1081 594 loquens
1093 560 1199 586 scilicet
1212 560 1245 585 de
1261 558 1333 585 illius
1349 558 1468 592 regionis
1479 558 1592 586 advenis
1609 560 1681 586 circa
1693 559 1747 586 Da-

968 613 1089 633 mascum
1104 605 1298 632 incolentibus.
1310 604 1358 631 Sic
1373 612 1445 631 nunc
1453 613 1562 639 quoque
1576 605 1746 633 Cretensium

967 652 1087 679 advenas
1115 650 1191 683 dicit,
1208 658 1257 685 pro
1280 658 1310 677 ea
1329 654 1405 684 parte
1424 649 1506 685 259
1522 650 1670 677 incolarum
1689 659 1750 686 qua:

966 697 1046 724 Creta
1063 699 1122 724 erat
1137 696 1254 723 oriunda
1279 695 1343 722 Vult
1356 703 1421 730 ergo
1435 696 1526 724 dicere
1542 705 1548 724 :
1564 695 1751 725 lnfelicissimi

966 741 1088 769 omnium
1101 738 1192 768 euncti
1199 745 1259 773 vos,
1269 737 1314 774 qui
1323 739 1486 767 maritimam
1494 745 1601 774 partem
1620 741 1750 770 habitatis

966 794 1028 814 cum
1044 786 1222 813 Cretensibus
1230 785 1355 813 advenis.
1364 785 1485 813 Decrevit
1493 790 1587 814 contra
1596 796 1644 815 vos
1654 796 1750 817 omnes

966 833 1050 864 Deus,
1061 840 1077 859 ο
1090 832 1270 860 Chananzeam
1286 833 1439 860 habitantes
1451 834 1619 869 alienigenae.
1629 835 1747 870 perditu-

129 886 206 904 τατοι
231 879 350 912 πάντων,
364 879 463 910 πάντες
487 879 565 914 ὑμεῖς
588 879 613 904 οἰ
628 878 677 914 τὴν
698 877 915 914 παραθαλάττιον

973 888 1026 906 ·ιιιη
1039 887 1069 907 se
1082 887 1131 906 vos
1140 880 1262 911 omnino,
1276 887 1380 906 uccnon
1395 888 1411 906 a
1426 880 1601 908 Cretensibus
1617 883 1688 917 apud
1702 891 1750 910 vos

129 923 269 955 οἰκοῦντες
292 925 399 960 μερίδα,
412 925 480 959 μετὰ
496 926 542 952 καί
560 925 614 952 τῶν
630 924 830 960 παροικούντων
853 924 916 959 ὑμῖν

973 926 1113 952 tabitatam
1141 926 1279 960 regionem
1296 925 1366 960 (qua!
1377 934 1508 960 pascuum
1526 928 1569 955 ﬁet
1589 936 1712 963 gregum,
1724 935 1750 955 et

134 970 251 1005 Κρητῶν
262 977 268 984 ⁸
296 971 484 1005 ἀποπέφανται
512 972 566 1008 γὰρ
592 972 662 998 κατὰ
686 971 794 998 πάντων
809 970 886 1006 ὑμῶν
901 972 916 997 ό

973 972 1046 998 ιιιιιίο
1060 972 1162 1006 ovium)
1181 972 1208 997 in
1225 971 1400 999 solitudinem
1417 976 1521 999 vastam
1541 973 1653 1008 rediget.

131 1016 198 1049 Θεὸς
209 1016 264 1044 τῶν
277 1017 421 1045 οἰκούντων
431 1018 479 1054 τὴν
487 1018 642 1045 Χαναναίαν
657 1017 826 1051 ἀλλοφύλων·
841 1018 882 1044 ὅτι
897 1019 967 1053 ὑμᾶς
981 1028 1010 1044 τε
1024 1019 1150 1045 ἀπολέσει
1162 1018 1312 1050 παντελῶς,
1322 1019 1369 1045 καί
1383 1019 1430 1054 τὴν
1445 1019 1477 1046 ὲκ
1491 1020 1544 1046 τῶν
1558 1021 1676 1056 Κρητῶν
1686 1024 1750 1058 παρ’

131 1065 197 1099 ὑμῖν
209 1065 373 1101 οἰκουμένην
384 1065 486 1101 χώραν,
502 1068 570 1102 νομή
582 1075 611 1092 τε
622 1066 752 1101 ποιμνίων
769 1066 816 1093 καὶ
825 1066 929 1101 οἴκησις
941 1066 1082 1102 προϐάτων
1092 1087 1098 1098 ,
1121 1067 1164 1093 διὰ
1179 1067 1228 1102 τῆς
1248 1066 1365 1102 ἐρημίας
1384 1067 1538 1102 παραδώσει
1551 1065 1600 1103 τῆς
1617 1068 1728 1104 πολλῆς.

168 1122 241 1157 Στίχ.
255 1121 325 1154 ζ’.--
338 1132 347 1147 ι
367 1122 421 1149 Καὶ
436 1123 511 1149 ἔσται
522 1123 552 1149 τὸ
566 1123 708 1158 σχοίνισμα
719 1123 766 1157 τῆς
784 1122 920 1158 θαλάσσης

131 1171 190 1202 τοῖς
210 1170 382 1202 καταλοίποις
398 1170 473 1196 οἰκου
503 1170 600 1197 Ἰούδα·
613 1170 655 1196 ἐπ’
670 1170 767 1201 αὐτοὺς
785 1169 919 1204 νεμήσον-

132 1224 179 1244 ται
194 1216 223 1242 ὲν
238 1217 295 1248 τοῖς
315 1217 399 1248 οἴκοις
419 1217 598 1248 Ἀσκάλωνος,
623 1216 712 1251 δείλης
739 1215 919 1242 καταλύσουσι

133 1262 188 1288 ἀπὺ
205 1262 350 1298 προσώπου
364 1263 418 1289 τῶν
432 1262 497 1288 υἱῶν
518 1262 612 1294 Ἰούδα,
629 1263 669 1289 ὅτι
681 1262 850 1289 ἐπέσκεπται
869 1261 919 1287 αὑ,

134 1309 198 1339 τοὺς
209 1308 311 1343 Κύριος
321 1309 338 1335 ὁ
354 1308 420 1340 Θεὸς
436 1308 595 1340 αὑτῶν,καὶ
610 1307 764 1343 ἀπέστρεψε
787 1307 836 1342 τὴν
861 1307 920 1341 αἰχ-

134 1355 275 1390 μαλωσίαν
291 1355 390 1382 αὐτῶν.
409 1365 418 1380 ι
436 1356 475 1390 (p.
498 1355 560 1390 595)
574 1356 605 1381 Οἰ
625 1355 678 1390 γὰρ
698 1354 921 1390 περισωςόμενοι,

132 1403 228 1438 φησὶν,
244 1403 278 1428 ἐκ
291 1402 341 1437 τῆς
352 1401 399 1428 τοῦ
417 1401 500 1428 Ἰούδα
510 1401 606 1436 φυλῆς,
622 1401 710 1435 πάσης
723 1400 755 1435 δὴ
767 1400 816 1434 τῆς
830 1407 921 1434 παρα-

135 1447 280 1474 θαλαττίου
306 1446 449 1479 καθέξουσι
475 1447 590 1482 μερίδος,
612 1446 658 1472 καὶ
677 1447 766 1471 πᾶσαν
788 1444 872 1486 αῡτῂν
885 1443 922 1475 ὡς

133 1493 239 1519 οἰκείαν
256 1494 418 1528 νεμήσονται
437 1492 539 1528 χώραν,
555 1492 624 1519 ὥστε
640 1491 703 1523 τοὺς
717 1491 767 1526 τῆς
787 1489 923 1517 Ἀσκάλω-

1004 1123 1086 1150 Vens.
1108 1123 1134 1150 7.
1156 1138 1191 1143 ——
1212 1133 1221 1148 ι
1237 1123 1268 1150 Et
1290 1123 1342 1150 erit
1367 1122 1506 1151 funiculus
1526 1124 1611 1152 maris
1639 1125 1752 1160 reliquis

967 1170 1001 1196 de
1015 1170 1095 1196 domo
1109 1169 1186 1197 Judw
1202 1179 1208 1196 :
1225 1177 1307 1204 super
1321 1169 1396 1204 ipsos
1411 1173 1560 1204 pascentur
1575 1171 1602 1197 in
1619 1171 1749 1199 domibus

967 1214 1122 1246 Ascalonis,
1139 1214 1172 1240 ad
1185 1221 1326 1248 vesperam
1342 1213 1514 1248 requiescent
1527 1222 1541 1241 a
1552 1214 1621 1241 facit:
1636 1216 1751 1243 ﬁliorum

967 1259 1053 1290 Iudae,
1065 1259 1127 1294 quia
1139 1259 1230 1287 visilat
1240 1266 1287 1286 eos
1299 1258 1430 1286 Dominus
1440 1258 1510 1287 Deus
1521 1267 1625 1292 eorum,
1639 1265 1666 1288 et
1675 1268 1753 1289 aver-

969 1306 1002 1331 tit
1014 1304 1200 1340 captivitatem
1216 1305 1345 1338 ipsorum.
1361 1314 1369 1329 ι
1385 1303 1451 1331 Nam
1465 1305 1511 1339 qui
1525 1307 1625 1333 servati
1642 1306 1753 1337 fuerint.

970 1351 1069 1385 inquit,
1094 1349 1216 1377 deluda:
1231 1349 1316 1381 tribu,
1341 1354 1423 1376 lotam
1444 1351 1575 1377 tenebunt
1591 1352 1754 1380 maritimam

972 1401 1086 1432 partem,
1102 1397 1231 1431 illamque
1247 1403 1354 1423 omnem
1380 1396 1460 1426 quasi
1479 1403 1557 1423 suam
1577 1397 1696 1425 incolent
1710 1406 1756 1425 re-

969 1444 1076 1478 gionem
1094 1434 1181 1477 usque
1195 1442 1367 1469 Ascalonem.
1382 1441 1447 1468 Vult
1463 1447 1553 1469 autem
1568 1451 1598 1469 ex
1614 1451 1668 1470 una
1688 1451 1755 1471 cuu-

973 1493 1031 1514 ctas
1045 1487 1260 1522 alienigenarum
1278 1487 1360 1514 urbes
1371 1486 1472 1519 dicere,
1486 1495 1562 1515 more
1577 1496 1627 1515 suo
1643 1497 1657 1515 a
1675 1493 1753 1524 parte

134 1546 190 1569 νος.
206 1522 335 1564 Βούλετσίι
357 1538 386 1564 δὲ
402 1522 516 1573 ὲκημίᾶς
533 1522 586 1569 ’τὰς
607 1537 670 1568 ὅλας
768 1533 920 1568 ἀλλοφύλων

975 1538 1060 1561 totum
1083 1533 1257 1569 signiﬁcans,
1278 1533 1407 1560 timentes
1423 1533 1541 1560 ﬁliorum
1557 1533 1633 1561 Judaz
1649 1522 1755 1562 fortitu-

133 1583 232 1615 πόλεις
249 1585 348 1617 εἰπεῖν,
363 1584 452 1616 καθὼς
474 1583 569 1611 εἴωθεν
582 1583 635 1610 ἀπὸ
652 1583 750 1618 μέρους
760 1582 790 1608 τὸ
801 1581 860 1607 ὅλον
874 1589 923 1607 κα-

135 1630 202 1662 λῶν,
220 1630 412 1666 ὑφορωμένους
425 1630 479 1656 τῶν
505 1630 570 1657 υἱῶν
596 1630 678 1656 Ἰούδα
688 1630 738 1664 τὴν
750 1628 837 1663 ἰσχὺν,
854 1626 922 1662 μετὰ

134 1676 236 1702 πολλοῦ
251 1676 297 1703 τοῦ
313 1676 390 1708 δέους
402 1677 458 1708 τοῖς
471 1675 579 1707 οἰκείοις
594 1675 713 1709 διάγειν·
726 1673 757 1700 τὸ
773 1673 835 1708 γὰρ,
846 1681 855 1698 ι
868 1671 923 1698 δεί-

132 1722 187 1757 λης
217 1721 417 1752 καταλύσουσι,
437 1731 446 1747 ι
473 1721 551 1748 τοῦτο
575 1720 658 1754 λέγει.
683 1719 791 1754 Ἐπειδὴ
814 1718 868 1753 γὰρ
893 1716 923 1743 τὸ

138 1777 151 1794 ι
172 1768 346 1804 μεσημϐρίας
358 1778 366 1794 ι
383 1768 492 1803 εἴληφεν
507 1768 553 1794 ἐπὶ
568 1767 614 1794 τοῦ
631 1765 786 1802 προφανῶς,
800 1764 831 1790 τὸ
848 1773 857 1789 ι
870 1762 923 1790 δεί-

134 1812 188 1849 λης
211 1823 222 1839 ι
237 1813 332 1840 ἐλαϐεν
354 1813 399 1840 ἐπὶ
417 1813 463 1839 τοῦ
485 1813 632 1844 δέους-ιὼς
659 1811 713 1838 τῶν
737 1808 919 1836 λανθανόντων

137 1859 295 1893 φευγόντων
308 1859 357 1893 μὲν
370 1859 413 1885 τὸν
424 1859 552 1894 ἡμερινὸν
566 1858 670 1893 καιρὸν,
690 1856 735 1883 ἐπὶ
750 1856 778 1882 δὲ
787 1855 831 1882 τὸν
842 1853 921 1880 ἐσπέ-

137 1912 198 1939 ριον
208 1904 384 1939 κατατρέχειν
399 1903 530 1929 εἰωθότων
543 1903 630 1929 ἑλπίδι
647 1901 693 1929 τοῦ
711 1901 812 1928 λαθεῖν.
829 1899 921 1926 Ταῦτα

971 1579 1073 1610 dinem,
1090 1579 1177 1606 multo
1190 1586 1252 1606 cum
1269 1586 1370 1613 pavore
1380 1578 1407 1605 in
1421 1579 1532 1614 proprio
1546 1580 1605 1606 solo
1613 1579 1754 1614 degentes.

972 1625 1039 1652 Nam
1065 1625 1160 1655 dictio,
1175 1633 1186 1650 ι
1202 1624 1242 1652 Ad
1264 1631 1405 1659 vesperam
1433 1625 1630 1658 requiesrent.)
1651 1626 1702 1653 hoc
1721 1628 1758 1654 si-

972 1669 1178 1706 gniticat.Sieu'
1196 1671 1268 1697 enim
1296 1679 1305 1695 ι
1320 1670 1434 1698 meridie
1446 1680 1456 1697 ι
1479 1679 1529 1706 pro
1549 1671 1703 1702 manifeste.
1721 1673 1757 1699 ita

976 1722 986 1739 ‹
998 1715 1135 1749 vesperam
1147 1723 1155 1739 ι
1166 1721 1215 1748 pro
1222 1713 1423 1748 timore:quasi
1438 1716 1457 1743 ii
1474 1717 1520 1751 qui
1543 1718 1627 1745 latere
1646 1719 1758 1746 student

976 1760 1106 1787 diurnum
1121 1765 1228 1795 tempus
1254 1761 1349 1791 vitent,
1364 1762 1519 1795 vespertino
1537 1768 1626 1789 autem
1652 1763 1759 1791 discur-

975 1812 1035 1832 rere
1051 1805 1166 1836 soleant,
1183 1805 1304 1831 latitandi
1320 1813 1377 1840 spe.
1391 1805 1463 1837 "me.
1486 1807 1584 1840 inquit,
1600 1812 1679 1834 erunt
1696 1815 1759 1835 cum

976 1851 1048 1878 Deus
1063 1850 1139 1878 Juda:
1153 1850 1255 1877 tribqu
1267 1851 1381 1878 visitatts
1391 1855 1495 1879 avertet
1508 1859 1556 1880 eos
1569 1860 1584 1879 a
1601 1854 1759 1887 captivitate

976 1901 1057 1930 atque
1070 1896 1097 1922 in
1114 1895 1230 1930 patriam
1242 1903 1340 1922 rursus
1355 1896 1458 1923 auxilio
1476 1905 1526 1924 suo
1540 1898 1678 1926 restituet.

133 1950 177 1983 δὲ,
196 1950 287 1986 φησὶν,
307 1949 393 1982 ἔσται,
411 1949 519 1976 ἐπειδὰν
541 1948 758 1983 ἐπισκεψάμενος
778 1947 793 1973 ὁ
817 1945 884 1977 Θεὸς
914 1944 975 1974 rei»;
992 1942 1041 1977 τῆς
1058 1941 1142 1968 Ἰούδα
1157 1941 1243 1976 φυλῆς
1254 1940 1433 1973 ἀπαλλάξειέν
1443 1950 1473 1968 τε
1488 1942 1586 1973 αὐτοὺς
1597 1943 1645 1978 τῆς
1660 1944 1760 1980 αἰχμα-

137 1996 251 2028 λωσίας,
264 1996 310 2022 καὶ
325 1995 393 2031 πρὸς
409 1996 442 2022 τὰ
454 1996 539 2022 οἰκεῖα
551 1995 630 2022 πάλιν
646 1994 715 2029 μετὰ
726 1993 775 2028 τῆς
791 1992 858 2023 ἰδίας
877 1988 1043 2022 ὲπαναγάγοι
1057 1986 1198 2023 βοηθείας,

176 2053 252 2086 Στίχ.
271 2055 339 2087 η’-ι’.
354 2067 391 2072 -
406 2050 473 2079 Εἶτα
488 2051 543 2078 ἀπὸ
566 2051 620 2078 τῶν
636 2049 791 2085 ἀλλοφύλων
806 2048 847 2083 ἐφ’
870 2047 926 2074 ἐτέ-

138 2107 206 2133 ρους
241 2098 367 2133 μετάγων
393 2098 438 2124 τὸν
464 2097 553 2132 λόγον,
583 2106 593 2122 ‹
614 2097 736 2123 Ἤκουσα
760 2094 927 2129 ὀνειδισμοὺς

140 2143 237 2175 Μωᾶιϐ,
255 2144 301 2170 καὶ
318 2143 510 2178 κονδυλισμοὺς
524 2142 589 2169 υἱῶν
612 2141 724 2177 ’Δμμὼν
747 2141 774 2167 ἐν
791 2138 830 2171 οἷς
850 2139 928 2165 ὠνεί·

140 2189 217 2221 διζον
239 2189 284 2215 τον
300 2188 362 2215 λαόν
379 2197 441 2224 μου,
461 2189 507 2215 καὶ
521 2187 717 2223 ἐμεγαλύνοντο
738 2186 784 2212 ἐπὶ
807 2184 842 2212 τὰ
864 2184 927 2219 ὅρια

1010 2043 1092 2072 Vens.
1115 2043 1191 2071 8-10.
1210 2058 1246 2063 —
1264 2043 1367 2071 Deinde
1387 2043 1424 2071 ab
1444 2044 1604 2078 alienigenis
1628 2045 1661 2072 ad
1689 2046 1758 2074 alios

976 2097 1130 2118 sermonem
1154 2088 1346 2122 transferens,
1378 2089 1441 2116 ait:
1462 2090 1583 2117 (Audivi
1612 2092 1759 2126 opprobria

975 2136 1064 2169 Moab,
1079 2140 1106 2163 et
1122 2136 1304 2164 contumelias
1319 2135 1437 2163 ﬁliorunt
1450 2135 1578 2167 Ammon,
1600 2138 1701 2172 quibus
1717 2145 1761 2164 cx-

977 2182 1143 2218 probrabant
1156 2182 1259 2217 popqu
1276 2189 1348 2215 meo,
1373 2185 1400 2209 et
1417 2182 1663 2216 magniﬁcabantur
1679 2191 1763 2218 super

138 2235 226 2262 αὑτοῦ
237 2253 243 2260 .
256 2233 392 2261 Διὰτοῦτο
411 2234 450 2267 ζῶ
463 2234 530 2269 ἐγὼ,
544 2234 618 2268 λέγει
646 2233 748 2268 Κύριος
773 2231 828 2258 τῶν
844 2230 920 2257 δυνά-

978 2229 1107 2256 terminos
1120 2228 1191 2262 ejus.
1215 2227 1372 2262 Propterea.
1385 2228 1448 2254 vivo
1462 2236 1524 2262 ego,
1540 2228 1606 2256 dicit
1619 2228 1762 2261 Dominus.

142 2289 217 2314 μεων
233 2281 247 2306 ὸ
258 2281 323 2311 Θεις
336 2280 454 2315 Ἰσραὴλ,
466 2280 507 2306 ὅτι
520 2279 604 2306 Μωὰϐ
613 2278 653 2310 ὼς
663 2278 765 2312 Σόδομα
780 2276 870 2307 ἔσται,
883 2276 929 2302 καὶ

141 2325 197 2351 υίοὶ
218 2325 330 2360 Ἀμμὼν
342 2325 378 2357 ὼς
396 2325 530 2361 Γόμορρα.
547 2334 555 2351 ι
569 2324 625 2351 Καὶ
636 2323 670 2350 τὰ
690 2323 763 2358 παρὰ
775 2321 928 2350 Μωαϐιτῶν

140 2372 190 2398 καὶ
215 2371 389 2406 Ἀμμανιτῶν
414 2373 454 2402 εἰς
478 2372 540 2402 τοὺς
565 2371 647 2405 ἐμοὺς
675 2369 804 2404 γινόμενα
823 2368 927 2403 ἐώρων,

141 2418 181 2452 (p.
195 2416 258 2451 596)
279 2417 326 2443 ἂτε
340 2416 430 2450 ἔλεγον
453 2417 544 2447 αὐτοῖς
561 2415 731 2447 ὀνειδίζοντες
749 2413 787 2444 ὡς
810 2411 885 2439 οὐδὲν
896 2412 928 2437 ἐκ

140 2464 192 2499 τῆς
206 2463 275 2498 ἐμῆς
284 2462 482 2497 ὠφελουμένοις
493 2461 650 2497 θεραπείας,
658 2461 707 2486 ὅσα
719 2468 748 2485 τε
759 2459 850 2489 αὐτοῖς
859 2457 929 2484 κατὰ

140 2509 192 2544 τὴν
202 2509 315 2543 δύναμιν
331 2508 378 2544 τὴν
388 2508 490 2534 οἰκείαν
505 2507 607 2542 ἐπῆγον
619 2506 693 2532 κακά
705 2514 711 2521 ·
722 2505 791 2531 ὥστε
807 2503 854 2530 καὶ
871 2501 928 2537 μεθ’

142 2554 348 2589 ὑπερϐαλούσης
357 2554 406 2588 τῆς
416 2553 600 2589 μεγαλαυχίας
608 2551 661 2578 τῶν
669 2550 750 2586 ὁρίων
763 2547 930 2583 ἐφάπτεσθαι

140 2600 196 2626 τῶν
205 2600 289 2634 ἐμῶν,
298 2600 335 2632 ὡς
350 2600 383 2626 ἂν
392 2600 482 2630 αὐτοῖς
495 2599 642 2634 προσήκειν
653 2596 811 2631 ὀφειλόντων
823 2593 914 2620 λοιπόν
924 2601 930 2608 '

142 2647 213 2681 ὑπὲρ
230 2642 267 2672 ὧν
285 2646 317 2681 δὴ
331 2645 454 2681 Σοδόμων
482 2654 512 2671 τε
528 2645 575 2671 καὶ
593 2644 739 2679 Γομόρρων
764 2642 927 2676 μιμήσονται

142 2693 192 2727 τὴν
208 2692 336 2727 ἐρημίαν.
358 2701 366 2718 ι
385 2692 440 2718 Καὶ
455 2689 598 2727 Δαμασκὸς
615 2688 812 2724 ἐκλελειμμένη
830 2687 867 2718 ὡς
880 2686 928 2721 θην

147 2737 234 2772 μωνιὰ
249 2737 349 2768 ἅλωνος
360 2737 407 2764 καὶ
424 2736 594 2772 ὴφανισμένη
610 2736 649 2768 εἰς
664 2735 709 2762 τδν
722 2734 822 2762 αἰῶνα·
841 2733 888 2760 καὶ
904 2733 928 2758 οἱ

180 2852 202 2868 τί
219 2852 312 2884 Amos,
331 2859 349 2884 ι,
363 2850 389 2879 ὅ.

976 2275 1041 2310 quia
1056 2274 1135 2301 Moab
1153 2274 1224 2301 sicut
1240 2273 1358 2301 Sodoma
1371 2274 1433 2306 erit,
1444 2279 1470 2301 et
1486 2274 1531 2301 ﬁlii
1550 2274 1666 2302 Atnmon
1683 2276 1763 2310 quasi

976 2320 1139 2348 Gomorrha.
1154 2329 1163 2345 ι
1179 2319 1357 2346 Moabitarum
1375 2327 1484 2354 quoque
1497 2323 1524 2346 et
1539 2321 1760 2347 Ammanitarum

976 2366 1108 2393 adversus
1125 2372 1201 2392 meos
1216 2365 1342 2392 videbam
1360 2365 1493 2395 facinora,
1511 2369 1539 2391 et
1553 2365 1625 2399 quod
1641 2366 1681 2393 eis
1697 2373 1763 2392 con-

976 2411 1111 2439 vit-iantes
1140 2411 1276 2443 dicerent,
1301 2410 1406 2437 nullum
1423 2410 1505 2445 260
1522 2410 1554 2438 iis
1579 2409 1637 2437 fore
1658 2410 1763 2437 emolu-

977 2460 1099 2484 mentum
1117 2456 1207 2484 enltus
1221 2456 1289 2488 mei;
1311 2460 1412 2491 quanta
1426 2455 1542 2490 denique
1569 2455 1638 2482 mala
1659 2455 1764 2483 viribus

979 2507 1037 2530 suis
1053 2502 1212 2530 intulerunt.
1236 2503 1324 2536 Atque
1347 2502 1383 2528 ita
1402 2500 1575 2536 gioriabundi
1597 2500 1664 2528 ﬁnes
1688 2509 1764 2528 meos

979 2550 1150 2579 invaserunt,
1167 2555 1217 2575 ceu
1230 2547 1338 2575 futuros
1351 2548 1376 2574 in
1391 2551 1529 2582 posterum
1545 2547 1617 2581 juris
1631 2547 1762 2582 ipsorum.

980 2593 1165 2627 Quamobrem
1195 2592 1374 2619 Sodomorum
1399 2597 1481 2626 atque
1507 2591 1666 2620 Gomorrha‘,
1685 2601 1766 2628 cxpe-

982 2641 1087 2668 rientur
1104 2639 1269 2667 vastitatem.
1287 2648 1296 2664 ι
1311 2638 1343 2665 Et
1367 2638 1517 2666 Damascus
1541 2638 1670 2666 derelicta
1694 2640 1767 2668 εἰν-πει

983 2693 1096 2713 acervus
1122 2692 1203 2716 areae,
1231 2691 1263 2711 ac
1280 2683 1415 2718 dissipata
1438 2684 1466 2710 in
1496 2688 1640 2712 aeternum.
1672 2685 1766 2720 thui

983 2732 1077 2767 reliqui
1095 2731 1196 2759 fuerint
1212 2731 1245 2758 de
1258 2730 1358 2765 populo
1375 2737 1436 2758 meo
1448 2730 1579 2766 diripient
1600 2739 1658 2765 eos,
1677 2736 1704 2759 et
1723 2739 1768 2759 re-
