1969 3069
245 150 298 178 ιδδ

851 145 1025 174 THEODORI
1041 143 1283 172 MOPSUESTENI

1817 147 1868 176 MN

246 207 317 236 sidui
350 206 438 241 gentis
465 213 530 233 more
557 205 736 241 possidebunt
763 213 821 233 eos.
843 217 852 231 ι
878 205 1026 233 Damascus

1084 204 1240 231 κατάλοιποι
1253 203 1318 230 λαοῦ
1334 213 1384 238 μου
1399 203 1566 240 διαρπῶνται
1581 204 1689 236 αὐτοὺς,
1710 205 1758 231 καὶ
1773 205 1798 231 οἱ
1818 216 1867 233 κα-

245 254 337 284 etiam,
354 252 452 286 inquit,
477 253 556 286 quasi
583 260 698 279 acervus
715 252 742 278 in
768 259 829 279 area
847 253 984 280 contritus
1004 256 1032 279 et

246 299 426 327 conculcatus
448 298 617 329 destruetur,
646 303 729 333 atque
760 298 889 333 ignobilis
914 297 969 330 fiet,
998 305 1032 325 ex

246 349 352 371 tumore
370 344 491 370 maximo
510 344 650 378 multaque
674 343 803 378 superbia
828 343 855 370 in
881 343 961 370 imam
986 343 1033 370 de-

247 395 332 418 tracta
346 390 526 416 humilitatem
544 398 550 415 :
568 389 604 415 ita
622 393 651 416 ut
669 389 715 424 qui
731 389 827 424 reliqui
840 389 873 416 de
888 389 957 415 meis
976 389 1032 416 fue.

247 437 312 468 rint,
341 436 514 471 reditumque
536 435 635 468 sortiti,
664 440 781 462 cunctos
808 436 864 463 sint
886 436 1030 470 direpturi,

245 488 274 509 et
289 482 392 509 alienas
417 489 482 516 opes
506 489 554 516 pro
571 480 628 507 suis
649 480 814 515 possessuri.
842 489 851 505 ι
867 481 929 507 “me
952 484 1033 506 erunt

245 537 286 557 ets
310 535 360 563 pro
389 527 554 554 contumelia
579 534 638 557 sua.
665 526 728 561 quia
750 526 895 553 conviciati
921 530 984 553 sunt
1006 531 1033 553 et

247 572 412 608 magniﬁcati
429 575 493 599 sunt
522 579 604 605 super
631 571 758 605 populum
781 570 888 597 Domini
905 570 1030 604 omnipo-

245 619 339 647 tentis.
352 628 361 644 )
376 617 448 649 llaec,
474 618 573 652 inquit,
591 617 729 652 patientur
758 621 867 651 propter
891 624 968 644 suam
989 616 1034 643 ad-

246 672 343 692 versus
371 662 457 690 Deum
486 663 641 695 audaciam,
664 666 691 689 et
718 667 830 698 propter
853 663 1033 689 contumelias

245 710 345 746 quibus
370 709 435 736 mihi
463 708 620 744 populoque
637 715 697 735 meo
723 707 869 734 conviciati
895 711 969 739 sunt,
995 708 1034 734 in-

245 757 378 784 sultantes
406 755 429 782 ei
452 755 559 782 scilicet
582 759 711 787 tauquam
730 754 858 781 extremis
880 754 959 780 malis
985 753 1032 780 (lc-

245 810 345 831 HIOFSO.

281 891 363 919 Vens.
376 892 418 924 ll,
432 891 477 918 12.
496 904 531 912 ε
553 901 561 916 ι
574 890 862 926 ApparebitDominus
876 898 958 924 super
972 897 1030 921 eos,

246 942 273 965 et
288 938 428 973 disperdet
445 945 541 964 omnes
566 937 632 964 deos
648 937 768 972 gentium
786 941 877 968 terra,
894 939 921 963 et
935 935 1033 963 adora-

248 984 315 1010 bunt
327 991 388 1012 eum
405 983 506 1018 singuli
519 983 553 1010 de
573 983 708 1014 loco'suo,
732 987 837 1010 cuncta:
853 982 951 1010 insulae
967 989 1033 1017 gen-

246 1030 326 1056 tium.
341 1038 350 1055 ›
369 1029 504 1057 illustrem
533 1029 616 1056 faciet
640 1029 771 1056 ultionem
788 1037 866 1057 suam
883 1028 966 1061 Deus,
995 1029 1032 1056 ita

247 1079 276 1102 ut
291 1075 456 1111 alienigenas
471 1082 566 1102 omnes
578 1083 640 1102 cum
658 1075 740 1103 cultis
756 1075 790 1102 ab
806 1075 845 1103 eis
861 1075 914 1103 diis
931 1075 1034 1110 disper-

245 1122 292 1148 dat
309 1129 315 1147 :
333 1129 387 1156 quo
401 1120 446 1148 fiet
467 1124 496 1147 ut
522 1121 622 1156 reliqui
654 1128 750 1148 omnes
765 1121 868 1156 ubique
896 1121 1032 1153 homines,

245 1168 272 1194 in
307 1167 421 1194 urbibus
451 1166 616 1201 insulisque.
643 1165 690 1193 Dei
714 1166 887 1194 facinoribus
912 1166 1033 1199 attoniti,

244 1221 390 1241 commune
406 1213 444 1239 illi
462 1212 622 1248 obsequium
641 1212 797 1244 exhibeant,
811 1213 838 1239 in
855 1220 904 1239 sua
917 1213 1034 1247 quisque

245 1259 363 1286 statione
377 1265 514 1285 summam
527 1257 602 1284 illius
622 1257 771 1291 potentiam
789 1257 960 1284 confitentes.
981 1267 989 1282 I
1002 1257 1034 1284 Et

247 1311 311 1333 vos,
323 1302 475 1338 Ethiopes,
489 1303 722 1340 vulneratigladio
733 1313 805 1333 meo.
820 1313 830 1329 »
848 1302 904 1330 VOS
919 1310 1034 1337 .quoque

246 1349 336 1384 gladio
350 1356 364 1376 a
382 1349 451 1376 meis
469 1348 632 1383 puniemini.
649 1352 761 1383 propter
778 1355 810 1375 ea
826 1356 886 1383 quae
901 1348 1033 1376 adversus

246 1396 297 1422 hos
309 1395 454 1430 peccastis.
465 1393 609 1428 [Ethiopes
615 1398 705 1421 autem
717 1402 790 1421 nunc
801 1395 883 1422 etiam
895 1395 961 1422 dicit
972 1395 1034 1422 illos

245 1438 364 1475 Aﬂgypto
382 1439 523 1466 tlnitimos.
540 1438 586 1466 Sic
599 1444 690 1465 autem
704 1438 824 1474 loquitur
845 1439 954 1466 beatum
971 1439 1033 1466 imi-

1079 249 1201 276 τάλοιποι
1217 249 1308 282 ἔθνους
1325 258 1376 285 μου
1394 249 1644 285 κληρονομήσουσιν
1658 249 1768 282 αὐτούς.
1787 259 1797 277 ι
1815 252 1868 278 Καὶ

1079 296 1096 331 ή
1109 295 1254 331 Δαμασκδς
1267 296 1306 328 δὲ,
1322 297 1413 330 φησιν,
1426 296 1464 328 ὼς
1481 296 1513 323 ἂν
1531 296 1656 331 θημωνιὰ
1665 297 1694 322 ἐν
1706 295 1791 323 ἃλωνι
1808 306 1868 324 συν-

1079 342 1203 378 τριϐεῖσα
1225 342 1404 377 ἀφανισθείη,
1430 342 1517 374 οὕτως
1541 342 1647 378 ἀφανὴς
1671 343 1818 378 γενήσεται
1841 342 1869 375 ἐξ

1081 388 1163 422 δγκου
1179 389 1307 424 μεγίστου
1325 389 1372 415 καὶ
1392 389 1579 424 ὑπερηφανίας
1602 388 1701 424 πολλῆς
1719 389 1760 420 εἰς
1775 397 1868 415 ταπειη

1080 435 1179 469 νότητα
1202 435 1368 469 καταχθεῖσα
1384 435 1530 469 μεγίστηνο
1547 434 1616 461 ὥστε
1631 435 1693 466 τοὺς
1716 424 1869 470 ὑπὸλιμπα-

1080 480 1208 514 νομένους
1220 479 1274 506 τῶν
1295 479 1370 515 ὲμῶν
1385 479 1431 506 καὶ
1455 479 1506 514 τῆς
1525 479 1654 505 ἐπανόδου
1679 479 1827 514 τυχόντας,
1842 480 1869 504 ἐν

1080 525 1218 560 διαρπαγῇ
1240 534 1269 551 τε
1298 524 1460 560 ποιήσασθαι
1477 525 1579 556 πάντας
1601 524 1698 555 αὐτοὺς
1714 525 1761 550 καὶ
1776 524 1869 559 κτῆσιν

1082 570 1149 596 ἰδίαν
1178 572 1252 605 σχεῖν
1279 571 1312 597 τὰ
1340 571 1461 597 ἐκείνων.
1486 579 1496 595 ι
1524 570 1597 606 Αὐτὴ
1625 570 1717 601 αὐτοῖς
1743 569 1802 596 ἀντὶ
1822 569 1869 604 τῆς

1082 615 1186 651 ὕϐρεως
1211 616 1311 646 αὐτῶν,
1335 615 1402 642 διότι
1423 615 1564 642 ὼνείδισαν
1586 616 1634 642 καὶ
1646 615 1868 651 ὲμεγαλύνθησαν

1081 662 1127 687 ἐπὶ
1147 661 1192 688 τὸν
1209 661 1272 688 λαὸν
1287 661 1389 698 Κυρίου
1414 661 1643 697 παντοκράτορος.
1669 671 1678 688 ι
1697 661 1791 687 Ταῦτα
1805 660 1867 695 γὰρ,

1081 707 1158 741 φησι.
1174 707 1314 733 πείσονται
1339 707 1409 742 ὑπὲρ
1432 703 1469 734 ὧν
1491 707 1644 744 ἐτόλμησαν
1663 708 1702 739 εἰς
1720 708 1785 734 Θεὸν
1797 729 1804 740 ,
1823 708 1868 733 καὶ

1081 753 1234 788 ἐξυϐρίζειν
1249 753 1424 785 ὀνειδίζοντες
1442 755 1498 786 τοῖς
1515 755 1592 789 ἐμοῖς
1604 754 1648 780 ἐπ’
1664 754 1726 789 ἐμοὶ
1741 762 1868 780 κατεπαι-

1048 815 1068 842 Β
1084 800 1192 835 ρόμενοι
1218 799 1305 825 αὐτῶν
1332 799 1369 830 ὡς
1395 798 1428 825 ἂν
1445 800 1473 825 ὲν
1503 800 1656 835 συμφοραῖς
1681 799 1765 826 ὅντων
1788 798 1868 833 ἐσχά-

1083 853 1153 876 ταις.

1119 891 1192 925 Στίχ,
1210 892 1253 921 ια’,
1273 884 1314 924 ιβ’.
1331 904 1365 909 -
1382 899 1391 914 ι
1403 889 1551 924 Ἐπιφανὴς
1565 889 1640 916 ἔσται
1656 889 1757 924 Κύριος
1771 888 1814 916 ἐπ’
1825 888 1868 914 αὑ-

1082 935 1155 968 τοὺς,
1166 935 1212 962 καὶ
1229 935 1412 971 ὲξολοθρεύσει
1424 935 1527 966 πάντας
1542 935 1606 966 τοὺς
1621 935 1704 966 Θεοὺς
1715 934 1769 961 τῶν
1784 933 1867 960 ἐθνῶν

1082 984 1132 1018 τῆς
1147 983 1208 1018 γῆς·
1229 982 1266 1018 (p.
1280 982 1343 1018 597)
1359 983 1405 1009 καὶ
1419 982 1649 1019 προσκυνήσουσιν
1664 980 1737 1016 αὐτῷ
1755 980 1867 1011 ἕκαστος

1083 1030 1115 1056 ὲκ
1128 1030 1211 1057 τόπου
1227 1029 1309 1056 αὐτοῦ
1329 1030 1414 1056 πᾶσαι
1436 1031 1464 1056 αί
1487 1030 1562 1065 νῆσοι
1578 1029 1631 1055 τῶν
1648 1028 1741 1055 ἐθνῶν.
1760 1038 1769 1054 ι
1785 1028 1866 1061 Περι-

1084 1076 1155 1111 φανῆ
1168 1076 1258 1102 τοίνυν
1275 1077 1417 1112 ποιήσεται
1442 1076 1491 1112 τὴν
1509 1076 1612 1103 οἰκείαν
1631 1076 1752 1102 ἐκδικίαν
1764 1076 1777 1100 ό
1791 1073 1864 1104 Θεὸς.

1083 1122 1153 1149 ὥστε
1171 1122 1274 1153 πάντας
1291 1123 1354 1154 τοὺς
1364 1121 1519 1153 ἀλλοτρίους
1537 1121 1605 1157 μετὰ
1626 1121 1680 1147 τῶν
1700 1121 1764 1156 παρ’
1778 1119 1865 1150 αὐτοῖς

1084 1169 1308 1204 Θρησκευομένων
1338 1168 1468 1195 ἀπολέσαι
1498 1167 1582 1194 θεῶν·
1614 1167 1736 1198 ἅπαντας
1757 1175 1786 1192 τε
1805 1164 1865 1195 τοὺς

1084 1214 1222 1250 πανταχοῦ
1236 1214 1327 1241 λοιπὸν
1345 1213 1514 1249 ἀνθρώπους,
1533 1213 1560 1239 εῐ
1571 1221 1600 1239 τε
1620 1214 1648 1239 ὲν
1672 1212 1778 1239 πόλεσιν
1799 1210 1826 1237 ετ
1836 1217 1865 1236 τι

1083 1262 1112 1287 ἐν
1125 1261 1227 1296 νήσοις,
1241 1260 1340 1296 πολλὴν
1355 1261 1401 1286 ἐπὶ
1413 1261 1469 1292 τοῖς
1481 1259 1557 1295 παρὰ
1569 1258 1617 1285 τοῦ
1632 1258 1699 1285 Θεοῦ
1718 1256 1866 1292 γινομένοις

1082 1307 1132 1341 τὴν
1147 1305 1276 1342 ἔκπληξιν
1289 1305 1431 1338 λαϐόντας,
1448 1306 1541 1340 κοινὴν
1556 1304 1630 1340 αὐτῷ
1653 1306 1700 1340 τήν
1716 1302 1866 1339 προσκύνη-

1085 1360 1126 1377 σιν
1150 1351 1314 1382 ἀποδιδόναι,
1328 1351 1356 1377 ἐν
1372 1351 1428 1381 τοῖς
1447 1349 1521 1381 ἰδίοις
1534 1348 1649 1375 ἑκάστου
1673 1348 1765 1378 τόποις
1779 1344 1869 1380 ὁμολο-

1083 1397 1195 1432 γοῦντος
1218 1397 1266 1432 τῆς
1294 1395 1436 1430 δυνάμεως
1451 1394 1533 1421 αὐτοῦ
1547 1394 1596 1430 τὴν
1612 1393 1774 1429 ὑπερϐολήν.
1788 1401 1796 1417 ι
1814 1389 1870 1416 Καὶ

1084 1443 1172 1478 ὑμεῖς,
1187 1442 1323 1474 Αἰθίοπες,
1343 1441 1510 1476 τραυματίαι
1531 1440 1668 1475 ῥομφαίας
1691 1447 1741 1474 μου
1765 1436 1836 1464 ἐστέ.
1857 1444 1866 1460 ι

246 1489 309 1511 tans
324 1484 484 1519 prophetam
502 1484 643 1516 Amusum,
653 1484 699 1519 qui
711 1483 775 1510 dum
791 1483 898 1512 lsraelis
915 1491 964 1511 nec
978 1492 1031 1512 non

1084 1488 1139 1515 Kal.
1149 1487 1225 1514 αὐτοὶ
1237 1487 1263 1513 δὲ
1276 1487 1346 1521 ξίφει
1364 1486 1420 1521 (55)
1439 1485 1484 1512 διὰ
1496 1486 1549 1512 τῶν
1562 1485 1635 1520 ὲμῶν
1648 1479 1869 1519 τιμωρηθήσεσθε

248 1529 416 1557 Hierusalem
435 1529 543 1556 futuros
554 1537 635 1557 casus
646 1530 754 1561 recitat,
763 1529 886 1556 meminit
906 1530 984 1564 261
997 1531 1035 1557 si-

246 1577 301 1603 mul
312 1576 537 1611 alienigenarum,
550 1577 640 1611 qualia
649 1576 754 1604 scilicet
764 1576 871 1611 passuri
880 1576 935 1603 sint
943 1576 1037 1603 Dama-

246 1622 332 1652 sccni.
343 1622 430 1656 Tyrii,
449 1621 571 1653 Idumaei,
583 1622 756 1654 Ammanitae,
778 1622 924 1657 caeterique
938 1630 1035 1650 onmes

246 1677 362 1703 quorum
378 1668 443 1695 facit
458 1668 632 1695 mentionem.
650 1667 751 1695 Eodem
777 1668 860 1703 igitur
877 1669 957 1696 modo
973 1669 1037 1696 bea-

246 1718 291 1742 tus
305 1714 460 1749 Sophonias
476 1718 620 1748 postquam
635 1720 765 1742 eventura
787 1715 848 1741 urbi
859 1714 1030 1742 Hierusalem

248 1769 263 1788 a
279 1760 436 1796 Babyloniis
451 1761 521 1787 mala
539 1760 673 1794 praedixit,
701 1765 834 1787 memorat
853 1761 934 1788 etiam
951 1765 1033 1796 quot-

247 1811 316 1843 quot
342 1806 386 1834 his
400 1808 435 1833 ab
460 1805 522 1833 aliis
543 1806 669 1841 gentibus
692 1806 782 1834 clades
803 1810 882 1833 erant
898 1814 945 1841 per
963 1807 1031 1834 illud

246 1857 354 1888 tempus
373 1857 589 1887 superventurze.
603 1851 776 1886 Quapropter
795 1856 857 1887 post
873 1857 937 1880 ante
958 1852 1031 1880 dicta

246 1905 400 1926 sermonem
412 1898 543 1925 transfert
560 1897 594 1924 ad
609 1897 737 1933 Assyrios
761 1902 789 1926 et
812 1897 941 1930 Niniven,
966 1899 1031 1933 quia

245 1944 374 1972 nimirum
390 1948 456 1970 tunc
471 1942 610 1978 Babylonii
620 1943 946 1978 Assyriorumimperium
962 1943 1033 1971 dele-

246 1992 352 2020 verunt,
381 1988 455 2023 regia
481 1988 604 2023 ipsorum
630 1987 696 2014 urbe
723 1986 820 2015 Ninive
849 1988 981 2015 subversa
1006 1992 1032 2016 et

246 2035 366 2063 vastitati
380 2034 545 2062 omnimodae
559 2034 669 2062 tradita.
690 2033 766 2061 Unde
779 2034 855 2061 addit
871 2044 878 2061 :

1084 1534 1154 1569 ὑπὲρ
1171 1529 1208 1559 ὧν
1226 1532 1476 1568 πεπλημμελήκατε
1498 1533 1538 1564 εἰς
1555 1531 1653 1562 αὐτούς
1669 1538 1676 1545 ·
1698 1529 1826 1559 Αἰθίοπας
1842 1526 1871 1552 δὲ

1085 1580 1132 1607 καὶ
1144 1579 1191 1605 νῦν
1203 1579 1265 1610 τοὺς
1278 1579 1476 1614 πλησιάζοντας
1491 1577 1620 1613 Αἰγύπτῳ
1631 1577 1713 1612 λέγει.
1722 1574 1806 1603 Ταυτὶ
1821 1573 1870 1608 μὲν

1085 1623 1130 1652 οὖν
1147 1624 1208 1651 καθ’
1223 1624 1369 1660 ὁμοιότητα
1395 1624 1441 1650 τοῦ
1464 1624 1597 1659 μακαρίου
1621 1622 1711 1658 Ἀμὼς
1731 1621 1778 1649 τοῦ
1804 1627 1872 1654 προ-

1086 1672 1171 1707 φήτου
1189 1671 1282 1706 φησὶν,
1296 1671 1325 1701 ὃς
1339 1670 1373 1696 τά
1384 1679 1413 1696 τε
1435 1670 1473 1705 τῷ
1493 1669 1610 1705 Ἰσραὴλ,
1622 1670 1657 1696 τά
1672 1677 1702 1695 τε
1719 1669 1752 1704 τῇ
1775 1667 1872 1702 Ἰερου-

1084 1717 1174 1752 σαλὴμ
1190 1716 1385 1751 συμϐησόμενα
1399 1715 1497 1749 λέγων,
1513 1715 1649 1750 μέμνηται
1665 1714 1712 1741 καὶ
1731 1713 1786 1740 τῶν
1799 1710 1872 1738 ἀλλο-

1081 1763 1165 1799 τρίων
1189 1763 1276 1789 ὁπόσα
1295 1762 1435 1789 πείσονται
1462 1762 1508 1788 καὶ
1535 1760 1621 1791 αὐτοὶ,
1643 1756 1820 1794 Δαμασκηνοί
1842 1763 1871 1782 τε

1082 1809 1154 1843 λέγω
1170 1808 1218 1835 καὶ
1248 1808 1362 1843 Τύριοι,
1387 1808 1529 1842 Ιἐδουμαίοι
1554 1807 1601 1833 καὶ
1622 1807 1798 1842 Ἀμμανῖται,
1826 1803 1873 1829 καὶ

1082 1856 1183 1886 πάντες
1198 1854 1226 1881 δὲ
1237 1854 1342 1881 ὁπόσων
1362 1854 1507 1889 πεποίηται
1521 1853 1631 1888 μνήμην
1641 1861 1647 1867 -
1662 1851 1708 1878 τὸν
1722 1850 1805 1878 αὑτὸν
1819 1849 1873 1884 γὰρ

1084 1901 1116 1938 δὴ
1143 1901 1243 1936 τρόπον
1266 1900 1314 1927 καὶ
1333 1901 1347 1926 ὸ
1365 1900 1498 1935 μακάριος
1527 1899 1657 1932 Σοφονίας
1680 1898 1714 1925 τά
1741 1897 1806 1932 περὶ
1822 1895 1871 1930 τὴν

1091 1947 1268 1984 Ἰερουσαλὴμ
1282 1947 1398 1982 ἐσόμενα
1418 1945 1494 1981 παρὰ
1512 1945 1565 1972 τῶν
1577 1944 1757 1972 Βαϐυλωνίων
1771 1944 1800 1969 ὲν
1813 1940 1871 1968 τού-

1084 2003 1141 2025 τοις
1168 1993 1266 2027 λέγων,
1282 1992 1419 2027 μέμνηται
1437 1991 1484 2018 καὶ
1500 1991 1554 2018 τῶν
1576 1991 1626 2017 ὅσα
1647 1991 1703 2021 τοῖς
1722 1987 1873 2023 ἀλλοτρίοις

1085 2041 1144 2068 κατ’
1159 2041 1262 2067 ἐκεῖνον
1283 2038 1442 2074 συμϐαίνειν
1460 2037 1576 2073 ήμελλεν
1600 2037 1645 2063 τὸν
1667 2036 1774 2071 καιρόν.
1791 2031 1873 2061 ’Όθεν

245 2081 276 2116 δὴ
288 2080 400 2116 μετάτά
415 2079 606 2116 προρρηθέντα
624 2079 671 2106 ἐπὶ
687 2080 749 2111 τοὺς
768 2079 927 2114 Ἀσσυρίους
942 2090 971 2108 τε
982 2085 1029 2110 καὶ
1044 2085 1093 2121 τὴν
1105 2083 1205 2118 Νινευὴ
1225 2084 1339 2118 μετάγει
1353 2083 1400 2108 τὸν
1412 2082 1490 2116 λόγον
1500 2090 1507 2097 ·
1526 2082 1620 2116 ἐπειδὴ
1635 2081 1694 2108 τότε
1707 2078 1873 2107 Βαϐυλώνιοι

245 2127 293 2154 καὶ
307 2126 356 2162 τὴν
363 2126 512 2162 Ἀσσυρίων
523 2125 646 2153 καθεῖλον
661 2125 759 2160 ἀρχὴν,
769 2125 819 2161 τὴν
831 2125 1024 2161 βασιλεύουσαν
1041 2132 1069 2158 ὲν
1082 2131 1172 2161 αὐτοῖς
1188 2129 1275 2162 πόλιν,
1285 2132 1323 2164 (p.
1338 2128 1400 2162 598)
1411 2128 1459 2162 τὴν
1477 2127 1576 2163 Νινευὴ
1592 2127 1673 2161 λέγω,
1685 2125 1874 2162 ἐκπορθήσαν-

244 2173 289 2204 τές
306 2181 336 2200 τε
352 2172 399 2199 καὶ
415 2172 518 2208 ἐρημίᾳ
541 2171 668 2199 παντελεῖ
680 2172 940 2206 παραδόντες.”0οεν
954 2175 1067 2209 ἐπάγει·

282 2219 366 2248 Vens.
401 2220 492 2248 15-15.
511 2235 546 2241 -
568 2220 624 2246 ιΕι
662 2219 790 2246 extendet
817 2228 928 2248 manum
956 2230 1032 2251 suam

1120 2225 1194 2259 Στίχ.
1211 2222 1343 2258 ιγ’-ιε’.-
1354 2232 1364 2248 t
1383 2223 1437 2249 Καὶ
1452 2223 1557 2248 ἐκτενεί
1571 2221 1620 2256 τὴν
1637 2222 1715 2256 χεῖρα
1729 2218 1816 2247 αὐτοῦ
1830 2217 1875 2244 ἐπὶ

245 2274 328 2302 super
339 2267 507 2301 aquilonem,
528 2271 556 2293 et
573 2266 668 2301 perdet
683 2266 839 2301 Assyrium,
855 2271 883 2293 (ιι
898 2274 979 2301 ponet
993 2268 1037 2295 Ni-

246 2313 325 2339 niven
350 2313 377 2339 in
397 2312 594 2339 desolationem
618 2312 777 2346 iuaquosam
790 2313 869 2346 quasi
885 2312 1032 2340 desertum.

246 2359 277 2385 lit
291 2364 438 2394 pascentur
450 2359 476 2385 in
489 2358 579 2385 medio
590 2358 651 2392 ejus
666 2365 772 2393 greges.
789 2362 816 2384 et
830 2365 925 2386 omnes
942 2359 1034 2387 bestia:

245 2411 335 2437 terra,
350 2410 378 2433 et
390 2405 601 2433 chammleontes
615 2409 643 2431 et
660 2404 737 2430 ericii
752 2404 779 2430 in
796 2404 964 2439 praesepibus
977 2405 1036 2439 ejus

245 2452 384 2479 cubabunt
398 2460 404 2478 :
420 2456 445 2478 et
460 2451 555 2478 bestia:
579 2450 737 2477 clamabunt
761 2450 788 2476 in
814 2449 901 2477 foveis
916 2450 987 2485 ejus,
1009 2455 1036 2478 et

245 2497 321 2524 corvi
348 2497 377 2524 in
395 2497 484 2532 portis
500 2497 571 2531 ejus,
597 2496 660 2531 quia
679 2496 779 2523 cedrus
800 2495 917 2522 altitudo
939 2496 1008 2530 ejus.
1023 2506 1032 2522 ι

244 2543 372 2570 Profecto
392 2544 475 2570 etiam
492 2543 527 2570 ab
551 2543 671 2578 Assyriis
695 2550 791 2577 pmnas
815 2550 967 2577 reposcam.
987 2543 1034 2577 qui

245 2590 292 2615 tali
308 2596 371 2615 cum
396 2589 537 2623 propOsito
555 2589 725 2616 Hierusalem
752 2589 874 2623 aggressi
893 2593 968 2615 sunt.
987 2587 1034 2614 Et-

244 2634 318 2659 enim
335 2633 456 2667 ipsorum
467 2634 568 2668 regiam
579 2634 672 2661 urbem
682 2632 796 2660 Niniven
804 2633 871 2660 adeo
880 2633 1031 2664 destruant,

245 2684 274 2706 ut
291 2679 370 2714 plane
386 2679 495 2706 deserta
515 2680 571 2710 fiat,
600 2683 626 2707 ct
651 2679 677 2706 in
693 2678 783 2706 medio
799 2679 859 2713 ejus
885 2682 1031 2714 pascantur

244 2733 349 2760 greges.
359 2729 385 2751 et
399 2724 463 2752 {erm
472 2726 604 2755 habitent.
613 2730 638 2752 et
655 2728 790 2760 quotquot
802 2724 930 2751 animalia
942 2724 1032 2751 solent

245 2770 273 2797 in
292 2769 488 2798 desertissimis
504 2771 570 2798 locis
592 2770 725 2799 cubitare.
754 2769 808 2798 Has
826 2773 915 2797 autem
942 2769 1028 2804 justas

281 2851 336 2883 (δῖ)
356 2850 423 2878 Cod.
438 2850 511 2884 ξίφη.

1087 2270 1199 2306 βορρᾶν,
1221 2271 1268 2297 καὶ
1293 2269 1389 2296 ἀπολεῖ
1416 2269 1462 2295 τὸν
1482 2268 1640 2302 Ἀσσύριον,
1656 2268 1703 2293 καὶ
1723 2266 1802 2302 οήσει
1826 2263 1874 2298 τὴν

1087 2315 1188 2350 Νινευὴ
1207 2317 1248 2346 εἰς
1276 2315 1428 2350 ἀφανισμὸν
1447 2314 1559 2350 ἄνυδρον
1575 2314 1613 2346 ὡς
1636 2313 1749 2349 ἔρημον,
1769 2311 1815 2339 καὶ
1829 2318 1872 2336 νε-

1088 2363 1203 2396 μήσεται
1214 2363 1242 2388 ὲν
1260 2361 1335 2397 μέσῳ
1347 2361 1433 2396 αὐτῆς
1444 2360 1569 2397 ποίμνια,
1584 2362 1631 2388 καὶ
1639 2360 1727 2386 πάντα
1740 2359 1776 2385 τὰ
1791 2356 1874 2392 θηρία

1085 2407 1133 2441 τῆς
1145 2406 1208 2441 γῆς,
1225 2407 1272 2433 καὶ
1286 2407 1479 2442 χαμαιλέοντες
1494 2406 1541 2433 καὶ
1556 2407 1639 2440 ἐχῖνοι
1653 2406 1682 2433 ὲν
1698 2406 1755 2436 τοῖς
1769 2401 1873 2438 φατνώ-

1087 2460 1167 2487 μασιν
1183 2452 1268 2486 αὐτῆς
1284 2453 1518 2488 κοιτασθήσονται,
1536 2452 1583 2479 καὶ
1603 2452 1685 2487 θηρία
1702 2452 1821 2486 φωνήσει
1843 2449 1872 2475 ἑν

1084 2497 1140 2528 τοῖς
1160 2496 1339 2532 διορύγμασιν
1358 2498 1453 2533 αὐτῆς,
1469 2498 1516 2525 καὶ
1529 2498 1644 2532 κόρακες
1665 2498 1693 2523 ἐν
1707 2498 1764 2528 τοῖς
1779 2494 1872 2522 πυλῶ-

1083 2550 1124 2567 σιν
1139 2542 1222 2577 αὺτῆς
1234 2551 1240 2558 ·
1261 2542 1328 2569 διότι
1353 2543 1447 2578 κέδρος
1464 2543 1495 2570 τὸ
1511 2543 1656 2578 ἀνάστημα
1677 2542 1773 2578 αὐτῆς.
1790 2551 1799 2567 ι
1818 2539 1872 2567 Καὶ

1080 2587 1135 2622 γὰρ
1151 2587 1198 2613 καδ⁸
1214 2587 1288 2623 παρὰ
1304 2588 1359 2615 τῶν
1373 2588 1522 2624 Ἀσσυρίων
1532 2589 1592 2615 τότε
1606 2588 1637 2624 δὴ
1651 2588 1770 2624 λήψομαι
1782 2587 1870 2616 δίκας,

1087 2633 1156 2669 μετά
1174 2633 1301 2669 τοιαύτης
1311 2634 1424 2670 γνώμης
1447 2634 1571 2661 ἐπελθεῖν
1592 2634 1825 2670 ἐπιχειρησάντων
1838 2631 1871 2665 τῇ

1092 2679 1268 2716 Ἰερουσαλήμ
1288 2689 1295 2696 ·
1316 2681 1424 2715 ἀφανιῶ
1440 2681 1495 2716 γὰρ
1516 2681 1606 2708 αὐτῶν
1633 2681 1680 2707 καὶ
1705 2677 1806 2712 Νινευὴ
1823 2676 1873 2711 τὴῖ

1087 2724 1208 2760 βασιλίδα
1226 2726 1318 2754 πόλιν·
1338 2727 1408 2753 ὥστε
1435 2727 1562 2761 γενέσθαι
1589 2727 1638 2762 μὲν
1665 2725 1749 2761 αὐτὴν
1769 2723 1873 2758 ἔρημον

1090 2771 1237 2804 παντελῶς,
1255 2772 1283 2800 ὲν
1309 2773 1384 2808 μέσῳ
1399 2773 1428 2800 δὲ
1442 2773 1529 2809 αὐτῆς
1546 2771 1660 2808 ποίμνιά
1675 2780 1705 2798 τε
1729 2768 1871 2804 νέμεσθαι.
