1981 3073
104 182 158 211 ιοιτ

581 182 854 212 COMMENTARIUS
873 184 904 211 IN
926 183 1108 212 SOPllOleE
1134 183 1209 211 CAP.
1232 183 1275 211 lll.

1681 181 1732 210 466

105 242 152 269 καὶ
169 241 252 276 θηρία
266 241 377 276 διάγειν,
385 241 476 268 καὶτὰ
488 241 569 269 λοιπὰ
584 243 615 278 δὴ
626 243 683 275 ζῶα
702 244 788 270 ὁπόσα
800 245 829 270 ὲν
840 245 895 276 τοῖς

951 244 1019 270 iabit
1034 251 1139 278 poenas,
1155 244 1218 278 quia
1241 246 1335 270 contra
1354 250 1449 270 omnes
1470 241 1646 276 superbichat
1664 241 1734 268 civi-

105 287 288 323 ἐρημοτάτοις
304 287 473 322 ὲμφωλεὺειν
495 288 590 315 εἴωθεν
603 288 704 321 τόποις.
723 290 831 325 Ταύτην
843 291 896 325 γὰρ

105 333 187 359 δώσει
209 332 287 368 δίκην
315 333 422 360 δικαίαν
447 333 517 369 ὑπὲρ
541 330 579 360 ὧν
609 334 680 370 μέγα
704 335 773 362 κατὰ
802 336 896 362 πασῶν

106 378 216 414 ἐφρόνει
234 378 291 404 τῶν
312 379 425 411 πόλεων,
437 379 537 405 ὡσανεὶ
557 379 654 416 κέδρου
679 381 757 416 δίκην
782 382 850 418 πρὸς
863 383 897 409 τὰ

105 424 190 450 λοιπὰ
206 424 371 460 κρινομένης
384 425 456 459 φυτὰ
477 426 670 462 ὑπερφέρουσα
684 427 739 454 τῶν
757 428 894 455 ἁπάντων.

109 479 118 493 ί
130 469 206 504 Αὕτη
219 470 236 504 ἡ
252 469 328 501 πόλις
340 471 355 505 ἡ
369 469 532 505 φαυλίστρια
547 472 563 506 ἠ
577 472 739 498 κατοικοῦσα
751 473 894 506 ἐπ’ἐλτιίδι,

106 514 123 549 ὴ
140 514 256 548 λέγουσα
273 515 302 541 ὲν
318 515 416 550 καρδίᾳ
434 516 527 550 αὐτῆς,
547 516 617 550 Ἐγώ
628 518 696 552 εἰμι,
713 517 759 544 καὶ
776 518 825 544 οὐκ
839 518 896 545 ἐστι

109 560 168 593 μετ’
177 559 228 595 ἐμὲ
243 559 309 586 ἐτι.»
322 559 437 596 Εὕδηλον
449 561 477 587 δὲ
486 561 526 587 ὃτι
542 562 574 588 ὲκ
583 561 632 596 τῆς
641 562 745 593 πόλεως
758 563 811 589 τῶν
825 564 896 590 ὲνοι-

108 604 229 631 κούντων
239 605 268 632 τὸ
283 606 409 641 φρόνημα
422 606 514 641 λέγει·
525 607 555 633 οὐ
571 607 626 643 γὰρ
641 607 673 643 δὴ
688 608 750 644 περὶ
762 609 816 636 τῶν
827 608 896 644 ἀψύ-

109 659 165 684 χων
181 650 263 677 λίθων
278 651 365 678 ταῦτά
385 661 478 687 φησιν.
494 651 568 688 Αὕτη
587 654 688 685 τοίνυν,
703 655 793 689 φησὶν,
823 655 896 681 ἐστιν

109 696 126 729 ἠ
141 695 315 732 φαυλίστρια,
333 697 394 723 ἀντὶ
409 697 467 728 τοῦ,
485 698 501 733 ὴ
518 699 606 726 πάντα
624 699 673 734 μὲν
684 700 894 735 ὲκφαυλίζουσα,

110 738 147 770 (p.
172 736 236 770 599)
255 738 303 763 καὶ
332 738 417 773 μηθὲν
445 737 516 765 εἶναι
535 741 597 772 τοὺς
625 741 734 773 λοιποὺς
758 743 896 778 ἡγουμένη

109 781 179 815 πρὸς
203 782 313 817 ἑαυτὴν,
334 783 429 818 ἀρκεῖν
443 783 471 810 δὲ
485 785 566 820 ἑαυτῇ
579 786 646 820 πρὸς
661 786 766 813 ἅπαντα
784 787 895 823 ὑπειλη-

110 828 193 861 φυῖα·
205 828 284 854 τοῦτο
303 829 357 862 γάρ
377 830 434 856 ἐστι
453 829 484 856 τὸ
500 840 510 855 ‹
528 831 693 858 κατοικοῦσαι
709 833 752 858 ἐπ’
769 832 866 864 ἐλπίδι,
883 843 892 859 ι

110 872 172 899 ἀντὶ
195 873 260 905 τοῦ,
277 874 371 901 ἐλπίδα
387 875 449 910 περὶ
465 875 565 911 ἑαυτῆς
586 875 684 911 ἔχουσα
704 876 742 908 ὡς
759 877 834 904 οὐδὲν
854 877 896 904 οὐ·

110 918 206 945 δὲποτε
221 919 367 956 πεισομένη
384 921 447 955 παρ’
463 921 556 956 ἑτέρου
576 922 659 948 κακόν
676 931 683 937 ·
697 920 841 958 διακεμένη
852 930 893 956 τε,
911 911 932 939 Β

113 965 205 1000 φησὶν,
221 965 259 997 ὼς
276 966 343 1001 μόνη
363 975 392 993 τε
404 965 486 1000 οὖσα,
498 968 544 994 καὶ
555 967 614 993 οὐδὲ
629 968 658 994 ἐν
670 967 708 1003 τῷ
724 965 793 995 εἶναι
808 968 898 1004 κρίνε-

115 1010 175 1036 σθαι
200 1010 283 1043 ἀξίων
302 1010 388 1037 οὐσῶν
402 1011 457 1037 τῶν
477 1011 578 1038 λοιπῶν
595 1012 698 1038 πόλεων
720 1012 789 1047 πρὸς
802 1013 897 1048 αὑτήν.

113 1052 180 1080 Εἶτα
190 1054 372 1087 ὁνειδιστικῶς
384 1055 469 1083 ταῦτα
482 1056 576 1088 εἰπὼν,
592 1057 638 1083 καὶ
654 1057 702 1092 τὴν
714 1058 783 1084 κατὰ
792 1058 899 1085 πάντων

112 1100 245 1132 ὀνειδίσας
252 1101 401 1136 ὑπεροψίαν
409 1102 488 1137 αὐτῇ,
496 1102 624 1130 κάλλιστα
634 1103 741 1138 ἐπάγει·
753 1113 761 1129 ι
769 1103 830 1135 Πῶς
840 1104 901 1139 ὲγέ-

113 1155 175 1173 νετο
184 1147 224 1178 εις
237 1147 388 1183 ἀφανισμὸν
400 1148 468 1184 νομὴ
482 1148 599 1184 Θηρίων;
614 1150 667 1181 πᾶς
677 1151 691 1176 ὁ
703 1151 899 1186 παραπορευό-

115 1200 196 1227 μενος
211 1192 294 1228 αὐτῆς
317 1194 471 1228 συριεῖ,κα“ι
484 1195 590 1229 κινήσει
609 1195 658 1227 τὰς
672 1196 765 1231 χεῖρας
781 1196 872 1223 αὐτοῦ.
886 1206 896 1223 ι

121 1238 201 1265 Ἀλλὰ
216 1238 269 1275 γὰρ
285 1239 344 1266 οἵαν
358 1239 568 1276 ὐπομεμένηκας
583 1241 632 1276 τὴν
648 1242 797 1277 μεταϐολὴν
807 1262 814 1273 ,
825 1243 898 1275 ὅπως

948 293 1027 322 tates,
1040 290 1118 324 quasi
1127 289 1305 316 cedrusinter
1325 289 1443 324 reliquas
1463 288 1576 315 arbores
1589 291 1672 322 caput
1685 295 1731 314 cx-

948 334 1056 361 tollens.
1079 343 1089 359 ‹
1104 333 1165 360 Ηίεο
1180 337 1222 360 cst
1237 333 1332 360 civitas
1349 333 1530 368 vilipendens,
1552 341 1612 368 qum
1626 332 1731 360 habitat

947 380 974 406 in
992 387 1050 414 spe,
1063 387 1123 414 quae
1135 379 1202 406 dicit
1217 378 1244 405 in
1266 379 1348 406 corde
1373 386 1423 405 suo
1440 378 1514 413 :Ego
1533 387 1604 411 sum,
1628 383 1656 406 et
1675 387 1731 405 non

947 429 989 452 est
1006 429 1066 459 post
1078 433 1119 451 me
1142 424 1268 459 amplius.
1281 434 1290 449 ι
1306 423 1383 450 Patet
1407 424 1564 459 prophetam
1590 424 1664 452 urbis
1682 432 1731 451 no-

947 471 1020 498 mine
1034 471 1181 498 incolarum
1207 470 1362 504 superbiam
1374 470 1502 498 denotare
1519 478 1526 497 :
1545 478 1631 505 neque
1657 470 1729 498 enim

947 517 981 544 de
1001 517 1146 544 insensatis
1167 517 1304 551 lapidibus
1329 516 1387 543 haec
1408 515 1484 542 dicit.
1505 515 1567 543 "me
1592 521 1634 543 est
1653 524 1730 551 ergo.

946 562 1046 597 inquit,
1063 563 1127 589 urbs
1143 562 1322 597 vilipendens.
1335 561 1362 588 id
1385 565 1426 589 est
1443 561 1565 589 onmium
1592 566 1731 597 contemp-

947 605 1013 638 trix,
1028 609 1156 632 etonmes
1165 606 1282 640 reliquas
1293 613 1348 640 prae
1363 614 1392 633 se
1401 606 1479 632 ﬂocci
1494 605 1607 636 faciens.
1625 606 1731 640 sibique

946 651 997 686 ipsi
1014 652 1046 678 ad
1058 652 1148 678 omnia
1162 652 1285 679 suiliccre
1305 651 1475 679 existimans.
1492 651 1521 679 ld
1536 652 1608 678 enim
1629 652 1731 687 signiﬁv

945 702 1010 725 cant
1034 697 1114 732 262
1132 697 1212 724 verba
1238 707 1247 722 ι
1263 697 1390 725 habitans
1408 697 1436 724 in
1451 705 1509 732 spe,
1523 707 1532 723 ι
1550 697 1577 724 id
1590 701 1642 729 est,
1655 705 1730 732 spem

946 743 1041 771 fovens
1054 744 1120 771 nihil
1138 751 1256 778 unquam
1268 744 1330 770 mali
1340 751 1369 771 se
1380 744 1429 771 abs
1438 744 1558 779 quolibet
1568 751 1727 779 passuram:

946 790 1054 817 unicam
1065 794 1153 817 semet
1175 789 1346 830 existimaqs,
1370 789 1527 824 nullamque
1550 789 1645 816 urbem
1671 797 1731 816 esse

945 835 1054 870 dignam
1070 842 1129 870 quae
1144 842 1236 862 secum
1249 840 1432 869 comparetur.
1449 834 1498 862 His
1513 843 1568 861 non
1592 835 1651 862 sine
1669 843 1733 862 con-

947 881 1017 908 vicio
1032 881 1124 913 dictis,
1137 880 1252 915 ejusque
1275 880 1405 908 adversus
1422 887 1518 908 omnes
1534 880 1662 915 superbia
1681 881 1732 908 ob-

945 926 1064 961 jurgata,
1076 926 1183 961 egregie
1199 925 1274 952 addit
1291 935 1297 952 :
1315 934 1324 951 ι
1339 925 1480 958 Quomodo
1500 925 1571 953 facta
1586 930 1628 954 est
1643 927 1670 953 in
1686 934 1732 953 so-

946 970 1099 1003 litudinem,
1113 970 1140 997 in
1157 978 1286 1005 pascuum
1307 969 1477 998 bestiarum?
1505 969 1601 998 Omnis
1622 971 1668 1005 qui
1685 979 1732 1006 per

946 1024 1006 1042 eam
1022 1016 1160 1048 transibit.
1184 1016 1303 1044 sibilabit
1320 1025 1472 1053 manusque
1492 1024 1556 1045 suas
1579 1025 1733 1044 commove-

949 1060 998 1087 bit.
1012 1060 1208 1094 illamqualem
1218 1067 1330 1096 experta
1347 1070 1376 1090 es
1387 1063 1607 1094 conversionem,
1630 1063 1658 1089 in
1674 1068 1732 1089 lan-

949 1110 1006 1133 tum
1019 1110 1047 1133 ut
1061 1114 1194 1142 pascuum
1210 1107 1358 1135 bestiarum
1370 1108 1491 1137 evaseris
1503 1129 1511 1141 ,
1527 1112 1558 1136 ut
1569 1116 1664 1136 omnes
1685 1109 1731 1143 qui

948 1152 1025 1187 juxta
1036 1156 1063 1180 te
1075 1156 1227 1186 transeunt,
1240 1154 1394 1187 exsibilent,
1409 1162 1562 1190 manusque
1584 1163 1650 1182 suas
1669 1163 1732 1189 erga

950 1203 976 1226 te
987 1199 1139 1232 intendant,
1156 1204 1256 1226 tantam
1272 1200 1404 1228 mirantes
1417 1201 1624 1228 conversionem
1638 1202 1644 1228 !
1663 1201 1733 1234 Quid

949 1252 1014 1272 vero
1028 1245 1171 1272 dicentes?

113 1284 141 1310 δὲ
152 1285 192 1316 είς
203 1286 318 1320 ἐρημίαν
334 1286 470 1318 καταστὰς
486 1286 555 1322 νομὴ
569 1286 683 1321 γέγονας
699 1287 815 1323 θηρίων;
831 1287 900 1314 ὥστε
917 1288 1040 1321 ἅπαντας
1054 1290 1117 1320 τοὺς
1130 1289 1276 1325 παριόντας
1291 1289 1425 1325 συρίττειν
1438 1298 1468 1317 τε
1482 1290 1529 1316 ἐπὶ
1542 1290 1583 1316 σοὶ
1593 1291 1640 1316 καὶ
1651 1292 1734 1316 κινεῖν

113 1328 164 1360 τὰς
179 1331 280 1365 χεῖρας,
292 1330 477 1366 θαυμάζοντας
487 1340 533 1358 σου
547 1332 596 1367 τὴν
609 1332 742 1368 τοσαύτην
760 1332 925 1368 μεταὸολήν·
942 1333 987 1360 καὶ
1005 1333 1032 1360 τί
1045 1333 1132 1367 λέγειν
1144 1341 1151 1366 ς

440 1411 516 1437 ΚΕΦ.
534 1411 568 1438 Γ’.

149 1467 224 1502 Στίχ.
237 1471 270 1499 α’,
290 1468 322 1502 β’.
336 1483 369 1487 -
388 1466 436 1494 (Ὦ
452 1469 468 1503 ἡ
491 1469 624 1503 ἐπιφανὴς
645 1469 692 1495 καὶ
708 1468 898 1505 λελυτρωμένη

115 1512 233 1547 πόλις-ἠ
252 1512 400 1548 περιστερὰ
415 1514 465 1540 οὑκ
484 1514 626 1548 είσήκουσε
642 1514 733 1548 φωνῆς
744 1535 750 1547 ,
768 1515 827 1541 οὐδὲ
843 1515 900 1541 ἐδέ-

115 1557 178 1590 ξατο
193 1557 326 1590 παιδείαν,
342 1558 389 1584 ἐπὶ
402 1557 440 1593 τῷ
451 1558 546 1595 Κυρίῳ
559 1559 608 1585 οὐκ
623 1559 761 1586 ἐπεποίθει
774 1560 821 1586 καὶ
832 1561 899 1595 πρὸς

115 1603 161 1629 τὸν
178 1603 245 1629 Θεὸν
258 1603 343 1638 αὐτῆς
358 1603 407 1629 οὐκ
432 1604 554 1639 ἤγγισεν.
573 1614 582 1630 ι
599 1604 702 1637 Ταῦτα,
715 1605 806 1640 φησὶν,
823 1605 900 1641 ὲροῦ-

116 1657 169 1680 σιν,
184 1649 284 1684 Ὀπόση
296 1658 337 1681 τις
346 1647 380 1685 ἦν
395 1650 411 1684 ὴ
427 1649 528 1685 ταύτης
544 1650 713 1685 περιφάνεια,
728 1651 803 1682 ὅπως
819 1651 901 1678 ἁπάν-

114 1703 169 1720 των
190 1693 355 1729 ἐκεχώριστο
370 1694 423 1721 τῶν
445 1695 644 1728 κακῶνςτοῦτο
660 1695 713 1732 γὰρ
729 1695 812 1729 λέγει,
832 1706 840 1722 ι
856 1696 901 1723 λε-

114 1740 277 1775 λυτρωμένη
299 1749 306 1755 ·
323 1750 333 1766 ι
350 1741 434 1776 ὁπόση
455 1750 497 1772 τις
525 1741 610 1776 αὐτῆς
632 1739 667 1777 ἦν
693 1742 709 1777 ἠ
731 1743 899 1777 εὐπρέπεια;

115 1784 165 1820 τὴν
181 1785 235 1820 γὰρ
247 1786 408 1821 περιστερὰν
420 1786 497 1812 τοῦτο
513 1795 604 1822 φησιν,
615 1787 706 1823 ἐπειδή
719 1796 777 1819 πως
788 1788 901 1823 τερπνὸν

116 1832 146 1857 ἐν
158 1831 262 1867 ὀρνέοις
278 1830 346 1859 εἶναι
359 1832 431 1859 δοκεῖ
446 1833 476 1859 τὺ
494 1833 561 1864 ζῶον
578 1834 625 1860 καὶ
638 1834 761 1870 σοῦαρῶς
774 1834 880 1870 βαδίζον
892 1843 899 1851 ⁸

115 1877 188 1904 οὕτω
205 1878 275 1904 καὶὸ
287 1878 419 1913 μακάριος
435 1878 508 1912 λέγει
518 1879 616 1905 Δαυῖδ·
640 1889 649 1904 ι
675 1879 737 1906 Ἐὰν
754 1880 902 1916 κοιμηθῆτε

118 1923 171 1950 ἀνὰ
185 1923 274 1958 μέσων
286 1923 340 1950 τῶν
354 1924 472 1959 κλήρων,
484 1926 521 1959 (p.
533 1924 596 1959 400)
607 1925 665 1951 ἐκεῖ
675 1925 808 1960 πτέρυγες
823 1935 903 1961 περι-

118 1969 218 2004 στερᾶς
242 1969 510 2004 περιηργυρωμέναι,
527 1970 623 1996 καὶτὰ
642 1970 798 2006 μετάφρενα
819 1972 904 2007 αὐτῆς

117 2015 147 2041 ἐν
162 2014 313 2050 χλωρότητι
340 2015 461 2050 χρυσίου·
484 2025 493 2041 ›
515 2015 700 2048 ἀπολαϐόντας
714 2017 763 2051 τὴν
787 2017 838 2052 γῆν
855 2017 904 2053 τῆς

119 2061 296 2095 ἐπαγγελίας,
322 2061 449 2088 ἁπάντων
475 2061 617 2096 φανεῖσθαι
641 2062 704 2094 τοὺς
736 2063 905 2099 Ἰσραηλίτας

118 2108 317 2142 τερπνοτέρους
342 2107 428 2141 λέγων
454 2109 486 2142 τῇ
513 2107 562 2142 τῆς
581 2109 744 2145 περιστερᾶς
762 2109 903 2144 ὁμοιώσει·

119 2153 193 2180 οὓτω
206 2153 344 2180 κάνταῦθα
361 2154 449 2180 εἰπεῖν
461 2153 610 2189 ἠϐουλήθη,
633 2155 692 2182 ἀντὶ
712 2155 769 2187 τοῦ,
783 2156 872 2191 ὡραία
886 2156 903 2193 ἢ

119 2200 272 2234 ἐπιτερπής
281 2207 289 2215 ·
307 2199 344 2231 ὠς
357 2198 403 2226 καὶ
419 2199 433 2225 ὁ
451 2200 584 2234 μακάριος
598 2200 695 2235 Ναοὺμ
710 2200 844 2233 ὀνειδίζων
858 2202 909 2229 αὐ-

119 2247 153 2280 τῇ
172 2245 246 2279 λέγει
258 2244 300 2277 τὸ,
317 2254 326 2270 ι
344 2245 434 2281 Πόρνη
450 2244 519 2281 καλὴ
535 2245 581 2272 καὶ
601 2245 736 2282 ἐπίχαρις.
753 2255 762 2271 ›
779 2247 907 2283 Τοιαύτη,

120 2292 215 2326 φησὶν,
230 2289 307 2322 οὖσα,
322 2290 370 2326 τῆς
390 2291 438 2318 τοῦ
462 2290 633 2326 πεμφθέντος
653 2291 720 2327 πρὸς
736 2292 821 2328 αὐτὴν
842 2302 908 2329 προ-

121 2338 209 2372 φήτου
226 2337 319 2372 φωνῆς
341 2337 391 2363 οὐκ
408 2337 448 2369 εἰς
466 2336 541 2368 τέλος
563 2337 688 2372 ἤκουσεν,
704 2337 763 2364 οὐδὲ
789 2338 908 2374 παντελῆ

121 2383 172 2418 τὴν
199 2383 303 2409 ἐκεῖθεν
331 2382 439 2415 ἐδέξατο
465 2382 656 2410 διδασκαλίαν·
677 2383 744 2419 πρὸς
767 2384 864 2420 μικρὸν
879 2384 908 2411 δὲ

125 2429 340 2465 μεταὸάλλεσθαι
355 2428 470 2456 δοκοῦσα
483 2449 490 2461 ,
505 2427 583 2459 αὖθις
598 2429 644 2455 ἐπὶ
670 2429 719 2465 τὴν
745 2430 845 2465 ἑαυτῆς
862 2431 908 2457 ἁν-

123 2476 241 2512 έδραμεν
258 2475 374 2502 κακίαν·
392 2474 452 2501 οὐδὲ
468 2474 533 2508 γοῦν
551 2474 628 2508 λόγον
647 2475 707 2502 τινὰ
722 2475 769 2501 τοῦ
788 2475 832 2502 τὸν
845 2484 910 2512 προ-

123 2521 221 2556 φήτην
235 2520 444 2551 ἀποστείλαντος
458 2520 604 2555 ἐποιήσατο
619 2520 698 2550 Θεοῦ,
709 2521 767 2547 οὐδὲ
785 2521 910 2555 ἐδοκίμα-

125 2576 172 2593 σεν
192 2566 266 2601 αὐτῷ
293 2565 384 2592 λοιπὸν
413 2566 601 2601 προσανέχειν,
629 2565 756 2601 τοιαύτην
785 2566 909 2601 εἰληφυῖα

123 2614 234 2646 πεῖραν.
247 2612 408 2638 Τούναντίον
420 2612 469 2646 μὲν
484 2609 531 2637 οὖν
545 2611 651 2646 ἀπέστη
667 2620 697 2637 τε
712 2611 794 2638 αὐτοῦ
812 2621 910 2638 παντε-

123 2660 188 2691 λῶς,
207 2659 255 2686 καὶ
283 2658 352 2692 πρὸς
376 2657 493 2692 πόλεμον
515 2657 598 2683 αὑτοῦ
614 2658 743 2692 κατέστη,
767 2658 836 2693 μετὰ
861 2658 909 2693 τὴν

123 2705 178 2731 τῶν
194 2704 261 2730 δέκα
274 2703 364 2738 φυλῶν
380 2703 517 2738 ἀναίρεσιν
532 2702 712 2738 ὲπεληλυθυῖα
723 2704 755 2738 τῇ
773 2704 910 2739 Ἰερουσα-

124 2749 190 2784 λὴμ,
206 2750 235 2775 ἐν
260 2746 334 2784 ᾗπερ
352 2745 421 2773 εἶναι
448 2746 494 2772 τοῦ
517 2746 584 2773 Θεοῦ
610 2747 751 2774 συνέϐαινε
775 2749 821 2775 τὸν
836 2749 907 2776 ναόν.

132 2793 263 2822 Ἐνταῦθα
278 2793 360 2820 πάλιν
376 2794 399 2819 οἱ
415 2792 565 2828 θαυμαστοὶ
581 2792 724 2827 μυθολόγοι
735 2793 788 2821 τῶν
806 2794 909 2830 Σύρων,

161 2888 182 2904 ⁸⁸
196 2887 222 2916 Ξ.
234 2887 365 2922 διειινη,
382 2885 424 2913 ﬂ.
462 2886 482 2902 “
497 2885 564 2913 Nah.
585 2893 622 2919 ιιι,
639 2885 666 2912 ι.

1272 1413 1348 1441 CAP.
1367 1413 1400 1440 lll

988 1469 1104 1501 Vsns.l,
1113 1468 1178 1497 2.-
1190 1478 1200 1496 ι
1213 1468 1234 1496 0
1250 1469 1365 1497 illustris
1375 1473 1402 1496 et
1417 1469 1554 1503 redempta
1568 1469 1673 1502 civitas,
1686 1477 1734 1495 co-

951 1515 1050 1541 lumba!
1068 1513 1126 1541 Non
1141 1513 1399 1545 exaudivitvocem;
1415 1521 1468 1540 non
1483 1514 1593 1541 admisit
1609 1512 1733 1548 discipli-

949 1567 1026 1593 nam;
1036 1559 1062 1587 in
1079 1560 1192 1587 Domino
1209 1567 1263 1587 non
1277 1563 1320 1587 est
1335 1559 1449 1590 conﬁsa,
1462 1564 1487 1586 et
1495 1559 1548 1586 Deo
1561 1568 1611 1587 suo
1625 1567 1679 1586 non
1687 1567 1734 1594 ap-

951 1606 1152 1641 propinquavit.
1166 1615 1175 1631 ›
1198 1605 1244 1633 Sic
1263 1613 1368 1639 omnes,
1381 1606 1480 1640 inquit,
1499 1605 1590 1632 dicent
1607 1605 1734 1638 :Quanta

951 1652 1002 1679 fuit
1027 1652 1109 1686 hujus
1135 1652 1300 1680 celebritas!
1324 1656 1457 1687 quantum
1478 1651 1551 1678 omni
1578 1651 1736 1678 calamitate

952 1698 1062 1725 aberat!
1086 1696 1113 1724 Id
1121 1697 1220 1732 quippe
1227 1696 1339 1723 denotat
1346 1695 1438 1728 dictio,
1445 1705 1453 1721 ι
1464 1695 1736 1732 redempta.)Quanta

951 1744 1011 1779 ejus
1024 1743 1198 1779 pulchritudo
1214 1743 1285 1770 erat!
1307 1742 1359 1770 hoc
1374 1742 1447 1770 enim
1470 1742 1581 1769 denotat
1602 1742 1735 1770 columba:

953 1789 1124 1821 vocabulum,
1141 1788 1213 1824 quod
1228 1788 1329 1815 animal
1342 1788 1448 1815 videtur
1457 1787 1528 1815 inter
1538 1795 1602 1815 aves
1614 1788 1737 1822 apprime

953 1835 1111 1862 delectabile
1129 1839 1156 1861 et
1177 1841 1239 1860 cum
1266 1832 1398 1868 dignitate
1419 1833 1558 1860 incedens.
1584 1831 1630 1858 Sic
1654 1832 1736 1858 etiam

954 1882 1050 1907 beatus
1066 1880 1104 1906 ait
1118 1879 1201 1906 David
1218 1889 1231 1906 :-
1246 1888 1255 1905 ι
1270 1878 1298 1905 Si
1319 1878 1541 1906 dormiatisinter
1555 1878 1661 1904 medios
1683 1877 1738 1904 cle—

953 1933 1010 1958 ros,
1027 1926 1063 1953 ibi
1081 1926 1130 1952 alae
1147 1925 1279 1952 columba:
1295 1925 1487 1960 deat-gemmae,
1502 1928 1530 1951 et
1544 1924 1655 1951 dorsum
1676 1923 1737 1957 ejus

954 1979 1015 1998 cum
1028 1971 1132 2006 pallore
1148 1970 1263 1998 auri'°.i
1278 1970 1346 1997 Dicit
1364 1969 1490 1996 nimirum
1509 1967 1736 2005 postacquisitam

956 2016 1147 2051 promissionis
1163 2021 1275 2048 terram,
1293 2015 1429 2043 lsraciitas
1452 2014 1536 2041 videri
1559 2022 1613 2049 pra:
1632 2014 1738 2042 caeteris

957 2063 1141 2094 delectabiles,
1174 2062 1206 2089 ad
1231 2062 1363 2089 columba?
1384 2060 1601 2088 similitudinem.
1625 2059 1664 2086 lta
1686 2060 1738 2088 hoc

956 2108 1036 2134 etiam
1063 2107 1123 2134 loco
1138 2107 1230 2134 dicere
1245 2107 1330 2133 voluit
1347 2114 1396 2141 pro
1417 2106 1530 2140 pulchra
1552 2110 1579 2133 et
1601 2106 1737 2141 speciosa.

919 2160 942 2189 ι)
956 2152 1036 2181 Velut
1063 2154 1144 2180 etiam
1164 2153 1259 2180 beatus
1283 2152 1422 2179 Nahumus
1446 2152 1470 2179 ei
1492 2151 1649 2179 convicians
1678 2153 1736 2180 ait:

958 2209 967 2225 ι
981 2199 1107 2227 Meretrix
1135 2199 1245 2234 pulchra
1266 2202 1292 2224 et
1307 2198 1424 2233 gratiosa
1434 2197 1467 2224 ³¹.
1486 2207 1495 2224 ι
1515 2197 1588 2225 Talis
1606 2205 1668 2225 cum
1692 2206 1738 2225 es-

957 2250 999 2274 set
1014 2245 1131 2279 (Ninive)
1147 2244 1224 2272 missi
1240 2243 1274 2270 ad
1287 2251 1347 2270 eam
1371 2243 1509 2279 prophetat
1528 2243 1618 2271 noluit
1644 2251 1738 2271 vocem

957 2298 1043 2326 usque
1058 2291 1091 2318 ad
1116 2289 1195 2317 tlnem
1221 2289 1325 2320 audire,
1353 2296 1442 2324 neque
1461 2288 1608 2324 perfectam
1630 2289 1739 2316 admisit

957 2337 1146 2371 disciplinam;
1165 2334 1212 2362 sed
1229 2334 1428 2369 tantispervisa
1442 2335 1574 2367 converti,
1590 2342 1687 2362 rursus
1706 2335 1739 2362 ad

959 2381 1082 2408 eamdem
1099 2380 1215 2407 recurrit
1228 2380 1387 2415 nequitiam.
1407 2379 1478 2406 Nihil
1494 2380 1570 2414 pensi
1588 2379 1670 2407 Deum
1696 2379 1745 2406 ha-
1790 2403 1797 2408 .

959 2427 1016 2453 huit
1038 2426 1084 2460 qui
1100 2425 1259 2460 prophetam
1276 2425 1398 2455 miserat,
1415 2431 1503 2458 neque
1521 2423 1600 2459 263
1622 2423 1660 2450 illi
1677 2424 1736 2451 obe-

958 2473 1018 2499 dire
1045 2472 1175 2506 deinceps
1196 2471 1293 2503 voluit,
1320 2477 1476 2505 quanquam
1498 2470 1552 2496 tale
1579 2473 1741 2504 tantumque

959 2519 1172 2552 cxperimcntum
1195 2520 1313 2551 ceperat.
1345 2515 1398 2542 Sed
1418 2519 1512 2542 contra
1537 2515 1629 2550 potius
1653 2523 1668 2541 a
1687 2514 1741 2542 Deo

959 2571 1072 2598 prorsus
1096 2562 1219 2595 recessit,
1240 2562 1294 2589 imo
1319 2562 1418 2589 bellum
1447 2562 1474 2588 in
1497 2569 1558 2588 eum
1585 2562 1740 2593 commovit,

958 2617 1020 2636 cum
1048 2612 1109 2644 post
1131 2609 1224 2636 decem
1249 2608 1366 2635 tribuum
1394 2608 1548 2639 excidium,
1572 2607 1741 2635 Hierusalem

958 2655 1052 2682 adorta
1069 2658 1121 2685 est,
1137 2661 1191 2689 qua
1206 2654 1233 2680 in
1253 2653 1321 2680 urbe
1336 2653 1466 2687 templum
1485 2653 1530 2680 Dei
1552 2658 1620 2680 erat.
1634 2653 1741 2680 Rursus

958 2702 1002 2728 hic
1025 2699 1163 2727 mirabiles
1187 2698 1316 2734 Syrorum
1352 2698 1500 2733 mythologi
1533 2698 1609 2725 aiunt
1646 2708 1652 2726 :
1678 2705 1740 2726 tom

959 2748 1088 2782 Syrorum
1117 2745 1207 2780 lingua
1231 2744 1360 2779 appellari
1382 2744 1546 2771 columbam.
1574 2743 1740 2779 Sophoniam

959 2793 1050 2829 igitur,
1063 2792 1182 2820 voluisse
1199 2792 1269 2818 hanc
1286 2790 1420 2826 appellare
1440 2791 1577 2826 prophetae
1596 2790 1671 2818 .lonte
1693 2797 1741 2817 ur—
