1981 3073
216 186 265 216 ἇνΰῖ

815 191 990 220 TllEODORl
1009 183 1247 222 uer’suesrm

1789 187 1842 215 MS

215 247 274 272 hem
288 267 296 279 ,
313 246 358 281 qui
376 247 430 273 illic
444 247 602 281 przedicavit
618 257 624 275 :
643 252 670 275 at
686 248 809 276 Graecum
824 249 999 285 interpretem

1059 251 1153 285 'Im'a,
1180 252 1256 287 φασὶ,
1280 251 1387 285 λέγεται
1410 251 1481 278 κατὰ
1498 250 1547 287 τὴν
1573 249 1666 285 Σύρων
1680 248 1802 283 γλῶτταν
1824 249 1842 285 ἡ

214 291 370 319 columbam
385 300 439 318 non
457 294 516 319 sine
534 301 627 321 errore
644 294 757 322 dixisse.
772 293 824 321 Sed
839 297 910 322 cnim
928 297 1001 330 quod

214 343 268 362 non
293 338 465 371 septuaginta
488 338 539 365 viri
570 341 732 371 erraverint,
760 340 807 367 scd
832 341 889 374 ipse
911 342 1001 376 potius

215 378 364 415 Scriptura)
382 381 468 417 Syrus
485 383 622 418 interpres
643 392 752 412 errores
772 393 870 419 passus
891 387 1002 413 creden-

215 426 267 453 Ilus
282 427 328 460 sit,
343 427 446 455 dictum
463 437 476 455 a
497 430 575 458 nobis
593 435 672 458 antea
692 431 760 459 satis
775 431 837 459 fuit.
853 431 919 459 lllud
936 439 1001 459 vero

214 473 353 506 quomodo
377 474 403 500 bi
419 475 480 501 miri
500 476 649 511 mythologi
664 485 717 503 non
738 477 902 512 intelligunt,
926 477 999 513 quod

214 527 263 553 per
272 520 426 548 convicium
443 522 507 548 dicit
526 531 533 538 ο
549 532 558 548 ι
577 522 599 550 Ο
615 523 729 551 illustris
742 528 768 551 ct
783 524 921 559 redempta
934 524 1001 551 civi-

216 569 268 597 tas,
284 566 446 594 coiumba?»
466 567 528 596 Hzec
543 573 606 596 sunt
621 570 693 596 enim
710 574 737 597 et
752 570 805 597 alia
828 570 997 604 lmjusmodi,

214 610 295 637 veluti
306 612 377 646 apud
389 612 558 641 Nahumum:
581 624 590 640 ι
599 614 725 642 Meretrix
743 616 854 650 pulchra
863 622 888 643 et
899 617 999 651 gratio-

214 664 274 688 ειη»
289 658 415 685 similiter
431 667 503 686 nunc
518 661 598 687 etiam
615 662 746 696 exprobat
759 662 831 688 illam
848 670 900 697 qua
921 667 999 689 antea

214 703 383 736 gloriabatur
402 704 612 733 formositatem.
635 706 828 734 Verumtamen
846 706 922 734 Jonas
936 715 1000 742 pro-

214 747 301 781 phctte
315 749 411 776 urbem
424 770 430 780 .
451 755 595 785 propterea
612 752 685 786 quod
701 752 735 779 ab
752 753 798 779 illo
814 753 917 780 salvata
935 753 997 782 fuit,

213 802 352 829 nunquam
375 804 437 824 eam
460 799 483 825 si
509 799 729 834 conviciaretur-1,
749 799 874 826 dixisset.
895 800 929 825 At
954 799 998 826 isti

214 839 334 869 dictione
348 850 402 869 non
425 843 574 876 intellecta.
595 844 630 871 ad
657 843 787 880 Syriacas
800 846 942 880 anilesque
955 844 996 871 fa-

214 884 292 913 bulas
309 890 433 916 conversi
451 895 526 917 sunt.

1053 298 1214 333 περιστερά·
1231 298 1245 323 ὁ
1259 297 1307 332 μὲν
1317 296 1362 324 οὖν
1380 298 1532 333 προφήτης,
1552 296 1630 322 Ἰωνᾶ
1639 295 1687 321 τοῦ
1699 295 1842 330 προφήτου

1055 343 1131 369 πόλιν
1147 342 1233 378 αὐτὴν
1251 342 1372 378 βούλεται
1388 341 1477 375 λέγειν
1491 341 1535 367 διὰ
1550 339 1580 366 τὸ
1591 339 1685 366 αὐτόθι
1698 339 1816 375 κηρύξαι
1833 346 1840 353 ⁸

1054 389 1068 413 ὁ
1084 387 1253 423 ἑρμηνεύσας
1267 387 1304 419 δὲ,
1313 387 1478 422 περιστερὰν
1492 385 1578 420 αὐτὴν
1593 383 1653 411 εἷπε
1666 384 1839 419 διασφαλείς.

1056 434 1122 468 Περὶ
1136 434 1184 468 μὲν
1200 431 1246 460 οὖν
1270 432 1317 459 τοῦ
1341 433 1378 468 μὴ
1394 433 1455 463 τοὺς
1476 431 1676 466 Ἐσδομήκοντα
1696 430 1839 465 ἐσφάλθαι,

1054 479 1093 511 (ρ.
1108 477 1170 511 401)
1190 477 1235 504 τὸν
1246 477 1272 503 δὲ
1286 477 1326 509 είς
1338 477 1388 512 τὴν
1403 476 1497 512 Σύρων
1513 476 1636 510 γλῶτταν
1647 475 1840 511 ὴρμηνευκότα

1053 523 1228 559 τὴνλΓραφὴν
1247 522 1336 558 πολλῷ
1356 523 1521 557 δικαιότερον
1541 522 1573 547 ἂν
1587 520 1746 556 νομισθῆναι
1761 520 1840 547 τοῦτο

1056 569 1229 600 πεπονθέναι,
1241 569 1347 604 εἴρηται
1358 569 1474 604 πρόσθεν
1488 569 1555 603 ἡμῖν
1566 567 1723 603 ἀρκούντως
1732 575 1738 581 ·
1752 567 1841 593 ἐκεῖνα

1052 614 1080 640 δὲ
1093 615 1117 640 οἱ
1132 614 1282 649 θαυμαστοὶ
1304 614 1445 649 μυθολόγοι
1462 613 1518 645 πῶς
1533 613 1563 639 οὺ
1582 612 1699 638 συνεῖδον
1715 612 1756 638 ὅτι
1769 612 1839 638 ὀνει-

1057 661 1136 692 δίζων
1153 661 1189 696 τῇ
1206 659 1280 686 πόλει
1294 659 1377 694 λέγει,
1399 669 1409 685 ι
1429 658 1466 686 τΩ
1481 658 1615 693 ἐπιφανὴς
1639 658 1686 684 καὶ
1705 657 1840 693 λελυτρω-

1055 706 1122 741 μένη
1152 705 1237 737 πόλις,
1253 705 1270 739 ἡ
1297 705 1464 740 περιστερὰ;
1484 714 1493 730 ›
1522 703 1636 730 τοιαῦτα
1658 703 1712 738 γὰρ
1733 702 1781 729 καὶ
1804 702 1840 728 τὰ

1052 751 1125 786 ἑξῆς,
1142 748 1196 777 οἷον
1212 751 1269 776 ἐστὶ
1282 751 1329 776 καὶ
1344 750 1419 785 παρὰ
1435 749 1473 784 τῷ
1489 749 1585 782 Ναοὺμ
1601 748 1655 781 τὸ,ι
1666 748 1754 783 Πόρνη
1769 747 1839 781 καλὴ

1050 797 1097 822 καὶ
1116 796 1276 831 ὲπίχαρις·›
1293 795 1393 831 ὁμοίως
1407 795 1461 831 γὰρ
1474 796 1542 830 αὐτῇ
1555 793 1695 821 κάνταῦθα
1715 793 1838 824 ὀνειδίζει

1050 843 1093 877 ἐφ’
1138 841 1254 877 πρόσθεν
1268 842 1428 876 ἐσεμνύνετο
1443 840 1591 876 εὐπρεπείᾳ
1601 849 1607 854 ·
1625 840 1702 866 Ἰωνᾶ
1715 839 1742 865 δέ
1762 839 1840 865 πόλιν

1050 887 1134 923 αὐτὴν
1159 887 1206 914 τοῦ
1232 887 1373 921 προωὴτου
1398 888 1442 914 διὰ
1457 886 1488 912 τὸ
1510 885 1540 918 ἐξ
1563 885 1668 912 ἐκείνου
1693 884 1838 911 σεσῶσθαι-

213 932 262 958 οὖκ
272 933 305 960 ἄν
320 942 384 960 ποτε
394 935 530 967 ὀνειδίζων
541 936 603 972 ἔφη·
617 936 675 963 ἀλλ’
689 938 714 964 οἱ
732 937 780 972 μέν
791 938 820 964 οὐ
837 936 993 972 νενοηκότες
1010 935 1039 961 τὸ
1050 933 1205 970 εἰρημένον,
1222 933 1267 960 ἐπὶ
1284 931 1432 966 Συριακούς
1447 939 1477 958 τε
1489 933 1534 959 καὶ
1547 931 1680 967 γραώδεις
1690 932 1844 966 ἐτράποντο

215 976 326 1012 μύθους,

249 1067 333 1096 Vens.
348 1070 408 1098 5-6.
421 1087 456 1091 -
475 1071 574 1102 Verum
605 1074 737 1108 propheta
753 1078 935 1100 couscntanec
952 1081 996 1100 se«

1084 1071 1158 1106 Στίχ.
1178 1070 1255 1105 Y-g’.
1267 1085 1302 1090 -—
1318 1070 1348 1096 '0
1362 1070 1390 1096 δὲ
1408 1071 1549 1106 προφήτης
1569 1068 1722 1099 ἀκολούθως
1745 1067 1792 1094 κα)⁸
1803 1066 1842 1092 τὰ

213 1115 325 1148 quentia
351 1123 460 1152 quoque
489 1118 582 1150 addit,
605 1119 723 1154 priscam
747 1119 820 1146 illius
844 1119 1000 1146 felicitatem

215 1161 318 1189 ironice
329 1163 410 1190 simul
430 1167 457 1191 et
475 1172 536 1191 cum
549 1165 674 1192 convicio
693 1173 867 1193 memorans:
888 1175 897 1190 ι
914 1166 997 1192 Prin-

214 1206 289 1241 cipes
300 1207 359 1242 ejus
373 1207 402 1236 in
419 1217 450 1237 ea
462 1210 545 1237 veluti
560 1211 700 1245 rugientes
715 1211 816 1238 leones.
837 1221 845 1236 ι
860 1211 934 1238 Adeo
952 1218 1000 1245 po-

215 1256 321 1285 tentes,
345 1258 373 1281 et
391 1255 524 1284 adversus
542 1263 638 1284 omnes
658 1257 757 1291 asperi.
781 1266 790 1282 ι
815 1254 926 1283 Iudices
941 1257 1001 1291 ejus

215 1303 244 1326 ut
261 1301 316 1335 lupi
338 1301 462 1335 Arabiae,
490 1303 558 1330 nihil
575 1302 750 1331 dimittebant
768 1305 794 1331 in
821 1311 910 1330 inane.
932 1313 941 1330 ι
960 1304 1001 1331 Ad

215 1353 272 1372 rem
292 1347 489 1375 conficiendam
511 1349 633 1381 celeres,
658 1353 688 1376 ut
708 1357 762 1376 una
785 1349 936 1384 eademque
958 1349 1002 1376 die

216 1396 313 1419 cuncta
331 1393 486 1426 concidant,
510 1395 632 1430 nihilque
653 1403 706 1422 non
726 1395 881 1422 confectum
908 1395 934 1422 in
952 1403 1000 1429 po-

216 1443 318 1464 smrum
335 1438 500 1473 relinquant.
521 1449 530 1466 ι
548 1439 690 1475 Proplietac
703 1441 764 1474 ejus
776 1441 874 1475 spiritu
891 1441 999 1476 perciti.

217 1483 266 1510 viri
290 1489 501 1520 contemptores.
523 1495 532 1511 ι
550 1485 601 1518 Qui
622 1487 694 1521 apud
718 1488 816 1521 ipsam,
831 1487 935 1521 inquit,
956 1495 1001 1514 va-

217 1530 322 1556 ticinari
338 1531 482 1565 spondent,
500 1532 585 1559 multo
601 1540 663 1559 cum
679 1533 750 1561 fastu
767 1534 825 1560 visa
843 1533 894 1560 sibi
909 1533 1002 1568 loque-

217 1575 325 1602 bantur.
361 1583 370 1600 ι
394 1575 554 1606 Sacerdotes
581 1578 642 1612 ejus
672 1579 859 1606 contaminant
890 1584 999 1609 sancta,

217 1624 330 1653 pecraul
343 1621 369 1647 in
388 1622 484 1656 legem.
505 1631 515 1648 ι
531 1622 583 1655 Qui
603 1624 676 1658 apud
691 1632 738 1651 eos
756 1624 830 1659 fungi
846 1624 1002 1652 sacerdotio

217 1664 389 1698 ridebantur,
414 1667 497 1703 264
522 1673 618 1696 contra
633 1670 718 1704 legem
743 1678 830 1697 meum
847 1675 1002 1705 contraque

216 1713 345 1746 templum
364 1713 445 1747 impie
461 1713 592 1747 agebant;
614 1718 641 1742 et
661 1722 730 1749 quos
754 1715 936 1749 obsequentes
952 1716 1000 1741 lia-

1052 1119 1115 1154 ἑξῆς
1125 1119 1231 1153 ἐπάγει.
1244 1118 1291 1153 τὴν
1301 1117 1418 1143 παλαιὰν
1430 1116 1582 1152 εὐπραγίαν
1594 1115 1679 1150 αὐτῆς
1690 1113 1840 1149 εἰρωνικῶς

1051 1174 1080 1192 τε
1092 1166 1149 1200 ἅμα
1165 1165 1250 1198 λέγων
1266 1164 1312 1191 καὶ
1326 1161 1522 1194 ὀνειδιστικῶς·
1539 1171 1548 1187 ‹
1561 1161 1592 1187 υἱ
1606 1160 1733 1195 ἄρχοντες
1753 1159 1838 1193 αὐτῆς

1051 1212 1081 1238 ἐν
1098 1212 1166 1247 ἀυτῇ
1184 1211 1221 1242 ὡς
1239 1210 1345 1241 λέοντες
1360 1209 1520 1244 ὠρυόμενοι.
1538 1217 1548 1234 ι
1567 1207 1643 1234 Οὕτω
1667 1205 1774 1232 δυνατοὶ
1791 1205 1840 1231 καὶ

1052 1257 1122 1284 κατὰ
1146 1257 1253 1283 πάντων
1277 1255 1480 1290 θρασυνόμενοι.
1502 1263 1510 1279 ι
1528 1254 1559 1279 Οἱ
1585 1251 1676 1287 κριταὶ
1697 1252 1781 1286 αὐτῆς
1800 1250 1839 1281 ὡς

1051 1302 1128 1329 λύκοι
1146 1302 1194 1337 τῆς
1216 1300 1354 1336 Ἀραϐίας,
1369 1300 1418 1335 οὐχ
1432 1298 1595 1325 ὑπελίποντο
1611 1298 1650 1329 είς
1671 1297 1701 1323 τὸ
1723 1296 1805 1331 πρωΐ.
1826 1305 1836 1322 ι

1060 1348 1144 1380 Ὀξεῖς
1168 1348 1231 1382 περὶ
1253 1347 1284 1373 τὺ
1309 1348 1395 1381 πέρας
1415 1345 1563 1372 ἐπιτιθέναι
1585 1345 1642 1375 τοῖς
1667 1344 1836 1378 πράγμασιν,

1052 1395 1121 1421 ὥστε
1137 1394 1291 1429 αύθὴμερον
1315 1392 1422 1420 ἅπαντα
1444 1391 1563 1427 τέμνειν,
1577 1390 1625 1417 καὶ
1643 1389 1725 1425 μηδὲν
1742 1388 1840 1420 ἀτελὲς

1052 1443 1092 1472 εἰς
1111 1441 1161 1475 τὴν
1184 1439 1245 1474 ὲξῆς
1264 1439 1383 1473 ἀφιέναι.
1414 1447 1422 1464 ι
1439 1439 1469 1464 Ol
1487 1437 1624 1473 προφῆται
1648 1436 1732 1470 αὐτῆς
1755 1443 1838 1462 πνευ-

1054 1486 1200 1522 ματοφόροι
1221 1485 1314 1520 ἄνδρες
1343 1483 1556 1519 καταφρονηταί.
1576 1491 1585 1508 ι
1614 1481 1669 1508 Καὶ
1685 1481 1749 1507 οἱὲν
1767 1480 1840 1515 αὐτῇ

1051 1533 1089 1565 δὲ,
1108 1529 1184 1566 φησι,
1205 1530 1383 1566 μαντεύεσθαι
1399 1529 1637 1564 ἐπαγγελλόμενοι,
1655 1527 1724 1563 μετὰ
1738 1526 1839 1561 πολλῆς

1053 1579 1202 1614 ὑπεροψίας
1218 1577 1252 1604 τὰ
1267 1577 1396 1604 δοκοῦντα
1411 1574 1582 1610 ἐφθέγγοντο.
1608 1585 1617 1600 ι
1634 1575 1665 1600 υἱ
1684 1574 1766 1608 ἱερεῖς
1788 1573 1839 1599 αὺ-

1052 1626 1100 1660 τῆς
1112 1623 1254 1660 βεὸηλοῦσι
1265 1623 1298 1649 τὰ
1310 1622 1385 1656 ἅγια,
1399 1622 1445 1648 καὶ
1455 1621 1597 1648 ἀσεϐοῦσιν
1611 1621 1650 1652 είς
1663 1620 1708 1646 τὸν
1719 1620 1809 1653 νόμον.
1827 1628 1837 1644 ι

1054 1673 1091 1705 (p.
1107 1669 1182 1704 1502)
1209 1669 1265 1695 Kal.
1293 1669 1317 1694 οἱ
1342 1666 1483 1698 δοκοῦντες
1505 1666 1533 1692 δὲ
1562 1666 1624 1701 παρ’
1646 1665 1738 1696 αὐτοῖς
1762 1665 1837 1700 ἱερα-

1052 1716 1150 1747 τεύειν,
1174 1716 1213 1746 είς
1229 1723 1259 1740 τε
1279 1714 1323 1740 τὸν
1346 1714 1427 1747 νόμον
1443 1713 1488 1739 τὸν
1514 1712 1579 1747 ἐμὸν
1598 1711 1637 1743 εἰς
1656 1719 1685 1738 τε
1705 1710 1750 1736 τὸν
1774 1709 1839 1736 ναὸν

218 1757 327 1789 hebant,
347 1759 378 1784 ad
399 1758 456 1786 haec
476 1759 536 1794 ipsa
553 1760 657 1787 scelera
673 1761 796 1788 studiose
815 1762 998 1790 concitabant.

1054 1761 1178 1797 ὴσέϐουν,
1208 1759 1351 1794 διεγείρειν
1381 1758 1426 1785 ἐπὶ
1454 1758 1541 1784 ταῦτα
1572 1758 1635 1789 τοὺς
1663 1755 1838 1791 πειθομένους

216 1803 397 1835 Quamobrem
413 1810 616 1840 consequenter
633 1807 726 1833 subdit
743 1816 749 1834 :
766 1815 775 1832 ι
801 1807 934 1834 Dominus
952 1815 1001 1833 au-

216 1848 369 1881 temjustus
385 1848 412 1875 in
428 1849 519 1876 medio
535 1857 642 1882 eorum,
655 1854 681 1877 et
696 1851 763 1877 nihil
782 1856 842 1886 aget
854 1851 976 1886 iniquum
993 1861 998 1878 :

216 1901 294 1919 inauc
313 1894 576 1929 proferetjudiciurn
593 1903 674 1922 suum
694 1896 721 1922 in
735 1897 833 1924 lucem.
852 1907 861 1922 ι
881 1897 916 1923 At
927 1897 999 1923 enim

215 1938 282 1965 nihil
304 1939 344 1966 eis
362 1939 464 1974 profuit
487 1941 533 1968 illa
564 1941 697 1975 iniquitas
720 1950 727 1967 :
753 1950 871 1977 namque
896 1944 923 1969 in
945 1951 1001 1970 me-

215 1985 261 2012 dio
281 1993 376 2012 eorum
403 1987 565 2014 versabatur
591 1987 679 2020 Deus,
701 1989 807 2016 etiamsi
833 1998 894 2016 eum
923 1989 1000 2017 flocci

216 2030 352 2058 faciebant
373 2032 443 2066 :qui
466 2036 558 2060 tamen
583 2042 749 2070 magnopere
770 2035 885 2070 justitiae
906 2041 999 2068 tenax,

215 2084 249 2104 ne
263 2084 336 2104 nunc
360 2078 469 2112 quidem
491 2079 588 2106 horum
610 2080 782 2116 iniquitatem
798 2082 844 2109 diu
863 2082 1000 2110 dominari

214 2121 286 2149 sinet
300 2124 415 2150 :ctenim
432 2131 494 2151 cum
508 2125 632 2160 iniquum
646 2131 752 2162 reputet
768 2128 894 2162 impunes
910 2128 1001 2155 dimit-

214 2173 271 2196 tere
285 2169 442 2203 liujusmodi
463 2170 604 2204 homines,
620 2178 794 2207 properatum
815 2174 949 2208 judicium
967 2174 1000 2201 de

215 2215 259 2242 his
279 2215 438 2247 exercebit,
463 2217 656 2252 publicamque
680 2219 800 2253 imponet
812 2220 852 2247 eis
874 2225 1000 2254 peccato-

215 2268 275 2287 rum
309 2261 494 2296 punitionem.
525 2262 592 2290 Nam
622 2263 759 2298 duplicata
787 2264 1000 2297 dictio,unane

215 2315 303 2338 mane,
319 2314 475 2335 nsummam
491 2308 662 2336 celeritatem
689 2310 810 2337 denotat.
836 2310 937 2337 Deinde
959 2311 999 2338 rei

214 2352 340 2380 effectura
368 2353 529 2388 significans
543 2363 565 2381 ιι
578 2354 606 2382 In
622 2355 790 2389 corruptela,
806 2355 905 2390 inquit,
927 2355 998 2382 traxi

215 2398 358 2432 superbos,
384 2398 512 2433 dissipati
533 2402 598 2426 sunt
624 2400 716 2435 anguli
742 2408 848 2431 eorum,
875 2401 999 2428 desertas

214 2444 327 2470 omnino
344 2444 440 2471 faciam
456 2445 516 2471 vias
535 2451 643 2476 eorum,
662 2446 698 2471 ita
714 2450 742 2472 ut
761 2454 842 2472 nemo
858 2446 923 2472 illuc
939 2455 1001 2481 pcr—

217 2494 339 2516 transeat
355 2499 361 2517 :
386 2490 548 2518 defecerunt
571 2491 699 2518 civitates
712 2499 823 2523 eorum,
837 2492 900 2525 quia
924 2499 1004 2518 nemo

216 2540 341 2569 superest
363 2536 404 2562 vel
416 2535 560 2562 inhabitat.
588 2545 597 2562 ι
622 2535 793 2570 (Σοιηιμιοίιιε
813 2535 913 2563 tradidi
942 2537 1003 2564 illos

216 2584 326 2613 propter
353 2581 508 2615 superbiam
538 2589 545 2605 :
575 2581 715 2608 destruant
741 2586 854 2608 cunctas
880 2584 1001 2617 ipsiirum

218 2626 355 2657 civitates,
386 2635 485 2661 resque
510 2627 617 2654 illorum
642 2627 675 2654 ad
700 2631 801 2654 tantam
828 2628 1002 2656 solitudinem

216 2672 336 2708 redigam
349 2693 358 2705 ,
373 2677 403 2699 ut
419 2673 486 2708 ipsa;
501 2673 647 2708 incognitae
663 2673 761 2700 futurae
781 2674 837 2700 sint
851 2679 999 2701 transeun-

215 2719 282 2744 tium
297 2718 427 2751 pcnuria;
441 2718 514 2753 quod
532 2718 621 2752 ipsum
638 2719 747 2746 cunctis
765 2727 874 2754 quoque
889 2720 1001 2747 urbibus

213 2764 338 2797 eveniet,
355 2765 419 2800 quia
438 2765 530 2793 nullus
547 2764 676 2799 deinceps
694 2765 784 2791 incola
806 2765 960 2792 invenietur
973 2767 999 2792 in

213 2811 263 2836 eis.
282 2809 408 2838 Jamvero
425 2819 571 2846 poscquam
593 2813 636 2839 his
658 2811 750 2839 verbis
768 2810 879 2838 Ninives
894 2812 1000 2839 desola-

213 2855 314 2881 tionem
333 2856 468 2888 ostcndit,
487 2861 514 2883 et
531 2856 670 2892 Assyriaci
689 2855 797 2890 imperii
813 2855 996 2888 eversionem,

214 2900 294 2927 νει-ἰὴ
307 2900 338 2927 ad
352 2899 460 2929 induces
480 2909 645 2934 sermonem,
664 2901 753 2936 aitque
768 2910 773 2927 :

1017 2429 1038 2456 ί)

1054 1808 1145 1839 αὐτοῖς
1171 1807 1261 1833 πᾶσαν
1290 1806 1396 1840 ἔχοντες
1409 1804 1458 1839 τὴν
1474 1803 1600 1838 σπουδήν.
1618 1800 1665 1834 Οἷς
1684 1800 1838 1831 ἀκολούθως

1054 1855 1212 1890 ἐπήγαγεν⁸
1227 1863 1236 1879 ι
1260 1853 1288 1880 '0
1304 1853 1332 1879 δὲ
1349 1853 1451 1888 Κύριος
1472 1852 1574 1883 δίκαιος
1594 1852 1622 1877 ἐν
1642 1851 1716 1886 μέσῳ
1736 1848 1838 1878 αὐτῶν,

1054 1902 1101 1928 καὶ
1114 1902 1143 1927 ού
1158 1901 1196 1936 μὴ
1212 1900 1311 1935 ποιήσῃ
1329 1899 1436 1925 ἄδικον·
1456 1898 1528 1933 πρωῒ
1551 1898 1630 1924 δώσει
1656 1898 1741 1932 κρῖμα
1753 1896 1838 1923 αὐτοῦ

1054 1948 1093 1978 είς
1111 1946 1179 1980 φῶς.
1200 1955 1208 1970 ι
1238 1944 1317 1971 ’Λλλὰ
1334 1944 1388 1979 γὰρ
1410 1943 1487 1970 οὐθὲν
1500 1942 1596 1976 ὄφελος
1613 1941 1703 1972 αὐτοῖς
1727 1941 1841 1975 γέγονεν

1054 1992 1102 2027 τῆς
1117 1990 1289 2026 παρανομίας
1305 1989 1413 2024 ἐκείνης
1425 1998 1431 2003 ·
1452 1988 1499 2015 καὶ
1517 1988 1571 2023 γὰρ
1586 1988 1633 2014 καὶ
1652 1987 1771 2014 ἀκόντων
1789 1987 1840 2013 αὺ-

1053 2036 1108 2063 τῶν
1136 2037 1165 2062 ἐν
1183 2036 1257 2071 μέσῳ
1277 2036 1342 2066 Θεὸς
1361 2035 1496 2069 ὑπῆρχεν,
1516 2035 1540 2060 εί
1564 2034 1610 2060 καὶ
1633 2033 1736 2068 μηδένα
1758 2032 1839 2066 λόγον

1054 2082 1136 2109 αὐτοῦ
1166 2082 1300 2108 ποιεῖσθαι
1329 2080 1486 2107 ἐϐούλοντο·
1516 2079 1545 2112 ὃς
1573 2079 1672 2115 πολλὴν
1695 2079 1763 2113 ἔχων
1789 2078 1839 2104 τοῦ

1053 2129 1158 2156 δικαίου
1182 2128 1320 2164 φροντίδα,
1342 2127 1402 2154 οὐδὲ
1419 2127 1466 2154 νῦν
1481 2126 1605 2160 ἀνέξεται
1621 2127 1670 2161 τῆς
1687 2125 1762 2161 παρὰ
1775 2124 1839 2151 τού-

1053 2183 1106 2201 των
1129 2173 1337 2208 ἐπιτελουμένης
1365 2172 1470 2204 ἀδικίας
1497 2173 1543 2198 ἐπὶ
1558 2171 1636 2205 ξπολὺ
1665 2170 1837 2206 κρατούσης·

1053 2220 1144 2247 ἄδικον
1157 2219 1185 2245 δὲ
1201 2218 1372 2254 ἡγησάμενος
1385 2217 1415 2244 τδ
1428 2217 1618 2252 ἀτιμωρήτους
1629 2217 1738 2250 ἀφεῖναι
1749 2215 1838 2241 τοιού-

1052 2273 1115 2296 τους
1126 2265 1215 2297 δντας,
1224 2264 1312 2296 ὀξεῖαν
1329 2263 1417 2298 κρίσιν
1433 2263 1486 2289 τῶν
1496 2263 1555 2290 κατ’
1568 2263 1665 2294 αὐτοὺς
1683 2262 1841 2297 ποιήσεται,

1052 2311 1100 2336 καὶ
1114 2309 1245 2345 πρόδηλον
1257 2309 1348 2340 αὐτοῖς
1363 2308 1458 2340 ἐπάξει
1470 2308 1519 2344 τὴν
1534 2308 1603 2342 ὑπὲρ
1616 2307 1670 2334 τῶν
1690 2306 1839 2342 ἐπταισμέ-

1053 2364 1104 2382 νων
1118 2354 1253 2390 τιμωρίαν
1267 2362 1274 2369 ·
1290 2354 1390 2390 τὸξγὰρ
1405 2364 1414 2379 ι
1436 2353 1507 2390 πρωῒ
1525 2353 1597 2389 πρωῒ
1617 2363 1626 2378 ι
1643 2353 1693 2388 τὴν
1706 2353 1775 2386 ἄγαν
1789 2361 1839 2379 τα-

1052 2400 1155 2436 χύτητα
1184 2400 1267 2434 λέγει.
1295 2398 1360 2426 Εἶτα
1387 2399 1448 2426 τίνα
1478 2399 1511 2426 τὰ
1531 2400 1563 2426 ὲκ
1584 2399 1680 2425 τούτου
1706 2398 1839 2433 γινόμενα

1052 2446 1152 2478 λέγων·
1184 2455 1192 2470 ι
1220 2445 1263 2471 Ἑν
1288 2444 1419 2480 διαφθορᾷ
1447 2444 1606 2471 κατέσπασα
1635 2444 1836 2478 ὑπερηφάνους,

1052 2488 1238 2524 ἠφανίσθησαν
1263 2489 1359 2522 γωνίαι
1375 2489 1480 2515 αὐτῶν·
1503 2487 1668 2524 ἑξερημώσω
1695 2488 1743 2519 τὰς
1760 2488 1838 2519 ὁδοὺς

1052 2534 1140 2560 αὐτῶν
1164 2534 1195 2560 τὸ
1214 2534 1343 2569 παράπαν
1355 2535 1401 2560 τοῦ
1419 2535 1455 2569 μὴ
1472 2534 1636 2560 διοδεύεσθαι
1648 2542 1654 2549 ·
1671 2533 1794 2566 ἐξέλιπον
1809 2535 1839 2560 αἱ

1052 2580 1143 2612 πόλεις
1160 2580 1247 2606 αὐτῶν
1263 2580 1338 2616 παρὰ
1348 2581 1378 2607 τὸ
1391 2581 1492 2616 μηδένα
1506 2580 1638 2616 ὑπάρχειν
1662 2579 1728 2614 μηδέ
1748 2589 1838 2606 κατοι-

1052 2628 1119 2653 κεῖν.
1138 2637 1147 2652 ι
1162 2627 1300 2662 Διαφθορᾷ
1321 2627 1369 2661 μὲν
1381 2627 1436 2662 γὰρ
1460 2627 1558 2658 αὐτοὺς
1571 2626 1616 2653 διὰ
1630 2626 1678 2661 τὴν
1695 2626 1837 2661 ὑπερηφα-

1050 2673 1109 2699 νίαν
1132 2673 1222 2700 αὐτῶν
1242 2673 1440 2709 παραδέδωκα·
1456 2673 1563 2707 ἀφανιῶ
1584 2673 1612 2699 δὲ
1630 2673 1720 2704 πάσας
1745 2672 1837 2698 αὐτῶν

1049 2719 1098 2750 τὰς
1114 2719 1221 2750 πόλεις·
1247 2720 1286 2750 είς
1307 2718 1440 2753 τοσαύτην
1458 2727 1487 2744 τε
1502 2718 1619 2754 ἐρημίαν
1634 2718 1689 2750 ἄξω
1714 2717 1749 2744 τὰ
1769 2718 1836 2753 παρ’

1049 2765 1150 2796 αὐτοῖς,
1163 2767 1200 2799 (p.
1217 2764 1268 2791 405
1283 2765 1291 2799 )
1309 2763 1378 2790 ὥστε
1397 2765 1444 2790 καὶ
1460 2763 1510 2795 τὰς
1527 2764 1603 2795 ὁδοὺς
1615 2763 1707 2790 λοιπὸν
1722 2763 1836 2798 ἀδήλους

1049 2807 1118 2836 εἶναι
1135 2810 1238 2844 ἐρημίᾳ
1252 2809 1305 2835 τῶν
1323 2810 1494 2836 διοδευὸντων
1506 2830 1513 2842 ,
1529 2806 1600 2846 ᾗπερ
1618 2807 1664 2836 οὖν
1680 2808 1834 2844 παραδώσω

1051 2855 1098 2882 καὶ
1112 2855 1161 2886 τὰς
1172 2855 1262 2886 πόλεις
1275 2855 1364 2881 αὐτῶν
1381 2855 1498 2885 ἁπάσας,
1509 2854 1580 2881 ὥστε
1594 2855 1696 2890 μηθένα
1707 2853 1834 2880 οἰκοῦντα

1052 2897 1224 2933 εὑρίσκεσθαι
1240 2899 1268 2924 ὲν
1287 2899 1390 2930 αὑταῖς,
1414 2898 1492 2925 Ἀλλὰ
1514 2898 1568 2934 γὰρ
1588 2898 1710 2933 δηλώσας
1729 2899 1758 2925 ἐν
1773 2897 1836 2924 τού-
