1981 3073
79 153 130 182 ἆιῖθ

546 160 820 190 COMMENTARIUS
834 161 869 189 IN
883 162 1067 192 SOPHONIAS
1087 164 1163 192 CAP.
1180 164 1223 192 lli.

1656 166 1708 193 ΠΟ

76 219 134 243 τοις
151 213 198 240 καὶ
212 214 259 250 τῆς
276 215 374 252 Νινευῆ
391 217 440 252 τὴν
459 218 587 254 ἐρημίαν,
605 220 656 255 τῆς
675 229 703 247 τε
718 221 771 248 τῶν
795 222 945 257 Ἀσσυρίων
961 223 1048 258 ἀρχῆς
1067 224 1115 258 τὴν
1131 223 1299 259 καθαίρεσιν,
1314 224 1409 259 τρέπει
1423 224 1491 260 πρὸς
1502 222 1564 256 τοὺς
1575 224 1625 259 τῆς
1645 224 1708 251 Ἰου-

78 261 157 293 δαίας
170 262 216 289 τὸν
232 264 308 298 λόγον
322 265 366 292 καί
378 275 460 301 φησιν
471 275 477 281 ·

115 309 192 345 Στίχ.
207 310 240 342 ζ’,
253 315 289 346 η’.
300 327 334 331 —
351 322 359 338 ι
376 311 475 339 Εἶπον·
490 314 564 349 Πλὴν
577 315 701 349 φοϐεῖσθε
718 325 761 351 με,
774 318 820 344 καὶ
832 316 875 343 δέ-
890 321 911 348 Α
962 316 1044 345 Vsus.
1065 318 1091 348 7.
1109 319 1137 346 8.
1149 334 1182 338 -
1197 328 1204 343 ι
1224 318 1282 344 Dixi

80 356 162 388 ξασθε
174 357 307 389 παιδείαν,
318 359 364 384 καὶ
372 359 403 385 οὐ
413 359 451 394 μὴ
460 359 666 396 ἐξολοθρευθῆτε
679 362 709 394 ἐξ
723 362 870 399 ὀφθαλμῶν

80 403 167 439 αὐτῆς
177 404 223 432 διὰ
236 406 324 432 πάντα
338 406 388 434 ὃσα
398 407 540 443 ὲξεδῐκησα
552 409 595 434 ἐπ’
609 410 704 445 αὐτήν.
718 420 728 436 ι
740 410 807 446 Ἤδη
820 411 871 446 μὲν

79 447 125 475 οὖν
152 449 296 484 προλαϐὼν
309 450 536 487 διεμαρτυράμην
553 453 617 488 ὑμῖν
635 453 678 480 διὰ
692 453 745 480 τῶν
763 461 871 490 προφη-

80 495 145 528 τῶν,
162 495 234 522 ὥστε
248 497 277 522 ἐν
297 497 370 532 φόϐῳ
393 498 441 533 μὲν
462 498 534 533 ἔχειν
545 499 606 534 ἐμὲ,
621 499 668 526 ἆτε
682 500 780 535 ῥαδίως
799 501 872 536 ὑμᾶς

81 543 104 568 εἰ
122 541 244 569 πταίοιτε
256 543 303 570 καὶ
324 544 502 579 τιμωρεῖσθαι
519 545 678 580 δυνάμενον,
698 546 825 580 δέξασθαι
843 547 872 573 δὲ

81 589 132 623 τὴν
145 590 354 625 προσαγομένην
366 591 429 625 ὑμῖν
439 590 612 619 διδασκαλίαν
622 593 855 630 ἐπαγγειλάμενος
863 602 871 610 ·

82 635 145 661 οὒτε
159 635 302 670 ἀφανίζειν
319 636 402 671 ὑμᾶς,
430 637 455 663 εἰ
471 636 558 664 ταῦτα
578 639 690 671 ποιοῖτε,
705 640 756 674 τῆς
783 648 866 674 προσ-

83 681 171 714 όψεως
192 681 241 717 τῆς
267 681 337 716 ἐμῆς
356 682 554 718 ἀφαιρεθέντας
577 683 631 709 τῶν
651 684 754 717 τόπων,
774 686 802 710 ἐν
818 682 874 711 οἷσ-

85 735 139 762 περ
162 727 333 754 διατέτακται
353 728 403 763 τῆς
420 728 567 763 θεραπείας
592 729 664 764 ὑμᾶς
686 730 875 765 ἐπιμελεῖσθαι

84 772 135 807 τῆς
161 773 247 807 ἐμῆς·
279 773 335 799 οὐτ’
361 773 401 799 ἔτι
428 773 627 810 διαπράξασθαι
651 774 755 802 τούτων
783 775 801 802 ἃ
828 775 875 802 νῦν

85 820 226 854 ἐπήγαγον
240 819 304 854 ὑμῖν
316 820 354 851 εἰς
368 819 490 846 ἐκδικίαν
501 816 538 846 ὧν
551 820 802 856 πεπλημμελήκατε
813 821 876 847 πολ-

84 864 174 897 λάκις.
189 874 198 890 ι
224 865 383 900 Ἐτοιμάζου
397 885 405 896 ,
431 865 557 901 ὖρθρισον
569 887 576 898 ,
594 866 754 902 διέφθαρται
770 867 845 893 πᾶσα
859 868 875 901 ἡ

86 911 338 947 ὲπιφυλλὶςζαὺτῶν.
354 922 363 938 ι
386 911 455 938 Ἀλλ’
465 913 558 947 ἐπειδὴ
571 912 632 939 τότε
649 912 679 939 τὸ
692 912 750 940 δέον
767 913 878 948 παρελί-

87 966 153 986 πετε
166 959 213 984 καὶ
225 958 375 985 πεπόνθατε
388 957 510 989 τοιαῦτα,
525 958 571 985 νῦν
587 958 653 992 γοῦν
667 959 779 991 ἑαυτοὺς
790 960 828 990 εἰς
848 959 878 985 τὸ

86 1004 147 1031 δέον
167 1005 395 1040 παρασκευάσατε
416 1005 455 1036 είς
473 1005 503 1031 τὸ
523 1005 590 1040 μετὰ
607 1006 697 1041 πάσης
720 1006 879 1042 ἐπιμελείας
895 993 915 1020 Β

87 1059 119 1077 τε
132 1050 179 1076 καὶ
195 1050 313 1084 σπουδῆς
329 1049 384 1082 τῶν
399 1051 466 1085 παρ’
489 1049 559 1085 ἐμοῦ
574 1050 796 1086 διατεταγμένων
816 1052 882 1078 ἀντ-

87 1095 209 1132 έχεσθαι,
223 1095 270 1122 ἅτε
286 1095 333 1122 καὶ
351 1095 401 1130 τῆς
421 1096 584 1131 κηδεμονίας
597 1105 647 1132 μου
667 1096 718 1132 τῆς
732 1097 796 1133 περὶ
810 1097 882 1132 ὑμᾶς

88 1142 226 1176 ἀπόδειξιν
243 1141 351 1177 ἔχοντες
374 1142 405 1168 τὺ
427 1143 518 1169 πᾶσαν
535 1142 676 1174 παντελῶς
701 1142 882 1178 ἀφαιρεθῆναι

89 1189 151 1224 τὴν)
164 1188 278 1224 δύναμιν
299 1189 352 1215 τῶν
383 1188 499 1224 ἐχθρῶν.
523 1198 532 1215 ι
552 1188 602 1215 Διὰ
624 1189 704 1216 τοῦτο
736 1189 884 1224 ὑπόμεινόν

90 1244 136 1270 με,
155 1235 231 1269 λέγει
245 1235 365 1270 Κύριος,
381 1235 419 1270 (p.
439 1235 491 1261 404
507 1235 567 1266 isi;
581 1235 688 1270 ἡμέραν
705 1235 878 1267 ἀναστάσεώς

91 1289 142 1316 μου
168 1282 210 1312 εἰς
230 1281 389 1316 μαρτύριον.
409 1290 418 1307 ι
439 1282 494 1308 Καὶ
520 1281 666 1308 διατελεῖτε
681 1281 712 1316 δὴ
736 1281 804 1317 πρὸς
829 1281 878 1316 ἐμὲ

90 1328 258 1364 ἀφορῶντες,
272 1329 319 1355 καὶ
335 1329 384 1361 τὴν
398 1328 463 1364 παρ’
475 1327 543 1363 ἐμοῦ
560 1327 687 1363 βοήθειαν
700 1328 880 1363 ἀναμένοντες

89 1375 123 1411 ἢν
147 1375 219 1402 κατὰ
243 1375 337 1410 καιρὸν
352 1375 418 1410 ὑμῖν
434 1374 555 1410 παρέξω,
575 1374 613 1406 ὡς
635 1374 669 1401 ἐκ
691 1374 796 1410 νεκρῶν
808 1374 880 1410 ὑμᾶς

91 1421 219 1453 ἁνιστῶν,
247 1420 295 1447 καὶ
322 1420 502 1447 ἀπαλλάττων
532 1420 582 1456 μὲν
610 1420 659 1455 τῆς
682 1419 880 1455 αἰχμαλωσίας,

91 1466 237 1500 ἐπανάγων
253 1465 281 1492 δέ
293 1465 398 1497 πάντας
408 1465 481 1500 ὑμᾶς
497 1465 544 1491 ἐπὶ
557 1464 592 1491 τὰ
606 1465 704 1492 οἰκεῖα.
720 1465 812 1492 Ταῦτα
827 1465 881 1501 γὰρ

92 1512 174 1538 πάλαι
190 1520 221 1538 τε
235 1511 281 1538 διὰ
293 1510 346 1537 τῶν
362 1509 508 1546 προφητῶν
526 1510 572 1536 καὶ
592 1509 639 1536 νῦν
663 1509 728 1544 ὑμῖν
748 1510 881 1545 ἐπήγγελ-

1300 327 1307 344 :
1325 317 1525 345 Verumtamem
1541 319 1634 345 timete
1653 325 1707 347 me,

921 368 948 390 et
961 364 1079 398 excipite
1098 364 1290 399 disciplinam,
1308 367 1390 398 atque
1406 364 1443 390 ita
1460 371 1516 390 non
1533 363 1659 398 peribitis
1674 371 1707 389 ex

922 409 1010 436 oculis
1024 409 1108 441 illius,
1125 415 1236 444 propter
1249 417 1280 436 ea
1291 410 1394 441 omnia,
1411 416 1473 444 qua:
1483 410 1557 436 ultus
1571 417 1630 436 sum
1642 415 1710 435 con-

924 458 964 480 tra
993 461 1064 481 eam.
1087 464 1095 480 ι
1120 454 1287 489 Jampridem
1318 458 1435 482 testatus
1470 454 1548 481 vobis
1575 462 1635 481 sum
1661 461 1709 488 per

924 500 1080 534 prophetas,
1099 504 1128 527 ut
1147 508 1189 528 me
1211 501 1356 532 timeretis,
1379 500 1426 535 qui
1445 499 1525 527 facile
1543 507 1666 534 possum,
1686 500 1709 527 si

924 541 1113 580 peccaveritis,
1127 545 1241 580 punire;
1261 551 1342 581 atque
1359 550 1389 572 ut
1403 545 1466 572 data
1487 545 1590 572 monita
1607 545 1711 578 recipe-

924 591 993 618 retis
1008 591 1182 625 denuntiavi,
1199 599 1339 626 nunquam
1356 599 1424 624 vos,
1444 591 1468 618 si
1491 591 1528 618 ita
1544 599 1593 618 vos
1617 599 1712 626 gCSse-

925 637 997 669 ritis,
1025 645 1068 664 me
1089 637 1305 670 destructurum,
1329 646 1416 673 neque
1437 645 1452 664 a
1480 638 1547 665 locis
1570 644 1641 672 quos
1662 644 1712 670 ego

925 686 1038 718 aspectu
1064 691 1126 710 meo
1146 684 1242 719 dignos
1267 683 1380 718 judico,
1400 684 1579 719 expulsurum
1603 691 1609 709 :
1635 682 1713 709 deni-

925 736 980 763 que
999 729 1068 756 nihil
1084 737 1179 756 eorum
1195 734 1348 764 gesturum,
1362 738 1422 765 qua:
1443 737 1516 756 nunc
1536 732 1712 764 peccatorum

926 779 1082 803 vestrorum
1100 776 1276 803 multitudine
1287 776 1368 811 265
1380 779 1535 803 commotus
1552 775 1592 801 ira
1608 774 1715 802 vindico

927 822 1094 857 perpeti-avi.
1121 831 1130 847 ι
1157 821 1325 857 Prteparare,
1344 829 1479 857 consurge
1498 821 1630 853 diluculo,
1654 827 1717 847 cor-

929 873 1007 902 rupta
1023 871 1066 894 est
1079 867 1245 895 frondositas
1267 875 1372 894 eorum.
1392 877 1401 893 ι
1421 867 1473 894 Sed
1491 867 1556 902 quia
1574 871 1640 893 tunc
1656 866 1716 893 olli-

929 914 1002 941 cittm
1016 918 1140 941 vestrum
1153 914 1328 946 deseruistis,
1344 913 1459 948 ideoque
1475 913 1533 940 hzec
1545 912 1716 947 pertulistis;

930 968 1004 988 nunc
1024 964 1132 987 vosmet
1153 964 1311 994 comparate
1329 961 1362 987 ad
1384 959 1567 987 obediendum
1582 958 1718 985 mandatis

930 1007 997 1035 meis
1017 1007 1163 1034 sedulitate
1184 1007 1258 1033 omni
1283 1014 1314 1034 ac
1339 1006 1449 1039 studio;
1464 1006 1565 1040 quippe
1582 1005 1631 1039 qui
1652 1011 1719 1030 mea:

929 1060 994 1087 erga
1017 1059 1066 1080 vos
1094 1051 1273 1087 providentiae
1299 1052 1564 1079 demonstrationem
1593 1049 1718 1079 habetis.

931 1099 1050 1126 hostium
1071 1103 1227 1126 vestrorum
1250 1098 1380 1132 potentiae
1406 1104 1565 1133 supremum
1588 1095 1720 1123 extermi-

932 1144 1019 1172 nium.
1035 1153 1044 1170 ι
1064 1145 1211 1180 Propterea
1225 1149 1356 1179 exspecta
1369 1151 1430 1177 me,
1445 1143 1513 1171 dicit
1530 1142 1675 1172 Dominus.
1692 1142 1719 1168 iu

932 1191 1005 1218 diem
1020 1192 1232 1218 resurrectionis
1247 1199 1314 1218 mem
1329 1191 1358 1218 in
1372 1189 1572 1218 testimonium.
1595 1197 1604 1213 ι
1622 1187 1662 1214 Ad
1678 1195 1720 1213 me

930 1237 1103 1264 continenter
1128 1237 1271 1272 respicite,
1297 1243 1445 1271 meumque
1477 1235 1610 1262 auxilium
1634 1241 1702 1268 expc

932 1287 1006 1311 etate
1014 1283 1086 1318 quod
1099 1291 1149 1311 suo
1160 1288 1281 1318 tempore
1293 1283 1444 1314 conferam,
1457 1281 1521 1308 dum
1533 1288 1582 1308 vos
1592 1284 1721 1315 tanquam

933 1336 948 1355 a
959 1329 1077 1356 mortuis
1089 1329 1240 1361 suscitabo,
1257 1332 1283 1356 et
1293 1329 1435 1363 expediam
1452 1326 1624 1361 captivitate,
1640 1329 1724 1360 atque

934 1374 967 1401 ad
988 1375 1098 1410 propria
1124 1382 1348 1409 unumquemque
1370 1375 1429 1401 loca
1454 1373 1595 1400 reducam.
1619 1372 1724 1406 Quippe

935 1421 993 1448 haec
1012 1421 1078 1448 olim
1094 1429 1142 1456 per
1153 1422 1311 1457 prophetas,
1327 1425 1354 1448 et
1369 1427 1443 1448 nunc
1455 1419 1546 1446 denuo
1560 1419 1724 1446 collaturum

935 1475 978 1495 me
992 1468 1070 1496 vobis
1083 1469 1216 1504 spondeo,
1232 1473 1261 1496 ut
1281 1468 1405 1496 veritatis
1419 1466 1634 1502 promissionum
1650 1473 1722 1492 mea-

935 1520 996 1540 rum
1017 1515 1096 1542 testis
1110 1514 1188 1542 vobis
1201 1515 1236 1541 sit
1247 1522 1337 1541 rerum
1351 1513 1450 1541 exitus.

93 1566 142 1592 μαι
158 1556 288 1593 παρέξειν
301 1577 309 1590 ι
333 1556 372 1588 ὡς
389 1556 422 1583 ἂν
441 1556 593 1592 μαρτυρίαν
611 1556 659 1591 τῆς
677 1556 806 1591 ἀληθείας
828 1556 882 1583 τῶν
905 1560 970 1595 παρ’
987 1560 1055 1596 ἐμοῦ
1080 1561 1328 1598 προηγορευμένων
1343 1561 1430 1595 ἔχοιτε
1447 1559 1500 1586 τῶν
1513 1558 1663 1594 γινομένων
1676 1558 1725 1593 τὴν

91 1604 215 1631 ἔκϐασιν.

127 1650 203 1686 Στίχ.
217 1651 252 1685 θ’,
270 1653 297 1678 ι’.
312 1665 347 1671 -
363 1658 372 1675 ι
387 1649 459 1686 Διότι
478 1649 508 1675 τδ
524 1649 611 1685 κρῖμά
631 1657 682 1684 μου
707 1649 747 1679 εἰς
761 1657 883 1683 συναγωα-

973 1651 1056 1680 Vens.
1080 1653 1107 1685 9,
1124 1654 1167 1680 10.
1184 1667 1217 1672 -
1236 1663 1244 1678 ι
1259 1652 1327 1686 Quia
1340 1652 1475 1687 judicium
1497 1658 1587 1678 meum
1606 1650 1638 1677 ad
1660 1658 1727 1676 cou-

93 1698 145 1731 γᾶς
160 1696 250 1723 ἐθνῶν
266 1696 314 1723 τοῦ
340 1695 511 1729 εἰσδέξασθαι
529 1695 647 1730 βασιλεῖς
663 1695 709 1722 τοῦ
730 1695 823 1731 ἐκχέαι
840 1696 882 1722 ἐπ’

94 1743 195 1774 αὐτοὺς
212 1743 303 1769 πᾶσαν
312 1742 397 1777 ὀργὴν
414 1741 500 1777 θυμοῦ
513 1749 562 1776 μου
573 1749 579 1756 ·
595 1741 661 1768 διότι
675 1742 704 1767 ἐν
719 1742 786 1776 πυρὶ
801 1740 883 1776 ζήλου

97 1798 148 1825 μου
174 1788 430 1824 καταναλωθήσεται
447 1788 522 1814 πᾶσα
539 1787 556 1822 ἡ
585 1787 632 1822 γῆ.
654 1797 663 1813 ι
686 1787 753 1813 Τότε
774 1786 828 1822 γὰρ
851 1786 884 1822 δὴ

99 1835 216 1870 μάλιστα
231 1834 304 1870 σαφῆ
327 1834 375 1869 τὴν
395 1833 485 1868 κρίσιν
508 1833 678 1868 ἐπιδείξομαι
695 1833 744 1868 τὴν
760 1833 829 1868 ἐμὴν
851 1832 885 1867 ἢν

97 1882 169 1917 ὑπὲρ
184 1881 262 1917 ὑμῶν
289 1881 449 1915 ποιήσομαι,
465 1880 527 1911 τοὺς
545 1879 712 1914 πανταχόθεν
727 1878 886 1914 ἁθροιζομέ-

97 1937 160 1960 νους
176 1927 234 1955 τῶν
257 1927 340 1954 ἐθνῶν
359 1927 411 1953 ὑπὸ
428 1925 564 1961 τιμωρίαν
587 1925 680 1959 ἄγων”
703 1924 817 1956 πολλοὺς
832 1924 887 1959 γὰρ

96 1975 129 2011 δὴ
145 1974 274 2010 βασιλέας
287 1982 317 2000 τε
333 1974 382 2001 καὶ
395 1974 538 2009 σατράπας
550 1973 598 1999 σὺν
613 1973 669 2003 τοῖς
680 1971 790 2003 οἰκείοις
804 1980 886 2007 στρα-

97 2021 221 2053 τοπέδοις
238 2021 284 2047 ἐπὶ
300 2020 350 2055 τὴν
366 2019 542 2056 Ἰερουσαλὴμ
553 2018 707 2054 χωροῦντας
721 2017 884 2052 εἰσδέξομαι,

97 2070 237 2096 τουτέστιν
259 2069 344 2096 ἐλθεῖν
357 2068 429 2095 ἐάσω
440 2090 447 2100 ,
462 2068 533 2094 ὥστε
547 2068 619 2102 σαιρῆ
637 2067 686 2102 μέν
709 2075 760 2101 μου
775 2066 823 2102 τὴν
836 2075 887 2102 κη-

97 2115 227 2150 δεμονίαν
243 2115 292 2150 τὴν
307 2115 372 2150 περὶ
395 2114 468 2149 ὑμᾶς
490 2113 580 2140 αὐτῶν
606 2113 717 2148 ποιῆσαι
737 2112 791 2139 τῶν
816 2120 888 2148 πρα-

99 2161 234 2196 γμάτων·
266 2160 366 2196 πολλὴν
391 2161 419 2187 δέ
451 2169 511 2187 τινα
531 2160 580 2196 τὴν
606 2160 650 2187 ἐπ’
679 2159 776 2191 αὐτοὺς
804 2159 889 2195 ὀργὴν

100 2207 207 2242 ἐκχέαι,
227 2208 316 2234 πᾶσάν
331 2216 360 2233 τε
371 2207 455 2242 αὐτὴν
470 2207 528 2234 κατ’
546 2206 636 2233 αὐτῶν
653 2207 764 2241 κινῆσαι
775 2214 781 2220 ·
795 2205 890 2240 ἐπειδὴ

100 2253 201 2280 ὡσανεὶ
215 2253 259 2280 διὰ
273 2254 359 2289 πυρὸς
375 2252 506 2280 ἀναλὼσω
520 2252 623 2284 πάντας
639 2252 738 2283 αὐτοὺς
751 2251 823 2287 ζήλῳ
837 2251 890 2277 τινὶ

100 2300 307 2335 λαμϐανόμενος
318 2319 325 2329 ,
340 2299 381 2326 ὅτι
399 2299 470 2325 κατὰ
489 2298 544 2325 τῶν
559 2298 666 2325 οἰκείων
684 2297 738 2324 τῶν
755 2296 829 2332 ἐμῶν
844 2304 890 2322 τε-

101 2346 257 2382 τολμήκασι
280 2345 423 2372 τοσοῦτοψ
442 2346 479 2380 (p.
507 2344 581 2379 405)
605 2344 679 2377 λέγει
699 2343 728 2370 δέ
750 2343 805 2369 τῶν
827 2342 892 2378 περὶ

101 2391 148 2418 τὸν
161 2391 223 2426 Γὼγ
236 2391 338 2422 ἕνεκεν,
350 2390 397 2422 οὓς
410 2390 479 2425 μετά
489 2390 538 2426 τὴν
549 2390 677 2417 ἐπάνοδον
692 2389 892 2424 ἐπεληλυθότας

104 2438 198 2470 αὐτοῖς
234 2437 438 2473 ἀναριθμήτους
470 2437 551 2468 ὄντας
589 2436 729 2463 ἀπώλεσεν
758 2436 893 2468 ἅπαντας.

106 2483 190 2510 «Ὅτι
203 2483 265 2510 τότε
295 2483 475 2519 μεταστρέψω
503 2483 548 2509 ἐπὶ
576 2483 658 2514 λαοὺς
696 2483 823 2517 γλῶσσαν
853 2482 893 2515 είς

103 2529 201 2563 γενεὰς
228 2528 333 2558 αὐτῶν,
351 2528 399 2554 τοῦ
425 2528 612 2554 ἐπικαλεῖσθαι
637 2528 739 2559 πάντας
759 2528 790 2553 τὸ
809 2527 894 2562 ὗνομα

104 2575 219 2611 Κυρίου,
239 2574 285 2601 τοῦ
302 2573 438 2601 δουλεύειν
453 2573 527 2608 αὐτῷ
541 2573 594 2599 ὑπὸ
610 2573 692 2607 ζυγὸν
705 2573 762 2600 ἕνα.
777 2583 785 2599 ι
796 2573 894 2608 Θαῦμα

103 2622 168 2656 γοῦν
194 2620 285 2648 κοινὸν
313 2621 437 2650 ἅπαντας
457 2619 572 2655 λήψεται
597 2620 661 2651 τοὺς
686 2619 824 2654 πανταχοῦ
840 2619 894 2645 τῶν

105 2668 259 2704 ἀνθρώπων
283 2667 330 2693 ἐπὶ
353 2667 386 2701 τῇ
410 2666 550 2701 καινότητι
569 2665 622 2692 τῶν
642 2666 802 2701 γινομένων,
824 2665 894 2692 ὥστε

106 2714 205 2740 ὡσανεὶ
231 2713 282 2748 μιᾷ
300 2712 410 2747 γλώττῃ
431 2711 618 2746 κεχρημένους
632 2712 694 2743 τοὺς
708 2713 737 2738 ὲν
759 2711 896 2746 διαφόροις

105 2768 134 2786 τε
147 2758 325 2789 καθεστῶτας
339 2758 441 2789 τόποις,
458 2758 506 2784 καὶ
518 2758 559 2789 είς
570 2757 684 2793 διάφορα
702 2757 894 2789 συντελοῦντας

107 2805 181 2840 ἐθνη.
194 2804 350 2839 συμφώνως
363 2803 428 2830 Θεόν
442 2812 471 2829 τε
487 2803 628 2838 ὁμολογεῖν
645 2804 689 2830 τὸν
707 2803 761 2830 τῶν
789 2804 894 2838 Ἰσραη-

107 2851 186 2877 λιτῶν
201 2850 280 2882 Θεὸν,
300 2849 395 2884 ὥσπερ
410 2849 455 2883 ὑφ’
472 2850 512 2875 ἐν).
531 2849 606 2884 ζυγῷ
627 2850 729 2881 πάντας
744 2849 896 2876 καταστάν-

111 2905 159 2929 τας
180 2895 353 2931 μακαριστὴν
374 2895 497 2930 ἡγεῖσθαι
519 2895 569 2930 τὴν
590 2895 634 2921 ὑπ’
657 2895 731 2931 αὐτῷ
757 2895 895 2927 δουλείαν,

938 1700 1110 1734 gregationes
1125 1700 1257 1735 gentium,
1277 1703 1306 1727 ut
1323 1699 1471 1734 corripiam
1486 1701 1621 1734 reges,‘ut
1637 1697 1727 1725 cﬂ‘un-

937 1744 999 1771 dam
1026 1752 1108 1779 super
1133 1752 1181 1772 eos
1213 1748 1298 1772 totam
1322 1744 1390 1771 iram
1409 1744 1512 1772 furoris
1525 1744 1589 1776 mei,
1610 1743 1673 1778 quia
1701 1743 1728 1768 in

939 1790 1000 1824 igne
1021 1790 1071 1817 zeli
1097 1792 1148 1817 mei
1171 1794 1349 1817 consumetur
1365 1790 1492 1817 universa
1514 1794 1598 1816 terra.
1621 1798 1630 1814 ι
1650 1787 1729 1815 Tune

939 1837 1057 1863 maxime
1075 1837 1204 1863 ultionem
1222 1843 1309 1863 meam
1323 1835 1496 1864 manifestam
1510 1835 1635 1866 reddam,
1646 1842 1729 1870 quam

941 1889 990 1916 pro
1006 1882 1083 1908 vobis
1102 1882 1226 1909 facturus
1243 1889 1316 1914 sum,
1336 1889 1398 1908 cum
1421 1885 1514 1915 gentes
1531 1879 1650 1915 undique
1663 1886 1729 1906 coa-

939 1932 1063 1954 cervatas
1077 1935 1164 1963 poenae
1179 1927 1337 1962 subjiciam.
1353 1926 1452 1954 Multos
1471 1926 1544 1953 enim
1559 1933 1636 1960 reges
1649 1928 1730 1959 atque

941 1978 1064 2008 satrapas
1090 1981 1151 2000 cum
1175 1973 1234 2001 suis
1259 1973 1426 2000 exercitibus
1445 1972 1576 2011 adversus
1598 1971 1727 1999 Hierusa-

942 2019 994 2046 lem
1013 2019 1150 2046 irruentes
1164 2019 1308 2052 excipiam,
1322 2018 1348 2045 id
1362 2022 1404 2045 est
1414 2018 1507 2045 venire
1522 2016 1687 2052 permittam,
1700 2019 1730 2043 ut

942 2071 1030 2091 meam
1054 2071 1118 2091 mox
1143 2071 1208 2099 erga
1228 2071 1277 2091 vos
1296 2064 1408 2090 tutelam
1431 2063 1511 2090 rebus
1529 2062 1596 2097 ipsis
1618 2062 1730 2089 demon-

942 2113 1026 2137 strem
1051 2119 1058 2137 :
1083 2109 1197 2137 multam
1219 2109 1248 2136 in
1280 2117 1327 2137 eos
1352 2110 1420 2136 iram
1443 2108 1592 2140 effundam,
1619 2111 1731 2143 totoque

943 2156 1046 2190 impetu
1079 2155 1262 2190 intorquebo,
1293 2155 1357 2190 quia
1385 2159 1516 2190 tanquam
1544 2154 1607 2191 igne
1634 2161 1731 2182 omnes

944 2210 1104 2230 consumam
1119 2202 1178 2230 zelo
1193 2201 1312 2238 quodam
1328 2206 1483 2236 correptus,
1500 2205 1642 2236 propterea
1658 2200 1731 2235 quod

944 2252 1037 2275 contra
1054 2248 1184 2283 populum
1202 2256 1291 2276 meum
1310 2248 1374 2274 talia
1398 2247 1456 2274 ausi
1474 2251 1548 2273 sunt.
1567 2246 1680 2280 Insuper
1698 2245 1732 2272 de

945 2293 1013 2329 Gogi
1041 2302 1150 2329 quoque
1177 2293 1343 2322 exercitibus
1372 2293 1454 2320 verba
1487 2291 1561 2322 facit,
1584 2299 1652 2325 quos
1671 2295 1733 2326 post

944 2341 1131 2369 lsraelitarum
1146 2340 1264 2368 reditum
1287 2348 1349 2367 cum
1373 2339 1478 2366 infinito
1500 2346 1615 2365 numero
1639 2337 1733 2364 incur-

944 2387 1049 2414 sionem
1071 2385 1203 2413 facientes
1225 2385 1354 2420 perdidit.
1375 2393 1383 2409 ι
1401 2383 1469 2416 Quia
1492 2386 1559 2410 tunc
1575 2386 1734 2409 convertam

945 2440 1029 2466 super
1045 2432 1161 2467 populos
1177 2431 1296 2466 linguam
1320 2431 1348 2457 in
1372 2429 1563 2465 generationes
1579 2436 1686 2461 eorum,
1704 2432 1735 2454 ut

945 2478 1072 2505 invocent
1091 2485 1187 2505 omnes
1210 2484 1309 2504 nomen
1327 2475 1446 2508 Domini,
1465 2475 1547 2510 266
1571 2479 1600 2500 ut
1625 2474 1649 2500 ei
1673 2479 1734 2500 tan-

946 2531 1028 2558 quam
1056 2531 1110 2550 uno
1135 2523 1186 2551 sub
1201 2523 1267 2558 jugo
1291 2522 1423 2550 serviant.
1441 2531 1450 2547 ›
1466 2520 1618 2548 Admiratio
1638 2527 1735 2547 onmes

945 2570 1101 2598 communis
1120 2569 1248 2604 corripiet
1264 2569 1364 2603 ubique
1384 2567 1516 2602 gentium,
1532 2570 1644 2600 propter
1658 2570 1735 2592 acta-

945 2624 1007 2643 rum
1034 2623 1124 2643 rerum
1158 2615 1315 2645 novitatem,
1339 2614 1376 2641 ita
1402 2617 1432 2641 ut
1455 2613 1547 2640 cuncti
1575 2619 1629 2639 una
1651 2611 1734 2639 veluti

947 2663 1038 2697 lingua
1063 2666 1184 2695 utentes,
1207 2661 1254 2696 qui
1278 2661 1394 2688 diversis
1418 2659 1545 2687 habitant
1564 2658 1734 2693 regionibus,

946 2713 973 2736 et
985 2708 1013 2735 in
1027 2709 1118 2735 varias
1134 2707 1214 2734 scissi
1229 2710 1294 2734 sunt
1305 2711 1410 2742 gentes,
1427 2712 1480 2732 una
1492 2712 1558 2731 voce
1571 2703 1656 2731 Deum
1673 2711 1733 2731 esse

947 2753 1139 2785 confiteantur,
1165 2753 1349 2781 lsraelitarum
1368 2751 1464 2782 Deum,
1485 2755 1513 2778 et
1533 2755 1662 2784 tanquam
1689 2749 1734 2775 uni

946 2802 1013 2834 jugo
1042 2799 1157 2833 subjecti
1189 2799 1298 2826 beatum
1329 2797 1487 2824 existiment
1510 2794 1533 2822 ei
1556 2794 1676 2825 servire,
1704 2801 1733 2820 ea

949 2847 1077 2874 nimirum
1094 2845 1223 2872 beneﬁcia
1238 2847 1382 2871 cernentes
1397 2843 1496 2878 quibus
1511 2849 1562 2875 ego
1577 2847 1625 2867 vos
1638 2839 1719 2873 digna

950 2896 1027 2920 turus
1051 2900 1121 2920 sum.
1139 2900 1147 2916 ι
1167 2890 1256 2926 Usque
1271 2898 1285 2917 a
1307 2889 1404 2917 finibus
1426 2889 1568 2916 fluminum
1589 2885 1732 2919 Ethiopiz
