1969 3069
223 171 268 199 ιτι

805 165 979 195 ΤΗΕΟΒΟΗΙ
1003 163 1243 194 MOPSUESTENI

1788 155 1850 184 ιτα

223 229 355 261 excipiam
377 226 562 261 supplicantes
579 225 645 253 mihi
664 235 672 252 :
688 233 750 253 cmn
771 226 904 262 dispersis
917 226 1007 261 (meis)

1079 225 1106 260 φ’
1121 221 1158 251 ὧν
1171 223 1287 256 αὐτοίγε
1306 221 1445 254 ἀξιοῦσθαι
1459 219 1569 255 μέλλετε
1586 218 1651 253 παρ’
1665 216 1744 252 ἐμοῦ.
1766 225 1776 242 ‹
1795 216 1848 242 Ἐκ

224 272 291 299 mihi
311 272 437 299 victimas
458 272 582 299 aﬂ‘erent.
605 281 614 296 ι
632 270 747 299 Venient
769 272 871 307 itaque,
893 279 1023 306 meoque-

225 318 338 345 servitio
366 318 507 349 accedent.
532 317 566 344 ab
588 316 746 352 IEthiopum
771 318 938 353 regionibus.
963 317 1009 352 qui

226 364 367 391 vobiscum
394 372 467 391 nunc
490 365 646 398 captivitate
667 364 810 399 dispersis,
833 368 898 390 tunc
919 367 1009 390 autern

227 410 392 442 reducibus,
412 410 596 437 communiter
619 410 685 436 mihi
711 410 835 436 victimas
864 409 1009 436 adducent.

1062 269 1187 305 περάτων
1211 267 1339 303 ποταμῶν
1358 266 1498 296 Αἰθιοπίας
1520 261 1849 299 προσδέξομαιτοὺςίκεο
1889 296 1893 299 _

1063 315 1208 345 τεύοντας,
1232 312 1300 347 μετὰ
1324 311 1376 338 τῶν
1396 309 1601 344 διεσπαρμένων
1620 307 1723 334 οἴσουσι
1748 305 1850 336 θυσίας

1066 369 1120 396 μοι.
1136 369 1146 386 ι
1173 359 1342 385 Ἐλεύσονται
1364 357 1428 391 γοῦν
1453 357 1486 391 τῇ
1508 354 1613 389 δουλείᾳ
1632 352 1850 389 προστρέχοντες

1066 407 1099 441 τῇ
1112 407 1164 441 ἐμῇ
1186 405 1239 431 ἀπὸ
1254 405 1308 431 τῶν
1330 402 1471 433 Αἰθιοπίας
1489 400 1589 436 μερῶν,
1604 400 1628 426 oi
1648 398 1707 435 μεθ’
1724 397 1800 433 ὑμῶν
1813 397 1852 432 δὴ

226 457 280 483 τῶν
293 457 340 482 νῦν
354 456 403 491 μὲν
419 457 625 491 διεσπαρμένων
638 457 666 482 ἐν
680 457 714 492 τῇ
729 455 912 490 αἰχμαλωσίᾳ,
927 453 1162 489 ἐπανεληλυθότων
1174 451 1202 478 δὲ
1217 451 1288 481 τότε,
1305 450 1396 480 κοινάς
1415 457 1460 484 μοι
1474 447 1637 484 προσάξουσι
1652 446 1701 477 τὰς
1714 446 1819 476 θυσίας.

267 504 347 532 Vens.
366 505 459 531 ll-lfi.
476 520 507 524 —-
523 515 532 530 ι
551 505 580 532 In
596 505 640 532 die
655 505 700 532 illa
711 513 765 532 non
780 504 958 531 confunderis
977 503 1012 530 ab

230 551 358 578 omnibus
377 551 619 578 adinventionibus
634 551 699 582 tuis,
717 550 818 586 quibus
834 550 915 585 impie
934 549 1013 584 egisti

230 599 256 624 in
273 605 325 629 me,
341 597 405 632 quia
421 602 486 624 tunc
499 597 620 624 auferam
636 605 650 624 a
666 601 693 624 te
708 596 855 632 vilipendia
871 599 1016 622 contume-

229 643 272 670 lia:
290 647 353 674 tuae,
380 647 406 670 et
423 643 493 669 ultra
519 650 573 670 non
597 643 711 678 adjicies
727 646 756 669 ut
781 642 907 677 glorieris
934 648 1017 676 super

232 693 352 715 montem
379 693 504 716 sanctum
531 696 631 715 meum.
651 697 659 713 I
689 687 737 715 [llo
760 688 868 722 quidem
892 691 1015 721 tempore

231 734 300 760 nihil
321 734 471 768 experieris
491 741 599 767 eorum,
621 741 681 768 quae
705 741 779 760 nunc
803 732 949 767 impietatis
963 736 1016 759 tuae

232 786 315 806 causa
326 779 430 814 patiens
440 779 542 814 pudore
553 779 670 814 plurimo
682 778 817 806 ohrueris.
831 778 934 805 Cuncta
944 777 1015 804 enim

233 833 293 860 qua:
303 825 409 860 egistis,
425 825 587 860 obsequium
602 833 691 852 meum
707 824 882 859 negligentes,
897 823 1017 856 mihique

233 878 314 898 omne
329 878 414 906 genus
426 871 532 905 injuria
550 878 598 905 pcr
620 870 755 897 idolorum
773 869 929 896 servitutem
949 867 1017 894 infe-
1035 890 1055 917 Β

235 921 338 948 acules,
356 916 412 943 haec
426 917 534 951 inquam
553 916 646 951 procul
668 915 795 942 omnibus
811 914 887 941 vobis
908 913 1017 943 faciam,

235 967 331 996 pcenas
352 962 433 989 simul
456 963 491 989 ob
509 970 540 990 ea
567 961 644 989 vobis
667 961 807 996 impositas
831 960 969 990 auferens,
992 963 1020 985 ut

235 1013 284 1034 vos
295 1007 424 1042 deinceps
445 1007 471 1034 in
484 1012 576 1035 ulonte
591 1007 638 1042 qui
653 1007 737 1034 cultui
753 1014 813 1033 meo
829 1010 870 1033 est
883 1005 1018 1036 addictus,

235 1052 282 1080 tali
313 1060 374 1080 cum
405 1054 533 1088 superbia
556 1061 610 1080 non
626 1053 805 1084 consistatis,
829 1053 883 1080 mei
910 1051 1020 1087 quidem

234 1098 324 1130 obliti,
343 1098 448 1125 cultum
466 1106 531 1126 vero
545 1106 653 1125 omnem
673 1098 832 1125 exhibentes
849 1097 940 1124 idolis.
960 1106 969 1122 ι
989 1096 1022 1122 Et

237 1145 387 1180 relinquant
401 1144 428 1171 in
440 1148 467 1172 te
482 1145 610 1179 populum
627 1150 798 1171 mansuetum
811 1147 838 1170 et
853 1143 991 1170 humilem.
1009 1152 1018 1168 υ

235 1187 373 1217 Reduc-am
389 1197 438 1217 vos
456 1189 524 1217 satis
544 1189 668 1216 eruditos
683 1197 716 1216 ex
734 1189 901 1223 captivitate,
920 1192 949 1214 ut
965 1187 1020 1222 jam

236 1242 376 1263 mansuete
406 1236 602 1270 humiliterque
629 1235 762 1266 viventes,
786 1235 828 1270 pie
856 1235 930 1261 cultu
963 1242 1023 1261 meo

237 1280 398 1315 fungamini.
419 1279 494 1308 Unde
512 1280 586 1307 addit
601 1289 606 1306 :
628 1289 636 1306 ι
655 1280 686 1306 Et
702 1281 868 1307 verebuntur
881 1288 895 1307 a
914 1281 1024 1307 nomine

239 1326 345 1353 Domini
363 1326 485 1361 reliquie
504 1325 626 1356 lsraelis.
651 1331 678 1352 et
696 1333 750 1352 non
775 1325 875 1353 facient
893 1326 1023 1361 iniquila-

238 1374 303 1403 tem,
321 1374 348 1398 et
370 1379 425 1398 non
443 1371 588 1405 loquentur
604 1378 685 1401 vana.
708 1375 735 1398 et
757 1379 810 1398 non
828 1372 981 1399 invenietur
996 1371 1023 1397 in

238 1422 286 1441 ore
302 1422 396 1442 eorum
411 1416 502 1450 lingua
526 1416 630 1447 dolosa,
651 1424 779 1451 quoniam
800 1417 852 1451 ipsi
866 1421 1023 1451 pascentur,

239 1467 266 1489 ct
282 1470 335 1489 non
348 1462 400 1489 erit
413 1462 493 1497 267
508 1462 554 1497 qui
568 1465 704 1490 exterreat
713 1470 771 1490 eos.
788 1472 798 1488 ι
814 1462 1024 1490 Perseverabitis

241 1511 331 1534 autem
366 1515 416 1534 vos
440 1507 554 1534 reduces
585 1515 600 1534 e
631 1508 787 1542 captivitate
810 1516 908 1535 nomen
934 1515 1023 1535 meum

1098 502 1172 537 Στίχ.
1205 502 1297 527 ια’-ιε’.
1324 497 1436 523 -—"Ev
1459 497 1492 531 τῇ
1509 495 1602 530 ἡμέρᾳ
1628 493 1719 528 ἐκείνῃ
1749 492 1778 518 οὐ
1809 491 1852 527 μὴ

1063 546 1264 582 καταισχυνθῇς
1287 546 1318 571 ὲκ
1339 543 1449 570 πάντων
1476 540 1530 567 τῶν
1550 538 1773 574 ἐπιτηδευμάτων
1801 545 1853 563 σου

1063 591 1102 620 ὧν
1118 592 1255 628 ἠσέϐησας
1279 591 1318 621 είς
1333 589 1393 623 ἐμὲ,
1411 588 1451 613 ὅτι
1464 586 1524 612 τότε
1549 583 1667 620 περιελῶ
1681 583 1734 610 ἀπὺ
1747 582 1794 609 σοῦ
1814 582 1852 608 τὰ

1067 639 1241 674 φαυλίσματα
1253 635 1304 670 τῆς
1324 632 1429 669 ὕϐρεώς
1443 641 1506 664 σου,
1524 631 1572 658 καὶ
1586 631 1637 657 οὐκ
1653 630 1693 656 ἔτι
1712 629 1749 665 μὴ
1763 637 1852 664 προσ-

1070 685 1118 720 θῇς
1140 683 1186 710 τοῦ
1210 680 1413 717 μεγαλαυχῆσαι
1428 678 1473 704 ἐπὶ
1491 676 1522 703 τὸ
1537 677 1599 711 ὅρος
1621 675 1653 702 τὸ
1667 675 1744 710 ἂγιόν
1761 683 1853 720 noui»

1069 719 1137 757 ιιάτε
1149 729 1252 754 ἐκεῖνον
1266 726 1298 761 δὴ
1312 725 1357 752 τὸν
1374 723 1468 759 καιρὸν
1484 723 1533 758 οὺχ
1548 721 1693 757 ὑπομενεῖς
1707 719 1785 746 οὐθὲν
1797 719 1856 746 τῶν

1069 778 1119 804 ὅσα
1143 777 1188 803 διὰ
1204 777 1252 807 τὰς
1278 774 1404 805 ἁσεῦείας
1429 781 1476 799 σου
1499 771 1640 806 πάσχουσα
1665 769 1714 796 νῦν
1737 767 1856 802 αἰσχύνῃ

1071 822 1264 858 περιϐέϐλησαι
1292 821 1420 855 πλείστην
1446 818 1534 845 πάντα
1552 816 1606 852 γὰρ
1618 816 1666 842 ὅσα
1686 814 1857 849 πεποιήκατε

1071 867 1279 903 ὲκφαυλίζοντές
1293 875 1323 892 τε
1341 865 1375 892 τὰ
1393 864 1462 899 ἐμὰ,
1481 863 1529 890 καὶ
1543 861 1672 892 παντοίας
1686 859 1792 895 ὕϐρεώς
1808 866 1858 893 μοι

1070 913 1115 940 διὰ
1126 913 1175 949 τῆς
1195 912 1259 946 περὶ
1275 912 1308 937 τά
1325 910 1421 936 εἴδωλα
1438 907 1584 944 θεραπείας
1606 906 1742 940 γινόμενοι
1757 903 1857 939 πρόξε-

1070 969 1120 992 νοι,
1135 959 1173 994 (p.
1188 958 1262 992 406.)
1276 956 1392 991 περιελῶ
1406 954 1437 989 δὴ
1451 954 1480 986 ἐξ
1494 953 1620 980 ἁπάντων
1635 951 1722 986 ὑμῶν,
1740 950 1789 977 ἆτε
1808 950 1858 976 καὶ

1070 1009 1118 1039 τὰς
1130 1007 1176 1034 ἐπὶ
1190 1005 1293 1036 τούτοις
1308 1002 1472 1038 ἐπαχθείσας
1486 1002 1549 1036 ὑμῖν
1564 999 1698 1035 τιμωρίας
1713 997 1839 1032 ἀφαιρῶν
1848 1003 1859 1012 σ

1071 1054 1109 1085 ὡς
1126 1052 1222 1089 μηκέτι
1241 1050 1278 1086 μὴ
1293 1050 1320 1076 δὲ
1332 1049 1403 1084 ὑμᾶς
1417 1049 1446 1074 ὲν
1457 1046 1494 1082 τῷ
1509 1046 1566 1082 δρει
1577 1045 1615 1080 τῷ
1627 1044 1695 1080 πρὸς
1710 1043 1860 1079 θεραπείαν

1071 1099 1140 1136 ἐμὴν
1154 1096 1306 1125 καθεστῶτι
1318 1095 1386 1131 μετά
1401 1092 1586 1129 ὑπερηφανίας
1599 1091 1702 1125 διάγειν
1712 1089 1859 1124 τοσαύτης,

1071 1144 1239 1182 ἀμελοῦντας
1261 1142 1311 1178 μὲν
1327 1141 1381 1168 τῶν
1397 1139 1456 1166 κατ’
1476 1138 1541 1174 ἐμὲ,
1560 1136 1706 1173 θεραπείαν
1721 1135 1749 1162 δὲ
1766 1135 1863 1161 πᾶσαν

1073 1192 1260 1229 προσάγοντας
1279 1190 1336 1220 τοῖς
1361 1186 1490 1217 εἰδώλοις.
1516 1193 1525 1210 ι
1540 1184 1595 1211 Καὶ
1621 1182 1802 1229 ὑπολείψομαι
1829 1183 1861 1207 ἐν

1074 1227 1114 1265 σοὶ
1127 1238 1190 1264 λαὸν
1206 1236 1292 1271 πρᾶον
1308 1234 1356 1260 καὶ
1373 1232 1509 1259 ταπεινόν.
1529 1240 1538 1256 ι
1562 1228 1703 1260 Ἐπανάξω
1715 1227 1768 1263 γὰρ
1786 1228 1861 1262 ὑμᾶς

1074 1282 1305 1318 πεπαιδευμένους
1322 1282 1354 1307 ὲκ
1370 1279 1421 1314 τῆς
1433 1276 1630 1313 αἰχμαλωσίας,
1642 1274 1712 1301 ὥστε
1725 1273 1860 1309 πραότητι

1073 1330 1120 1356 καὶ
1146 1327 1320 1361 ταπεινότητι
1341 1324 1478 1357 συζῶντας
1501 1322 1534 1349 δι’
1563 1320 1705 1351 εὐλαϐείας
1727 1319 1799 1354 ἐχειν
1825 1318 1862 1345 τὰ

1075 1375 1139 1410 ἐμά.
1157 1374 1238 1401 Ὅθεν
1253 1372 1368 1406 ἐπάγει·
1394 1380 1403 1396 ι
1419 1370 1473 1396 Καὶ
1492 1366 1722 1402 εὐλαϐηθήσονται
1742 1363 1796 1390 ἀπὸ
1811 1363 1860 1390 τοῦ

1075 1409 1205 1456 ὀνόματος
1216 1418 1317 1453 Κυρίου
1335 1417 1360 1443 οἰ
1379 1415 1537 1443 κατάλοιποι
1552 1412 1599 1439 τοῦ
1621 1411 1745 1447 Ἰσραὴλ,
1764 1409 1811 1455 καὶ
1829 1410 1861 1436 ού

1076 1454 1232 1500 ποιήσουσιν
1252 1462 1358 1490 ἀδικίαν
1372 1481 1379 1494 ,
1399 1461 1447 1487 καὶ
1465 1460 1495 1487 οὐ
1511 1459 1659 1493 λαλήσουσι
1676 1454 1792 1492 μάταιαέ
1812 1454 1863 1483 καὶ

1076 1513 1106 1539 οὐ
1123 1512 1160 1547 μὴ
1174 1510 1272 1546 εὑρεθῇ
1298 1510 1327 1536 ὲν
1339 1508 1378 1544 τῷ
1397 1508 1508 1544 στόματι
1524 1506 1613 1533 αὐτῶν
1635 1505 1745 1539 γλῶσσα
1768 1503 1860 1530 δολία·

240 1552 332 1578 timori
350 1552 492 1584 habentes,
508 1551 542 1579 ab
556 1551 699 1586 iniquitate
714 1553 787 1580 omni
802 1553 980 1585 abstinentes,
998 1557 1023 1580 et

1076 1558 1142 1585 διότι
1161 1556 1236 1584 αὐτοὶ
1258 1555 1440 1590 νεμήσονται,
1461 1553 1510 1579 καὶ
1530 1553 1581 1578 οὐκ
1608 1550 1683 1577 ἔσται
1703 1550 1717 1576 ὁ
1737 1548 1862 1583 έκφοὸῶν

241 1598 313 1625 omni
330 1599 395 1626 vitio
411 1599 529 1633 purgati,
551 1599 594 1625 cui
614 1604 693 1626 antea
716 1598 809 1626 fuistis
825 1599 934 1626 obnoxii
953 1608 960 1626 :
977 1606 1024 1625 ca-

241 1643 338 1670 vehitis
348 1646 439 1670 autem
453 1643 599 1677 quominus
613 1643 716 1669 cultum
729 1651 818 1670 meum
828 1643 922 1670 dolosa
935 1648 1026 1670 mente

241 1687 386 1718 siinulctis,
407 1687 471 1714 dum
494 1688 573 1714 idolis
597 1687 754 1715 adllzeretis.
779 1688 849 1715 Hinc
868 1689 946 1716 vobis
963 1697 1026 1715 con-

242 1733 326 1767 tinget
339 1737 367 1759 ut
377 1740 473 1760 secure
483 1741 596 1768 prorsus
607 1734 768 1768 pascamini.
780 1734 934 1768 vestrisque
947 1735 1026 1761 bonis

243 1778 382 1811 fruamini,
403 1783 485 1813 atque
504 1778 530 1805 in
545 1779 600 1806 alta
615 1779 709 1813 requie
726 1779 835 1811 vivatis,
854 1779 961 1806 nemine
979 1788 1026 1808 vos

244 1825 355 1852 turhnre
371 1826 522 1860 vestrisque
546 1825 657 1853 sedibus
672 1826 809 1853 abducere
826 1827 942 1853 valente.
965 1825 1027 1854 llaec

243 1872 297 1898 illis
312 1875 374 1906 post
400 1871 516 1898 reditum
542 1871 601 1898 fore
622 1872 795 1904 vaticinatus,
808 1871 905 1898 deinde
927 1871 1024 1899 addit:

246 1927 255 1943 ι
275 1917 379 1944 laetare
395 1917 482 1949 valde,
513 1917 565 1943 lilia
583 1916 669 1950 Sion;
687 1917 813 1952 prmdiea,
830 1917 885 1943 lilia
901 1917 1028 1945 Hierusa—

244 1962 312 1994 l‘m;
328 1963 436 1989 exsulla
451 1966 478 1988 et
496 1961 632 1988 delectare
651 1965 707 1988 toto
725 1961 807 1988 corde
826 1966 882 1993 tuo,
902 1961 955 1989 lilia
970 1961 1028 1989 Ilie-

245 2020 250 2035 ι
264 2011 379 2043 .isalem;
397 2010 511 2037 abstulit
524 2009 654 2036 Dominus
669 2012 781 2043 peccata
795 2012 852 2039 tua,
869 2008 981 2035 redemit
1002 2013 1028 2035 te

246 2057 376 2083 Dominus
401 2055 434 2083 de
466 2063 548 2083 manu
576 2054 750 2082 inimicorum
775 2058 901 2088 tuorum;
934 2058 1028 2089 regnat

245 2100 377 2129 Dominus
394 2101 421 2128 in
434 2101 523 2128 medio
535 2101 573 2127 tui
586 2111 591 2127 :
603 2108 657 2127 non
673 2099 780 2127 videbis
795 2100 863 2126 male
875 2099 1000 2126 ulterius.
1015 2107 1025 2126 ι

246 2149 274 2174 In
289 2147 445 2175 omnimoda
463 2147 591 2181 deinceps
607 2145 746 2180 voluptate
759 2151 881 2175 versare,
901 2152 917 2170 ο
929 2144 1029 2171 llicru-

245 2193 351 2225 salem.
375 2200 436 2220 eum
461 2193 534 2220 omni
571 2191 662 2219 laetitia
690 2196 716 2218 et
742 2191 920 2218 delectatione
945 2191 1027 2217 vitam

1075 1602 1183 1634 αὐτούς.
1205 1613 1214 1628 ι
1231 1602 1386 1636 Διαμενεῖτε
1404 1599 1457 1634 γὰρ
1472 1599 1497 1625 οἱ
1515 1595 1744 1632 ἐπανεληλυθότες
1762 1596 1794 1621 ὲκ
1811 1594 1862 1629 τῆς

1076 1647 1262 1684 αἰχμαλωσίας
1279 1647 1307 1673 ὲν
1327 1646 1402 1681 φόόῳ
1418 1645 1467 1680 μὲν
1480 1644 1586 1679 ἔχοντες
1604 1643 1652 1677 τὴν
1672 1641 1740 1676 ἐμὴν
1765 1641 1862 1676 ὀνομα-

1077 1696 1154 1726 σίαν,
1171 1694 1277 1724 ἀδικίας
1294 1693 1322 1719 δὲ
1340 1692 1506 1726 ἀπεχόμενοι
1529 1690 1634 1724 πάσης,
1659 1688 1707 1715 καὶ
1724 1687 1779 1714 τῶν
1800 1687 1862 1713 ἀτο-

1076 1740 1146 1766 πιῶν
1160 1738 1357 1774 καθαρεύοντες
1377 1736 1409 1768 ἃς
1420 1735 1452 1771 δὴ
1471 1735 1595 1770 μετῄειτε
1615 1734 1746 1769 πρότερον
1756 1741 1763 1748 ο
1777 1732 1863 1767 φυλά‹

1077 1785 1154 1820 ξεσθε
1181 1785 1209 1811 δὲ
1231 1785 1292 1810 τότε
1310 1783 1357 1810 καὶ
1372 1783 1402 1809 τὸ
1421 1781 1518 1816 δολερᾷ
1533 1782 1566 1816 τῇ
1586 1779 1690 1815 διανοίᾳ
1707 1779 1864 1814 προσποιεῖ-

1077 1831 1139 1858 σθαι
1155 1831 1203 1866 μὲν
1218 1830 1267 1864 τὴν
1292 1828 1361 1864 ὲμὴν
1376 1827 1535 1864 θεραπείαν,
1556 1826 1734 1862 προσκεῖσθαι
1760 1825 1787 1852 δὲ
1808 1825 1864 1856 τοῖς

1077 1875 1195 1907 είόώλοις
1205 1884 1212 1891 ·
1227 1874 1350 1901 ἐντεῦθεν
1364 1874 1428 1908 γοῦν
1443 1873 1506 1909 ὑμῖν
1521 1872 1669 1908 προσέσται
1687 1871 1734 1897 καὶ
1748 1871 1777 1897 τὸ
1794 1870 1864 1905 μετὰ

1077 1922 1168 1957 πάσης
1180 1920 1269 1951 ἁδείας
1284 1918 1411 1955 νέμεσθαί
1425 1927 1454 1945 τε
1465 1918 1513 1944 καὶ
1522 1915 1669 1944 ἀπολαύειν
1681 1916 1735 1942 τῶν
1746 1915 1864 1947 οἰκείων,

1070 1969 1106 1994 ηὲν
1120 1967 1213 2003 ἁπάσῃ
1226 1975 1256 1993 τε
1270 1966 1372 1999 διάγειν
1389 1964 1550 1994 ἀναπαύσει,
1573 1962 1684 1998 μηδενὸς
1699 1963 1769 1997 ὑμᾶς
1785 1963 1865 1988 ἔκταν

1080 2014 1188 2050 ράττειν
1208 2022 1238 2039 τε
1256 2012 1303 2039 καὶ
1319 2012 1435 2047 ἀφιστᾷν
1457 2010 1510 2037 τῶν
1525 2010 1632 2036 οἰκείων
1648 2009 1739 2035 τόπων
1758 2009 1813 2035 οἴου
1835 2016 1864 2034 τε

1078 2060 1163 2090 δντος.
1189 2058 1280 2085 Ταῦτα
1319 2056 1502 2091 ὑποσχόμενος
1525 2055 1614 2086 αὐτοῖς
1639 2053 1804 2089 παρέσεσθαι
1832 2052 1866 2079 ἐκ

1078 2106 1127 2141 τῆς
1156 2104 1301 2135 ιπανοδου,
1332 2103 1429 2136 ἐπάγει
1453 2101 1564 2128 λοιπόνι
1594 2110 1603 2126 ι
1622 2099 1718 2135 Χαῖρε.
1746 2099 1866 2134 θύγατερ

1078 2150 1167 2182 Σιὼν,
1201 2149 1316 2184 σφόδρα·
1346 2149 1485 2183 κήρυσσε,
1516 2146 1633 2181 θύγατερ
1671 2143 1863 2180 Ἰερουσαλὴμ,

1080 2200 1118 2232 (p.
1137 2196 1200 2230 407)
1235 2194 1380 2230 εὐφραίνου
1410 2192 1458 2219 καὶ¹
1484 2192 1656 2227 κατατέρπου
1681 2190 1711 2223 ἐξ
1733 2190 1797 2224 ὅλης
1816 2189 1865 2224 τῆς

244 2240 321 2274 exige
338 2249 344 2266 :
363 2246 426 2266 nam
441 2247 502 2265 cum
521 2243 565 2264 tua
585 2237 677 2264 omnia
696 2241 807 2271 peccata
826 2236 898 2263 Deus
919 2236 1023 2264 deleve-

1080 2241 1194 2276 καρδίας
1210 2248 1266 2272 σου,
1285 2239 1402 2272 θύγατερ
1417 2236 1611 2272 Ἰερουσαλήμ·
1631 2235 1748 2270 περιεῖλε
1766 2235 1866 2269 Κύριος

244 2287 290 2318 rit,
310 2286 465 2313 necessario
490 2288 517 2312 te
541 2285 575 2311 ab
599 2283 773 2310 inimicorum
803 2286 946 2318 potentatu
964 2282 1030 2310 sub-

244 2332 332 2363 duxit.
359 2331 459 2365 quibus
489 2337 551 2356 eras
579 2329 702 2362 subjecta
735 2327 798 2354 dum
823 2327 913 2362 justas
936 2334 1031 2362 poenas

245 2379 344 2406 lueres.
371 2377 430 2404 Erit
447 2384 510 2404 vero
523 2375 596 2411 apud
617 2379 644 2402 tc
665 2374 765 2401 abhinc
788 2373 869 2404 Deus,
886 2381 934 2408 per
951 2381 1030 2401 suum

245 2432 308 2459 erga
342 2428 368 2451 te
396 2421 588 2458 patrocinium,
614 2420 754 2455 proprium
783 2426 896 2454 regnum
919 2419 1032 2446 demon-

246 2475 349 2497 strans.
367 2469 459 2502 Quare
471 2469 545 2495 nulla
559 2468 616 2503 jam
632 2466 664 2493 ad
683 2470 709 2492 te
725 2465 908 2500 propinquare
918 2464 1031 2491 calami-

247 2519 288 2543 tas
303 2516 411 2550 poterit.

1080 2286 1114 2313 τὰ
1128 2286 1283 2321 ἀδικήματά
1302 2293 1362 2311 σου·
1380 2282 1546 2317 λελύτρωταί
1564 2290 1592 2308 σε
1611 2281 1712 2317 Κύριος
1728 2282 1759 2308 ἐκ
1778 2280 1866 2316 χειρὸς

1080 2332 1185 2368 ἐχθρῶν
1210 2339 1270 2357 σου”
1301 2329 1437 2365 βασιλεύει
1459 2328 1560 2364 Κύριος
1587 2329 1615 2354 ἐν
1645 2327 1720 2362 μέσῳ
1738 2334 1800 2352 σου·
1817 2326 1868 2352 οὐκ

1080 2378 1140 2413 ὕψει
1157 2377 1229 2405 κακὰ
1242 2376 1343 2403 οὐκέτι.
1367 2386 1376 2401 ι
1397 2375 1440 2401 Ἐν
1454 2375 1559 2409 ἡδοναῖς
1570 2374 1597 2400 δὲ
1609 2373 1700 2400 λοιπὸν
1715 2372 1791 2405 δίαγε
1805 2380 1867 2398 παν-

1082 2423 1178 2454 τοίαις,
1198 2419 1220 2448 ὦ
1247 2420 1438 2457 Ἰερουσαλὴμ,
1470 2421 1530 2455 μετ’
1553 2419 1722 2454 εὐφροσύνης
1741 2418 1788 2445 καὶ
1805 2418 1867 2452 τέρ-

1084 2469 1156 2503 ψεως
1169 2468 1296 2502 διάγουσα
1309 2467 1469 2498 παντελοῦς·
1487 2465 1594 2501 ἀφελὼν
1608 2465 1661 2500 γάρ
1674 2473 1720 2490 σου
1734 2464 1822 2490 πάντα
1834 2465 1868 2490 τὰ

1087 2514 1307 2550 παρανομήματα
1319 2514 1333 2539 ό
1343 2512 1419 2543 Θεὸς,
1431 2511 1584 2545 ἀναγκαίως
1599 2519 1627 2536 σε
1639 2511 1686 2537 καὶ
1697 2509 1751 2536 τῶν
1764 2508 1868 2544 ἐχθρῶν

247 2568 340 2603 ἁιρεῑλε
356 2568 525 2599 δυναστείας,
541 2567 585 2601 ὑφ’
599 2565 645 2598 οὓς
656 2564 835 2596 ὲπεπτώκεις.
847 2563 897 2599 τῆς
911 2563 1046 2599 τιμωρίας
1060 2563 1169 2591 διδοῦσα
1182 2563 1259 2594 δίκας
1269 2569 1275 2576 ·
1293 2561 1370 2588 ἔσται
1385 2569 1414 2587 τε
1432 2560 1534 2595 Κύριος
1551 2560 1579 2586 ἐν
1594 2559 1634 2585 σοὶ
1651 2558 1745 2585 λοιπὸν
1761 2557 1804 2585 διά
1820 2557 1868 2592 τῆς

247 2616 286 2645 εἰς
301 2614 331 2640 σὲ
348 2614 509 2649 κηδεμονίας
523 2613 571 2648 τὴν
588 2612 689 2639 οἰκείαν
703 2610 840 2646 βασιλείαν
855 2609 994 2636 δεικνύων·
1015 2609 1053 2641 ὡς
1074 2607 1156 2645 μηδὲν
1171 2608 1210 2634 ἔτι
1226 2616 1267 2634 σοι
1282 2606 1461 2642 προσεγγίσαι
1474 2602 1529 2631 οἷόν
1540 2613 1569 2630 τε
1583 2602 1653 2631 εἶναι
1667 2603 1763 2631 κακόν.

285 2661 367 2686 \‘eas.
395 2660 485 2686 H320.
500 2675 534 2679 ———
548 2669 556 2685 ι
575 2659 709 2694 Tempore
730 2659 775 2685 illo
802 2657 875 2684 dicet
899 2656 1031 2684 Dominus

249 2705 418 2733 llicrusalem
434 2715 439 2732 :
455 2706 657 2739 Confide,Sion,
670 2713 724 2732 non
737 2704 924 2732 dissolvantur
936 2710 1034 2730 manus

250 2757 312 2778 tua).
332 2751 463 2778 Dominus
477 2750 550 2778 Deus
566 2755 630 2778 tuus
645 2752 671 2778 in
693 2755 720 2778 te
735 2755 850 2784 :polens
868 2749 985 2776 salvahit
997 2753 1034 2780 te,

250 2805 271 2822 ιιι
302 2798 441 2824 renovahit
457 2802 482 2824 te
503 2797 635 2824 charitate
657 2804 718 2827 sua,
744 2800 771 2823 et
795 2795 932 2823 laetabitur
959 2795 986 2822 in
1008 2799 1035 2822 te

251 2841 440 2874 delectatione,
458 2841 536 2877 quasi
552 2842 579 2869 in
602 2842 647 2869 die
662 2841 788 2869 solemni.
804 2835 837 2866 Et
859 2840 1036 2874 congregabit

252 2887 419 2915 contractos.
443 2887 543 2915 i'l‘une
568 2889 602 2915 ab
629 2888 702 2916 omni
734 2885 891 2913 inﬁrmitate
915 2886 1036 2913 tuebitur

1120 2657 1192 2692 Στίχ.
1211 2658 1299 2688 ις’-κ’.
1312 2670 1344 2675 —
1354 2663 1362 2678 ι
1374 2653 1419 2681 Ἑν
1428 2653 1466 2687 τῷ
1483 2652 1570 2687 καιρῷ
1583 2651 1678 2688 ἐκείνῳ
1695 2652 1753 2687 ἐρεῖ
1768 2650 1867 2686 Κύριος

1084 2704 1117 2738 τῇ
1138 2701 1331 2737 Ἰερουσαλήμ·
1352 2700 1461 2734 Θάρσει,
1490 2697 1568 2728 Σιὼν,
1586 2697 1623 2732 μὴ
1637 2695 1826 2732 παρείσθωσαν
1839 2695 1867 2722 αἱ

1085 2749 1174 2784 χεῖρές
1187 2756 1233 2774 σου
1244 2756 1250 2762 ’
1266 2746 1366 2780 Κύριος
1381 2745 1394 2770 ὁ
1411 2743 1475 2775 Θεός
1494 2753 1540 2770 σου
1553 2745 1580 2770 ἐν
1595 2744 1645 2774 σοὶ,
1663 2742 1773 2773 δυνατὸς
1789 2740 1868 2767 σώσει

1087 2803 1126 2826 σε,
1139 2793 1233 2825 ἐπάξει
1262 2792 1307 2818 ἐπὶ
1330 2791 1359 2817 σὲ
1379 2789 1557 2825 εὐφροσύνην,
1578 2790 1624 2815 καὶ
1635 2789 1734 2815 καινιεῖ
1749 2796 1778 2814 σε
1791 2787 1820 2813 ὲν
1835 2788 1867 2823 τῇ

1087 2840 1223 2874 ἀγαπήσει
1239 2837 1332 2869 αὐτοῦ,
1349 2837 1396 2863 καὶ
1410 2836 1623 2872 εὐφρανθήσεται
1638 2835 1684 2861 ἐπὶ
1701 2833 1741 2860 σοὶ
1761 2833 1791 2859 ὲν
1806 2832 1867 2868 τέρ-

1087 2887 1133 2920 ψει
1154 2885 1191 2916 ὡς
1220 2885 1247 2909 ἐν
1271 2883 1360 2919 ἡμέρα
1383 2883 1487 2918 ἑορτῆς,
1507 2884 1554 2911 καὶ
1573 2881 1679 2914 συνάξει
1696 2880 1758 2912 τοὺς
1780 2886 1868 2906 συννρ
