1981 3073
168 165 222 191 ΙΠΞ

733 164 1007 193 COMMENTARIUS
1020 164 1052 193 IN
1070 165 1236 195 AGGAEUM.

1733 163 1787 190 474

166 221 342 257 τριμμὲνους.
361 230 370 247 ι
387 221 451 248 Τότε
474 221 502 248 δὲ
523 221 613 259 πᾴσης
640 222 775 254 ἐκλύσεως
807 222 952 255 ἀπαλλάξει

1010 223 1173 251 Hierusalem
1195 223 1277 255 Deus,
1299 223 1357 258 ipse
1380 230 1454 250 niam
1473 229 1523 250 sua
1543 225 1644 250 Virtute
1659 221 1787 252 salvabit,

167 268 216 303 τὴν
236 267 433 302 Ἰερουσαλὴμὸ
446 268 521 300 θεὸς,
535 268 616 300 αὐτὸς
629 269 713 304 αὐτὴν
726 269 770 296 διὰ
781 270 829 304 τῆς
848 270 951 300 οἰκείας

168 313 326 348 περισώζων
340 314 487 348 δυνάμεως,
509 315 537 340 ἐν
562 314 644 350 πολλῇ
663 323 693 341 τε
709 315 838 346 καθιστὰς
853 315 951 350 εὐφρο-

168 359 237 396 σύνῃ
247 360 398 386 ἀνακαινιεῖ
410 360 458 395 τὴν
477 361 539 395 περὶ
556 359 627 396 ὑμᾶς
648 361 757 396 ἀγάπην
769 369 776 376 ·
791 360 902 387 τοιαῦτα
919 361 951 396 δὴ

167 407 295 441 πράττων
306 414 336 432 τε
349 407 395 432 καὶ
414 407 631 442 ἐπιδεικνύμενος
645 408 693 442 τῆς
706 408 841 443 ὑμετέρας
860 407 952 434 ἕνεκεν

169 451 314 485 σωτηρίας,
330 448 426 486 οἷάπερ
438 452 589 484 ἐπεδείξατο
599 460 661 478 ποτε
676 452 743 487 μετὰ
758 452 862 479 πολλῶν
873 452 954 487 τερά-

167 505 222 522 των
236 505 266 522 τε
279 493 327 522 καὶ
339 497 482 532 θαυμάτων
498 497 637 531 ἐξαγαγὼν
650 498 721 532 ὑμᾶς
737 498 785 533 τῆς
804 498 950 532 Αἰγύπτου.

169 541 247 568 Οὖτω
258 543 312 577 γὰρ
321 542 353 577 δὴ
362 544 408 569 καὶ
422 543 470 569 νῦν
482 543 553 577 ὑμᾶς
568 544 620 570 ὑπὸ
635 544 684 578 τῆς
697 543 883 579 αἰχμαλωσίας
897 552 954 570 συν-

167 587 312 622 τριὸέντας
325 587 472 620 ἀπαλλάξει
486 597 515 614 τε
536 588 589 615 τῶν
610 589 776 623 κατεχόντων
790 589 893 621 κακῶν,
907 589 953 615 καὶ

169 631 306 658 ἀποδώσει
318 632 373 663 τοῖς
393 632 501 664 οίκείοις
523 632 613 659 πάλιν.
628 641 638 658 (
656 633 734 662 Οὐαὶ,
748 632 788 663 τίς
802 631 895 659 ἐλαϐεν
910 633 953 657 ἐπ’

169 677 256 712 αὐτὴν
266 677 431 712 ὁνειδισμόνς
452 677 516 704 Ἰδοὺ
528 677 583 712 ἐγὼ
598 678 666 704 ποιῶ
679 679 708 704 ἐν
720 679 760 704 σοὶ
772 678 863 704 ἕνεκεν
875 677 952 712 ἐμοῦ,

169 722 245 756 λέγει
257 721 496 759 Κύριος-»(ρ.408)
505 723 584 751 Ἀλλὰ
591 725 645 760 γὰρ
653 722 829 751 ἐλεεινότατοι
836 720 894 747 οῖτι
905 730 954 748 τιε-

169 766 397 801 πλημμεληκότες
425 767 464 797 εἰς
490 766 585 800 αὐτὴν,
602 767 641 798 εἰς
658 765 705 798 οὓς
728 766 798 801 ὑπὲρ
817 766 893 801 ὑμῶν
906 766 955 801 τὴν

169 811 273 837 οἰκείαν
288 811 447 844 ἐπιδείξεται
473 811 586 846 δύναμιν
605 811 620 838 ὁ
639 811 704 844 Θεός
714 819 721 826 ”
736 812 806 838 ὥστε
818 812 865 838 καὶ
880 812 954 847 παρὰ

170 859 253 884 πᾶσιν
264 857 416 892 ἀνθρώποις
428 858 593 892 ὀνομαστοὺς
601 858 672 893 ὑμᾶς
688 858 734 884 ἐπὶ
746 859 802 890 τοῖς
817 858 954 892 γεγονόσιν

171 903 248 938 ὑμῶν
257 911 289 936 γε
296 902 386 929 ἕνεκεν
397 901 476 929 εἶναι.
487 913 497 929 ι
509 904 552 930 Ἐν
560 904 599 939 τῷ
612 904 701 939 καιρῷ
716 905 812 940 ἐκείνῳ
825 905 902 932 σώσω
909 907 957 942 τὴν
974 898 994 925 Β

170 947 408 983 ὲκπεπιεσμένην.
431 948 477 974 καὶ
504 948 554 984 τὴν
582 949 747 985 ἀπωσμένην
766 950 954 986 εἰσδέξομαι-ι

168 995 359 1029 τιμωρήσομαι
369 994 418 1029 μὲν
428 994 482 1030 γὰρ
494 994 623 1027 ἐκείνως,
635 995 779 1031 περισώσω
792 996 821 1022 δὲ
831 996 894 1028 τοὺς
905 996 957 1023 ὑπὸ

169 1039 334 1074 τηλικούτων
342 1039 434 1066 κακῶν
440 1039 675 1073 πιεσθέντας,τοὺς
684 1041 894 1076 ἅπωσμένουςτε
903 1042 957 1068 τῶν

170 1085 278 1112 οἰκείων
290 1085 417 1118 ἐπανάξω
431 1085 511 1112 πάλιν
524 1086 570 1112 ἐπὶ
588 1086 621 1113 τὰ
637 1087 732 1114 οἰκεῖα.
748 1096 757 1113 ι
773 1087 826 1114 Καὶ
841 1087 957 1123 θήσομαι

170 1132 268 1163 αὐτοὺς
278 1132 318 1163 είς
331 1131 469 1167 καύχημα,
481 1132 527 1159 καὶ¹
538 1133 702 1167 ὀνομαστοὺς
713 1134 741 1159 ὲν
755 1134 828 1170 πάσῃ
836 1135 868 1169 τῇ
879 1135 914 1170 γῇ
924 1136 954 1169 ’ξι

172 1177 240 1204 ὥστε
247 1177 344 1209 αὐτοὺς
353 1179 384 1204 ἐκ
397 1177 450 1204 τῶν
459 1178 523 1214 παρ’
536 1178 601 1214 ἐμοῦ
613 1187 646 1205 πε
650 1179 677 1214 ρί
687 1179 784 1211 αὐτοὺς
791 1181 957 1215 γιγνομένων

170 1224 199 1250 ὲν
207 1223 325 1258 θαύματι
333 1232 361 1250 τε
369 1224 415 1250 καὶ
422 1224 541 1256 ἐπαίνοις
549 1225 624 1260 παρὰ
631 1224 765 1251 nio-wde
770 1225 869 1260 ρώποις
877 1224 956 1253 εἶναι.

174 1276 184 1293 ι
204 1268 259 1294 Καὶ
273 1268 548 1304 καταισχυνθήσονται
566 1270 594 1295 ὲν
607 1270 646 1305 τῷ
658 1270 746 1305 καιρῷ
762 1270 859 1306 ἐκείνῳ
871 1271 909 1297 ὅτ’
924 1271 957 1298 ἂν

171 1313 263 1345 καλῶς
274 1314 337 1348 ὑμῖν
351 1316 465 1350 ποιήσω,
475 1315 522 1341 καὶ
536 1316 564 1342 ἐν
575 1315 613 1350 τῷ
630 1315 718 1351 καιρῷ
733 1316 770 1342 ὅτ’
788 1316 820 1343 ἂν
835 1317 957 1349 nassam-

174 1367 223 1393 μαι
238 1360 319 1394 ὑμᾶς.
342 1369 351 1385 ι
369 1360 615 1396 Περιόληθήσονται
638 1362 692 1397 γὰρ
717 1361 830 1398 αίσχύνῃ
849 1363 922 1398 πάσῃ
933 1363 957 1388 οἱ

173 1404 301 1440 ὑμέτεροι
317 1405 447 1441 πολέμιοι,
465 1406 548 1433 ὲπειδ“
560 1406 592 1433 ἂν
607 1406 641 1434 τὰ
655 1407 785 1434 κάλλιστα
809 1408 873 1443 περὶ
887 1409 959 1443 ὑμᾶς

172 1449 415 1486 διαπραττόμενος,
429 1451 468 1483 εἰς
478 1451 510 1478 τὰ
517 1452 603 1478 οἰκεῖα
610 1452 689 1478 πάλιν
697 1453 767 1488 ὑμᾶς
779 1453 956 1488 ἐπαναγάγω.

176 1505 186 1521 ι
204 1495 277 1522 Διὸτι
292 1496 368 1522 δώσω
388 1497 459 1531 ὑμᾶς
471 1497 646 1532 ὀνομαστοὺς,
668 1499 715 1525 καὶ
730 1499 770 1530 εἰς
785 1499 914 1535 καύχημα
931 1501 959 1526 ἐν

174 1542 242 1568 πᾶσι
258 1543 313 1573 τοῖς
326 1542 428 1574 λοιποῖς
441 1543 491 1578 τῆς
503 1544 565 1578 γῆς,
578 1544 606 1570 ἐν
620 1543 658 1579 τῷ
677 1545 850 1581 ἐπιστρέφειν
863 1554 896 1581 με
911 1545 959 1581 τὴν

173 1587 362 1622 αἰχμαλωσίαν
386 1589 461 1623 ὑμῶν
485 1589 598 1616 ἐνώπιον
618 1590 705 1625 ὑμῶν,
721 1590 795 1624 λέγει
818 1591 929 1626 Κύριος.
947 1601 956 1618 ι

174 1631 300 1658 Τοσαῦτα
327 1633 381 1668 γὰρ
400 1633 447 1660 καὶ
463 1633 611 1668 τηλικαῦτα
631 1634 693 1667 περὶ
707 1635 779 1667 ὑμᾶς
789 1644 817 1661 τε
832 1637 878 1662 καὶ
889 1636 958 1670 ὑπὲρ

1006 274 1088 304 atque
1104 271 1131 296 in
1154 270 1236 296 multa
1263 269 1400 296 hilaritate
1415 269 1596 300 constituens,
1623 275 1699 295 suam
1723 274 1786 302 erga

1007 323 1055 342 vos
1077 316 1237 343 charitatem
1259 315 1528 350 instaurabit:paria
1554 315 1606 342 illis
1630 313 1733 341 faciens
1760 317 1788 339 ct.

1007 365 1149 388 ostentans
1165 364 1262 388 vestra:
1274 360 1372 388 salutis
1387 367 1482 392 causa,
1501 360 1592 394 qualia
1614 359 1679 386 olim
1699 362 1789 386 osten-

1005 406 1081 437 tavit,
1099 413 1160 432 cum
1179 413 1233 432 non
1254 406 1314 432 sine
1330 404 1460 440 prodigiis
1480 406 1573 432 multis
1597 410 1680 440 atque
1703 404 1786 431 mira-

1007 451 1077 478 culis
1089 451 1208 486 Δίωνι)ιο
1226 459 1275 479 vos
1288 451 1393 479 eduxit.
1408 451 1454 478 Sic
1466 459 1538 478 nunc
1553 451 1633 478 etiam
1650 458 1697 478 vos
1712 450 1787 477 cala-

1008 496 1099 523 mitate
1111 496 1192 531 268
1208 496 1341 523 contritos
1363 496 1398 522 ab
1419 495 1578 530 urgentibus
1595 495 1675 522 malis
1692 495 1788 521 libera-

1006 541 1055 573 bit,
1076 546 1103 568 et
1129 542 1155 568 iu
1181 542 1294 576 patriam
1322 542 1458 568 restituet.
1486 550 1496 566 ι
1515 540 1571 571 Vae,
1592 541 1637 574 qui
1653 540 1788 575 acceperit

1007 594 1091 621 super
1106 593 1165 613 eam
1188 587 1381 621 opprobrium!
1399 586 1468 614 Ecce
1484 593 1535 621 ego
1555 586 1625 613 facio
1643 586 1670 612 in
1685 589 1711 612 te
1726 593 1788 620 pro-

1006 637 1067 667 pter
1095 639 1146 664 me,
1173 632 1239 659 dicit
1261 632 1400 659 Dominus.
1421 642 1430 658 ›
1459 631 1583 658 Profecto
1610 630 1789 658 infelicissimi

1006 681 1088 705 erunt
1114 677 1160 712 qui
1187 677 1289 711 aliquid
1316 677 1447 705 adversus
1479 677 1648 703 Hierusalem
1673 676 1788 710 egerint,

1007 723 1087 757 cujus
1109 723 1197 757 gratia
1218 722 1288 750 Deus
1304 723 1452 758 potentiam
1476 731 1554 749 suam
1581 726 1739 756 expromet;
1762 721 1790 747 in

1006 772 1113 795 tantum
1141 773 1170 795 ut
1190 769 1261 803 apud
1280 776 1374 796 omnes
1401 769 1525 795 homines
1548 767 1645 794 famosi
1669 766 1792 795 evadatis

1007 814 1042 841 ob
1058 814 1187 841 collatam
1205 814 1282 841 vobis
1297 817 1435 841 C(nleslem
1453 821 1541 848 opem.
1567 822 1576 838 ι
1594 813 1726 846 Tempore
1745 812 1791 838 illo

1008 858 1119 886 salvabo
1142 866 1311 893 oppressam;
1340 863 1366 886 et
1387 858 1530 893 expulsam
1550 853 1691 892 recipiam.
1707 864 1716 881 ι
1741 854 1791 881 Pu-
1823 891 1826 893 Δ

1009 905 1083 931 niam
1103 904 1176 937 illos,
1200 904 1311 931 salvaho
1332 909 1422 932 autem
1445 908 1486 931 tot
1511 904 1590 931 malis
1615 903 1742 935 obrutos,
1764 905 1792 929 ct

1009 957 1059 976 sua
1074 949 1164 984 patria
1180 950 1310 984 expulsos
1335 949 1505 984 postliminio
1528 949 1556 976 in
1573 956 1633 976 eam
1650 947 1789 975 reducam.

1012 1005 1021 1021 ι
1038 995 1070 1022 Et
1085 1003 1185 1030 ponam
1199 1002 1248 1022 eos
1265 996 1292 1021 in
1306 994 1430 1028 gloriam,
1446 998 1474 1022 et
1485 992 1606 1021 famosos
1618 993 1645 1020 in
1663 993 1790 1020 universa

1009 1047 1092 1068 terra.
1113 1050 1122 1067 ι
1140 1040 1196 1068 Hos
1213 1046 1297 1072 certe,
1310 1040 1344 1067 ob
1364 1049 1396 1068 ea
1412 1048 1473 1075 qua:
1489 1040 1611 1075 ipsorum
1631 1046 1716 1067 causa
1728 1032 1806 1071 feci,-

1010 1087 1191 1114 admiratione
1218 1095 1251 1114 ac
1280 1087 1405 1114 sudibus
1429 1093 1524 1113 omnes
1552 1085 1676 1112 homines
1698 1092 1793 1119 prose-

1010 1138 1137 1169 quentur.
1160 1143 1169 1159 ι
1184 1133 1218 1161 Et
1241 1133 1444 1162 confundentur
1463 1137 1587 1168 tempore
1613 1132 1660 1160 illo
1683 1132 1793 1167 quando

1010 1179 1079 1207 bene
1093 1181 1169 1207 vobis
1181 1180 1283 1213 fecero,
1300 1184 1327 1208 et
1341 1185 1462 1215 tempore
1475 1187 1531 1214 quo
1545 1186 1692 1212 suscepere
1705 1185 1763 1205 vos.
1780 1187 1790 1203 ι

1010 1225 1118 1252 Pudore
1139 1226 1251 1253 omnino
1275 1225 1466 1254 suffundenlur
1490 1225 1594 1252 inimici
1608 1224 1703 1257 vestri,
1730 1231 1792 1251 cum

1010 1272 1093 1299 rebus
1119 1272 1218 1299 vestris
1242 1272 1350 1307 egregie
1372 1271 1531 1304 consulens,
1551 1271 1579 1298 in
1608 1270 1722 1305 patriam
1743 1277 1794 1297 vos

1011 1317 1165 1345 restituam.
1186 1327 1195 1343 ι
1216 1317 1285 1350 Quia
1301 1317 1397 1345 faciam
1418 1325 1467 1345 vos
1480 1317 1601 1345 illustres
1616 1321 1697 1351 atque
1713 1315 1793 1343 nobi-

1011 1360 1051 1388 les
1066 1360 1136 1388 inter
1149 1361 1270 1395 reliquos
1288 1369 1384 1389 omnes
1408 1365 1489 1389 terra
1505 1361 1633 1396 populos,
1643 1368 1706 1388 cum
1726 1368 1793 1387 con-

1011 1411 1120 1434 vertero
1147 1408 1335 1441 captivitatem
1361 1411 1480 1435 vestram
1505 1414 1596 1434 coram
1618 1406 1709 1438 vobis,
1729 1405 1795 1433 dicit

1012 1452 1155 1479 Dominus.
1175 1463 1184 1478 ι
1207 1452 1258 1487 Tot
1279 1457 1410 1488 tantaque
1432 1453 1505 1480 circa
1522 1460 1571 1480 vos
1592 1459 1695 1488 proque
1717 1451 1795 1478 vobis

1012 1498 1144 1525 adversus
1158 1502 1267 1525 vestros
1281 1499 1408 1526 inimicos
1426 1506 1515 1533 agam.
1535 1502 1564 1525 ut
1583 1497 1686 1532 ubique
1699 1503 1794 1524 omnes

1013 1546 1189 1572 memoraturi
1212 1546 1267 1573 sint
1289 1553 1338 1572 vos
1359 1553 1390 1572 ac
1412 1544 1561 1576 laudaturi,
1578 1544 1709 1570 mirantes
1724 1550 1794 1577 quo-

1011 1592 1092 1618 modo
1107 1592 1154 1618 tali
1173 1599 1219 1619 vos
1234 1591 1394 1627 captivitate
1414 1591 1555 1626 expeditos
1575 1591 1602 1617 in
1620 1589 1735 1625 patriam
1753 1596 1796 1615 re-

1010 1637 1144 1665 stituerim
1156 1637 1224 1673 (54).

174 1677 254 1713 ὑμῶν
267 1678 337 1705 κατὰ
352 1679 404 1705 τῶν
422 1678 525 1714 ἐχθρῶν
546 1680 696 1715 ἐργάσομαι
717 1681 770 1707 τῶν
788 1681 938 1717 ὑμετέρων,
950 1682 1020 1709 ὥστε
1040 1682 1161 1715 ἅπαντας
1177 1684 1239 1715 τοὺς
1252 1682 1389 1719 πανταχοῦ
1407 1683 1451 1709 διὰ
1471 1683 1579 1718 μνήμης
1595 1690 1625 1708 τε
1639 1681 1709 1716 ἔχειν
1725 1681 1796 1715 ὑμᾶς

175 1726 222 1752 καὶ
237 1727 365 1799 ἐπαίέωνὶ
383 1728 427 1762 (p.
441 1728 503 1763 409)
517 1728 704 1764 θαυμάζοντας
725 1726 801 1766 ᾧτινι
815 1730 847 1766 δὴ
859 1730 899 1766 τῷ
911 1731 1002 1767 τρόπῳ
1014 1732 1063 1767 τῆς
1071 1731 1199 1767 τοιαύτης
1212 1731 1398 1767 αἰχμαλωσίας
1410 1731 1482 1766 ὑμᾶς
1489 1729 1644 1762 ἀπαλλάξας
1658 1728 1796 1762 ἐπανήγα-

175 1780 224 1799 γον
238 1780 277 1799 at:
289 1781 304 1798 τ
338 1781 353 1799 ο
365 1774 436 1799 κεία.

175 1780 224 1806 γον
238 1774 277 1804 εἰς
289 1774 323 1799 τὰ
338 1774 436 1800 οἰκεῖα.

215 1862 272 1901 (54)
291 1861 439 1898 Postquam
466 1864 506 1901 _de
527 1871 603 1901 vero
621 1864 762 1899 Sophonia
777 1864 904 1901 _egimus,
931 1866 958 1892 in
1013 1867 1041 1894 in
1064 1867 1094 1894 S.
1119 1866 1268 1901 Scriptura:
1291 1866 1401 1901 synopsi
1423 1875 1451 1893 n.
1470 1865 1514 1893 75.
1540 1865 1595 1901 Inm
1623 1868 1649 1901 et
1668 1864 1796 1901 Virgilius

178 1897 355 1924 llebrteorum
368 1897 520 1926 armarium
536 1897 757 1936 Christi-lanaeque
777 1897 906 1928 Ecclesiae
919 1908 962 1927 ca-
1013 1902 1169 1930 Tolosanus
1182 1897 1379 1936 grammaticus
1398 1909 1412 1926 a
1431 1902 1509 1928 nobis
1529 1899 1620 1936 editus
1634 1897 1796 1936 Assem“.

179 1940 278 1959 nonem
303 1938 422 1972 recepto,
441 1942 498 1972 non_
516 1934 598 1972 piget~
610 1935 700 1972 alium
710 1933 819 1969 quoque
844 1942 963 1972 comme-
1014 1941 1036 1964 ι.
1054 1936 1088 1969 V,
1103 1944 1130 1972 p.
1147 1933 1198 1966 2οῘ
1217 1936 1339 1970 quoniam
1356 1935 1514 1972 Sufphoniaa
1537 1935 1640 1962 Hebraei
1658 1933 1731 1969 (falsi
1753 1940 1796 1961 ta-

179 1975 288 2009 nton-are
301 1968 358 2009 seti.
372 1970 563 2009 apocrypharn
583 1968 858 2009 Sophoniaquuem
877 1970 964 2009 citant
1016 1968 1090 2006 men)
1104 1968 1189 1999 'verba
1204 1968 1343 2006 insperato
1356 1968 1437 1998 nobis
1452 1971 1559 1998 recitat.

178 2002 306 2030 Clemens
326 2002 405 2031 Alexi.
422 2002 522 2032 Sit-6m.
536 2004 583 2031 lib.
599 2002 628 2037 ν,
650 2005 693 2037 ii,
709 2010 737 2032 et
753 2002 964 2032 SfAthanasius

195 2118 1799 2135 Μ

443 2198 723 2269 EPMHNEIA
768 2223 957 2267 AITAIC

1041 2223 1154 2267 ΤΟΥ
1198 2222 1520 2266 ΠΡΟΦΗΤΟΥ.

826 2432 897 2488 ΙΝ
974 2429 1290 2486 AGG/EUM
1347 2425 1801 2485 PROPHETAM.

184 2432 760 2492 COMMENTARIUS

226 2653 305 2689 Ὡσηέ
322 2660 372 2688 μεν
393 2654 440 2680 καὶ
460 2653 536 2687 Ίωὴλ
556 2654 603 2679 καὶ
627 2652 717 2687 ’Λμὼς
741 2657 787 2679 και
811 2651 926 2688 Μιχαίας
943 2660 957 2678 ο

1055 2651 1137 2687 269
1155 2650 1228 2678 Beati
1251 2652 1388 2684 prophetae
1411 2647 1495 2675 Oseas
1513 2651 1540 2674 et
1565 2645 1622 2673 Joel
1640 2649 1668 2673 et
1684 2645 1804 2672 Amosm‘t

186 2700 316 2735 μακάριοι
327 2699 463 2734 προφῆται
480 2698 568 2726 κοινὸν
579 2699 647 2734 πρὸς
656 2698 762 2725 ἅπαντα
779 2699 823 2725 τὸν
837 2698 970 2734 Ἰσραηλι-

183 2745 260 2773 τικὺν
269 2744 334 2772 λαὸν
346 2744 484 2771 ἐποιοῦντο
493 2744 537 2771 τὸν
557 2745 645 2778 λόγον,
659 2745 723 2776 τούς
736 2753 766 2771 τε
780 2745 833 2772 τῶν
843 2744 908 2771 δέκα
919 2753 970 2778 φυ-

184 2791 239 2818 λῶν
268 2787 306 2817 ὧν
327 2789 482 2816 ὲὸασίλευεν
501 2790 518 2824 ἡ
536 2790 686 2825 Σαμάρεια,
706 2791 753 2816 καὶ
781 2789 834 2825 μὴν
852 2790 972 2820 καὶτοὺς

185 2837 236 2871 τῆς
259 2836 343 2863 Ἰούδα
354 2836 449 2871 φυλῆς,
463 2835 524 2867 τοὺς
535 2844 564 2862 τε
575 2836 624 2870 τὴν
637 2835 813 2871 Ἰερουσαλὴμ
822 2835 972 2867 οἰκοῦντας,

188 2881 360 2917 ἀμφοτέρους
385 2881 497 2916 ὁμοίιος·
513 2880 559 2907 ἐπί
583 2888 612 2907 τι
626 2881 686 2912 ταῖς
700 2880 835 2912 ἁσεΰείαις
852 2881 897 2906 καὶ
910 2881 969 2912 ταῖς

1019 2703 1100 2732 atque
1119 2696 1243 2724 Michaeas
1267 2695 1301 2722 ad
1320 2695 1475 2722 universum
1495 2692 1594 2728 pariter
1618 2691 1802 2719 lsraelitarum

1019 2743 1147 2779 populum
1160 2742 1241 2770 verba
1252 2741 1385 2773 fecerunt,
1399 2747 1494 2774 nempe
1506 2744 1533 2767 et
1543 2738 1576 2766 ad
1592 2738 1684 2766 decem
1702 2737 1803 2769 tribus,

1020 2796 1136 2824 quarum
1152 2786 1309 2822 metropolis
1321 2785 1443 2813 Samaria
1458 2788 1527 2817 erat,
1541 2784 1659 2818 itemque
1678 2782 1710 2809 ad
1727 2780 1803 2808 Iudae

1021 2833 1188 2869 conjunctim
1227 2832 1328 2859 tribum
1369 2831 1498 2865 civesque
1537 2828 1804 2863 Hierosolymorum;

1023 2888 1092 2916 quos
1101 2875 1198 2907 omnes
1221 2877 1341 2913 peccatis
1369 2876 1476 2905 deditos
1489 2880 1517 2904 et
1529 2875 1698 2903 diversorum
1710 2871 1803 2901 crimi-
