1969 3069
161 171 215 199 ὁ75

759 172 932 202 TllEODORl
957 172 1197 202 MOPSUESTEM

1746 170 1798 198 476

162 239 228 258 num
244 237 306 258 reos
325 238 402 266 mque
425 231 625 266 obiurgabam;
653 233 766 267 adjectis
789 233 949 268 impenden-

1004 233 1184 269 παρανομίαις
1197 232 1354 267 ἐλέγχοντες
1369 229 1414 264 αἷς
1433 231 1625 266 διεπράττοντο
1643 229 1773 261 ποικίλως
1788 238 1796 245 υ

162 282 229 307 tium
250 281 382 308 malorum
399 280 492 312 minis,
504 279 527 306 si
542 280 601 306 sine
624 280 784 314 paenitentia
809 281 950 314 delinque-

162 323 223 352 rent
240 335 246 352 :
263 333 312 352 ceu
325 332 419 359 reapse
431 324 484 351 illis
497 324 608 356 accidit,
635 324 728 351 decem
745 325 848 351 scilicet
865 325 952 359 primo

162 370 290 398 tribubus
303 370 337 397 ab
350 369 482 405 Assyriis,
499 369 598 397 deinde
623 368 699 396 Judtc
727 370 809 396 tribui
825 377 840 396 a
866 370 952 405 Baby—

162 416 254 443 loniis.
272 416 324 443 Sed
339 420 428 443 tamen
443 423 506 443 cum
527 415 571 442 his
594 415 817 450 praedictionibus
844 411 950 442 felicem

162 471 271 498 quoque
285 471 376 490 rerum
394 463 599 490 conversionem
617 462 786 496 spondebant
804 462 950 496 prophetze,

163 517 260 544 nempe
275 509 347 544 quod
368 510 484 544 populus
507 508 666 543 captivitate
689 508 832 542 expeditus
848 507 875 534 in
904 515 952 541 pa-

163 555 243 581 triam
277 563 438 583 reversurus
477 560 559 582 esset.
591 554 689 582 Beatus
719 559 808 581 autem
850 553 951 580 Abdias

164 607 259 634 poenas
284 600 408 627 ldumagis
432 600 505 627 circa
524 599 627 627 reditus
655 603 762 633 tempus
790 598 951 633 infligendas

163 650 266 672 narrat.
287 646 387 673 Beatus
401 644 486 673 Jonas
508 645 643 672 excidium
673 644 802 672 Ninivitis
820 645 950 675 minatur,

164 691 215 718 nisi
248 699 263 718 a
287 698 336 718 sua
368 691 468 717 tnalitia
496 690 669 725 resipuerint.
694 690 794 717 Beatus
811 689 952 717 Nahumus

164 735 275 763 Ninives
301 736 484 766 obsidionem,
500 735 675 770 universique
691 735 796 770 imperii
821 735 951 770 Assyrio-

164 789 223 807 rum
240 781 409 809 eversionem
422 781 555 816 prmcinit,
569 789 649 816 quam
659 789 674 807 a
687 781 841 816 Babyloniis
855 788 952 815 exper-

164 826 218 852 turi
234 830 322 853 erant.
336 826 410 865 licati
434 826 571 861 propheta;
585 827 729 854 Abacucus
745 834 777 854 ac
797 826 951 861 Sophonias

165 875 339 907 posteaquam
376 872 469 899 decem
505 873 594 900 tribus
624 873 729 908 Assyrii
752 872 807 907 jam
829 873 950 907 populati

1003 279 1194 314 προστιθέντες
1215 279 1244 305 δὲ
1267 279 1315 305 καὶ
1330 279 1364 305 τὰ
1381 278 1450 313 ὑπὲρ
1466 277 1568 304 τούτων
1584 277 1676 308 αὐτοῖς
1689 276 1795 311 ἀμετα-

1003 327 1106 360 νοὴτως
1122 325 1246 351 πταίουσι
1260 324 1456 359 συμϐησόμενα
1469 323 1553 354 κακὰ,
1567 323 1601 349 τά
1613 331 1642 348 τε
1657 323 1719 353 ταῖς
1731 321 1797 347 δέκα

1003 370 1099 405 φυλαῖς
1121 370 1254 406 πρότερον
1272 370 1324 396 ὑπὸ
1343 370 1398 396 τῶν
1419 369 1568 404 Ἀσσυρίων
1587 368 1737 403 συμϐάντα,
1750 367 1798 393 καὶ

1002 415 1036 442 τὰ
1061 417 1116 447 τοῖς
1141 415 1189 441 τοῦ
1211 414 1296 440 Ἰούδα
1314 414 1401 449 φυλῆς
1417 414 1468 440 ὑπὸ
1487 413 1666 440 Βαϐυλωνίων
1681 412 1796 446 ὕστερον

1002 461 1151 496 γεγονόται·
1170 458 1211 492 οἷς
1225 469 1278 495 περ
1291 459 1337 487 οὖν
1350 461 1396 487 καὶ
1406 460 1454 496 τὴν
1469 460 1515 486 ἐπὶ
1528 459 1560 486 τὸ
1573 460 1695 495 κρεῖττον
1707 459 1796 485 αὐτῶν

1004 507 1152 541 μεταϐολὴν
1163 507 1345 541 ἐπισυνῆπτον
1355 507 1415 537 ταῖς
1430 505 1598 540 προρρήσεσι
1607 506 1667 535 ταῖς
1678 504 1792 533 ἑαυτῶν.

1002 554 1041 580 ὅτι
1053 562 1081 580 τε
1088 553 1235 588 ἀφεθέντες
1246 553 1296 589 τῆς
1303 552 1491 588 αἰχμαλωσίας
1498 551 1543 578 ἐπὶ
1553 551 1602 587 τὴν
1613 551 1705 587 χώραν
1715 550 1796 577 πάλιν

1002 600 1189 626 ἀνελευσονται
1198 600 1246 634 τὴν
1257 600 1369 626 οἰκείαν.
1379 598 1483 625 Ἀϐδιοῦ
1496 598 1544 633 μὲν
1552 597 1598 624 τοῦ
1607 597 1740 632 μακαρίου
1747 596 1803 632 τὴν·

1008 646 1072 672 Ἰδου
1078 646 1166 679 μαίοις
1175 645 1245 672 κατὰ.
1253 645 1298 671 τὸν
1307 645 1356 680 τῆς
1362 645 1492 671 ἐπανόδου
1502 644 1596 680 καιρὸν
1607 645 1711 679 ἐπαχθῆ
1716 644 1796 679 σομέ-

1002 691 1179 725 νηνλέγοντος
1188 691 1322 725 τιμωρίαν
1333 699 1340 705 ·
1355 690 1431 716 Ἰωνᾶ
1445 690 1472 716 δὲ
1481 689 1528 716 τοῦ
1540 690 1675 725 μακαρίου
1684 690 1732 725 τὴν
1746 698 1795 716 κα-

1002 737 1155 772 ταστροφὴν
1164 736 1360 770 ἀπειλήσαντος
1375 736 1538 767 Νινευίταις,
1551 736 1574 761 εξ
1590 736 1627 771 μὴ
1635 736 1683 770 τῆς
1692 735 1795 762 ἑαυτῶν

1004 781 1195 816 μεταϐάλοιντο
1226 782 1342 813 κακίας·
1374 782 1411 816 (p.
1441 782 1503 817 410)
1531 781 1578 808 τοῦ
1603 782 1738 817 μακαρίου
1764 781 1794 807 δὲ

1002 827 1098 862 Ναοὺμ
1126 827 1218 862 σαφῶς
1243 828 1292 863 τήν
1319 836 1350 854 τε
1375 827 1532 863 πολιορκίαν
1546 829 1594 863 τῆς
1618 827 1728 863 Νινευὴ,
1748 828 1795 854 καὶ

1002 873 1052 909 τὴν
1069 873 1228 908 καθαίρεσιν
1238 873 1348 909 ἁπάσης
1362 874 1410 909 τῆς
1426 874 1480 900 τῶν
1495 873 1644 909 Ἀσσυρίων
1656 874 1795 909 βασιλείας

166 906 284 950 fuerant,
299 919 411 954 suisque
426 919 537 946 sedibus
573 906 699 953 abreptas
716 919 743 945 in
767 906 950 961 captivitatem

1005 906 1160 954 μηνύοντος.
1179 906 1331 955 προδήλως,
1352 906 1394 954 ἢν.
1411 919 1463 946 ὑπὸ
1487 906 1664 946 Ηαϐυλωνίων
1683 919 1796 954 ἔμελλον

164 965 373 996 transtulerant,
391 965 468 992 Juda:
486 965 599 997 tribum,
615 973 675 1000 quae
689 965 746 992 sola
760 968 819 992 erat
835 965 951 998 reliqua.

163 1011 291 1046 civesque
316 1011 393 1038 urbis
421 1011 673 1046 Hierosolymorum
689 1010 722 1038 de
745 1017 794 1037 sua
808 1009 953 1044 iniquitate

165 1056 308 1091 legumque
326 1056 473 1084 violatione
497 1062 659 1092 coarguunt,
686 1060 768 1090 atque
796 1055 952 1083 adfuturam

163 1102 240 1129 aiunt
265 1110 280 1129 a
303 1102 461 1138 Babyloniis
491 1103 634 1134 ultionem.
658 1103 729 1130 haud
752 1102 877 1138 equidem
891 1109 953 1130 sero

163 1148 240 1182 pede,
259 1148 305 1176 sed
331 1149 383 1183 iam
405 1149 568 1184 proximam,
591 1157 653 1176 cum
668 1149 800 1176 malorum
816 1149 950 1181 omnium,

162 1201 223 1227 qme
235 1194 362 1228 prtedich
372 1194 488 1227 fuerant,
502 1195 614 1222 cohorte
632 1203 639 1222 :
654 1199 680 1222 et
695 1201 760 1222 sane
769 1194 952 1229 propinquum

162 1247 254 1266 ternm
267 1240 370 1267 exitum
387 1239 540 1275 Sophonias
551 1240 681 1275 propheta
693 1239 776 1266 canit.

1004 964 1159 999 ὑπομένειν.
1183 965 1343 1000 Ἀμὸακοὺμ
1362 965 1390 991 δέ
1406 966 1453 992 καὶ
1473 965 1603 1000 Σοφονίας
1624 966 1648 991 oi
1667 965 1794 1001 μακάριοι

1004 1010 1141 1044 προφῆται
1149 1010 1199 1046 ἤδη
1214 1011 1267 1037 τῶν
1284 1011 1314 1037 ἐν
1325 1012 1386 1043 ταῖς
1396 1011 1461 1038 δέκα
1470 1011 1795 1047 φυλαῖςέκπορθηθέντων

1002 1064 1031 1082 τε
1050 1055 1102 1082 ὑπὸ
1115 1056 1170 1082 τῶν
1188 1056 1342 1092 Ἀσσυρίων
1357 1057 1405 1084 καὶ
1419 1057 1540 1092 παντελῆ
1550 1058 1600 1093 τήν
1614 1066 1644 1084 τε
1657 1058 1796 1093 αἰχμαλω-

1004 1100 1064 1127 σίαν
1075 1101 1121 1128 καὶ
1135 1101 1184 1137 τὴν
1203 1102 1235 1128 ἐκ
1252 1102 1307 1129 τῶν
1324 1103 1416 1130 τόπων
1431 1103 1484 1129 τῶν
1505 1103 1613 1130 οἰκείων
1633 1103 1796 1138 μετάστασιν

1003 1146 1167 1182 δεξαμένων,
1184 1148 1248 1180 τοὺς
1265 1149 1315 1184 τῆς
1338 1149 1423 1176 Ἰούδα
1452 1150 1538 1184 φυλῆς
1556 1150 1662 1185 μόνους,
1679 1150 1743 1182 τούς
1766 1158 1796 1176 τε

1005 1192 1051 1218 ἐπὶ
1066 1193 1122 1227 τῆς-
1133 1193 1312 1230 Ἰερουσαλὴμ
1339 1195 1491 1227 οἱκοῦντας,
1517 1196 1563 1222 ἐπὶ
1584 1197 1644 1228 ταῖς
1660 1196 1796 1227 ἁσεῦείαις

1006 1239 1095 1266 αὐτῶν
1110 1240 1250 1275 ἐλέγχουσι
1262 1241 1309 1268 καὶ
1324 1243 1385 1273 ταῖς
1400 1241 1593 1277 παρανομίαις,
1608 1241 1733 1276 λέγοντες
1747 1241 1796 1277 τὴν

161 1284 206 1312 διὰ
218 1286 273 1312 τῶν
284 1287 460 1314 Βαϐυλωνίων
478 1287 524 1314 ἐπὶ
536 1287 641 1319 τούτοις
651 1286 876 1322 ὲπαχθησομένην
890 1286 982 1318 αὐτοῖς
993 1287 1068 1322 παρὰ
1078 1288 1125 1314 τοῦ
1141 1288 1209 1315 Θεοῦ
1219 1289 1365 1325 τιμωρίαν,
1380 1289 1410 1316 οὐ
1430 1289 1498 1324 μετὰ
1515 1289 1599 1316 πολύν
1615 1297 1647 1323 γε
1663 1290 1797 1324 ἐσομένην

162 1332 208 1358 τὸν
222 1332 326 1367 χρόνον,
339 1333 396 1359 ἀλλ’
408 1333 446 1364 ὼς
465 1333 529 1359 εὐθύ
547 1342 578 1367 γε
589 1333 636 1360 καὶ
654 1332 822 1368 παραχρῆμα
834 1332 888 1358 τῶν
903 1332 1080 1367 μηνυομένων
1096 1334 1189 1360 κακῶν
1200 1335 1421 1370 ἐπελευσομένων
1437 1337 1528 1367 αὐτοῖς
1539 1336 1677 1366 ἁπάντων,
1690 1336 1737 1362 καὶ
1749 1337 1796 1369 ἐγ-

163 1379 281 1414 γυτέραν
292 1387 324 1413 γε
334 1379 388 1405 τῶν
405 1379 542 1414 ἐσομένων
555 1379 605 1414 τὴν
616 1378 728 1406 ἔκϐασιν
740 1378 868 1413 Σοφονίου
885 1377 1032 1413 μηνύοντος
1045 1378 1154 1406 ἔσεσθαι
1168 1380 1215 1407 τοῦ
1230 1381 1380 1416 προφήτου.

199 1427 280 1462 270
294 1426 394 1454 Beatus
408 1434 472 1454 vero
488 1427 603 1462 Aggaaus
621 1427 764 1462 propheta,
786 1426 865 1460 cujus
879 1435 952 1454 nunc

163 1473 328 1508 explanandi
354 1481 415 1500 cum
437 1472 484 1500 Dei
500 1474 587 1508 gratia
607 1474 751 1501 consilium
768 1481 782 1500 a
797 1474 875 1501 nobis
891 1481 952 1500 sus-

1047 1427 1172 1461 Ἀγγαῖος
1191 1428 1218 1454 δὲ
1230 1429 1243 1454 ὸ
1259 1428 1394 1463 μακάριος
1407 1427 1560 1464 προφήτης,
1572 1425 1601 1455 οὗ
1614 1427 1646 1463 δὴ
1654 1428 1796 1462 πρόκειται

1005 1471 1053 1498 νῦν
1065 1473 1131 1507 ἡμῖν
1151 1473 1218 1499 Θεοῦ
1246 1474 1335 1509 χάριτι
1363 1473 1498 1500 ποιεῖσθαι
1517 1473 1567 1508 τὴν
1588 1475 1745 1509 σαφήνειαν,
1763 1475 1795 1501 οὐ

163 1524 270 1554 ceptum
280 1524 331 1551 est,
348 1519 506 1547 vaticinium
518 1527 597 1547 suum
609 1527 662 1546 non
678 1520 759 1547 modo
772 1520 845 1546 circa
862 1527 952 1547 νεοθη-

1005 1517 1054 1552 τῆς
1080 1518 1270 1553 αίχμαλωσίας
1295 1519 1375 1553 μόνον
1403 1519 1452 1554 ἤδη
1478 1520 1666 1555 γεγενημένης
1683 1520 1731 1554 τῆς
1742 1521 1796 1547 ὑπὸ

163 1570 217 1592 tem
234 1564 483 1600 Hierosolymorum
506 1573 521 1592 a
541 1565 699 1600 Babyloniis
712 1569 853 1600 captorum
877 1565 950 1592 ωειλ-

164 1610 286 1637 unitatem
311 1609 392 1642 facit;
416 1617 509 1637 verum
527 1610 608 1637 etiam
629 1610 734 1638 solutos
750 1610 805 1644 jam
822 1610 951 1637 servitute

165 1656 312 1688 lsraelitas,
341 1660 423 1690 atque
445 1657 470 1683 in
488 1657 602 1691 patriam
625 1662 721 1691 praeter
734 1665 840 1684 omnem
857 1657 951 1683 huma-

166 1710 227 1729 nam
253 1711 328 1737 spem
358 1702 404 1730 Dei
422 1704 508 1738 gratia
525 1704 678 1732 restitutos.
707 1704 829 1730 oratione
846 1712 893 1730 sua
909 1712 951 1731 re-

164 1747 248 1773 duces
259 1746 418 1780 alloquitur,
433 1748 478 1776 qui
495 1748 520 1773 in
544 1748 660 1780 propriis
676 1748 779 1775 laribus
804 1750 951 1778 versaban-

168 1800 220 1825 μιν,
231 1798 359 1828 tantoque
367 1792 497 1821 beneﬁcio
507 1791 667 1820 mirabiliter
674 1791 716 1819 usi
734 1793 856 1827 fuerant;
871 1798 952 1828 atque

163 1844 259 1863 eorum
286 1836 313 1863 in
329 1837 421 1872 templi
441 1837 620 1866 aediﬁcatione
636 1839 778 1873 segnitiem
802 1839 928 1875 objmgat
942 1850 949 1868 :

163 1883 236 1916 quod
261 1883 392 1918 templum
411 1888 440 1910 ut
463 1884 654 1916 aediﬁcaretur,
669 1886 740 1913 haud
767 1886 892 1920 equidem
909 1888 950 1914 sui

164 1936 248 1955 causa
258 1933 361 1956 tantam
377 1937 469 1957 curam
496 1932 607 1965 gerebat
627 1931 710 1963 Deus,
727 1933 773 1967 qui
786 1935 950 1969 cateroquiu

163 1975 203 2001 ait
217 1984 224 2002 ξ
241 1984 250 2000 ε
271 1975 378 2003 οωιυηι
392 1977 456 2004 mihi
471 1978 597 2010 thronus,
610 1982 681 2006 terra
695 1984 785 2007 autem
802 1981 950 2008 scabellum

164 2020 262 2054 pedum
280 2029 412 2049 meorum.
440 2023 506 2058 Quae
530 2028 573 2052 cst
588 2025 640 2052 ista
663 2026 762 2053 domus
777 2034 857 2059 quam
884 2027 949 2054 milii

164 2066 316 2098 atdilicatis,
333 2068 371 2094 ait
388 2067 529 2102 Dominus;
546 2075 592 2096 aut
604 2071 728 2105 quisnam
751 2071 825 2098 locus
851 2073 951 2107 quietis

165 2120 232 2139 mea!
247 2113 287 2139 "1'
304 2122 313 2138 ι
335 2113 460 2141 Profecto
483 2115 549 2141 nihil
571 2124 624 2143 non
653 2124 764 2150 parvum
783 2122 835 2149 est,
853 2119 875 2145 si
892 2127 952 2153 quae

163 2157 284 2185 diximus
296 2166 358 2185 cum
382 2159 426 2185 Dei
452 2161 637 2194 magnitudine
661 2167 862 2196 comparentur,
892 2172 952 2198 qua:

1004 1563 1181 1590 Βαϐυλωνίων
1197 1566 1253 1596 τοῖς
1278 1564 1348 1591 κατὰ
1373 1565 1422 1600 τὴν
1439 1565 1618 1601 Ἰερουσαλὴμ
1631 1565 1796 1602 ἐπαχθείσης

1002 1611 1118 1636 ποιεῖται
1138 1610 1187 1645 τὴν
1210 1610 1390 1644 προφητείαν,
1414 1610 1482 1637 ἀλλὰ
1502 1611 1556 1647 γὰρ
1580 1611 1796 1645 ἀπαλλαγέντων

1004 1656 1052 1690 μὲν
1062 1656 1116 1681 τῶν
1136 1655 1310 1691 Ἰσραηλιτῶν
1323 1656 1373 1691 ἤδη
1387 1656 1436 1691 τῆς
1450 1656 1647 1691 αἰχμαλωσίας,
1662 1657 1795 1690 ἐπανελη-

1002 1701 1121 1727 λυθότων
1144 1701 1173 1727 δὲ
1200 1700 1282 1727 πάλιν
1308 1702 1348 1732 εἰς
1361 1701 1411 1736 τὴν
1434 1701 1525 1736 χώραν
1543 1700 1592 1736 τὴν
1605 1702 1707 1728 οἰκείαν
1720 1703 1796 1737 παρά

1001 1749 1093 1774 πᾶσαν
1107 1747 1278 1782 ἀνθρωπίνην
1297 1746 1392 1773 ἐλπίδα
1408 1747 1500 1782 χάριτι
1521 1747 1595 1783 Θείᾳ,
1612 1748 1650 1782 (p.
1667 1748 1729 1781 liii)
1740 1750 1796 1779 τοῖς

1001 1794 1090 1828 λόγοις
1105 1794 1237 1828 κέχρηται
1246 1794 1302 1824 τοῖς
1313 1792 1433 1823 οἰκείοις,
1444 1792 1507 1824 τοὺς
1517 1792 1752 1826 ἐπανεληλυθότας
1766 1802 1795 1819 τε

1002 1840 1050 1866 καὶ
1067 1840 1114 1866 ἐπὶ
1136 1839 1187 1873 τῆς
1214 1839 1317 1869 οἰκείας
1334 1838 1477 1871 διάγοντας
1493 1837 1586 1873 χώρας
1599 1838 1648 1872 τῆς
1662 1838 1795 1874 τοσαύτης

1002 1886 1113 1921 χάριτος
1125 1884 1284 1920 παραδόξως
1301 1883 1485 1918 τετυχηκότας
1497 1884 1616 1919 ἐλέγχων
1627 1883 1672 1910 ἐπὶ
1686 1885 1718 1919 τῇ
1732 1885 1796 1920 περὶ

1001 1932 1051 1967 τὴν
1067 1931 1209 1966 οἰκοδομὴν
1235 1929 1281 1956 τοῦ
1297 1929 1361 1957 ναοῦ
1378 1929 1500 1965 ῥᾳθυμίᾳ
1512 1938 1518 1944 ·
1540 1927 1569 1956 οὗ
1585 1930 1634 1964 τῆς
1651 1929 1795 1964 οἰκοδομῆς

1002 1978 1134 2013 πρόδηλον
1145 1977 1182 2008 ὡς
1189 1977 1238 2012 οὐχ
1258 1976 1355 2003 ἑαυτοῦ
1367 1984 1399 2010 γε
1412 1976 1504 2002 ἕνεκεν
1517 1973 1574 2010 εἶχε
1587 1976 1717 2011 φροντίδα
1731 1977 1796 2003 πολ-

1001 2023 1050 2058 λὴν
1065 2023 1080 2048 ὁ
1094 2021 1171 2053 Θεὸς,
1186 2021 1223 2052 ὡς
1238 2021 1319 2052 αὐτὸς
1341 2019 1405 2054 περὶ
1419 2019 1516 2046 ἑαυτοῦ
1531 2027 1628 2053 φησιν·
1648 2029 1656 2044 ι
1669 2020 1698 2045 '0
1714 2019 1796 2055 οὖρα-

1001 2070 1044 2101 νός
1063 2077 1107 2104 μοι
1127 2068 1237 2104 θρόνος,
1250 2068 1267 2103 ἡ
1283 2067 1312 2093 δὲ
1325 2067 1360 2102 γῆ
1379 2065 1524 2093 ὑποπόδιον
1544 2064 1599 2091 τῶν
1619 2065 1706 2091 ποδῶν
1725 2074 1793 2100 μου·

1003 2117 1079 2142 ποῖον
1091 2114 1185 2141 τοῦτον
1198 2111 1272 2140 οἷκον
1287 2111 1478 2148 οἰκοδομήσετέ
1494 2120 1550 2145 μοι,
1563 2110 1636 2144 λέγει
1645 2110 1764 2147 Κύριος;
1777 2111 1794 2145 ἥ

1002 2162 1042 2191 τίς
1056 2160 1138 2191 τόπος
1148 2158 1403 2195 τῆςκαταπαύσεώς
1411 2166 1462 2193 μου
1475 2157 1549 2189 ἐστί;
1569 2167 1578 2182 ι
1595 2156 1691 2183 Καίτοι
1699 2165 1731 2190 γε
1750 2166 1795 2192 μι-

164 2211 208 2230 res
220 2211 316 2232 omnes
330 2209 436 2232 creatas
449 2210 553 2233 tantum
574 2208 690 2240 excedit,
703 2214 834 2244 quantum
849 2210 951 2237 homini

1005 2207 1070 2243 κρδν
1085 2206 1131 2233 καὶ
1147 2204 1243 2237 τοῦτο,
1255 2206 1279 2230 εί
1295 2204 1362 2240 πρὸς
1375 2204 1405 2230 τὸ
1417 2203 1530 2239 μέγεθος
1542 2203 1575 2229 τὰ
1587 2203 1719 2238 εἰρημένα
1730 2211 1795 2230 σκο-

165 2257 216 2276 ncc
232 2249 280 2277 l'ari
315 2251 386 2278 licet.
412 2251 606 2280 Verumtamen
633 2252 713 2285 Deus,
727 2255 771 2281 cui
798 2255 950 2282 animarum

165 2303 231 2322 cura
252 2300 304 2327 est.
318 2296 501 2324 lsraclitarum
513 2299 603 2332 potius
614 2306 697 2326 causa
712 2299 744 2326 de
761 2301 852 2335 templi
871 2301 954 2328 aedifi-

165 2341 273 2368 catiOne
292 2344 433 2376 tantopere
447 2341 597 2369 laborabat.
615 2342 682 2369 Nam
692 2343 754 2378 quia
776 2343 803 2370 in
817 2344 953 2372 mandatis

165 2387 286 2419 dedo-rat,
303 2391 333 2414 ut
356 2395 388 2415 eo
405 2388 432 2415 in
459 2388 518 2415 loco
533 2388 689 2424 temploque
714 2390 872 2424 congregati
890 2398 954 2418 con-

165 2440 263 2467 gruum
281 2433 408 2469 legitimis
432 2434 652 2462 institutionibus
664 2435 766 2462 cultum
781 2436 833 2463 sibi
848 2435 955 2471 persol-

165 2483 281 2512 verent;
301 2484 382 2515 atque
407 2480 449 2507 his
478 2481 650 2509 caeremoniis
664 2481 785 2509 exerceri
810 2490 825 2509 a
854 2483 954 2517 populo

166 2523 324 2558 religionem
338 2525 456 2557 volebat,
477 2530 506 2553 ut
533 2530 594 2562 apte
621 2527 695 2554 illinc
709 2532 830 2563 tempore
851 2537 901 2556 suo
921 2530 955 2557 ad

167 2575 340 2596 communem
356 2571 538 2606 peragendam
555 2572 672 2600 salutem
685 2573 812 2601 Christus
826 2573 956 2602 Dominus

168 2614 195 2641 in
209 2621 292 2641 carne
310 2621 479 2650 emergeret;
495 2617 556 2645 ideo
570 2618 604 2646 de
626 2619 678 2646 hoc
691 2618 806 2646 aedilicio
821 2620 956 2648 sollicitus

169 2660 326 2686 necessario
336 2666 411 2692 erat;
440 2670 536 2697 nempe
551 2668 580 2691 ut
594 2665 772 2693 conventibus
791 2666 816 2692 in
842 2674 874 2693 eo
885 2667 955 2694 cele-

170 2704 281 2732 brandis
293 2713 381 2733 mores
395 2713 460 2734 suos
475 2709 630 2736 emendaret
642 2711 767 2746 populus,
784 2712 827 2738 cui
837 2719 892 2746 prae
903 2719 957 2738 cae.-

171 2749 248 2780 teris.
273 2754 302 2776 ut
318 2750 386 2781 dixi,
408 2751 564 2780 hominibus
590 2757 692 2782 tantam
714 2755 785 2783 Deus
806 2763 900 2784 curam
915 2757 958 2784 di-

170 2801 285 2831 gnanter
297 2796 477 2831 impertiebat.
500 2799 568 2827 Nam
585 2800 665 2829 sicuti
679 2802 812 2830 sacriﬁcia
825 2807 852 2830 et
861 2807 956 2831 caetera

207 2885 230 2901 ³³
251 2884 303 2914 lsa.
324 2894 396 2918 mi,
422 2887 440 2914 Ι.

1003 2255 1078 2280 πεῖτο
1088 2252 1119 2278 τὸ
1129 2251 1209 2281 θεῖον,
1219 2251 1345 2278 ἁπάντων
1357 2258 1390 2284 γε
1398 2251 1451 2276 τῶν
1465 2251 1548 2276 ὄντων
1557 2248 1696 2284 προδήλως
1711 2249 1797 2285 ὑπερ-

1002 2300 1137 2334 κείμενον,
1151 2298 1206 2324 οὐδ’
1214 2297 1311 2324 ὁπόσον
1318 2297 1405 2322 είπεῐν
1418 2304 1446 2322 τε
1457 2296 1473 2331 ἢ
1486 2296 1580 2329 νοῆσαι
1589 2295 1732 2322 δύναιτ·οᾶν
1742 2303 1795 2326 τις.

1009 2345 1078 2372 Ἀλλ’
1098 2344 1167 2379 ὑπὲρ
1182 2342 1272 2369 αὐτῶν
1285 2350 1317 2377 γε
1328 2342 1382 2368 τῶν
1403 2341 1577 2376 Ἰσραηλιτῶν
1591 2342 1605 2367 ὁ
1623 2341 1677 2367 τῶν
1691 2341 1796 2376 ἀνθρω-

1005 2391 1090 2418 πείων
1119 2389 1212 2425 ψυχῶν
1231 2389 1389 2424 κηδόμενος,
1415 2388 1464 2422 τῆς
1493 2387 1636 2422 οἰκοδομῆς
1661 2387 1708 2414 τοῦ
1730 2387 1796 2414 ναοῦ

1004 2437 1087 2463 πολὺν
1104 2436 1218 2462 ποιεῖται
1233 2435 1278 2461 τὸν
1291 2434 1380 2468 λόγον.
1405 2433 1513 2468 Ἐπειδὴ
1522 2433 1576 2468 γὰρ
1584 2433 1724 2464 διετάξατο
1743 2433 1795 2467 μὲν

1003 2484 1031 2510 ἐν
1046 2483 1140 2518 ἐκείνῳ
1158 2482 1197 2517 τῷ
1220 2490 1249 2508 τε
1275 2482 1349 2516 τόπῳ
1374 2480 1421 2506 καὶ
1435 2480 1474 2515 τῷ
1503 2480 1559 2515 ναῷ
1585 2479 1724 2511 συνιόντας
1746 2480 1796 2515 τὴν

1003 2529 1178 2564 καθήκουσαν
1193 2527 1266 2562 αὐτῷ
1281 2528 1336 2558 τοῖς
1353 2527 1475 2561 νομικοῖς
1491 2525 1717 2561 παραγγέλμασιν
1728 2525 1795 2552 ἀκο-

1004 2573 1107 2605 λούθως
1121 2573 1274 2600 ἀποδιδόναι
1297 2571 1455 2607 θρησκείαν,
1468 2571 1512 2597 διὰ
1526 2570 1633 2597 πάντων
1645 2571 1674 2597 δὲ
1692 2571 1796 2599 τούτων

1007 2620 1053 2646 ἐπὶ
1073 2619 1122 2654 τῆς
1138 2618 1279 2649 εὐσεϐείας
1293 2617 1416 2644 ἐϐούλετο
1436 2616 1594 2652 συνέχεσθαι
1614 2616 1659 2642 τὸν
1670 2616 1746 2649 λαὸν,
1758 2617 1796 2648 ὼς

1008 2666 1041 2692 ἂν
1069 2665 1260 2700 προσηκόντως
1289 2664 1394 2692 ἐκεῖθεν
1423 2663 1494 2691 κατὰ
1520 2663 1613 2698 καιρὸν
1637 2663 1731 2698 ὀφθείη
1749 2662 1796 2689 τὸν

1007 2711 1101 2738 δέοντα
1117 2712 1186 2747 ὑπὲρ
1207 2712 1257 2746 τῆς
1283 2711 1410 2738 ἁπάντων
1427 2709 1562 2745 σωτηρίας
1577 2710 1591 2736 ό
1610 2709 1748 2743 Δεσπότης
1765 2709 1797 2736 τὸ

1008 2756 1078 2784 κατὰ
1107 2757 1196 2792 σάρκα
1227 2757 1353 2793 Χριστὸς,
1379 2756 1534 2790 ἀναγκαίως
1551 2755 1601 2790 τῆς
1623 2755 1795 2790 κατασκευῆς

1009 2803 1167 2839 ἐπιμέλειαν
1180 2804 1296 2830 ἐποιεῖτο
1314 2803 1362 2830 τοῦ
1377 2803 1451 2836 ναοῦ,
1472 2802 1509 2834 ὡς
1526 2802 1559 2829 ἂν
1572 2802 1586 2828 ό
1602 2800 1665 2832 λαδς
1685 2801 1729 2828 διὰ
1745 2801 1794 2837 τῆς
