1981 3073
119 162 175 190 οτι

613 161 892 190 COMMENTARIUS
909 161 943 189 1N
962 156 1079 189 AGGIEI
1096 161 1172 188 CAP.
1186 159 1205 186 Ι.

1700 154 1732 182 ιτ
1737 155 1754 181 ὃ

121 224 153 250 ἐν
164 221 238 258 αὐτῷ
248 220 410 255 συναγωγῆς
416 219 464 256 τὴν
477 219 615 255 βελτίωσιν
627 219 740 255 δέχοιτο,
752 219 822 255 ὑπὲρ
830 219 913 246 ἀπάν-
928 243 930 249 ,

981 217 1097 252 iusmodi
1110 218 1180 244 Deus
1201 215 1307 251 recipit,
1320 223 1374 243 non
1390 214 1454 250 quia
1474 214 1532 249 ipse
1547 212 1592 240 his
1601 217 1688 248 egeat.
1706 212 1754 239 sed

123 277 191 299 των,
218 269 257 300 ὠς
280 268 357 303 ἔφην,
373 267 523 303 ἀνθρώπων
538 266 588 300 τῆς
606 266 676 293 οὓτω
703 266 803 302 πολλῆς
818 276 848 292 τε
870 266 917 292 καὶ

126 316 261 350 μεγίστης
280 314 439 348 ἀξιούμενος
467 312 641 347 ἐπιμελείας*
671 312 710 344 ὡς
735 312 789 348 γάρ
818 311 918 338 θυσιῶν

125 362 254 396 ἀνέχεται
266 361 313 387 καὶ
326 359 381 386 τῶν
391 359 479 385 ἄλλων
489 358 520 392 δὴ
531 358 584 384 τῶν
598 357 725 384 τοιούτων
734 358 748 384 ό
756 358 831 389 Θεὸς,
842 357 919 383 οὐθὲν

125 408 229 434 τούτων
233 407 357 442 δεόμενος
363 405 489 438 καθάπαξ
496 404 576 436 αὐτὸς
582 405 624 430 διὰ
632 404 680 439 τὴν
685 405 701 438 ἡ
707 404 769 439 μετέ
772 413 821 439 ραν
826 404 920 438 χρείαν

127 456 168 487 (p.
177 452 240 487 M2)
249 451 320 478 οὕτω
330 451 377 477 καὶ
402 450 452 484 τῆς
471 450 534 484 περὶ
545 449 591 475 τὸν
599 449 661 475 ναὸν
668 450 755 484 εἴχετο
769 448 917 483 φροντίδος,

126 500 177 534 οὐχ
184 497 282 525 ἑαυτοῦ
289 505 320 531 γε
327 497 429 528 ἕνεκεν,
437 496 492 522 ἀλλ’
502 496 571 530 ὑπὲρ
577 495 699 525 ἐκείνων.
708 494 754 526 οὓς
760 494 854 520 αὐτόοι
863 502 921 520 συν-

129 545 200 571 ιέναι
207 552 236 570 τε
250 544 298 569 καὶ
307 542 355 577 τὴν
362 541 535 577 καθήκουσαν
546 540 584 576 τῷ
597 540 656 575 Θεῷ
667 539 812 575 θεραπείαν
825 539 919 566 ἀποδι-

129 590 203 617 δόναι
213 590 348 624 προσῆκον
359 586 392 623 ἦν
403 588 472 622 ὑπὲρ
482 587 608 613 ἁπάντων
616 594 647 620 γε
658 584 818 620 ἀνθρώπων,
827 585 919 620 ὥσπερ

129 635 176 662 οὖν
189 635 274 670 ἔφθην
285 634 402 669 πρόσθεν
417 632 512 660 εἰπών.
533 633 608 667 Ἔχει
622 632 651 658 δέ
667 639 727 657 τινα
742 631 790 658 καὶ
805 632 920 666 μήνυσιν

967 265 1112 292 utilitatum
1131 267 1287 291 nostrarum
1308 269 1409 292 causa;
1426 262 1467 289 sic
1491 262 1570 288 etiam
1589 259 1679 294 templi
1703 263 1755 285 stu-

966 311 1041 337 dium
1068 318 1124 345 pra:
1146 318 1175 337 se
1190 309 1303 339 ferebat,
1318 316 1372 335 non
1391 307 1517 343 equidem
1544 307 1587 335 sui
1602 305 1754 341 gratia,sed

966 357 1134 388 indecorum,
1162 364 1231 391 quos
1256 355 1312 382 illic
1332 354 1492 389 congregari
1517 353 1674 388 justamque
1700 349 1755 376 Deo

968 403 1128 437 religionem
1144 403 1308 437 persolvere.
1327 400 1477 436 prat271
1495 399 1611 430 ueteris,
1627 401 1657 424 ut
1674 395 1756 432 paulo

971 453 1033 477 ante
1049 449 1117 481 dixi,
1127 448 1294 479 hominibus,
1305 454 1412 482 aequum
1426 449 1494 472 erat.
1508 444 1670 471 Futurarum
1686 449 1756 477 prae-

971 501 1045 522 terea
1060 502 1152 521 rerum
1182 494 1286 520 mentio
1301 493 1391 526 aliqua
1411 491 1438 518 in
1454 489 1546 517 libello
1568 492 1625 522 est;
1640 494 1756 522 quarum

972 540 1097 566 notitiam
1126 547 1159 567 ex
1187 539 1255 574 ipsis
1291 538 1400 572 scriptis
1430 542 1594 571 cognoscere
1633 535 1756 567 przestat.

972 584 1028 612 Hoc
1042 589 1083 612 est
1098 585 1180 619 igitur
1188 588 1377 620 argumentum
1392 581 1465 614 libri,
1481 580 1592 615 quijam
1601 578 1758 613 singillatim

972 631 1159 665 explanandns
1174 636 1227 658 est.

130 683 268 718 ἐσομένων
281 681 311 708 τὸ
326 681 436 716 βιϐλίον,
455 681 508 707 τῶν
521 681 585 714 περὶ
601 679 646 706 τὸν
659 678 721 713 Γὼγ
738 678 819 713 φημὶ,
833 679 866 714 ἢν
882 671 930 704 ἀπ’
944 678 1034 705 αὐτῶν
1047 679 1101 706 τῶν
1117 679 1316 715 γεγραμμένων
1332 676 1442 712 ἄμεινον
1463 676 1511 702 ἴδοι
1525 683 1566 706 τις
1581 674 1627 701 ἄν·
1641 673 1698 700 ἀλλ’
1713 669 1759 700 οῦ·

130 740 177 763 τος
192 731 241 766 μὲν
251 731 265 757 ὁ
275 729 321 757 τοῦ
334 729 435 765 βιϐλίου
451 728 560 759 σκοπός.
576 727 743 763 Προσεκτέον
756 726 785 753 δὲ
796 727 853 758 τοῖς
864 726 934 753 κατὰ
948 726 1030 761 μέρος
1048 727 1149 753 λοιπόν.

465 776 542 802 ΚΕΦ.
554 776 591 801 Λ’.

169 824 243 859 Στίχ.
260 827 296 855 α’,
309 823 342 858 β’.
356 832 387 844 :—
404 832 414 848 ε
435 823 479 849 Ἐν
496 821 584 856 δὲάτῷ
608 821 725 856 δευτέρῳ
739 821 793 846 ἔτει
813 820 858 846 ἐπὶ
869 821 920 845 Δα-

135 870 207 906 ρείου
226 869 272 896 τοῦ
301 869 442 904 βασιλέως,
461 869 491 895 ὲν
507 867 546 901 τῷ
567 867 631 902 μηνὶ
653 865 690 900 τῷ
704 866 787 901 ἕκτῳ,
805 866 852 901 μιᾷ
873 865 919 891 τοῦ

136 915 220 952 μηνὸς
236 915 344 949 ἐγένετο
365 914 442 948 λόγος
455 914 557 948 Κυρίου
576 912 606 937 ὲν
628 912 699 946 χειρὶ
725 910 852 945 ’Λγγαίου
873 909 920 936 τοῦ

136 962 281 997 προφήτου
301 961 406 994 λέγων·
424 969 434 986 ι
461 961 491 987 ὲν
512 959 629 994 δευτέρῳ
656 957 705 992 μὲν
733 957 786 983 ἔτει
808 957 920 991 Δαρείου

137 1007 250 1042 Περσῶν
274 1006 459 1041 βασιλεύοντος
483 1004 530 1031 τοῦ
555 1004 682 1040 τετάρτου
699 1003 767 1038 μετὰ
782 1002 872 1037 Κύρον
892 1002 922 1033 ὃς

138 1052 244 1087 πρῶτος
262 1051 360 1086 Μήδων
385 1058 416 1076 τε
439 1049 487 1076 καὶ¹
503 1049 615 1083 Περσῶν
630 1048 699 1074 κατὰ
724 1047 818 1074 ταυτὸν
833 1046 922 1073 ἐϐασί-

136 1097 242 1127 λευσεν,
258 1095 494 1131 ἐπανεληλυθότων
509 1095 559 1130 ἤδη
571 1095 611 1125 είς
622 1093 657 1119 τὰ
667 1094 755 1119 οἰκεῖα
768 1093 821 1119 τῶν
830 1101 859 1118 τε
872 1092 923 1126 τῆς

144 1143 230 1170 Ἰούδα
244 1143 330 1177 φυλῆς
347 1141 456 1169 καὶτῶν
471 1141 571 1167 λοιπῶν
590 1141 682 1167 ὁπόσοι
692 1148 744 1175 περ
759 1139 849 1170 αὐτοῖς
862 1147 921 1166 συν-

139 1189 259 1218 ανελθείν
275 1188 429 1224 προθυμίαν
446 1187 534 1222 ἔσχον,
551 1187 597 1213 καὶ
611 1186 643 1221 δὴ
657 1186 704 1212 καὶ
722 1185 770 1220 τῆς
792 1185 924 1220 Ἰερουσα-

138 1234 194 1270 λὴμ
210 1233 398 1268 ἀπειληφότων
425 1232 474 1268 τὴν
497 1232 613 1267 οἴκησιν,
636 1232 760 1265 Ἀγγαῖον
775 1230 821 1256 τὸν
837 1229 924 1265 μακά-

141 1288 199 1314 ριον
210 1279 350 1314 προφήτην
378 1277 572 1312 ἀποκαλύψεως
589 1276 719 1311 ἠξιῶσθαι
736 1276 810 1307 θείας
831 1275 923 1311 φησὶν,

140 1326 187 1352 ἐπὶ
197 1325 236 1360 τῷ
249 1325 297 1360 τὴν
310 1324 365 1351 τῶν
375 1324 566 1360 προσηκόντων
581 1323 697 1355 διάλεξιν
711 1323 779 1358 προς
794 1322 857 1353 τοὺς
877 1323 925 1348 ἀν-

140 1371 302 1406 εληλυθότας
328 1370 490 1405 ποιήσασθαι
516 1369 570 1396 τῶν
600 1369 743 1402 Ἰουδαίων,
759 1369 807 1395 καὶ
826 1367 879 1403 πρό
894 1376 925 1401 γε

140 1417 194 1442 τῶν
210 1417 296 1443 ἄλλων
307 1417 357 1451 τῆς
371 1416 512 1451 οἰκοδομῆς
527 1415 746 1450 καταμελοῦντας
759 1413 865 1448 ἐλέγξαι
879 1413 929 1440 τοῦ

140 1462 216 1492 ναοῦ,
233 1462 263 1488 ὃν
276 1461 307 1496 δὴ
326 1462 442 1496 μάλιστα
454 1460 683 1495 ἐπανεληλυθότας
697 1460 751 1486 ἀπὸ
766 1460 815 1495 τῆς
827 1459 929 1494 αίχμα-

140 1508 242 1538 λωσίας
264 1508 332 1542 μετά
348 1507 447 1542 πολλῆς
466 1507 604 1540 ἀνεγεῖραι
620 1506 668 1541 τῆς
679 1505 830 1541 προθυμίας
845 1513 928 1540 προσ-

140 1553 208 1588 ῆκον
304 1551 527 1588 Ἑπιτημαίνεται
554 1551 582 1578 δὲ
608 1552 655 1577 καὶ
672 1551 716 1577 τὸν
731 1551 802 1586 μῆνα
817 1551 864 1577 καὶ
878 1550 926 1585 τὴν

141 1598 249 1633 ἡμέραν
267 1598 327 1624 καθ’
342 1599 374 1633 ἣν
399 1597 428 1630 ὲξ
455 1596 648 1631 ἀποκαλύψεως
663 1596 737 1628 θείας
752 1598 765 1623 ό
787 1597 928 1632 προφήτης
942 1592 962 1621 C

142 1646 244 1680 ἐχρῆτο
255 1646 312 1676 τοῖς
324 1645 391 1680 πρὸς
415 1644 556 1675 Ἰουδαίους
578 1643 677 1677 λόγοις,
692 1643 774 1674 ὼςᾶν
792 1642 927 1677 τεταγμέ-

143 1702 197 1724 νως
207 1692 318 1725 δείξειεν
334 1693 407 1723 ὅπως
423 1692 470 1727 μὲν
487 1691 578 1722 αὐτοῖς
591 1691 628 1724 (p.
645 1690 707 1723 415)
721 1690 768 1724 τῆς
785 1688 929 1722 οἰκοδομῆς

145 1737 276 1772 ἀμελοῦσι
291 1737 338 1764 τοῦ
353 1737 416 1763 ναοῦ
431 1737 464 1763 τὰ
477 1737 626 1772 πράγματα
640 1735 791 1762 διακεῖσθαι
804 1734 929 1761 συνέϐαι-

144 1791 200 1815 νεν,
222 1784 286 1817 ὅσην
311 1783 339 1809 δὲ
370 1783 536 1818 μετάστασιν
558 1782 603 1808 ἐπὶ
629 1780 660 1807 τὸ
683 1781 806 1815 κρεῖττον
831 1779 930 1806 ἔλαϐον

146 1829 266 1864 ὁπηνίκα
280 1828 329 1862 τῆς
342 1827 406 1863 περὶ
417 1827 461 1854 τὸν
473 1826 536 1854 ναὸν
549 1825 693 1860 οἰκοδομῆς
710 1825 760 1860 τὴν
779 1825 932 1860 προσήκου-

148 1882 198 1900 σαν
216 1873 287 1910 ἒχειν
297 1873 412 1908 ἡρξαντο
428 1873 564 1909 φροντίδα.
583 1871 648 1898 Τίνα
669 1871 697 1897 δὲ
711 1868 745 1906 ἦν
758 1870 829 1906 ἅπερ
846 1870 932 1896 εἰπεῖν

149 1921 217 1955 πρὸς
231 1920 328 1951 αὐτοὺς
345 1921 360 1946 ὁ
373 1920 514 1954 προφήτης
534 1917 678 1954 ἐκελεύσθη
697 1917 773 1952 παρὰ
788 1916 835 1942 τοῦ
853 1916 932 1949 Θεοῦ,

149 1966 214 2000 ἑξῆς
227 1965 317 2000 φησίν.
331 1975 341 1991 ‹
354 1965 435 1992 Εἰπὸν
444 1965 511 2000 1:943;
526 1963 676 1999 Ζοροϐάῦελ
686 1963 732 1990 τὸν
743 1962 789 1989 τοῦ
801 1961 934 1997 Σαλαθιὴλ

150 2014 184 2039 ὲκ
199 2013 283 2047 φυλῆς
303 2011 397 2042 Ἰούδα,
413 2011 460 2037 καὶ
479 2011 545 2045 πρὸς
567 2009 669 2044 Ἰησοῦν
688 2010 733 2037 τὸν
747 2009 793 2036 τοῦ
813 2008 935 2035 Ἰωσεδὲκ

151 2059 196 2085 τὸν
210 2059 284 2094 ἱερέα
296 2057 341 2084 τὸν
353 2057 438 2093 μέγαν
450 2057 539 2090 λέγων
552 2066 557 2072 ·
573 2055 641 2082 Τάδε
657 2055 730 2090 λέγει
745 2055 847 2090 Κύριος
868 2063 936 2081 παν-

152 2105 293 2140 τοκράτωρ
308 2103 408 2137 λέγων·
427 2104 456 2130 '0
470 2103 532 2134 λαὺς
547 2099 621 2133 οὗτος
629 2101 762 2134 λέγουσιν,
778 2101 834 2135 Οὐχ
850 2100 912 2134 ἦκει
922 2100 936 2126 ό

154 2151 248 2186 καιρὸς
260 2150 307 2177 τοῦ
321 2149 494 2185 οίκοδομῆσαι
517 2149 562 2174 τὸν
583 2146 656 2174 οἷκον
664 2148 777 2183 Κυρίου.
792 2156 802 2172 ι
824 2146 937 2173 Κελεύει

153 2199 208 2234 γὰρ
222 2197 297 2232 αὐτῷ
308 2199 376 2233 πρός
392 2205 422 2224 τε
436 2196 479 2223 τὸν
492 2194 641 2230 Ζοροὸἀὸελ
650 2194 679 2225 ὃς
686 2193 736 2227 τῆς
753 2192 837 2219 Ἰούδα
851 2191 938 2226 φυλῆς

155 2244 296 2279 ὑπάρχων,
305 2244 336 2270 ἔκ
344 2253 372 2269 τε
380 2242 426 2270 τοῦ
439 2242 571 2277 μακαρίου
580 2240 660 2267 deuia
672 2239 857 2273 καταγόμενος
868 2237 938 2264 κατά

153 2289 204 2320 τὰς
211 2287 376 2322 ἐπαγγελίας
389 2287 440 2318 τὰς
455 2286 528 2317 θείας
551 2285 694 2312 ἐϐασίλευε
708 2284 768 2310 τότε
781 2282 829 2309 τοῦ
852 2281 918 2308 λαοῦ
931 2291 939 2298 σ

156 2334 203 2360 καὶ
231 2333 286 2368 μὴν
302 2333 348 2359 καὶ
368 2331 436 2367 πρὸς
457 2331 502 2357 τὸν
524 2330 646 2357 Ἰωσεδὲκ
662 2328 776 2363 Ἰησοῦν,
797 2327 827 2359 ὃς
848 2327 942 2361 τὸτῆς

156 2378 359 2414 ἀρχιερωσύνης
369 2377 448 2416 ἔργον
462 2376 607 2412 ἀκολουθίᾳ
622 2376 717 2409 γένους
731 2374 802 2401 κατά
815 2373 863 2409 τὴν
876 2373 942 2400 Mur

158 2425 255 2460 σαῐκὴν
271 2423 392 2455 διάταξιν
412 2423 443 2449 ὲκ
463 2422 509 2448 τοῦ
535 2421 638 2456 Ἀαρὼν
658 2420 843 2455 καταγόμενος
866 2420 942 2445 ἐκτε-

157 2471 213 2496 λεῖν
225 2470 413 2499 ἐπεπίστευτο,
427 2468 512 2494 εἰπεῖν
529 2466 615 2493 ταῦτα
633 2466 704 2501 ἅπερ
719 2463 766 2492 οὖν
783 2465 827 2491 ἐπ’
840 2465 944 2499 ἐλέγχῳ

158 2517 207 2551 τῆς
223 2515 287 2550 περὶ
304 2514 349 2540 τὸν
363 2513 425 2540 ναὺν
441 2512 487 2539 τοῦ
505 2512 569 2538 λαοῦ
588 2511 723 2548 ῥᾳθυμίας
741 2509 844 2541 διδάξαι
862 2517 946 2544 προσ-

159 2561 225 2595 ῆκον
241 2558 284 2595 ἦν.
296 2559 389 2585 Ταῦτα
413 2558 467 2594 γὰρ
493 2558 525 2592 δὴ
556 2558 624 2593 πρὸς
645 2557 754 2588 τούτους
772 2555 888 2590 μάλιστα
909 2554 948 2585 ὡς

160 2606 327 2642 ἡγουμένους
353 2605 464 2636 εἰκότως
478 2604 598 2638 ἐλέγετο·
621 2603 669 2630 ἆτε
687 2602 733 2629 καὶ
756 2602 819 2632 τοὺς
838 2600 947 2631 λοιποὺς

160 2652 302 2687 διεγείρειν
329 2650 376 2677 ἐπὶ
398 2650 428 2676 τὸ
443 2651 558 2685 πρᾶγμα
579 2649 745 2683 ὀφείλοντας,
759 2647 881 2682 φαίνεται
896 2645 947 2671 οὐκ

161 2699 252 2728 αὐτοῖς
275 2698 304 2724 έν
319 2696 356 2731 τῷ
371 2696 442 2730 λόγῳ
467 2695 722 2730 καταμεμφόμενος,
737 2693 802 2720 ἀλλὰ
818 2692 857 2727 τῷ
868 2691 925 2726 λαῷ
937 2699 944 2706 ·

162 2745 199 2775 ὡς
210 2743 287 2776 δῆλον
301 2740 370 2768 εἶναι
381 2742 453 2768 ὅτιοὶ
467 2741 514 2776 μὲν
529 2741 579 2776 τὴν
594 2741 781 2776 προσήκουσαν
797 2737 868 2774 εἶχον
883 2737 947 2772 περὶ

163 2790 192 2816 τὸ
224 2790 341 2825 πρᾶγμα
370 2787 532 2823 προθυμίαν,
550 2789 587 2822 (p.
604 2787 666 2820 414)
697 2786 813 2813 ἐκτελεῖν
829 2785 858 2811 δὲ
878 2785 946 2819 ὅπερ

1310 772 1384 800 CAP.
1406 772 1424 798 I.

1009 820 1090 848 Vens.
1109 821 1134 851 Ι,
1149 821 1177 846 2.
1197 833 1232 838 —-
1251 828 1260 844 ε
1280 818 1360 845 Anno
1373 817 1444 844 Darii
1471 815 1611 850 mgnantis
1627 812 1760 842 secundo.

974 875 1067 894 mense
1083 871 1169 896 sexto,
1184 864 1228 891 die
1249 871 1301 891 una
1331 863 1439 897 (prima)
1463 861 1576 892 mensis,
1607 859 1696 886 factus
1719 862 1763 884 t'sl

936 925 957 952 Β
973 921 1062 941 sermo
1077 912 1181 939 Domini
1207 911 1234 937 in
1251 918 1332 937 manu
1349 909 1444 944 Aggaei-
1457 907 1596 943 prophetae
1610 906 1705 933 dicens
1721 913 1726 930 :
1750 914 1759 929 ι

972 964 1044 986 anno
1062 957 1182 985 secundo
1204 956 1275 982 Darii
1299 955 1446 981 Persarum
1471 953 1554 987 regis,
1578 951 1669 986 quarti
1702 953 1764 984 [σει

972 1004 1070 1039 Cyrum
1096 1003 1172 1029 iiiltlll
1200 1002 1245 1035 qui
1270 1001 1375 1035 primus
1402 999 1541 1026 Medorum
1570 996 1652 1024 simul
1681 997 1763 1027 atque

973 1051 1117 1078 Persarum
1134 1049 1278 1083 imperium
1300 1050 1435 1077 tenuerat,
1453 1052 1515 1072 cum
1529 1043 1584 1078 jam
1608 1043 1636 1069 in
1647 1040 1762 1077 patriam

974 1104 1003 1124 se
1019 1096 1185 1131 recepissent
1199 1097 1331 1129 quotquot
1344 1101 1376 1120 ex
1388 1091 1464 1118 Judae
1477 1090 1550 1117 tribu
1562 1092 1590 1116 et
1602 1095 1634 1115 ex
1651 1086 1767 1120 reliquis

974 1146 1070 1178 sponte
1080 1130 1142 1168 cum
1159 1140 1204 1166 illa
1222 1139 1312 1166 redire
1320 1138 1596 1168 voluerant,cumque
1608 1132 1626 1159 ii
1637 1130 1765 1158 Hieroso-

975 1189 1109 1224 lymorum
1129 1186 1224 1213 urbem
1250 1185 1306 1219 jam
1336 1182 1497 1211 incolerent,
1524 1180 1623 1207 beatus
1651 1177 1767 1211 Aggaaus

975 1234 1107 1269 propheta
1131 1231 1222 1258 divina
1257 1229 1423 1257 revelatione
1448 1227 1626 1254 collustratus
1650 1223 1767 1253 dicitur;

976 1284 1006 1307 ut
1018 1279 1041 1307 is
1053 1278 1180 1306 nimirum
1196 1276 1310 1303 reduces
1321 1273 1431 1301 Judteos
1442 1271 1477 1300 de
1488 1271 1583 1299 ofﬁciis
1597 1269 1768 1298 admoneret,

977 1330 1057 1359 atque
1073 1324 1204 1359 apprime‘
1219 1320 1410 1357 negligentiam
1432 1326 1526 1346 eorum
1552 1317 1580 1344 iu
1607 1313 1768 1342 aediﬁcando

978 1371 1079 1406 templo
1095 1370 1262 1404 obiurgaret,
1288 1367 1335 1402 qui
1358 1373 1425 1394 sane
1441 1363 1578 1392 excitandi
1594 1362 1668 1389 illius
1679 1359 1767 1386 maxi-

979 1425 1052 1445 mum
1087 1415 1208 1443 studium
1234 1415 1394 1442 debuissent
1422 1416 1592 1445 expromere.
1628 1405 1770 1441 Signiﬁcat

978 1463 1061 1491 etiam
1073 1468 1193 1489 mensem
1210 1467 1241 1487 ac
1254 1460 1337 1491 diem,
1354 1464 1409 1492 quo
1428 1454 1579 1484 secundum
1597 1451 1643 1479 Dei
1665 1450 1769 1478 revela-

980 1508 1080 1535 tionem
1092 1506 1220 1541 propheta
1229 1504 1262 1531 ad
1273 1503 1401 1539 populum
1411 1501 1483 1536 loqui
1496 1507 1577 1528 orsus
1583 1494 1771 1526 estzutdeinde

965 1571 969 1576 ς
982 1553 1126 1581 ordinatim
1135 1552 1207 1578 dicat
1214 1549 1279 1585 quid
1287 1550 1327 1577 eis
1335 1547 1464 1575 acciderit
1474 1547 1509 1572 ob
1516 1545 1666 1579 neglectum
1678 1541 1768 1576 letnpii

979 1599 1301 1632 aediﬁciummuantoque
1313 1594 1423 1622 meliore
1443 1593 1470 1620 in
1485 1595 1555 1618 statu
1571 1595 1636 1616 tunc
1652 1587 1770 1619 fuerint,

979 1653 1040 1672 cum
1051 1648 1215 1672 structuram
1228 1641 1299 1667 illam
1310 1640 1393 1666 alacri
1408 1639 1499 1665 animo
1508 1643 1603 1671 urgere
1618 1636 1768 1668 cmperunt.

979 1690 1037 1718 Jam
1047 1696 1169 1724 quaenam
1184 1688 1217 1714 iis
1232 1686 1361 1722 propheta
1371 1684 1462 1711 dicere
1476 1691 1490 1708 ιι
1501 1681 1555 1708 Deo
1570 1679 1770 1713 jussusl’uerat.

981 1738 1008 1763 in
1019 1734 1195 1770 sequentibus
1205 1733 1343 1760 declarat:
1361 1739 1370 1755 ‹
1386 1730 1508 1764 Loquere
1528 1727 1560 1753 ad
1577 1724 1771 1753 Zorobabelem

982 1768 1137 1809 Salathieiis
1148 1779 1232 1806 tilium
1242 1779 1274 1805 de
1287 1777 1358 1804 tribu
1366 1775 1452 1807 Iudae,
1461 1778 1487 1801 et
1500 1773 1532 1800 ad
1543 1772 1635 1799 Jesttm
1650 1768 1773 1797 Josedeci

983 1829 1066 1855 ﬁlium
1076 1826 1244 1854 sacerdotem
1255 1822 1490 1858 magnum,dicens
1501 1829 1506 1846 :
1519 1819 1580 1846 Ilaec
1592 1819 1628 1845 ait
1637 1817 1766 1843 Dominus

982 1873 1154 1907 omnipotens
1162 1870 1272 1897 dicens:
1284 1867 1401 1901 Pupulus
1411 1867 1462 1894 iste
1470 1865 1547 1896 dicit,
1556 1863 1615 1890 Non
1624 1861 1697 1889 venit
1707 1865 1776 1887 tem-

983 1927 1034 1954 pus
1042 1915 1308 1945 azdilicandidonmm
1320 1909 1611 1940 Domininiilandatei,
1620 1907 1776 1935 ntZoroba-

985 1951 1037 1992 beli
1052 1963 1098 1998 qui
1114 1963 1147 1990 de
1157 1959 1397 1994 Judat272trihu
1410 1959 1531 1986 0rtus,ct
1545 1955 1578 1982 de
1586 1954 1655 1981 beati
1666 1951 1775 1981 Daxidis

985 1995 1113 2042 poste-ris,
1126 2004 1203 2038 juxta
1220 2002 1325 2028 divinas
1340 1999 1534 2034 promissiones
1547 1996 1676 2031 regnabat
1690 1995 1716 2020 in
1730 2001 1776 2028 po-

987 2038 1066 2086 pulo;
1079 2050 1141 2076 item
1148 2047 1212 2075 Jesu
1221 2045 1344 2073 Josedeci
1354 2044 1418 2075 tilio,
1432 2043 1476 2070 cui
1488 2040 1665 2069 sacerdotalis
1674 2038 1775 2074 operis,

987 2097 1022 2123 ob
1032 2095 1129 2123 seriem
1138 2093 1244 2128 generis
1252 2093 1330 2126 juxta
1337 2089 1482 2116 Mosaicam
1491 2087 1724 2114 constitutionen't,
1732 2088 1777 2110 ut—

988 2145 1051 2177 pote
1061 2147 1091 2167 ex
1101 2138 1209 2165 Aarone
1218 2135 1346 2166 oriundo,
1355 2132 1556 2161 administratio
1565 2130 1710 2157 commissa
1720 2129 1779 2155 rue-

988 2175 1041 2218 rat,
1050 2185 1158 2213 mandat
1170 2184 1225 2210 haec
1237 2183 1327 2210 dicere
1339 2188 1399 2215 quae
1408 2179 1440 2206 ad
1448 2176 1696 2213 reprehendendam
1706 2175 1778 2202 circa

991 2233 1121 2267 templum
1131 2229 1272 2265 segnitiem
1287 2234 1348 2262 apta
1360 2231 1446 2254 erant.
1458 2225 1543 2252 Porro
1556 2224 1613 2251 hac
1629 2221 1778 2257 praesertim

993 2278 1109 2306 ducibus
1127 2275 1224 2303 merito
1244 2273 1416 2304 dicebantur,
1431 2271 1477 2306 qui
1498 2270 1631 2304 reliquum
1650 2267 1781 2302 populum

993 2325 1027 2353 ad
1046 2331 1115 2359 opus
1128 2321 1304 2350 exstimuiare
1317 2319 1453 2347 debebant
1467 2328 1473 2345 :
1489 2322 1517 2344 et
1532 2315 1707 2344 nihilominus
1725 2322 1778 2340 non

993 2377 1047 2399 tam
1061 2370 1146 2398 duces
1161 2375 1242 2402 quam
1259 2366 1387 2402 populum
1401 2364 1547 2398 objurgare
1562 2361 1693 2397 propheta
1707 2360 1780 2386 vitle-

993 2420 1049 2449 tur;
1076 2414 1220 2442 constabat
1231 2412 1303 2439 enim
1314 2411 1400 2438 duces
1411 2409 1618 2437 convenientem
1630 2406 1721 2441 operis
1732 2414 1782 2432 cu-

994 2469 1051 2489 ram
1069 2460 1203 2496 gessisse,
1220 2457 1290 2484 haud
1309 2461 1398 2483 tamen
1415 2455 1470 2481 voti
1487 2457 1627 2488 compotes
1649 2451 1724 2482 ﬁeri.
1739 2459 1782 2478 rv-

995 2512 1095 2535 mtente
1112 2505 1211 2541 populo
1225 2504 1258 2531 ad
1279 2503 1304 2530 id
1319 2502 1458 2536 cooperari
1476 2510 1482 2528 :
1497 2499 1674 2535 quamobrem
1691 2497 1733 2524 his
1749 2504 1780 2523 ea

995 2561 1055 2589 quae
1066 2553 1099 2579 ad
1118 2551 1207 2586 populi
1226 2549 1441 2584 objurgationem
1467 2546 1640 2582 pertinebant
1655 2545 1730 2576 dicit,
1751 2547 1782 2569 nt

995 2603 1022 2628 et
1039 2599 1091 2634 ipsi
1105 2597 1191 2631 magis
1206 2596 1236 2622 ad
1250 2603 1317 2630 opus
1336 2593 1532 2624 excitarentur,
1546 2595 1572 2619 et
1587 2591 1703 2626 populus
1717 2597 1783 2616 con-

996 2651 1089 2680 gruam
1105 2642 1303 2676 correptioncm
1318 2639 1465 2673 acciperet,
1485 2645 1539 2672 quo
1556 2636 1629 2664 omni
1643 2636 1784 2663 alacritate

998 2689 1105 2719 aediﬁcii
1122 2688 1262 2715 laboribus
1274 2687 1420 2716 instarent.
1433 2684 1546 2719 suisque
1568 2683 1684 2709 ducibus
1699 2681 1783 2708 multa

999 2744 1060 2763 cum
1076 2734 1214 2762 docilitate
1228 2732 1380 2763 obedirent,
1403 2734 1537 2765 quatenus
1559 2729 1611 2756 sibi
1627 2728 1678 2754 hoc
1698 2727 1724 2753 in
1738 2734 1785 2753 ne-

1001 2782 1075 2818 gotio
1094 2780 1282 2816 prazciperent,
1301 2781 1430 2811 tanquam
1447 2775 1578 2810 Deijussa
1598 2773 1721 2801 iacturis.

169 2814 190 2816 νὴ
228 2814 272 2825 ⁷⁷1⁷⁷
288 2814 308 2823 ΙΙ
326 2814 332 2816 ⁷
393 2814 399 2823 Ι
459 2814 466 2823 Ι
526 2814 532 2820 ’
552 2814 569 2822 ιι
659 2814 664 2820 1
931 2814 937 2819 ι
1003 2814 1014 2818 ν
1095 2814 1103 2816 μ

164 2833 303 2861 ἐϐούλοντο
324 2833 462 2864 ἀδυνάτως
482 2830 568 2867 εἶχον,
579 2832 628 2858 οὐκ
649 2830 784 2861 ἐθέλοντος
808 2829 898 2859 αὐτοῖς
917 2827 964 2854 τοῦ
987 2826 1053 2853 λαοῦ
1075 2825 1144 2860 πρὸς
1158 2824 1235 2850 τοῦτο
1249 2822 1448 2858 συμπράττειν·
1463 2820 1557 2856 διόπερ
1574 2819 1679 2849 τούτοις
1696 2817 1728 2843 τὰ
1742 2814 1786 2841 ἐπ’

165 2879 269 2915 ἐλέγχῳ
285 2878 333 2906 τοῦ
351 2878 417 2906 λασοῦ
443 2877 610 2905 συντείνοντα
631 2876 714 2910 λέγει,
730 2876 767 2908 ὡς
783 2875 816 2902 ἂν
829 2871 903 2902 οὗτοί
918 2881 947 2900 τε
961 2873 1059 2908 μᾶλλον
1075 2872 1120 2898 ἐπὶ
1134 2871 1164 2898 τὸ
1179 2870 1258 2906 ἔργον
1276 2867 1448 2904 διεγερθεῖεν,
1470 2868 1588 2894 κάκεῖνοι
1602 2865 1629 2891 δὲ
1646 2863 1789 2898 διόρθωσιν
