1981 3073
214 178 261 206 I79

814 175 988 204 THEODORI
1009 177 1245 206 MOPSUESTENI

1772 178 1827 208 480

211 236 330 271 δέξαιντο
347 237 396 273 τὴν
409 237 596 272 προσήκουσαν
605 255 612 267 ,
632 236 672 268 είς
687 235 716 263 τὸ
732 236 805 272 πάσῃ
818 237 852 272 τῇ
865 235 1003 271 προθυμίᾳ
1018 235 1053 261 τὰ
1071 236 1239 263 συντείνοντα
1255 237 1295 268 είς
1310 236 1359 272 τὴν
1373 236 1517 273 οίκοδομὴν
1528 237 1574 264 τοῦ
1588 237 1653 264 ναοῦ
1667 237 1827 274 διαπράττεμ

211 284 283 316 σθαι,
300 283 347 310 καὶ
363 282 432 318 μετὰ
456 281 556 317 πολλῆς
577 290 609 316 γε
626 281 764 308 πείθεσθαι
780 283 836 313 τοῖς
853 281 1013 316 ἡγουμένοις
1029 281 1077 316 τῆς
1101 282 1288 317 ἑτοιμότητος,
1304 282 1372 318 πρὸς
1396 282 1468 318 ἅπερ
1485 283 1518 310 ἂν
1539 283 1631 312 αὐτοῖς
1652 283 1716 319 περὶ
1730 283 1828 311 τούτου

210 330 366 362 κελεύωσιν,
386 330 424 362 ὡς
440 330 510 356 κατὰ
525 329 652 364 βούλησιν
667 329 742 356 θείαν
754 329 784 356 τὸ
799 329 937 363 ἐπίταγμα
952 328 1133 363 ποιουμένοις.

248 376 328 404 Vsus.
342 376 402 404 3-5.
415 391 451 396 -
461 375 520 403 lam
529 383 595 403 vero
606 375 638 402 ad
654 375 743 411 populi
753 375 989 410 reprehensionem

1078 375 1152 410 Στίχ.
1168 379 1240 409 γ’-ε’.
1254 391 1289 396 --
1298 376 1320 402 Τ
1323 376 1471 412 ρεπόμενος
1490 377 1518 404 δὲ
1534 376 1580 403 ἐπὶ
1593 376 1638 403 τὸν
1657 376 1767 412 ἔλεγχον
1779 378 1828 405 τοῦ

210 430 371 452 conversus,
387 423 518 457 prmelare
533 430 566 450 ex
594 422 714 457 ipsorum
732 422 858 449 simulata
876 428 992 448 excusa-

210 470 283 496 tione
296 468 403 496 initium
420 469 506 501 ducit,
516 476 569 504 qua
584 472 701 499 utentes.
716 467 839 502 specioso
848 475 909 495 cum
923 475 992 501 prae-

211 519 287 542 textu
302 515 496 542 existimabant
512 522 542 542 se
557 521 637 549 posse
658 521 727 548 opus
741 513 888 548 negligere.
910 513 993 540 Aiunt

209 560 294 592 enim,
324 560 422 595 inquit,
454 559 575 587 nondum
604 563 710 594 tempus
722 558 871 586 aedificandi
899 558 992 592 templi

211 606 316 638 adesse,
330 606 368 633 ita
383 611 413 633 ut
427 606 525 633 merito
550 611 658 632 cessare
674 604 708 631 ab
723 611 806 639 opere
825 604 990 631 viderentur.

211 651 313 679 Deinde
328 651 422 679 falsam
435 651 505 678 hanc
529 651 715 678 defensionem
729 657 882 684 coarguens
896 657 928 676 ex
945 657 992 677 ne-

210 698 296 732 quitia
310 701 397 724 orta-tu
421 697 457 724 ad
483 696 596 724 desidia:
623 696 762 724 obtentum
776 695 863 730 pergit
880 695 990 722 dicere:

213 753 223 769 ι
242 743 274 770 Et
297 743 397 770 factum
420 746 463 770 est
486 743 597 770 verbum
621 741 727 769 Domini
753 741 781 768 iu
809 741 992 776 manuAggazi

211 789 358 824 prophetas,
371 788 466 816 dicens
479 798 486 815 :
503 787 533 815 Si
547 793 653 822 tempus
663 787 773 822 quidem
801 787 878 815 vobis
892 791 934 815 est
949 788 993 815 ha-

211 835 312 862 bitandi
328 835 355 861 in
368 834 496 862 domibus
512 834 611 862 vestris
630 834 773 869 laqueatis.
786 834 884 861 doums
901 838 991 861 autem

211 880 268 907 haec
282 880 389 907 deserta
407 878 467 907 est?
481 889 490 905 ι
511 879 613 906 Deinde
637 880 676 906 ait
689 889 695 906 :
711 880 751 906 Ad
764 884 870 908 vestras
883 880 990 914 quidem

209 927 404 954 aediﬁcationes
420 926 515 953 scdulo
541 925 708 958 incumbitis,
737 933 807 960 quas
833 933 887 952 non
902 926 991 952 solum

209 972 331 1000 studiosa
343 979 424 1007 opera
437 972 574 1002 excitatis,
597 978 690 999 verum
707 971 788 998 etiam
811 972 876 998 totis
889 971 992 998 viribus

209 1018 350 1046 exornatis
369 1027 375 1045 :
389 1019 474 1045 solius
489 1023 578 1045 autem
604 1018 696 1053 templi
711 1018 869 1045 exstruendi
883 1022 990 1052 tempus

207 1065 298 1092 adhuc
312 1072 366 1092 non
378 1065 473 1091 adest?
495 1063 587 1099 Neque
606 1071 654 1091 vos
677 1063 769 1098 pudet,
785 1070 895 1091 causam
913 1064 990 1091 vobis

208 1110 351 1145 cujuslibet
362 1109 425 1136 boni
443 1109 538 1141 Deum,
553 1108 579 1135 in
594 1108 673 1143 273
686 1113 760 1135 tanta
771 1108 895 1136 vastitate
910 1109 992 1136 relin-

208 1156 304 1191 quere?
319 1156 355 1182 ita
371 1160 400 1182 ut
417 1159 514 1182 vestra:
525 1154 634 1190 quidem
647 1155 743 1181 domus
757 1162 811 1181 non
824 1154 991 1182 aedificentur

209 1201 407 1232 tantumtnodo,
433 1208 527 1228 verum
553 1201 632 1228 etiam
659 1201 734 1228 omni
761 1207 823 1227 cum
847 1201 991 1228 sedulitate

207 1250 374 1274 exornentur
387 1255 394 1279 ;
408 1253 469 1273 area
493 1253 557 1273 vero
585 1246 678 1280 templi
692 1253 805 1280 prorsus
823 1246 929 1273 deserta
944 1246 989 1278 sit,

208 1292 274 1318 nihil
287 1292 364 1319 vobis
379 1292 411 1318 ad
421 1291 480 1325 ejus
490 1295 655 1319 structuram
677 1292 803 1321 conferre
826 1294 988 1322 voleutibus.

210 1347 219 1362 ι
241 1337 273 1364 Et
285 1344 357 1365 nunc
372 1337 428 1364 haec
445 1337 510 1364 dicit
534 1337 663 1366 Dominus
687 1339 859 1374 omnipotens
873 1349 879 1367 :
897 1340 991 1369 Ponite

206 1382 290 1410 corda
305 1386 395 1410 vestra
408 1382 441 1409 ad
452 1383 512 1410 vias
526 1387 641 1411 vestras.
653 1393 663 1410 ι
678 1383 822 1420 Reputate,
838 1387 934 1422 inquit,
947 1395 991 1416 res

207 1432 323 1461 Vestras,
335 1433 362 1454 et
376 1428 447 1454 facta
473 1429 622 1463 explorate,
651 1431 698 1464 qui
725 1431 844 1459 divinum
859 1434 990 1468 templum

209 1475 364 1509 negligitis;
388 1478 415 1502 et
429 1482 553 1509 quisnam
577 1476 656 1503 vobis
681 1477 794 1511 proinde
816 1478 989 1513 comigeriut.

209 1520 285 1548 Patet
295 1527 386 1548 autem
400 1521 558 1555 prophetam
572 1522 703 1550 vocabulo
714 1523 884 1555 vite,i|lorum
897 1531 990 1559 opera,

210 1571 290 1601 prout
302 1567 380 1597 solet.
395 1566 548 1602 designare.

243 1651 326 1681 Vens.
345 1652 404 1680 6-8.
415 1667 451 1672 —
461 1652 558 1680 Postea
575 1653 642 1680 dicit
655 1662 662 1680 :
679 1663 688 1679 ι
704 1653 870 1683 Seminastis
885 1657 970 1684 multa
981 1677 989 1690 ,

207 1703 235 1727 et
251 1699 382 1727 intulistis
397 1706 484 1734 pauca
498 1708 504 1726 :
520 1699 688 1732 comedistis,
699 1704 726 1727 et
739 1708 794 1727 non
811 1701 844 1728 ad
861 1703 991 1730 saturita-

209 1750 263 1773 tem
278 1752 286 1771 :
305 1745 423 1778 bibistis,
437 1749 464 1773 et
477 1753 531 1772 non
544 1745 578 1772 ad
592 1746 750 1774 ebrietatem
764 1756 772 1774 :
788 1747 917 1776 induistis
931 1757 989 1781 vos,

207 1796 235 1819 et
248 1798 302 1818 non
317 1791 386 1818 estis
402 1791 528 1818 calefacti
547 1791 574 1818 in
591 1792 631 1819 eis
644 1800 651 1819 :
669 1798 695 1820 et
710 1793 757 1828 qui
773 1794 913 1822 mercedes
926 1803 992 1822 con-

207 1839 338 1874 gregabat
348 1857 355 1870 ,
372 1840 544 1866 coacervavit
555 1847 602 1866 eas
614 1839 642 1866 in
657 1841 795 1867 sacculum
810 1845 961 1876 pertusum.
978 1853 988 1869 ι

207 1884 406 1916 Considerate,
433 1885 460 1912 in
484 1889 613 1919 quantam
641 1892 739 1914 vestrae
767 1887 880 1922 ignavia:
906 1895 991 1916 causa

208 1930 379 1965 deveneritis'
389 1936 538 1966 egestatem
553 1937 581 1960 et
593 1933 632 1960 rei
647 1934 811 1961 necessaria:
825 1935 968 1969 penuriam
982 1944 989 1962 :

209 1976 248 2003 ita
264 1982 295 2004 ut
309 1977 343 2005 de
359 1979 453 2007 multis
469 1980 623 2007 seminibus
639 1981 768 2016 exiguum
784 1980 905 2008 fructum
931 1981 989 2007 col-

211 2021 344 2056 legeritis.
363 2028 389 2050 et
408 2031 497 2059 neque
517 2033 580 2052 esca
603 2033 692 2060 neque
714 2030 778 2060 potu
801 2034 890 2061 neque
904 2028 989 2054 vesti-

210 2071 301 2094 mento
317 2069 385 2095 satis
404 2069 457 2096 frui
476 2071 637 2104 potueritis,
659 2079 748 2107 neque
766 2077 909 2107 urgentem
924 2080 990 2109 ege-

208 2116 305 2140 statem
322 2114 422 2142 satiare
433 2135 440 2147 ,
457 2116 522 2150 quia
540 2117 617 2143 vobis
642 2117 798 2145 necessaria
821 2118 911 2146 omnia
940 2119 989 2146 de-

209 2157 328 2185 fuerunt.
352 2158 422 2186 Hinc
438 2161 520 2187 etiam
543 2161 690 2196 pensiones
714 2166 829 2195 vestrae,
854 2166 990 2198 quotquot

207 2201 332 2229 locandis
347 2204 420 2238 agris
435 2204 477 2232 vel
501 2205 564 2233 aliis
581 2206 740 2240 huiusmodi
756 2209 986 2242 comparavistis,

207 2246 241 2273 ad
259 2246 375 2274 nihilum
392 2249 509 2276 redacta:
530 2250 640 2277 fuerunt
657 2261 663 2278 :
681 2251 781 2278 etenim
804 2252 989 2287 pessumdatis

208 2291 342 2319 frui-tibus
359 2313 366 2324 ,
385 2302 419 2321 ne
439 2296 585 2329 pensiones
604 2296 714 2330 quidem
733 2304 747 2323 a
769 2298 987 2332 redemptoribus

207 2337 265 2363 dari
286 2339 432 2372 potuerint.
461 2339 538 2368 Sicut
550 2346 650 2373 autem
667 2342 693 2368 in
710 2350 840 2370 crumena
856 2349 902 2371 aut
920 2353 988 2379 pan-

1005 1052 1027 1080 Β

1044 420 1118 453 λαοῦ,
1133 421 1223 453 καλῶς
1237 423 1269 449 ἐκ
1281 423 1331 456 τῆς
1357 423 1550 458 πεπλασμένης
1571 422 1660 449 αὐτῶν
1680 423 1828 457 ἀπολογίας

1044 468 1159 494 ποιεῖται
1179 467 1227 503 τὴν
1250 468 1346 503 ἀρχὴν,
1362 466 1434 504 ᾗπερ
1453 468 1617 503 κεχρημένοι
1643 468 1828 504 εὐπροσώποις

1043 513 1205 548 καταμελεῖν
1225 513 1333 540 ἐδόκουν
1350 513 1397 540 τοῦ
1419 513 1511 549 ἔργου.
1524 513 1641 548 Λέγουσι
1653 515 1717 550 γὰρ,
1732 515 1826 550 φησὶν,

1042 558 1118 585 οὔπω
1133 559 1257 594 παρεῖναι
1273 558 1323 593 τῆς
1346 559 1488 594 οἰκοδομῆς
1506 559 1553 586 τοῦ
1567 559 1633 586 ναοῦ
1649 559 1695 586 τὸν
1718 561 1826 595 καιρὸν,

1042 604 1081 635 ὡς
1107 603 1141 631 ἂν
1171 604 1281 636 δικαίως
1305 604 1468 639 ἀμελοῦντες
1504 605 1640 639 φαίνοιντο
1661 604 1710 632 τοῦ
1734 605 1826 641 ἔργου.

1042 648 1107 676 Elea.
1123 650 1315 686 πεπλασμένην
1332 650 1450 685 ἐλέγχων
1461 650 1510 685 τὴν
1523 651 1670 684 ἀπολογίαν
1684 651 1716 677 ἐκ
1728 651 1828 683 κακίας

1042 695 1200 731 ηὑρημένην
1222 697 1262 728 εὶς
1278 696 1462 732 προκάλυμμα
1482 697 1530 732 τῆς
1548 697 1693 733 ῥᾳθυμίας,
1709 698 1806 732 ἐπάγει
1818 707 1826 714 ·

1045 751 1054 767 ι
1069 741 1124 768 Καὶ
1154 742 1261 776 ἐγένετο
1285 742 1363 776 λόγος
1385 742 1487 778 Κυρίου
1504 744 1533 770 ἐν
1546 744 1618 779 χειρὶ
1636 743 1763 778 Ἀγγαίου
1778 744 1827 770 τοῦ

1042 788 1180 822 προφήτου
1194 787 1280 822 λέγων
1292 796 1299 803 ·
1316 788 1347 814 El
1363 788 1457 823 καιρὸς
1472 788 1522 824 μὲν
1536 789 1600 823 ὑμῖν
1615 789 1674 815 ἐστι
1684 789 1731 815 τοῦ
1741 790 1828 816 οίκεῖν

1041 831 1070 858 ἐν
1083 832 1167 864 οίκοις
1179 832 1256 867 ὑμῶν
1268 832 1504 868 κοιλοστάθμοις,ό
1515 833 1544 860 δὲ
1553 831 1626 865 οἶκος
1637 830 1713 865 οὗτος
1727 833 1827 869 ἐξηρή-

1043 885 1130 912 μωται
1144 885 1152 909 ;
1173 886 1183 902 ι
1203 875 1272 905 Εἶτά
1289 871 1372 915 φησίν
1384 885 1391 892 ·
1408 878 1477 913 Περὶ
1493 878 1541 913 μὲν
1554 878 1603 910 τὰς
1619 878 1763 914 οἰκοδομὰς
1776 879 1826 910 τὰς

1041 921 1143 953 οἰκείας
1165 921 1252 954 οὕτως
1276 923 1469 954 ἐσπουδάκατε.
1496 924 1527 950 ού
1541 923 1621 959 μόνον
1638 923 1707 959 μετὰ
1725 923 1826 959 πολλῆς

1041 967 1124 1000 αὑτὰς
1139 968 1324 1004 ἀνεγείροντες
1337 969 1387 1002 τῆς
1396 969 1561 1005 προθυμίας,
1575 970 1642 997 ἀλλὰ
1658 970 1705 997 καὶ
1721 970 1825 997 καλλω-

1043 1013 1165 1045 πίζοντες
1180 1014 1264 1045 αὑτὰς
1280 1015 1329 1041 σὺν
1343 1015 1416 1051 πάσῃ
1433 1015 1546 1051 δυνάμει
1560 1016 1618 1051 ·τῷ
1631 1016 1660 1042 δὲ
1678 1016 1734 1051 ναῷ
1751 1016 1826 1052 μόνῳ

1041 1058 1136 1093 καιρὸς
1148 1059 1293 1094 οίκοδομῆς
1317 1060 1348 1086 οὐ
1367 1061 1514 1095 πάρεστιν;
1533 1061 1593 1088 οὐδὲ
1607 1061 1764 1096 αἰσχύνεσθε
1778 1062 1826 1088 τὸν

1041 1105 1130 1139 πάσης
1147 1104 1211 1140 ὑμῖν
1228 1105 1278 1140 τῆς
1295 1105 1430 1141 σωτηρίας
1445 1107 1529 1133 αἴτιον
1542 1107 1572 1133 ὲν
1585 1103 1708 1142 ίτοσαύτῃ
1721 1107 1825 1142 τυγχὰσ

1040 1158 1118 1177 νοντα
1135 1150 1316 1186 περιορῶντες
1331 1152 1443 1187 ἐρημίᾳ,
1458 1152 1497 1187 (p.
1507 1152 1570 1187 H5)
1586 1153 1623 1185 ὡς
1640 1153 1673 1180 τὰ
1691 1153 1740 1188 μὲν
1751 1154 1826 1188 οίκήο

1042 1205 1114 1232 ματα
1143 1197 1219 1232 ὑμῶν
1243 1197 1289 1224 καὶ
1311 1197 1449 1231 γεγονέναι
1466 1199 1535 1233 μετά
1549 1197 1580 1225 δὲ
1604 1199 1826 1226 κεκαλλωπίσθαι

1041 1242 1110 1276 μετὰ
1125 1242 1224 1278 πολλῆς
1248 1242 1318 1276 ἄγαν
1335 1242 1385 1276 τῆς
1412 1243 1580 1278 ἐπιμελείας,
1602 1243 1649 1271 τοῦ
1660 1244 1724 1272 ναοῦ
1737 1244 1766 1272 δέ
1778 1245 1824 1271 τὸν

1039 1287 1121 1313 τόπον
1130 1287 1232 1322 ἐρημίᾳ
1243 1286 1438 1322 παραδεδόσθαι
1452 1287 1503 1320 ἔτι,
1513 1288 1598 1323 μηθὲν
1611 1289 1688 1324 ὑμῶν
1697 1290 1736 1320 είς
1749 1290 1823 1316 οίκο-

1040 1332 1124 1367 δομὴν
1141 1332 1222 1359 αὑτοῦ
1248 1331 1359 1367 ποιῆσαι
1382 1333 1511 1369 καθάπαξ
1520 1333 1665 1369 ἑλομένων.
1684 1344 1693 1360 ι
1711 1335 1765 1362 Καὶ
1776 1335 1824 1362 νῦν

1041 1377 1102 1405 τάδε
1119 1378 1192 1412 λέγει
1202 1378 1302 1414 Κύριος
1313 1381 1521 1416 παντοκράτωρ·
1535 1380 1638 1413 Τάξατε
1652 1380 1700 1412 τὰς
1711 1380 1824 1417 καρδίας

1042 1422 1117 1456 ὑμῶν
1147 1423 1187 1453 είς
1197 1422 1245 1454 τὰς
1264 1423 1339 1455 ὀδοὺς
1366 1423 1454 1459 ὑμῶν.
1474 1433 1482 1449 ι
1509 1423 1728 1458 Ἀναλογίσασθε,
1744 1424 1822 1458 φησι,

1041 1468 1075 1494 τὰ
1093 1467 1154 1494 καθ’
1168 1468 1280 1501 ἑαυτοὺς
1293 1471 1339 1497 καὶ
1359 1470 1525 1505 δοκιμάσαιτε
1549 1470 1598 1505 μὲν
1618 1469 1636 1496 ἀ
1652 1470 1824 1505 πεπράχατε,

1041 1512 1087 1540 τοῦ
1100 1513 1165 1540 ναοῦ
1189 1515 1464 1550 καταρῤᾳθυμοῦντες
1479 1514 1525 1542 τοῦ
1549 1508 1632 1547 θείου,
1646 1515 1705 1542 τίνα
1719 1515 1747 1542 δέ
1760 1516 1825 1550 ὑμῖν

1009 1585 1015 1590 ,
1041 1559 1073 1585 ἐκ
1085 1559 1179 1586 τούτου
1191 1559 1372 1596 ωμὸέὸηκεν.
1391 1559 1509 1595 Εῦδηλον
1523 1560 1577 1596 γὰρ
1588 1561 1628 1587 ὅτι
1646 1560 1721 1592 ὁδοὺς
1734 1560 1824 1587 αὐτῶν

1040 1603 1090 1636 τὰς
1109 1604 1222 1639 πράξεις
1236 1605 1326 1632 αὐτῶν
1340 1604 1427 1637 καλεῖ,
1443 1604 1534 1637 καθὼς
1548 1605 1651 1633 εἴωθεν.

1077 1650 1151 1684 Στίχ.
1166 1653 1244 1685 «ς’-η’.
1268 1664 1303 1670 -
1322 1648 1389 1677 Εἶτα
1399 1650 1473 1684 λέγει
1487 1659 1493 1666 ·
1521 1660 1530 1677 ι
1554 1650 1714 1686 Ἐσπείρατε
1727 1650 1825 1684 πολλὰ,

1042 1696 1089 1722 καὶ
1097 1696 1272 1730 είσηνέγκατε
1281 1697 1368 1730 όλίγα·
1383 1697 1510 1732 ἐφάγετε,
1525 1697 1573 1724 καί
1586 1697 1636 1724 οὐκ
1649 1698 1689 1730 εἰς
1702 1697 1825 1733 πλησμο-

1043 1745 1105 1778 νὴν·
1124 1743 1215 1769 ἐπίετε
1225 1762 1232 1774 ,
1254 1743 1302 1770 καὶ
1317 1743 1368 1770 οὐκ
1383 1743 1424 1775 είς
1439 1743 1533 1778 μέθην·
1556 1743 1761 1779 περιεὸάλεσθε,
1777 1745 1826 1771 καὶ

1041 1790 1091 1816 οὐκ
1105 1789 1290 1826 ἐθερμάνθητε
1306 1790 1335 1817 ἐν
1351 1790 1452 1822 αὐτοῖς·
1469 1791 1516 1818 καὶ
1528 1792 1543 1818 ό
1556 1791 1620 1823 τοὺς
1633 1791 1744 1826 μισθοὺς
1759 1800 1824 1818 συν-

1043 1837 1133 1871 άγων,
1159 1838 1310 1871 συνήγαγεν
1326 1838 1367 1869 είς
1386 1837 1486 1872 δεσμὸν
1500 1837 1715 1872 τετρυπημένον.
1727 1847 1738 1863 ι
1764 1837 1825 1863 Ἐν-

1041 1884 1155 1918 νοήσατε
1169 1882 1223 1918 γὰρ
1236 1884 1264 1910 ἐν
1277 1883 1327 1919 ὅσῃ
1347 1883 1392 1910 διὰ
1410 1883 1459 1919 τὴν
1485 1883 1621 1919 ρᾳθυμίαν
1636 1883 1744 1918 ἐκείνην
1757 1891 1825 1910 κατ-

1041 1929 1138 1964 έστητε
1150 1929 1238 1964 ἐνδείᾳ
1251 1938 1281 1956 τι
1298 1930 1345 1956 καὶ
1362 1930 1457 1956 σπάνει
1469 1929 1523 1956 τῶν
1535 1929 1691 1963 ἀναγκαίων
1701 1937 1708 1944 ⁵
1720 1929 1757 1961 ὡς
1770 1928 1826 1956 ἀπὸ

1041 1975 1145 2001 πολλῶν
1170 1976 1219 2010 μὲν
1243 1975 1407 2010 σπερμάτων
1423 1975 1525 2011 βραχὺν
1547 1975 1684 2009 συλλέγειν
1706 1975 1822 2011 καρπὸν,

1041 2021 1186 2048 ἀπολαύειν
1208 2021 1236 2047 δέ
1253 2021 1290 2057 μὴ
1306 2021 1419 2057 τροφῆς,
1437 2022 1473 2056 μὴ
1495 2022 1588 2053 πότου,
1607 2021 1644 2056 μὴ
1667 2020 1825 2056 ἐνδυμάτων

1041 2067 1109 2102 πρὸς
1127 2067 1206 2102 κόρον
1220 2067 1269 2102 τῆς
1284 2067 1498 2102 κατεπειγούσης
1511 2067 1606 2102 χρείας
1617 2087 1625 2101 ,
1650 2067 1697 2093 ἀτε
1713 2067 1824 2094 πάντων

1041 2112 1226 2144 σπανιζόντων
1240 2113 1303 2148 ὑμῖν
1316 2112 1371 2140 τῶν
1383 2113 1549 2148 ἀναγκαίων.
1568 2113 1615 2139 Ἐκ
1627 2113 1656 2139 δὲ
1670 2113 1765 2139 τούτου
1775 2112 1824 2139 καὶ

1039 2158 1075 2185 τὰ
1100 2158 1262 2194 μισθώματα
1288 2159 1362 2194 ὑμῖν,
1387 2159 1426 2191 ὡς
1449 2159 1531 2191 εἰκὸς,
1555 2159 1658 2194 ὅσαπερ
1687 2158 1824 2184 ἐποιεῖσθε

1040 2203 1142 2238 ἀγρούς
1155 2213 1185 2230 τε
1205 2204 1413 2238 ἐκμισθοῦντες,
1435 2204 1482 2231 καὶ
1495 2204 1582 2231 ὁπόσα
1602 2204 1634 2239 δὴ
1654 2203 1767 2230 τοιαῦτα
1783 2204 1824 2235 είς

1039 2250 1114 2277 οὐδὲν
1136 2251 1240 2285 ἐγίνετο
1255 2251 1350 2285 δφελος
1361 2259 1367 2265 ·
1392 2251 1486 2286 ἐπειδὴ
1507 2250 1560 2277 τῶν
1574 2250 1688 2285 καρπιῖιν
1704 2249 1823 2277 ἀπολλυ-

1041 2297 1138 2332 μένων,
1153 2297 1213 2323 οὐδὲ
1226 2297 1260 2323 τὰ
1273 2296 1436 2332 μισθώματα
1453 2297 1516 2331 ὑμῖν
1529 2296 1605 2332 παρὰ
1615 2296 1670 2323 τῶν
1684 2295 1824 2332 ἐκλαμϐα-

1039 2342 1137 2369 νόντων
1152 2341 1285 2368 τελεῖσθαι
1305 2341 1416 2368 δυνατὸν
1437 2341 1568 2376 ὑπῆρχεν.
1592 2342 1627 2375 (p.
1638 2341 1701 2375 “6)
1717 2340 1822 2374 ’Ὠσπερ

208 2383 297 2411 niculo
313 2389 359 2411 aut
380 2386 478 2419 quovis
494 2386 548 2413 alio
566 2387 725 2420 involucro,
749 2389 820 2423 quod
845 2394 986 2424 pertusum

1041 2387 1067 2414 δὲ
1083 2388 1112 2414 ὲν
1126 2386 1259 2422 βαλαντίῳ
1275 2388 1291 2422 ἦ
1307 2387 1385 2422 ράκει
1399 2387 1416 2422 ἡ
1428 2395 1480 2413 τινι
1495 2387 1562 2418 ὅλως
1578 2386 1723 2420 ἀποδέσμῳ
1737 2386 1762 2412 εί
1775 2394 1821 2411 τε-

208 2428 305 2460 fuerit,
324 2431 481 2458 coacervari
498 2437 640 2467 argentum
656 2435 751 2468 nequit
765 2453 772 2465 ,
789 2434 861 2468 quod
876 2435 990 2463 omnino

207 2474 330 2502 dilueret
351 2483 382 2502 ac
400 2477 510 2510 periret,
532 2478 574 2505 sic
592 2479 675 2505 etiam
694 2479 872 2513 pereuntibus
893 2479 989 2508 fructi—

209 2520 276 2550 bus,
302 2524 407 2547 vestras
426 2528 535 2556 qquue
561 2522 710 2556 pensiones
734 2522 858 2557 deperire
875 2530 989 2550 necesse

208 2565 269 2591 fuit.
284 2574 292 2590 ι
307 2564 368 2593 Haec
384 2567 422 2593 ait
436 2566 567 2595 Dominus
578 2568 751 2604 omnipotens
767 2577 773 2594 :
790 2567 887 2595 Ponite
901 2568 986 2595 corda

207 2613 298 2636 vestra
314 2610 348 2637 ad
364 2611 423 2639 vias
444 2616 552 2640 vestras
566 2622 573 2639 τ
593 2613 735 2641 ascendite
756 2613 782 2640 in
806 2617 927 2641 montem
940 2634 948 2647 ,
962 2618 990 2641 et

207 2656 348 2690 praecidite
360 2657 432 2692 ligna
442 2677 450 2689 ,
465 2662 493 2686 et
507 2658 629 2691 deferte,
646 2667 679 2687 ac
691 2659 823 2694 templum
839 2660 983 2693 atdiflcate,

206 2704 234 2727 et
247 2700 405 2729 delectabar
418 2702 446 2730 in
460 2711 493 2730 eo
505 2723 512 2735 ,
527 2708 554 2731 et
566 2704 751 2739 glorificahor,
767 2705 806 2731 ait
820 2704 962 2733 Dominus.
976 2714 986 2730 ι

207 2745 253 2772 Eia
272 2753 340 2781 ergo
356 2746 414 2774 haec
431 2753 605 2783 reputantes,
622 2750 703 2778 facite
718 2758 778 2785 qua:
794 2751 929 2778 hactenus
943 2759 990 2778 ne—

206 2791 348 2825 glexistis,
365 2793 448 2830 274
463 2798 490 2822 et
504 2794 538 2823 de
555 2797 656 2830 templo
680 2796 849 2824 exstruendo
877 2797 986 2824 solliciti

206 2842 311 2872 estote,
329 2838 402 2875 ligna
421 2841 620 2876 praecidentes,
636 2849 669 2870 ac
688 2842 792 2878 reliqua
811 2842 986 2870 aediﬁcationi

206 2889 303 2913 Idonea
328 2886 415 2914 multo
438 2894 501 2916 cum
526 2888 609 2916 animi
633 2887 739 2917 fervore
763 2893 906 2921 parantes.
929 2889 987 2924 Ego

1037 2433 1211 2469 τρυπημένον
1231 2433 1284 2468 εἴη,
1300 2433 1474 2467 συλλέγεσθαι
1495 2432 1626 2468 ἀργύριον
1638 2431 1762 2466 οὐδαμῶς
1774 2431 1821 2458 δυ-

1037 2479 1292 2512 νατὸν,διεκπίπτον
1306 2479 1352 2506 καὶ
1365 2479 1549 2513 ἀπολλύμενον
1564 2478 1681 2509 πάντως,
1690 2477 1777 2508 οὕτως
1786 2478 1820 2512 τῇ

1038 2524 1092 2550 τῶν
1109 2524 1222 2559 καρπῶν
1238 2523 1360 2559 ἀπωλείᾳ
1376 2524 1423 2550 καὶ
1441 2523 1475 2550 τὰ
1492 2522 1656 2558 μισθώματα
1676 2522 1740 2556 ὑμῖν
1759 2529 1822 2548 συν-

1038 2569 1239 2604 διαφθείρεσθαι
1254 2570 1400 2603 ἀναγκαῖον
1414 2570 1545 2604 ὑπῆρχεν.
1567 2578 1575 2593 ι
1590 2568 1659 2594 Τάδε
1673 2567 1746 2601 λέγει
1765 2566 1822 2593 Κύ-

1041 2623 1098 2650 ριος
1114 2615 1311 2650 παντοκράτωρ
1321 2623 1327 2630 ·
1343 2614 1427 2641 Θέσθε
1439 2614 1488 2646 τὰς
1502 2615 1616 2650 καρδίας
1630 2615 1644 2640 ὑ
1649 2613 1706 2648 μῶν
1718 2613 1756 2644 είς
1771 2613 1822 2643 τὰς

1039 2659 1115 2690 ὀδοὺς
1130 2659 1221 2694 ὑμῶν·
1239 2660 1354 2694 ἀνάϐητε
1371 2660 1416 2686 ἐπὶ
1431 2660 1461 2686 τὸ
1477 2659 1550 2695 ὅρος,
1566 2660 1613 2686 καὶ
1628 2659 1729 2694 κόψατε
1744 2657 1821 2690 ξύλα,

1039 2705 1086 2731 καὶ
1099 2704 1200 2737 οἴσατε,
1213 2706 1261 2732 καὶ
1275 2706 1469 2741 οίκοδομήσατε
1483 2705 1567 2737 οἰκον,
1581 2706 1627 2732 καὶ
1641 2705 1779 2740 εὐδοκήσω
1794 2705 1822 2730 ἐν

1039 2749 1114 2784 αὐτῷ
1130 2750 1177 2776 καὶ
1191 2750 1428 2786 ὲνδοξασθήσομαι,
1445 2748 1504 2776 εἷπε
1521 2751 1633 2786 Κύριος.
1649 2759 1659 2776 ι
1679 2749 1760 2776 Ἀλλά
1768 2748 1823 2784 γὰρ

1041 2794 1126 2821 ταῦτα
1140 2795 1373 2830 ἀναλογισάμενοι,
1390 2795 1570 2831 διορθώσασθε
1586 2796 1637 2831 μὲν
1648 2795 1683 2822 τὰ
1696 2795 1744 2822 νῦν
1758 2794 1823 2830 παρ’

1041 2841 1118 2875 ὑμῶν
1129 2841 1313 2876 ἀμελούμενα,
1327 2842 1374 2868 καὶ
1386 2842 1544 2876 φροντίσατε
1559 2843 1608 2878 τῆς
1621 2842 1766 2878 οίκοδομῆς
1774 2841 1822 2869 τοῦ

1041 2886 1105 2914 ναοῦ
1115 2894 1124 2904 ·
1142 2886 1208 2920 ξύλα
1222 2895 1253 2914 τε
1269 2887 1439 2923 ἐκτεμόντες,
1454 2888 1500 2915 καὶ
1512 2888 1547 2915 τὰ
1561 2888 1643 2916 λοιπά
1660 2888 1692 2924 δὴ
1706 2888 1741 2915 τὰ
1755 2887 1821 2924 πρδι
