1981 3073
160 124 213 154 εει

655 121 932 151 COMMENTARIUS
963 120 996 148 IN
1032 111 1150 150 Aecum
1169 123 1245 151 esp.
1261 124 1280 151 ι.

1731 124 1783 151 482

161 183 211 218 τὴν
224 181 368 218 οίκοδομὴν
382 182 521 216 ἐπιτήδεια
543 181 611 216 μετὰ
628 181 729 215 πολλῆς
744 181 946 214 εἱσενέγκαντες

998 186 1064 206 vero
1083 170 1206 207 vicissim
1230 180 1282 206 hoc
1302 184 1393 207 vestro
1409 180 1504 216 templi
1523 180 1639 209 aedilicio
1657 182 1780 211 delecta.

159 229 212 263 τῆς
225 228 380 264 προθυμίας
390 236 397 243 ·
421 227 546 262 ἀρεσθεὶς
562 227 591 253 δὲ
608 227 655 253 καὶ
670 227 750 258 αὐτὸς
765 227 797 262 τῇ
813 225 947 261 γενομένῃ

161 275 228 309 παρ’
247 274 323 309 ὑμῶν
342 273 468 308 οἰκοδομῇ
483 273 529 299 τοῦ
541 272 616 302 ναοῦ.
631 273 741 299 τοιαῦτα
755 273 795 304 είς
812 271 948 307 ὑμετέραν

161 320 321 355 εὐεργεσίαν
332 319 493 354 ἐργάσομαι,
507 319 525 345 δι
542 319 616 353 παρὰ
630 319 696 344 πᾶσι
712 327 745 352 με
760 318 866 351 ποιήσει
878 317 948 350 γνώ-

161 374 253 401 ριμον,
268 365 306 397 ὡς
319 365 434 400 μέγιστα
451 365 512 394 τοὺς
535 363 623 399 εὐνοίᾳ
641 372 684 399 μοι
701 363 841 390 πείθεσθαι
856 362 948 397 βουλο-

162 412 261 447 μένους
273 411 420 446 δυνάμενον
434 410 559 444 ὠφελεῖν.

197 457 270 491 Στίχ.
286 457 367 482 (λ’-ια’.
388 470 415 476 -—
441 453 506 481 Εἶτα
520 454 600 482 πάλιν
618 455 832 490 ὑπομιμνήσκων
848 453 947 484 αὐτοὺς

159 498 199 530 ὧν
210 502 242 529 τό
256 502 387 537 πρότερον
407 500 450 527 διὰ
466 501 514 535 τὴν
531 500 664 535 ῥαθυμίαν
679 500 824 535 ὑπέμενον,
843 499 891 526 καὶ
905 499 944 525 εί-

158 547 230 581 πὼν,
256 547 461 581 (Ἐπεϐλέψατε
481 547 520 577 είς
542 546 644 577 πολλὰ,
666 546 713 573 καὶ
734 545 841 580 ἐγένετο
857 545 945 579 ὀλίγα,

157 595 208 622 καὶ
220 593 363 629 εἰσηνέχθη
382 594 422 625 είς
438 592 483 618 τὸν
495 591 579 625 οἷκον,
601 592 648 619 καὶ
664 591 817 628 ὲξεφύσησα
837 592 916 618 αὐτά.
934 601 943 616 ι

157 641 218 668 Ἵνα
228 640 293 676 εῐπῃ
300 641 351 667 ὅτι·
360 640 429 666 Οὔτε
438 640 500 671 τοὺς
508 639 629 675 καρποὺς
642 639 705 674 ὑμῖν
713 639 745 665 ἐκ
758 639 807 674 τῆς
815 638 867 673 γῆς
875 646 946 674 παρ-

157 686 267 722 έχεσθαι
286 685 366 712 εἴωνο
384 685 431 711 καὶ
444 684 479 711 τὰ
497 684 626 711 δοκοῦντα
645 684 784 718 γίνεσθαι,
801 683 944 711 ἀπόλλυον.

162 731 280 766 Ἑτέρως
303 730 418 764 ἐπάγει·
449 739 458 755 ι
478 729 527 756 Διὰ
546 729 625 756 τοῦτο
650 729 713 755 τάδε
742 729 814 762 λέγει
844 728 945 764 Κύριος

157 776 356 811 παντοκράτωρ
367 795 374 807 ,
397 774 406 809 (
415 782 440 810 p.
455 774 505 801 M7
517 775 526 809 )
540 774 609 801 ‘Ave‘
622 770 659 800 ὧν
675 774 689 800 ὁ
704 772 778 805 οἶκός
800 782 851 809 μου
872 773 946 799 ἐστὶν

157 823 207 858 ἐρη
213 822 359 858 μος,ὑμείς
371 821 400 847 δὲ
412 820 523 847 διώκετε
533 821 646 851 ἕκαστος
657 821 697 851 είς
712 820 756 846 τὸν
767 817 840 846 οἷκον
851 819 943 851 αὐτοῦ,

157 869 201 895 διὰ
223 868 301 894 τοῦτο
325 867 412 899 άνέξει
437 868 451 893 ὁ
473 867 586 902 οὐρανὸς
609 866 662 892 ἀπὸ
675 866 789 901 δρόσου,
810 865 855 891 καὶ
876 866 892 900 ὴ
909 865 943 900 γῆ

158 914 290 941 στελεῖται
311 914 344 940 τὰ.
359 913 473 948 ὲκφόρια
494 912 580 946 αὐτῆς
602 913 645 946 ἐφ’
663 913 754 947 ὑμᾶς’
781 912 828 938 καὶ
851 911 944 944 ἐπάξω

158 961 296 996 ῥομφαίαν
316 959 362 985 ἐπὶ
376 959 425 994 τὴν
438 959 498 993 γῆν,
517 959 563 984 καὶ
581 959 627 984 ἐπὶ
643 958 677 984 τὰ
690 957 752 994 ὅρη,
770 958 817 984 καὶ
836 958 881 983 ἐπὶ
897 958 943 984 τὸν

158 1008 242 1037 σῖτον,
258 1007 305 1032 καὶ
323 1006 368 1032 ἐπὶ
385 1005 430 1031 τὸν
444 1002 525 1036 οἶνον,
541 1004 588 1030 καὶ
603 1004 649 1030 ἐπὶ
664 1004 694 1030 τὸ
713 1004 812 1033 ἔλαιον,
831 1003 878 1030 καὶ
897 1004 943 1029 ἐπὶ

157 1052 247 1079 πάντα
263 1052 313 1077 ὅσα
334 1050 445 1086 ἐκφέρει
465 1051 482 1085 ὴ
498 1050 544 1084 γῆ,
561 1049 607 1076 καὶ
627 1050 672 1076 ὲπὶ
688 1049 752 1080 τοὺς
771 1048 941 1084 ἀνθρώπους.

157 1099 206 1126 καὶ
225 1098 271 1124 ἐπὶ
284 1097 320 1124 τὰ
335 1098 433 1132 κτήνη,
448 1097 496 1123 καὶ
513 1096 559 1122 ἐπὶ
573 1096 677 1127 πάντας
692 1096 755 1127 τοὺς
777 1096 873 1126 πόνους
889 1095 943 1121 τῶν

158 1143 256 1179 χειρῶν
271 1141 371 1170 αὐτῶν.
393 1151 402 1167 ι
423 1140 551 1168 Βούλεται
571 1140 600 1166 δὲ
614 1140 658 1166 διά
671 1139 772 1165 τούτων
791 1139 889 1170 αὐτοὺς
905 1135 943 1165 ὦν

157 1188 321 1224 ἀμελοῦντες
345 1186 393 1214 τοῦ
411 1186 476 1213 ναοῦ
498 1185 665 1212 πεπόνθεσαν
687 1185 850 1219 ὑπομνῆσαι.
877 1184 944 1210 Ὅτε

157 1236 222 1271 γὰρ,
237 1235 313 1269 φησὶ,
328 1233 373 1260 τὸν
392 1230 466 1259 οἷκον
480 1232 526 1258 τὸν
541 1232 606 1267 ἐμὸν
620 1231 649 1257 ὲν
665 1231 767 1266 ἐρημίᾳ
780 1229 945 1265 τυγχάνοντα

157 1282 351 1317 περιορῶντες,
369 1280 434 1316 περὶ
453 1280 503 1314 τὴν
516 1278 659 1314 οἰκοδομὴν
672 1279 725 1306 τῶν
746 1277 828 1304 οἴκων
844 1278 944 1304 ἐσπου-

157 1328 252 1360 δάζετε
269 1327 323 1353 τῶν
341 1327 423 1358 ἰδίων⁷
443 1326 514 1357 τότε,
530 1325 622 1360 φησὶν,
637 1325 651 1351 ὃ
674 1333 703 1351 τε
718 1324 796 1356 ὑετὸς
810 1324 942 1358 ἐπείχετο,

157 1376 206 1401 καὶ
227 1376 244 1410 ἡ
269 1374 304 1409 γῆ
328 1373 373 1400 τὸν
395 1373 501 1408 καρπὸν
514 1373 562 1399 οὐκ
579 1371 682 1403 ἐδίδου,
704 1371 751 1397 καὶ
775 1371 868 1406 ὥσπερ
892 1370 945 1396 τινὶ

158 1421 230 1456 ξίφει
254 1420 357 1451 πάντας
376 1420 439 1450 τοὺς
461 1419 507 1445 ἐπὶ
527 1419 576 1453 τῆς
592 1418 642 1452 γῆς
658 1417 787 1452 ἠφάνιζον
810 1417 942 1452 καρποὺς,

157 1467 311 1502 ἁπτόμενος
336 1466 384 1493 καὶ
410 1463 560 1500 ἀνθρώπων
587 1464 633 1490 καὶ
662 1463 767 1495 κτηνῶν
794 1462 943 1495 πολλάκις,

158 1514 247 1541 πάντα
258 1521 287 1538 τε
303 1511 442 1546 συντόμως
457 1511 542 1536 εἰπεῖν
552 1509 669 1541 ἀπολλὺς
679 1509 748 1544 ὑπὲρ
758 1505 796 1534 ὦν
811 1509 942 1534 ὲπονεῖτε.
958 1518 979 1546 c

164 1558 227 1585 Ἐπὶ
238 1558 292 1593 γὰρ
306 1559 339 1592 τῇ
356 1557 497 1591 προτροπῇ
510 1555 557 1581 τοῦ
574 1555 706 1590 άναὸἧναι
721 1555 768 1581 καὶ
785 1554 866 1588 κόψαι
878 1553 943 1586 ξύλα

158 1605 280 1638 ἐνεγκεῖν
292 1612 322 1629 τε
345 1603 392 1629 καὶ
406 1601 545 1637 φροντίσαι
561 1601 610 1636 τῆς
625 1601 777 1636 οἰκοδομῆς,
789 1600 874 1626 ταῦτα
896 1601 946 1626 ὲπ-

158 1651 259 1686 ἠγαγε,
272 1649 304 1684 τῇ
322 1649 413 1683 μνήμῃ
438 1647 490 1674 τῶν
512 1647 662 1681 γεγονότων
676 1645 766 1680 φοὸὦν
787 1645 884 1676 αὐτοὺς
907 1645 944 1680 μὴ

160 1696 290 1732 ὐᾳθὺμως
302 1694 428 1728 δέξασθαι
442 1694 473 1720 τὸ
487 1693 639 1728 ἐπίταγμα.
659 1692 773 1726 Ἐπάγει
787 1692 853 1727 γοῦν
865 1700 872 1706 ·

195 1783 270 1818 Στίχ.
287 1782 375 1818 ιβ’-ιδ’.
390 1797 425 1802 -——-
446 1791 456 1807 ι
470 1781 589 1808 Ἤκουσε
604 1779 755 1815 Ζοροὸάὸελ
769 1780 783 1806 ὁ
795 1779 841 1806 τοῦ
858 1779 944 1806 Σαλα-

160 1829 222 1864 θιὴλ
238 1830 270 1855 ὲκ
286 1828 371 1863 φυλῆς
394 1827 489 1859 Ἰούδα,
505 1827 553 1853 καὶ
572 1825 674 1862 Ἰησοῦς
695 1827 708 1852 ό
725 1825 771 1852 τοῦ
793 1825 913 1852 Ἰωσεδὲκ
930 1826 944 1851 ὁ

162 1872 251 1908 ἱερεὺς
266 1873 280 1898 6
296 1871 392 1907 μέγας,
413 1871 459 1898 καὶ
481 1871 581 1902 πάντες
597 1871 621 1896 οἱ
634 1871 792 1896 κατάλοιποι
804 1870 850 1896 τοῦ
868 1870 943 1902 λαοῦ,

160 1918 212 1951 τῆς
224 1917 314 1952 φωνῆς
328 1917 430 1952 Κυρίου
443 1916 489 1943 τοῦ
505 1916 572 1943 Θεοῦ
594 1916 694 1947 αὐτῶν,
710 1916 756 1942 καὶ
779 1916 833 1942 τῶν
858 1915 945 1949 λόγων

167 1965 295 1998 ’Δγγαίου
310 1963 356 1990 τοῦ
370 1964 522 1998 προφήτου,
542 1963 635 1990 καθότι
653 1962 843 1996 ἐξαπέστειλεν
864 1962 946 1988 αὐτὸν

161 2009 263 2045 Κύριος
278 2011 292 2036 ὸ
314 2009 379 2041 Θεὸς
400 2009 489 2036 αὐτῶν
505 2009 572 2044 πρὸς
589 2009 697 2040 αὐτοὺς,
718 2009 765 2035 καὶ
788 2008 908 2044 ἐφοϐήθη
932 2010 947 2035 ό

160 2057 225 2088 λαὸς
237 2056 291 2083 ἀπὺ
307 2055 452 2091 προσώπου
467 2055 579 2090 Κυρίου.
596 2064 605 2080 ι
631 2056 742 2087 Δεικνὺς
765 2055 806 2081 ὅτι
830 2055 879 2081 οὐκ
899 2055 946 2082 ἀν-

161 2102 276 2136 ωφελεῖς
290 2103 315 2128 οἰ
330 2101 401 2136 λόγοι
411 2102 549 2136 Δγεγόνασι
571 2102 639 2136 προς
661 2101 759 2132 αὐτοὺς
769 2121 775 2132 ,
801 2101 901 2133 πάντες
917 2101 947 2127 δὲ

162 2149 211 2184 τὴν
232 2149 263 2174 ὲκ
286 2148 339 2174 τῶν
354 2148 506 2183 εἰρημένων
521 2147 683 2182 φοόηθέντες
704 2147 818 2182 ἀπειλὴν
835 2146 947 2173 ἔνευσαν

999 229 1043 252 tus
1054 246 1061 257 ,
1079 232 1110 252 ea
1128 226 1206 253 vobis
1225 226 1359 253 beneﬁcia
1376 227 1516 254 conferam
1527 248 1534 260 ,
1552 235 1612 262 qua!
1628 235 1671 256 me
1689 230 1778 264 palam

998 271 1161 304 ostendent,
1188 272 1251 300 illos
1268 274 1386 302 maxime
1400 274 1497 309 juvare
1513 276 1646 304 valentem
1665 276 1711 312 qui
1732 277 1781 305 be-

998 318 1095 344 nevolo
1105 318 1239 353 obsequio
1255 319 1321 346 mihi
1338 319 1480 347 obediunt.

1033 457 1117 483 Vsus.
1140 457 1215 484 9—H.
1233 472 1267 477 ~—-
1284 457 1392 486 Rursus
1420 465 1514 494 postea
1543 469 1778 497 commemorans.

997 509 1057 537 qum
1077 507 1157 529 antea
1186 509 1296 538 propter
1321 512 1398 532 suam
1421 507 1566 540 segnitiem
1588 511 1778 544 pertulerunt,

997 549 1053 574 ait:
1071 557 1080 573 ι
1098 547 1267 583 Respexistis
1279 549 1312 576 ad
1336 551 1430 584 multa,
1448 557 1474 578 et
1496 551 1567 579 facta
1587 559 1652 581 sunt
1672 564 1756 590 pauca
1770 578 1777 590 ,

996 596 1023 620 et
1038 593 1112 620 illata
1126 599 1191 621 sunt.
1206 595 1233 620 in
1248 595 1359 622 domum
1371 616 1378 629 ,
1396 600 1423 623 ct
1438 597 1578 625 exsufﬂavi
1594 607 1636 627 ea.
1653 610 1662 625 ι
1677 601 1705 627 Id
1718 607 1758 630 est
1770 623 1777 634 ,

999 637 1038 665 Ne
1054 639 1145 674 fruges
1160 640 1268 674 quidem
1283 641 1383 667 vobis:
1397 647 1469 668 terra
1485 643 1654 678 suppeditari
1665 646 1717 673 sivi
1732 655 1738 673 :
1753 651 1779 674 et

996 692 1057 718 quae
1071 688 1141 712 nata:
1157 685 1331 717 videbantur,
1345 694 1393 714 eas
1407 689 1595 722 pessumdedi.
1608 689 1677 717 Tmn
1691 695 1779 727 pergit

997 729 1087 757 dicere
1102 740 1108 756 :
1125 740 1134 755 ‹
1145 731 1293 766 Propterea
1310 733 1366 760 haec
1383 734 1421 760 ait
1436 733 1568 763 Dominus
1583 737 1757 772 omnipotens
1771 760 1776 766 .

999 771 1067 805 Quia
1076 773 1173 801 domus
1183 782 1241 802 mea
1262 777 1369 805 deserta
1383 783 1441 811 est,
1456 787 1504 808 vos
1520 785 1611 808 autem
1627 771 1779 818 properatis

996 821 1183 857 unusquisque
1195 822 1220 849 in
1234 824 1368 858 propriam
1381 825 1504 857 domum,
1515 826 1619 854 idcirco
1632 829 1779 857 abstinebit

997 866 1097 892 caelum
1116 874 1129 892 a
1146 875 1226 899 rore,
1251 873 1278 895 et
1303 874 1375 896 terra
1402 871 1546 899 subtrahet
1569 875 1777 907 procreationes

996 919 1062 939 suae
1076 913 1164 940 vobis.
1181 913 1212 940 Et
1229 915 1357 942 inducam
1380 917 1499 951 gladium
1522 926 1606 953 super
1621 925 1737 952 terram,
1753 925 1780 948 et

996 965 1078 992 super
1093 965 1199 987 montes
1211 980 1218 992 ,
1233 967 1259 989 et
1275 969 1358 997 super
1371 963 1508 996 triticum,
1523 969 1550 992 et
1567 973 1650 1002 super
1666 968 1756 995 vinum
1770 988 1778 1000 ,

994 1008 1022 1030 et
1039 1012 1124 1039 super
1139 1006 1249 1040 oleum,
1268 1013 1295 1034 et
1311 1017 1395 1043 super
1411 1011 1502 1037 omnia
1526 1019 1587 1046 quze
1613 1013 1695 1041 tellus
1719 1022 1781 1049 ger-

995 1051 1095 1083 minat,
1116 1057 1143 1080 et
1163 1062 1245 1088 super
1263 1055 1406 1089 homines,
1435 1061 1462 1084 et
1490 1066 1573 1094 super
1589 1059 1733 1094 jumenta,
1753 1062 1781 1090 et
1805 1063 1810 1071 '

994 1096 1102 1125 labores
1117 1100 1254 1133 quoslibet
1269 1108 1399 1128 manuum
1419 1109 1584 1132 vestrarum.
1602 1115 1611 1131 ›
1626 1105 1673 1134 His
1688 1108 1780 1136 verbis

994 1142 1052 1169 vult
1068 1143 1108 1170 eis
1125 1144 1153 1171 in
1170 1147 1330 1172 memoriam
1348 1154 1478 1176 revocare
1497 1157 1558 1184 quae
1573 1150 1608 1177 ob
1626 1152 1778 1187 neglectum

994 1189 1126 1224 templum
1152 1191 1224 1217 mala
1251 1193 1431 1226 pertulerant.
1458 1193 1525 1222 Dum
1553 1197 1643 1228 enim,
1672 1199 1779 1234 inquit,

994 1233 1125 1267 templum
1150 1242 1240 1261 meum
1266 1235 1294 1261 in
1312 1236 1440 1264 vastitate
1461 1239 1553 1272 jacere
1575 1233 1716 1273 sinentes,
1735 1250 1780 1269 ve-

993 1282 1113 1304 strarum
1129 1278 1227 1305 aedium
1242 1281 1420 1308 exstructioni
1436 1290 1547 1317 operam
1565 1284 1689 1316 dabatis:
1704 1291 1780 1320 tunt',

995 1322 1097 1357 inquit,
1115 1323 1204 1350 imber
1218 1325 1373 1359 prohibitus
1389 1326 1450 1359 fuit,
1463 1328 1544 1356 tellus
1556 1328 1648 1365 fruges
1662 1333 1780 1367 negavit,

994 1371 1021 1394 et
1037 1368 1155 1402 quodam
1173 1369 1257 1396 veluti
1274 1371 1367 1405 gladio
1380 1379 1496 1401 cunctos
1513 1382 1563 1409 ego
1578 1379 1657 1403 terrae
1675 1378 1782 1406 fructus

994 1413 1138 1447 destruxi,
1165 1414 1324 1443 hominibus
1351 1425 1461 1452 quoque
1487 1427 1518 1447 ac
1543 1419 1677 1455 jutnentis
1707 1423 1780 1450 haud

996 1467 1061 1487 raro
1087 1462 1250 1496 percussis;
1278 1464 1386 1491 cunctis
1411 1465 1544 1500 denique,
1568 1471 1597 1494 ut
1625 1471 1780 1497 summatim

996 1506 1104 1539 dicam,
1121 1507 1263 1535 laboribus
1278 1510 1376 1536 vestris
1394 1513 1588 1544 pessumdatis.
1604 1513 1663 1540 Jam
1681 1520 1781 1549 praeter

997 1553 1218 1581 exhortationem
1247 1560 1275 1581 ut
1294 1555 1327 1582 ad
1345 1558 1517 1590 praecidenda
1537 1566 1568 1586 ac
1584 1559 1728 1588 deferenda
1750 1562 1783 1588 li-

996 1607 1048 1634 gna
1064 1601 1245 1628 ascenderem
1258 1622 1265 1634 ,
1284 1607 1311 1628 et
1327 1603 1433 1630 aedilicii
1452 1611 1545 1632 curam
1568 1612 1709 1640 gererent,
1727 1609 1783 1636 haec

996 1645 1119 1677 addidit,
1142 1647 1344 1681 preteritorum
1370 1650 1500 1677 nimirum
1522 1654 1653 1680 memoria
1677 1659 1782 1683 terrens

997 1692 1058 1719 illos
1071 1694 1219 1727 quominus
1236 1696 1357 1729 segniter
1373 1697 1529 1725 mandatum
1544 1700 1713 1734 exciperent.
1729 1701 1783 1728 Ad-

996 1737 1037 1764 dit
1054 1739 1157 1773 igitur:

1031 1783 1114 1812 Vens.
1137 1785 1230 1813 12-14.
1249 1803 1282 1807 ——
1297 1797 1306 1813 ι
1328 1787 1362 1815 Et
1390 1789 1497 1816 audivit
1524 1789 1677 1819 Zorobabel
1705 1791 1784 1819 Sala-

996 1830 1089 1859 tbielis
1105 1831 1177 1860 lilius
1193 1833 1225 1860 de
1240 1834 1312 1860 tribu
1328 1834 1406 1862 Iudae
1417 1855 1424 1868 ,
1440 1840 1467 1864 et
1477 1835 1557 1864 Jesus
1572 1836 1695 1866 Josedeci
1710 1839 1783 1867 filius

996 1877 1076 1912 275
1101 1879 1230 1907 sacerdos
1248 1888 1382 1916 magnus,
1404 1885 1431 1909 et
1450 1883 1547 1917 reliqui
1567 1891 1662 1912 omnes
1679 1885 1712 1912 de
1732 1893 1781 1920 po-

996 1924 1076 1957 pulo,
1091 1931 1186 1951 vocem
1207 1924 1315 1953 Domini
1336 1926 1384 1954 Dei
1407 1929 1467 1960 sui,
1491 1932 1517 1955 et
1542 1937 1681 1956 sermones
1691 1931 1781 1965 Aggai

997 1968 1152 2003 prophetae,
1165 1974 1246 2005 prout
1258 1972 1373 1999 miserat
1384 1980 1445 1999 cum
1459 1974 1588 2001 Dominus
1600 1974 1672 2001 Deus
1687 1982 1780 2002 eorum

997 2013 1031 2040 ad
1060 2014 1151 2049 ipsos,
1175 2015 1321 2052 timuitque
1346 2018 1505 2052 populus_a
1530 2019 1601 2047 faeie
1632 2020 1751 2048 Domini.
1769 2031 1778 2047 ι

997 2059 1123 2086 Ostendit
1140 2060 1211 2088 baud
1228 2062 1346 2090 inaniter
1364 2063 1434 2090 facta
1451 2064 1534 2092 verba
1552 2065 1584 2092 ad
1604 2074 1651 2093 eos
1672 2066 1780 2100 fuisse;

997 2105 1098 2133 etenim
1121 2108 1213 2135 cuncti
1236 2109 1381 2143 praedictas
1404 2111 1492 2138 minas
1515 2117 1640 2140 verentes
1665 2114 1698 2140 ad
1723 2117 1780 2141 olli-

998 2151 1072 2178 cium
1089 2153 1247 2181 redierant:
1267 2155 1303 2182 ita
1323 2160 1352 2182 ut
1373 2156 1473 2193 missus
1488 2165 1503 2183 a
1522 2156 1576 2184 Deo
1593 2159 1724 2193 propheta
1739 2160 1780 2187 die

163 2195 232 2230 πρὸς
244 2195 275 2221 τὸ
291 2194 349 2221 δέον
363 2201 370 2209 ’
395 2195 432 2228 (p.
448 2194 510 2228 M8)
527 2193 596 2220 ὥστε
613 2194 660 2220 καὶ
673 2193 857 2219 ἀποσταλέντα
872 2193 946 2228 παρὰ

999 2198 1069 2224 xerit
1092 2198 1133 2225 eis
1147 2208 1153 2225 :
1167 2208 1177 2224 ι
1195 2198 1249 2235 Ego
1276 2201 1418 2228 vobiscum
1441 2210 1520 2235 sum,
1546 2203 1584 2230 ait
1611 2203 1753 2232 Dominus.
1769 2214 1779 2230 ι

162 2241 209 2268 τοῦ
223 2240 290 2267 Θεοῦ
306 2240 352 2267 τὸν
369 2240 511 2276 προφήτην
525 2241 611 2266 εἰπεῖν
629 2239 697 2275 πρὸς
711 2240 819 2271 αὐτοὺς,
847 2248 856 2264 ‹
876 2238 948 2272 Ἐγώ

163 2287 221 2322 εἰμι
238 2286 296 2322 μεθ’
313 2286 400 2321 ὑμῶν,
414 2286 488 2320 λέγει
506 2285 617 2321 Κύριος.
628 2295 638 2311 ι
670 2285 714 2317 Ὦς
733 2284 765 2311 ἂν
784 2285 895 2317 δείξειεν
907 2285 948 2311 ὅτι

163 2333 222 2368 ἃμα
236 2332 415 2368 μετεϐάλοντο
436 2332 482 2359 τὸν
496 2332 610 2366 τρόπον,
627 2332 674 2358 καὶ
696 2332 760 2367 περὶ
779 2332 830 2366 τὴν
846 2332 948 2357 οἰκοδο-

165 2379 218 2414 μὴν
232 2378 280 2404 τοῦ
294 2378 358 2405 ναοῦ
372 2377 421 2413 τὴν
436 2377 553 2413 σπουδὴν
568 2378 645 2413 ἔσχον
655 2397 662 2410 ,
685 2378 732 2404 καὶ
757 2377 838 2410 εὐθὺς
861 2379 948 2412 ἐπηγ-

164 2423 271 2458 γείλατο
285 2423 351 2454 Θεὸς
364 2424 392 2449 ὲν
405 2422 505 2449 ἅπασιν
518 2423 608 2454 αὐτοῖς
622 2422 670 2458 τὴν
686 2423 782 2449 ἑαυτοῦ
798 2425 948 2459 παρασχεῖν

164 2468 340 2503 κηδεμονίαν·
365 2467 444 2494 τοῦτο
462 2467 516 2503 γὰρ
535 2468 609 2503 δηλοῖ
621 2468 662 2498 τὸ.
679 2477 688 2493 ι
704 2467 767 2501 Εἰμὶ
780 2469 839 2504 μεθ’
858 2470 945 2505 ὑμῶν,

164 2515 237 2548 λέγει
262 2514 372 2549 Κύριος,
386 2523 395 2539 ι
421 2514 481 2540 ἀντὶ
495 2514 551 2544 τοῦ.
573 2513 659 2540 συνών
680 2521 710 2539 τε
729 2514 793 2549 ὑμῖν
807 2515 853 2541 καὶ
869 2516 949 2551 κηδό-

166 2568 245 2594 μενος
256 2560 303 2585 καὶ
318 2560 407 2586 πᾶσαν
420 2559 513 2594 χρείαν
525 2559 588 2594 ὑμῖν
603 2559 725 2595 πληρῶν.
743 2561 813 2587 «Καὶ
824 2560 948 2596 ἐξήγειρε

164 2605 266 2640 Κύριος
280 2605 312 2631 τὸ
326 2604 433 2639 πνεῦμα
449 2604 599 2640 Ζοροϐάϐελ
611 2605 657 2632 τοῦ
673 2606 806 2642 Σαλαθιὴλ
821 2607 852 2633 ἐκ
864 2607 950 2641 φυλῆς

170 2650 271 2681 Ἰούδα,
297 2650 346 2677 καὶ
372 2650 403 2676 τὸ
428 2650 535 2685 πνεῦμα
568 2650 653 2686 Ἰησοῦ
682 2651 727 2678 τοῦ
763 2653 883 2679 Ἰωσεδὲκ
902 2653 949 2679 τοῦ

166 2696 262 2731 ἱερέως
275 2696 323 2722 τοῦ
342 2695 468 2730 μεγάλου,
484 2698 530 2723 καὶ
545 2697 575 2723 τὸ
587 2697 694 2732 πνεῦμα
708 2698 762 2724 τῶν
777 2698 949 2725 καταλοίπων

164 2742 264 2773 παντὸς
283 2742 330 2770 τοῦ
348 2741 423 2774 λαοῦ,
445 2743 492 2769 καὶ
507 2743 625 2778 εἰσῆλθε,
648 2744 694 2770 καὶ
710 2744 818 2770 ἐποίουν
836 2744 903 2779 ἔργα
921 2746 950 2770 ὲν

165 2787 202 2822 τῷ
214 2788 281 2822 οῐκῳ
291 2788 395 2821 Κυρίου
408 2788 622 2824 παντοκράτορος
633 2788 701 2815 Θεοῦ
715 2789 814 2816 αὐτῶν.
823 2799 831 2815 ι
849 2790 886 2816 οὐ
897 2789 951 2824 γὰρ

166 2833 352 2869 ἐπηγγείλατο
368 2833 446 2868 μόνον
468 2834 546 2865 αὐτὸς
571 2835 618 2870 τὴν
643 2835 744 2862 οἰκείαν
762 2835 921 2870 κηδεμονίαν
937 2835 951 2861 ό

997 2243 1100 2278 Nempe
1114 2249 1143 2271 ut
1159 2246 1303 2278 ostendat,
1320 2248 1391 2281 quod
1408 2248 1491 2275 simul
1513 2257 1544 2275 ac
1568 2257 1659 2277 mores
1684 2250 1783 2277 immn-

999 2292 1109 2322 tarunt,
1135 2295 1161 2317 et
1188 2291 1348 2319 aediﬁcando
1374 2293 1473 2328 templo
1496 2294 1617 2321 studium
1643 2295 1782 2329 impende-

999 2338 1081 2366 runt,
1097 2335 1191 2362 statim
1217 2336 1289 2364 Deus
1311 2338 1469 2372 promiserit
1496 2347 1525 2366 se
1548 2341 1728 2374 patrocinium
1749 2341 1781 2368 ad

999 2380 1091 2407 omnia
1113 2381 1310 2408 exbibiturum.
1329 2381 1437 2409 Etenim
1459 2383 1510 2410 hoc
1529 2383 1661 2411 denotant
1680 2385 1758 2412 verba
1774 2395 1781 2413 :

1002 2433 1011 2449 ι
1028 2424 1173 2453 Vobiscum
1200 2435 1260 2453 sum
1273 2448 1281 2460 ,
1311 2428 1347 2454 ait
1386 2427 1539 2462 Dominus;
1555 2438 1564 2454 ι
1595 2429 1620 2457 id
1634 2433 1684 2462 est,
1700 2428 1783 2458 Vobis

1000 2471 1113 2502 adsum,
1142 2473 1306 2504 consulens,
1333 2478 1361 2500 et
1386 2474 1518 2509 quidquid
1545 2476 1623 2502 vobis
1648 2484 1716 2510 opus
1742 2483 1783 2505 est

1000 2517 1187 2552 suppeditans.
1203 2528 1212 2543 ι
1227 2518 1258 2545 Et
1274 2520 1418 2546 suscitavit
1433 2519 1564 2547 Dominus
1583 2521 1711 2555 spiritum
1731 2522 1783 2549 Zo-

1001 2563 1138 2590 robabelis
1158 2564 1204 2590 ﬁlii
1226 2564 1382 2592 Salalbielis
1401 2565 1435 2592 de
1455 2565 1530 2592 tribu
1550 2565 1645 2598 .lutlai,
1661 2572 1688 2594 et
1703 2568 1784 2602 spiri~

1001 2614 1057 2635 tum
1076 2608 1140 2636 Jesu
1162 2609 1208 2636 lilii
1225 2609 1350 2637 Josedeci
1361 2631 1367 2642 ,
1383 2612 1535 2639 sacerdotis
1551 2613 1663 2647 magni,
1679 2618 1704 2640 et
1723 2614 1786 2640 reli-

1001 2663 1115 2689 quorutn
1143 2655 1177 2682 de
1203 2655 1277 2682 omni
1303 2656 1423 2690 populo,
1451 2657 1497 2691 qui
1526 2658 1668 2693 ingressus
1691 2660 1783 2685 estad

1001 2709 1069 2736 opus
1084 2700 1237 2728 faciendum
1255 2702 1281 2728 in
1299 2702 1380 2729 domo
1398 2702 1505 2730 Domini
1522 2704 1719 2738 omnipotentis
1738 2704 1785 2730 Dei

1002 2748 1056 2775 sui.
1075 2746 1227 2775 iNimirum
1241 2749 1312 2776 baud
1339 2757 1419 2776 suum
1445 2751 1633 2778 tantummodo
1661 2752 1782 2786 patroci-

1002 2793 1077 2819 nium
1096 2793 1224 2827 promisit
1239 2793 1324 2825 Deus,
1342 2793 1388 2822 sed
1403 2795 1572 2822 alacritatem
1588 2796 1668 2822 simul
1685 2796 1784 2823 ducum

1002 2839 1151 2866 concitavit
1167 2839 1344 2869 univcrsiuue
1364 2842 1472 2875 populi,
1497 2846 1525 2868 ut
1549 2842 1655 2869 caeteris
1679 2842 1784 2868 cunctis
