1981 3073
215 123 269 152 685

783 150 788 158 ,
813 124 988 153 THEODORI
1000 123 1241 153 MOPSUES‘I'E‘SI

1779 122 1834 149 ,ιε-ι

217 182 330 211 omissis
353 181 515 209 aediﬁcando
544 181 647 216 templo
674 187 816 212 vacarent,
842 186 927 216 utque
951 188 1001 216 pro

1059 181 1128 214 θεὸς,
1146 181 1213 208 ἀλλὰ
1235 181 1280 207 καὶ
1303 181 1352 216 τὴν
1371 181 1523 216 προθυμίαν
1537 182 1607 208 κατὰ
1625 182 1722 209 ταυτὸν
1738 182 1792 208 τῶν
1805 191 1837 208 τε

218 229 324 257 viribus
339 228 372 255 ad
390 228 471 254 tinem
488 235 559 261 opus
581 227 770 261 perducerent.
794 227 923 254 l’osthine
943 228 1001 254 ala-

217 275 343 303 critatem
372 273 482 301 illorum
509 274 596 308 magis
623 273 711 300 adhuc
731 273 1000 306 conﬁrmans,Deus

218 320 357 356 prophetat
372 322 504 354 apparet,
521 319 579 346 haec
594 319 690 346 dicens
707 328 715 346 :

1051 227 1209 262 ἡγουμένων
1231 225 1370 261 ἐπέρρωσε
1393 226 1440 252 καὶ
1464 227 1561 259 παντὸς
1587 227 1635 253 τοῦ
1664 227 1739 257 λαοῦ,
1763 227 1835 255 ὥστε

1052 274 1140 300 πάντα
1154 273 1185 308 δὴ
1201 273 1236 299 τὰ
1257 273 1337 299 λοιπὰ.
1358 274 1571 308 παρωσαμένους
1591 273 1655 308 περί
1668 274 1717 308 τὴν
1731 273 1836 299 οἰκοδο-

1051 320 1105 355 μὴν
1118 319 1287 354 ἀσχολεῖσθαι
1302 319 1349 345 τοῦ
1365 319 1440 351 ναοῦ,
1455 320 1501 345 καὶ
1516 320 1545 346 τὸ
1556 320 1629 350 ὃπως
1646 320 1679 345 ἂν
1694 319 1785 351 αὐτοῖς
1795 320 1837 349 εἰς

219 365 294 397 τέλος
316 365 441 399 ἀφίκοιτο
454 364 484 391 τὸ
498 364 588 399 ἔργον.
604 362 670 391 Εἶτα
690 365 736 392 καὶ
759 364 808 400 τὴν
831 365 984 400 προθυμίαν
997 364 1087 391 αὐτῶν
1097 364 1143 390 ἐπὶ
1150 364 1229 392 πλέον
1236 363 1423 400 ὲπιρῤωννὺςὸ
1441 365 1506 397 Θεὸς
1519 365 1686 399 ἐπιφαίνεται
1701 365 1782 392 πάλιν
1796 364 1836 399 τῷ

219 412 346 448 προφήτῃ
357 412 435 438 ταυτὶ
450 411 536 445 λέγων
545 419 551 425 ·

548 456 624 484 CAP.
646 457 675 484 ll.

256 503 338 530 Vsus.
358 503 414 530 1-5.
438 512 446 528 ι
459 503 582 538 Loquere
598 503 757 530 Zorohaheli
775 503 932 532 Salathielis
948 505 1003 532 lilio

220 549 254 576 de
277 550 348 576 tribu
368 549 454 578 Iudae.
481 554 508 575 et
530 548 592 576 Iesu
613 549 735 576 Jesedeci
754 550 818 582 tilio,
841 555 868 577 et
892 551 1003 586 reliquis

219 595 348 622 omnibus
371 594 404 621 de
429 594 538 629 populo,
563 595 675 621 dicens:
693 594 760 627 Quis
785 603 818 622 ex
837 596 914 623 vobis
938 597 1005 623 vidit

219 641 330 667 domum
353 640 433 667 istam
456 641 482 666 in
508 640 592 677 gloria
617 648 666 667 sua
691 641 801 675 priore?
821 645 848 668 et
867 643 1003 676 quomodo

220 686 317 713 videtis
334 686 418 719 ipsam
437 693 520 717 nunc,
544 686 625 719 quasi
639 693 693 712 non
707 687 742 713 sit
757 694 849 714 coram
866 687 958 714 vobis?
976 687 1006 714 lit

221 738 294 757 nunc
309 730 475 761 conl‘ortare,
488 729 652 760 Zorohahel.
665 730 731 757 dicit
740 730 884 758 Dominus:
897 731 1006 758 confor-

220 779 279 802 tare
294 775 369 806 item,
383 774 447 802 Jesu
464 774 588 802 Josedeci
605 775 652 808 tili,
669 776 795 803 sacerdos
809 784 922 811 magne:
939 785 1006 803 con-

222 819 337 847 fortetur
363 819 480 853 denique
505 820 649 847 universus
676 824 755 847 terrae
783 822 914 855 populus,
940 822 1007 849 dicit

221 866 353 893 Dominus
363 865 551 900 omnipotens:
569 865 651 901 276
662 871 689 892 et
701 866 819 901 Spiritus
832 875 908 894 meus
920 869 1005 895 astitit
1021 878 1042 905 Β

222 911 248 938 in
263 910 351 937 medio
365 911 458 937 vestri.
473 919 482 936 ι
502 910 529 937 Si
545 911 606 945 quis
622 916 753 944 vestrum,
769 912 866 946 inquit,
886 917 1002 940 veterem

221 957 318 982 domus
340 955 422 989 hujus
444 955 559 989 gloriam
586 956 674 988 novit,
698 961 725 983 et
750 957 840 991 qualia
858 965 909 992 ego
922 957 1004 992 hujus

221 1007 303 1026 causa
327 1007 397 1033 saepe
414 999 534 1028 fecerim.
560 1000 599 1025 vel
620 1007 668 1033 pro
693 1001 792 1034 populo
810 1001 855 1035 qui
881 1001 1002 1035 ejusdem

221 1043 430 1071 sollicitudinem
457 1043 551 1078 gessit.
567 1043 660 1077 utique
686 1048 846 1078 agnosceret
871 1048 1003 1078 quantum

222 1089 266 1116 illa
281 1089 372 1123 priora
389 1096 402 1115 a
427 1088 604 1123 praesentibus
626 1089 762 1115 diﬂeratit.
782 1089 859 1116 Nunc
882 1090 1004 1124 plerique

220 1139 341 1161 vestrum
357 1134 402 1160 illa
419 1135 586 1168 ignorantes,
611 1139 637 1160 et
656 1134 800 1168 pra‘sentia
816 1138 919 1161 tantum
942 1142 1004 1169 spe-

221 1185 338 1210 ctantes.
352 1180 416 1206 nihil
434 1179 630 1214 propemodum
647 1187 694 1206 vos
710 1179 801 1206 videre
816 1181 926 1215 putatis,
942 1188 1005 1215 pro-

221 1232 280 1262 pter
297 1226 465 1254 obsidentem
483 1226 610 1260 templum
627 1225 678 1252 hoc
694 1225 866 1253 solitudinem
883 1235 928 1253 seu
948 1227 1004 1253 rui-

223 1279 295 1298 nam.
309 1270 501 1298 Verumtamen
518 1271 539 1297 si
557 1274 748 1305 perseverante
764 1271 904 1297 alacritate
920 1272 1006 1298 :ediﬁ—

221 1317 323 1344 cationi
338 1317 398 1351 ejus
411 1317 561 1348 instabilis,
571 1320 652 1351 atque
666 1316 757 1343 omnia
772 1315 804 1342 ad
816 1316 875 1350 ejus
886 1317 1005 1351 comple-

222 1367 343 1389 mentum
359 1362 479 1389 studiose
494 1362 676 1394 contuleritis,
692 1370 777 1390 meam
792 1363 930 1390 enimvero
944 1371 1006 1398 pro-

222 1408 368 1435 videntiam
379 1407 554 1440 sentietis;et
565 1407 643 1442 qu:tsi
659 1415 738 1435 omne
750 1408 865 1434 ollicium
881 1416 944 1443 erga
960 1408 1006 1435 Dei

223 1453 351 1488 templum
376 1453 574 1488 praestiteritis,
606 1454 775 1488 reliquorum
811 1453 1005 1480 beneﬁciorum

223 1503 362 1534 compotes
385 1499 471 1526 eritis.
497 1498 604 1533 Eroque
621 1499 777 1531 vobiscum,
803 1499 905 1534 inquit,
929 1499 1007 1526 factis

223 1545 291 1579 ipsis
309 1544 336 1572 id
351 1543 560 1578 demonstrans;
573 1552 715 1580 meamque
728 1545 842 1580 gratiam
858 1553 1007 1580 conseque-

224 1591 306 1623 mini,
322 1590 400 1618 vobis
421 1590 620 1625 quodammodo
640 1595 774 1618 astantem
790 1596 951 1625 vestrasque
964 1599 1008 1618 res

224 1637 460 1665 administrantem
470 1642 550 1671 atque
558 1637 774 1672 regentem.Nam
784 1638 865 1665 verba
876 1637 1008 1672 «Spiritus

225 1690 312 1716 meus,
334 1691 343 1708 ι
361 1683 475 1717 gratiam
492 1683 526 1709 ab
541 1690 573 1710 eo
589 1683 714 1710 collatam
734 1683 899 1718 signiﬁcant.

260 1772 484 1807 Quandoquidem
506 1773 624 1807 Spiritus
642 1774 727 1800 sancti
752 1773 918 1808 hypOstasim
945 1781 1007 1808 pro—

226 1820 325 1852 priam.
343 1822 473 1852 tanquam
487 1819 514 1844 in
529 1819 659 1853 singulari
676 1827 790 1853 persona
803 1820 921 1854 agnitum
936 1820 1006 1854 apud

228 1863 311 1889 Deum
324 1864 422 1890 veteris
438 1862 605 1890 Testamenti
619 1863 742 1890 homines
755 1871 807 1890 non
822 1869 989 1898 agnoverunt
1002 1873 1009 1896 ς

226 1909 318 1936 cuncti
343 1914 432 1935 autem
453 1913 517 1935 ante
538 1908 639 1936 Christi
665 1908 769 1936 Domini
795 1910 956 1941 adventum,
984 1917 1011 1937 et

227 1954 310 1981 Deum
325 1957 352 1981 ct
368 1953 530 1980 creationem
547 1954 681 1985 sciebant,
707 1955 753 1981 sed
773 1959 900 1989 pnetcrea
923 1956 988 1982 nihil
1002 1965 1009 1988 ;

226 1998 316 2025 divina
332 2002 397 2025 tunc
413 1997 555 2033 Scriptura
570 2000 690 2026 asseclas
706 2007 770 2026 suos
787 2000 823 2026 ita
837 2000 967 2034 docente;
984 2001 1009 2028 in

227 2044 357 2071 invisibili
379 2049 467 2071 autem
484 2049 609 2071 creatura
624 2046 690 2072 nihil
704 2047 813 2072 unicum
829 2053 1008 2082 agnoscente.

226 2089 274 2116 sed
289 2089 399 2124 angelos
416 2094 498 2124 atque
511 2090 626 2117 virtutes
643 2097 756 2119 cunctas
772 2093 924 2127 appellaute
938 2094 1009 2121 inri-

229 2136 322 2163 sibiles
337 2144 367 2162 ac
381 2137 568 2163 ministrantes
584 2137 761 2170 substantias,
778 2147 845 2173 quas
855 2139 1010 2167 subservire

229 2189 276 2216 per
289 2182 379 2208 omnia
392 2181 516 2208 tradebat
531 2182 630 2208 divinis
658 2183 779 2210 nutibus.
796 2184 927 2218 Spiritum
947 2193 1011 2211 san-

1377 455 1455 483 ΚΕΦ.
1473 455 1512 480 ιιι.

1088 501 1162 536 Στίχ.
1176 503 1243 527 α’-ε¹.
1259 515 1291 521 -
1307 509 1316 525 ι
1326 500 1409 526 Εἰπὸν
1429 501 1460 535 δὴ
1476 501 1544 536 πρὸς
1557 499 1707 536 Ζοροϐάϐελ
1728 499 1773 526 τὸν
1786 499 1836 526 τοῦ

1054 547 1189 582 ΣαλαΘιὴλ
1200 549 1232 574 ὲκ
1245 547 1329 581 φυλῆς
1352 546 1444 578 Ἰούδα,
1463 547 1510 573 καὶ
1527 547 1594 581 πρὸς
1614 546 1713 582 Ἰησοῦν
1726 546 1771 572 τὸν
1786 545 1835 571 τοῦ

1061 593 1180 619 Ἰωσεδὲκ
1193 592 1238 618 τὸν
1256 592 1331 627 ἱερέα
1343 591 1389 618 τὸν
1406 591 1501 626 μέγαν,
1516 591 1562 618 καὶ
1579 591 1646 626 πρὸς
1660 592 1762 621 πάντας
1772 590 1837 620 τοὺς

1054 637 1234 669 καταλοίπους
1252 637 1298 663 τοῦ
1316 636 1390 668 λαοῦ,
1406 637 1491 671 λέγων
1505 646 1512 653 '
1537 637 1584 668 Τίς
1604 636 1633 668 ἐξ
1647 637 1723 671 ὑμῶν
1736 637 1765 668 ὃς
1780 633 1836 662 εἶδε

1052 683 1097 708 τὸν
1111 681 1184 709 οἶκον
1198 682 1290 708 τοῦτον
1311 682 1339 708 ὲν
1363 683 1396 716 τῇ
1418 681 1480 717 δόξῃ
1505 681 1586 707 αὑτοῦ
1604 683 1636 717 τῇ
1660 681 1834 717 ἕμπροσθενξ

1054 729 1101 754 καὶ
1128 727 1187 759 πῶς
1217 727 1296 762 ὑμεῖς
1329 726 1440 762 βλέπετε
1469 727 1550 753 αὐτὸν
1581 726 1628 753 νῦν
1658 726 1748 758 καθὼς
1775 726 1838 760 οὐχὶ

1055 775 1211 809 ὑπάρχοντα
1226 773 1339 800 ἐνώπιον
1361 772 1437 808 ὑμῶν
1451 780 1458 805 ;
1479 772 1526 799 καὶ
1534 771 1581 799 νῦν
1590 770 1731 804 κατίσχυε,
1753 773 1836 806 Ζορο-

1055 819 1148 850 ϐάϐελ,
1168 821 1204 853 (p.
1217 819 1279 851 M9)
1301 818 1374 852 λέγει
1397 817 1496 852 Κύριος
1511 825 1518 833 ·
1539 818 1587 843 καὶ
1601 815 1836 852 κατίσχυε,’1ησοῦ

1055 867 1069 892 ὁ
1091 865 1138 892 τοῦ
1159 865 1280 892 Ἰωσεδὲκ
1301 865 1315 890 ὁ
1338 865 1427 899 ἱερεὺς
1440 864 1455 890 ὁ
1469 863 1573 898 μέγας·
1599 863 1645 889 καὶ
1667 862 1838 897 κατισχυέτω

1057 913 1110 942 πᾶς
1121 912 1136 938 ὁ
1147 911 1210 942 λαὸς
1223 910 1272 944 τῆς
1285 911 1346 945 γῆς,
1363 910 1436 944 λέγει
1454 910 1554 945 Κύριος
1571 909 1776 944 παντοκράτωρ,
1790 908 1838 934 καί

1056 959 1086 983 re
1102 955 1216 992 Πνεῦμα
1224 965 1275 992 μου
1283 957 1430 992 ἐφέστηκεν
1441 957 1470 983 ὲν
1478 956 1554 992 μέσῳ
1573 955 1674 991 ὑμῶν.»
1688 955 1719 981 Εἰ
1733 954 1785 989 γάρ
1796 963 1838 985 τις

1058 1002 1143 1038 ὑμῶν,
1167 1002 1243 1038 φησὶ,
1267 1001 1315 1036 τὴν
1338 1000 1454 1028 παλαιὰν
1477 1000 1523 1026 τοῦ
1545 1001 1621 1027 οἴκου
1644 1000 1737 1026 τούτου
1760 999 1839 1032 δόξαν

1056 1050 1198 1084 ἠπίστατο,
1210 1048 1256 1074 καὶ
1268 1046 1363 1083 οἷάπερ
1380 1048 1413 1073 τὰ
1430 1047 1492 1082 περί
1508 1047 1588 1074 αὑτὸν
1600 1047 1664 1082 παρ’
1678 1045 1744 1080 ἐμοῦ
1757 1053 1839 1079 γεγο⁹

1058 1095 1120 1121 νότα
1132 1094 1336 1126 πολλάκις,εἵτε
1351 1093 1413 1127 περὶ
1420 1093 1465 1119 τὸν
1478 1093 1541 1119 λαὸν
1548 1093 1598 1127 τῆς
1614 1094 1642 1119 ὲν
1657 1092 1729 1127 αὐτῷ
1742 1091 1839 1118 τελου-

1061 1141 1142 1176 μένης
1169 1139 1286 1174 σπουδῆς
1303 1140 1405 1171 ἓνεκεν,
1422 1140 1538 1166 συνεῖδεν
1567 1138 1599 1165 ἂν
1613 1139 1697 1173 ὁπόση
1712 1137 1765 1164 τῶν
1779 1137 1840 1163 τότε

1057 1187 1105 1214 καὶ
1118 1186 1164 1213 νῦν
1181 1187 1254 1213 ἐστιν
1268 1187 1285 1221 ἡ
1303 1185 1436 1221 μεταόολή
1449 1194 1456 1200 ·
1482 1185 1529 1212 νῦν
1550 1185 1604 1219 γὰρ
1623 1185 1713 1211 ἐκεῖνα
1729 1184 1776 1218 μὲν
1789 1183 1840 1209 οὐκ

1058 1232 1157 1264 εἰδότες
1175 1233 1250 1267 ὑμῶν
1271 1232 1296 1258 οἱ
1315 1231 1416 1263 πολλοὶ,
1433 1231 1467 1258 τὰ
1487 1232 1607 1266 παρόντα
1621 1230 1649 1257 δὲ
1664 1230 1788 1264 ὁρῶντες,
1802 1228 1840 1258 ὼς

1058 1277 1090 1304 ἂν
1114 1277 1164 1304 οὐκ
1185 1277 1249 1303 ὂντα
1276 1277 1319 1303 διὰ
1350 1277 1399 1312 τὴν
1427 1277 1591 1311 κατέχουσαν
1618 1276 1698 1302 αὑτὸν
1723 1274 1841 1310 ἐρημίαν

1058 1323 1138 1357 ὁρᾶτε
1150 1329 1156 1336 ·
1181 1321 1248 1348 ἀλλὰ
1263 1322 1316 1357 γὰρ
1332 1322 1488 1356 ἐπιμείναιτε
1508 1323 1541 1356 τῇ
1559 1322 1623 1356 περὶ
1636 1321 1684 1356 τὴν
1697 1319 1841 1354 οἰκοδομὴν

1060 1367 1209 1403 προθυμίᾳ,
1225 1367 1272 1393 καὶ
1286 1358 1373 1394 πάντα
1386 1367 1418 1402 δὴ
1435 1366 1501 1402 μετὰ
1513 1367 1562 1402 τῆς
1577 1366 1767 1402 προσηκούσης
1782 1367 1841 1392 ἐπι-

1059 1414 1159 1440 τελεῖτε
1170 1414 1285 1449 σπουδῆς
1299 1415 1337 1445 εἰς
1351 1414 1522 1449 ἐκπλήρωσιν
1532 1413 1579 1440 τοῦ
1592 1413 1666 1440 ναοῦ·
1680 1413 1840 1448 αἰσθήσεσθε

1060 1459 1113 1494 γὰρ
1128 1460 1178 1494 τῆς
1200 1460 1268 1495 ἐμῆς
1293 1459 1453 1494 κηδεμονίας
1470 1459 1541 1492 τότε,
1567 1460 1614 1486 καὶ
1635 1457 1689 1486 οἷον
1705 1459 1737 1486 τὰ
1757 1459 1841 1494 καθή-

1061 1514 1141 1532 κοντα
1157 1507 1185 1531 έν
1199 1505 1238 1540 τῷ
1251 1505 1306 1540 ναῷ
1319 1506 1380 1541 περὶ
1391 1506 1435 1532 τὸν
1448 1505 1514 1532 Θεὸν
1529 1505 1704 1540 πληροῦντες,
1716 1505 1842 1538 τεύξεσθε

1027 1555 1041 1582 [ξ
1058 1551 1104 1577 τοῦ
1116 1551 1219 1578 λοιποῦ·
1239 1550 1337 1586 ἔσομαι
1350 1552 1390 1584 δὲ,
1403 1552 1494 1586 φησὶν,
1512 1552 1540 1577 ὲν
1555 1552 1629 1587 ὑμῖν,
1643 1551 1676 1577 δι’
1691 1551 1778 1578 αὐτῶν
1788 1550 1842 1577 τῶν

1059 1596 1226 1632 πραγμάτων
1247 1597 1429 1632 δεικνύμενος,
1456 1598 1503 1624 καὶ
1525 1597 1560 1623 τὰ
1581 1597 1692 1632 χάριτος
1714 1596 1842 1629 τεύξεσθε

1057 1643 1106 1677 τῆς
1116 1642 1145 1674 ἐξ
1159 1641 1224 1676 ἐμοῦ
1240 1643 1318 1677 μόνον
1331 1643 1381 1669 οὐκ
1393 1642 1550 1678 ἐφεστώσης
1561 1643 1635 1677 ὑμῖν,
1648 1643 1842 1678 οἰκονομούσης

1058 1696 1086 1714 τε
1100 1688 1145 1714 καὶ
1157 1687 1308 1723 διοικούσης
1321 1688 1354 1714 τὰ
1367 1689 1426 1715 καθ’
1439 1689 1520 1723 ὑμᾶς·
1531 1688 1562 1715 τὸ
1576 1689 1630 1723 γὰρ
1644 1689 1763 1722 Πνεῦμὰ
1771 1697 1841 1723 μου,

1058 1732 1108 1767 τὴν
1121 1732 1199 1766 χάριν
1218 1732 1267 1767 τὴν
1280 1733 1310 1764 ἐξ
1325 1733 1405 1759 αὑτοῦ
1423 1733 1505 1767 λέγει.

1101 1779 1209 1813 Ἐπειδὴ
1231 1779 1387 1814 Πνεύματος
1407 1780 1484 1813 ἁγίου
1502 1780 1648 1807 ὑπόστασιν
1667 1780 1733 1806 ἰδίαν
1755 1780 1792 1811 ὡς
1814 1781 1843 1806 ὲν

1060 1824 1195 1859 προσώπῳ
1209 1824 1410 1860 γνωριζομένην
1423 1825 1514 1860 οἰκείῳ
1526 1825 1602 1860 παρὰ
1617 1824 1662 1851 τὸν
1677 1825 1742 1851 Θεὸν
1756 1826 1780 1850 οἱ
1794 1824 1842 1858 τῆς

1061 1868 1177 1900 παλαιᾶς
1209 1869 1258 1895 οὐκ
1292 1870 1439 1903 ἠπίσταντο
1469 1870 1604 1906 Διαθήκης
1629 1870 1702 1906 (55).
1722 1871 1760 1904 (p.
1782 1870 1841 1901 420)

1061 1915 1168 1941 πάντων
1190 1915 1242 1941 τῶν
1259 1915 1312 1950 πρὸ
1325 1915 1372 1941 τοῦ
1395 1916 1528 1942 Δεσπότω
1552 1916 1669 1951 Χριστοῦ
1693 1916 1844 1952 παρουσίας

1061 1961 1126 1987 Θεὸν
1147 1961 1254 1987 εἰδότων
1277 1962 1323 1988 καὶ
1349 1962 1446 1994 κτίσιν,
1473 1962 1565 1997 ἕτερον
1581 1962 1609 1989 δὲ
1630 1962 1724 1989 οὐδένα
1739 1971 1779 1994 τε,
1797 1963 1843 1989 καὶ

1060 2007 1110 2042 τῆς
1130 2007 1204 2038 Θείας
1225 2007 1335 2043 Γραφῆς
1351 2008 1428 2034 τοῦτο
1451 2008 1630 2044 παιδευούσης
1650 2009 1712 2040 τοὺς
1727 2009 1844 2040 οἰκείους

1061 2054 1090 2079 ὲν
1105 2053 1143 2088 τῷ
1157 2054 1218 2080 τότε
1240 2053 1342 2088 καιρῷ,
1363 2055 1391 2080 ἐν
1415 2055 1522 2090 ἀοράτῳ
1544 2055 1573 2081 δὲ
1596 2055 1682 2081 κτίσει
1704 2055 1844 2089 μοναδικὸν

1063 2099 1112 2132 μὲν
1134 2099 1208 2125 οὐδὲν
1233 2100 1415 2134 ἐπισταμένης
1428 2108 1435 2114 ·
1462 2101 1592 2134 ἀγγέλους
1612 2100 1640 2126 δὲ
1657 2102 1703 2127 καὶ
1717 2101 1844 2136 δυνάμεις

1063 2144 1159 2176 κοινῶς
1172 2144 1306 2180 καλούσης
1320 2146 1426 2177 ἁπάσας
1436 2146 1485 2177 τὰς
1499 2147 1629 2181 ἁορόιτους
1645 2147 1691 2173 καὶ
1701 2146 1846 2182 λειτουργι-

1063 2190 1113 2221 κὰς
1128 2190 1229 2222 οὐσίας,
1242 2191 1274 2222 ἃς
1287 2192 1478 2226 ὑπηρετεῖσθαι
1495 2193 1524 2218 ἐν
1538 2193 1637 2219 ἅπασιν
1654 2193 1776 2219 ἐδίδασκε
1790 2194 1844 2224 τοῖς

229 2232 302 2253 «tum
317 2227 407 2262 itaque
424 2227 450 2253 in
466 2228 574 2262 propria
590 2228 731 2262 hyposlasi
746 2230 815 2264 apud
830 2230 912 2257 Deum
929 2239 1008 2265 agno-

1065 2236 1180 2270 νεύμασι
1203 2238 1258 2268 τοῖς
1284 2238 1373 2269 ϐείοις.
1400 2239 1511 2274 Πνεῦμα
1536 2240 1624 2266 τοίνυν
1648 2240 1724 2274 ἅγιον
1748 2241 1776 2266 ὲν
1795 2240 1846 2275 ἰδίᾳ

231 2280 307 2300 scere
318 2272 459 2307 nequibat:
473 2280 534 2298 nam
545 2281 632 2307 neque
644 2275 713 2301 inter
722 2275 906 2303 ministrantes
919 2285 1009 2303 nume-

229 2318 285 2344 rari
299 2321 401 2351 poterat
414 2319 484 2352 quod
495 2323 553 2345 erat
563 2319 684 2349 unicum.
695 2328 781 2354 neque
791 2328 852 2347 cum
865 2321 919 2348 Deo
933 2323 1013 2357 277

231 2364 357 2390 collocari
379 2363 511 2398 quidquid
533 2365 560 2391 in
579 2366 707 2399 peculiari
732 2374 849 2400 persona
864 2369 1015 2396 consistere

231 2409 389 2436 dicebatur:
405 2409 472 2435 nihil
489 2409 561 2436 enim
579 2410 735 2444 hujusmodi
750 2415 814 2438 tunc
827 2412 924 2438 scitum
938 2418 1014 2446 erat;

232 2455 278 2482 sed
301 2455 326 2481 id
341 2455 448 2481 demum
470 2462 520 2482 nos
542 2456 650 2482 edocuit
664 2455 788 2484 Christus
809 2456 947 2488 Dominus.
966 2459 1013 2493 qui

232 2501 363 2536 apostolis
386 2502 444 2528 suis
471 2501 626 2533 mandavit,
652 2501 775 2529 «Euntes
800 2504 894 2531 docete
918 2512 1014 2532 omnes

269 2586 466 2624 (55)_Sequitur
484 2588 618 2615 Theodori
635 2589 793 2623 disputatio,
821 2591 891 2624 quod
914 2591 1012 2618 veteris

232 2627 311 2659 aetate
322 2621 485 2650 Testamenti
511 2623 627 2658 Spiritus
641 2621 726 2652 sancti
741 2621 855 2659 persona
884 2632 946 2652 nota
958 2634 1012 2652 non

235 2657 334 2690 fuerit;
350 2665 429 2691 quam
445 2666 521 2695 suam
537 2659 690 2695 opinionem
707 2657 776 2686 idem
796 2661 873 2687 nobis
893 2661 1014 2695 oggessit

233 2697 397 2728 etiamrelro
406 2700 430 2727 p.
449 2694 492 2719 85.
510 2693 589 2728 Atqui
601 2694 709 2721 Nicetes
721 2693 1014 2728 Aquileiensisfl‘heo-

234 2727 301 2754 dero
315 2727 396 2765 lerine
411 2727 664 2765 ciuilempoi-ancus,
678 2738 710 2756 ex
725 2727 775 2756 hoc
788 2730 846 2763 ipso
858 2731 943 2765 Aggani
957 2731 1016 2757 loco

235 2762 398 2800 contrariam
412 2762 553 2789 Theodoro
563 2767 652 2789 litetur
659 2762 818 2800 sententiain
829 2765 854 2791 in
864 2762 970 2800 egregio
983 2765 1018 2791 De

237 2796 335 2829 Spiritu
350 2803 440 2823 suum;
453 2802 660 2832 traetatu,quem
675 2807 724 2826 nus
739 2808 770 2825 cx
786 2796 914 2827 Vaticano
924 2796 1018 2827 codice

236 2832 381 2864 edidimus,
411 2834 436 2859 in
470 2833 569 2868 St-ripz.
607 2833 663 2860 νι-ι.
691 2839 756 2861 tom.
786 2833 840 2862 Vll.
875 2837 919 2862 Ait
942 2836 1014 2862 enim

1064 2282 1210 2309 ὑποστάσει
1224 2283 1299 2318 παρά
1312 2284 1355 2322 τον
1367 2284 1432 2311 Θεὸν
1445 2285 1542 2312 εἰδέναι
1557 2286 1607 2312 οὑκ
1620 2285 1750 2321 ἠδύναντο
1760 2295 1767 2301 ·
1785 2286 1846 2312 οὔτε

1063 2327 1116 2362 γὰρ
1130 2328 1158 2353 ὲν
1178 2327 1372 2363 λειτουργικοῖς
1393 2330 1519 2366 ἀριθμεῖν
1541 2330 1596 2358 οἷόν
1618 2340 1648 2358 τε
1661 2329 1695 2367 ἧν
1716 2332 1746 2358 τὸ
1766 2341 1846 2367 μονα-

1063 2371 1154 2403 δικὸν,
1183 2371 1243 2398 οὔτε
1270 2373 1329 2408 Θεῷ
1360 2375 1514 2402 συντάττειν
1539 2376 1568 2403 ὲν
1594 2375 1650 2410 ἰδίῳ
1670 2385 1696 2403 τι
1720 2377 1846 2410 λέγοντας

1065 2417 1220 2453 προσώπῳ·
1245 2419 1306 2445 ἐπεὶ
1339 2420 1421 2455 μηδὲν
1444 2421 1541 2456 ᾔδεσαν
1565 2421 1689 2449 τοιοῦτο·
1714 2422 1800 2449 ταῦτα
1819 2423 1848 2449 δὲ

1064 2464 1138 2498 ἡμᾶς
1152 2465 1167 2490 ὁ
1178 2465 1315 2501 Δεσπότης
1331 2467 1448 2501 Χριστος
1463 2467 1623 2501 ἐξεδίδαξεν,
1636 2469 1665 2499 ὂς
1680 2470 1736 2500 τοῖς
1751 2469 1848 2496 ἑαυτοῦ

1066 2509 1222 2544 παρέδωκεν
1244 2512 1402 2544 ἀποστόλοις
1431 2513 1493 2546 τδ,«
1514 2513 1693 2550 Πορευθέντες
1715 2515 1851 2551 μαθητεύ-

1064 2603 1089 2629 p.
1104 2594 1177 2636 52.37:
1193 2595 1224 2622 de
1242 2595 1342 2630 Spiritu
1364 2600 1552 2636 sanfto._quod
1566 2599 1636 2636 adsit
1659 2601 1763 2636 ubique,
1786 2602 1849 2629 dicit

1064 2630 1189 2669 nropltsta
1210 2636 1242 2657 ex
1267 2640 1379 2665 persona
1401 2630 1507 2660 Domir'zi
1519 2655 1526 2664 .
1560 2644 1569 2659 ι
1590 2635 1644 2669 Ego
1667 2636 1694 2662 in
1709 2630 1794 2668 'vob'is,
1827 2643 1850 2663 et

1065 2665 1181 2706 Spiritus
1198 2675 1277 2705 'meus
1291 2672 1345 2693 stat
1360 2668 1485 2706 iumedio
1509 2665 1631 2696 restruni.
1663 2680 1671 2695 ι
1697 2665 1852 2706 Ibidemque

1064 2701 1117 2726 alia
1151 2702 1415 2729 recitattestnnonia
1438 2703 1507 2734 Johi.
1539 2705 1657 2732 Davidis.
1686 2701 1850 2733 Salomonis.

1066 2734 1143 2766 Quod
1155 2742 1342 2769 argumentum
1373 2738 1452 2764 lat-ins
1473 2743 1624 2767 tractarunt
1635 2741 1680 2766 alii
1696 2739 1800 2770 Patres.
1818 2743 1850 2769 de

1070 2770 1168 2807 quibus
1195 2771 1325 2799 videndus
1352 2771 1477 2800 Petavius
1499 2774 1536 2800 De
1553 2774 1626 2806 Trin,
1652 2776 1697 2802 lib.
1724 2783 1752 2807 ll,
1771 2777 1796 2803 τ.
1817 2778 1851 2803 lle

1071 2805 1122 2866 :iac
1138 2813 1170 2866 rel
1186 2813 1292 2832 rursum
1310 2815 1358 2834 nos
1373 2807 1537 2836 dissert-tuus
1554 2810 1586 2836 ad
1602 2805 1852 2846 Znt’llttl'lwt‘npttu-

1082 2849 1124 2866 um
1146 2847 1151 2866 ι
1177 2860 1181 2866 .

1082 2849 1124 2866 Ulli
1146 2847 1181 2866 ll.
