1969 3069
167 136 218 166 «187

744 122 919 152 THEODORI
938 119 1181 150 MOPSUESTE‘NI

1742 116 1794 145 488

168 199 242 220 enim
256 193 370 219 cunctas
387 195 455 224 pene
476 190 654 214 commovens
670 187 774 219 gentes,
790 189 889 217 magno
904 188 957 208 ntt«-
971 203 975 212 ,

1029 179 1130 215 ράτωρ,
1141 177 1189 203 καὶ
1201 176 1313 211 εἰρήνην
1323 174 1412 210 ψυχῆς
1426 174 1465 206 εἰς
1478 173 1651 209 περιποίησιν
1663 173 1745 199 παντὶ
1757 172 1796 208 τῷ

171 245 249 266 mero
271 222 419 270 multisque
446 232 574 268 praeditas
598 230 712 266 opibus.
736 227 772 256 ad
795 235 844 255 vos
862 222 956 254 venire

171 283 338 319 permittam.
355 280 423 309 Dicit
439 282 530 319 autem
546 276 614 312 Gogi
639 275 779 311 populum,
797 281 852 309 quo
875 272 958 300 adve-

172 317 274 360 niente.
287 332 353 355 tunc
366 317 591 353 maxime’domus
602 322 685 356 hujus
698 320 785 356 gloria
797 320 957 346 inrlarescet

173 379 284 411 propter
301 364 389 401 meam
406 372 536 400 tutelam:
554 378 617 397 nam
637 369 745 396 illorum
766 371 908 402 argentum
931 368 958 391 et

174 428 281 452 aurum,
296 424 322 448 et
336 417 480 454 quidquid.
495 419 523 442 ut
533 414 688 443 summatim
701 413 800 443 dicam,
816 411 957 450 iihabcnt,

175 474 264 494 meum
278 469 330 496 est.
341 463 470 500 quoniam
485 461 552 489 nihil
567 460 595 488 itt
608 459 708 487 mundo
725 465 814 486 mettm
827 464 882 484 non
898 460 958 487 est,

175 512 239 548 quia
251 516 378 539 creatura
393 508 484 536 omnis
493 515 562 542 opus
577 513 667 534 meum
679 507 719 532 est
733 514 739 531 :
755 511 815 539 qua:
826 510 878 538 ego
893 502 960 537 ipsis

175 546 268 592 erepta
292 555 325 582 ad
340 561 390 582 vos
412 553 587 580 transferam.
603 551 705 577 nttllam
723 549 757 576 iis
776 547 905 583 injuriam
921 546 962 573 fa-

176 603 253 632 ciens
267 601 314 636 qtti
330 608 385 628 non
401 607 450 626 sua
469 598 657 634 possidebat“;
676 595 724 623 sed
750 602 808 622 mea
823 593 885 628 jure
905 600 962 619 me-

175 648 286 682 ritoque
300 645 368 673 meis
381 644 526 671 Conferens
537 651 545 675 ;
557 642 592 669 ita
607 645 635 667 ut
648 640 759 675 gloriam
773 645 861 666 meam
874 637 901 665 in
911 637 963 664 hoc

176 692 278 727 templo
294 699 342 726 per
354 698 386 718 ea
401 697 462 725 quae
470 695 562 724 geram
573 691 736 715 ostensurus
744 684 766 712 si
771 693 808 716 ut,
817 690 912 718 preces
918 690 963 710 ve-

177 742 251 766 stras
268 736 350 772 279
369 735 424 762 illic
436 734 585 768 excipiens,
605 732 739 766 vobisque
759 730 893 757 adversus
913 728 964 756 ho-

178 788 236 812 stes
268 784 339 810 vires
369 779 564 816 suppeditans,
592 778 660 804 tales
687 782 830 810 tantosque
860 774 907 810 qui
937 776 964 800 et

179 836 288 858 omnem
302 834 447 856 numerum
464 827 640 860 exsuperant,
656 826 683 851 et
695 822 791 850 bellica
808 821 903 856 peritia
921 819 964 846 in-

1009 224 1137 257 κτίζοντι,
1156 222 1203 249 τοῦ
1220 221 1370 256 ἅναστῆλαι
1387 220 1433 247 τὸν
1448 219 1510 246 ναὸν
1523 218 1628 245 τοῦτον.
1649 228 1658 244 ι
1674 218 1744 254 Περὶ
1767 217 1796 245 δὲ

1009 272 1058 306 τῆς
1081 270 1204 300 σπάνεως
1219 268 1274 294 τῶν
1291 266 1460 302 ἐπιτηδείων,
1478 266 1555 300 φησι,
1573 264 1610 299 μὴ
1625 263 1795 299 φροντίζετε·

1013 317 1090 352 μόνον
1107 316 1162 351 γὰρ
1177 315 1225 350 οὺχ
1239 313 1346 341 ἅπαντα
1363 312 1506 343 συσσείσας
1520 312 1554 338 τὰ
1572 310 1646 345 ἔθνη,
1666 310 1751 336 πολλά
1766 317 1797 336 τε

1012 363 1057 390 καὶ
1073 362 1171 389 πολλοῦ
1186 362 1305 396 γέμοντα
1321 359 1448 392 πλούτου,
1462 359 1503 393 ἐφ’
1522 359 1594 393 ὑμᾶς
1611 358 1698 384 ἐλθεῖν
1712 356 1794 382 ἐάσω.

1012 410 1095 443 Λέγει
1108 408 1135 434 δὲ
1147 408 1209 438 τοὺς
1226 406 1290 441 περὶ
1304 406 1348 432 τὸν
1363 405 1439 439 Γὼγ,
1460 402 1497 431 ὧν
1510 403 1677 439 ἐληλυθότων
1688 402 1748 428 τότε
1763 400 1797 436 δὴ

1012 455 1062 489 τῆς
1085 453 1163 488 δόξης
1189 452 1236 478 τοῦ
1262 451 1337 477 οἴκου
1360 449 1454 477 τούτου
1481 449 1512 475 τὸ
1540 447 1654 483 μέγεθος
1682 445 1797 480 ἐκφανὲς

1014 501 1118 536 ποιήσω
1138 499 1181 525 διὰ
1198 499 1246 533 τῆς
1260 497 1422 533 κηδεμονίας
1441 495 1491 530 τῆς
1511 495 1580 530 ὲμῆς
1593 502 1599 509 ·
1620 493 1667 520 καὶ
1683 492 1737 527 γὰρ
1750 491 1798 518 καὶ

1014 548 1044 573 τὸ
1058 545 1188 581 ἀργύριον
1202 543 1233 570 τὸ
1244 543 1344 579 προσὸν
1360 541 1484 575 ἐκείνοις,
1502 540 1540 576 (p.
1552 539 1614 574 425)
1628 539 1674 565 καὶ
1688 538 1718 565 τὸ
1730 546 1798 574 χρυ-

1015 592 1087 624 σίον,
1103 590 1151 617 καὶ
1175 589 1264 616 πάντα
1284 588 1317 624 δὴ
1342 587 1481 622 συντόμως
1504 587 1591 612 εἰπεῖν
1607 584 1642 611 τὰ
1664 583 1798 620 προσόντα

1015 637 1128 668 ἐκείνοις
1140 634 1208 670 ἐμά’
1224 634 1272 661 ἅτε
1282 633 1314 669 δὴ
1328 632 1415 658 πάντα
1425 631 1490 658 ὄντα
1505 629 1574 665 ὲμά·
1590 629 1651 655 ὲπεὶ
1664 628 1711 655 καὶ
1725 628 1799 654 πᾶσα

1015 682 1095 717 ἔργον
1118 681 1135 715 ἠ
1156 679 1245 710 κτίσις
1264 677 1347 713 ἐμόν’
1368 677 1440 712 ἅπερ
1464 672 1510 702 οὖν
1533 673 1649 709 ἀφελὼν.
1668 675 1707 705 εις
1728 672 1800 708 ὑμᾶς

1018 716 1188 761 μεταστήσω,
1203 723 1254 750 οὐκ
1270 721 1370 749 ἀδικῶν
1387 722 1451 752 τοὺς
1465 720 1576 755 ἔχοντας
1592 718 1618 746 οἶ
1631 727 1663 753 γε
1678 716 1749 754 εἶχον
1764 717 1800 744 τὰ

1018 771 1055 806 μὴ
1069 770 1167 798 αὐτῶν·
1181 769 1216 795 τὰ
1228 768 1284 804 ἐμὰ
1295 767 1322 794 δὲ
1335 766 1448 798 εἰκότως
1461 766 1548 798 διδοὺς
1561 766 1617 796 τοῖς
1632 765 1718 800 ἐμοῖς
1729 764 1799 790 ὥστε

1016 817 1066 853 τὴν
1087 817 1147 844 τότε
1166 814 1343 850 δεικνυμένην
1369 813 1433 848 περὶ
1453 812 1498 839 τὸν
1515 810 1587 838 οἶκον
1607 811 1701 838 τοῦτον
1723 810 1801 842 δόξαν

179 874 246 901 victi
264 878 345 900 sunt:
362 879 418 907 quo
429 870 475 898 ﬁet
494 874 522 897 ut
535 851 640 896 cunctis
656 867 741 902 major
757 871 884 902 appareat
900 873 966 900 pra:—

1075 860 1112 889 ὦν
1122 861 1333 897 διαπράττομαι,
1345 858 1486 894 δεχόμενός
1497 867 1527 884 τε
1539 858 1615 893 ὑμῶν
1625 857 1674 889 τὰς
1688 857 1717 883 ὲν
1728 851 1803 891 αὒτῷ

180 926 255 952 sons,
277 924 360 953 quam
387 915 525 953 praeterita
551 914 644 949 templi
668 913 750 948 hujus
769 913 877 948 gloria:
903 911 967 946 quia

183 963 273 998 majus
287 963 339 990 hoc
356 956 494 989 videbitur
511 961 627 991 facinus.
642 966 725 994 quatit
742 958 819 992 prius
835 956 902 983 illud
918 957 970 983 sub

182 1009 303 1046 Assyriis
318 1008 360 1036 vel
380 1006 545 1044 quibusdam
570 1006 651 1032 aliis:
670 1007 812 1039 propterea
827 1002 899 1037 quod
914 1010 970 1030 nott

183 1053 356 1082 multitudine
375 1057 494 1085 tantum,
506 1051 552 1080 sed
567 1052 660 1087 vigore
674 1050 756 1077 etiam
775 1053 856 1083 atque
873 1047 970 1083 peritia

185 1103 336 1138 praesentes
354 1098 447 1125 hostes
464 1097 563 1132 priscis
578 1095 753 1122 antecellaut.
767 1093 871 1127 Quibus
883 1092 972 1119 omni-

186 1145 235 1173 bus
247 1145 348 1173 virtute
363 1152 423 1171 mea
438 1142 602 1171 mirabiliter
612 1141 761 1176 superatis,
778 1141 805 1166 in
817 1138 973 1166 ornuintoda

186 1198 251 1226 pace
272 1189 380 1221 vivetis,
406 1187 556 1224 tranquillo
579 1187 671 1214 animo
694 1189 806 1221 propter
829 1184 974 1219 cujuslibet

187 1236 274 1263 hostis
288 1234 487 1269 depulsionem.
507 1232 687 1268 plurimisque
703 1229 840 1257 mattuhiis
855 1229 918 1257 inde
930 1237 974 1257 re-

187 1281 313 1316 portatis,
338 1287 454 1315 quarum
480 1278 560 1314 potiti
583 1278 690 1306 facilem
713 1276 847 1303 habebitis
870 1275 975 1310 copiam

187 1334 236 1363 pro
264 1330 358 1354 vestro
386 1325 465 1353 libito
493 1325 624 1359 templum
651 1323 703 1350 hoc
725 1322 882 1349 exstruendi
901 1327 927 1349 et
948 1320 976 1348 in

187 1373 274 1399 altum
299 1371 456 1403 attollendi,
481 1374 511 1398 ut
522 1369 607 1397 decus
628 1376 707 1405 suum
735 1368 843 1398 habeat.
868 1371 978 1402 propter

187 1427 236 1448 eos
249 1419 296 1454 qui
317 1418 416 1446 orandi
440 1422 468 1445 et
490 1416 594 1444 cultum
610 1414 756 1442 exhibendi
770 1421 854 1442 causa
877 1421 978 1440 conve-

189 1470 276 1493 ment.

1018 909 1136 944 δεήσεις,
1161 908 1210 934 καὶ
1231 906 1356 942 παρέχων
1378 905 1441 941 ὑμῖν
1458 904 1488 930 τὸ
1512 903 1581 931 κατὰ.
1594 902 1647 929 τῶν
1667 902 1804 937 πολεμίων

1019 955 1128 990 κράτος,
1140 952 1275 980 τοσούτων
1288 961 1317 979 τε
1327 952 1412 979 ὄντων
1425 950 1470 977 καὶ
1487 949 1624 981 τοιούτων,
1637 947 1674 979 ὡς
1688 947 1804 983 ἀριθμὸν

1022 1000 1070 1035 μὲν
1081 999 1180 1030 αὐτοὺς
1193 997 1232 1033 τῷ
1246 997 1341 1030 πλήθει
1355 997 1443 1031 νικᾷν,
1454 995 1681 1031 ἁκαταμαχήτους
1691 994 1720 1020 δὲ
1736 992 1804 1020 εἶναι

1019 1045 1063 1072 διὰ
1077 1044 1191 1080 δύναμίν
1214 1052 1243 1070 τε
1258 1053 1305 1071 και
1322 1042 1473 1079 πολεμικὴν
1488 1042 1635 1077 ἐμπειρίαν
1645 1049 1651 1055 ·
1667 1042 1722 1073 τοῖς
1739 1041 1806 1067 πᾶσι

1021 1091 1108 1118 δοκεῖν
1132 1090 1243 1126 μείζονα
1266 1089 1408 1124 φαίνεσθαι
1430 1088 1480 1123 τῆς
1499 1087 1564 1114 ποτὲ
1585 1087 1649 1122 περὶ
1666 1086 1711 1113 τὸν
1731 1083 1804 1112 οἶκον

1022 1137 1115 1164 τοῦτον
1132 1137 1261 1172 φανείσης
1276 1136 1355 1171 δόξης
1365 1144 1373 1152 ·
1386 1136 1434 1163 ἆτε
1451 1135 1498 1162 καὶ
1514 1134 1561 1161 τοῦ
1580 1134 1661 1170 ἔργου
1683 1132 1805 1168 μείζονος

1022 1184 1098 1215 ὄντος
1111 1183 1128 1219 ἢ
1143 1183 1275 1220 πρότερον
1290 1182 1335 1210 ἐπί
1349 1191 1379 1216 τε
1392 1182 1446 1208 τῶν
1466 1181 1625 1217 Ἀσσυρίων,
1636 1180 1653 1215 ἦ
1669 1179 1716 1206 καί
1727 1187 1807 1206 τινων

1023 1230 1124 1265 ἑτέρων
1140 1229 1261 1263 ἐγένετοι
1278 1228 1324 1256 διὰ
1339 1228 1370 1254 τὸ
1390 1228 1420 1255 οὐ
1440 1227 1537 1263 πλήθει
1554 1226 1650 1261 μόνον,
1673 1225 1741 1252 ἀλλὰ
1760 1225 1807 1251 καὶ

1024 1275 1138 1311 δυνάμει
1155 1275 1203 1302 καὶ
1218 1274 1350 1311 ἐμπειρίᾳ
1363 1274 1497 1309 πολεμικῇ
1517 1273 1580 1304 τοὺς
1590 1272 1637 1299 νῦν
1650 1271 1808 1306 ὑπεραίρειν

1025 1320 1079 1348 τῶν
1092 1321 1191 1348 πάλαι·
1204 1317 1242 1348 ὧν
1256 1320 1288 1356 δὴ
1299 1319 1406 1346 πάντων
1416 1321 1449 1355 τῇ
1462 1320 1516 1354 ἐμῇ
1527 1318 1640 1354 δυνάμει
1651 1316 1810 1353 παραδόξως

1028 1367 1236 1403 περι-γεγονότες
1251 1368 1279 1393 ὲν
1290 1367 1386 1403 εἰρήνῃ
1398 1365 1525 1392 παντελεῖ
1537 1363 1696 1400 γενήσεσθε,
1711 1363 1810 1399 ἀθόρυδ

1028 1413 1070 1439 δαί
1083 1421 1113 1439 τε
1130 1414 1190 1445 ταῖς
1209 1413 1306 1448 ψυχαῖς
1319 1412 1491 1447 διαμένοντες
1507 1409 1552 1438 διὰ
1564 1411 1594 1438 τὸ
1610 1410 1707 1442 παντὸς
1720 1408 1810 1445 ἀπηλ-

1027 1458 1125 1493 λάχθαι
1139 1458 1283 1494 πολεμίου,
1299 1458 1345 1484 καλ¹
1360 1457 1474 1484 πλεῖστα
1486 1458 1536 1484 ὃσα
1552 1458 1584 1484 ὲκ
1598 1456 1651 1483 τῶν
1664 1456 1718 1488 τοῖς
1732 1454 1811 1481 πολιο

192 1511 265 1547 μίοις
283 1509 438 1547 προσόντων
452 1508 561 1544 λάφυρα
582 1505 798 1541 συναγαγόντες⁸
814 1504 832 1533 ἃ
851 1506 1076 1541 περιποιήσαιηες
1094 1505 1217 1537 ἑαυτοῖς,
1232 1503 1341 1531 εὔκολον
1357 1504 1431 1536 ἕξετε
1448 1503 1620 1539 βουληθέντες
1636 1502 1684 1538 τὴν
1698 1501 1812 1537 δύναμιν

189 1558 237 1586 τοῦ
249 1557 296 1586 τὸν
305 1557 367 1584 ναὸν
381 1555 474 1583 τοῦτον
491 1553 694 1582 κατασκευάσαι
707 1561 738 1579 τε
753 1552 800 1579 καὶ
814 1552 963 1587 ἀνεγεῖραι,
976 1551 1013 1583 ὡς
1026 1551 1058 1578 ἂν
1070 1551 1119 1586 τὴν
1130 1550 1232 1578 οἰκείαν
1245 1551 1410 1586 εὐπρέπειαν
1421 1549 1487 1585 ἔχοι,
1495 1550 1544 1585 τῆς
1554 1549 1608 1576 τῶν
1621 1551 1650 1576 ὲν
1660 1548 1735 1584 αὐτῷ
1747 1556 1812 1575 συν-

195 1608 288 1636 ιόντων
305 1606 397 1633 ἔνεκςν
412 1603 495 1640 εὐχῆς
510 1611 541 1630 τε
556 1602 604 1629 καὶ
616 1600 774 1638 θεραπείας.

226 1661 311 1689 Vsus.
323 1659 459 1688 11-15.-
468 1657 528 1686 lam
542 1663 687 1693 postquam
704 1656 841 1692 praedictis
851 1655 975 1682 omnibus

1066 1654 1140 1689 Στίχ.
1156 1657 1246 1680 ια’-ιε’.
1255 1668 1292 1674 -
1298 1654 1336 1689 (p.
1343 1652 1408 1687 426)
1416 1653 1464 1679 Διὰ
1472 1652 1504 1688 δὴ
1513 1653 1620 1679 πάντων
1628 1652 1681 1678 τῶν
1691 1652 1815 1688 προειλη-

193 1707 260 1737 satis
272 1715 321 1734 eos
329 1706 490 1733 adhortatus
497 1709 551 1735 est.
564 1708 646 1739 atque
657 1703 690 1730 ad
700 1710 811 1738 operam
826 1701 978 1728 aedificandi

194 1753 311 1788 impulit,
328 1751 559 1787 promissiouibus
571 1750 655 1777 etiam
676 1750 703 1775 in
719 1756 794 1784 spem
808 1748 907 1779 erexit,
923 1747 980 1774 fore

195 1804 226 1827 ut
238 1798 323 1826 multa
339 1797 468 1825 beatitate
487 1796 614 1823 fruantur
634 1795 698 1822 facti
715 1794 840 1822 hostibus
858 1793 981 1828 superio-

195 1852 250 1877 res.
263 1848 290 1872 et
307 1843 379 1879 quod
391 1843 483 1870 omnia
501 1842 534 1870 ad
554 1841 648 1876 templi
661 1840 870 1868 aediﬁcationem
884 1839 981 1879 idonea

197 1890 315 1918 habituri
334 1888 436 1916 allatim
450 1889 516 1916 sint.
535 1887 670 1915 Caeterum
685 1890 760 1915 recte
776 1886 837 1913 illos
855 1885 982 1920 posthinc

198 1938 319 1964 victuros
338 1934 454 1970 putavit.
470 1937 498 1962 et
517 1933 546 1960 in
566 1932 682 1968 reliquis
696 1937 842 1959 curaturos
858 1934 984 1966 peccato.

197 1989 257 2011 rum
288 1987 400 2009 suorum
432 1979 662 2008 emendationem.
695 1977 742 2005 Sic
776 1982 866 2005 autem
895 1976 981 2004 dicit:

201 2038 212 2055 ι
223 2028 325 2061 Quarta
337 2031 364 2055 et
371 2026 502 2054 vicesima
513 2025 616 2052 mensis
629 2024 705 2056 noni,
718 2031 791 2050 anno
803 2024 925 2051 secundo
932 2022 984 2051 sub

201 2073 291 2104 Dario,
313 2072 402 2099 lactus
419 2075 462 2099 est
486 2077 578 2099 sermo
593 2069 701 2097 Domini
720 2070 753 2096 ad
769 2069 896 2104 Aggtuum
920 2076 984 2103 pro-

201 2118 309 2154 phetam
323 2117 439 2146 dicens:
463 2116 525 2144 Haec
548 2117 616 2144 dicit
637 2115 770 2143 Dotninus
791 2115 983 2150 omnipotens:

202 2167 345 2200 Interroga
361 2171 433 2191 nuttc
456 2162 613 2191 sacerdotes
637 2162 722 2197 legem
739 2161 851 2188 dicens:
867 2159 896 2188 Si
910 2167 986 2188 sum-

202 2208 285 2247 pserit
315 2209 396 2236 homo
411 2215 520 2236 carnem
540 2211 663 2235 sanctam
678 2207 705 2233 in
729 2206 885 2234 sutntttitate
905 2205 986 2233 vesti-

202 2243 286 2284 inenti
299 2255 352 2287 sui,
365 2259 393 2282 et
408 2254 525 2289 tetigerit
539 2253 685 2281 summitas
699 2252 853 2280 vestimenti
864 2243 985 2286 ejtts'pa-

202 2310 264 2329 nem
274 2305 320 2328 aut
330 2308 385 2327 rem
394 2305 497 2327 coctam
507 2304 553 2326 aut
560 2299 652 2326 vinum
665 2303 712 2325 aut
721 2298 821 2329 oleum,
837 2301 883 2325 aut
894 2304 986 2332 quern-

202 2348 268 2376 libet
281 2346 383 2378 cibum,
399 2353 463 2372 nttm
480 2343 710 2373 sanctiﬁcabitur!
723 2342 986 2378 Responderuntque

203 2391 360 2422 sacerdotes
374 2395 401 2419 et
414 2391 541 2419 dixerunt
561 2389 765 2424 :Nequaquam.
790 2389 916 2423 Dixitque
934 2389 985 2423 Ag-

204 2447 278 2474 ga-us
292 2447 299 2465 :
319 2437 348 2464 Si
365 2438 482 2473 tetigerit
493 2437 583 2463 attimo
605 2436 723 2471 pollutus
741 2435 776 2462 de
789 2435 917 2462 omnibus
934 2434 987 2465 his.

205 2492 270 2511 num
281 2482 530 2510 contatttinabilur?
539 2481 803 2516 Responderuntque
814 2481 987 2508 sacerdotes:

205 2527 451 2556 Contautinabitur.
465 2527 668 2562 liesponditquc
676 2527 800 2562 Agga-us.
809 2531 836 2553 et
845 2527 913 2554 dixit
926 2536 932 2554 :
945 2527 990 2554 Sic

206 2574 323 2609 populus
341 2571 401 2602 iste.
412 2576 438 2599 et
453 2574 493 2600 sic
503 2580 569 2608 gens
578 2573 635 2600 haec
645 2580 736 2599 coram
751 2581 803 2604 tne,
820 2572 886 2599 dii-it
901 2572 991 2600 Domi-

206 2626 275 2650 nus;
293 2621 320 2644 et
331 2615 413 2651 280
425 2619 464 2645 sic
483 2618 574 2645 omnia
587 2625 669 2652 opera
686 2626 815 2646 manuum
834 2626 928 2646 eorum
943 2627 950 2646 :
965 2623 992 2646 et

206 2664 366 2698 quicunque
375 2663 628 2697 appropinquaverit
640 2663 715 2695 illuc.
726 2665 966 2692 contaminabitur.
979 2675 989 2691 ι

208 2707 272 2736 Vult
281 2706 347 2733 illos
355 2705 563 2739 reprehendere,
576 2707 623 2741 qui
633 2714 711 2735 sacra
720 2715 794 2741 vasa,
802 2713 829 2736 et
837 2709 943 2744 reliqua
951 2709 992 2736 di-

1031 1699 1119 1734 φότων
1134 1699 1290 1735 ἀρκούντως
1305 1699 1403 1730 αὐτοὺς
1415 1699 1638 1734 προ-τρεψάμενός
1651 1706 1680 1724 τε
1701 1699 1748 1725 καὶ
1765 1707 1811 1725 πα-

1033 1746 1176 1782 ρορμήσας
1187 1745 1234 1772 ἐπὶ
1242 1745 1273 1771 τὸ
1287 1745 1366 1780 ἔργον
1376 1745 1425 1780 τῆς
1433 1745 1577 1780 οἰκοδομῆς
1585 1765 1592 1775 ,
1603 1745 1649 1771 καὶ
1659 1744 1690 1780 δὴ
1702 1745 1747 1771 καὶ
1753 1747 1815 1776 ταῖς

1031 1791 1206 1825 ἐπαγγελίαις
1217 1791 1360 1823 εὐέλπιδας
1370 1791 1494 1826 ποιήσας,
1506 1791 1546 1817 ὅτι
1560 1790 1660 1826 πολλῆς
1673 1790 1818 1826 μεθέξουσι

1031 1838 1080 1873 τῆς
1107 1837 1459 1873 εὑπορίας⁹κεκρατηκότες
1483 1836 1537 1863 τῶν
1557 1838 1706 1873 πολεμίων,
1721 1838 1760 1870 ὡς
1782 1838 1816 1865 ἂν

1033 1883 1140 1910 ἅπαντα
1157 1884 1225 1918 πρὸς
1238 1892 1269 1910 τε
1289 1883 1337 1918 τὴν
1351 1883 1494 1919 οἰκοδομὴν
1509 1884 1556 1911 τοῦ
1571 1884 1636 1911 ναοῦ
1652 1885 1698 1911 καὶ
1713 1885 1780 1921 πρὸς
1801 1886 1816 1912 ὃ

1032 1938 1059 1957 τι
1071 1929 1104 1956 ἂν
1118 1929 1234 1956 ἐθέλοιεν
1245 1929 1348 1964 ᾶφθονα
1360 1929 1457 1964 ἔχοιεν.
1469 1930 1522 1956 Τοῦ
1535 1930 1629 1957 λοιποῦ
1641 1930 1732 1960 καλῶς
1743 1931 1816 1965 ἔχειν

1034 1976 1156 2011 ἡγήσατο
1170 1975 1215 2002 καὶ
1228 1975 1277 2011 τὴν
1297 1976 1328 2002 ὲν
1347 1976 1450 2011 ἑτέροις
1468 1976 1609 2011 διόρθωσιν
1627 1976 1719 2008 αὐτοῖς
1732 1985 1815 2011 προσ-

1034 2023 1147 2057 αγαγεῖν
1163 2023 1191 2048 ὲν
1207 2019 1304 2057 οἷσπερ
1320 2023 1485 2057 ἡμάρτανον.
1502 2022 1584 2056 Λέγει
1598 2023 1626 2050 δὲ
1640 2022 1736 2054 οὕτως’
1749 2033 1759 2049 ι
1775 2023 1816 2059 Τῇ

1033 2068 1141 2104 τετράδι
1156 2067 1204 2094 καὶ
1221 2068 1309 2095 εἰκάδι
1321 2067 1367 2094 τοῦ
1381 2068 1475 2094 ἐνάτου
1490 2068 1584 2103 μηνὸς,
1601 2068 1677 2099 ἔτους
1689 2068 1816 2101 δευτέρου

1035 2114 1082 2141 ἐπὶ
1100 2113 1227 2149 Δαρείου,
1249 2113 1356 2147 ἐγένετο
1372 2113 1450 2147 λόγος
1473 2113 1576 2148 Κυρίου
1597 2115 1664 2149 πρὸς
1692 2114 1818 2148 Ἀγγαῖον

1034 2160 1080 2188 τδν
1099 2159 1241 2195 προφήτην
1255 2158 1356 2192 λέγων’
1375 2158 1443 2186 Τάδε
1457 2159 1532 2193 λέγει
1549 2160 1651 2195 Κύριος
1665 2162 1818 2197 παντοκρά-

1035 2207 1102 2241 τώρ·
1129 2204 1316 2241 Ἐπερώτησον
1332 2205 1395 2235 τοὺς
1415 2205 1496 2241 ἱερεῖς
1519 2205 1602 2241 νόμον
1623 2206 1724 2240 λέγων’
1755 2206 1819 2234 Ἐάν

1037 2251 1105 2287 λάθῃ
1117 2251 1258 2287 ἄνθρωπος
1272 2250 1354 2285 κρέας
1368 2250 1445 2285 ἅγιον
1461 2251 1490 2277 ὲν
1504 2250 1543 2286 τῷ
1558 2251 1636 2287 ἄκρῳ
1648 2252 1694 2278 τοῦ
1711 2252 1819 2287 ἱματίου

1037 2296 1130 2327 αὐτοῦ,
1141 2297 1188 2323 καὶ
1201 2296 1303 2332 ἅψηται
1313 2297 1344 2323 τὸ
1354 2297 1436 2331 ἄκρον
1449 2296 1497 2323 τοῦ
1515 2297 1621 2332 ἱματίου
1638 2298 1722 2325 αὑτοῦ
1735 2298 1819 2334 ἄρτου

1037 2343 1053 2378 ἢ
1074 2343 1212 2378 ἑψήματος
1225 2343 1241 2378 ἢ
1257 2343 1328 2369 οίνου
1350 2342 1367 2378 ἢ
1385 2342 1474 2370 ἐλαίου
1489 2343 1535 2369 καὶ
1547 2344 1647 2375 παντὸς
1666 2344 1819 2380 βρώματος,

1037 2389 1062 2414 εί
1080 2388 1290 2423 ἁγιασθήσεται;
1306 2388 1360 2414 Καὶ
1375 2389 1562 2424 ἀπεκρίθησαν
1576 2391 1601 2416 οἱ
1618 2391 1708 2425 ἱερεῖς,
1728 2392 1774 2418 καὶ
1786 2389 1811 2417 εἷ

1038 2443 1098 2462 πον¹
1121 2435 1197 2471 Οὐχί.
1226 2436 1280 2462 Καὶ
1296 2434 1372 2462 εἶπεν
1399 2437 1537 2471 Ἀγγαῖος·
1568 2437 1631 2464 Ἐὰν
1650 2437 1751 2473 ἅψηται
1772 2449 1822 2474 με-

1040 2482 1188 2517 μιασμένος
1206 2482 1252 2508 ἐπὶ
1262 2481 1334 2517 ψυχῇ
1352 2482 1405 2508 ἀπὸ
1420 2483 1528 2510 πάντων
1539 2483 1651 2513 τούτων,
1668 2485 1692 2510 εί
1709 2485 1821 2522 μιανθη-

1040 2535 1133 2559 σεται;
1151 2527 1206 2554 Καὶ
1226 2527 1411 2564 ἀπεκρίθησαν
1431 2529 1455 2554 οἱ
1474 2529 1555 2563 ἱερεῖς
1573 2530 1620 2556 καὶ
1639 2527 1726 2556 εἷπον·
1742 2531 1816 2558 Μιαν

1039 2574 1159 2610 θήσεται.
1175 2574 1230 2600 Καὶ
1241 2574 1377 2610 ἀπεκρίθη
1396 2575 1581 2609 ’Δγγαῖος,καὶ
1592 2575 1684 2604 εἴπεν·
1705 2577 1800 2610 οὕτως
1814 2581 1825 2605 ἐ

1039 2619 1102 2651 λαὸς
1119 2617 1204 2651 οὗτος,
1225 2620 1271 2646 καὶ
1284 2620 1370 2652 οὕτως
1382 2620 1413 2647 τὸ
1426 2621 1501 2653 ἔθνος
1520 2621 1600 2649 τοῦτο
1615 2622 1731 2650 ἐνώπιον
1745 2623 1824 2660 ἐμοῦ,

1040 2665 1113 2699 λέγει
1132 2666 1234 2702 Κύριος
1244 2674 1250 2680 ·
1269 2667 1317 2693 καὶ
1326 2666 1412 2698 οὕτως
1425 2667 1514 2694 πάντα
1526 2667 1560 2694 τὰ
1573 2668 1641 2704 ἔργα
1655 2669 1710 2696 τῶν
1726 2670 1825 2706 χειρῶν

1042 2711 1140 2738 αὐτοῦ’
1162 2711 1209 2738 καὶ
1226 2711 1255 2743 ὃς
1274 2711 1322 2738 ἐὰν
1334 2711 1429 2747 ὲγγίσῃ
1445 2713 1503 2738 ἐκεῖ
1517 2712 1585 2748 (58),
1610 2713 1797 2749 μιανθήσεται.
1814 2724 1822 2739 ι

328 2789 912 2840 ‘13_3f§£‘.'_,”3i?F‘Emicant-ys.
932 2806 994 2827 cum
1012 2798 1137 2828 Arabico.
1156 2801 1207 2829 Sed
1224 2802 1321 2831 melius
1341 2803 1367 2830 in
1397 2803 1547 2838 Hebraico,
1564 2803 1632 2840 Syro
1658 2808 1739 2840 atque
1763 2803 1823 2833 Lat.

209 2826 320 2865 vulgato
334 2826 464 2855 dicuntur
476 2829 654 2857 contaminari
665 2831 756 2858 Omnia
766 2831 822 2859 illic
834 2826 934 2860 oblatu.
