1981 3073
173 119 228 144 ‘99

697 117 973 146 COMMENTARIUS
994 118 1024 144 IN
1051 118 1161 145 ACCAE!
1180 119 1255 146 CAP.
1282 120 1315 146 11.

1741 127 1794 155 ωθ

174 176 302 203 Ιίούλεται
323 177 370 212 μὲν
388 177 485 209 αὐτοὺς
507 177 627 212 ἐλέγχειν
648 178 684 209 ὡς
700 178 753 204 τῶν
776 178 880 204 σκευῶν
902 178 948 203 τῶι

1009 178 1070 204 vino
1081 179 1164 205 cultui
1176 186 1296 213 congrum
1311 179 1476 214 negligenter
1487 179 1721 216 indill'crcnterquc
1734 188 1793 210 tan»

172 222 330 256 ἰερατικῶν,
345 222 391 248 καὶ
403 223 457 248 τῶν
471 222 571 249 λοιπῶν
581 223 614 257 δὴ
626 223 679 249 τῶν
690 225 723 257 τῇ
736 223 781 249 τοῦ
794 223 864 249 θείου
878 223 958 258 θερα-

171 267 238 301 πείᾳ
252 268 442 302 προσηκόντων
453 267 562 303 ἀμελῶς
576 268 623 294 καὶ
637 269 788 303 προχείρως
803 268 959 302 ἐφαπτομέ-

170 321 246 344 νους,
263 315 310 339 καὶ
325 313 354 339 οὐ
372 314 440 348 μετὰ
453 313 500 340 τοῦ
518 314 703 348 προσήκοντος
721 313 813 345 δέους,
831 314 869 348 (p.
894 313 957 349 425)

170 358 243 393 ὑπὲρ
261 355 291 384 οὗ
305 358 336 393 δὴ
357 359 412 389 τοῖς
435 358 536 393 ίερεῦσι
553 360 738 393 προσαγαγεῖν
759 359 808 394 τὴν
824 359 957 394 ἐρώτησιν

169 403 273 438 ταύτην
290 403 438 438 προσέταξε
455 403 494 438 τῷ
516 404 639 439 προφήτῃ
650 424 657 437 ,
675 404 722 431 an
739 405 768 430 ὲν
791 404 904 435 ἐκείνοις
927 404 956 430 ὃν

167 448 201 473 τὸ
214 448 248 474 τὰ
260 448 370 474 τοιαῦτα
385 449 413 474 ἐν
427 448 540 484 ἀμελείᾳ
552 450 695 481 ποιεῖσθαι,
706 449 722 484 ἢ
734 449 801 484 μετὰ
815 449 862 475 τοῦ
876 457 957 484 προσ-

169 493 280 527 ήκοντος
301 493 385 524 δέους,
405 494 542 520 Κάλλιστα
561 494 589 521 δὲ
614 495 660 520 καὶ
681 495 729 529 τὴν
751 494 884 529 ἐρώτησιν
900 495 954 520 ἀπὸ

168 538 285 564 εὐτελῶν
302 539 463 574 ἐποιήσατο,
478 539 520 565 ἵνα
543 540 672 574 μειζόνως
688 540 718 566 τὸ
738 540 806 568 κατὰ
821 541 853 566 τὰ
871 540 954 574 σκεύη

167 584 204 610 τὰ
227 584 293 618 am
311 584 499 619 πλημμέλημα
519 584 636 621 αὐξήσῃ.
656 586 736 619 Λέγει
754 586 844 612 τοίνυν
857 587 908 617 ὅτι,
924 586 957 612 Εἴ

167 637 210 660 τις
227 630 310 665 κρέας
324 630 399 664 ᾰγιον
420 630 449 656 τὺ
472 630 525 657 ἀπὸ
545 631 640 663 θυσίας
701 639 773 663 τινος
797 632 954 666 προσφορᾶς

167 676 333 710 ἡγιασμένον
347 677 375 701 ἐν
389 676 465 710 μέρει
481 677 534 703 τινὶ
545 677 591 703 τοῦ
606 678 716 712 ἱματίου
733 677 838 712 ἐμϐάλῃ
854 677 899 703 τοῦ
914 679 949 703 oi-

167 721 254 753 κείου,
271 719 330 747 εἶτα
349 721 427 748 τοῦτο
449 722 480 757 δὴ
498 722 527 748 τὸ
543 722 627 757 ἀκρον
649 722 743 757 ἑτέρου
765 723 836 754 τινὸς
857 722 952 757 ἅψεται

164 767 240 792 οἴνου
262 767 278 802 ἢ
303 766 393 794 ἐλαίου
413 767 430 802 ἢ
449 768 509 794 ὅτου
527 768 558 803 δή
582 776 646 794 ποτε
670 767 724 794 τῶν
747 768 875 803 βρωτῶν,
897 766 953 803 ἄρα

167 812 245 846 ἅγιον
261 812 335 839 ἔσται
349 813 378 840 τὸ
389 814 493 840 τοιοῦτο
505 814 549 840 διὰ
559 814 609 848 τὴν
622 814 670 840 τοῦ
682 814 766 849 ἁκρου
782 813 828 840 τοῦ
846 814 952 848 ίματίου

1012 224 1120 256 gebant,
1128 228 1217 250 etnon
1224 231 1285 250 cum
1298 225 1473 252 conveniente
1482 233 1581 260 pavore
1594 235 1600 253 :
1612 234 1664 259 qua
1672 234 1754 261 super
1764 237 1794 256 ne

1012 269 1167 296 sacerdotes
1184 270 1426 304 ipsosinterrogari
1443 278 1456 296 a
1475 272 1605 306 propheta
1620 272 1692 300 Deus
1700 272 1790 306 jubet,

1012 312 1037 338 in
1052 321 1165 346 quorum
1181 313 1293 340 arbitrio
1304 318 1361 340 erat
1374 315 1431 341 haec
1445 315 1484 341 vel
1495 316 1662 351 negligenter
1676 317 1718 344 vel
1729 325 1790 343 cum

1010 356 1101 383 debito
1121 364 1191 384 metu
1207 361 1333 385 tractare.
1347 358 1459 394 Egregie
1472 367 1536 386 vero
1550 360 1789 396 interrogationem

1011 402 1108 429 vilibus
1123 403 1149 429 in
1172 403 1251 430 rebus
1265 403 1337 434 facit,
1354 409 1384 430 ut
1407 404 1537 432 adversus
1552 413 1631 432 sacra
1648 414 1711 433 vasa
1727 414 1789 441 pec-

1009 451 1099 473 catum
1115 449 1199 482 magis
1215 452 1324 482 augeat.
1343 448 1388 475 Ait
1409 448 1491 483 igitur
1506 457 1515 475 :
1531 448 1634 481 Quodsi
1654 451 1716 485 quis
1728 458 1790 477 san-

1009 496 1079 519 ctam
1098 500 1209 520 carnem
1225 493 1259 521 de
1276 493 1385 520 victima
1401 498 1449 520 aut
1464 495 1583 528 qualibet
1597 495 1745 526 oblatione.
1762 496 1788 522 in

1009 543 1112 571 partem
1131 539 1253 573 aliquam
1270 539 1423 566 vestimenti
1446 539 1487 566 sui
1503 539 1668 574 conjecerit;
1692 539 1789 567 deinde.

1009 583 1090 617 hujus
1105 584 1187 611 vestis
1202 584 1345 611 summitas
1372 584 1444 610 aliud
1458 584 1556 618 aliquid
1579 585 1720 620 contigerit
1732 586 1789 612 sive

1007 627 1101 654 vinum
1121 628 1180 654 sive
1207 628 1308 660 oleum,
1331 628 1389 655 sive
1410 629 1557 662 quamlibet
1582 629 1662 655 aliam
1686 636 1787 661 escam.

1008 679 1071 698 num
1088 672 1124 704 id,
1136 673 1258 706 inquam,
1272 676 1396 700 sanctum
1409 673 1502 700 evadet
1513 677 1622 708 propter
1633 674 1732 700 summi
1745 682 1788 701 ve-

1007 717 1126 744 stimenti
1151 722 1323 750 contactum,
1355 718 1381 745 in
1407 726 1464 753 quo
1485 726 1549 746 caro
1570 720 1688 754 reposita
1713 719 1789 746 erat!

1006 760 1045 787 llli
1061 769 1125 788 vero
1139 765 1320 797 congruenter
1334 764 1543 797 responderunt,
1560 772 1616 791 rem
1632 764 1787 798 hujusmodi

1006 812 1126 834 sanetam
1147 814 1200 834 non
1224 808 1291 839 fore,
1307 813 1441 842 quatenus
1462 816 1516 836 non
1538 809 1687 837 sutliciebat
1705 811 1788 837 vestis

166 858 250 892 ἀρὴν,
268 859 296 883 ὲν
313 855 390 894 ᾧπερ
403 859 530 885 ἀπέκειτο
547 859 577 885 τὸ
593 859 693 894 κρέαςς
708 860 740 885 Οί
759 859 788 885 δὲ
801 859 948 890 ἀκολούθως

1005 853 1159 885 summitas,
1175 853 1203 880 in
1218 861 1271 889 qua
1289 861 1353 881 caro
1375 860 1468 882 sancta
1493 855 1597 883 inclusa
1614 860 1697 888 esset.
1713 864 1787 884 com-

167 902 271 935 ἔφασίψ
289 903 329 929 ὅτι
349 903 386 938 μὴ
407 903 485 937 ᾰγιον
496 903 599 937 γίνεται
614 903 644 930 τὸ
659 903 774 934 τοιοῦτο,
790 904 828 934 ὼς
841 903 890 929 οὐκ
906 903 954 929 αὺ-

167 947 277 981 τάρχως
291 946 397 981 ἔχοντος
412 947 458 973 τοῦ
472 947 557 983 ἁκρου
573 947 620 974 τοῦ
635 948 742 982 ἱματίου
759 947 801 974 διὰ
819 946 849 972 τὸ
865 947 953 980 ἐγκεί-

169 1000 250 1026 μενον
264 992 347 1026 κρέας
359 992 435 1026 ἅγιον
451 993 538 1028 ἑτέρῳ
551 992 646 1028 βρωτῷ
659 993 704 1018 τὸν
721 993 855 1027 ἁγιασμὸν
873 992 951 1027 παρέ-

166 1046 235 1072 χειν.
255 1035 320 1070 Εἶτα
346 1038 426 1064 πάλιν
442 1038 548 1073 ἐρωτᾷ,
569 1039 631 1064 Ἐὰν
657 1038 685 1064 δέ
707 1046 748 1069 τις
769 1039 952 1073 μεμιασμένος

165 1083 208 1115 ἐφ’
227 1083 280 1117 ὅτῳ
303 1082 402 1117 δήποτε
421 1083 522 1118 ἅψηται
539 1083 593 1109 τῶν
610 1083 752 1114 τοιούτων,
777 1083 876 1117 μιαίνει
894 1080 951 1117 ἄρα

164 1127 275 1158 πάντως
291 1127 370 1158 αὐτὰ,
390 1127 406 1162 ἦ
421 1127 467 1159 οὓς
484 1128 514 1153 Οί
529 1127 557 1154 δὲ
575 1124 680 1161 Εφασαν
703 1127 828 1162 μιαίνειν.
855 1127 949 1153 Ἦὸου-

165 1173 234 1208 λήθη
248 1173 276 1198 δὲ
291 1172 334 1198 διὰ
348 1172 449 1199 τούτων
462 1173 548 1198 εἰπεῖν
568 1172 620 1205 ὅτι,
637 1173 741 1206 Ὥσπερ
757 1172 787 1198 τὸ
806 1171 889 1206 ἄκρον
903 1172 949 1198 τοῦ

166 1218 284 1252 ἱματίου,
300 1217 330 1243 οὐ
343 1216 387 1243 διὰ
401 1217 432 1243 τὸ
449 1217 620 1252 ἐπικείμενον
636 1217 711 1250 ἅγιον
729 1216 852 1251 ἁγιάζειν
870 1216 950 1243 δύνα-

165 1272 210 1289 ται
222 1263 251 1289 τὺ
264 1263 452 1298 προσεγγίςον,
466 1263 480 1289 ὁ
495 1262 680 1298 μεμιασμένος
694 1262 721 1287 δὲ
735 1261 884 1296 ἁπτόμενος
895 1262 949 1288 τῶν

164 1309 294 1335 τοιούτων
316 1309 416 1344 μιαίνει
440 1309 547 1339 πάντως
568 1308 652 1338 αὐτὰ,
670 1308 740 1334 οὕτω
763 1308 815 1342 χρὴ
829 1307 948 1342 νομίζειν

163 1355 211 1381 καὶ
222 1355 292 1388 ὑμᾶς
303 1355 470 1389 ἁπτομένους
481 1353 641 1389 προχείρως,
656 1360 694 1388 ῳ.
705 1353 767 1386 ιξθ)
780 1356 826 1380 καὶ
836 1354 865 1380 οὖ
881 1353 948 1388 μετὰ

163 1399 210 1426 τοῦ
224 1400 405 1435 προσήκοντος
424 1398 592 1434 σεϐάσματος
604 1399 657 1425 τῶν
672 1399 815 1425 ίεοατικῶν
830 1399 946 1429 σκευῶν,

163 1446 179 1480 ἢ
205 1446 257 1471 τῶν
273 1447 347 1478 ὅπως
362 1446 427 1472 ποτὲ
447 1445 485 1480 τῷ
501 1445 561 1479 Θεῷ
585 1445 785 1479 προσηκόντων,
804 1445 843 1471 ὅτι
863 1445 910 1479 οὐχ
934 1446 948 1471 ὁ

162 1491 276 1516 ὲνείνων
289 1489 423 1525 ἁγιασμὸς
441 1489 511 1524 ὑμᾶς
532 1489 649 1523 ἁγιάζει,
669 1490 683 1515 ὁ
697 1489 724 1515 δὲ
739 1489 870 1524 ὑμέτερος
884 1489 946 1524 τρό-

161 1543 213 1566 πος
231 1535 416 1570 μεμιασμένος
428 1533 465 1560 ὣν
476 1533 554 1570 ὓϐριν
569 1533 763 1569 προστρίϐεται
779 1535 834 1565 τοῖς
850 1533 946 1567 ἁγίοις,

162 1581 243 1615 εἴπερ
259 1579 306 1606 οἷαν
321 1579 409 1606 αὐτῶν
429 1579 481 1611 ἔξω
498 1579 544 1605 τοῦ
560 1580 746 1614 προσήκοντος
768 1579 948 1613 ἐφαπτόμενοι

161 1624 313 1660 quive-.605.
328 1624 407 1651 Ὅθεν
419 1624 466 1651 καὶ
479 1625 493 1650 ὁ
507 1625 648 1660 προφήτης
659 1624 836 1659 ἀποκρίνεται
850 1625 887 1655 ὼς
901 1624 946 1650 τοῦ

161 1669 230 1696 Θεοῦ
256 1669 379 1700 εἰπόντος
396 1669 454 1700 ὅτι,
478 1669 588 1695 Τοιοῦτο
611 1669 643 1703 δὴ
665 1669 711 1695 καὶ
734 1669 765 1694 τὸ
787 1670 851 1703 παρ’
873 1668 948 1703 ὑμῶν

164 1714 305 1748 γινόμενον
315 1713 397 1745 ἐστιν,
411 1713 449 1738 ὅτ’
460 1712 493 1739 ἂν
503 1711 626 1748 ἆπτησθέ
639 1720 711 1743 τινος
720 1712 774 1739 τῶν
789 1713 849 1747 ἐμοὶ
864 1721 947 1747 προσ-

162 1760 285 1794 ηκόντως
308 1758 409 1792 όιγίων⁹
426 1757 495 1784 ὥστε
523 1757 672 1793 προσήκειν
692 1758 764 1792 ὑμᾶς
791 1757 888 1784 εἰδέναι
907 1759 947 1784 ὃτι

165 1805 218 1835 πςῖς
234 1803 350 1837 ἐγγίζων
366 1803 427 1837 ἐμοὶ
441 1802 581 1838 (ἐγγίζειν
602 1803 656 1838 γὰρ
673 1803 734 1838 ἐμοὶ
744 1803 817 1836 λέγω
828 1822 834 1834 ,
851 1803 880 1829 τὸ
894 1804 947 1831 τῶν

163 1850 224 1884 ἐμοὶ
239 1849 429 1884 προσηκόντων
451 1856 480 1874 τε
501 1848 547 1874 καὶ
562 1848 750 1883 ἀνακειμένων
769 1849 946 1884 ἐφάπτεσθαι)

163 1897 187 1920 εἰ
199 1894 351 1929 προχείρως
367 1893 413 1919 καὶ
426 1893 454 1918 ἐν
469 1892 584 1927 ἀμελείᾳ
597 1892 645 1919 καὶ
656 1893 855 1928 καταφρονήσει
869 1893 947 1919 τοῦτο

164 1940 264 1974 ποιοίη,
281 1939 312 1965 οὐ
336 1939 415 1973 μόνον
434 1937 542 1969 οὐθενὸς
562 1938 692 1964 ἀπολαύει
716 1938 828 1974 κέρδους
846 1940 878 1964 ὲκ
897 1939 945 1973 τῆς

164 1984 245 2019 ἁφῆς,
262 1983 329 2010 ἀλλὰ
348 1983 402 2018 γὰρ
419 1983 465 2010 καὶ
481 1982 623 2018 μολύνεται
639 1983 887 2018 προσαδικούμενος
900 1985 946 2010 καὶ

165 2029 435 2064 προσδλαπτόμενος,
451 2028 520 2064 ὑπὲρ
537 2026 573 2054 ὢν
588 2027 641 2054 τῶν
655 2027 741 2059 οὕτως
756 2028 841 2062 ἁγίων
858 2028 946 2063 ἥψατο

163 2074 323 2109 προχείρως.
352 2082 361 2099 ι
388 2074 501 2100 ’Ἕνεκεν
524 2073 578 2099 τῶν
604 2073 754 2108 λημμάτων
778 2073 867 2100 αὐτῶν
891 2073 946 2099 τῶν

163 2118 293 2154 ὀρθρινῶν
320 2118 528 2153 ὀδυνηθήσονται
552 2117 607 2144 ἀπὸ
635 2118 780 2153 προσώπου
808 2117 945 2153 πονηριῶν

162 2163 260 2195 αὐτῶν,
277 2163 322 2189 καὶ
342 2163 462 2197 ὲμισεῖτε
480 2162 509 2187 ἐν
526 2162 624 2193 πύλαις
639 2162 808 2196 ἐλέγχοντας.
836 2171 845 2186 ι
866 2163 944 2196 Λημ-

163 2208 255 2242 μὰτων
274 2207 377 2240 αὐτῶν,
397 2207 440 2234 ἵνα
463 2207 527 2243 εἴπῃ
551 2206 588 2238 ὡς
617 2206 835 2241 ἐπελαμϐάνοντο
858 2206 941 2240 πράτ-

161 2261 250 2284 τοντες
263 2253 292 2278 οὐ
305 2252 425 2283 δεόντως.
446 2252 530 2287 Ὑπὲρ
541 2252 594 2286 γὰρ
606 2249 653 2283 ὧν,
665 2252 758 2286 φησὶν,
774 2252 942 2286 ἐπεχειρείτε

161 2298 290 2332 πράξεσιν
307 2297 432 2328 ἀτόποις,
448 2297 552 2332 ὃρθριοι
568 2297 608 2328 εἰς
625 2296 703 2322 τοῦτο
721 2296 920 2331 διανιστάμενοι
934 2316 942 2328 ,

161 2345 206 2370 καὶ
216 2344 287 2379 μετὰ
300 2345 387 2379 πάσης
402 2343 436 2370 τὰ
448 2343 535 2370 ἄτοπα
546 2343 595 2378 τῆς
608 2343 725 2378 σπουδῆς
741 2342 938 2374 ἐπιτελοῦντες,

1005 897 1168 925 municando
1182 899 1258 926 alteri
1276 907 1345 927 escae
1357 900 1612 929 sanctificationem.
1625 902 1686 930 Mox
1697 902 1788 930 denuo

1005 941 1152 977 interrogat
1170 951 1177 969 :
1199 941 1227 969 Si
1251 944 1313 978 quis
1331 943 1577 980 quomodocunque
1603 946 1723 980 pollutus
1744 955 1786 973 me

1004 986 1157 1020 huiusmodi
1179 988 1311 1022 attigerit.
1328 997 1391 1015 num
1409 989 1469 1017 illas
1482 991 1592 1018 omnino
1602 992 1786 1018 contaminat?

1001 1030 1042 1057 illi
1065 1039 1129 1059 vero
1154 1033 1300 1060 dixerunt:
1314 1032 1497 1062 Contaminat.
1520 1035 1613 1062 Voluit
1633 1041 1722 1063 autem
1738 1045 1786 1071 per

1002 1077 1059 1104 haec
1072 1077 1174 1110 dicere,
1187 1079 1260 1113 quod
1271 1080 1424 1107 vestimenti
1437 1080 1546 1116 quidem
1562 1082 1705 1110 summitas
1721 1090 1784 1117 pro-

1002 1125 1061 1155 pter
1079 1129 1134 1149 rem
1150 1126 1274 1149 sanctam
1293 1123 1425 1150 inclusam
1444 1124 1615 1152 sanctiﬁcare
1631 1126 1783 1160 proximum

1001 1166 1100 1200 aliquid
1123 1171 1258 1202 nequeat;
1282 1168 1328 1195 sed
1348 1169 1420 1203 quod
1444 1169 1523 1197 homo
1542 1171 1661 1204 pollutus
1680 1171 1702 1199 si
1719 1173 1782 1207 quid

1000 1212 1131 1246 ejusmodi
1152 1216 1254 1247 tangat,
1277 1214 1354 1247 plane
1378 1215 1442 1241 illud
1464 1216 1644 1243 enntaminet:
1671 1217 1784 1252 ideoque

1000 1257 1176 1288 credendum.
1196 1257 1268 1292 quod
1285 1258 1307 1284 si
1324 1265 1373 1285 vos
1389 1262 1501 1290 temere.
1517 1263 1545 1286 et
1559 1260 1618 1287 sine
1637 1260 1727 1287 debila
1740 1269 1783 1288 re-

1000 1303 1098 1337 ligione
1117 1311 1180 1330 vasa
1204 1310 1294 1335 sacra,
1318 1304 1360 1330 vel
1379 1304 1511 1339 quidquid
1527 1305 1619 1332 divino
1638 1307 1722 1333 cultui
1737 1307 1784 1333 ad-

999 1348 1100 1374 dictum
1115 1351 1165 1379 est,
1194 1348 1346 1382 tetigeritis,
1367 1348 1438 1375 haud
1459 1348 1571 1376 illorum
1592 1351 1721 1377 sanctitas
1737 1359 1784 1378 vos

998 1392 1159 1423 sanctiﬁcet.
1179 1392 1225 1420 sed
1247 1393 1301 1419 vita
1323 1397 1412 1421 vestra
1430 1394 1572 1429 inquinata
1591 1396 1781 1423 contumeliam

998 1437 1079 1464 rebus
1102 1438 1206 1464 sanctis
1229 1443 1364 1473 aspergat.
1382 1439 1516 1474 siquidem
1542 1440 1603 1467 illas
1619 1440 1722 1476 absque
1737 1443 1782 1469 dc-

999 1481 1053 1507 bita
1069 1482 1219 1509 reverentia
1237 1486 1406 1510 contrectare
1422 1483 1578 1511 videamini.
1601 1484 1781 1517 Quamobrem

999 1526 1079 1553 etiam
1100 1527 1230 1561 propheta
1250 1529 1407 1562 respondet,
1430 1533 1559 1564 tanquam
1575 1528 1629 1557 Deo
1644 1530 1781 1565 loquente.

1000 1570 1051 1597 hoc
1065 1569 1153 1604 ipsum
1168 1571 1248 1605 281
1266 1571 1301 1598 ab
1319 1572 1353 1599 iis
1365 1572 1421 1599 ﬁeri
1438 1573 1654 1609 quotiescunque
1665 1581 1708 1603 res
1721 1582 1783 1602 sai.

999 1616 1147 1643 ctascultui
1157 1624 1217 1643 meo
1229 1616 1352 1644 addictas
1362 1618 1509 1653 tetigerint.
1519 1617 1699 1651 Quamobrem
1712 1621 1781 1647 scire

998 1661 1114 1693 debetis,
1136 1662 1285 1696 quemlibet
1307 1662 1374 1689 mihi
1393 1663 1621 1698 propinquantem
1653 1665 1780 1699 (propin-

998 1714 1083 1741 quare
1097 1711 1186 1734 autem
1199 1707 1266 1734 mihi
1284 1707 1359 1735 illum
1376 1708 1449 1741 dico,
1462 1709 1510 1744 qui
1529 1717 1573 1737 res
1590 1717 1664 1738 neas
1682 1711 1781 1738 mihive

998 1752 1102 1779 oblatas
1122 1752 1258 1786 attingit).
1280 1753 1303 1780 si
1318 1757 1419 1781 temere
1433 1762 1465 1782 ac
1489 1755 1638 1783 socorditer
1653 1760 1700 1783 aut
1716 1764 1780 1784 oon—

998 1798 1118 1832 tcmptim
1132 1798 1159 1825 id
1175 1802 1248 1833 agat,
1263 1806 1316 1826 non
1334 1799 1413 1827 modo
1428 1801 1532 1828 nullum
1547 1808 1580 1829 ex
1593 1805 1721 1829 contactu
1737 1811 1781 1829 ca-

996 1850 1061 1877 pere
1071 1844 1294 1876 emolumentum,
1305 1852 1400 1872 verum
1412 1846 1493 1873 etiam
1508 1846 1646 1881 inquinari
1661 1855 1713 1874 non
1722 1848 1780 1874 sine

998 1896 1046 1914 sua
1067 1888 1146 1922 culpa
1167 1896 1199 1915 ac
1223 1888 1332 1922 damno,
1360 1895 1501 1925 propterea
1521 1891 1593 1926 quod
1612 1895 1715 1919 temere
1737 1900 1779 1920 res

997 1933 1065 1959 adeo
1079 1937 1187 1961 sanctas
1206 1935 1425 1962 contreetaverit.
1452 1935 1586 1970 «Propter
1599 1944 1710 1964 munera
1730 1945 1778 1965 sua

998 1978 1129 2005 niatutina
1140 1979 1297 2007 dolebunta
1318 1980 1387 2007 facie
1408 1981 1582 2015 iniquitatum
1599 1989 1729 2009 suarum:
1750 1991 1779 2011 et

996 2023 1114 2050 oderatis
1125 2029 1269 2059 arguentes
1280 2025 1307 2051 in
1323 2025 1420 2059 portis.
1432 2034 1441 2050 ι
1456 2025 1565 2053 Munera
1577 2026 1643 2054 dicit
1654 2035 1714 2062 quae
1725 2036 1777 2054 non

997 2073 1069 2095 recte
1085 2069 1189 2104 agendo
1209 2069 1390 2104 accipiebant.
1409 2070 1522 2106 Propter
1546 2071 1684 2106 improbos
1701 2079 1778 2100 actus

996 2117 1110 2145 vestros,
1125 2121 1195 2148 quos
1209 2114 1330 2141 diluculo
1344 2119 1550 2151 consurgentes,
1564 2117 1719 2144 omnimoda
1735 2126 1778 2145 se-

996 2158 1109 2185 dulitate
1122 2159 1301 2191 exercebatis,
1311 2160 1338 2186 in
1351 2160 1443 2194 gravia
1463 2160 1534 2187 mala
1545 2160 1691 2191 incidistis.
1711 2170 1779 2196 pne-

995 2204 1089 2231 sertim
1100 2204 1163 2238 quia
1172 2205 1365 2239 prophetarum
1379 2205 1616 2239 reprehensionem
1631 2214 1708 2241 atquo
1719 2208 1778 2233 ιιιιί-

995 2257 1039 2276 mo
1059 2256 1113 2275 non
1125 2249 1227 2276 tulistis
1240 2258 1247 2282 ;
1262 2249 1419 2284 indignatus
1436 2249 1479 2277 his
1493 2249 1556 2276 dum
1571 2250 1598 2277 in
1611 2253 1698 2285 portis
1713 2258 1777 2278 con-

994 2295 1133 2326 sisterent,
1149 2299 1178 2321 ut
1202 2302 1373 2322 communem
1391 2296 1498 2323 cunctis
1514 2295 1727 2330 ingredientibus
1751 2302 1777 2323 et

994 2342 1159 2370 exeuntibus
1178 2342 1258 2369 dictis
1275 2343 1333 2369 suis
1349 2342 1495 2369 suaderent
1513 2343 1740 2370 emendationem.

161 2392 191 2424 τῇ
203 2389 334 2425 βαρύτητι
345 2388 399 2415 τῶν
412 2388 631 2423 προσγεγονότων
641 2388 705 2422 ὑμῖν
719 2388 948 2422 περιπεπτώκατε
960 2387 1062 2418 κακῶν,
1073 2387 1120 2414 καὶ
1133 2387 1222 2422 πολλῷ
1233 2396 1264 2421 γε
1279 2387 1359 2414 πλέον
1378 2387 1472 2423 ἐπειδὴ
1484 2388 1529 2414 τὸν
1551 2389 1634 2424 παρὰ·
1649 2389 1702 2415 τῶν
1715 2397 1777 2424 προ-

161 2435 251 2470 φητῶν
264 2434 372 2469 ἔλεγχον
384 2434 433 2460 οὐκ
448 2433 568 2469 ἐδέχεσθε
578 2442 586 2450 ·
600 2433 638 2470 (p.
656 2434 719 2469 427)
735 2434 936 2469 ἐδυσχεραίνετε
956 2434 984 2460 δὲ
1006 2434 1074 2469 πρὸς
1098 2434 1196 2465 αὐτοὺς
1208 2435 1253 2460 ἐπὶ
1280 2435 1338 2463 ταῖς
1355 2434 1451 2466 πύλαις
1468 2434 1599 2467 ἑστῶτας,
1613 2435 1651 2466 ὡς
1671 2435 1704 2461 ἂν
1719 2444 1775 2462 κοι-

161 2484 207 2518 νὴν
223 2483 308 2510 ἅπασι
319 2483 374 2513 τοῖς
388 2480 501 2508 είσιοῦσί
517 2490 546 2508 τε
561 2483 609 2508 καὶ
622 2481 722 2513 ἐξιοῦσι
737 2482 787 2517 τὴν
803 2482 857 2508 ἀπὸ
871 2482 925 2508 τῶν
944 2481 1097 2516 λεγομένων
1118 2482 1281 2516 προσάγοιεν
1300 2481 1479 2516 ὲώιὸρθωσιν.

193 2528 266 2562 Στίχ.
284 2530 370 2558 ις’-κ’.
386 2540 422 2545 -
438 2534 449 2551 ι
468 2526 522 2552 Καὶ
548 2526 595 2553 νῦν
609 2526 687 2553 θέσθε
700 2527 733 2562 δὴ
751 2527 798 2553 ἐπὶ
809 2527 859 2558 τὰς
874 2535 943 2561 καρ-

161 2574 216 2604 Bia;
241 2571 318 2607 ὑμῶν
343 2572 397 2598 ἀπὺ
416 2571 464 2606 τῆς
483 2571 588 2606 ἡμέρας
612 2571 713 2605 ταύτης
743 2572 789 2598 καὶ
814 2567 942 2607 ὑπεράνω

161 2618 211 2652 πρὸ
234 2617 281 2643 τοῦ
300 2617 385 2643 θεῖναι
405 2616 477 2643 λίθον
501 2617 546 2642 ἐπὶ
560 2616 632 2643 λίθον
647 2617 676 2643 ἐν
691 2617 729 2651 τῷ
748 2616 804 2651 ναῷ
817 2617 920 2651 Κυρίου
933 2624 940 2630 ·

160 2663 227 2693 τίνες
251 2660 300 2698 ἦτε
315 2662 361 2688 ὅτε
382 2661 537 2688 ὲνεϐἁλλετε
557 2662 598 2693 εἰς
620 2661 737 2697 κυψέλην
752 2662 838 2689 εἴκοσι
855 2662 940 2693 σάτα,

158 2708 202 2733 καὶ
216 2706 320 2740 ἐγίνετο
339 2706 405 2732 δέκα
422 2707 490 2733 σάτα
505 2706 617 2742 κριθῆς·
635 2707 682 2733 καὶ⁴
698 2707 885 2742 είσεπορεύετο
902 2708 940 2738 εἰς

159 2752 186 2778 τὺ
207 2752 350 2786 ὑπολήνιον
369 2751 526 2786 ἐξαντλῆσαι
548 2753 715 2787 πεντήκοντα
735 2752 869 2788 μετρητὰς
894 2753 940 2778 καὶ

159 2797 276 2831 δγίνοντο
294 2797 395 2823 εἴκοσιν
437 2797 557 2830 ἐπάταξα
571 2797 644 2829 ὑμᾶς
669 2799 697 2823 ὲν
717 2798 816 2833 ἀφορίᾳ
841 2798 887 2823 καὶ
909 2798 938 2822 ἐν

316 2845 451 2875 Parum.
473 2845 530 2875 Gn.
554 2845 661 2875 LXVI.

1026 2525 1109 2554 Vens.
1126 2526 1219 2553 16-20.
1251 2541 1285 2546 —
1301 2535 1313 2551 .t
1343 2525 1376 2553 Et
1394 2533 1468 2553 nunc
1483 2526 1575 2560 ponite
1600 2527 1628 2553 in
1647 2527 1775 2554 cordibus

990 2572 1087 2599 Vestris
1097 2580 1112 2598 a
1125 2571 1168 2599 die
1179 2572 1230 2599 hac
1238 2576 1264 2599 et
1275 2579 1367 2606 supra,
1382 2576 1526 2606 antequam
1545 2575 1692 2606 poneretur
1708 2572 1775 2606 lupi:

991 2625 1073 2652 super
1093 2617 1209 2652 lapidem
1232 2618 1258 2644 in
1275 2617 1375 2651 templo
1395 2617 1518 2644 Domini:
1535 2617 1643 2652 quinam
1659 2617 1774 2651 fueritis,

990 2661 1099 2696 quando
1112 2661 1260 2689 mittebatis
1275 2661 1302 2688 in
1318 2662 1444 2697 cypselen
1454 2662 1548 2696 viginti
1560 2666 1631 2692 sata.
1641 2665 1667 2688 et
1677 2661 1775 2689 ﬁebant

993 2707 1085 2734 decem
1102 2711 1161 2734 sata
1177 2707 1271 2734 hordei
1289 2716 1295 2734 :
1313 2711 1340 2734 et
1359 2706 1586 2742 ingrediebamini
1604 2707 1725 2734 torcular
1746 2710 1775 2732 ut

993 2752 1138 2779 hauriretis
1147 2752 1344 2787 quinquaginta
1360 2753 1546 2786 amphoras,et
1556 2751 1655 2778 ﬁebant
1670 2751 1773 2786 viginti.

991 2797 1119 2824 Percussi
1127 2805 1175 2825 vos
1184 2797 1338 2831 sterilitate,
1345 2801 1372 2824 ct
1381 2798 1453 2824 aeris
1461 2797 1647 2831 corruptione.
1656 2802 1681 2822 t'l
1691 2802 1774 2832 grau-

1574 2843 1613 2874 16
