1981 3073
194 143 245 172 691

798 139 972 168 τιῐεοιτοῐιι
990 137 1231 165 MOPSUESTEXI

1761 132 1813 160 ὶθὲ

196 205 259 231 dine
289 202 379 230 omnia
411 207 494 235 opera
527 207 657 226 manuum
683 203 851 230 vestrarum;
876 204 898 225 e1
931 205 982 223 non

1042 194 1217 229 ῑινεμοφθορίᾳ
1232 194 1277 219 καὶ
1291 193 1320 219 ἐν
1338 192 1440 228 χαλάζῃ
1460 191 1546 218 πάντα
1562 191 1595 218 τὶι
1611 191 1678 226 ἔργα
1692 191 1746 217 τῶν
1762 200 1817 226 χει-

197 248 298 276 reversi
314 247 380 274 estis
405 246 437 272 ad
453 253 505 277 me,
525 244 593 271 dicit
604 243 745 270 Dominus.
757 243 892 278 Apponite
909 249 981 268 nunc

197 295 279 322 corda
296 299 383 320 vostra
401 299 416 317 a
432 290 475 318 die
492 291 543 318 ista
567 293 593 316 et
608 296 702 323 supra,
721 297 736 314 a
756 292 854 322 quarta
868 291 895 312 et
910 287 981 312 vice-

197 341 265 367 sima
281 340 343 365 noni
360 337 472 367 mensis.
505 340 533 363 et
548 343 563 362 a
578 335 622 362 die
639 342 692 370 qua
721 334 896 360 fundamenta
908 332 981 365 jacta

198 387 262 412 sunt
283 383 374 417 templi
405 380 522 408 Domini.
547 380 644 406 Ponite
669 380 695 406 in
713 378 842 406 cordibus
872 376 981 406 vestris.

198 435 288 456 utrum
305 429 392 455 adhuc
417 431 599 462 eognoscetur
629 432 710 460 super
738 431 840 455 aream,
870 426 897 448 et
918 428 982 448 num

199 475 286 501 adhuc
314 474 359 500 viti
385 477 411 500 et
427 472 489 500 ticui
516 476 542 499 et
566 471 764 505 Inalogranato,
787 473 814 496 et
837 467 982 495 arboribus

199 521 275 552 oleae,
290 528 350 554 qua:
359 519 476 546 fructum
491 521 601 552 negant,
619 525 650 544 ex
663 516 715 543 hac
728 515 772 542 die
787 514 955 542 benedicam.
972 521 981 536 ι

198 565 407 600 Comparatione
434 565 556 591 instituta
584 562 736 597 superioris
764 559 906 594 temporis,
930 565 984 592 quo

199 610 293 645 templi
308 609 515 637 aediﬁcationem
533 608 714 642 negligehant,
729 610 755 632 et
773 604 915 639 pra‘sentis
930 611 985 638 quo

201 664 297 691 urgere
311 663 380 690 opus
399 657 550 689 cmperanl.
567 652 711 680 ostendere
727 651 810 678 voluit
824 657 913 676 rerum
925 656 985 682 quae

201 702 282 736 282
294 701 361 736 ipsis
374 701 541 728 obvenerant
561 697 743 726 diﬂ‘erentiam
762 706 769 723 :
788 700 815 723 et
831 695 857 722 in
884 697 984 729 quanta

200 749 340 783 neglectus
359 751 479 781 tempore
507 743 606 771 versati
637 743 753 770 fuissent
780 741 934 769 sterilitate.
960 743 986 766 et

201 798 301 830 quanta
318 794 387 820 bona
401 790 504 825 experti
528 793 671 824 postquam
696 785 862 813 exstruendo
886 784 986 818 templo

203 829 314 868 multum
353 837 532 865 contulissent
563 833 745 861 sedulitatem.
774 831 855 864 Ergo,
888 829 985 864 inquit,

203 888 326 920 reputate
358 882 499 916 superiora
530 884 664 913 tempora,
681 884 743 904 cum
763 875 882 902 nondum
902 873 985 900 tediti-
1002 874 1021 900 Β

203 919 281 956 candi
311 927 402 962 templi
432 933 526 952 curam
553 921 747 957 susceperatis,
773 921 799 946 in
825 919 986 954 quibusnam

202 981 293 1001 rerum
307 972 445 1007 adjunctis
460 969 646 998 versaremini,
656 975 716 994 cum
726 966 852 993 nimirum
866 965 989 1000 manipu-

202 1020 244 1046 los
268 1017 434 1052 colligebalis
462 1015 558 1050 viginti
586 1019 708 1041 satorum
739 1011 839 1038 fructui
861 1010 989 1044 suppedi—

202 1065 286 1091 tando
299 1063 408 1094 idonea,
424 1063 467 1088 vix
491 1065 580 1087 autem
595 1059 740 1086 exstabant
767 1058 860 1084 decem
879 1060 989 1091 propter

203 1111 310 1143 frugum
324 1107 516 1142 corruptelam.
530 1105 561 1132 Et
572 1104 681 1140 quidem
698 1103 779 1130 etiam
790 1102 852 1129 vitis
869 1101 987 1128 fructum

203 1151 484 1187 tantnmcolligebatis
498 1153 629 1184 quantum
644 1147 782 1183 amphoris
793 1145 989 1181 quinquaginta

204 1197 348 1234 implendis
364 1197 432 1224 satis
446 1200 522 1228 erat;
538 1199 656 1222 attamen
673 1194 716 1220 vix
735 1193 828 1228 viginti
855 1190 988 1218 eilieieha-

205 1245 250 1276 tis,
269 1243 333 1278 quia
349 1247 376 1270 et
400 1242 443 1268 hic
459 1241 492 1268 ab
508 1248 570 1268 aere
582 1243 696 1267 exustus
720 1238 817 1265 fuerat.
840 1236 911 1262 Sane
941 1243 990 1270 ego

204 1288 281 1315 vobis
296 1287 394 1314 immisi
408 1285 559 1313 sterilitatis
575 1284 700 1318 aerisque
713 1281 868 1316 pestilentis
884 1281 987 1314 plagas,

203 1334 270 1368 quin
285 1333 365 1360 etiam
392 1330 523 1366 grandine
540 1333 644 1356 vestros
673 1335 767 1354 omnes
789 1325 896 1353 labores
927 1333 989 1359 pcr-

204 1379 283 1406 didi:
302 1385 350 1404 vos
379 1380 468 1403 autem
488 1378 549 1410 post
580 1374 625 1401 illa
653 1380 763 1408 quoque
791 1371 989 1398 contumaciam

203 1428 321 1450 vestram
339 1421 498 1448 retinuistis.
519 1419 571 1447 Sed
592 1427 635 1451 ea,
658 1418 756 1452 inquit,
774 1416 903 1452 prteteriti
921 1421 989 1441 tem—

204 1468 279 1503 poris
296 1470 370 1493 sunt.
395 1465 472 1492 I‘lunc
485 1471 550 1491 vero
575 1462 756 1493 considerate,
771 1469 894 1496 quanam
913 1459 989 1486 vobis

204 1521 236 1540 ex
251 1513 295 1538 illa
311 1511 355 1538 (lie
370 1510 521 1540 everterint,
536 1515 589 1543 qua
603 1507 636 1534 ad
662 1506 753 1540 templi
782 1505 988 1532 adilicationem

205 1558 326 1592 coepistis
348 1557 505 1583 incumbere
537 1564 544 1581 :
571 1553 744 1588 comperietis
781 1551 863 1583 enim,

205 1612 274 1630 arezc
290 1603 418 1632 fructum,
433 1608 519 1635 neque
534 1600 672 1629 arborum.
687 1597 901 1633 comparandum
929 1604 990 1623 eum

206 1648 344 1682 superiore
363 1655 370 1673 :
384 1654 415 1673 ex
429 1646 471 1673 his
483 1645 554 1671 enim
567 1649 646 1670 antea
655 1643 746 1669 nullus
754 1642 830 1669 vobis
843 1647 992 1676 proventus

205 1693 330 1720 exstabat
348 1702 354 1719 :
376 1696 519 1726 postquam
534 1689 699 1723 vcrotempli
717 1687 768 1715 mei
783 1695 875 1714 curam
889 1688 991 1722 geritis,

207 1740 298 1766 omnia
313 1742 403 1765 vestra
419 1735 654 1763 benedictionibus
669 1735 735 1760 meis
756 1734 910 1764 eumulans,
926 1733 992 1760 ube-

208 1791 263 1810 rem
279 1783 355 1810 vobis
366 1782 442 1810 elTeci
463 1781 569 1816 frugum
596 1787 685 1807 usum.
709 1778 767 1805 Jam
784 1784 926 1813 postquam
956 1779 992 1804 ita

207 1836 254 1856 eos
280 1829 438 1855 cohortatus
461 1828 558 1857 fuerat,
579 1829 659 1860 atque
675 1825 708 1851 ad
730 1832 799 1859 opus
827 1824 993 1851 excitaverat

209 1878 329 1901 veterum
364 1881 453 1900 rerum
484 1871 626 1902 memoria,
645 1874 672 1897 et
703 1870 883 1904 posteriorum
901 1868 992 1902 adjec-

210 1919 292 1949 tione.
316 1923 426 1953 propter
439 1925 516 1945 suam
544 1917 632 1943 adhuc
656 1915 824 1950 ambigentes
840 1914 991 1948 penuriam,

209 1970 304 1989 rursus
321 1962 425 1989 animos
438 1962 478 1989 eis
494 1961 567 1987 addit
579 1961 671 1987 dicens
688 1968 694 1986 :

245 2054 326 2081 Vens.
348 2053 443 2080 21-25.
458 2067 492 2072 -
511 2062 519 2078 ι
541 2052 572 2078 Et
590 2051 689 2078 factum
701 2054 742 2077 est
758 2051 869 2077 verbum
887 2050 992 2076 Domini

210 2100 327 2127 secumlo
339 2098 372 2125 ad
394 2098 518 2133 Aegaeum
532 2097 690 2132 prophetam
711 2100 809 2130 quarta
822 2100 849 2122 et
865 2096 993 2122 vicesima

211 2146 322 2176 inensis,
348 2145 464 2171 dicens:
495 2143 618 2177 [.Oquere
638 2142 670 2168 ad
703 2141 896 2168 Zorobahelem
917 2140 990 2167 Sala-

210 2191 301 2217 thielis
319 2189 403 2216 ﬁlium
424 2189 456 2216 de
471 2188 543 2214 trihn
571 2187 657 2217 Judm,
675 2187 771 2213 dicens
788 2194 794 2212 :
819 2186 914 2213 Adhuc
943 2193 993 2220 ego

211 2237 293 2264 semel
306 2241 463 2261 commoveo
482 2234 581 2259 cmlum
593 2237 619 2259 et
635 2236 745 2263 terram,
760 2239 791 2257 ac
805 2239 879 2257 mare
897 2235 923 2258 et
938 2231 992 2257 ari-

211 2283 283 2308 dam.
301 2281 332 2307 Et
342 2280 496 2307 subvertam
512 2279 625 2304 thronos
643 2285 746 2312 regum,
765 2281 791 2304 et
809 2277 917 2311 perdam
938 2276 993 2303 for-

211 2327 354 2354 titudinem
373 2324 445 2358 regis
474 2324 604 2357 gentium,
622 2323 832 2356 subvertatnque
848 2329 946 2349 currus
967 2326 994 2348 et

214 2377 374 2398 ascensort's
392 2373 438 2395 τοι
455 2367 621 2394 descendent
639 2367 700 2401 equi
726 2372 751 2393 et
776 2374 934 2394 ascensores
949 2373 995 2393 eo—

214 2423 283 2444 rum.
299 2414 486 2447 unusquisque
503 2419 564 2438 cum
586 2410 676 2444 gladio
689 2410 770 2444 283
788 2410 918 2438 adversus
939 2411 994 2437 fra-

213 2465 279 2486 trem
296 2467 386 2485 suum.
407 2467 414 2482 I
434 2457 537 2483 Similia
557 2456 694 2490 prioribus
717 2456 799 2488 dicit;
819 2456 881 2482 talia
896 2456 995 2490 quippe

213 2509 277 2531 sunt
283 2504 388 2531 vcran
397 2501 531 2529 ELl'actum
541 2507 581 2529 est
589 2502 699 2528 verbum
713 2501 817 2528 Domini
829 2501 950 2528 set-nudo
961 2500 995 2528 ad

214 2553 349 2583 Agga‘um.
362 2548 453 2582 IAlqui
464 2548 491 2575 in
506 2547 694 2581 superioribus
710 2551 823 2581 apparet
836 2554 907 2581 saepe
922 2545 995 2572 divi-

215 2601 276 2620 nam
292 2593 481 2619 revetatiouem
497 2591 635 2625 accepisse
663 2593 833 2625 prophetam,
850 2597 877 2618 et
897 2600 996 2619 secun-

213 2639 278 2665 dum
293 2638 365 2664 illam
383 2638 481 2672 populo
505 2638 632 2663 loeutum.
651 2636 704 2662 Sed
716 2644 786 2663 nunc
803 2637 840 2664 ait
866 2646 876 2662 ‹
900 2645 998 2665 secun-

214 2685 277 2714 do,»
295 2683 358 2718 quia
373 2691 416 2710 res
430 2683 496 2716 Gogi
509 2682 597 2709 denuo
613 2682 767 2713 denuntiat,
787 2683 998 2718 utquiproptcr

215 2732 323 2758 illarum
349 2729 562 2763 magnitudinem
592 2728 797 2760 discredebant,
835 2731 997 2756 sententiam

216 2776 320 2802 ﬁrmam
338 2776 519 2808 susciperent,
546 2773 675 2808 quoniam
695 2773 764 2799 haud
781 2775 863 2800 semel
880 2778 999 2801 tantum-

215 2820 306 2852 modo.
340 2827 433 2847 verum
459 2819 540 2847 etiam
570 2818 706 2852 secundm
746 2818 923 2846 denuntiabat
952 2827 998 2847 eas

903 1557 990 1584 neque
1005 1557 1027 1567 υ

1034 239 1087 274 ρῶν
1109 239 1201 274 ὑμῶν’
1226 239 1273 265 καὶ
1293 239 1342 264 οὐκ
1365 237 1547 272 ἐπεστρέψατε
1578 237 1646 272 πρός
1665 245 1716 271 με,
1743 237 1818 269 λέγῃ

1033 285 1132 320 Κύριος
1158 284 1369 318 παντοκράτωρν
1389 283 1486 315 τάξατε
1502 282 1532 316 δὴ
1549 282 1598 313 τὰς
1615 282 1727 316 καρδίας
1743 282 1819 316 ὑμῶν

1033 329 1086 355 ἀπὸ
1101 329 1150 362 τῆς
1168 327 1273 362 ἡμέρας
1299 327 1399 361 ταύτης
1425 327 1469 352 καὶ
1486 326 1621 358 ἐπέκεινα,
1643 327 1695 352 ἀπὸ
1710 327 1757 361 τῆς
1773 335 1818 352 τε·

1032 374 1128 409 τράδος
1146 373 1192 399 καὶ
1207 372 1311 403 εἰκάδος
1330 372 1376 398 τοῦ
1403 371 1498 397 ἐνάτου
1519 371 1620 406 μηνὸς,
1638 372 1683 397 καὶ
1701 372 1754 397 ἀπδ
1768 372 1819 405 τῆς

1034 419 1138 454 ἡμέρας
1153 416 1186 453 ἧς
1202 417 1367 452 ὲθεμελιιὶιθη
1386 418 1399 443 ὸ
1409 417 1471 448 ναὸς
1482 416 1585 450 Κυρίου
1597 424 1603 431 ·
1625 416 1702 443 Θέσθε
1716 418 1745 442 ὲν
1759 418 1818 447 ταῖς

1034 465 1156 501 καρδίαις
1178 464 1254 498 ὑμῶν
1269 464 1292 489 εί
1310 463 1350 489 ἐτι
1369 462 1601 496 ἐπιγνωσθήσεται
1617 462 1661 488 ὲπ¹ι
1676 462 1724 496 τῆς
1744 462 1800 488 ἅλω
1811 470 1817 475 ·

1034 510 1081 536 καὶ
1103 510 1127 535 εί
1151 509 1224 544 ἑτιὴ
1247 507 1367 543 ἄμπελος
1391 509 1436 534 καὶ
1459 508 1475 542 ἡ
1499 507 1568 541 συκῆ
1592 507 1639 532 καὶ
1656 506 1705 541 poi
1726 506 1820 533 καὶτὰ

1036 555 1100 586 ξύλα
1122 554 1172 588 τῆς
1192 553 1284 585 ἐλαίας
1306 553 1341 579 τὰ
1364 553 1394 579 οὐ
1423 552 1538 587 φέροντα
1557 553 1679 587 καρπὸν,
1702 553 1755 578 ἀπὸ
1769 552 1819 583 τῆς

1035 600 1139 634 ἡμέρας
1161 598 1263 633 ταύτης
1284 598 1432 633 εὐλογήσω.
1461 607 1470 623 ι
1492 597 1644 632 Παραθέσει
1661 598 1742 623 πάλΝ
1766 597 1820 623 τῶν

1035 654 1064 671 τε
1089 645 1236 680 πρότερον.
1258 644 1302 670 ὅτε
1320 652 1372 677 περ
1394 643 1512 677 ἠμέλουν
1536 642 1585 677 τῆς
1614 643 1755 677 οἰκοδομῆς
1773 642 1820 668 τοῦ

1035 691 1116 721 ναοῦ.
1134 691 1181 717 καὶ
1203 690 1256 716 τῶν
1275 689 1321 716 νῦν
1345 688 1419 721 ἐξότε
1442 697 1493 722 περ
1519 687 1679 720 σπουδάζειν
1705 688 1822 723 ἤρξαντο

1037 736 1100 771 περὶ
1113 735 1143 761 τὸ
1157 735 1246 770 ἔργον,
1261 734 1397 769 ἠϐουλήθη
1415 733 1499 765 δεῖξαι
1518 733 1572 759 τῶν
1589 733 1738 767 γεγονότων
1758 734 1822 768 περὶ

1037 781 1134 811 αὐτοὺς
1156 780 1205 815 τὴν
1221 779 1367 814 διαφοράν·
1395 779 1442 805 καὶ
1465 780 1494 805 ὲν
1518 779 1567 813 ὅσῃ
1593 779 1640 811 μὲν
1659 779 1822 813 ἀμελοῦντες

1037 825 1136 861 ἀφορίᾳ
1155 825 1320 859 γεγόνεσαν,
1340 825 1408 851 ὅσων
1427 825 1454 851 δὲ
1472 825 1581 859 ἀγαθῶν
1597 827 1625 851 ὲν
1641 824 1722 859 πείρᾳ
1738 825 1820 850 κατέ-

1041 878 1152 904 στησαν,
1161 869 1252 904 ἐπειδὴ
1260 871 1292 904 τῇ
1302 869 1347 895 τοῦ
1357 869 1421 895 ναοῦ
1433 870 1573 905 προσέγειν
1583 870 1708 904 οἰκοδομῇ
1721 869 1822 904 προθυ-

1041 915 1104 950 μίαν
1117 915 1194 950 ἔσχον
1206 915 1316 950 πολλήν.
1336 915 1542 948 Ἀναλογίσασθε
1560 913 1605 941 οὖν
1616 935 1622 945 ,
1641 915 1716 948 φησι,
1730 914 1763 940 τὰ
1773 914 1823 947 τῆς

1039 960 1144 995 ἡμέρας
1168 960 1305 995 ἀνώτερα,
1323 959 1364 994 (ρ.
1380 959 1448 994 428)
1467 961 1510 986 ὅτε
1527 961 1603 986 οῡπω
1616 960 1664 994 τῆς
1679 959 1823 993 οἰκοδομῆς

1040 1005 1208 1040 ἐφροντίζετε
1231 1005 1277 1030 τοῦ
1292 1005 1355 1030 ναοῦ
1365 1025 1372 1036 ,
1393 1005 1422 1030 ὲν
1446 1005 1511 1036 οἵοις
1533 1003 1581 1039 ἦτε
1592 1025 1598 1036 ,
1612 1005 1651 1030 ὃτι
1666 1013 1722 1030 cavi
1729 1003 1821 1036 λέγετε

1041 1051 1089 1086 μὲν
1109 1051 1252 1086 δράγματα
1273 1051 1352 1077 ἱκανὰ
1365 1051 1470 1085 καρπὸν
1488 1050 1572 1077 εἴκοσι
1593 1051 1680 1076 σάτων
1698 1050 1822 1076 ἁποδιδνὶ-

1039 1105 1092 1127 ναι,
1109 1097 1185 1131 μόγις
1199 1096 1226 1122 δὲ
1240 1096 1368 1128 ἐξεδίδοτο
1381 1096 1445 1123 δέκα
1460 1097 1491 1122 ἐκ
1501 1097 1547 1123 τοῦ
1560 1097 1621 1127 τοὺς
1638 1096 1758 1131 καρποὺς
1771 1096 1824 1121 διε-

1041 1141 1167 1176 φθάρθαι.
1187 1142 1240 1167 Καὶ
1262 1141 1314 1176 μὴν
1332 1141 1379 1167 καὶ
1395 1141 1443 1176 τῆς
1456 1141 1577 1175 ἀμπέλου
1594 1140 1700 1175 καρποῦ
1717 1139 1824 1165 συνελέ-

1039 1195 1101 1220 γετε
1123 1186 1190 1221 πρὸς
1218 1185 1384 1221 πεντήκοντα
1414 1185 1554 1220 μετρητῶν
1571 1185 1707 1220 ἀρκοῦντα
1723 1185 1823 1219 φορὰν,

1041 1232 1086 1257 καί
1101 1231 1178 1266 μόγις
1201 1230 1361 1266 ὲκομίζεσθε
1382 1231 1466 1257 εἴκοσι
1482 1230 1525 1256 διὰ
1540 1231 1570 1256 τὺ
1584 1231 1696 1256 κάκεῖνα
1713 1230 1827 1265 ἐξηράν-

1041 1277 1084 1303 θαι
1102 1277 1140 1311 τῷ
1155 1277 1229 1312 ἀέρι·
1253 1275 1330 1310 κάγὼ
1346 1276 1394 1310 μὲν
1409 1277 1546 1311 ἐπήγαγον
1560 1276 1623 1309 ὑμῖν
1639 1275 1742 1309 πληγὰς
1761 1277 1826 1308 ἀφο-

1042 1323 1100 1358 ρίας
1116 1331 1145 1348 τε
1159 1323 1205 1349 καὶ
1217 1322 1426 1357 ἀνεμοφοορίας,
1443 1321 1489 1347 καὶ
1503 1321 1533 1355 δὴ
1550 1322 1595 1347 καὶ
1607 1320 1710 1356 χαλάζῃ
1722 1321 1826 1351 πάντας

1042 1367 1117 1401 ὑμῶν
1138 1367 1256 1401 ἠφάνισα
1275 1367 1336 1397 τοὺς
1361 1366 1475 1397 πόνους·
1501 1367 1610 1401 ἐμένετε
1638 1365 1666 1391 δὲ
1689 1367 1826 1400 ἀκαμπεῖς

1042 1413 1089 1438 καὶ
1102 1411 1170 1445 πρὸς
1181 1412 1282 1437 ἐκεῖνα.
1302 1411 1380 1437 Ἀλλὰ
1393 1411 1479 1437 ταῦτα
1493 1411 1542 1445 μὲν
1554 1411 1606 1445 πρὸ
1618 1410 1722 1441 τούτου,
1734 1411 1825 1444 φησίν.

1048 1457 1254 1490 ’Δναλογίσασθε
1278 1457 1305 1483 δὲ
1321 1457 1363 1483 ἐπ’
1387 1457 1500 1488 ἐκείνοις
1518 1454 1615 1492 οἷάπερ
1631 1457 1694 1491 ὑμῖν
1712 1456 1764 1482 ἀπὸ
1778 1456 1827 1490 τῆς

1042 1503 1148 1538 ἡμέρας
1165 1504 1270 1537 ἐκείνης
1287 1504 1468 1538 προσγέγονεν
1482 1505 1510 1529 ἐν
1527 1501 1599 1539 ᾗπερ
1611 1503 1674 1538 περὶ
1686 1503 1734 1536 τὴν
1753 1503 1826 1528 οίκο-

1042 1550 1124 1585 δομὴν
1140 1550 1321 1576 ἐσπουδάσατε
1339 1549 1385 1575 τοῦ
1401 1549 1464 1575 ναοῦ
1478 1558 1483 1563 ·
1501 1550 1629 1584 εὑρήσετε
1644 1549 1696 1584 γὰρ
1712 1548 1772 1574 οὔτε
1783 1548 1828 1573 τὸν

1042 1596 1090 1629 τῆς
1106 1595 1206 1625 ἅλωνος
1231 1594 1351 1630 καρπὸν,
1369 1593 1430 1620 οὔτε
1450 1594 1495 1619 τὸν
1513 1593 1566 1619 τῶν
1591 1593 1721 1628 δένδρων,
1740 1600 1828 1627 παρα-

1043 1641 1116 1667 θέσει
1139 1640 1193 1666 τῶν
1216 1640 1277 1666 τότε
1303 1639 1500 1672 ἐπιγνωσθῆναι
1518 1638 1674 1672 δυνάμενον.
1694 1637 1828 1672 Πρότερον

1045 1687 1093 1720 μὲν
1109 1685 1162 1720 γὰρ
1176 1686 1238 1719 ὑμῖν
1260 1685 1346 1716 οὐδεὶς
1361 1684 1388 1716 ἐξ
1404 1683 1494 1710 αὐτῶν
1508 1683 1605 1709 ἐδίδοτο
1621 1683 1739 1718 καρπός·
1754 1681 1828 1713 ἐξότε

1043 1732 1070 1759 δὲ
1085 1733 1150 1767 περὶ
1166 1732 1213 1758 τὸν
1229 1731 1290 1758 ναὸν
1307 1731 1492 1758 ἐσπουδάσατε
1508 1730 1552 1756 τὸν
1563 1730 1637 1764 ἐμὸν,
1656 1730 1741 1755 πάντα
1755 1728 1830 1754 εὐλο-

1043 1778 1105 1810 γίας
1133 1775 1281 1811 πληρώσας
1303 1775 1337 1802 τὰ
1357 1776 1490 1810 προσόντα.
1514 1775 1592 1809 ὑμῖν,
1621 1774 1732 1808 ἄφθονον
1758 1774 1829 1806 ἔχειν

1044 1822 1159 1857 ἐποίησα
1177 1822 1231 1848 τῶν
1256 1821 1370 1856 καρπῶν
1388 1822 1438 1856 τὴν
1459 1821 1618 1847 ἀπόλαυσιν.
1638 1818 1701 1846 Εἶτα
1726 1819 1829 1850 τούτοις

1045 1869 1141 1899 αὐτοὺς
1159 1867 1239 1894 πάλιν
1264 1866 1484 1902 προτρεψάμενος
1501 1866 1547 1891 καὶ
1570 1865 1705 1899 διεγείρας
1721 1865 1783 1898 περὶ
1799 1864 1830 1890 τὺ

1045 1917 1124 1951 ἔργον
1145 1917 1177 1950 τῇ
1209 1915 1300 1950 μνήμῃ
1321 1914 1374 1940 τῶν
1403 1912 1524 1939 παλαιῶν
1552 1913 1597 1938 καὶ
1624 1913 1656 1947 τῇ
1682 1911 1829 1946 παραθέσει

1045 1962 1098 1988 τῶν
1113 1961 1225 1994 ὕστερον
1236 1982 1242 1992 ,
1257 1960 1300 1986 διὰ
1320 1960 1369 1994 τὴν
1384 1959 1477 1984 πενίαν
1492 1957 1709 1992 ὰμφιὸάλλοντας
1726 1957 1764 1982 ἐτι
1781 1958 1830 1991 τὴν

1045 2007 1156 2037 οἰκείαν,
1177 2005 1381 2040 παραθαρρύνει
1398 2004 1477 2030 πάλιν
1489 2003 1535 2029 καί
1550 2011 1631 2037 φησιν
1645 2002 1740 2033 οὕτως·

1081 2053 1088 2086 (
1100 2060 1126 2086 p.
1142 2052 1210 2086 4:29)
1222 2051 1295 2085 Στίχ.
1308 2050 1416 2082 κα’-κγ’.
1432 2063 1462 2068 -
1480 2057 1489 2074 t
1504 2048 1558 2074 Καὶ
1570 2048 1677 2080 ἐγένετο
1688 2047 1765 2080 λόγος
1777 2047 1830 2072 Ko-

1047 2097 1104 2132 ρίου
1119 2098 1150 2122 ἐκ
1161 2096 1286 2131 δευτέρου
1299 2095 1368 2130 πρὸς
1387 2095 1511 2128 ’Δγγαῖον
1525 2094 1568 2119 τὸν
1585 2093 1740 2127 προφήτην,
1755 2093 1783 2117 ὲν
1796 2093 1829 2126 τῇ

1046 2142 1152 2177 τετράδι
1163 2142 1209 2168 καὶ
1224 2141 1312 2167 εἰκάδι
1326 2139 1371 2166 τοῦ
1385 2140 1478 2175 μηνὸς,
1493 2138 1590 2172 λέγων’
1606 2138 1690 2164 Εἰπὸν
1705 2137 1771 2172 πρὸς
1784 2137 1830 2162 Ζο-

1010 2200 1031 2227 D
1049 2187 1162 2224 ροϐάΰελ
1183 2187 1227 2213 τον
1247 2186 1294 2212 τοῦ
1308 2185 1440 2219 Σαλαοιὴλ
1460 2185 1490 2210 ὲκ
1507 2184 1591 2218 φυλῆς
1612 2183 1697 2209 Ἰούδα
1709 2203 1715 2214 ,
1727 2183 1812 2216 λέγων
1823 2191 1829 2196 ·

1048 2233 1108 2259 Ἔτι
1122 2231 1195 2263 ἅπαξ
1207 2231 1262 2265 ἐγὼ
1274 2231 1338 2256 σείω
1353 2230 1398 2256 τὸν
1412 2229 1524 2263 οὐρανὸν
1540 2228 1586 2255 καὶ
1599 2229 1648 2260 τὴν
1661 2229 1711 2262 γῆν
1725 2228 1770 2254 καὶ
1784 2227 1832 2262 τὴν

1045 2277 1179 2304 θάλασσαν
1202 2277 1247 2303 καὶ
1264 2277 1312 2310 τὴν
1338 2275 1439 2310 ξηράν
1463 2275 1509 2301 καὶ
1528 2273 1707 2308 καταστρέφω
1723 2272 1832 2308 θρόνους

1046 2323 1185 2358 βασιλέων,
1201 2323 1248 2349 καὶ
1262 2320 1443 2356 ὲξολοθρεύσω
1456 2319 1570 2354 δύναμιν
1592 2318 1723 2354 βασιλέως
1738 2318 1831 2347 ἐθνῶν,

1045 2370 1091 2395 καὶ
1118 2367 1297 2403 καταστρέφω
1324 2367 1453 2402 ἅρματα,
1480 2365 1526 2391 καὶ
1545 2364 1698 2395 ἀναϐάτας·
1716 2364 1762 2389 καὶ
1783 2372 1826 2389 κα·

1046 2414 1207 2448 ταϐήσονται
1229 2413 1306 2438 ἵπποι
1323 2413 1369 2438 καὶ
1389 2411 1522 2437 ἀναϐάται
1545 2409 1651 2440 αὐτῶν,
1678 2409 1787 2435 ἕκαστοι
1805 2410 1834 2435 ἐν

1047 2459 1170 2494 ῥομφαίᾳ
1195 2459 1262 2492 προς
1278 2457 1323 2483 τὸν
1340 2456 1452 2490 ἀδελφὸν
1477 2455 1570 2482 αὑτοῦ.
1591 2465 1600 2480 ι
1622 2455 1662 2480 Τὰ
1681 2454 1749 2480 αὐτὰ
1778 2455 1836 2485 τοῖς

1047 2504 1188 2539 προτέροις
1211 2503 1301 2536 λέγει’
1316 2503 1395 2528 τοῦτο
1412 2504 1465 2537 γὰρ
1480 2502 1554 2537 δηλοῖ
1566 2502 1609 2534 τὺ,
1631 2512 1639 2528 ι
1658 2502 1712 2528 Καὶ
1729 2502 1836 2535 ἐγένετο

1047 2548 1125 2582 λόγος
1142 2549 1242 2583 Κυρξου
1267 2549 1298 2574 ὲκ
1321 2548 1447 2582 δευτέρου
1471 2547 1538 2583 πρὸς
1559 2548 1694 2581 ’Δγγαῖον.
1716 2557 1724 2572 ι
1742 2547 1836 2573 Καίτοι

1047 2602 1079 2628 γε
1097 2594 1219 2628 φαίνεται
1241 2594 1269 2619 ὲν
1284 2594 1340 2624 τοῖς
1363 2593 1508 2628 ἀνωτέροις
1523 2593 1650 2624 πολλάκις
1665 2593 1836 2626 ἀποκάλυψιν

1048 2648 1077 2665 τε
1103 2639 1175 2664 θείαν
1198 2638 1342 2672 δεξάμενος
1359 2639 1373 2664 ὁ
1398 2639 1540 2673 προφήτης
1564 2639 1611 2664 καὶ
1635 2639 1706 2664 κατὰ
1736 2637 1837 2671 ταύτην

1049 2683 1196 2717 διαλεχθεὶς
1221 2682 1260 2717 τῷ
1278 2682 1344 2716 λαῷ.
1369 2682 1449 2707 Ἀλλὰ
1470 2682 1549 2707 τοῦτό
1572 2690 1652 2716 φησιν
1671 2691 1679 2706 ε
1701 2683 1732 2708 ἐκ
1748 2682 1839 2707 δευτέ-

1052 2737 1109 2763 ρου,
1130 2738 1138 2753 ι
1157 2729 1197 2754 ὅτι
1212 2728 1245 2754 τὰ
1261 2729 1324 2763 περὶ
1346 2727 1392 2753 τοῦ
1407 2727 1468 2760 Γὼγ
1483 2727 1531 2752 νῦν
1549 2727 1630 2753 πάλιν
1646 2726 1727 2756 αὐτὸς
1751 2728 1838 2758 ἑπαγ-

1050 2773 1187 2806 γέλλεται,
1205 2773 1247 2798 ἵνα
1266 2773 1302 2807 μὴ
1324 2773 1368 2798 διὰ
1380 2772 1409 2798 τὸ
1425 2771 1539 2806 μέγεθος
1559 2771 1693 2797 ἀπιστῶσι
1710 2771 1749 2805 τῷ
1762 2771 1840 2803 λεγοο

1054 2819 1137 2854 μένῳ,
1155 2818 1337 2853 άναμφίϐο).ον
1352 2817 1380 2844 δὲ
1396 2816 1478 2852 ἔχωσι
1497 2816 1546 2852 τὴν
1557 2816 1679 2851 γνώμην,
1695 2817 1728 2843 ὲκ
1743 2815 1789 2842 τοῦ
1801 2815 1840 2850 μὴ
