1981 3073
204 145 258 171 ωδ

795 145 968 172 THEODORI
991 145 1232 174 MOPSUESTENI

1777 151 1829 174 49!:

206 202 280 228 nium
307 209 387 229 suum
427 201 563 229 cecinisse
597 206 766 235 compertum
789 206 841 229 est.
869 202 985 237 Namqm

1043 205 1097 240 γὰρ
1116 205 1234 242 δευτέρῳ
1257 205 1385 240 Δαρείου,
1409 205 1500 236 καθὼς
1516 205 1545 238 ἐξ
1564 205 1648 241 αὐτῆς
1665 207 1719 232 ἔστι
1735 206 1830 240 μαθεῖν

205 255 277 275 anno
289 247 362 275 Darii
377 248 508 280 secundo,
522 251 551 274 ut
564 255 595 274 ex
613 248 680 282 ipsis
696 255 860 283 cognoscere
873 249 934 276 licet
949 249 992 276 di-

205 292 275 319 vinis
287 291 408 323 Litteris,
430 291 519 318 aiebat
538 291 582 319 ille
596 299 625 319 se
645 295 708 326 post
726 297 864 327 acceptam
885 294 990 320 revela-

205 337 306 364 tionetn
330 337 437 364 initium
463 337 551 364 facere
581 337 779 372 prophetandi;
797 343 823 365 et
849 346 922 365 nunc
939 338 991 366 iste

205 383 340 410 similiter.
355 383 444 416 Quare
459 387 520 418 post
536 383 652 410 reditum
670 382 810 410 lsraelitici
822 384 925 418 populi,
943 385 991 418 qui

204 428 341 464 Babylone
363 429 390 456 in
403 428 523 456 Juda-am
549 437 579 456 se
609 429 720 464 recepit,
748 437 861 464 prorsus
883 433 991 456 constat

208 479 353 509 utrumque
374 474 544 510 prophetiam
573 473 664 502 edere.
695 473 763 501 Cum
790 475 862 502 enim
891 474 989 509 Cyrus,

205 521 248 555 qui
267 520 372 555 primus
392 520 482 548 Persis
497 520 578 548 simul
594 523 622 548 et
645 519 731 548 Medis
754 520 930 555 imperitavit,
947 528 989 547 re-

204 567 271 594 verti
294 566 321 593 in
347 567 460 601 patriam
485 566 585 593 Judmis
606 566 800 597 concessisset.
822 574 875 593 non
892 567 989 601 exigua

204 612 245 638 vis
263 611 355 646 populi
385 612 411 638 in
431 613 524 639 urbem
542 611 710 638 Hierusalem
733 616 814 646 atque
827 612 853 638 in
867 611 988 638 Judream

205 664 329 692 regressa
353 662 406 688 est,
429 658 497 685 duce
514 657 692 685 annbabele.
717 659 804 693 Atque
823 658 848 685 hi
874 658 988 685 reduces

205 702 378 730 fundamenta
394 703 485 737 templi
505 704 641 736 jecerunt.
659 703 685 730 in
711 711 798 739 eoque
813 703 898 731 altare
912 704 987 730 exci—

204 752 338 775 taverunt.
353 748 405 775 Sed
415 748 486 775 enim
497 753 640 783 postquam
653 756 721 782 opus
733 748 855 784 impediri
868 753 987 783 emptum

203 796 254 825 cst,
288 793 385 827 partim
408 794 584 820 molestorum
602 793 720 821 hostium
748 794 860 826 malitia,
888 794 987 829 partim

203 839 261 873 ipsa
277 836 432 866 Judaeorum
448 838 564 870 desidia,
578 839 659 875 285
675 844 738 867 tunc
761 840 857 868 beatus
872 840 987 875 Aggazus

1045 250 1094 285 τῆς
1119 250 1193 282 θείας
1218 251 1346 286 Γραφῆς,
1371 250 1474 282 ἐκεῖνός
1504 259 1533 276 τε
1560 250 1631 277 κατὰ
1658 251 1830 286 ἀποκάλυψιν

1045 294 1119 321 θείαν
1134 294 1266 329 ἄρξασθαι
1291 294 1364 328 λέγει
1379 294 1429 329 τῆς
1451 294 1617 330 προφητείας
1627 313 1634 325 ,
1649 293 1695 320 καὶ
1709 294 1762 329 μὴν
1783 294 1830 320 καὶ

1044 338 1120 373 οὗτος
1133 341 1248 376 ὁμοίως,
1265 340 1303 372 ὡς
1325 340 1393 376 μετά
1416 339 1464 375 τὴν
1486 340 1613 366 ἐπάνοδον
1626 339 1672 366 τοῦ
1696 339 1830 374 Ἰσραηλι-

1044 387 1120 413 τικοῦ
1144 386 1209 413 λαοῦ
1235 386 1289 413 ἀπὸ
1312 387 1361 421 τῆς
1386 385 1544 416 Βαϐυλῶνος
1565 386 1605 416 είς
1623 385 1671 420 τὴν
1700 385 1830 411 Ἰουδαίαν

1044 431 1241 467 ἐπαναχθέντος
1254 431 1423 466 ἀμφοτέρους
1435 429 1575 466 προδήλως
1585 429 1726 464 φαίνεσθαι
1738 437 1829 455 ποιου-

1045 476 1142 511 μένους
1162 477 1211 512 τὴν
1240 475 1416 511 προφητείαν.
1449 475 1539 510 Κύρου
1567 474 1621 509 γὰρ
1646 474 1692 500 τοῦ
1721 473 1827 509 πρώτου

1044 520 1155 555 Περσῶν
1175 529 1204 547 τε
1230 521 1275 547 καὶ
1298 520 1396 555 Μήδων
1413 520 1484 546 κατὰ
1499 519 1596 546 ταύτὸν
1621 518 1829 553 βασιλεύσαντος

1043 564 1199 591 ἐπανελθεῖν
1210 565 1249 596 εἰς
1264 565 1312 599 τὴν
1328 565 1430 591 οἰκείαν
1447 564 1641 600 ἐπιτρέψαντος
1653 563 1754 598 χώραν,
1768 563 1828 589 ἀνε-

1043 609 1157 644 λήλυθεν
1179 610 1223 644 (p.
1241 610 1310 642 432)
1333 610 1381 645 μὲν
1406 609 1507 645 πλῆθος
1522 609 1561 641 εἲς
1579 618 1608 636 τε
1624 609 1673 644 τὴν
1692 609 1827 643 Ἰερουσα-

1042 655 1097 690 λὴμ
1122 656 1169 682 καὶ
1191 656 1239 690 τὴν
1272 656 1400 682 Ὶουδαίαν
1423 656 1472 682 οὐκ
1490 656 1579 690 ὀλίγον
1604 655 1754 690 ἡγουμένου
1780 653 1826 680 τοῦ

1042 701 1207 736 Ζοροϐάϐελ,
1229 702 1253 728 οἳ
1271 702 1394 732 καὶτοὺς
1415 701 1555 736 θεμελίους
1577 700 1755 727 κατεὸάλοντο
1778 697 1826 725 τοῦ

1042 747 1106 773 ναοῦ
1130 747 1175 774 καὶ
1196 747 1226 774 τὸ
1251 747 1442 782 θυσιαστήριον
1466 748 1611 782 ἀνήγειραν
1634 747 1662 773 ὲν
1679 746 1762 780 αύτῷ.
1782 745 1827 776 Ὠς

1041 792 1068 818 δὲ
1080 792 1109 818 τὸ
1124 792 1203 827 ἔργον
1218 793 1333 828 ἀχθῆναι
1350 793 1417 828 πρὸς
1442 792 1528 828 πέρας
1548 792 1682 818 ἐκωλύετο
1692 811 1699 822 ,
1714 791 1760 818 νῦν
1777 790 1826 825 μὲν

1041 837 1085 864 διὰ
1099 838 1148 872 τὴν
1156 837 1210 863 τῶν
1225 838 1403 872 ἐνοχλούντων
1419 838 1510 868 αὐτοῖς
1525 838 1638 870 κακίαν,
1650 835 1727 868 αὖθις
1738 836 1766 862 δέ
1782 836 1825 862 διὰ

204 885 334 919 propheta
356 884 448 911 divina
481 884 629 912 instinctus
658 885 824 912 revelatione
848 886 985 920 segnitiem

1040 882 1088 917 τὴν
1105 883 1193 909 αὐτῶν
1220 883 1331 909 ἐκείνων
1357 883 1502 919 ῥᾳθυμίαν,
1535 884 1658 917 Ἀγγαῖος
1675 883 1722 918 μὲν
1739 883 1753 908 ὁ
1775 891 1826 917 μα-

203 929 309 956 illorum
325 929 495 964 objurgabat,
511 934 591 963 atque
615 931 705 964 operis
731 931 883 965 neglectum
897 938 990 957 vecor-

202 975 253 1002 dia
279 974 437 1002 eorumdem
461 975 622 1009 imputabat.
650 976 696 1010 qui
727 976 849 1010 privatos
878 975 988 1011 quidem

201 1019 273 1047 lares
298 1028 352 1046 non
367 1019 453 1046 solum
479 1019 574 1046 sedulo
585 1021 773 1052 exstruebant,
798 1028 892 1047 verum
915 1021 988 1048 omni

202 1072 310 1100 quoque
319 1065 453 1099 elegantia
464 1065 634 1092 exornabant
648 1074 655 1098 ;
671 1065 716 1092 Dei
727 1073 791 1092 vero
803 1065 988 1093 habitaculum

201 1110 389 1146 negligebant:
403 1115 430 1138 et
444 1111 483 1138 sic
494 1118 589 1139 omnes
604 1115 634 1138 ut
650 1111 786 1138 instarent
796 1111 871 1146 operi
891 1119 989 1146 perur-

200 1155 298 1189 gebat;
326 1163 407 1190 quam
435 1163 491 1183 rem
518 1156 578 1191 ipse
607 1156 746 1190 prophetae
773 1156 842 1183 liber
874 1157 986 1184 demon-

200 1203 279 1227 strat.

233 1290 293 1318 Jam
306 1296 334 1319 et
350 1291 445 1319 beatus
466 1291 624 1324 Zacharias,
640 1291 732 1319 divina
745 1296 857 1326 accepta
883 1293 988 1320 revela-

199 1338 284 1370 tione,
299 1337 357 1365 suis
374 1338 478 1371 pariter
492 1337 718 1372 praedictionibus
737 1337 880 1364 conﬁrmat
896 1339 986 1373 populi

199 1381 336 1414 reditum;
362 1381 495 1416 iidemque
520 1383 633 1416 insuper
657 1381 732 1414 facit,
759 1383 817 1410 fore
840 1387 870 1410 ut
891 1391 987 1412 rursus

200 1427 267 1455 urbs
289 1426 459 1455 Hierusalem
488 1429 628 1462 proprium
646 1428 730 1456 decus
753 1434 904 1464 recuperet,
925 1438 987 1466 rege

200 1473 237 1501 ibi
259 1473 351 1501 divina
371 1475 505 1501 sententia
530 1474 631 1506 electo,
656 1476 819 1510 cmlestique
833 1477 919 1510 gratia
946 1477 987 1503 in-

199 1522 314 1550 structo,
333 1520 370 1546 ita
396 1523 426 1546 ut
450 1525 476 1547 ct
500 1520 595 1548 urbem
615 1522 756 1555 gubernet.
778 1527 804 1548 et
828 1526 984 1549 exterorunt

200 1565 319 1592 hostium
348 1566 425 1593 bellis
452 1566 563 1593 resistat
579 1576 585 1593 :
601 1566 719 1602 denique
743 1568 782 1594 ait
801 1569 984 1596 sacerdotium

199 1609 289 1636 denuo
303 1617 364 1637 cum
378 1614 468 1638 vetere
483 1611 622 1638 hilaritate
637 1611 796 1646 dignitatem
817 1620 895 1640 suam
913 1620 987 1640 rece-

199 1659 320 1689 pturum.
335 1655 421 1690 Atque
434 1655 470 1682 ita
483 1655 630 1684 reducibus
645 1665 754 1692 quoque
767 1657 872 1684 ﬁrmam
889 1658 947 1684 fore
959 1658 984 1684 in

199 1700 288 1734 patria
311 1700 455 1728 stationem
480 1701 633 1729 suadebat:
653 1710 770 1737 namque
795 1703 884 1730 adhuc
907 1703 986 1730 (lubi-

199 1749 258 1771 tare
274 1752 322 1772 eos
336 1745 486 1773 verisimile
502 1750 572 1778 erat,
595 1751 687 1774 utrum
705 1747 778 1774 domi
796 1752 889 1775 essent
909 1756 986 1774 man-

200 1791 257 1817 suri
289 1798 386 1823 necne,
416 1791 474 1819 sive
499 1796 611 1826 propter
642 1793 768 1819 acerbam
798 1794 985 1827 captivitatem

199 1843 280 1870 quam
304 1843 443 1871 nunquam
469 1844 498 1864 se
521 1844 699 1871 perpessuros
723 1839 904 1872 putavissent,
929 1839 986 1866 sive

199 1885 310 1914 propter
323 1880 411 1915 ipsius
434 1881 540 1909 reditus
558 1882 657 1908 mirum
678 1882 842 1918 prodigium.
864 1883 986 1918 Denique

199 1926 280 1952 etiam
295 1926 428 1961 reliquos,
444 1927 490 1961 qui
508 1926 597 1954 adlme
613 1927 640 1954 in
661 1928 818 1962 captivitate
838 1929 985 1956 versaban-

199 1976 253 2001 tur,
273 1972 410 1998 redituros
432 1971 459 1998 in
477 1970 598 1998 Judaaam
619 1973 789 2006 spondebat;
811 1980 872 2008 qua:
895 1981 939 2000 res
957 1974 984 2000 in

199 2016 294 2052 primis
315 2016 411 2043 stabile
431 2015 490 2042 fore
509 2015 720 2050 postliminium,
742 2017 785 2045 his
801 2018 848 2052 qui
868 2018 923 2052 jam
942 2025 984 2045 re-

203 2062 316 2092 iierant,
336 2061 481 2088 testimonii
500 2061 561 2088 loco
582 2064 650 2088 erat.
666 2061 781 2089 Videtur
799 2068 889 2090 autem
908 2070 984 2090 com-

198 2107 290 2140 plures
316 2106 495 2140 diversasque
519 2106 699 2134 revalationes
726 2107 838 2139 vidisse,
867 2116 982 2143 quarum

196 2151 354 2186 singillatim
377 2151 429 2178 vim
447 2155 566 2178 enarrat.
589 2151 731 2186 Signiﬁcat
751 2153 834 2180 etiam
857 2154 983 2181 bellicam

196 2196 262 2232 Gogi
279 2197 472 2227 incursionem.
485 2196 598 2231 ejusque
609 2197 729 2224 futuram
748 2198 982 2233 internecionem;

195 2244 297 2277 quippe
319 2243 400 2276 cujus
427 2243 498 2269 vires
526 2242 613 2269 Judaei
639 2248 736 2277 pneler
768 2252 876 2271 onmem
904 2253 980 2280 spem

195 2287 353 2314 debellaturi
379 2291 468 2318 erant,
490 2295 553 2322 rege
570 2287 736 2315 Zorobabele
755 2295 786 2315 ac
806 2289 884 2316 duce.
912 2290 980 2316 Mala

195 2340 303 2367 qltoque
328 2332 371 2359 his
394 2336 592 2367 superventura
613 2336 756 2364 memorat,
773 2341 833 2367 quae
856 2333 981 2360 Maccha-

195 2378 314 2404 bchrum
333 2381 412 2405 aetate
431 2385 446 2404 a
469 2377 635 2404 Macedonici
655 2377 761 2411 imperii
776 2380 981 2406 successoribus

195 2423 378 2456 contigerunt.

1041 928 1133 962 κὰριος
1149 929 1290 963 προφήτης
1316 929 1386 955 κατά
1405 929 1479 955 θείαν
1498 928 1668 962 ἀποκάλυψιν
1684 926 1826 962 ἐμέμψατό

1039 981 1067 998 τε
1083 972 1173 1003 αὐτοῖς
1191 974 1254 1007 περὶ
1271 973 1322 1007 τῆς
1342 973 1488 1008 ῥᾳθυμίας,
1501 973 1547 1000 καὶ
1562 973 1698 1008 μοχθηρίᾳ
1713 971 1826 1007 γνώμης

1040 1017 1206 1052 ἀμελοῦντας
1219 1017 1329 1052 ἐλέγξας
1344 1018 1389 1045 τοῦ
1405 1018 1497 1054 ἔργου,
1512 1019 1558 1052 ἀφ’
1572 1015 1609 1045 ὦν
1621 1019 1684 1054 περὶ
1701 1018 1750 1053 μὲν
1762 1018 1825 1049 τοὺς

1041 1064 1143 1090 ἑαυτῶν
1174 1063 1339 1095 ἐσπούδαζον
1365 1064 1473 1096 οἴκους,
1506 1065 1580 1095 ὅπως
1610 1064 1643 1090 ἂν
1668 1063 1765 1095 αὐτοὺς
1788 1066 1825 1099 μὴ

1041 1110 1140 1135 ποιοῖεν
1161 1109 1250 1144 μόνον,
1265 1109 1333 1136 ἀλλὰ
1347 1110 1393 1136 καὶ
1409 1110 1476 1144 μετὰ
1492 1109 1590 1144 πολλῆς
1605 1109 1763 1145 ἐργάζοιντο
1774 1108 1826 1143 τῆς

1040 1154 1222 1190 εὐπρεπείας,
1247 1154 1295 1181 τοῦ
1320 1155 1347 1181 δέ
1367 1155 1442 1181 οίκου
1469 1155 1639 1190 κατημέλουν
1670 1155 1717 1181 τοῦ
1735 1154 1824 1185 θείου,

1039 1202 1174 1237 διήγειρεν
1189 1202 1311 1233 ἅπαντας
1331 1203 1375 1228 ἐπὶ
1390 1202 1420 1228 τὸ
1442 1202 1535 1237 ἔργον,
1551 1201 1588 1232 ὡς
1602 1200 1670 1235 αὑτὴ
1690 1200 1825 1226 δείκνυσιν

1041 1247 1056 1280 ἡ
1070 1246 1116 1273 τοῦ
1132 1247 1269 1281 προφήτου
1286 1246 1384 1280 βίϐλος.

1076 1293 1212 1327 Ζαχαρίας
1231 1292 1258 1318 δὲ
1274 1292 1288 1317 ό
1314 1292 1447 1326 μακάριος
1469 1290 1538 1317 κατά
1559 1289 1727 1324 ἀποκάλυψιν
1750 1288 1824 1315 θείαν

1040 1338 1086 1364 καὶ
1096 1338 1176 1369 αὐτὸς
1187 1338 1287 1372 ὁμοίως
1295 1337 1398 1372 βεϐαιοῖ
1412 1337 1460 1371 μὲν
1471 1337 1529 1367 ταῖς
1537 1335 1649 1366 οἰκείαις
1657 1335 1826 1370 προρρήσεσι

1039 1383 1089 1418 τὴν
1114 1383 1242 1409 ἐπάνοδον
1267 1382 1314 1409 τοῦ
1341 1382 1425 1409 λαοῦ’
1443 1381 1584 1408 πιστοῦται
1608 1381 1636 1407 δέ
1656 1380 1686 1407 τὸ
1709 1380 1755 1406 καὶ
1775 1380 1825 1414 τὴν

1044 1428 1222 1465 Ἰερουσαλὴμ
1243 1428 1290 1454 ἐπὶ
1307 1428 1354 1462 τῆς
1379 1428 1481 1458 οἰκείας
1499 1426 1607 1453 ἔσεσθαι
1628 1426 1707 1452 πάλιν
1724 1426 1824 1458 εὐπρε-

1040 1475 1134 1506 πείας,
1151 1474 1281 1509 βασιλέως
1301 1482 1329 1500 τε
1345 1474 1373 1499 ἐν
1388 1473 1455 1507 αὐτῇ
1475 1472 1522 1499 τοῦ
1538 1471 1608 1498 κατὰ
1622 1471 1696 1498 θείαν
1710 1478 1824 1505 γεγενη-

1040 1520 1121 1555 μένου
1137 1519 1241 1554 ψῆφον,
1264 1519 1312 1546 καὶ
1325 1519 1374 1553 τῆς
1389 1518 1490 1545 ἐκεῖθεν
1507 1517 1669 1552 ἠξιωμένου,
1686 1516 1824 1547 διέποντός

1038 1575 1067 1593 τε
1084 1565 1117 1592 τὰ
1140 1566 1199 1591 κατ’
1225 1565 1309 1600 αὐτὴν
1333 1565 1380 1591 καὶ
1404 1563 1606 1599 προμαχοῦντος
1630 1563 1757 1589 ἁπάντων
1783 1563 1824 1594 είς

1038 1611 1100 1642 τοὺς
1115 1610 1185 1638 κατὰ
1199 1611 1253 1637 τῶν
1273 1610 1420 1645 ἀλλοτρίων
1444 1609 1592 1644 πολέμους·
1608 1609 1657 1643 τῆς
1675 1607 1823 1643 ἱερωσύνης

1037 1665 1067 1682 τε
1085 1656 1165 1682 πάλιν
1180 1655 1250 1690 μετά
1266 1656 1314 1690 τῆς
1336 1654 1453 1687 παλαιᾶς
1477 1653 1653 1689 φαιδρότητος
1665 1653 1709 1679 τὸν
1724 1654 1823 1679 οἰκεῖον

1038 1702 1228 1736 ἀπολαϐούσης
1253 1702 1370 1736 κόσμον¹
1395 1700 1433 1732 ὠς
1458 1700 1491 1727 ἂν
1511 1700 1554 1726 διὰ
1571 1699 1672 1725 τούτων
1697 1699 1823 1730 καὶτοὺς

1037 1748 1234 1783 ἀνεληλυθότας
1254 1748 1304 1782 Ιἤδη
1327 1747 1445 1773 πείσειεν
1462 1745 1572 1781 βεσαίαν
1588 1746 1630 1780 (p.
1646 1745 1716 1779 435)
1732 1745 1823 1776 αὐτοῖς

1037 1793 1170 1828 ἐσομένην
1185 1792 1309 1827 ἡγεῖσθαι
1326 1791 1374 1826 τὴν
1393 1791 1439 1817 ἐπὶ
1453 1791 1507 1817 τῶν
1522 1791 1610 1817 τόπων
1624 1791 1739 1826 οἴκησιν,
1758 1789 1823 1824 περὶ

1035 1835 1069 1873 ἦς
1090 1838 1162 1869 εἰκὸς
1183 1835 1216 1872 ἦν
1234 1837 1332 1867 αὐτοὺς
1356 1836 1402 1862 καὶ
1421 1835 1652 1869 ἐπανεληλυθότας
1674 1834 1823 1870 ἀμφίὸολον

1037 1883 1076 1909 ἔτι
1092 1882 1140 1918 τὴν
1156 1882 1268 1917 γνώμην
1284 1881 1366 1916 ἔχειν,
1384 1881 1407 1907 εἰ
1425 1880 1550 1915 μενοῦσιν
1566 1880 1697 1915 βεόαίως,
1709 1881 1763 1906 εἴτε
1778 1880 1822 1907 διὰ

1035 1926 1084 1961 τὴν
1096 1926 1281 1960 γεγενημένην
1298 1925 1437 1960 βαρύτητα
1449 1925 1498 1960 τῆς
1514 1924 1710 1960 αίχμαλωσίας.
1723 1924 1757 1959 ἢν
1772 1925 1822 1951 οὐκ

1036 1972 1068 1999 ἄν
1097 1980 1161 1998 ποτε
1188 1971 1305 2006 ἤλπισαν
1333 1970 1492 2005 ὑπομένειν,
1520 1970 1573 1996 εἴτε
1592 1970 1638 1996 καὶ
1659 1970 1703 1996 διά
1727 1970 1757 1996 τὸ
1772 1970 1823 2004 τῆς

1035 2017 1165 2044 ἐπανόδου
1175 2016 1335 2051 παράδοξον.
1354 2016 1407 2043 Καὶ
1418 2016 1449 2051 δὴ
1466 2016 1513 2042 καὶ
1525 2015 1634 2050 ἐτέρους
1650 2015 1704 2042 τῶν
1713 2016 1759 2041 ἐπὶ
1773 2015 1822 2049 τῆς

1035 2063 1222 2097 αίχμαλωσίας
1242 2063 1325 2088 ὄντων
1342 2062 1382 2088 ἔτι
1399 2061 1537 2094 διδάξειειν
1563 2062 1602 2092 εἰς
1617 2061 1666 2096 τὴν
1692 2061 1821 2088 Ἰουδαίαν

1035 2108 1314 2143 ἐπανελευσομένους·
1329 2107 1343 2134 δ
1356 2108 1387 2142 δὴ
1412 2107 1528 2142 μάλιστα
1543 2107 1590 2133 καὶ
1608 2108 1666 2137 τοῖς
1680 2106 1822 2133 ἀνελθοῦσι

1034 2154 1081 2180 τοῦ
1098 2154 1205 2188 βεϐαίου
1230 2153 1281 2187 τῆς
1297 2153 1426 2179 ἐπανόδου
1453 2153 1541 2182 πίστις
1562 2152 1674 2185 ἐγίνετο.
1695 2152 1821 2178 Φαίνεται

1034 2199 1062 2225 δὲ
1078 2199 1178 2230 πολλάς
1194 2207 1270 2230 τινας
1285 2199 1332 2225 καὶ
1346 2198 1488 2233 διαφόρους
1505 2196 1688 2231 ἀποκαλύψεις
1704 2196 1820 2231 βλέπων,

1036 2241 1072 2270 ὧν
1094 2245 1212 2279 ἑκάστης
1236 2244 1284 2278 τὴν
1305 2244 1418 2278 δύναμιν
1440 2243 1594 2278 ἐξηγεῖται*
1613 2242 1709 2277 μηνύει
1731 2242 1758 2268 δὲ
1774 2243 1822 2268 καὶ

1034 2290 1089 2316 τῶν
1105 2290 1167 2324 περὶ
1179 2290 1224 2315 τὸν
1235 2289 1296 2322 Γὼγ
1308 2289 1356 2324 τὴν
1368 2288 1470 2323 ἔφοδον,
1483 2289 1532 2323 τήν
1544 2296 1572 2314 τε
1584 2287 1720 2314 ἀπώλειαν
1732 2287 1821 2314 αὐτῶν

1035 2335 1168 2370 ἐσομένην
1192 2334 1345 2365 παντελῶςο
1370 2334 1417 2360 καὶ
1435 2334 1474 2360 ὅτι
1502 2332 1660 2368 παραδόξως
1676 2332 1722 2358 καὶ
1745 2332 1821 2367 παρὰ

1036 2381 1126 2406 πᾶσαν
1143 2379 1316 2415 ἀνθρωπίνην
1333 2379 1427 2405 ἐλπίδα
1445 2379 1624 2413 κρατήσουσιν
1640 2378 1728 2404 αὐτῶν
1754 2379 1820 2403 Ἰου-

1036 2424 1104 2450 δαῖοι
1121 2424 1173 2450 ὑπὸ
1189 2423 1229 2458 τῷ
1241 2423 1393 2459 Ζοροὸἀϐελ
1413 2421 1617 2457 βασιλευόμενοί
1632 2430 1661 2447 τε
1677 2423 1723 2448 καὶ
1738 2430 1820 2456 στρα-

193 2468 364 2502 τηγούμενοι.
389 2468 533 2503 Μέμνηται
547 2468 576 2494 δέ
594 2470 639 2496 καὶ
661 2469 715 2496 τῶν
739 2471 800 2504 μετ’
814 2470 904 2496 ἐκεῖνο
925 2470 1132 2505 προσεσομένων
1155 2470 1244 2500 αὐτοῖς
1264 2469 1406 2504 λυπηρῶν,
1422 2468 1439 2495 ἃ
1462 2467 1531 2494 κατά
1547 2468 1608 2498 τοὺς
1631 2467 1684 2493 τῶν
1707 2468 1820 2494 Μακκα-

194 2513 279 2539 ϐαίων
293 2513 384 2544 αὺτοῖς
399 2513 508 2546 ἐγένετο
527 2513 637 2548 χρόνους
653 2513 705 2540 ὑπὸ
721 2513 774 2539 τῶν
788 2513 917 2547 διαδόχων
931 2514 981 2549 τῆς
993 2514 1180 2548 Μακεδονικῆς
1197 2513 1342 2548 βασιλείας.

232 2557 323 2592 Neque
337 2561 378 2585 est
391 2558 544 2585 mirandum
557 2559 578 2585 si
593 2566 645 2593 qua
654 2558 710 2592 jam
725 2558 873 2592 praeterita,
892 2563 982 2586 tamen

196 2610 282 2630 mstar
295 2602 333 2630 rei
351 2609 457 2634 tutum.
476 2605 501 2631 in
515 2604 770 2639 revelationem
782 2604 980 2631 ostenduntur:

194 2649 276 2674 velud
303 2655 365 2674 eum
382 2653 501 2683 quatuor
520 2657 635 2678 cornua.
654 2656 714 2683 qua:
732 2648 859 2677 lsraelem
877 2649 984 2684 disper-

194 2697 297 2727 serant,
314 2698 456 2720 contracta
470 2695 537 2721 vrdit
556 2695 689 2729 propheta
704 2703 710 2721 :
729 2702 846 2729 namque
865 2694 917 2721 hoc
929 2701 983 2721 non

195 2738 328 2772 futurum,
349 2739 397 2766 sed
410 2739 466 2773 jam
485 2743 593 2773 peracta
613 2739 710 2766 fuerat.
726 2739 788 2767 Sive
807 2740 880 2766 enim
899 2739 983 2775 Assy—

195 2784 259 2814 rios.
289 2783 461 2818 Babylonios.
491 2784 596 2817 Medos,
623 2784 774 2819 Persasque
798 2785 841 2812 his
863 2788 982 2818 quatuor

196 2828 328 2856 cornibus
346 2829 443 2860 innuit.
463 2834 492 2856 ut
511 2829 704 2856 nonnullorum
719 2830 811 2866 opinio
833 2829 894 2861 fert,
911 2830 979 2857 satis

1068 2559 1222 2594 Θαυμάζειν
1237 2559 1265 2584 δέ
1281 2559 1311 2584 οὐ
1334 2558 1481 2592 προσῆκεν,
1503 2558 1530 2583 at
1550 2566 1610 2584 τινα
1627 2557 1674 2583 καὶ
1690 2557 1820 2590 γεγονότα

1033 2602 1093 2637 ἤδη,
1103 2603 1139 2633 ὡς
1150 2602 1265 2636 ἐσόμενα
1273 2602 1305 2628 δι’
1316 2602 1512 2636 ἀποκαλύψεως
1524 2601 1611 2637 δηλοῖ·
1623 2602 1661 2632 ὡς
1671 2602 1733 2628 ὅταν
1742 2602 1818 2636 λέγῃ,

1032 2649 1072 2674 ὅτι
1087 2647 1207 2682 τέσσαρα
1222 2647 1323 2682 κέρατα
1333 2647 1561 2681 διασκορπίσαντα
1580 2646 1626 2673 τὸν
1644 2646 1752 2681 Ἰσραὴλ
1765 2644 1819 2673 εἶδε

1034 2692 1240 2727 συντριϐόμενα.
1255 2692 1349 2719 Ταῦτα
1371 2693 1425 2728 γὰρ
1445 2691 1554 2726 εὔδηλον
1566 2712 1573 2723 ,
1588 2693 1629 2718 ὅτι
1648 2693 1697 2718 οὐκ
1711 2692 1819 2718 ἔσεσθαι

1033 2736 1159 2772 ἤμελλεν,
1183 2737 1241 2763 ἀλλ’
1260 2737 1389 2771 ἐγεγόνει.
1413 2738 1444 2763 El
1462 2737 1511 2772 μὲν
1534 2737 1588 2772 γὰρ
1602 2737 1646 2763 τὸν
1678 2737 1819 2772 Ἀσσύριον

1032 2782 1080 2809 καὶ
1095 2782 1263 2809 Βαϐυλώνιον
1280 2783 1325 2809 καὶ
1338 2782 1429 2816 Μῆδον
1450 2782 1495 2808 καὶ
1510 2782 1618 2817 Πέρσην
1638 2781 1763 2816 σημαίνει
1775 2782 1819 2808 διὰ

1030 2827 1084 2855 τῶν
1096 2828 1234 2862 τεσσάρων
1250 2828 1371 2863 κεράτων
1385 2828 1429 2862 (p.
1445 2827 1511 2859 454)
1527 2827 1586 2858 ὠςό
1600 2826 1679 2854 ἐνίων
1694 2827 1819 2856 βούλεται
