1981 3073
184 142 236 168 497

658 151 932 181 COMMENTARIUS
950 154 981 181 IN
1000 154 1186 182 ZACHAIHA".
1203 155 1278 184 CAP.
1295 157 1314 184 l.
1749 160 1801 187 ωδ

180 198 272 249 λύγος,
288 201 418 249 πρόδηλον
444 203 493 238 μὲν
515 205 555 231 ὅτι
578 205 624 232 καὶ
654 207 791 244 ’Δσσύριοι
808 209 854 235 καὶ
879 209 966 235 Βαϐυ-

1017 214 1124 238 constat
1155 212 1282 247 Assyrios
1313 220 1345 240 ac
1371 213 1534 249 Babylonios
1559 219 1621 242 ante
1642 215 1667 242 id
1693 220 1797 249 tempus

181 242 271 270 λώνιοι
285 245 434 274 δεδώκεσαν
447 248 496 284 ἠδη
509 249 586 282 δίκας
597 252 669 278 κατά
681 253 725 279 τὸν
740 242 835 288 καιρὸν
850 254 962 282 ἐκεῖνον.

181 288 289 324 Μήδους
302 291 330 317 δὲ
348 292 438 328 Κύρος
457 294 578 322 καθεῖλε·
601 297 660 332 μεθ’
674 298 704 324 ὃν
722 298 852 334 τέταρτος
870 299 964 333 γέγονε

181 334 302 369 Δαρεῖος·
328 338 403 371 παρά
421 338 532 374 Περσῶν
554 341 582 367 δὲ
599 341 660 368 οὐδὲ
683 343 778 377 γέγονέ
798 353 824 370 τι
849 344 965 378 χαλεπὸν

179 381 236 410 τοῖς
263 379 459 416 Ἰσραηλίταις·
484 386 639 413 τούναντίον
667 388 716 423 μὲν
728 387 774 415 οὖν
799 387 828 416 εὗ
849 389 901 416 ὑπὸ
917 390 965 424 τῆς

181 425 318 459 βασιλείας
341 427 439 456 ἔπαθον
450 430 566 466 ὲκείνης,
584 433 716 468 πρότερον
733 434 782 469 μὲν
796 435 894 466 αὐτοὺς
907 435 965 462 Κύ-

183 479 230 505 ρου
246 472 293 498 τοῦ
315 474 421 508 πρώτου
439 475 647 510 βασιλεύσαντος
662 479 777 512 ἀφέντος
799 480 849 515 τῆς
865 481 964 516 αἰχμα-

180 516 297 550 λωσίας,
322 520 380 554 μετ’
406 522 493 548 ἐκεῖνο
509 522 537 549 δὲ
562 523 676 558 Δαρείου
701 526 757 556 τοῖς
782 525 883 557 λοιποῖς
911 526 964 552 τῶν

187 561 321 591 Ἰουδαίων
348 565 393 592 τοῦ
412 567 534 594 ἀνελθεῖν
553 570 593 600 είς
617 570 651 595 τὰ
671 571 758 596 οἰκεῖα
779 571 965 606 παρασχόντος

181 607 230 642 τὴν
256 608 356 636 ἄδειαν.
382 611 413 637 Εἰ
427 611 455 637 δὲ
476 613 522 639 καὶ
538 613 620 648 ἕτερά
635 623 676 645 τις
692 615 812 649 βούλοιτο
837 617 966 652 σημαίνε-

181 653 244 679 σθαι
267 653 300 680 τὰ
323 654 444 690 τέσσαρα
463 657 565 692 κέρατα
589 659 682 691 κακῶς
704 659 887 688 διιτεθεικότα
903 663 966 694 τοὺς

187 698 355 733 Ἰσραηλίτας
369 701 415 727 ἐπὶ
430 702 475 727 τοῦ
498 703 548 738 τῆς
563 704 751 739 αἰχμαλωσίας
766 706 878 742 καιροῦ,
899 708 966 743 πρό-

181 743 260 778 δηλον
273 745 313 771 ὅτι
329 745 442 773 κάκεῖνα
454 747 541 783 πέρας
555 748 669 783 εἰλήφει.
690 749 760 777 Ἀλλ’
771 751 858 778 ἔοικεν
874 753 888 779 ὁ
901 761 966 788 προ-

182 789 271 824 φήτης
286 790 340 816 τῶν
360 788 487 818 τοιούτων
512 792 557 819 διὰ
571 793 649 821 τοῦτο
671 796 865 831 μνημονεύειν,
881 797 918 829 ὡς
933 798 966 824 ἂν

182 835 230 861 καὶ
245 835 294 869 τῆς
311 835 384 868 θείας
397 837 505 872 χάριτος
517 838 560 865 διὰ
580 840 658 866 τοῦτο
673 840 720 867 νῦν
735 841 808 876 αὐτῴ
823 841 900 868 τοῦτο
913 842 967 868 δει⁴

182 880 331 916 κιιυούσης,
354 882 386 908 ἵν’
402 883 433 909 ἐκ
450 884 498 919 τῆς
515 885 711 920 ἀποκαλύψεως
730 886 780 921 τῆς
796 886 869 918 θείας
886 888 965 919 αὐτός
981 877 1002 905 Β

182 932 213 951 τε
237 925 345 960 βεϐαίαν
360 926 408 963 ἔχῃ
422 929 474 955 τῶν
487 930 636 963 γεγονότων
651 931 700 966 τὴν
716 932 819 964 πίστιν,
838 933 885 959 καὶ
903 933 966 965 τοὺς

181 970 329 1003 ἀκούοντας
349 972 378 999 δὲ
397 973 517 1009 ἀκριϐῶς
533 975 678 1002 πεπεῖσθαι
694 976 815 1012 διδάσκῃ,
832 978 873 1004 ὃτι
891 977 965 1013 μένει

183 1016 232 1050 μὲν
252 1018 268 1051 ἡ
285 1017 339 1044 τῶν
363 1018 553 1055 λελυπηκότων
571 1022 668 1053 αὐτοὺς
682 1023 801 1058 τιμωρία
812 1032 818 1038 ·
842 1024 916 1058 μένει
937 1024 966 1050 δὲ

182 1062 229 1088 καὶ
248 1063 339 1095 αὐτοῖς
353 1063 446 1098 βέὁαια
459 1065 493 1092 τὰ
505 1066 556 1101 τῆς
569 1067 690 1103 δοθείσης
702 1069 870 1104 εὐεργεσίας.
887 1070 966 1105 Εἰρη-

181 1115 228 1133 τιι
242 1107 270 1134 δὲ
285 1108 370 1136 ταῦτα
385 1110 451 1145 ἡμῖν
464 1112 513 1146 οὐχ
537 1112 629 1144 ἁπλῶς
640 1134 647 1144 ,
664 1113 722 1140 ἀλλ’
738 1114 781 1140 ἵνα
799 1115 835 1149 μὴ
855 1115 901 1141 ἐπὶ
916 1115 966 1150 τῆς

183 1153 254 1180 κατὰ
277 1154 358 1189 μέρος
378 1156 524 1192 ἑρμηνείας
540 1158 655 1193 ὁρῶντές
666 1168 728 1186 τινα
748 1161 913 1195 μηνυόμενα,
928 1160 966 1191 ὡς

184 1197 218 1224 ἃν
234 1199 349 1234 ἐσόμενα
358 1221 365 1233 ,
379 1200 397 1227 ἃ.
410 1202 520 1236 γέγονεν
531 1204 590 1239 ήδη,
607 1204 789 1240 θαυμάζωμεν
802 1206 818 1240 ἢ
832 1206 966 1241 διαπορῶ-

185 1253 235 1279 μεν
249 1246 312 1280 περὶ
325 1246 372 1273 τοῦ
391 1248 528 1283 σχήματος
543 1250 590 1276 τοῦ
605 1250 759 1286 λεγομένου.
784 1251 826 1286 (p.
842 1251 910 1286 455)
926 1252 966 1279 Τὰ

186 1290 236 1324 μὲν
244 1290 275 1325 δὴ
287 1291 335 1326 τῆς
345 1292 496 1325 ὑποθέσεως
507 1294 535 1320 ἐν
545 1294 661 1326 τούτοις’
675 1296 744 1322 κατὰ
755 1296 835 1330 μέρος
846 1297 873 1323 δὲ
882 1305 966 1332 προσ-

184 1334 277 1362 εκτέον
291 1336 392 1370 λοιπὺν,
411 1337 501 1370 καθὼς
520 1339 552 1366 ἂν
568 1340 583 1374 ή
600 1340 659 1366 θεία
678 1341 757 1375 χάρις
770 1341 842 1376 διδῷ.

506 1383 583 1410 ΚΕΦ.
604 1383 642 1410 A’.

221 1425 294 1459 Στίχ.
310 1425 380 1453 α’-δ’.
392 1441 428 1448 -
445 1436 454 1453 ι
474 1428 517 1455 Ἐν
530 1428 568 1463 τῷ
588 1429 671 1464 ὀγδόῳ
683 1430 747 1464 μηνὶ
758 1429 833 1462 ἔτους
843 1431 966 1467 δευτέρου

184 1471 231 1497 ἐπὶ
247 1472 369 1507 Δαρείου,
389 1473 496 1506 ἐγένετο
520 1473 596 1508 λόγος
618 1475 718 1510 Κυρίου
741 1475 807 1511 πρὸς
833 1477 967 1512 Ζαχαρίαν

1016 262 1112 289 poenas
1126 255 1222 283 luisse.
1242 255 1334 284 Medos
1354 256 1418 284 item
1438 258 1553 293 imperio
1574 266 1589 285 a
1606 259 1676 295 Cyro
1697 261 1798 294 spolia-

1016 302 1059 326 tos
1078 299 1203 327 scimus:
1224 304 1286 334 post
1305 308 1385 335 quem
1407 303 1531 338 reliquus
1552 308 1594 331 est
1615 309 1728 338 quartus
1745 304 1797 332 Da-

1016 345 1086 372 rius.
1103 345 1188 372 Porro
1205 352 1219 371 a
1242 345 1334 373 Persis
1351 346 1419 373 nihil
1440 348 1584 380 molestum
1602 349 1734 378 Israelitis
1755 357 1797 376 ac-

1016 389 1098 422 cidit;
1119 389 1174 416 imo
1194 390 1285 417 omnia
1309 397 1390 418 secus
1409 391 1444 418 ab
1463 392 1576 420 istorum
1596 401 1680 429 regno
1693 396 1795 429 experti

1015 439 1097 467 sunt;
1118 434 1189 470 Cyro
1213 435 1329 470 prinmm
1351 436 1458 470 imperii
1483 442 1592 466 auclore
1614 441 1795 474 captivitatem

1015 479 1154 511 solvente;
1174 479 1271 506 deinde
1292 479 1372 506 Dario
1388 479 1488 509 Iudaeis
1514 482 1626 517 reliquis
1649 488 1678 510 ut
1697 485 1724 511 in
1749 493 1796 519 pa-

1018 524 1098 550 triam
1122 524 1240 551 redirent
1260 525 1400 559 largiente.
1418 525 1493 558 Quod
1517 527 1539 553 si
1555 528 1616 561 quis
1637 529 1708 556 aliud
1731 531 1795 564 quid

1017 569 1060 597 his
1084 575 1201 604 quatuor
1221 571 1360 603 cornibus,
1388 579 1447 606 qua:
1473 572 1603 600 lsraelitis
1631 574 1797 608 captivitatis

1017 619 1138 650 tempore
1153 620 1315 650 nocuerunt,
1332 617 1482 652 signiﬁcari
1507 619 1667 650 arbitratur,
1690 625 1797 647 constat

1015 660 1041 686 id
1054 668 1163 695 quoque
1177 660 1232 694 jam
1247 665 1304 688 tum
1320 661 1400 689 linem
1415 661 1522 689 fecisse.
1539 662 1592 690 Sed
1607 664 1678 690 enim
1693 665 1797 692 videtur

1018 706 1146 740 propheta
1163 706 1265 734 idcirco
1284 707 1382 734 horum
1402 708 1559 735 meminisse
1575 709 1675 743 (divina
1695 711 1799 738 scilicet

1015 751 1101 785 gratia
1122 751 1157 778 ob
1175 751 1202 778 id
1227 752 1316 786 ipsum
1337 752 1394 779 haec
1413 752 1506 780 eadem
1522 753 1546 780 ei
1571 753 1796 789 demonstrante),

1016 800 1046 822 ut
1064 803 1079 822 a
1101 796 1206 825 caelesti
1227 797 1390 824 revelatione
1414 802 1516 824 certum
1535 798 1593 833 ipse
1619 807 1708 827 rerum
1737 808 1798 835 per—

1017 845 1138 868 actarum
1152 842 1336 869 testimonium
1354 843 1506 877 acciperet,
1525 851 1645 879 suosque
1659 845 1797 874 auditores

1018 887 1130 913 omnino
1155 887 1285 915 certiores
1303 887 1404 914 laceret
1426 887 1460 915 de
1482 887 1590 916 decreta
1610 889 1729 917 inimicis
1751 898 1798 918 eo-

1018 940 1077 959 rum
1094 939 1185 966 poana,
1212 937 1239 960 et
1260 932 1293 959 de
1314 932 1439 960 beneﬁcii
1468 933 1604 967 impetrati
1630 936 1796 963 constantia.

1016 978 1106 1013 Atque
1130 978 1186 1005 haec
1201 985 1250 1013 ego
1264 985 1318 1005 non
1339 982 1441 1006 temere
1465 979 1593 1013 praefatus
1613 987 1685 1012 sum.
1704 981 1752 1008 sed
1769 985 1798 1009 ut

1017 1023 1080 1050 dum
1108 1023 1136 1050 in
1157 1030 1241 1051 cursu
1262 1023 1496 1058 interpretationis
1517 1025 1639 1059 quadam
1656 1025 1725 1054 forte
1747 1034 1796 1055 ceu

1017 1069 1107 1096 futura
1128 1073 1284 1101 occurrent,
1301 1077 1361 1104 quae
1369 1069 1423 1104 jam
1438 1074 1595 1105 evenerant,
1609 1079 1644 1098 ne
1657 1072 1796 1104 miremur.

1017 1122 1105 1150 neque
1120 1115 1153 1142 de
1176 1115 1226 1148 rei,
1245 1122 1305 1150 quae
1326 1115 1436 1147 dicitur.
1458 1116 1549 1142 oblata
1571 1117 1663 1151 specie
1678 1119 1799 1154 ambiga-

1017 1168 1088 1187 mus.
1111 1159 1148 1187 De
1164 1159 1312 1195 prophetia:
1328 1163 1489 1194 argumento
1507 1161 1649 1191 hactenus.
1670 1162 1799 1198 Superest

1018 1209 1048 1232 ut
1063 1213 1106 1232 res
1130 1205 1261 1240 singulas,
1289 1211 1370 1240 prout
1391 1205 1484 1232 divina
1508 1208 1595 1241 gratia
1620 1209 1798 1241 concesserit.

1016 1258 1220 1286 persequamur.

1344 1387 1418 1414 CAP.
1439 1387 1458 1414 I.

1057 1432 1136 1460 Visus.
1155 1433 1211 1460 l-l.
1227 1447 1261 1452 -
1274 1441 1283 1458 (
1301 1433 1403 1461 Octavo
1420 1441 1514 1460 mense
1529 1433 1593 1460 anni
1610 1433 1734 1464 secundi,
1748 1434 1799 1460 im-

1019 1484 1131 1514 perante
1148 1479 1238 1511 Dario,
1256 1479 1345 1507 factus
1360 1485 1402 1507 est
1415 1487 1506 1507 sermo
1523 1479 1628 1506 Domini
1646 1479 1678 1506 ad
1693 1478 1800 1505 Zacha<

183 1516 230 1542 τὸν
251 1517 297 1543 τοῦ
314 1518 464 1553 Βαραχίου,
481 1519 537 1545 υἱὸν
565 1519 645 1546 Ἐδδὼ
656 1542 662 1552 ,
680 1521 726 1547 τὸν
743 1523 900 1557 προφήτην,
922 1522 965 1548 λέ-

270 1571 276 1574 .
300 1562 351 1574 ιω..
371 1564 417 1574 ..ιη
436 1564 482 1574 ναι
503 1572 511 1574 Α
545 1565 600 1574 ...μ
695 1566 701 1574 .
774 1566 781 1573 ι
898 1566 920 1574 η.
939 1567 949 1574 ..

1019 1526 1087 1552 riam
1101 1525 1249 1558 Barachiae,
1264 1525 1311 1552 lilii
1325 1525 1381 1561 (57)
1393 1525 1525 1556 Eddonis,
1538 1524 1707 1559 prophetam.
1726 1534 1734 1549 ι
1752 1523 1800 1550 His

183 1569 248 1594 γων.
270 1571 278 1587 ι
300 1562 351 1588 Τὸν
369 1564 417 1598 μὲν
435 1564 528 1599 χρόνον
543 1565 676 1600 ἐδήλωσεν
693 1566 721 1592 ὲν
736 1566 840 1598 τούτοις
860 1566 920 1593 καθ’
937 1567 966 1594 ὃν

183 1607 288 1642 ἠξιώθη
304 1608 352 1643 τῆς
369 1609 565 1643 ἀποκαλύψεως
583 1611 633 1646 τῆς
653 1611 744 1642 θείας·
764 1611 824 1638 τίνα
847 1611 875 1638 δὲ
896 1612 967 1648 ἅπερ

183 1651 330 1688 ἐκελεύσθη
347 1653 414 1688 πρὸς
427 1653 473 1680 τὸν
488 1654 550 1681 λαὸν
563 1656 660 1687 είπείν.
672 1656 734 1691 ἑξῆς
749 1657 858 1691 ἐπάγει.
874 1666 883 1682 ι
906 1658 966 1692 Ὠρ-

184 1697 265 1733 γίσθη
295 1699 396 1734 Κύριος
420 1700 466 1725 ἐπὶ
490 1700 553 1732 τοὺς
573 1701 693 1737 πατέρας
714 1702 790 1735 ὑμῶν
809 1703 894 1738 ὀργὴν
918 1712 966 1738 με-

184 1744 280 1778 γάλην.
306 1754 315 1770 ι
332 1745 439 1780 Πρέπον
458 1745 495 1780 τῷ
511 1747 600 1783 καιρῷ
613 1748 643 1774 τὸ
664 1749 805 1784 προοίμιον
821 1750 967 1785 ἐποιήσατο

183 1790 197 1815 ὁ
213 1791 363 1825 προφήτης·
378 1791 472 1827 ἐπειδὴ
488 1793 541 1828 γὰρ
555 1793 654 1827 νεαρὰν
666 1794 713 1820 καὶ
727 1794 835 1821 ἔναυλον
849 1795 904 1821 τῶν
918 1796 967 1830 τῆς

183 1835 369 1869 αἰχμαλωσίας
386 1837 478 1863 κακῶν
498 1835 570 1873 εἶχον
590 1839 638 1873 τὴν
657 1841 775 1874 μνήμην,
793 1840 854 1876 ἄρτι
873 1849 902 1866 τε
917 1841 967 1866 αὑ-

183 1881 234 1914 τῆς
246 1881 447 1916 ἀπαλλαγέντες
461 1884 507 1910 καὶ
515 1882 559 1915 ἐἰς
572 1884 606 1911 τὰ
618 1886 705 1911 οἰκεῖα
717 1885 873 1912 ἐπανελθεῖν
887 1886 967 1922 δυνη-

184 1926 286 1959 θέντες,
300 1927 411 1959 εἰκότως
426 1929 479 1964 πρὸ
493 1929 593 1961 παντὸς
605 1930 684 1963 λόγου
698 1931 747 1965 τῆς
762 1932 904 1966 συμφορᾶς
918 1932 967 1958 αύ-

184 1973 247 2004 τοὺς
264 1973 467 2009 ὑπομιμνήσκει
482 1975 532 2009 τῆς
548 1975 648 2010 ἀρτίως
662 1976 848 2011 γεγενημένης
858 1985 864 1992 ·
880 1977 918 2009 ὡς
935 1977 967 2004 ἂν

183 2019 216 2052 τῇ
233 2019 327 2055 μνήμῃ
340 2019 394 2046 τῶν
408 2021 556 2054 γεγονότων
567 2021 742 2054 φυλάττοιντο
755 2023 795 2054 εἰς
806 2024 902 2058 πεῖραν
913 2023 967 2050 τῶν

183 2063 274 2089 αὐτῶν
293 2064 458 2099 καταστῆναι
477 2065 566 2091 πάλιν.
591 2066 664 2091 Ἴστε
687 2065 754 2101 γὰρ,
772 2066 872 2102 φησὶν,
889 2067 966 2103 ὀργι-

185 2109 259 2140 σοεὶς
273 2109 368 2144 ἡλίκην
381 2111 436 2141 τοῖς
452 2110 569 2145 πατράσι
585 2111 641 2142 τοῖς
665 2111 808 2146 ὑμετέροις
829 2113 967 2147 ἐπήγαγον

182 2154 329 2189 τιμωρίαν,
345 2155 408 2181 οἴων
420 2164 449 2181 τε
461 2156 559 2186 αὐτοὺς
572 2156 615 2182 διὰ
627 2156 675 2192 τὴν
690 2157 832 2184 ἀπείθειαν
845 2159 873 2184 ὲν
885 2158 967 2193 ϊιείρᾳ⁸

1018 1571 1108 1598 verbis
1132 1575 1238 1605 tempus
1262 1570 1415 1605 signiﬁcat,
1434 1570 1514 1605 287
1528 1577 1583 1604 quo
1608 1569 1697 1596 divina
1725 1577 1800 1596 reve-

1018 1616 1118 1643 latione
1144 1615 1244 1651 dignus
1273 1616 1381 1642 habitus
1404 1621 1470 1643 est:
1489 1616 1618 1649 deinceps
1640 1622 1704 1641 vero
1724 1614 1799 1641 addit

1017 1669 1076 1696 qua:
1102 1661 1135 1688 ad
1158 1661 1287 1696 populum
1310 1660 1384 1695 loqui
1402 1660 1498 1695 jussus
1520 1660 1579 1686 fuit.
1606 1668 1615 1685 ι
1631 1659 1730 1686 Grandi
1757 1659 1798 1686 ira

1017 1705 1148 1733 adversus
1171 1709 1299 1740 parentes
1324 1708 1431 1732 vestros
1455 1704 1542 1731 iratus
1566 1708 1608 1731 est
1631 1703 1770 1731 Dominus.
1787 1713 1796 1729 ι

1017 1751 1174 1786 Congruum
1192 1751 1306 1786 tempori
1327 1750 1471 1778 exordium
1488 1749 1620 1784 propheta
1635 1749 1715 1782 fecit;
1736 1755 1798 1775 nam

1017 1797 1080 1830 quia
1104 1800 1237 1823 recentem
1263 1795 1353 1823 adhuc
1375 1799 1592 1830 pratsentemque
1615 1794 1748 1820 malorum
1772 1794 1799 1820 iu

1017 1842 1174 1876 captivitate
1203 1842 1404 1869 exantlatorum
1439 1840 1593 1867 retinebant
1622 1839 1798 1870 memoriam;

1017 1886 1117 1921 quippe
1131 1887 1176 1921 qui
1192 1887 1236 1913 vix
1257 1893 1316 1913 eam
1341 1885 1511 1920 depulerant,
1531 1885 1630 1919 vixque
1646 1884 1717 1911 lares
1736 1891 1800 1911 suos

1019 1938 1179 1966 recuperare
1213 1933 1370 1964 potuerant;
1407 1930 1504 1956 merito
1541 1933 1684 1963 antequam
1725 1928 1798 1954 aliud

1018 1977 1102 2010 dicat,
1129 1976 1309 2003 calamitatem
1335 1975 1431 2003 iisdem
1457 1975 1578 2005 relricat.
1606 1982 1686 2009 quam
1714 1981 1800 2008 nuper

1019 2023 1138 2057 perpessi
1165 2021 1291 2053 fuerant;
1314 2026 1344 2047 ut
1366 2021 1493 2047 nimirum
1520 2021 1719 2055 praeteritorum
1741 2026 1801 2047 ma-

1019 2068 1105 2095 lorum
1128 2075 1262 2094 memores
1281 2070 1407 2093 caverent
1424 2067 1517 2101 utique
1533 2074 1566 2093 ne
1583 2067 1609 2092 in
1622 2066 1715 2093 eadem
1738 2073 1800 2092 rur-

1019 2121 1067 2140 sus
1088 2113 1250 2140 inciderent.
1267 2111 1369 2143 Nostis,
1400 2112 1488 2146 inquit
1513 2111 1594 2142 Deus,
1617 2114 1733 2145 quantas
1749 2118 1800 2145 ego

1019 2159 1106 2185 iratus
1119 2158 1278 2192 parentibus
1292 2157 1390 2184 vestris
1402 2164 1497 2191 poenas
1512 2156 1698 2191 imposuerint,
1712 2162 1800 2189 quan-

184 2200 338 2235 κατέστησα
351 2201 454 2234 κακῶν,
469 2201 575 2236 ἀφελὼν
598 2203 646 2237 μὲν
662 2203 710 2237 τῆς
726 2203 777 2238 γῆς
791 2203 840 2238 τῆς
853 2203 964 2235 οἰκείας,

1019 2204 1109 2238 tisque
1131 2202 1343 2230 adversitatibus
1369 2206 1479 2237 propter
1505 2202 1625 2235 ipsorum
1657 2205 1800 2228 contuma—

183 2244 335 2279 ἀπαγαγὼν
356 2246 384 2272 δὲ
408 2246 594 2280 αίχμαλὼτους
619 2248 658 2278 εἰς
679 2248 730 2282 γῆν
752 2247 910 2283 ἀλλοτρίαν,
934 2248 967 2282 ἢν

183 2291 260 2318 οῧπω
274 2292 407 2327 πρότερον
420 2290 498 2319 εἶδον.
516 2302 526 2318 ι
544 2293 599 2319 Καὶ
615 2294 686 2329 ἐρεῖς
699 2294 767 2329 πρὸς
780 2294 887 2325 αὐτοὺς,
898 2294 966 2321 Τάδε

183 2336 256 2370 λέγει
273 2337 374 2372 Κύριος
391 2339 601 2374 παντοκράτωρο
626 2339 819 2374 Ἐπιστρέψατε
837 2340 904 2374 πρός
921 2348 965 2375 με,

184 2382 258 2415 λέγει
279 2382 381 2417 Κύριος
403 2383 458 2408 τῶν
481 2383 640 2418 δυνάμεων,
661 2385 708 2410 καὶ
726 2385 966 2420 ἐπιστραφήσομαι

184 2426 251 2460 πρὸς
267 2427 349 2461 ὑμᾶς,
367 2426 440 2460 λέγει
455 2427 553 2461 Κύριος
567 2428 620 2454 τῶν
637 2428 777 2463 δυνάμεων
787 2437 793 2443 ·
806 2429 853 2455 καὶ
871 2429 907 2465 μὴ
919 2429 964 2463 γί-

183 2471 261 2498 νεσθε
282 2472 372 2503 καθὼς
388 2473 411 2498 οἱ
432 2473 548 2508 πατέρες
563 2474 638 2509 ὑμῶν
658 2473 699 2506 οἷς
715 2475 858 2501 ἐνεκάλουν
874 2476 965 2505 αὐτοῖς

183 2517 210 2542 οἱ
224 2517 360 2552 προφῆται
374 2518 398 2544 οι
417 2517 570 2553 ἔμπροσθεν
584 2519 707 2553 λέγοντες
717 2540 724 2552 ,
744 2521 753 2554 (
762 2528 787 2555 p.
806 2520 872 2555 456)
896 2521 964 2546 Τάδε

184 2561 258 2595 λέγει
275 2562 376 2598 Κύριος
399 2563 611 2600 παντοκράτωρ,
638 2565 838 2600 ’Δποστρέψατε
861 2565 893 2599 δὴ
913 2565 966 2593 ἀπὸ

184 2606 239 2633 τῶν
258 2607 327 2634 ὁδῶν
342 2608 419 2642 ὑμῶν
440 2609 494 2634 τῶν
511 2610 644 2645 πονηρῶν,
668 2611 714 2637 καὶ
728 2611 781 2637 ἀπὸ
801 2611 854 2638 τῶν
872 2612 966 2646 ἐπιτη-

185 2652 325 2688 δευμάτων
340 2653 416 2688 ὑμῶν
430 2653 484 2680 τῶν
498 2655 622 2689 πονηρῶν
632 2664 638 2670 ι
652 2656 698 2682 καὶ
711 2657 761 2682 οὐκ
772 2656 902 2691 ἥκουσαν,
919 2658 966 2684 καὶ

185 2698 213 2724 οὺ
240 2699 391 2734 προσέσχον
415 2699 461 2725 τοῦ
488 2700 645 2727 είσακοῦσαί
672 2710 740 2736 μου,
764 2701 836 2736 λέγει
865 2702 966 2737 Κύριος

187 2744 390 2780 παντοκράτωρ.
424 2755 432 2770 ι
464 2746 545 2773 Ἀλλὰ
566 2746 613 2773 νῦν
637 2747 701 2781 γοῦν
727 2747 891 2779 ἀποστάντες
917 2747 967 2782 τῆς

207 2823 261 2859 (Π)
286 2825 331 2852 Gr.
354 2825 449 2858 ﬁlium.

1017 2249 1086 2276 ciam
1110 2255 1157 2276 eos
1181 2247 1328 2279 obruerim,
1356 2248 1442 2282 patria
1463 2247 1605 2281 spoliatos.
1629 2246 1655 2272 in
1683 2245 1799 2271 alienam

1017 2294 1155 2328 regionem
1182 2300 1263 2327 quam
1289 2299 1426 2326 nunquam
1445 2291 1568 2318 viderant
1591 2290 1727 2317 serviliter
1749 2288 1798 2314 ab-

1018 2343 1104 2365 actos.
1130 2348 1138 2362 l
1162 2337 1294 2371 Dicesque
1315 2337 1366 2366 eis.
1385 2335 1447 2363 Haec
1469 2336 1507 2362 ait
1526 2335 1658 2362 Dominus
1675 2334 1799 2368 omnipo-

1018 2389 1078 2410 tens
1102 2382 1301 2410 :ttevertimini
1323 2381 1357 2408 ad
1378 2389 1438 2412 me.
1472 2381 1538 2408 dicit
1557 2380 1688 2407 Dominus
1711 2379 1800 2406 virtu-

1020 2435 1093 2462 tum;
1108 2433 1135 2456 et
1151 2436 1200 2464 ego
1211 2431 1356 2455 convertar
1369 2428 1401 2454 ad
1419 2435 1478 2459 vos,
1493 2427 1559 2454 dicit
1572 2426 1702 2453 Dominus
1713 2426 1799 2453 virtu-

1020 2481 1086 2502 tum.
1123 2474 1215 2509 Neque
1238 2473 1308 2500 liatis
1328 2477 1358 2499 ut
1381 2475 1472 2507 patres
1492 2472 1596 2502 vestri.
1619 2479 1689 2506 quos
1709 2479 1799 2506 repre-

1021 2519 1175 2547 hendebant
1188 2519 1342 2553 superiores
1360 2516 1495 2551 prophetae
1509 2516 1632 2543 dicentes
1659 2524 1665 2542 :
1685 2516 1748 2542 Haec
1762 2516 1799 2541 ait

1022 2565 1153 2592 Dominus
1166 2564 1337 2598 omnipotens
1353 2573 1361 2591 :
1375 2563 1501 2590 Recedite
1524 2569 1539 2588 a
1561 2562 1612 2588 viis
1630 2561 1729 2588 vestris
1745 2568 1800 2587 ma-

1019 2611 1063 2643 lis.
1077 2614 1158 2645 atque
1177 2618 1193 2637 ιι
1216 2609 1316 2637 studiis
1335 2608 1434 2636 vestris
1449 2607 1540 2635 malis.
1563 2606 1604 2634 llli
1620 2610 1712 2633 tamen
1734 2606 1799 2633 mihi

1019 2664 1074 2684 non
1097 2656 1286 2687 obediverunt,
1308 2662 1396 2690 neque
1415 2654 1484 2681 meis
1503 2652 1593 2680 verbis
1617 2659 1711 2679 aurem
1730 2659 1799 2686 prie-

1019 2703 1148 2734 buerunt,
1176 2701 1214 2727 ait
1242 2700 1373 2727 Dominus
1400 2699 1584 2733 omnipotens.
1604 2707 1613 2724 ι
1635 2697 1712 2724 Nunc
1734 2703 1800 2730 ergo

1022 2748 1124 2774 omissa
1150 2746 1300 2774 imitatione
1322 2745 1454 2779 majorum
1470 2746 1621 2770 vestrorum
1644 2741 1677 2768 ad
1697 2747 1740 2768 me
1759 2747 1801 2766 re-
