1969 3069
215 166 268 195 m

803 163 979 192 THEODOI'J
997 163 1110 192 MOPSU
1116 163 1240 191 ESTENI‘

1785 158 1841 186 500

216 225 333 258 spteite,
357 224 479 259 meisque
501 223 582 251 dictis
608 231 639 250 ac
664 223 776 251 monitis
804 227 897 252 erecto
920 224 1001 250 oculo

1057 223 1194 257 μιμήσεως
1212 221 1265 248 τῶν
1284 221 1409 255 πατέρων
1429 219 1483 246 τῶν
1507 219 1625 249 οἰκείων,
1641 217 1707 253 πρός
1724 225 1757 252 με
1772 217 1840 243 ἁπο-

218 270 359 302 attcndite,
382 275 411 297 ut
433 277 484 305 ego
501 277 611 304 quoque
626 277 674 297 vos
692 270 849 304 respiciam,
864 269 1002 304 vestrique

217 322 311 341 curam
325 314 439 341 libenter
451 321 552 349 geram.
570 313 609 340 Ne
623 317 715 348 patres
734 317 841 340 vestros
858 312 1001 340 imitemini

215 357 389 383 vehementer
413 360 519 389 cavete,
541 356 589 391 qui
618 363 680 383 cum
706 356 753 383 diu
785 356 956 390 multumque
986 362 1000 381 a

216 402 314 436 priscis
330 402 472 436 prophetis
495 401 626 429 admoniti
649 401 766 429 fuissent
787 405 868 435 atque
884 401 1000 432 exorati,

216 454 270 481 quo
294 447 398 474 scilicet
429 454 443 474 a
475 455 523 474 sua
555 447 688 481 pravitate
712 446 880 477 recederent,
913 453 1001 480 neque

216 492 371 519 auscultare
391 491 548 523 voluerunt,
568 499 657 526 neque
680 491 762 518 ullam
785 491 1000 518 admonitionum

216 536 350 563 rationem
366 536 473 563 habere.

1051 267 1183 302 δλέψατεν
1202 267 1248 293 καὶ
1263 266 1330 302 πρὸς
1349 265 1382 291 τὰ
1400 266 1464 300 παρ’
1479 263 1544 299 ἐμοῦ
1561 263 1695 298 λεγόμενα
1714 263 1778 296 ὑμῖν
1793 261 1841 287 καὶ

1052 313 1289 347 συμβουλευόμενα
1315 311 1461 345 τεταμένον
1484 310 1559 344 ἔχετε
1588 309 1618 335 τὸ
1634 310 1728 343 ὄμμα,
1749 306 1786 338 ὡς
1807 306 1841 332 ἂν

1052 357 1099 383 καὶ
1115 356 1198 387 αὐτὸς
1219 356 1321 390 ὲφορᾷν
1341 355 1404 389 ὑμῖν
1426 353 1474 380 καὶ
1485 353 1518 379 δι’
1536 352 1696 387 ἐπιμελείας
1718 351 1789 385 ἔχειν
1806 350 1842 375 τὰ

1051 402 1112 429 καθ’
1139 402 1210 437 ὑμᾶς
1239 401 1368 436 ἑλοίμην·
1392 398 1545 434 φυλάξασθε
1568 398 1597 424 δὲ
1612 398 1700 424 πᾶσαν
1725 396 1842 431 μίμησιν

1053 448 1103 482 τὴν
1126 448 1195 483 πρὸς
1218 447 1281 478 τοὺς
1303 447 1424 482 πατέρας
1437 445 1500 476 τοὺς
1517 443 1682 479 ὑμετέρουςο
1703 443 1727 468 οἳ
1741 441 1841 475 πολλὴν

1054 493 1100 519 καὶ
1114 492 1212 528 συχνὴν
1234 491 1309 527 παρὰ
1331 492 1385 518 τῶν
1405 490 1551 526 προφητῶν
1572 489 1625 515 τῶν
1645 488 1774 522 πρότερον
1793 495 1841 520 γε-

1054 537 1174 573 νομένων
1190 537 1344 573 συμσουλὴν
1357 537 1497 572 δεξάμενοι
1517 535 1564 561 καὶ
1582 534 1750 569 παραίνεσιν,
1769 532 1842 559 ὦστι

215 580 266 615 τῆς
286 580 382 611 κακίας
407 580 556 614 ἀποστῆναι
586 581 636 615 τῆς
649 580 761 611 οίκείας,
780 581 825 607 καὶ
845 581 973 615 κερδᾶναι
999 581 1043 616 τὴν
1060 582 1130 618 ὑπὲρ
1156 582 1209 608 τῶν
1232 582 1324 614 κακῶς
1346 581 1547 616 πεπραγμένων
1574 579 1664 610 αὕτηῖς
1688 577 1839 613 τιμωρίαν.

215 626 277 654 οὔτε
303 626 444 661 προσέχειν
466 626 527 653 οὔτε
552 627 629 659 λόγον
653 628 713 654 τινὰ
738 628 873 654 ποιεῖσθαι
890 627 944 654 τῶν
957 627 1135 655 διδασκόντων
1146 629 1295 656 ἐϐούλοντο.

254 669 335 696 Vens.
365 670 391 702 5,
403 671 484 698 6.-.
496 671 590 699 Patres
620 671 704 698 vestri
727 672 838 699 ubinam
869 672 952 699 sunt?
975 675 1002 699 et

216 716 354 749 prophctze
371 724 434 742 num
457 724 565 751 semper
581 716 690 744 vivent?
705 716 752 743 Eia
770 724 845 744 meos
859 723 1001 745 sermones

217 760 300 795 288
315 761 455 795 legemque
479 769 564 789 meam
590 763 717 796 excipite,
741 762 873 797 quidquid
895 769 946 797 ego
962 762 1003 789 vi-

217 806 317 833 delicet
339 806 468 841 praecipio
494 807 521 834 in
538 805 641 842 Spiritu
661 815 721 835 meo
746 807 834 835 servis
857 808 924 835 meis
939 815 1002 842 pro-

218 851 319 886 phetis,
331 852 377 886 qui
391 857 483 885 patres
498 856 604 880 vestros
617 852 891 887 comprehenderunt.
909 861 919 878 )
936 851 1003 879 Pro-

218 896 288 923 fecto
301 904 410 931 aequum
429 901 470 924 est
487 905 536 924 vos
555 901 692 932 reputare,
713 898 786 932 quod
808 905 896 932 neque
914 903 1004 932 patres

218 941 300 968 vestri
316 941 373 976 jam
389 942 530 976 supersint
552 950 640 976 neque
658 943 796 977 prophetae
810 952 816 969 :
830 950 893 969 nam
915 947 941 970 et
955 943 1004 970 hos

217 989 245 1012 et
275 985 339 1012 illus
365 987 523 1013 communis
547 991 652 1013 natura:
684 987 815 1014 interitus
847 987 1003 1021 intercepit,

217 1031 367 1065 quominus
388 1031 472 1058 vitain
494 1031 600 1059 diutius
617 1035 811 1066 propagarent.
831 1030 864 1057 Et
888 1031 927 1058 illi
941 1031 1001 1065 qui-

219 1077 280 1104 dem
298 1084 313 1103 e
330 1076 399 1103 vivis
413 1081 603 1110 excesserunt,
621 1077 802 1104 contumaciae
822 1083 878 1103 suae
897 1083 1004 1110 ptenam

218 1122 340 1157 experti;
371 1122 511 1157 prophetae
530 1127 620 1149 autem
648 1122 699 1149 etsi
724 1122 808 1155 hujus
835 1121 897 1148 vita:
925 1121 1004 1148 tinem

218 1167 353 1198 fecerunt,
369 1167 548 1194 nihilominus
566 1168 710 1194 verborum
730 1174 842 1194 suorum
862 1166 1004 1193 veritatem

218 1212 300 1240 factis
330 1213 596 1247 comprobaverunt;
618 1212 840 1247 quandoquidem
865 1212 906 1239 vel
938 1211 1006 1246 ipsis

219 1256 333 1283 mortuis
352 1256 480 1283 vaticinia
503 1263 583 1283 suum
609 1256 711 1282 exitum
736 1263 813 1290 aeque
833 1255 1004 1287 habuerunt;

217 1301 280 1334 quia
299 1300 356 1327 ha-c
378 1301 507 1327 nimirum
525 1307 568 1327 me
585 1300 698 1334 jubente
721 1300 794 1326 edita
814 1299 931 1326 fuerant.
958 1299 1005 1326 His

219 1346 351 1380 exemplis
374 1346 494 1372 monitos
510 1353 553 1376 ea,
576 1353 637 1380 qua:
659 1345 799 1380 prophetae
819 1352 879 1372 meo
895 1346 1006 1372 nomine

219 1390 310 1421 aiunt,
328 1398 381 1416 non
399 1391 596 1425 parvipendere
611 1390 699 1420 decet.
718 1390 772 1416 imo
789 1389 831 1417 his
849 1389 1006 1417 auscultare

219 1442 280 1470 qua:
297 1435 415 1470 spiritali
428 1436 514 1470 gratia
533 1435 660 1461 commoti
686 1435 855 1469 loquuntur:
875 1443 938 1461 nam
958 1442 1005 1462 nev

218 1489 271 1515 quc
286 1480 360 1507 dicta
376 1481 409 1508 ab
429 1481 462 1508 iis
478 1481 581 1507 irritari
595 1485 709 1515 queunt,
725 1487 813 1516 neque
829 1480 905 1508 vobis
920 1480 1005 1507 dicto-

1091 675 1165 709 Στίχ.
1184 677 1214 705 ε’,
1233 674 1362 706 ς’.-ιοξ
1377 673 1493 708 πατέρες
1507 671 1583 706 ὑμῶν
1598 669 1649 697 ποῦ
1663 670 1716 696 εἰσι
1730 677 1737 701 ;
1752 668 1799 695 καὶ
1814 667 1840 694 οί

1056 720 1192 754 προφῆται
1213 720 1249 754 μὴ
1271 720 1310 750 εἰς
1336 719 1380 745 τὸν
1403 718 1489 745 αίῶνα
1510 717 1657 753 ζήσονται;
1681 715 1754 750 Πλὴν
1776 713 1841 745 τοὺς

1054 764 1148 797 λόγους
1169 773 1218 799 μου
1243 765 1289 791 καὶ
1312 764 1347 790 τὰ
1363 764 1467 798 νόμιμα
1494 771 1545 798 μου
1571 761 1691 796 δέχεσθε,
1718 761 1768 786 ὅσα
1785 757 1842 792 ἐγὼ

1055 809 1212 844 ἐντέλλομαι
1237 811 1264 836 ἐν
1286 809 1424 844 Πνεύματί
1448 817 1498 844 μου
1512 809 1568 839 τοῖς
1590 807 1692 837 δούλοις
1712 814 1762 838 μου
1782 806 1840 836 τοῖς

1056 857 1219 891 προφήταις,
1230 856 1254 882 οἳ
1265 855 1412 882 κατέλαϐον
1429 856 1492 886 τοὺς
1503 854 1623 889 πατέρας
1638 853 1725 887 ὑμῶν.
1746 861 1755 877 ι
1774 851 1843 878 Καί-

1054 909 1095 926 τοι
1109 909 1140 934 γε
1160 900 1248 932 καλῶς
1266 900 1298 927 ἂν
1313 900 1369 935 ἔχοι
1385 900 1498 926 κάκεῖνο
1513 900 1586 934 ὑμᾶς
1610 896 1820 931 συλλογίσασθαι
1833 915 1841 926 ,

1054 946 1094 972 ὃτι
1114 945 1174 972 οὔτε
1190 947 1214 973 οἱ
1231 946 1347 981 πατέρες
1362 945 1440 980 ὑμῶν
1458 945 1526 971 εἰσιν
1539 945 1578 970 ἔτι
1589 965 1596 977 ,
1614 943 1674 970 οὔτε
1692 944 1716 969 οί
1732 942 1840 977 προφῆ-

1054 999 1116 1018 ται·
1142 990 1360 1025 προκατελάὸετο
1376 990 1404 1016 δὲ
1421 990 1565 1021 κάκείνους
1577 989 1624 1015 καὶ
1635 988 1745 1018 τούτους
1758 988 1771 1013 ὁ
1785 995 1844 1013 κοι-

1055 1036 1100 1068 νὸς
1116 1036 1165 1070 τῆς
1181 1035 1289 1069 φύσεως
1305 1036 1436 1068 θάνατος,
1452 1035 1497 1061 ὲπὶ
1514 1034 1637 1061 πλεῖστον
1654 1032 1840 1067 ὲκτεταμένην

1055 1081 1126 1116 ἔχειν
1145 1081 1193 1116 τὴν
1209 1081 1312 1107 οἰκείαν
1333 1081 1405 1116 ζωὴν
1429 1081 1479 1107 οὐκ
1502 1081 1571 1107 ἐῶν·
1598 1082 1635 1114 (p.
1658 1079 1718 1112 457)
1741 1077 1798 1104 ἀλλ’
1815 1077 1841 1103 οἱ

1057 1128 1105 1162 μὲν
1127 1127 1310 1162 ἀπεληλύθατι
1332 1128 1380 1162 τὴν
1406 1127 1438 1153 ἐκ
1463 1126 1514 1160 τῆς
1533 1124 1674 1155 ἀπειθείας
1699 1123 1842 1157 δεξάμενοι

1055 1173 1187 1207 τιμωρίαν
1200 1181 1206 1187 ·
1225 1173 1249 1198 οἱ
1269 1173 1407 1208 προφῆται
1423 1172 1451 1198 δὲ
1470 1172 1518 1198 καὶ
1531 1170 1702 1205 παυσάμενοι
1717 1169 1765 1195 τοῦ
1789 1177 1843 1194 πα-

1058 1218 1148 1252 ρόντος
1164 1217 1222 1251 βίου
1238 1217 1292 1245 τῶν
1313 1217 1421 1244 οἰκείων
1442 1217 1573 1252 ῥημάτων
1590 1217 1682 1251 ἔργοις
1700 1211 1844 1245 ἐπέδειξαν

1055 1263 1105 1298 τὴν
1133 1263 1282 1298 ἀλήθειαν·
1312 1263 1374 1289 ἐπεὶ
1405 1263 1451 1289 καὶ
1483 1260 1714 1295 τετελευτηκότων
1735 1258 1838 1290 αὐτῶν,

1055 1310 1132 1336 οὐθὲν
1155 1309 1236 1346 ἧττον
1262 1310 1332 1344 ἆπερ
1355 1307 1432 1335 εἷπον
1457 1309 1496 1339 είς
1524 1308 1609 1342 πέρας
1637 1306 1765 1341 ἐξήγετο,
1792 1305 1843 1332 ἀτί.

1056 1357 1114 1385 κατ’
1138 1358 1206 1393 ἐμὴν
1226 1356 1359 1390 εἰρημένα
1383 1354 1507 1389 γνώμην.
1527 1353 1597 1388 Πρὸς
1623 1352 1655 1386 δὴ
1681 1351 1760 1377 τοῦτο
1774 1350 1844 1384 ἀφοο

1057 1404 1160 1438 ρῶντας
1176 1403 1308 1437 προσήκοι
1326 1401 1357 1426 ἂν
1377 1400 1412 1435 μὴ
1432 1399 1557 1434 πάρεργα
1571 1397 1706 1424 ποιεῖσθαι
1722 1395 1755 1422 τὰ
1777 1396 1843 1430 παρ’

1056 1447 1122 1481 ἐμοῦ
1148 1447 1192 1473 διὰ
1218 1446 1272 1472 τῶν
1303 1443 1449 1480 προφητῶν
1478 1443 1630 1477 λεγόμεναθ
1655 1439 1781 1475 δέχεσθαι
1813 1439 1843 1465 δὲ

1057 1491 1145 1518 πάντα
1166 1492 1271 1525 ὅσαπερ
1293 1490 1356 1524 ὑμῖν
1380 1489 1423 1515 διὰ
1443 1489 1631 1525 πνευματικῆς
1660 1488 1769 1521 λέγουσι
1792 1486 1844 1521 τῆς

220 1533 279 1552 rum
300 1525 440 1559 neglectus
466 1532 564 1552 vacare
585 1525 705 1560 periculo
727 1529 828 1560 potest.
849 1525 898 1552 His
913 1525 1003 1552 verbis

1058 1537 1168 1572 χάριτος
1181 1544 1187 1551 ·
1209 1536 1270 1562 ἐπεὶ
1286 1536 1354 1570 μήτε
1369 1534 1519 1569 ψευσθῆναι
1537 1532 1592 1560 οἷόν
1607 1533 1636 1559 τέ
1651 1541 1679 1559 τι
1694 1532 1748 1558 τῶν
1765 1531 1845 1565 λεγο-

219 1575 401 1605 compunctus
412 1571 539 1606 populus,
552 1579 669 1606 quorum
681 1571 789 1598 veritati
801 1572 922 1606 locuples
934 1571 1004 1598 facta

219 1617 405 1644 testimonium
421 1617 535 1648 dabant.
551 1617 592 1645 sic
613 1617 765 1652 respondit.
785 1622 813 1644 ut
832 1617 1003 1645 docilitatem

219 1663 374 1689 animorum
395 1670 507 1690 suorum
526 1662 699 1691 manifestam
721 1663 833 1690 faceret.
855 1673 865 1689 ε
882 1663 1005 1697 Respon-

219 1708 328 1738 derunt.
350 1708 448 1742 inquit,
473 1712 555 1743 atque
578 1708 706 1735 dixerunt
728 1717 735 1735 ε
761 1708 846 1736 Sicuti
872 1709 1007 1744 disposuit

221 1753 351 1780 Dominus
368 1753 540 1787 omnipotens
563 1753 653 1780 facere
681 1754 760 1781 nobis
776 1754 926 1781 secundum
949 1755 1006 1781 vias

221 1803 339 1827 nostras.
351 1801 378 1825 et
391 1798 539 1825 secundum
554 1797 644 1825 studia
654 1803 758 1830 nostra,
769 1798 808 1825 sic
821 1798 884 1824 fecit
893 1797 983 1825 nobis.
995 1807 1003 1823 ι

223 1842 560 1878 Verbumtdisposuitipro
577 1842 751 1877 disposuerat
763 1843 875 1878 ponitur
887 1851 893 1869 :
906 1843 1005 1870 ctenim

221 1887 292 1914 haud
315 1887 348 1914 de
365 1887 502 1921 praesenti,
523 1886 569 1914 sed
588 1887 621 1914 de
636 1887 772 1921 prmterita
795 1895 826 1914 re
847 1894 937 1914 sermo
953 1892 1005 1915 est.

220 1932 358 1965 Fatemnr,
380 1932 478 1966 inquit,
499 1940 560 1966 qua:
585 1931 660 1958 Dens
686 1931 765 1959 nobis
789 1936 920 1959 eventura
944 1940 1007 1967 por-

221 1976 358 2007 tunderat,
379 1983 500 2011 congruo
518 1976 688 2004 facinoribus
713 1977 816 2004 nostris
838 1977 960 2010 decreto,
975 1985 1007 2005 ea

221 2029 271 2049 nos
306 2030 399 2048 revera
429 2025 557 2056 expertos
586 2022 671 2049 fuisse
694 2030 802 2056 :quare
832 2023 1008 2050 vehementer

220 2068 300 2095 nobis
321 2075 481 2102 persuasum
502 2072 544 2095 est
565 2068 701 2095 dictorum
731 2068 886 2095 divinorum
908 2069 1008 2096 verita-

220 2119 273 2139 tem
293 2121 354 2140 esse
368 2114 559 2141 certissimam.
579 2113 641 2141 Hac
656 2114 792 2146 elocutus,
813 2114 1005 2142 revelationem

220 2159 350 2193 deinceps
373 2159 505 2193 propheta
525 2164 618 2186 narrat
638 2159 690 2186 sibi
709 2154 802 2186 a'Deo
822 2159 953 2191 oblatam,
973 2167 1005 2186 ex

1058 1583 1145 1617 μένων
1169 1582 1233 1617 παρ’
1260 1581 1360 1614 αὐτῶν,
1383 1580 1446 1616 μήθ’
1469 1581 1532 1615 ὑμῖν
1561 1578 1703 1605 ἀκίνδυνον
1729 1576 1843 1611 ἀμελεῖν

1057 1627 1176 1654 ἐθέλουσι
1187 1627 1240 1653 τῶν
1254 1627 1318 1662 παρ’
1331 1626 1421 1653 αὐτῶν
1431 1626 1596 1661 λεγομένων.
1617 1625 1678 1651 Ἐπὶ
1692 1625 1723 1659 δὴ
1736 1623 1844 1656 τούτοις

1057 1672 1169 1702 εἰκότως
1184 1672 1239 1702 τοῖς
1255 1671 1376 1706 ῥήμασιν
1389 1671 1413 1697 oi
1428 1670 1475 1696 τοῦ
1489 1670 1565 1701 λαοῦ,
1580 1670 1628 1696 ἅτε
1640 1669 1694 1695 τῶν
1711 1668 1843 1704 πραγμά-

1056 1725 1109 1742 των
1122 1717 1153 1751 τῇ
1164 1716 1217 1742 τῶν
1228 1715 1381 1750 λεγομένων
1392 1714 1505 1750 ἀληθείᾳ
1520 1714 1733 1749 μαρτυρούντων
1741 1713 1845 1748 αὐτάρ-

1057 1769 1122 1793 κως,
1139 1761 1283 1795 ἀπόκρισιν
1298 1761 1469 1795 ἐποιήσαντο,
1485 1759 1558 1794 σαῳῆ
1572 1759 1622 1793 τῆς
1633 1758 1844 1793 εὐγνωμοσύνης

1057 1806 1162 1833 ἑαυτῶν
1174 1806 1354 1841 παρεχόμενοι
1368 1805 1416 1841 τὴν
1431 1804 1578 1837 ἀπόδειξιν.
1597 1813 1605 1830 ι
1621 1804 1675 1831 Καὶ
1689 1803 1844 1838 ἀπεκρίθη-

1058 1861 1106 1879 σαν
1128 1852 1182 1887 γὰρ
1195 1872 1202 1884 ,
1226 1852 1318 1887 φησιν,
1335 1852 1382 1878 καὶ
1397 1849 1491 1877 εἷπον·
1519 1849 1618 1881 Καθὼς
1638 1849 1844 1884 παρατέτακται

1057 1897 1158 1932 Κύριος
1184 1896 1382 1931 παντοκράτωρ
1404 1895 1451 1922 τοῦ
1466 1889 1584 1930 ’ποιῆσαι
1613 1896 1678 1930 ἡμῖν
1699 1894 1770 1921 κατὰ
1792 1893 1844 1926 τὰς

1056 1941 1132 1972 ὁδοὺς
1146 1941 1234 1976 ἡμῶν,
1247 1941 1293 1967 καὶ
1305 1939 1375 1966 κατὰ
1389 1939 1423 1966 τὰ
1435 1939 1638 1974 ἐπιτηδεύματα
1651 1938 1740 1973 ήμῶν,
1755 1937 1844 1970 οὕτως

1057 1985 1183 2021 εποίησεν
1197 1986 1272 2021 ἡμῖν.
1291 1994 1300 2010 ι
1314 1985 1351 2011 Τὸ
1368 1994 1377 2010 ι
1397 1984 1613 2019 παρατέτακται,
1631 1993 1640 2009 ι
1653 1983 1844 2017 Παρετέτακτο

1057 2029 1145 2064 λέγει·
1161 2030 1191 2055 οὐ
1206 2030 1259 2064 γὰρ
1272 2030 1336 2064 περὶ
1351 2029 1493 2064 παρόντων
1509 2027 1672 2061 διαλέγεται,
1689 2027 1758 2054 ἀλλὰ
1776 2027 1842 2062 περὶ

1057 2075 1111 2102 τῶν
1135 2075 1284 2109 γεγονότων
1305 2075 1366 2109 ἥδη.
1391 2073 1606 2108 ’ομολογοῦμεν,
1624 2074 1717 2108 φησὶν,
1733 2070 1844 2099 anom-

1058 2127 1110 2154 περ
1121 2119 1134 2144 ό
1148 2112 1213 2149 Θεδς
1226 2118 1385 2153 ἀπεφήνατο
1398 2116 1523 2151 γενέσθαι
1535 2117 1598 2152 περὶ⁸
1612 2117 1695 2152 ἡμᾶς,
1712 2115 1843 2149 ἀνάλογον

1058 2159 1096 2193 οἷς
1111 2161 1280 2196 ἐπράττομεν
1298 2160 1424 2188 ἐκϐαλὼν
1445 2160 1495 2195 τὴν
1511 2160 1657 2194 ἀπόφασιν,
1682 2159 1794 2186 τοιαῦτα
1813 2159 1844 2185 δὲ

219 2213 273 2238 qua
286 2212 348 2232 eum
363 2205 421 2239 ipse
437 2213 490 2232 non
506 2206 615 2233 dubiam
631 2206 746 2240 publica!
758 2205 896 2233 felicitatis
907 2205 1003 2232 conlir-

1059 2205 1105 2232 καὶ
1134 2204 1306 2239 πεπόνθαμεν
1338 2204 1408 2230 ὥστε
1442 2203 1544 2238 σφόδρα
1570 2204 1643 2237 ἡμᾶς
1676 2202 1839 2234 πεπεῖσθαι,

219 2251 367 2277 mationem
391 2251 522 2285 porci-pit,
539 2255 596 2278 tum
621 2251 735 2278 fidenter
761 2250 932 2278 auditoribus
948 2251 1004 2278 visa

220 2297 365 2323 nuntiavit.
383 2296 427 2323 Sic
440 2302 530 2324 autem
546 2298 602 2324 ait:

1061 2250 1098 2286 (p.
1109 2250 1172 2283 458)
1183 2251 1223 2277 ὅτι
1232 2249 1425 2286 ἀναντίρῤητος
1434 2248 1487 2275 τῶν
1498 2248 1573 2283 παρὰ
1580 2247 1646 2274 Θεοῦ
1658 2246 1811 2282 λεγομένων
1823 2247 1841 2281 ή

1059 2295 1185 2330 ἀλήθεια·
1202 2295 1248 2321 καὶ
1263 2295 1312 2320 οὐκ
1321 2293 1459 2320 ἀκίνδυνον
1474 2293 1536 2328 ἡμῖν
1545 2292 1655 2327 ἀμελεῖν
1671 2291 1843 2326 βουλομένοις

218 2343 272 2369 τῶν
282 2345 348 2379 παρ’
358 2343 440 2370 αὑτοῦ
449 2344 613 2378 λεγομένων.
628 2343 736 2370 Τούτων
756 2343 842 2375 οὕτως
861 2343 1024 2378 εἰρημένων,
1042 2341 1211 2376 ἀποκάλυψιν
1233 2341 1324 2367 λοιπὸν
1345 2341 1359 2367 ό
1375 2340 1517 2375 προφήτης
1540 2339 1672 2373 διηγεῖται
1689 2338 1843 2373 δειχθεῖσαν

218 2391 291 2426 αὑτῷ
311 2391 386 2426 παρὰ
401 2391 447 2417 τοῦ
471 2391 549 2423 Θεοῦ,
566 2391 612 2425 ἀφ’
626 2389 660 2426 ἦς
683 2391 763 2422 αὑτός
793 2399 821 2417 τε
840 2391 940 2426 ἀκριϐῆ
959 2390 1013 2417 τῶν
1038 2390 1102 2425 περὶ
1115 2389 1161 2415 τὸν
1174 2388 1237 2415 λαὸν
1259 2387 1369 2421 ἀγαθῶν
1389 2386 1438 2422 τὴν
1453 2386 1542 2413 πίστιν
1567 2384 1712 2420 ἐλάμϐανε,
1726 2385 1842 2411 καὶτοῖς

219 2436 345 2464 ἀκούουσι
373 2437 544 2473 θαρρούντως
566 2437 756 2472 εὐηγγελίζετο
782 2437 815 2464 τὰ
842 2436 1085 2472 φαινόμενα.Λέγει
1101 2436 1128 2462 δὲ
1142 2435 1244 2466 οὕτως·

254 2482 336 2517 289
360 2481 443 2510 Vens.
471 2482 548 2511 7-l0.
571 2497 606 2502 —
632 2491 642 2507 ‹
673 2482 721 2510 Die
748 2483 876 2510 vicesima
905 2486 1003 2518 quarta

219 2528 322 2554 mensis
339 2527 487 2558 undecimi,
504 2527 549 2561 qui
566 2532 608 2555 est
623 2528 710 2560 sabat.
727 2528 847 2556 secundo
863 2528 935 2556 Darii
954 2536 1003 2556 an-

218 2579 263 2603 no,
286 2580 376 2599 sermo
393 2572 499 2600 Domini
518 2573 606 2601 factus
625 2579 667 2602 est
680 2574 713 2601 ad
741 2574 902 2601 Zachariam
922 2575 1004 2601 Bara-

218 2618 295 2649 chia,
312 2618 359 2644 filii
372 2619 428 2651 (58)
443 2619 572 2649 Eddonis.
583 2620 752 2655 prophetam.
765 2620 869 2648 dicens.
887 2629 896 2645 ι
916 2620 1002 2647 Verba

221 2671 231 2687 ο
251 2662 346 2690 Sermo
358 2662 464 2690 Domini
481 2663 569 2691 factus
584 2669 626 2692 est
639 2674 648 2690 ι
661 2672 719 2699 pro,
732 2665 823 2692 divina
839 2665 1002 2692 revelatione

216 2716 266 2742 ego
282 2709 379 2743 dignus
390 2709 497 2737 habitus
507 2718 579 2740 sum.
597 2715 752 2745 ponuntur;
771 2712 843 2738 unde
857 2711 1001 2738 revelatio-

217 2759 279 2780 nem
294 2753 441 2780 indicans:
457 2762 466 2779 ι
485 2753 544 2781 Vidi
562 2761 608 2788 per
624 2759 742 2786 nor-tem,
759 2765 768 2780 ι
788 2756 887 2791 inquit.
910 2754 1002 2789 Neque

1096 2482 1170 2516 Στίχ.
1185 2481 1251 2512 ζ’-ι’.
1267 2494 1303 2500 —-
1321 2489 1330 2505 ‹
1350 2480 1389 2515 Τῇ
1404 2479 1513 2515 τετράδι
1529 2479 1575 2505 καί¹
1601 2478 1703 2510 εἰκάδι,
1716 2477 1756 2513 τῷ
1769 2477 1842 2504 ἑνδε-

1056 2528 1131 2562 κάτῳ
1147 2527 1229 2562 μηνὶ,
1245 2523 1322 2557 οὗτός
1339 2526 1413 2551 ἐστιν
1429 2526 1443 2551 ό
1462 2524 1514 2559 μὴν
1533 2524 1630 2557 σαῦἁτ,
1643 2525 1672 2549 ὲν
1687 2523 1716 2550 δὲ
1732 2523 1771 2558 τῷ
1783 2523 1843 2549 δευ-

1053 2573 1124 2608 τέρῳ
1145 2573 1199 2599 ἔτει
1214 2572 1260 2599 ἐπὶ
1278 2571 1392 2607 Δαρείου
1403 2591 1409 2603 ,
1430 2570 1538 2604 ἐγένετο
1559 2569 1637 2604 λόγος
1653 2569 1754 2604 Κυρίου
1772 2569 1842 2604 πρὸς

1054 2620 1190 2654 Ζαχαρίαν
1207 2619 1253 2645 τὸν
1266 2618 1313 2645 τοῦ
1328 2618 1476 2653 Βαραχίου,
1488 2618 1545 2644 υἱὸν
1566 2616 1658 2650 Ἐδδὼ,
1677 2617 1722 2644 τὸν
1734 2617 1840 2652 προφή-

1054 2674 1114 2700 την,
1126 2665 1223 2699 λέγων.
1241 2674 1249 2690 ι
1264 2664 1301 2690 Τδ
1313 2663 1453 2697 ιἘγένετο
1462 2663 1540 2696 λόγος
1552 2662 1665 2697 Κυρίου,
1686 2671 1694 2687 ι
1708 2662 1768 2688 ἀντὶ
1782 2661 1841 2693 τοῦ,

1062 2710 1269 2745 Ἀποκαλύψεως
1288 2709 1407 2745 ἠξιώθην
1424 2709 1513 2740 θείας·
1533 2709 1594 2735 ὅθεν
1610 2708 1658 2743 τὴν
1670 2707 1842 2742 ἀποκάλυψιν

1058 2754 1144 2789 λέγων
1157 2755 1259 2787 λοιπὸν,
1284 2764 1293 2781 t
1319 2753 1458 2790 Ἑώρακα,
1485 2753 1569 2789 φησι,
1585 2752 1634 2788 τὴν
1654 2752 1749 2779 νύκτα.
1769 2761 1779 2777 ι
1800 2750 1840 2777 Οὔ

251 2841 309 2878 (58)
325 2842 417 2872 Grcce
434 2844 533 2879 lilium.
555 2842 683 2872 Scholion
697 2844 820 2872 Graecum
835 2853 849 2872 a
870 2852 950 2873 manu
964 2842 1133 2879 recentiore,
1153 2848 1184 2872 ut
1203 2847 1230 2872 et
1246 2843 1398 2880 Seqttcntia.
