1969 3069
115 161 164 188 509

588 136 863 186 COMMENTARIUS
878 156 910 184 IN
919 156 1104 184 ZACIIARl/E
1123 157 1199 185 C.\P.
1223 159 1242 185 Ι.

1685 157 1737 184 ιιιο

114 219 141 244 ὲν
153 216 225 252 ἐμοὶ,
244 225 253 241 ι
269 215 353 249 λέγει,
372 215 464 250 ἐπειδὴ
477 215 526 241 οὐκ
538 214 636 247 ἔξωθεν
653 215 804 250 φερομένης
818 215 898 250 ἧκουε

958 215 1076 249 ιυοιιίοηι
1092 215 1163 242 haud
1179 220 1333 243 extrorsum
1350 217 1459 243 allatam
1483 223 1575 244 vocem
1601 215 1740 247 audiebat,

113 262 222 296 φωνῆς,
251 259 319 287 ἀλλὰ
351 260 421 286 κατά
446 259 616 294 ἀποκάλυψιν
645 259 900 294 ἑναποτυπουμένης

113 305 194 332 αὐτοῦ
211 306 244 340 τῇ
258 304 371 339 διανοίᾳ.
393 304 435 336 Ὡς
456 304 503 330 καὶ
522 305 536 330 ὁ
552 304 684 340 μακάριος
700 304 801 339 Πέτρος
819 305 900 338 ήκουε

113 352 151 382 τὺ,
170 361 179 377 ι
199 350 345 382 ’Δναστὰς,
367 350 470 384 Πέτρε,
493 350 573 376 θῦσον
597 350 642 376 καὶ
666 350 745 384 φάγε.
763 359 772 376 ι
786 349 901 384 Εὔδηλον

113 396 141 423 δὲ
157 397 199 422 Em
222 396 272 422 οὐκ
287 396 317 428 ἐξ
340 394 460 430 οὐρανῶν
483 395 595 430 ἐφέρετο
616 396 726 430 τοιαύτη
742 395 817 430 φωνὴ
835 395 902 429 πρὸς

114 441 208 468 αὐτόν·
229 441 245 476 ἢ
265 440 320 475 γὰρ
332 440 364 466 ἂν
385 440 432 466 καὶ
450 441 540 466 πᾶσαν
555 440 694 475 ἐπλήρωσε
714 440 762 475 τήν
778 439 900 474 οἰκουμέ-

114 495 161 521 νην
176 487 193 521 ή
207 485 254 512 τοῦ
271 484 416 520 λεγομένου
434 484 534 519 γνῶσις
544 494 551 500 ·
575 485 775 512 ὲναπετυποῦτο
785 485 812 511 δὲ
829 484 902 520 αὐτῷ

114 533 130 566 ἡ
155 532 241 567 φωνὴ,
262 531 301 563 ὡς
327 530 360 558 ἃν
380 530 524 566 οὐρανόθεν
546 531 612 566 πρὸς
640 530 720 557 αὐτὸν
743 530 902 565 γιγνομένη.

115 576 176 603 ὀτι
188 576 217 602 δὲ
233 575 280 602 τὸν
294 574 425 602 λαλοῦντα
438 574 552 609 ἄγγελον
565 574 648 609 αὐτῷ,
662 575 707 600 τὸν
720 573 903 608 ἐπιϐεϐηκότα

121 626 169 652 ἐπὶ
178 625 223 651 τὴν
239 624 323 650 ἵππον
332 623 378 649 τὸν
391 622 494 658 πυρρὸν
503 621 587 654 λέγει,
598 620 677 654 δῆλον
685 627 692 633 ·
703 619 740 649 ὡς
751 618 805 652 γὰρ
815 615 901 648 εἶπεν,

120 680 129 696 ι
151 671 221 704 Ἐγὼ
233 669 312 702 δείξω
326 677 366 695 σοι
380 667 406 694 τί
423 669 480 694 ἐστι
495 666 610 698 mittat,»
623 664 729 698 ὲπάγει,
743 672 752 689 ι
770 663 824 689 Καὶ
835 663 902 689 ἀπε-

118 715 200 751 κρίθη
215 716 229 741 6
244 715 312 750 ἀνὴρ
329 715 343 740 6
355 712 512 748 ἐφεστηκὼς
533 711 667 746 ἀναμέσον
680 709 731 736 τῶν
744 708 839 745 ὁρέων,
855 707 902 734 καὶ

117 761 194 788 εἶπεν
208 761 276 796 πρός
293 769 326 795 με
337 768 343 775 ·
361 756 441 786 Οὗτοί
463 759 531 785 εἰσιν
552 757 598 789 οὒς
611 755 784 788 ἐξαπέστειλε
801 754 902 788 Κύριος

117 805 291 841 περιοδεῦσαι
307 804 356 839 τὴν
371 804 440 838 γῆν·
462 813 470 829 ι
493 804 530 836 (p.
550 802 612 836 446)
630 800 722 836 σαφὼς
740 799 845 829 δεικνὺς
861 798 901 824 ὃτι

117 851 199 882 αὐτὸς
214 851 318 881 ἐκεῖνος
328 850 342 876 6
356 849 446 883 ὀφθεὶς
460 848 534 883 αὐτῷ
544 847 611 883 ἀνὴρ
626 848 654 873 ὲν
669 846 742 882 μέσῳ
753 845 806 872 τῶν
817 843 901 880 ὀρέων

116 896 170 923 τῶν
190 896 358 927 κατασκίων,
376 894 457 926 αὐτὸς
471 892 506 929 ἦν
523 894 537 920 ὁ
558 893 646 920 λαλῶν
662 893 690 918 ὲν
702 891 790 926 αὐτῷ’
810 890 838 921 ὃς
855 890 901 916 καὶ

116 940 232 973 (Magaw
244 939 326 966 αὑτὸν
339 939 480 974 ὑπέσχετο,
492 937 551 964 τίνα
559 937 591 972 δὴ
600 936 686 963 ταῦτα
693 935 727 961 τὰ
735 934 789 960 τῶν
799 933 898 959 ἵππων

116 983 164 1008 καὶ
184 982 217 1015 ίιὴ
235 985 283 1008 καὶ
306 981 424 1013 ἐδίδαξεν
441 979 525 1007 είπὼν
548 980 664 1014 καθεξῆς
679 980 729 1012 ὅτι,
744 977 822 1007 Οὗτοι
837 979 906 1006 είοὶν

115 1027 139 1052 oi
158 1027 314 1062 πέμπεσθαι
333 1026 458 1058 εἰωθότες
480 1025 555 1061 παρὰ
579 1024 627 1051 τοῦ
652 1025 719 1052 Θεοῦ
739 1025 784 1051 ἐπὶ
803 1025 843 1060 τῷ
857 1024 906 1060 τὴν

116 1072 166 1106 γῆν
182 1071 292 1098 ἃπασαν
308 1071 484 1107 ἐκπεριῖέναι,
509 1071 556 1097 καὶ
577 1070 625 1106 τὴν
648 1070 820 1106 καθήκουσαν
842 1071 906 1097 ἑκα-

117 1116 216 1151 σταχοῦ
230 1116 350 1152 πληροῦν
365 1116 534 1152 λειτουργίαν
545 1116 616 1142 κατὰ
634 1116 664 1142 τὸ
676 1115 772 1142 δοκοῦν
785 1116 824 1150 τῷ
835 1115 905 1150 Θεῷ.

117 1162 232 1196 Εὔδηλον
251 1162 300 1197 μὲν
320 1160 366 1189 οὖν
384 1162 423 1188 ὃτι
441 1161 506 1196 περὶ
526 1162 648 1195 ἀγγέλων
671 1162 763 1197 φησίν·
783 1161 906 1196 ἀγγέλων

116 1207 168 1242 γὰρ
187 1206 266 1242 ἔργον
283 1207 375 1233 τοῦτο·
399 1207 476 1234 τοῦτο
495 1207 524 1233 δὲ
548 1208 578 1234 οὺ
603 1207 665 1238 τοὺς
688 1207 789 1238 ἵππους
815 1206 904 1240 λέγει·

115 1252 175 1278 ὅθεν
200 1253 245 1279 καὶ
269 1253 284 1279 6
309 1253 477 1289 ἑρμηνεύων,
505 1253 671 1280 ἀπεστάλθαι
701 1253 773 1287 λέγει
796 1253 906 1284 τούτους

117 1299 162 1325 ἐπὶ
175 1299 207 1325 τὸ
227 1299 398 1334 περιοδεῦσαι
417 1300 465 1334 τὴν
479 1299 553 1334 γῆν,,
575 1300 605 1326 οὐ
629 1300 692 1331 τοὺς
713 1299 820 1330 ἵππους,
839 1298 907 1324 ἀλλά

116 1345 178 1376 τοὺς
201 1345 401 1380 ἐπιϐεϐηκότας
423 1345 523 1379 λέγων·
538 1345 693 1379 ἀναγκαίως
707 1344 735 1371 δὲ
755 1344 802 1371 καὶ
822 1342 905 1377 οὗτοι,

118 1391 164 1416 ἅτε
176 1390 298 1424 ἄγγελοι,
314 1392 355 1425 ἐφ’
370 1391 459 1417 ἵππων
475 1391 615 1426 ὤφθησαν,
642 1391 711 1417 κατὰ
731 1391 776 1417 τὸν
795 1391 841 1416 ἐπὶ
861 1391 906 1417 τὸν

118 1436 200 1462 ἵππον
217 1435 400 1471 ἐπιϐεϐηκότα
423 1436 468 1462 τὸν
483 1436 601 1471 πυρρόν·
615 1436 670 1462 τῶν
685 1436 734 1470 μὲν
751 1436 841 1462 ἵππων
860 1437 906 1470 δη-

118 1482 234 1508 λούντων
258 1481 306 1518 τὴν
331 1481 468 1517 ταχύτητα
490 1481 541 1517 τῆς
564 1482 743 1517 λειτουργίας.
760 1482 850 1508 Ἀλλοι
877 1482 906 1508 δὲ

119 1528 233 1564 πυρρὸν,
251 1528 296 1554 τὸν
309 1527 392 1562 θυμὸν
409 1527 437 1553 ὃν
453 1527 521 1554 κατὰ
534 1527 587 1554 τῶν
603 1527 749 1562 ἀλλοτρίων
762 1526 843 1562 εἶχον,
860 1528 907 1554 καὶ

117 1575 169 1600 τῶν
186 1573 293 1599 λευκῶν
314 1571 343 1598 δὲ
364 1573 403 1603 είς
428 1573 542 1607 μήνυσιν
563 1574 613 1608 τῆς
632 1573 829 1607 περιεσομένης
851 1574 905 1605 τοῖς

123 1618 306 1654 Ἰσραηλίταις
319 1617 518 1652 λαμπρότητος,
535 1618 567 1644 ὲκ
579 1618 627 1653 τῆς
642 1618 731 1644 αὐτῶν
748 1618 905 1653 ὑπουργίας,

118 1665 149 1699 ἣν
166 1663 340 1693 ἐκτελοῦντες
354 1663 378 1688 οἱ
394 1662 513 1696 ἄγγελοι,
525 1663 574 1694 τάς
587 1672 616 1689 τε
629 1663 761 1699 τιμωρίας
777 1664 908 1698 ἐπάγουσι

118 1711 172 1741 τοῖς
187 1709 293 1735 τούτων
306 1708 400 1740 ἀξίοις,
423 1709 470 1734 καὶ
493 1711 542 1740 τὰς
564 1709 666 1744 δωρεὰς
686 1709 848 1745 παρέχουσιν
862 1709 909 1742 οὓς

121 1755 152 1781 ἂν
167 1754 296 1785 τοιούτοις
310 1753 469 1787 ἀμείϐεσθαι
486 1754 549 1790 θέλῃ
563 1755 637 1787 Θεός.

160 1802 233 1837 Στίχ.
247 1805 291 1833 ια’,
307 1802 395 1836 ιβ’.-
410 1801 441 1827 Ἦ
454 1801 481 1827 δὲ
491 1801 544 1827 τῶν
552 1800 705 1835 λεγομένων
718 1799 864 1831 ἀπόδειξις,
875 1798 909 1825 τὰ

125 1847 198 1882 ἑξῆς.
215 1857 222 1872 ι
247 1846 446 1882 Ἀπεκρίθησαν
461 1846 525 1881 γὰρ,
539 1846 630 1880 φησιν,
644 1845 681 1880 τῷ
691 1844 798 1878 ἀγγέλῳ
808 1843 908 1878 Κυρίου

124 1892 162 1926 τῷ
175 1891 310 1926 ἐφεστῶτι
322 1892 457 1926 ἁναμέσον
471 1891 524 1917 τῶν
534 1891 628 1927 ὀρέων,
645 1889 692 1916 καὶ
705 1888 791 1916 εἷπον·
805 1889 908 1922 Περιω-

124 1937 260 1972 δεύσαμεν
277 1936 324 1971 τὴν
335 1936 387 1971 γῆν
400 1937 505 1963 πᾶσανσ
521 1937 567 1962 καὶ
578 1936 631 1962 ἰδοὺ
651 1936 726 1962 πᾶσα
741 1935 757 1969 ή
771 1934 805 1969 γῆ
818 1941 909 1960 κατοι-

124 1984 212 2009 κεῖται
228 1982 276 2009 καὶ
287 1982 428 2017 ἡσυχάζει.
446 1991 455 2007 ι
473 1982 529 2008 Οὐκ
541 1982 573 2008 ἂν
581 1982 644 2013 τοὺς
652 1982 750 2011 ἵππους
758 1979 831 2014 αὑτῷ
838 1980 907 2006 ἀπο-

123 2028 266 2062 κεκρίσθαι
283 2025 375 2056 εῐπον,·
390 2027 453 2053 ποία
467 2028 521 2062 γὰρ
535 2026 567 2053 ἂν
583 2027 630 2053 καὶ
638 2027 740 2060 γένοιτο
750 2025 803 2052 ἀπὸ
818 2026 908 2051 ἳππων

124 2073 197 2107 quivi;
209 2080 217 2104 ;
231 2072 269 2107 (p.
282 2071 345 2105 447)
358 2071 426 2098 ἀλλὰ
435 2070 513 2107 δῆλον
525 2071 566 2098 ὅτι
577 2070 639 2102 τοὺς
649 2070 704 2097 τῶν
716 2071 806 2096 ἵππων
817 2068 908 2096 ἐπιϐε-

124 2114 241 2148 ϐηκότας
265 2112 337 2147 λέγει
349 2132 356 2144 ,
374 2112 398 2138 οἳ
424 2113 453 2138 ὲν
470 2114 559 2147 μορφῇ
583 2113 738 2148 φαινόμενοι
754 2113 908 2149 ἀνθρώπου,

124 2158 320 2194 παραπλησίως
330 2157 376 2183 τοῦ
387 2158 522 2192 ἀναμέσον
532 2159 584 2185 τῶν
594 2158 679 2194 ὀρέων
689 2159 743 2185 τῶν
754 2160 910 2187 κατασκίων

952 260 1000 288 sed
1012 261 1036 287 vi
1055 261 1225 288 revelatiouis
1239 261 1322 296 295
1344 261 1370 288 in
1389 267 1478 289 mente
1498 261 1608 296 pmpria
1627 261 1740 294 impres-

952 314 1020 334 sam.
1033 306 1109 334 Sicut
1118 307 1197 333 etiam
1213 307 1307 334 beatus
1318 306 1414 334 Petrus
1427 307 1508 334 verba
1528 307 1572 332 illa
1587 305 1714 332 audiebat
1731 314 1738 321 ·

954 353 1193 390 tSurgens,Petre,
1206 351 1300 379 occide
1319 357 1345 379 et
1369 353 1512 379 manduca.
1533 361 1542 378 ι
1558 351 1633 378 Patet
1661 350 1741 377 nimi-

951 405 1011 424 rum
1034 398 1107 425 haud
1129 398 1163 424 de
1186 398 1264 425 cwlis
1287 398 1418 432 allapsam
1434 397 1589 430 hujusmodi
1604 396 1637 423 ad
1664 396 1739 422 illum

951 451 1076 470 vocem:
1101 443 1201 477 alioqui
1236 443 1392 470 universum
1429 443 1560 470 mundum
1598 442 1739 476 implesset

951 487 1030 515 dit-ta:
1048 489 1086 515 rei
1101 488 1214 521 notitia;
1239 488 1285 515 sed
1303 488 1331 514 in
1346 496 1379 515 eo
1399 488 1604 522 imprimehatur
1622 495 1673 512 vox
1693 487 1739 512 illa

951 536 1079 568 tanquam
1094 532 1201 560 caelitus
1221 533 1253 559 ad
1267 540 1328 558 eum
1339 533 1469 559 demissa.
1489 531 1565 564 Quod
1581 539 1644 557 vero
1659 538 1741 564 ange-

953 579 1007 604 lum
1019 578 1070 605 sibi
1083 578 1234 612 loquentem
1245 577 1311 604 dicit
1325 577 1400 604 illum
1417 577 1462 611 qui
1476 577 1537 603 rufo
1550 583 1621 610 equo
1640 575 1742 602 inside-

952 624 1008 654 bat,
1026 622 1198 650 manifestum
1211 627 1262 649 est.
1280 622 1347 648 Nam
1364 626 1504 657 postquam
1521 622 1569 652 ait,
1593 631 1602 646 ι
1623 620 1677 654 Ego
1691 620 1740 646 tibi

951 667 1092 694 ostendam
1105 667 1169 701 quid
1185 667 1240 693 sint
1255 667 1322 698 haec,
1339 677 1348 693 ι
1361 667 1446 697 addit.
1466 676 1475 692 ι
1496 665 1527 692 Ει
1542 665 1679 699 respondit
1694 665 1740 698 qui

953 712 1043 739 stahat
1060 712 1131 738 inter
1148 715 1264 743 montes,
1284 711 1404 746 dixitque
1425 711 1490 737 mihi
1508 720 1514 737 :
1532 711 1575 737 lsti
1593 714 1657 736 sunt
1672 717 1741 743 quos

953 758 1026 785 misit
1044 757 1174 784 Dominus
1190 762 1218 783 ut
1235 761 1334 784 terram
1351 757 1529 784 circumirent
1546 763 1554 781 ε
1570 765 1579 781 ι
1596 754 1740 781 manifeste

952 804 1117 835 ostendens,
1155 803 1230 830 illum
1267 811 1313 838 qut
1350 807 1512 838 apparuerat
1549 802 1636 829 visum
1672 801 1742 828 inter

953 854 1059 876 montes
1084 849 1238 880 umbrosos,
1258 849 1381 876 eumdem
1398 855 1459 876 esse
1473 848 1519 882 qui
1536 847 1563 874 in
1593 853 1626 873 eo
1644 847 1741 880 loque-

922 889 942 916 Β
956 894 1049 925 batur,
1065 898 1091 921 et
1106 894 1152 929 qui
1167 895 1190 921 ei
1213 897 1352 928 receperat
1368 893 1511 921 d0cturum
1529 901 1590 920 esse
1606 892 1742 927 quodnam

957 941 1009 966 hoc
1029 943 1103 967 esset
1115 947 1247 973 equorum
1264 939 1413 973 negotium.
1438 937 1542 972 Reapse
1552 941 1643 964 autem
1665 940 1743 971 post-

957 992 990 1012 ea
1012 983 1106 1011 docuit
1121 985 1227 1017 dicens,
1242 984 1290 1011 hos
1310 991 1372 1011 esse
1385 982 1432 1018 qui
1452 984 1521 1010 mitti
1537 983 1625 1010 solent
1650 989 1664 1008 a
1689 981 1743 1008 Deo

956 1028 990 1056 ad
1005 1030 1226 1056 circumeundam
1240 1033 1352 1062 terram,
1366 1032 1394 1056 et
1406 1029 1570 1056 conveniens
1580 1027 1742 1061 explendum

956 1075 1056 1110 ubique
1089 1075 1270 1102 ministerium
1299 1079 1378 1108 prout
1403 1073 1448 1101 Dei
1480 1074 1606 1100 voluntas
1634 1072 1739 1098 tulerit.

956 1120 1069 1147 Constat
1085 1120 1166 1155 igitur
1177 1119 1210 1146 de
1220 1119 1323 1154 angelis
1331 1119 1491 1154 prophetam
1508 1119 1598 1152 loqui;
1615 1122 1657 1145 est
1669 1118 1742 1144 enim

956 1166 1008 1193 hoc
1018 1165 1104 1201 angeli
1115 1165 1230 1192 oﬁicium
1242 1174 1249 1192 :
1261 1165 1294 1192 de
1306 1165 1348 1192 his
1359 1171 1434 1198 ergo,
1450 1172 1502 1191 non
1515 1164 1548 1191 de
1562 1164 1651 1197 equis.
1660 1162 1742 1189 verba

958 1211 1022 1237 facit
1036 1220 1042 1238 :
1069 1211 1244 1245 quamobrem
1261 1214 1287 1237 et
1302 1211 1325 1238 is
1338 1210 1385 1244 qui
1412 1209 1562 1244 respondit,
1579 1209 1678 1235 missos
1693 1208 1743 1234 hos

957 1256 1042 1283 fuisse
1054 1256 1092 1283 ait
1107 1256 1139 1283 ad
1155 1256 1376 1285 circumeundam
1396 1258 1508 1285 terram.
1528 1253 1599 1280 haud
1617 1253 1742 1287 equidem

956 1309 1059 1336 equos,
1091 1301 1137 1329 sed
1161 1302 1266 1336 equites
1297 1300 1402 1328 dicens.
1428 1299 1589 1326 Necessario
1611 1304 1700 1325 autem
1716 1298 1741 1324 hi

956 1355 1064 1382 quoque
1082 1350 1211 1380 tanquam
1237 1345 1323 1380 angeli
1341 1345 1419 1379 equis
1438 1344 1587 1371 insidentes
1610 1350 1743 1377 apparue-

956 1397 1034 1424 runt,
1066 1392 1098 1418 ad
1133 1392 1193 1426 ejus
1210 1398 1332 1418 normam
1353 1391 1400 1425 qui
1421 1397 1491 1424 equo
1511 1388 1572 1416 rufo
1593 1387 1743 1420 insidebat;

956 1439 1034 1473 equis
1048 1438 1172 1465 videlicet
1187 1435 1331 1463 ministerii
1349 1435 1516 1462 celeritatem
1539 1433 1744 1465 indicantibus;

957 1484 1019 1510 rufo
1027 1487 1116 1511 autem
1129 1483 1220 1510 colore
1228 1482 1295 1508 iram
1306 1489 1359 1516 qua
1370 1481 1397 1508 in
1406 1479 1579 1507 adversarios
1587 1479 1742 1506 fervebant:

957 1530 1072 1564 denique
1099 1533 1125 1556 et
1151 1528 1261 1562 quidam
1283 1527 1352 1559 albi,
1383 1526 1566 1554 lsraelitarum
1593 1525 1744 1552 claritatem

958 1573 1163 1608 portendebant,
1179 1580 1211 1599 ex
1225 1572 1332 1598 illorum
1358 1571 1510 1598 ministerio
1526 1570 1656 1602 futuram,
1671 1569 1745 1604 quod

958 1627 1050 1647 revera
1069 1619 1156 1654 angeli
1181 1621 1320 1649 exercent,
1337 1624 1432 1652 pmnas
1457 1616 1544 1643 noxiis
1561 1617 1742 1651 imponentes,

958 1665 1090 1693 beneﬁcia
1107 1671 1171 1692 vero
1192 1664 1246 1691 illis
1271 1670 1341 1698 quos
1360 1662 1432 1690 Deus
1455 1662 1624 1689 remunerari
1651 1661 1745 1688 volue-

959 1712 1002 1738 ril.

994 1802 1077 1830 Vens.
1092 1802 1136 1834 ll,
1150 1800 1192 1828 12.
1206 1815 1240 1820 -
1251 1799 1388 1827 Dictorum
1401 1802 1491 1826 autem
1506 1797 1702 1824 demonstratio
1717 1798 1743 1824 in

960 1847 1138 1883 sequentibus
1161 1847 1199 1873 ﬁt.
1227 1845 1280 1872 «Et
1299 1845 1509 1880 responderunt,
1532 1844 1630 1877 inquit,
1648 1843 1745 1878 angelo

961 1892 1080 1924 Domini.
1103 1892 1148 1927 qui
1164 1891 1254 1919 stabat
1280 1891 1351 1918 inter
1366 1894 1482 1920 montes,
1500 1893 1582 1924 atque
1600 1888 1744 1915 dixerunt:

961 1939 1176 1967 Cir-:umivimus
1189 1939 1346 1965 universam
1360 1940 1460 1963 terram
1472 1944 1480 1968 ;
1495 1939 1522 1962 et
1534 1942 1597 1961 ecce
1618 1934 1746 1962 universa

961 1989 1033 2012 terra
1048 1985 1198 2016 habitatur,
1218 1987 1246 2010 et
1261 1983 1389 2018 quiescit.
1404 1991 1413 2008 ›
1431 1980 1508 2008 Haud
1526 1981 1650 2015 equidem
1662 1988 1746 2015 equos

961 2029 1012 2057 sibi
1025 2029 1107 2063 296
1116 2028 1292 2063 respondisse
1303 2027 1370 2055 dicit
1382 2035 1389 2060 ;
1402 2034 1464 2053 nam
1477 2033 1600 2061 quamam
1613 2033 1746 2060 equorum

960 2081 1013 2101 vox
1037 2073 1155 2101 fuisset?
1180 2073 1232 2100 Sed
1256 2077 1329 2108 patet
1349 2073 1456 2108 equites
1471 2073 1506 2099 ab
1527 2080 1560 2099 eo
1575 2072 1640 2103 dici,
1657 2072 1702 2106 qui
1719 2072 1746 2098 in

961 2119 1080 2146 hominis
1105 2118 1190 2153 ﬁgura
1211 2118 1306 2149 oblati,
1328 2118 1361 2144 ad
1386 2125 1509 2144 normam
1532 2117 1592 2151 ejus
1614 2117 1660 2150 qui
1677 2117 1747 2143 inter

962 2169 1069 2192 montes
1087 2165 1233 2192 umbrosos
1255 2171 1326 2198 equo
1343 2163 1406 2190 rufo
1430 2163 1554 2190 insidens
1572 2165 1745 2196 apparUerat.

124 2203 164 2236 ἐφ’
182 2203 267 2229 ἵππου
289 2202 418 2236 φανέντος
437 2203 542 2238 πυρροῦ
555 2223 562 2235 ,
587 2203 698 2235 είκότως
723 2204 853 2238 ἀνάλογον
876 2206 906 2240 τῇ

965 2211 1061 2238 merito
1076 2217 1227 2245 congruum
1244 2210 1343 2243 speciei
1361 2217 1421 2235 cum
1440 2216 1472 2236 eo
1483 2208 1617 2243 dialogum
1629 2207 1745 2234 habituri

123 2248 182 2283 ἴίψει
194 2249 244 2284 τὴν
258 2248 324 2283 πρὸς
336 2247 417 2274 αὐτὸν
430 2248 563 2274 ποιεῖσθαι
583 2248 699 2281 διάλεξιν
715 2249 831 2284 ἤμελλον
840 2270 847 2282 ,
863 2251 909 2284 ἀφ’

123 2293 154 2329 ἧς
174 2295 205 2329 δὴ
216 2295 264 2320 καὶ
277 2295 291 2321 6
308 2295 449 2330 προφήτης
466 2294 535 2321 κατὰ
550 2294 720 2329 ἀποκάλυψιν
731 2295 784 2322 τῶν
799 2295 911 2330 λεγομέ-

124 2349 175 2366 νων
191 2339 315 2373 ἀκούων,
334 2340 383 2375 τὴν
399 2339 428 2372 ἐξ
443 2339 530 2366 αὐτῶν
543 2340 713 2367 διδασκαλίαν
729 2341 843 2376 ἐδέχετο.
860 2342 911 2368 Εὔ-

124 2385 200 2420 δηλον
214 2385 268 2420 γὰρ
287 2386 327 2412 ὅτι
344 2386 419 2412 πᾶσα
434 2386 450 2420 ή
467 2385 636 2420 ἀποκάλυψις
651 2387 697 2412 καὶ
713 2386 747 2413 τὰ
766 2387 810 2414 ἐπ’
827 2388 911 2423 αὐτῆς

126 2429 317 2466 θεωρούμενα,
335 2432 382 2457 καὶ
410 2431 464 2457 εἴτε
492 2431 643 2467 ἐρώτησις,
666 2432 720 2458 εἴτε
750 2433 910 2469 ἀπόκρισις,

126 2476 172 2502 εἶθ’
185 2478 199 2502 ὃ
218 2486 245 2503 τι
259 2477 367 2513 δήποτε,
384 2477 472 2504 πάντα
487 2478 532 2504 ἐπὶ
548 2478 598 2512 τῆς
612 2478 808 2513 ἀποκαλύψεως
824 2480 911 2506 Stero-

126 2522 221 2548 ποῦτο·
234 2523 271 2554 ὡς
285 2524 318 2550 ἂν
328 2523 372 2549 διὰ
382 2523 491 2550 πάντων
501 2524 550 2559 τήν
561 2524 733 2552 διδασκαλίαν
745 2525 758 2550 ό
771 2526 912 2560 προφήτης

126 2566 268 2602 δεξάμενος
278 2589 285 2598 ,
302 2567 382 2599 αὑτός
397 2576 427 2594 τε
445 2568 535 2595 πίστιν
549 2569 612 2604 περὶ
629 2569 684 2596 τῶν
702 2570 839 2605 ἐσομένων
855 2570 912 2604 ἔχοι

128 2612 246 2646 βεϐαίαν,
257 2614 303 2640 καὶ
314 2615 352 2645 είς
363 2613 471 2649 ἑτέρους
483 2614 592 2648 ἐκφέροι
603 2614 652 2648 τὴν
662 2615 803 2649 ὠφέλειαν.
819 2616 911 2643 Ἐοικε

176 2658 221 2684 τὸν
238 2658 418 2693 ἐπιϐεϐηκότα
434 2659 480 2684 ἐπὶ
499 2659 544 2685 τὸν
559 2659 641 2686 ἵππον
664 2659 801 2695 ἀναμέσον
819 2661 915 2697 ὀρέων,

127 2703 241 2736 ἄγγελον
268 2703 432 2730 αἰνίττεσθαι
457 2704 504 2730 τὸν
535 2704 675 2739 ἐφεστῶτα
698 2705 737 2740 τῷ
762 2706 833 2732 ἔθνει
864 2708 918 2736 τῶν

133 2748 307 2783 Ἰσραηλιτῶν
319 2768 327 2780 .
345 2750 415 2776 κατὰ
438 2749 469 2776 τὸ
489 2750 632 2785 εἰρημένον
645 2771 651 2781 ,
677 2759 685 2776 t
700 2752 832 2787 Ἐστησεν
851 2754 914 2789 ὅρια

162 2836 185 2851 ⁸⁸
204 2835 282 2864 Deut.
305 2845 389 2870 χλιιι,
408 2838 434 2865 8.

963 2260 1060 2289 erant;
1090 2264 1122 2283 ex
1145 2263 1200 2290 quo
1224 2255 1306 2282 etiam
1325 2255 1461 2289 'propheta
1485 2261 1533 2288 per
1557 2253 1746 2280 revelationetn

963 2309 1024 2338 quae
1035 2302 1195 2329 dicebantur
1207 2301 1332 2332 audiens,
1349 2308 1439 2327 rerum
1452 2299 1575 2326 notitiam
1594 2298 1746 2325 hauriebat.

964 2347 1077 2374 Constat
1091 2347 1164 2374 enim
1178 2346 1327 2381 quamlibet
1341 2345 1546 2376 revelationem,
1571 2349 1598 2371 et
1613 2352 1657 2370 res
1675 2344 1701 2370 in
1717 2350 1747 2369 ea

964 2393 1047 2425 visas,
1074 2393 1130 2419 sive
1155 2391 1348 2426 interrogando
1371 2391 1428 2422 ﬁat,
1463 2391 1521 2418 sive
1546 2388 1746 2424 respondendo,

965 2439 1022 2465 sive
1044 2437 1259 2472 quomodolibet,
1285 2437 1356 2463 haud
1379 2437 1459 2463 aliter
1477 2443 1558 2470 quam
1573 2434 1748 2461 revelationis

964 2487 1029 2519 typo
1042 2483 1098 2510 ﬁeri
1110 2493 1116 2511 ε
1134 2487 1164 2510 ιιι
1179 2491 1227 2518 per
1241 2483 1298 2510 haec
1309 2483 1398 2510 omnia
1410 2482 1539 2516 propheta
1551 2481 1674 2511 edoctus.
1691 2484 1746 2506 tum

965 2529 1022 2564 ipse
1038 2529 1191 2556 futurorum
1205 2532 1352 2556 eventuum
1368 2527 1472 2554 ﬁrmam
1491 2528 1568 2553 Iidem
1582 2528 1747 2560 conciperet,

965 2578 1048 2608 atqtte
1070 2574 1132 2601 aliis
1154 2582 1262 2609 quoque
1277 2574 1421 2600 utilitatem
1446 2572 1642 2606 impertiretur.
1665 2571 1750 2599 l’orro

965 2620 1073 2647 videtur
1087 2628 1136 2655 per
1151 2621 1227 2647 illum
1241 2620 1372 2653 equitem,
1393 2620 1507 2646 innuere
1522 2618 1646 2652 angelum
1663 2617 1750 2644 lsrac-

963 2666 1072 2693 litarum
1098 2665 1171 2700 genti
1194 2665 1394 2700 pra-sidentem.
1418 2665 1497 2699 juxta
1521 2664 1641 2691 dictum:
1660 2663 1749 2690 «Con—

963 2712 1055 2738 stituit
1071 2711 1205 2738 terminos
1218 2711 1379 2746 populorum
1394 2710 1473 2745 juxta
1490 2717 1632 2737 numerum
1647 2708 1752 2743 angelo-

967 2763 1028 2783 rum
1043 2755 1090 2783 Dei
1103 2756 1136 2781 ”.
1147 2765 1156 2782 ι
1176 2755 1309 2788 Quoniam
1325 2763 1391 2790 ergo
1405 2755 1501 2790 reliqui
1523 2754 1621 2789 angeli,
1638 2761 1710 2780 curre
1723 2756 1752 2779 ut
