1969 3069
839 150 1010 179 TllEOllom
1034 152 1272 180 MOPSUESTENI

1817 156 1873 182 512

246 210 296 236 μιν
308 200 368 229 'erat
381 200 539 235 participes,
553 201 587 228 de
599 200 745 229 antedictis
772 202 963 238 loquebantur,
982 205 1028 231 alii

1091 205 1166 233 ;θνῶν
1180 207 1249 233 κατὰ
1266 207 1381 242 ἀριθμὸν
1407 208 1529 241 ἀγγέλων
1545 207 1623 235 Θεοῦ.
1637 218 1646 234 ι
1670 209 1773 244 Ὠσπερ
1785 208 1832 236 οὖν
1845 211 1872 237 οι

246 254 310 274 vero
332 246 414 273 etiam
444 246 554 273 aiebant
582 246 738 274 universam
759 251 858 275 terram
887 250 914 276 in
942 251 1033 285 quiete

248 292 350 320 versari
363 300 370 324 ;
391 299 422 320 ex
440 292 483 318 his
498 292 544 319 ille
557 300 666 327 quoque
680 295 852 322 occasionem
872 299 969 324 nactus
979 300 1031 329 est,

246 339 292 371 qui
314 338 384 365 inter
409 338 554 365 umbrosos
575 343 682 365 montes
697 340 854 374 apparebat,
878 348 928 369 ceu
942 342 1032 376 populi

247 384 298 409 sibi
312 391 378 410 cura
393 383 561 415 concredita,
572 391 603 410 ac
617 383 713 412 dolens
724 385 805 411 veluti
818 386 891 420 quod
900 393 961 413 cum
974 395 1033 414 om-

247 430 291 455 nia
306 429 397 462 quiete
415 434 534 463 agerent,
548 429 633 456 solius
649 428 817 457 Hierusalem
831 438 874 458 res
887 432 1034 459 turbaren-

248 478 301 506 tur,
313 474 498 506 occasionem,
510 475 631 508 inquam,
642 475 716 509 cepit
728 482 835 509 precem
848 477 992 510 quamdam
1007 482 1034 505 et

247 519 463 545 obsecrationem
487 527 537 553 pro
559 519 688 547 universo
706 521 805 555 populo
820 520 866 548 Dei
890 522 1031 550 ot‘lerendi.

252 572 260 588 ι
271 562 421 597 Respondit
433 563 517 596 enim,
535 564 632 599 inquit,
644 566 757 600 angelus
770 565 875 593 Domini
910 568 1035 603 dixitque

249 607 306 638 (ille
318 607 422 635 scilicet
435 608 482 642 qui
500 607 569 636 inter
581 614 688 637 montes
707 610 890 644 consistebat;
906 620 968 638 nam
981 621 1034 640 ca:-

250 652 300 678 teri
322 652 476 680 universam
498 658 598 680 terram
623 654 750 681 dixerant
768 655 885 682 habitari
910 660 937 684 et
954 657 1033 691 quie-

251 697 336 732 scere)
349 708 356 725 :
404 697 515 725 Domine
529 699 712 734 omnipotens,
729 708 872 736 quousque
885 709 938 728 non
953 702 1034 729 mise-

249 744 351 770 reberis
368 742 545 776 Hierusalem,
563 744 727 780 urbiumque
739 745 826 777 ludas,
842 754 911 781 quas
924 751 1034 781 septua-

248 790 322 822 ginta
335 789 390 823 jam
407 797 493 817 annos
509 795 673 824 aspernatus
684 791 753 818 es?»
776 791 873 819 Dicens
889 800 1034 827 propemo-

248 835 312 861 dum
325 843 331 861 :
351 834 463 862 Caeteris
475 835 601 870 gentibus
615 837 753 869 omnibus,
770 840 859 864 tutum
870 838 976 872 przebes
991 838 1032 864 in-

248 880 366 906 colatqu
381 885 407 908 et
421 880 550 915 quietem,
567 881 594 908 iu
606 889 659 916 qua
685 882 746 910 illas
763 883 865 910 versari
883 884 1033 917 concedis;
1050 874 1069 900 Β

248 925 307 951 sola
323 933 386 952 vero
407 932 464 958 tua,
497 931 526 953 ut
549 927 665 960 videtur,
687 927 855 956 Hierusalem
873 932 901 955 et
926 929 1035 964 reliquae

249 968 325 997 Iudae
337 970 463 997 civitates
475 972 614 999 communi
631 972 683 999 hoc
697 980 752 1000 non
767 973 897 1001 fruuntur
910 981 1034 1001 munere.

250 1013 304 1041 Sed
327 1016 456 1049 quoniam
481 1016 519 1043 rei
542 1017 625 1051 hujus
639 1025 723 1045 causa
739 1023 850 1052 peccata
860 1019 1034 1051 exstiterunt,

249 1064 330 1094 atque
352 1061 500 1096 impietatis
528 1063 662 1096 studium,
694 1064 776 1099 297
799 1069 825 1091 et
851 1065 1034 1097 contumacia,

249 1107 436 1135 misericordia
457 1109 536 1136 malis
558 1109 619 1143 ejus
637 1110 769 1139 medetor.
793 1115 820 1138 et
834 1118 969 1138 annorum
987 1118 1037 1137 uu-

249 1159 355 1179 merum
374 1153 526 1187 respiciens
541 1155 642 1189 quibus
659 1155 701 1182 his
724 1161 886 1190 premuntur
899 1157 1037 1183 calamita-

249 1198 333 1230 tibus,
353 1199 532 1227 sullicientem
546 1201 602 1234 jam
618 1202 738 1235 peccatis
753 1202 901 1230 arbitratur
917 1203 1038 1237 punitio-

249 1249 310 1268 nem
330 1243 401 1269 mala
419 1243 486 1272 haec.
504 1251 564 1277 quae
582 1244 657 1278 ipsos
674 1249 752 1271 tanto
766 1250 889 1280 tempore
904 1246 1033 1272 obruunt.

249 1287 432 1318 Quamobrem
460 1291 603 1317 clementia
629 1296 674 1318 tua
699 1297 811 1325 peccato
838 1292 911 1319 omni
935 1292 1034 1324 deleto.

250 1332 394 1366 pristinam
420 1334 504 1361 redde
528 1335 747 1369 prosperitatem,
776 1340 806 1362 ut
819 1339 846 1363 et
866 1336 1034 1363 Hierusalem

250 1376 327 1410 fuste
349 1379 467 1412 priorum
487 1378 601 1406 formam
615 1380 775 1413 aediﬁcetur,
792 1385 819 1407 et
836 1381 947 1416 reliquae
959 1380 1035 1408 Judre

250 1422 376 1450 civitates
390 1423 481 1450 denuo
495 1424 662 1451 consistant.

1083 250 1170 277 λοιποὶ
1185 250 1238 277 τῶν
1252 251 1375 285 ἀγγέλων
1389 251 1578 283 κοινωνοῦντες
1591 252 1628 283 ὡς
1643 253 1716 284 είκὺς
1726 254 1773 288 τῆς
1791 263 1874 289 φρον-

1083 294 1154 326 τίδος
1171 295 1236 330 περὶ
1249 295 1303 321 τῶν
1318 296 1504 331 προκειμένων
1514 296 1675 330 διελέγοντο,
1694 297 1719 323 οἶ
1738 299 1784 324 καὶ
1798 298 1872 333 ἐμή-

1085 349 1168 367 νυσαν
1185 340 1258 375 αὐτῷ
1273 341 1303 367 τὸ
1314 342 1403 367 πᾶσαν
1419 341 1467 376 τὴν
1481 341 1532 374 γῆν
1546 342 1574 367 ὲν
1591 342 1689 376 ἡσυχίᾳ
1706 342 1873 369 καθεστάναι

1083 386 1143 412 τότε
1155 395 1162 402 ’
1177 386 1222 420 ἀφ’
1237 383 1274 412 ὧν
1291 386 1322 421 δὴ
1339 387 1385 413 καὶ
1400 386 1491 422 χώραν
1505 388 1606 418 ἐκεῖνος
1625 387 1713 414 λαϐὼν
1733 388 1874 421 ἀναμέσον

1083 432 1138 458 τῶν
1151 432 1306 458 κατασκίων
1319 431 1405 466 ὀρέων
1416 431 1508 466 ὀφθεὶς
1517 451 1524 463 ,
1540 434 1575 466 (p.
1588 431 1650 467 448)
1660 433 1698 464 ὡς
1712 433 1744 459 ἂν
1759 433 1808 468 τὴν
1823 433 1872 459 τοῦ

1084 475 1149 503 λαοῦ
1162 476 1289 511 φροντίδα
1309 477 1537 512 πεπιστευμένος,
1553 478 1599 503 καί
1613 486 1639 504 τι
1664 479 1709 504 καὶ
1729 478 1823 504 παθὼν
1847 480 1872 504 εἰ

1086 521 1173 548 πάντα
1194 521 1243 556 μὲν
1257 521 1330 547 ἐστιν
1343 523 1371 548 ὲν
1388 521 1504 556 ἡσυχία,
1521 522 1557 548 τὰ
1575 521 1645 548 κατὰ
1663 522 1712 556 τὴν
1732 523 1871 557 Ἰερουσα-

1083 566 1138 601 λὴμ
1158 566 1185 593 δὲ
1214 566 1423 601 διατετάρακται
1441 566 1518 601 μόνα,
1529 567 1611 601 εὐχήν
1628 575 1687 592 τινα
1711 567 1757 592 καὶ
1778 567 1873 602 δέησιν

1084 611 1154 646 ὑπὲρ
1170 611 1269 642 παντδς
1285 611 1331 637 τοῦ
1351 610 1445 643 ἔθνους
1461 612 1595 647 προσάγει
1619 611 1658 647 τῷ
1675 611 1742 646 Θεῷ.
1767 622 1776 637 ι
1788 613 1872 638 ’Δπε-

1084 657 1164 692 κρίθη
1181 656 1253 692 γὰρ,
1272 657 1353 692 φησὶν
1366 676 1373 688 ,
1393 657 1408 683 ὁ
1420 657 1535 691 ἄγγελος
1555 658 1656 693 Κυρίου
1682 659 1728 684 καὶ
1754 655 1840 684 εἶπεν.
1860 667 1870 683 ι

1090 703 1206 734 Ἐκεῖνος
1228 703 1259 737 δὴ
1281 703 1295 728 ὁ
1316 703 1452 738 ἁναμέσον
1467 703 1521 729 τῶν
1545 703 1630 738 ὀρέων
1646 703 1765 737 ἐφεστὼς
1777 723 1784 734 ,
1801 704 1873 738 ὅπερ

1083 745 1129 774 οὖν
1154 745 1230 773 εἷπον
1244 747 1268 773 οἱ
1292 746 1380 773 λοιποὶ
1396 747 1427 773 τὸ
1443 748 1532 774 πᾶσαν
1546 747 1595 782 τὴν
1612 748 1663 782 γῆν
1686 747 1872 774 κατοικεῖσθαι

1084 793 1130 819 καὶ
1143 792 1299 827 ἡσυχάζειν.
1320 801 1329 817 ‹
1342 791 1428 827 Κύριε
1448 791 1644 827 παντοκράτωρ
1654 812 1661 824 ,
1676 792 1727 823 ἕως
1745 792 1817 823 τίνος
1839 792 1871 817 οὐ

1086 837 1122 872 μὴ
1133 837 1247 872 ἐλεήσῃς
1261 837 1311 872 τὴν
1333 836 1510 872 Ἰερουσαλὴμ
1523 837 1570 864 καὶ
1591 837 1640 868 τὰς
1665 837 1754 868 πόλεις
1774 836 1871 867 Ἰούδα.

1084 881 1116 913 ἃς
1131 882 1270 918 ὑπερεῖδες
1295 882 1374 909 τοῦτο
1386 882 1584 918 ἑϐδομηκοστὸν
1596 883 1674 915 ἔτοςς
1689 893 1697 908 ι
1722 884 1873 917 Μονονουχὶ

1083 928 1180 962 λέγων,
1192 928 1262 954 Πᾶσι
1276 929 1332 960 τοῖς
1340 929 1442 960 λοιποῖς
1453 928 1541 955 ἔθνεσι
1551 929 1606 960 τοῖς
1617 929 1685 955 κατὰ
1697 929 1748 963 γῆν
1763 928 1873 962 ἀσφαλῆ

1085 972 1220 1008 παρέσχες
1230 971 1279 1008 τὴν
1290 973 1395 1008 οἴκησιν
1410 973 1457 999 καὶ
1471 972 1520 1008 τὴν
1533 973 1648 1008 ἡσυχίαν
1659 993 1666 1004 ,
1685 973 1743 1007 μεθ’
1757 970 1792 1008 ἧς
1807 972 1873 999 ἔτα-

1085 1017 1133 1050 ξας
1146 1017 1249 1051 διάγειν
1265 1017 1363 1049 αὐτούς
1373 1026 1380 1032 ·
1395 1017 1461 1053 μόνη
1471 1018 1498 1044 δὲ
1519 1018 1535 1053 ἡ
1550 1017 1582 1053 σὴ
1601 1018 1640 1049 ὡς
1650 1017 1737 1045 ἔοικεν
1750 1037 1757 1050 ,
1772 1018 1873 1053 Ἰερου-

1087 1061 1177 1097 σαλὴμ
1199 1062 1246 1088 καὶ
1266 1062 1293 1088 αἱ
1316 1063 1408 1088 λοιπαὶ
1431 1062 1478 1089 τοῦ
1500 1062 1583 1089 Ἰούδα
1606 1062 1697 1094 πόλεις
1714 1062 1763 1097 τῆς
1779 1063 1873 1098 κοινῆς

1083 1107 1184 1142 ταύτης
1206 1107 1256 1133 οὐκ
1285 1107 1451 1134 ἀπολαύουσι
1483 1107 1595 1142 δωρεᾶς.
1628 1107 1697 1133 Ἀλλ’
1724 1108 1873 1143 ἐπειδήπερ

1085 1151 1158 1178 αἰτία
1176 1152 1278 1178 τούτων
1291 1152 1383 1183 αὐτοῖς
1397 1151 1431 1178 τὰ
1458 1152 1644 1187 ἁμαρτήματα
1660 1152 1769 1187 γέγονε,
1793 1152 1841 1179 καὶ
1857 1154 1874 1187 ἡ

1084 1198 1134 1232 τῆς
1157 1197 1283 1229 ἀσεϐείας
1299 1198 1450 1232 ἐπιμέλεια,
1467 1198 1514 1224 καὶ
1530 1197 1560 1223 τὸ
1576 1197 1717 1229 δυσπειθὲς
1729 1217 1736 1229 ,
1754 1197 1821 1231 ἐλέῳ
1841 1198 1873 1232 δὴ

1083 1242 1118 1269 τὰ
1135 1243 1196 1270 κατ’
1213 1242 1296 1274 αὑτὰς
1311 1243 1382 1269 ἴασαι
1393 1262 1400 1274 ,
1418 1243 1434 1277 ἤ
1454 1243 1521 1277 πρὸς
1539 1243 1584 1269 τὸν
1599 1242 1715 1278 ἀριθμὸν
1734 1243 1788 1269 τῶν
1804 1242 1874 1269 ὲτῶν

1090 1287 1246 1322 ἀποϐλέψας
1263 1288 1293 1314 ὲν
1311 1285 1351 1319 οἷς
1375 1289 1404 1314 ἐν
1419 1289 1480 1320 ταῖς
1496 1289 1647 1324 συμφοραῖς
1667 1290 1794 1323 γεγόνασι
1809 1288 1875 1315 ταύ-

1088 1342 1164 1364 ταις,
1179 1333 1315 1368 ἀρκοῦσαν
1330 1333 1399 1369 ὑπὲρ
1414 1331 1452 1360 ὧν
1464 1334 1586 1370 ἥμαρτον
1604 1334 1709 1368 λόγισαι
1721 1335 1771 1369 τὴν
1787 1342 1874 1369 τιμω-

1091 1379 1150 1413 ρίαν
1164 1379 1216 1405 τῶν
1239 1380 1268 1405 ὲν
1292 1379 1411 1415 τοσούτῳ
1433 1380 1520 1415 χρόνῳ
1536 1381 1754 1415 περιεσχηκότων
1776 1381 1876 1412 αὐτοὺς

1088 1425 1181 1452 κακῶν
1192 1434 1198 1440 ·
1218 1424 1284 1460 ὲλέῳ
1299 1433 1329 1452 τε
1340 1426 1432 1460 οἰκείῳ
1440 1425 1472 1452 τὰ
1488 1426 1674 1462 ἁμαρτήματα
1684 1427 1773 1454 αὐτῶν
1787 1435 1873 1462 παρα-

255 1467 423 1502 ίίιειώάμενος
436 1467 552 1499 ἅπαντα,
567 1469 612 1495 καὶ
633 1469 681 1504 τὴν
702 1469 819 1496 παλαιὰν
834 1470 924 1501 αὐτοῖς
943 1471 1058 1502 ἀποδοὺς
1072 1470 1223 1504 εὐπραγίαν
1234 1479 1241 1486 ·
1260 1471 1329 1497 ὥστε
1347 1471 1394 1497 καὶ
1408 1471 1458 1506 τὴν
1475 1471 1650 1506 Ἰερουσαλὴμ
1667 1472 1819 1507 οἰκισθῆναι
1845 1472 1877 1498 τὸ

252 1512 382 1549 πρότερον
409 1515 501 1550 σχῆμα
537 1516 647 1548 καὶτὰς
660 1516 757 1548 λοιπὰς
773 1517 818 1543 τοῦ
841 1517 926 1544 ’ἰούδα
946 1518 1037 1549 πόλεις
1056 1517 1132 1550 αὖθις
1149 1519 1289 1553 συστῆναι.

287 1558 369 1586 Vens.
388 1561 429 1591 15,
441 1561 481 1587 l7.
495 1576 526 1580 —
541 1562 654 1596 Insuper
668 1563 755 1596 porgit
770 1563 877 1590 dicere:
895 1572 904 1588 ‹
914 1562 1038 1598 Respon-

1123 1563 1197 1598 Στίχ.
1213 1567 1257 1596 ιγ’,
1271 1563 1314 1595 ιζ’.
1327 1579 1360 1584 -
1371 1563 1442 1599 Πρὸς
1456 1563 1485 1590 δὲ
1496 1563 1584 1590 ταῦτα
1595 1563 1691 1597 ἐπάγει
1700 1572 1706 1579 ·
1717 1572 1726 1588 ο
1740 1564 1796 1590 Καὶ
1810 1564 1877 1590 ἀπε-

251 1606 347 1640 ditque
364 1605 496 1633 Dominus
511 1608 685 1642 omnipotens
704 1609 800 1643 angelo
814 1609 933 1643 loquenti
951 1609 978 1636 in
996 1617 1038 1636 me

253 1650 322 1676 bona
338 1651 417 1677 verba
441 1655 469 1678 et
492 1659 632 1679 sermones
657 1653 891 1680 οοης«»1;ιιοι·ἰοε.ι
912 1653 1039 1681 Ostendit

254 1695 297 1722 his
323 1695 414 1723 verbis
442 1697 512 1723 hanc
539 1705 599 1724 csse
624 1698 774 1725 orationem
800 1699 874 1725 illius
899 1698 945 1732 qui
970 1699 1039 1726 inter

255 1745 361 1768 montes
385 1742 530 1769 umbrosos
557 1743 718 1778 loquebatur
740 1744 767 1770 in
786 1751 835 1771 eo:
866 1742 910 1771 cui
940 1741 1035 1777 inquit

255 1787 431 1821 rcspoiidisse
478 1788 561 1815 Deum
588 1788 682 1823 plenos
706 1788 874 1824 benignitate
899 1796 1040 1816 sermones

254 1833 456 1868 multorumque
481 1833 615 1860 bonorum
639 1834 831 1868 promissores,
858 1835 960 1869 quique
983 1842 1041 1861 om-

254 1879 320 1905 nino
347 1879 380 1906 ad
402 1880 600 1907 consolandum
622 1880 778 1907 suﬂicerent
802 1880 927 1907 homines
947 1880 974 1906 in
1000 1883 1041 1906 tot

254 1924 393 1959 tantisque
416 1926 550 1959 angustiis
573 1929 725 1953 versantes.
742 1925 848 1958 Quibus
869 1925 959 1951 verbis
982 1925 1040 1960 ipsc

255 1970 367 2004 angulus
387 1971 421 1997 ad
441 1970 568 1998 ﬁduciam
588 1975 707 2001 erectus,
733 1969 869 2005 signiﬁcat
887 1970 1037 2005 prophetae,

255 2022 315 2048 quae
338 2015 390 2043 sibi
419 2015 490 2043 Deus
517 2017 623 2043 dixerat
648 2015 768 2042 maxima
794 2015 865 2043 bona
889 2016 1039 2049 spondeus,

255 2068 316 2094 quae
331 2060 463 2096 deinceps
480 2061 540 2088 urbi
559 2061 727 2088 Hierusalem
745 2061 878 2088 conferet.
897 2070 905 2086 ι
917 2060 1041 2095 Dixitque

257 2107 323 2134 mihi
333 2107 447 2142 angelus
460 2107 505 2141 qui
519 2108 545 2134 in
558 2115 601 2134 me
617 2107 795 2142 loquebatur:
811 2107 914 2138 ulama,
928 2106 1039 2133 dicens:

257 2153 322 2180 Hec
354 2152 420 2179 dicit
431 2151 562 2180 Dominus
571 2152 762 2186 omnipotens:
781 2151 891 2178 Zelatus
901 2159 961 2178 sum
976 2150 1041 2178 Sion

257 2201 340 2231 atque
363 2197 533 2225 Hierusalem
556 2198 616 2225 zelo
635 2205 743 2232 magno.
763 2197 795 2224 Et
814 2197 854 2224 ira
875 2204 972 2232 magna
988 2197 1042 2223 ira-

1092 1607 1171 1642 κρίθη
1184 1608 1283 1642 Κύριος
1296 1608 1491 1644 παντοκράτωρ
1503 1608 1542 1642 τῷ
1551 1608 1658 1642 ἀγγέλῳ
1669 1608 1706 1643 τῷ
1715 1607 1840 1634 λαλοῦντι
1848 1609 1876 1634 ὲν

1091 1655 1104 1679 ὲ
1109 1654 1153 1687 μοὶ
1160 1655 1268 1689 ῥήματα
1274 1653 1344 1680 καλὰ
1351 1654 1397 1680 καὶ⁸
1402 1653 1496 1688 λόγους
1502 1663 1539 1680 πα
1543 1653 1733 1689 ρακλητικούς.
1745 1663 1753 1678 ι
1764 1654 1773 1687 (
1777 1651 1805 1688 μ’
1813 1654 1874 1684 M9)

1094 1699 1196 1732 Ἐδειξε
1213 1698 1259 1726 καὶ
1279 1699 1322 1725 διὰ
1336 1699 1430 1726 τούτου
1447 1699 1488 1725 ὅτι
1503 1698 1584 1725 αὑτοῦ
1607 1698 1652 1725 τοῦ
1675 1699 1810 1734 ἀναμέοον
1823 1699 1877 1724 τῶν

1091 1744 1177 1779 ὀρέων
1192 1744 1245 1770 τῶν
1259 1744 1413 1770 κατασκίων
1435 1743 1483 1770 τοῦ
1497 1743 1639 1775 λαλοῦντος
1663 1744 1693 1769 ὲν
1706 1742 1779 1778 αὐτῷ
1797 1743 1844 1769 καὶ
1860 1745 1876 1777 ἡ

1092 1789 1182 1824 δέησις
1192 1787 1225 1824 ἦν
1238 1789 1307 1823 αὕτη
1319 1797 1326 1804 ³
1341 1789 1409 1825 πρὸς
1421 1789 1450 1815 ὃν
1460 1789 1533 1823 λέγει
1547 1788 1593 1815 τὸν
1605 1789 1671 1815 Θεὸν
1682 1788 1878 1823 ἀποκεκρίσθαι

1093 1834 1194 1868 πολλῆς
1218 1834 1384 1869 ἀγαθότητος
1408 1834 1541 1869 γέμοντας
1567 1834 1676 1868 λόγους,
1703 1834 1749 1860 καὶ
1773 1834 1878 1860 πολλῶν

1093 1880 1203 1914 ἀγαθῶν
1218 1880 1328 1916 ἔχοντας
1345 1880 1511 1914 ἐπαγγελίαν
1523 1899 1530 1912 ,
1547 1881 1594 1906 καὶ
1619 1881 1727 1911 ἱκανοὺς
1749 1880 1880 1906 παντοὶαν

1094 1925 1265 1960 παράκλησιν
1278 1926 1333 1955 τοῖς
1346 1925 1374 1951 ἐν
1391 1925 1528 1956 τοσούτοις
1543 1933 1571 1950 τε
1580 1925 1626 1950 καὶ
1637 1924 1774 1956 τοιαύταις
1793 1933 1880 1959 προσ-

1094 1972 1207 2005 αγαγεῖν
1229 1971 1370 2004 ἀνάγκαις.
1395 1969 1452 2005 Ἐφ’
1476 1967 1516 2001 οἷς
1541 1971 1573 2005 δὴ
1599 1970 1646 1997 καὶ
1671 1971 1686 1996 ὀ
1710 1969 1825 2004 ἅγγελος
1850 1970 1880 1996 τὸ

1095 2016 1205 2052 Θαῤῥεϊν
1220 2015 1319 2048 λαϐὼν,
1338 2015 1432 2051 μηνύει
1444 2015 1482 2050 τῷ
1497 2016 1623 2051 προφήτῃ
1639 2012 1737 2051 οἷάπερ
1753 2015 1828 2050 αὐτῷ
1841 2016 1879 2041 εἴ-

1096 2069 1161 2096 ρητο
1189 2061 1263 2096 παρὰ
1290 2061 1336 2087 τοῦ
1353 2061 1420 2087 Θεοῦ
1445 2061 1609 2094 ἐπαγγελίαν
1635 2061 1768 2096 μεγίστων
1785 2061 1880 2096 ἔχοντα

1095 2107 1215 2142 ἀγαθῶν,
1233 2107 1250 2134 ἃ
1264 2107 1328 2142 περὶ
1343 2107 1390 2142 τὴν
1404 2107 1580 2142 Ἰερουσαλὴμ
1594 2107 1754 2139 ἐπιδείξεται
1766 2107 1813 2134 τοῦ
1827 2108 1881 2134 λοι-

1095 2153 1158 2180 ποῦ.
1177 2153 1257 2187 Λέγει
1271 2153 1298 2179 δὲ
1310 2153 1395 2185 οὕτως
1406 2162 1412 2168 ·
1432 2163 1441 2179 ι
1455 2154 1509 2180 Καὶ
1525 2152 1584 2180 εἶπε
1598 2154 1665 2189 πρός
1681 2163 1713 2188 με
1736 2154 1750 2179 ὁ
1766 2154 1879 2187 ἄγγελος

1095 2200 1109 2226 ὁ
1122 2199 1210 2226 λαλῶν
1225 2200 1253 2225 ἐν
1269 2199 1330 2234 ἐμοί
1340 2209 1346 2215 ·
1368 2199 1620 2234 Ἀνάκραγε,λέγων
1634 2207 1640 2213 ”
1657 2199 1725 2226 Τάδε
1739 2200 1812 2233 λέγει
1826 2199 1880 2225 Κύσ

257 2249 321 2269 scor
343 2250 392 2278 ego
411 2251 494 2277 super
517 2248 613 2278 gentes
630 2251 690 2277 qum
714 2243 850 2270 hostiliter
866 2243 1038 2269 invaserunt:

1098 2253 1152 2279 ριος
1165 2244 1376 2278 παντοκράτωρ·
1395 2244 1534 2278 Ἐζήλωκα
1551 2244 1600 2278 τὴν
1615 2243 1684 2270 Σιὼν
1700 2244 1746 2270 καὶ
1761 2243 1810 2279 τὴν
1834 2245 1881 2270 Ἰε-

257 2288 388 2322 quoniam
412 2296 462 2323 ego
480 2289 587 2315 modice
602 2289 690 2316 iratus
705 2288 755 2320 fui,
784 2288 837 2315 illa
853 2291 942 2315 autem
958 2288 1045 2316 scele-

258 2339 327 2363 stam
346 2335 551 2370 aggressionem
578 2334 713 2362 fecerunt.
732 2333 880 2368 Propterea
904 2333 960 2360 haac
980 2333 1047 2359 dicit

257 2381 407 2409 Dominus:
434 2380 567 2408 Revertar
581 2380 614 2407 ad
626 2379 795 2407 Hierusalem
812 2386 874 2406 cum
890 2378 1048 2405 misericor-

257 2427 313 2458 .‘lia.
332 2433 357 2454 et
373 2428 471 2454 domus
489 2435 547 2454 mea
567 2434 666 2454 rursus
681 2426 861 2453 tedilicabitur
879 2426 906 2452 in
923 2433 965 2456 ea,
982 2425 1048 2452 dicit

259 2471 391 2500 Dominus
406 2473 592 2507 omnipotens.
603 2476 630 2499 et
642 2479 768 2499 mensura
779 2470 941 2498 extendetur
956 2470 1045 2497 adhuc

259 2518 286 2544 in
305 2518 485 2546 Hierusalem.
500 2518 533 2544 Et
544 2518 614 2545 dixit
627 2518 692 2544 mihi
703 2517 816 2552 angelus
827 2516 873 2551 qui
886 2516 1046 2550 loquebatur

258 2564 286 2591 in
302 2572 354 2595 me,
370 2565 476 2596 Clama,
495 2564 606 2592 dicens:
628 2563 692 2591 Haec
714 2563 752 2590 ait
771 2563 902 2589 Dominus
921 2562 1046 2594 omnipo-

257 2614 337 2637 tens:
354 2610 449 2637 Adhuc
463 2610 573 2637 allluent
584 2610 709 2637 civitates
724 2608 814 2640 bouis,
828 2613 856 2635 et
870 2607 1045 2635 miserebitur

262 2656 349 2682 adhuc
365 2655 496 2683 Dominus
509 2655 586 2687 Sion,
602 2660 629 2683 et
643 2655 724 2690 eliget
735 2654 915 2682 Hierusalem.
928 2662 937 2679 ι

298 2791 430 2825 Accepto,
439 2790 538 2825 inquit,
549 2789 600 2817 hoc
615 2797 629 2816 a
642 2790 696 2818 Deo
708 2797 839 2824 responso
851 2788 972 2824 angelus,
991 2793 1045 2815 lum

263 2838 320 2874 ipsc
344 2836 386 2864 his
401 2836 482 2864 dictis
506 2835 616 2871 gavisus
632 2840 686 2869 cst,
713 2839 770 2862 tum
797 2843 840 2862 me
857 2842 966 2870 quoque
982 2842 1047 2861 ροη-

1095 2289 1234 2324 ρουσαλὴμ
1250 2287 1328 2323 ζῆλον
1346 2288 1431 2323 μέγαν
1446 2297 1453 2304 ·
1472 2289 1518 2315 καὶ
1529 2288 1597 2324 ὀργῇ
1617 2289 1721 2324 μεγάλῃ
1737 2289 1792 2323 ἑγὼ
1803 2289 1881 2324 ὀργί-

1095 2333 1175 2368 ζομαι
1190 2334 1235 2360 ἐπὶ
1251 2334 1284 2360 τὰ
1305 2333 1367 2368 ἔθνη
1391 2333 1424 2360 τά
1440 2334 1664 2369 συνεπιτιθέμενα
1676 2343 1683 2349 ·
1700 2335 1758 2361 ἀνθ’
1775 2331 1811 2361 ὧν
1827 2335 1881 2368 ἐγὼ

1097 2381 1145 2415 μὲν
1160 2380 1298 2415 ὠργίσθην
1308 2379 1386 2414 ὀλίγα
1397 2399 1404 2411 ,
1425 2380 1501 2406 αὐτοὶ
1512 2380 1540 2406 δὲ
1555 2379 1731 2406 συνεπέθεντο
1747 2381 1787 2411 εἰς
1798 2380 1880 2406 κακὰ.

1097 2426 1145 2452 Διά
1163 2425 1242 2452 τοῦτο
1266 2425 1328 2452 τάδε
1345 2425 1418 2459 λέγει
1443 2425 1542 2460 Κύριος
1554 2433 1561 2440 ·
1586 2425 1755 2461 Ἐπιστρέψω
1771 2426 1816 2451 ἐπὶ
1836 2427 1877 2452 Ὶε

1100 2471 1241 2506 ρυυσαλὴμ.
1255 2472 1283 2497 ὲν
1295 2471 1428 2506 οίκτιρμῷ
1440 2492 1448 2502 ,
1461 2472 1508 2498 καὶ
1523 2473 1537 2497 ὁ
1548 2469 1620 2502 οἶκος
1635 2480 1684 2506 μου
1705 2471 1880 2507 ἀνοικοδομηο

1098 2517 1210 2552 θήσεται
1232 2518 1261 2542 ὲν
1288 2517 1355 2551 αὐτῇ
1368 2537 1375 2548 ,
1392 2517 1465 2550 λέγει
1492 2517 1593 2551 Κύριος
1611 2517 1821 2552 παντοκράτωρ·
1837 2518 1883 2544 καὶ

1100 2561 1198 2597 μέτρον
1211 2561 1389 2595 ὲκταοήσεται
1406 2562 1452 2587 ἐπὶ
1473 2561 1651 2595 Ἰερουσαλὴμ.
1676 2561 1727 2588 ἔτι.
1747 2562 1802 2587 Καὶ
1823 2559 1882 2588 εἷπε

1100 2607 1166 2642 πρός
1185 2616 1218 2642 με
1235 2607 1250 2633 ὁ
1263 2606 1376 2640 ἄγγελος
1391 2607 1405 2632 ὁ
1416 2606 1503 2632 λαλῶν
1520 2607 1549 2632 ὲν
1567 2606 1628 2640 ἐμοί
1641 2615 1648 2621 ·
1672 2607 1883 2642 ’Δνάκραγε,λέι

1101 2661 1157 2686 γων
1168 2660 1174 2667 ·
1191 2652 1261 2678 Τάδε
1273 2651 1347 2685 λέγει
1369 2651 1470 2686 Κύριος
1482 2652 1678 2687 παντοκράτωρ
1688 2661 1694 2668 ·
1713 2653 1773 2678 Ἐτι
1793 2652 1870 2687 διαχυ

1100 2698 1227 2732 θήσονται
1243 2697 1333 2728 πόλεις
1348 2697 1376 2723 ἐν
1390 2697 1517 2729 ἀγαθοῖς,
1532 2697 1578 2723 καὶ
1593 2697 1698 2732 ἐλεήσει
1721 2696 1822 2731 Κύριος
1846 2697 1882 2722 ἔτι

1100 2743 1148 2778 τὴν
1159 2742 1238 2774 Σιὼν,
1251 2742 1297 2769 καὶ
1314 2743 1427 2777 αἱρετιεῖ
1437 2742 1476 2768 ἔτι
1494 2741 1541 2777 τὴν
1567 2741 1752 2777 Ἰερουσαλήμ.
1764 2751 1773 2767 ι

1136 2788 1173 2822 (p.
1189 2787 1253 2821 450)
1268 2787 1418 2821 Δεξάμενος
1433 2786 1485 2822 γὰρ
1497 2807 1504 2819 ,
1524 2787 1604 2822 φησὶν
1617 2807 1623 2817 ,
1647 2787 1791 2821 ἀπόκρισιν
1812 2784 1886 2819 παρὰ

1101 2833 1145 2860 τοῦ
1159 2834 1225 2860 eam";
1243 2832 1369 2868 τοιαύτην
1383 2834 1396 2858 ὁ
1409 2832 1522 2866 ἅγγελος
1532 2853 1538 2865 ,
1555 2833 1635 2864 αὐτός
1656 2841 1684 2859 τε
1699 2832 1744 2858 ἐπὶ
1765 2832 1821 2864 τοῖς
1845 2831 1886 2857 λε-
