1969 3069
125 159 173 186 515

605 155 876 184 COMMENTARIUS
895 156 926 183 IN
947 156 1133 185 ZACHAHIE
1149 156 1224 184 CAP.
1243 156 1261 182 Ι.

1689 157 1738 186 5H

123 218 243 253 γομὲνοις
257 216 337 252 ἦσοη,
353 216 400 243 καὶ
412 215 461 251 ἐμὲ
471 215 582 251 θαρῥεῖν
595 216 704 243 ἐκέλευε
718 217 784 252 περὶ
795 217 901 245 πάντων

955 217 1037 244 ﬁdere
1048 217 1132 252 jussit
1147 217 1181 244 de
1190 216 1319 244 omnibus
1333 215 1361 243 in
1378 215 1515 244 futurum:
1535 217 1571 243 ita
1587 220 1616 244 ut
1630 224 1738 252 possem

123 265 160 295 είς
175 263 206 290 τὸ
215 263 278 297 ἑξῆς
290 271 297 277 ·
312 262 381 288 ὥστε
396 262 442 289 καὶ
455 261 608 297 θαρροῦντα
622 262 734 297 μηνύειν
747 263 848 289 ἅπασιν
861 263 902 289 ὅτι

123 309 222 345 σφόδρα
244 309 314 343 ὑπὲρ
333 308 382 343 τῆς
398 308 574 343 Ἰερουσαλὴμ
600 309 738 343 ὀργίζεται
763 309 834 336 κατὰ
849 309 903 335 τῶν

120 356 252 389 τοσαύτην
263 354 391 388 ὠμότητα
402 353 611 389 ἐπιδειξαμένων
625 355 665 386 εὶς
680 354 791 386 αὐτούς’
805 355 829 381 οἳ
846 355 904 390 μεί-

121 401 182 433 ζονα
193 402 243 435 τῆς
258 400 343 435 ὀργῆς
353 400 403 434 τῆς
416 400 485 435 ὲμῆς
498 399 546 435 τὴν
558 400 691 435 τιμωρίαν
704 401 794 432 αὐτοῖς
807 401 839 427 ὲκ
853 400 903 435 τῆς

122 446 186 477 ιδίας
211 446 352 480 ἐπήγαγον
378 445 475 476 κακίας
488 453 494 459 ·
513 445 654 480 τοιγαροῦν
671 446 797 472 ἁπάντων
812 446 903 472 ἕνεκεν

121 491 207 526 πολλῷ
233 491 370 525 χρήσομαι
394 491 458 525 περὶ
485 491 534 526 τὴν
559 491 735 526 Ἰερουσαλὴμ
759 491 797 526 τῷ
819 491 902 527 ἐλέῳ·

120 535 187 562 ὥστε
203 536 248 562 καὶ
265 536 311 562 τὸν
334 533 407 561 οἷκον
423 535 467 561 τὸν
486 535 551 570 ἐμὸν
567 537 595 562 ὲν
617 536 685 571 αὐτῇ
708 536 836 570 γεγονότα
854 537 903 571 τὴν

121 581 219 616 συνήθη
244 583 300 613 τοϊς
315 582 358 608 ἐπ’
383 581 464 608 αὑτὸν
490 581 624 608 συνιοῦσιν
638 582 771 616 ὠφέλειαν
788 582 903 617 παρέχε-

121 626 189 658 σθαι,
206 627 254 652 καὶ
268 627 318 662 τὴν
341 627 517 662 Ἰερουσαλὴμ
529 627 575 653 ἐπὶ
592 627 681 662 μεῖζον
695 628 710 660 ἢ
724 627 770 653 νῦν
784 627 902 662 ὲκταοῆ·

120 679 174 697 ναι·
187 671 233 696 καὶ
247 673 337 701 πάσας
353 670 391 702 δὲ,
408 671 546 705 συντόμως
560 671 655 702 εἰπεῖν,
671 671 720 702 τὰς
734 672 800 706 αὐτῇ
819 680 904 707 προσ-

119 715 236 750 ηκούσας
268 716 359 747 πόλεις
384 717 412 742 ἐν
442 715 556 751 ἀφθονίᾳ
583 717 749 752 καταστῆναι
779 717 901 746 πολλῶν·

119 762 176 788 τότε
193 762 246 797 γὰρ
261 761 329 796 ἐλέῳ
343 763 480 796 χρήσομαι
497 761 585 796 πολλῷ
600 763 663 797 περὶ
679 763 764 798 αὑτήν
774 771 781 778 ⁸
800 763 901 790 δεδοκί-

120 815 190 841 μακα
205 807 259 833 πᾶν
274 807 288 833 ὅ
304 815 329 832 τι
342 807 458 842 χρηστὸν
472 807 640 841 ἐργάσασθαι
653 808 694 839 είς
707 808 793 844 αὑτήν
811 818 841 835 τε
856 810 902 836 καὶ

119 853 179 885 τοὺς
188 853 376 888 προσήκοντας
386 852 453 887 αὐτῇ
465 852 510 878 τοῦ
524 851 628 879 λοιποῦ.
640 852 757 888 Εὔδηλον
772 854 800 880 δὲ
811 854 852 880 ὅτι
863 855 901 881 ὅτ’

120 899 151 925 ἂν
167 882 282 934 λέγῃτὸζ
293 907 302 924 ι
314 882 473 933 Ὀργίζομαι
490 898 536 924 ἐπὶ
554 898 588 924 τὰ
605 897 669 933 ἔθνη
685 882 719 925 τέι
735 899 900 926 συππιτιθέο
917 882 938 909 Β

121 952 195 978 μενα,
213 943 272 970 ἀνθ’
287 941 324 970 ὧν
335 943 390 978 ἐγὼ
407 944 456 978 μὲν
467 942 606 978 ὠργίσθην
620 943 708 977 ὀλίγα,
725 944 902 971 συνεπέθεντο

119 989 145 1015 δὲ
162 990 200 1020 είς
212 989 298 1019 κακὰ,
313 998 322 1014 ι
350 989 412 1024 περί
436 997 465 1015 τε
485 989 538 1015 τῶν
559 989 802 1024 ὲκπεπορθηκότων
818 991 902 1024 αὐτὴν

120 1033 294 1060 Βαὸυλωνίων
304 1034 401 1068 λέγων,
412 1035 458 1060 καὶ
470 1034 524 1060 τῶν
535 1034 608 1066 ὅπως
618 1035 681 1061 ποτὲ
697 1036 736 1067 είς
746 1035 824 1062 τοῦτο
837 1044 868 1062 συ
872 1045 903 1071 μ-

120 1079 279 1114 πραξάντων
292 1078 392 1109 αὐτοῖς,
403 1079 453 1113 τὴν
467 1078 652 1113 γενησομένην
664 1078 754 1110 αὐτοῖς
768 1079 902 1114 τιμωρίαν

119 1124 158 1150 διὰ
174 1123 277 1150 τούτων
294 1123 430 1159 σημαίνει.
444 1122 598 1149 Δεδὼκεσαν
616 1123 665 1158 μὲν
679 1123 734 1159 γὰρ
751 1124 801 1158 ἤδη
814 1123 901 1150 Βαϐυ-

118 1170 204 1197 λώνιοι
220 1170 300 1201 δίκας
315 1189 323 1201 ,
339 1170 386 1196 καὶ
407 1169 545 1204 καθῄρητο
562 1169 611 1204 μὲν
630 1169 719 1195 αὐτῶν
735 1171 751 1204 ἡ
767 1169 899 1203 βασιλεία,

118 1217 227 1251 ei).qu
242 1216 272 1243 δὲ
291 1217 307 1250 ὴ
330 1215 406 1246 πόλις
422 1214 561 1246 παντελῶς
584 1215 635 1240 ὑπὸ
653 1214 743 1249 Κύρου
766 1214 811 1240 τοῦ
829 1215 900 1249 Περ-

119 1263 170 1288 σῶν
182 1262 330 1297 βασιλέως-ε
346 1261 532 1296 τετιμώρηντο
542 1261 570 1287 δὲ
586 1262 610 1287 οί
631 1260 839 1296 συμπράξαντες
853 1262 902 1287 αὑ-

117 1308 170 1338 τοῖς
193 1306 340 1342 Ἰδουμαῖοί
354 1314 383 1332 τε
398 1307 444 1332 καὶ
456 1307 480 1332 οἱ
500 1305 588 1332 λοιποὶ
601 1305 632 1341 δὴ
645 1306 743 1337 πάντες
753 1314 759 1320 ’
772 1305 842 1332 ὥστε
855 1305 900 1340 δῆ-

118 1354 159 1379 λον
170 1354 257 1380 ἐκεῖνο
277 1350 346 1378 εἶναι
358 1352 389 1378 τὸ
400 1353 464 1386 παρ’
475 1350 553 1386 ἡμῶν
569 1351 614 1377 ἐπὶ
628 1351 677 1385 τῆς
689 1351 842 1382 ὑποθέσεως
862 1351 901 1376 εί-

119 1398 232 1433 ρημὲνον
250 1418 258 1427 ,
290 1397 330 1423 ὅτι
368 1396 474 1422 πολλῶν
503 1396 637 1431 μέμνηται
663 1396 812 1430 γεγονότων
839 1396 900 1431 ήδη,

119 1446 154 1478 (p.
168 1443 229 1476 451)
249 1441 368 1477 βεϐαιῶν
393 1441 462 1468 αὐτὰ
483 1442 544 1473 ταῖς
561 1441 673 1472 οἰκείαις
688 1441 863 1475 ἐπαγγελίαις
887 1441 902 1467 ὁ

118 1488 180 1520 Θεός
189 1497 195 1503 ι
210 1488 273 1513 ἐπεὶ
288 1487 333 1513 καὶ
345 1486 446 1521 σφόδρα
456 1486 558 1512 τούτων
568 1485 621 1511 ἔδει
634 1486 693 1512 τότε
704 1487 759 1516 τοῖς
771 1486 902 1521 Ἰσραηλί-

117 1540 189 1564 ταις,
204 1533 233 1558 ὲν
250 1530 395 1566 ἀμφιόόλῳ
415 1531 462 1557 καὶ
480 1530 549 1565 μετὰ
573 1530 622 1565 τὴν
650 1531 784 1565 σωτηρίαν
810 1531 901 1567 ἔχουσι
915 1550 936 1578 C

117 1577 163 1611 τὴν
175 1577 281 1604 οἰκείαν
294 1585 301 1592 ’
315 1577 353 1607 ὡς
370 1576 407 1610 μὴ
421 1575 449 1602 δὲ
459 1576 504 1601 τὸν
519 1575 581 1602 ναδν
597 1575 642 1602 τὸν
654 1575 723 1602 θεῖον
734 1576 902 1611 ἀρξαμένους

117 1623 148 1648 πέ
154 1631 201 1658 ρας
211 1622 350 1652 ἐκϐαλεῖν,
363 1621 416 1647 εἴτε
428 1620 470 1646 διὰ
484 1620 532 1656 τὴν
547 1621 685 1656 ἐνόχλησιν
699 1621 753 1647 τῶν
764 1620 901 1653 ἐναντίων,

117 1667 168 1693 εἴτε
184 1667 231 1693 καὶ
250 1666 298 1693 διὰ
315 1667 363 1701 τὴν
386 1666 476 1693 αὐτῶν
503 1666 637 1701 ῥαθυμίαν
657 1667 841 1702 αὐξανομένην
865 1667 903 1699 ὡς

117 1713 187 1744 εἰκὸς
200 1714 233 1748 τῇ
254 1712 312 1739 τῶν
333 1712 467 1746 πολεμίων
483 1712 579 1747 κακίᾳ·
597 1711 643 1738 δύο
661 1712 710 1746 μὲν
727 1711 758 1747 δὴ
771 1712 856 1738 ταῦτα
871 1713 902 1738 ὲκ

117 1759 164 1792 τῆς
179 1757 378 1791 ἀποκαλύψεως
397 1757 546 1791 ἐγνωκέναι
563 1757 630 1792 ἔφη,
645 1758 686 1783 ὃτι
709 1766 738 1784 τε
761 1757 823 1788 τοὺς
846 1757 902 1792 ηδι-

118 1805 233 1838 κηκότας
251 1804 298 1830 τὸν
316 1803 379 1829 λαὸν
398 1803 583 1838 τιμωρήσεται
600 1802 614 1827 ὁ
630 1802 706 1834 Θεὸς,
730 1803 777 1829 καὶ
795 1803 837 1830 ὃτι
852 1803 902 1838 τὴν

123 1848 299 1884 Ἰερουσαλὴμ.
319 1847 359 1878 είς
383 1846 432 1880 τὴν
455 1846 572 1872 παλαιὰν
593 1846 745 1882 εὐπραγίαν
765 1847 902 1874 ἀποκατα-

119 1895 208 1929 στήσει
224 1893 318 1920 πάλιν.

151 1940 225 1973 Στῐχ.
247 1943 281 1973 ιη’
293 1941 368 1964 -κα’.
385 1952 420 1957 --
437 1937 498 1963 Ἐπὶ
524 1936 666 1971 βεϐαιώσει
693 1937 722 1962 δὲ
741 1937 901 1972 ἀμφοτέρων

117 1983 301 2018 ἀποκαλύψεις
320 1982 436 2016 καθεξῆς
455 1981 588 2008 ἐκτίθεται
604 1981 714 2016 ἐτέρας,
731 1981 763 2012 ἃς
781 1981 842 2008 ίδὼν
854 1982 902 2007 αὺ-

118 2030 160 2061 τός
174 2038 204 2055 τε
221 2030 271 2064 τὴν
287 2028 334 2054 ἐπὶ
357 2029 411 2059 τοῖς
433 2027 588 2062 εἰρημένοις
673 2027 763 2053 πίστιν
786 2025 841 2062 εἶχε
857 2027 902 2061 βε-

118 2075 212 2101 ϐαίαν·
231 2075 279 2101 καὶ
302 2073 334 2108 δὴ
359 2073 484 2105 καὶτοὺς
508 2072 555 2098 τοῦ
579 2071 644 2098 λαοῦ
672 2073 775 2104 πάντας
796 2072 901 2098 ἔπειθεν

117 2121 214 2156 ὁμοίως
222 2118 349 2155 ἡγεῖσθαι
361 2126 368 2133 ·
380 2118 426 2145 καὶ
442 2117 553 2153 πρώτην
567 2125 600 2151 γε
615 2117 678 2152 ’περὶ
693 2117 742 2152 τῆς
759 2117 812 2143 τῶν
826 2118 902 2144 ὲναν-

117 2166 179 2192 τίων
195 2164 332 2200 τιμωρίας
345 2163 430 2198 λέγει,
441 2163 530 2198 ἥνπερ
544 2160 590 2189 οὖν
608 2162 655 2188 καὶ
669 2163 716 2188 ἐπὶ
727 2162 777 2197 τῆς
795 2171 902 2198 προκει-

954 269 1016 289 cum
1035 262 1132 289 fiducia
1147 262 1230 297 298
1244 262 1332 296 palam
1347 261 1512 296 signiﬁcare.
1528 261 1611 289 Deum
1627 270 1736 298 magno-

954 315 1018 342 pere
1041 307 1210 335 Hierusalem
1242 315 1326 334 causa
1353 307 1434 335 irasci
1463 308 1596 335 adversus
1620 315 1668 335 eos
1693 308 1739 342 qui

954 357 1055 380 tantam
1073 353 1205 381 adversus
1230 353 1303 380 illam
1320 356 1505 380 exercuerunt
1528 353 1717 380 crudelitatem
1732 360 1739 384 ;

953 399 1000 433 qui
1020 399 1163 433 majorem,
1187 406 1268 434 quam
1296 398 1336 425 ira
1357 406 1415 426 mea
1431 399 1549 430 tulisset,
1571 399 1739 433 punitionem

954 444 1077 471 iecerunt
1091 444 1222 472 adversus
1236 444 1384 472 lsraelitas.
1401 444 1502 471 Ilorum
1515 445 1606 478 itaque
1617 444 1738 470 omnium

953 496 1037 516 causa
1056 489 1168 516 multam
1181 497 1340 524 expromam
1359 497 1424 524 erga
1443 488 1610 516 Hierusalem
1632 488 1739 516 iniseri-

954 536 1075 562 cordiam
1091 545 1097 561 :
1118 536 1156 563 ita
1172 541 1202 563 ut
1214 536 1312 563 domus
1327 543 1436 570 quoque
1452 543 1522 567 mea,
1536 543 1597 569 quae
1614 535 1669 561 illic
1686 539 1738 567 est,

953 583 1112 606 consuetam
1127 580 1355 607 convenientibus
1369 580 1396 606 in
1409 587 1440 606 ea
1453 580 1596 606 utilitatem
1609 579 1738 613 praebeat,

953 628 979 651 et
993 625 1058 652 urbs
1076 624 1246 652 Hierusalem
1264 625 1354 659 majus
1367 625 1456 652 adhuc
1470 625 1588 659 spatium
1604 625 1639 651 sit
1654 632 1738 651 oecu-

953 675 1060 704 patura.
1076 675 1243 704 castermque.
1256 675 1285 697 ut
1297 672 1452 698 summatim
1467 671 1566 703 diram,
1577 671 1601 697 ei
1610 670 1739 705 subjecta!

954 715 1036 742 urbes
1053 716 1078 742 in
1093 717 1177 743 tnulta
1195 725 1284 744 rerum
1297 717 1374 751 copia
1387 717 1484 744 futurae
1499 717 1564 744 sint.
1576 716 1654 744 Tunc
1664 717 1738 743 enim

953 762 1065 789 multam
1089 763 1224 790 exhibebo
1247 762 1308 789 urbi
1329 761 1498 790 Hierusalem
1521 762 1737 796 benignitatem:

953 807 1054 842 quippe
1070 807 1177 835 decrevi
1190 808 1257 835 nihil
1272 815 1326 834 non
1340 807 1404 834 boni
1421 807 1484 834 huic
1500 807 1588 834 facere
1608 807 1633 834 in
1651 811 1739 841 poste-

954 861 1024 882 rum.
1041 861 1090 880 nec
1106 861 1159 880 non
1173 853 1280 880 ueteris
1304 853 1336 880 ad
1357 861 1416 880 eam
1435 852 1646 887 pertinentibus.
1673 851 1738 878 Sine

953 898 1036 925 dubio
1058 902 1159 929 autem,
1182 906 1244 925 cum
1269 906 1300 926 se
1320 898 1402 925 irasci
1419 898 1486 925 dicit
1509 898 1646 933 gentibus,
1679 906 1738 932 qua:

953 942 1120 971 Hierusalem
1145 943 1282 971 hostiliter
1303 944 1470 975 invaserant,
1494 942 1538 969 cui
1555 949 1606 977 ego
1631 942 1738 970 modice

953 989 1038 1016 iratus
1060 996 1146 1020 eram,
1169 989 1233 1024 ipsa:
1255 994 1345 1016 autem
1368 989 1512 1016 scelestam
1533 989 1737 1023 aggressionem

953 1034 1084 1066 fecerant,
1105 1035 1139 1062 de
1158 1034 1313 1070 Babyloniis
1331 1034 1452 1069 loquitur
1476 1034 1523 1069 qui
1549 1034 1634 1068 ipsam
1654 1034 1738 1066 depo-

953 1080 1037 1115 pulati
1055 1079 1173 1113 fuerant,
1196 1080 1284 1114 deque
1296 1079 1358 1106 aliis
1373 1079 1419 1114 qui
1439 1080 1506 1106 socii
1528 1079 1590 1105 belli
1607 1078 1667 1112 ejus
1679 1079 1739 1106 fue~

953 1128 1036 1157 runt;
1052 1129 1079 1152 et
1090 1125 1291 1159 impendentem
1307 1124 1361 1151 illis
1377 1130 1485 1158 ptrnam
1495 1123 1537 1150 his
1548 1123 1638 1150 verbis
1653 1122 1737 1157 signi-

953 1170 1026 1197 ﬁcat.
1043 1169 1115 1196 Sane.
1127 1170 1184 1204 jam
1197 1176 1293 1204 ptenas
1304 1170 1413 1196 luerant
1423 1169 1575 1204 Babylonii,
1587 1175 1738 1202 eorumque

953 1222 1065 1249 regnum
1081 1218 1236 1247 corruerat,
1261 1218 1288 1241 et
1302 1214 1367 1242 urbs
1382 1221 1397 1241 a
1412 1213 1484 1249 Cyro
1504 1213 1649 1240 Persarum
1675 1220 1738 1247 rege

952 1264 1085 1295 occupata
1119 1260 1216 1287 fuerat.
1250 1259 1359 1287 ldnmtei
1389 1267 1498 1294 quoque
1527 1258 1737 1293 Babyloniorum

953 1305 1092 1339 adjutores
1110 1305 1264 1339 reliquique
1279 1312 1374 1332 omnes
1395 1304 1482 1339 puniti
1500 1303 1619 1330 fuerant.
1635 1303 1738 1335 Quam-

953 1350 1047 1376 obrem
1072 1353 1184 1384 apparet
1209 1349 1275 1376 illud
1288 1350 1361 1384 quod
1376 1357 1426 1377 nos
1443 1349 1470 1376 in
1486 1353 1647 1384 argumento
1659 1355 1736 1375 com-

952 1395 1080 1421 mentarii
1099 1394 1236 1428 1diximus,
1264 1394 1364 1421 multas
1386 1393 1431 1420 hic
1451 1400 1496 1420 res
1512 1393 1657 1420 memorari
1677 1400 1738 1427 quae

951 1439 1006 1474 jam
1025 1444 1182 1472 evenerant,
1198 1447 1322 1475 quasque
1341 1440 1399 1467 suis
1423 1438 1653 1474 promissionibus
1670 1446 1737 1465 con-

954 1486 1043 1512 tirmat
1055 1486 1144 1513 Dens:
1161 1485 1204 1512 his
1222 1486 1295 1512 enim
1313 1492 1478 1520 magnopere
1498 1484 1656 1519 indigebant
1673 1488 1738 1511 tunc

954 1530 1093 1562 Israelita.
1108 1532 1155 1565 qui
1168 1531 1249 1558 etiam
1267 1535 1329 1566 post
1342 1530 1459 1558 reditum
1471 1529 1505 1557 de
1520 1530 1608 1557 salute
1625 1537 1674 1557 sua
1687 1529 1738 1556 du-

954 1577 1077 1604 bitabant
1087 1586 1094 1603 z
1105 1577 1141 1603 ita
1153 1581 1183 1603 ut
1193 1585 1226 1603 ne
1235 1576 1328 1611 templi
1337 1576 1448 1611 quidem
1458 1575 1643 1606 a'diticationi,
1655 1582 1737 1610 quam

953 1627 1104 1657 cmperant,
1119 1623 1200 1650 ﬁnem
1215 1623 1355 1656 imponere
1365 1622 1547 1652 curavissent.
1559 1621 1616 1648 sive
1627 1624 1738 1655 propter

953 1669 1175 1697 adversariorum
1188 1668 1351 1700 molestiam.
1364 1668 1420 1695 sive
1435 1671 1545 1702 propter
1560 1667 1738 1701 ipsorummet

954 1716 1107 1750 segnitiem,
1128 1715 1162 1742 ab
1177 1715 1297 1742 hostium
1313 1714 1416 1740 malitia
1441 1717 1470 1740 ut
1485 1712 1616 1740 credibile
1630 1716 1673 1739 est
1688 1719 1738 1739 au-

953 1764 1036 1788 ctam.
1061 1759 1254 1787 Verumtamen
1272 1759 1327 1787 duo
1347 1760 1403 1786 haac
1416 1767 1448 1786 ex
1469 1759 1637 1786 revelatione
1657 1758 1734 1785 inno-

953 1805 1040 1831 tuisse
1058 1805 1106 1836 ait.
1125 1804 1196 1839 quod
1208 1803 1314 1831 Iudaici
1326 1805 1416 1839 populi
1428 1803 1578 1831 otl‘ensores
1592 1804 1737 1837 puniturus

953 1850 988 1876 sit
1003 1849 1085 1882 Deus,
1105 1854 1132 1876 et
1151 1849 1224 1884 quod
1243 1849 1336 1876 urbem
1356 1848 1524 1876 Hierusalem
1540 1849 1568 1875 in
1595 1847 1736 1882 pristinam

953 1894 1110 1921 felicitatem
1127 1895 1318 1921 restituturus.

988 1939 1070 1966 Vens.
1089 1939 1181 1966 18-21.
1195 1939 1320 1966 Jamvero
1333 1938 1365 1965 ad
1379 1938 1521 1972 utriusque
1538 1937 1576 1964 rei
1591 1936 1738 1964 conﬁrma-

952 1984 1064 2015 tionem.
1082 1984 1150 2011 duas
1169 1985 1237 2011 alias
1260 1984 1387 2018 posthinc
1410 1983 1523 2016 exponit
1544 1982 1735 2013 revelationes,

952 2029 1034 2064 299
1046 2037 1114 2064 quas
1122 2037 1184 2056 cum
1196 2030 1254 2064 ipse
1269 2029 1392 2061 vidisset,
1403 2029 1507 2056 ﬁrmam
1516 2029 1589 2056 circa
1599 2037 1641 2056 res
1649 2028 1736 2056 dictas

953 2076 1030 2102 [idem
1042 2076 1184 2108 retinebat,
1193 2080 1217 2102 et
1229 2075 1328 2110 populo
1337 2076 1465 2102 universo
1477 2079 1506 2101 ut
1518 2075 1586 2102 idem
1596 2074 1735 2102 existima-

953 2126 993 2149 ret
1004 2121 1144 2149 suadebat.
1155 2120 1276 2148 Priorem
1296 2121 1405 2155 quidem
1416 2121 1450 2148 de
1460 2121 1677 2147 adversariorum
1687 2127 1736 2154 pu-

951 2167 1056 2194 nitione
1066 2167 1172 2199 recitat,
1182 2174 1263 2201 quam
1273 2167 1353 2193 etiam
1373 2166 1400 2192 in
1416 2166 1555 2200 superiore
1572 2165 1736 2193 revelatione

119 2211 201 2246 μένης
217 2209 416 2244 ἀποκαλύψεως
431 2209 566 2244 προτέραν
577 2207 662 2234 εἶπεν.
682 2218 691 2234 ι
704 2209 758 2234 Καὶ
772 2206 827 2244 ἦρα
840 2209 901 2240 τοὺς

954 2212 1069 2248 primam
1096 2216 1234 2246 posuerat.
1253 2221 1261 2237 ι
1274 2213 1307 2239 Ει
1331 2212 1415 2239 levavi
1427 2212 1521 2239 oculos
1537 2218 1623 2242 meos,
1635 2215 1663 2238 et
1680 2210 1735 2237 vidi

117 2256 272 2291 ὀφθαλμούς
287 2263 338 2290 μου
353 2254 398 2281 καί
413 2251 481 2280 εἶδον
496 2254 615 2289 τέσσαρα
630 2253 734 2288 κέρατα
745 2261 752 2267 ·
769 2253 816 2279 καὶ
828 2251 903 2279 εἷπον

118 2302 183 2337 πρὸς
206 2302 253 2327 τὸν
284 2300 398 2334 ἄγγελον
422 2299 468 2326 τὸν
486 2298 617 2325 λαλοῦντα
636 2299 664 2325 ἑν
691 2299 770 2333 ἐμοὶ,
796 2298 829 2324 Τί
845 2299 903 2325 ἐστι

117 2348 211 2379 ταῦτα,
229 2346 335 2381 Κύριε;
351 2345 406 2371 Καὶ
420 2342 479 2371 εἶπε
495 2344 563 2378 πρὸς
579 2352 612 2378 με
625 2352 631 2359 ·
650 2343 741 2370 Ταῦτα
755 2343 789 2370 τὰ
801 2344 903 2378 κέρατα

119 2393 150 2418 τὰ
172 2391 404 2426 διασκορπίσαντα
417 2390 462 2416 τὸν
482 2389 581 2416 Ἰούδαν
597 2390 644 2416 καὶ
668 2389 713 2415 τὸν
736 2389 842 2424 Ἰσραὴλ
857 2389 903 2415 καὶ

117 2437 164 2471 τὴν
185 2436 375 2472 Ἰερουσαλήμ.
393 2435 447 2461 Καὶ
465 2434 550 2467 ἔδειξε
578 2442 622 2468 μοι
644 2433 745 2469 Κύριος
768 2434 903 2468 τέσσαρας

118 2482 244 2511 τέκτονας
257 2490 263 2495 ν
283 2481 330 2507 καί
344 2477 432 2512 εἶπον,
447 2480 478 2506 Τί
487 2475 560 2506 οὗτοι
575 2479 698 2514 ἔρχονται
713 2478 834 2513 ποιῆσαι,
848 2478 903 2505 Κύ-

120 2535 177 2562 ριε;
194 2527 249 2552 Καὶ
265 2524 336 2558 εἶπε,
349 2525 440 2551 Ταῦτα
454 2525 489 2551 τὰ
506 2524 610 2559 κέρατα
627 2524 660 2550 τὰ
675 2524 904 2559 διασκορπίσαντα

118 2574 161 2600 τὸν
182 2573 284 2600 Ἰούδαν
306 2573 352 2598 καὶ
371 2572 415 2598 τὴν
433 2571 557 2606 Ἰσραὴλ,
578 2571 624 2597 καὶ
642 2570 776 2603 κατέαξαν
794 2570 841 2596 καὶ
855 2570 902 2596 οὐ-

118 2618 170 2649 δεὶς
185 2618 277 2644 αὐτῶν
289 2615 356 2652 ἦρεν
371 2617 492 2652 κεφαλήν
504 2625 511 2632 ·
530 2616 568 2651 (p.
583 2616 646 2650 £52)
664 2616 712 2642 καὶ
730 2614 840 2650 ἐξῆλθον
854 2615 903 2641 αὐ-

119 2665 158 2690 τοὶ
171 2663 218 2690 τοῦ
245 2663 338 2696 ὀξῦναι
355 2662 423 2689 αὐτὰ
439 2664 478 2694 είς
497 2664 592 2697 χεῖρας
615 2661 717 2688 αὐτῶν·
734 2662 767 2688 τὰ
780 2661 902 2696 τέσσαρα

120 2710 220 2743 κέρατα
233 2709 269 2735 τὰ
293 2707 356 2743 ἔθνη
378 2708 412 2734 τὰ
433 2707 601 2742 ἐπαιρόμενα
620 2707 705 2742 κέρας
726 2707 772 2733 ἐπὶ
786 2707 835 2742 τὴν
850 2707 901 2741 γῆν

120 2753 230 2789 Κυρίου,
246 2752 297 2780 τοῦ
311 2753 499 2788 διασκορπίσαι
519 2753 613 2787 αὑτήν.
624 2762 633 2777 ι
651 2753 681 2778 Οἱ
698 2752 747 2787 μὲν
758 2750 804 2778 οὖν
822 2752 902 2788 μυθο-

120 2798 206 2832 λογεῖν
223 2799 363 2829 ἐθέλοντες
374 2817 382 2829 ,
393 2798 512 2833 τέσσαρα
523 2797 627 2832 κέρατα
642 2797 686 2824 τὸν
702 2797 842 2833 Ἀσσύριον
854 2799 901 2823 καὶ

121 2843 164 2871 τὸν
183 2843 352 2870 Βαϐυλώνιον
363 2844 405 2870 τόν
417 2852 444 2870 τε
464 2843 554 2878 Μῆδον
565 2843 611 2869 καὶ
625 2843 669 2869 τὸν
684 2843 791 2877 Πέρσην
807 2843 898 2876 φασίν.

954 2262 1071 2292 quatuor
1097 2265 1210 2284 cornua.
1231 2256 1263 2284 Et
1281 2256 1335 2283 dixi
1359 2257 1456 2291 angelo
1476 2257 1503 2283 in
1529 2263 1571 2283 me
1596 2255 1732 2290 loquenti:

954 2303 1024 2336 Quid
1043 2306 1108 2329 sunt
1121 2303 1188 2334 haec.
1206 2301 1337 2329 Domine?
1358 2301 1484 2336 Dixitque
1495 2301 1577 2328 mihi:
1592 2301 1655 2328 Haec
1670 2306 1734 2328 sunt

953 2354 1066 2378 cornua,
1080 2354 1140 2380 qua:
1153 2346 1340 2381 disperserunt
1353 2345 1450 2373 Judam
1465 2349 1491 2372 et
1510 2344 1635 2373 lsraelem
1652 2349 1734 2380 atque

953 2392 1133 2420 Hierusalem.
1166 2391 1200 2419 Et
1228 2393 1347 2420 ostendit
1373 2392 1439 2419 mihi
1465 2391 1594 2419 Dominus
1618 2396 1735 2427 quatuor

953 2439 1057 2466 fabros.
1077 2438 1109 2465 Et
1126 2438 1179 2465 diri
1195 2446 1201 2465 :
1217 2438 1286 2471 Quid
1302 2438 1346 2465 isti
1360 2438 1472 2465 veniunt
1486 2437 1586 2469 facere,
1605 2437 1735 2465 Domine?

953 2482 985 2510 Et
1002 2483 1090 2510 dixit:
1119 2482 1180 2510 Haec
1195 2487 1260 2510 sunt
1282 2490 1385 2509 cornua
1401 2486 1461 2516 quae
1480 2482 1669 2517 disperserunt
1683 2482 1733 2509 ,ιυ-

952 2527 1026 2559 dam,
1040 2531 1121 2562 atque
1137 2527 1262 2554 lsraelem
1274 2527 1476 2561 confregerunt,
1489 2531 1516 2554 et
1531 2534 1610 2553 nemo
1626 2527 1733 2554 illorum

953 2572 1051 2599 levavit
1075 2577 1173 2606 caput:
1202 2576 1229 2599 et
1245 2572 1372 2599 exierunt
1392 2571 1435 2599 isti
1460 2571 1492 2598 ad
1512 2579 1543 2599 ea
1560 2572 1681 2598 acuenda
1705 2571 1733 2598 in

953 2616 1080 2643 manibus
1100 2616 1168 2643 suis.
1190 2616 1313 2648 Quatuor
1333 2623 1447 2648 cornua,
1473 2619 1567 2649 gentes
1592 2619 1655 2642 sunt
1675 2622 1734 2648 qua

953 2670 1038 2689 cornu
1053 2662 1208 2688 extulerunt
1225 2669 1307 2696 super
1322 2665 1421 2688 terram
1441 2660 1546 2687 Domini
1560 2664 1590 2687 ut
1605 2667 1665 2687 eam
1677 2660 1734 2687 dis-

952 2707 1105 2743 perderent.
1116 2716 1125 2732 ι
1147 2706 1198 2740 Qui
1222 2714 1286 2742 ergo
1300 2706 1407 2733 fabulas
1427 2711 1533 2733 nectere
1548 2706 1651 2738 volunt,
1664 2713 1734 2740 qua-

952 2757 1014 2780 tuor
1039 2760 1142 2779 cornua
1161 2753 1255 2779 dicunt
1276 2759 1337 2779 esse
1362 2752 1514 2786 Assyrium,
1543 2750 1732 2791 Babylonium,

952 2798 1071 2829 Medum,
1096 2805 1126 2824 ac
1152 2797 1280 2824 Persam:
1308 2797 1481 2824 considerare
1501 2797 1573 2823 enim
1598 2796 1733 2826 nolentes,

952 2851 1022 2878 smpe
1045 2851 1187 2870 numerum
1210 2851 1224 2869 ιι
1243 2842 1332 2870 divina
1351 2842 1492 2873 Scriptura
1517 2841 1588 2868 baud
1606 2845 1733 2868 accurate
