1969 3069
252 163 305 190 515

835 159 1010 187 ΤιιΕουοιιι
1037 157 1277 186 MOPSUESTENI

1825 159 1879 185 5H3

255 220 360 247 numeri
369 226 449 246 causa
459 219 523 251 dici,
533 219 580 247 sed
588 219 623 247 ob
633 219 704 246 aliud
714 217 1038 253 aliquidsigniﬁcandum,

1092 217 1126 243 Οὺ
1147 216 1199 252 γὰρ
1222 217 1364 252 προσέχειν
1379 215 1530 247 ἐθέλοντες,
1547 215 1588 242 ὃτι
1604 214 1734 246 πολλάκις
1755 214 1800 241 τὸν
1815 215 1863 249 ἀρι

255 266 450 301 appellationes
480 273 594 292 numero
621 264 828 292 accommodare
857 262 1038 295 contendunt;

255 312 433 346 quamobrem
454 317 539 339 vanas
553 310 659 337 fabulas
681 311 881 343 consequenter
903 308 979 342 sequi
995 315 1041 334 co-

254 361 364 391 guntur,
378 361 407 383 ut
419 365 498 383 suum
508 357 599 383 [ictum
609 359 794 382 commentum
804 355 955 381 instruant:
969 352 1039 387 quod

254 411 315 429 cum
333 410 404 436 stupe
426 402 489 428 alibi
513 402 585 436 passi
606 406 680 432 sttnt,
712 405 768 427 tum
791 400 818 427 in
833 400 904 426 beati
923 399 1041 425 hlichmae

254 448 395 483 prophetia
412 448 536 478 dicentis,
559 451 788 474 consurrecturos
806 446 943 472 adversus
956 447 1039 480 Assy-

255 495 324 520 rium
341 499 442 528 septum
467 498 601 528 pastores,
625 497 651 520 et
668 497 731 520 octo
754 493 894 519 hominum
912 499 1037 518 morsus:

255 545 357 574 septem
385 539 494 573 quidem
522 539 656 571 homines,
684 543 827 572 pastores;
862 542 924 564 octo
950 543 1038 564 autem

254 584 389 615 homines,
406 592 514 611 morsus
528 591 671 610 nunterarc
685 584 826 610 studentes
836 583 874 616 ";
890 583 962 617 quod
976 590 1039 609 cutn

255 628 368 662 faciunt,
385 629 467 655 multa
481 629 538 655 risu
552 629 633 663 digna
645 630 678 655 ob
694 629 765 655 hanc
780 636 890 655 causam
903 633 1041 662 coguntur

254 675 354 701 dicere.
380 675 437 700 Pari
456 675 537 701 modo
561 675 606 700 hic
622 681 730 708 quoque
747 678 865 708 quatuor
883 681 984 700 cornua
999 674 1040 700 (li-

255 724 322 747 cunt
337 728 397 746 esse
414 728 483 754 quas
496 720 698 746 nominavimus
714 723 826 754 gentes:
847 727 899 746 non
916 722 1041 754 reputan-

254 768 306 796 tes,
335 765 405 798 quod
428 764 532 798 jamdiu
552 764 681 799 Assyrius
705 771 736 790 ac
764 763 928 798 Babylonius
943 770 1039 797 pmnas

254 808 403 840 dederant;
421 808 489 834 Medi
504 813 593 834 autem
610 815 624 833 a
635 808 707 843 Cyro
718 807 798 834 deleti
815 808 937 839 fuerant;
951 806 1040 833 Persa:

255 854 372 887 denique
403 853 470 880 nihil
495 854 558 880 mali
579 861 698 887 unquam
726 853 855 879 lsraelitis
881 853 1037 884 intulerant,

256 899 310 925 imo
323 900 413 933 potius
429 899 586 933 captivitate
603 906 649 925 eos
663 898 834 924 dimiserant.

1090 262 1158 297 θμδν
1174 263 1190 297 ἡ
1202 262 1262 288 θεία
1275 261 1370 297 Γραφὴ
1382 261 1432 288 οὐκ
1446 260 1563 296 ἀριθμοῦ
1579 269 1611 294 γε
1626 260 1720 287 ἕνεκεν
1733 260 1880 296 ἀκριϐολο-

1089 308 1208 342 γουμένη
1223 307 1307 341 λέγει,
1322 307 1369 333 ὲπὶ
1382 305 1495 341 δηλώσει
1509 306 1537 332 δὲ
1551 306 1643 341 ἑτέρου
1661 306 1742 337 τινὸς,
1761 306 1879 340 φιλονει-

1090 353 1167 379 κοῦσι
1185 353 1233 388 μὲν
1255 353 1418 388 ἐφαρμόζειν
1435 352 1581 387 ὀνομασίας
1597 352 1637 386 τῷ
1650 352 1758 387 ἀριθμῷ
1770 360 1777 366 ”
1794 351 1879 387 μυθο-

1090 399 1177 432 λογεῖν
1191 399 1218 425 δὲ
1231 399 1267 430 ὡς
1278 399 1351 430 εἰκὸς
1363 397 1562 432 ἀναγκάζονται
1576 399 1615 429 εἰς
1628 398 1676 432 τὴν
1688 398 1741 424 τῶν
1753 397 1880 432 πλασμάο

1089 453 1143 471 των
1160 445 1311 480 συνθήκην·
1327 445 1395 479 ὅπερ
1416 443 1462 471 οὖν
1478 444 1610 479 πολλαχοῦ
1628 445 1675 478 μὲν
1696 444 1743 470 καὶ
1763 443 1879 478 ἑτέρωθι

1091 490 1255 522 πεπόνθασι,
1271 491 1318 516 καὶ
1339 491 1391 525 μὴν
1408 491 1455 517 καὶ
1479 491 1525 516 ἐπὶ
1539 490 1588 523 τῆς
1608 489 1655 516 τοῦ
1670 489 1805 524 μακαρίου
1822 490 1878 515 Μι-

1090 536 1167 571 χαίου
1184 536 1351 571 προφητείας
1369 536 1494 569 λέγοντος
1508 535 1549 561 ὃτι
1560 555 1567 567 ,
1587 544 1596 560 ι
1607 533 1816 569 Ἑγερθήσονται
1831 534 1879 560 ἐπὶ

1089 580 1134 606 τὸν
1156 579 1297 615 Ἀσσύριον
1309 580 1378 606 ἑπτὰ
1393 580 1522 615 ποιμένες
1536 581 1583 606 καὶ
1601 579 1673 606 ὀκτὼ
1689 579 1814 614 δήγματα
1830 579 1879 605 ἀν-

1090 624 1206 659 θρώπων
1216 633 1222 639 ·
1237 634 1246 650 ι
1258 624 1327 651 ἑπτὰ
1340 625 1387 659 μὲν
1401 624 1560 660 ἀνθρώπους
1570 625 1633 655 τοὺς
1647 624 1778 659 ποιμένας
1787 643 1794 654 ,
1804 623 1879 650 όκτω

1089 670 1116 696 δὲ
1136 669 1294 705 ἀνθρώπους
1313 671 1347 696 τὰ
1367 670 1492 705 δήγματα
1514 670 1638 706 ἀριθμεῖν
1664 669 1879 704 φιλονεικοῦντες

1090 715 1304 751 ἀναγκαζόμενοί
1327 725 1355 743 τε
1378 717 1422 743 διὰ
1440 716 1542 751 ταύτην
1567 716 1615 752 τὴν
1637 716 1725 742 αἰτίαν
1749 716 1878 742 πλείστου

1090 761 1206 794 γέλωτος
1220 762 1281 795 ἄξια
1295 762 1395 795 λέγειν.
1414 763 1466 788 Τὸν
1478 762 1558 788 αὐτὸν
1577 762 1605 788 δὲ
1620 762 1720 797 τρόπον
1737 760 1878 787 κάνταῦθα

1089 808 1209 842 τέσσαρα
1231 809 1334 844 κέρατά
1351 817 1417 841 φασι
1429 809 1492 839 τοὺς
1506 808 1709 843 προρῤηθέντας
1723 809 1789 842 ἡμῖν
1801 816 1808 821 ·
1827 807 1878 833 οὐκ

1091 852 1242 884 ἐννοοῦντες
1253 853 1294 879 ὅτι
1313 853 1397 879 πάλαι
1421 853 1469 888 μὲν
1484 853 1497 878 ὸ
1525 853 1662 888 ’Λσσύριός
1675 862 1703 879 τε
1722 853 1769 879 καὶ
1790 853 1804 879 ὁ
1824 853 1879 878 Βα-

1057 891 1077 918 Β
1093 898 1221 930 ὃυλώνιος
1236 898 1386 925 δεδώκεσαν
1401 899 1492 930 δίκας⁶
1512 899 1598 933 Μῆδοι
1613 899 1641 925 δὲ
1656 899 1708 924 ὑπὸ
1722 898 1813 933 Κύρου
1827 906 1879 924 κα-

254 945 386 981 θῄρηντο·
399 945 502 980 Πέρσαι
521 944 549 970 δὲ
574 945 649 971 οὐδὲν
669 944 767 976 αὐτοὺς
790 943 916 975 καθάπαξ
941 944 1100 979 ἠδικηκότες
1121 946 1302 980 εὑρίσκονται,
1324 946 1476 972 τούναντίον
1506 946 1555 980 μὲν
1570 944 1617 973 οὖν
1645 946 1692 972 καὶ
1710 947 1759 980 τῆς
1777 947 1832 979 αἱχς
1847 953 1879 972 α-

253 991 353 1023 λωσίας
368 991 492 1024 ἀφέντες.

287 1037 369 1071 300
379 1036 470 1063 Divina
486 1036 569 1070 igitur
585 1035 725 1070 Scriptura
740 1039 858 1070 quatuor
870 1043 972 1062 cornua
985 1043 1037 1062 non

252 1082 360 1116 aliquos
377 1081 537 1108 nominatint
554 1081 678 1108 homines
692 1081 776 1113 dicit;
794 1080 841 1108 sed
854 1081 917 1115 quia
931 1081 957 1107 in
973 1088 1041 1115 qua-

252 1133 315 1154 tuor
332 1131 424 1162 partes
441 1126 619 1153 distributum
637 1126 732 1153 orbem
749 1125 879 1157 dicimus,
898 1126 1039 1156 orientem,

251 1179 391 1203 occasum,
409 1172 635 1206 septentrionem.
656 1178 688 1197 ac
705 1170 856 1203 meridiem,
874 1178 1040 1198 commemo-

252 1221 295 1244 rat
311 1225 381 1252 sa‘pe
396 1217 453 1243 haec
470 1217 591 1247 climata,
607 1219 637 1242 ut
657 1222 718 1250 qua!
738 1216 829 1242 uutltis
845 1215 872 1241 in
891 1215 958 1242 locis
974 1215 1041 1241 ﬁunt

252 1263 385 1297 designet.
395 1262 554 1289 Veluticum
565 1261 738 1288 dicitbeatus
753 1260 837 1288 David
851 1260 883 1287 dc
893 1260 1039 1287 lsraelilis:

255 1318 265 1334 ι
280 1309 374 1335 Dicant
387 1307 517 1342 redempti
533 1314 548 1333 a
564 1306 689 1337 Domino,
699 1314 768 1340 qttos
786 1305 901 1332 redemit
910 1305 943 1332 de
959 1313 1040 1331 manu

252 1353 367 1385 iuimit‘i,
379 1357 405 1380 et
422 1353 456 1379 de
470 1352 627 1387 regionibus
641 1351 815 1387 congregavit
831 1359 890 1382 eos,
907 1351 941 1377 ab
953 1351 1041 1377 orien-

252 1402 288 1429 te,
305 1399 338 1423 ab
353 1405 463 1428 occasu,
480 1404 494 1423 a
515 1397 608 1429 borea,
624 1401 651 1424 et
671 1404 685 1423 a
707 1397 774 1423 mari
789 1395 825 1423 ".
844 1405 853 1421 ι
873 1396 955 1430 Atqui
973 1403 1039 1422 cou-

253 1448 317 1473 stat.
339 1443 409 1477 quod
429 1450 600 1477 nequaquam
619 1449 667 1476 per
681 1445 799 1476 quatuor
818 1442 893 1468 orbis
911 1441 1041 1468 terminos

253 1489 393 1523 dispersos
411 1487 549 1515 lsraelitas
566 1487 740 1522 c0ngregavit
756 1486 837 1519 Deus,
859 1487 905 1514 scd
922 1486 973 1514 sub
989 1486 1041 1512 Bu-

252 1533 371 1568 byloniis
405 1532 595 1560 tanltnnmodo
621 1536 703 1567 atque
737 1532 857 1567 Assyriis
884 1533 1041 1559 servitutem

251 1579 403 1606 servientes
432 1579 459 1604 in
489 1577 626 1612 propriam
655 1577 792 1612 regionem
816 1578 945 1604 restituit.
972 1576 1041 1603 Dicit

254 1628 343 1651 autem
363 1623 563 1658 Scripturatab
579 1623 686 1650 oriente
702 1627 729 1650 et
749 1630 848 1649 occasu
870 1628 896 1649 et
916 1623 997 1649 borea
1014 1626 1041 1649 et

1135 1036 1166 1061 Ἦ
1179 1035 1209 1061 δὲ
1223 1035 1282 1060 θεία
1293 1034 1385 1070 Γραςςὴ
1399 1035 1519 1069 τέσσαρα
1533 1034 1635 1069 κέρατα
1646 1034 1675 1060 οὐ
1687 1033 1785 1069 ρητούς
1801 1042 1880 1065 τινας

1091 1080 1249 1116 ἀνθρώπους
1272 1080 1354 1114 λέγει,
1383 1080 1440 1106 ἀλλ’
1455 1079 1551 1116 ἐπειδὴ
1570 1080 1609 1111 εἰς
1625 1079 1747 1113 τέσσαρα
1770 1079 1880 1114 πέρατα

1093 1126 1254 1161 μεμερίσθαι
1269 1126 1318 1160 τὴν
1331 1126 1490 1160 οἰκουμένην
1505 1125 1604 1160 φαμὲν,
1622 1124 1754 1156 ἀνατολάς
1777 1133 1806 1151 τε
1829 1125 1879 1151 καὶ

1091 1171 1194 1206 δυσμὰς
1218 1172 1262 1198 καὶ
1275 1171 1374 1207 ἄρκτον
1390 1171 1436 1197 καὶ
1448 1170 1631 1206 μεσημϐρίαν,
1647 1170 1684 1205 (p.
1699 1171 1760 1202 455)
1776 1170 1880 1205 μέμνη-

1091 1225 1135 1243 ται
1143 1216 1195 1242 τῶν
1207 1215 1345 1250 κλιμάτων
1355 1215 1457 1242 τούτων
1471 1215 1601 1246 πολλάκις
1614 1215 1644 1241 τὸ
1658 1215 1790 1250 πολλαχοῦ
1805 1216 1881 1249 γινό-

1093 1271 1171 1297 μενον
1181 1262 1308 1297 δηλοῦσα·
1327 1262 1364 1294 ὡς
1377 1262 1440 1288 ὅταν
1455 1262 1469 1288 ὁ
1491 1261 1623 1296 μακάριος
1640 1261 1704 1296 λέγῃ
1724 1261 1804 1287 Δαυῖδ
1815 1262 1880 1296 περὶ

1090 1305 1145 1332 τῶν
1164 1306 1352 1341 Ίσραηλιτων·
1369 1315 1377 1330 ι
1395 1305 1557 1331 Είπάτωσαν
1566 1306 1590 1331 οἱ
1615 1305 1813 1340 λελυτρωμὲνυι
1826 1305 1880 1330 ὑπὸ

1092 1352 1207 1387 Κυρίου,
1216 1351 1261 1383 οὒς
1274 1350 1443 1386 ὲλυτρώσατο
1455 1351 1486 1377 ὲκ
1498 1350 1591 1386 χειρὸς
1602 1351 1711 1385 ἐχθροῦ,
1722 1351 1769 1377 καὶ
1781 1351 1813 1377 ὲκ
1825 1351 1879 1376 τῶν

1091 1397 1190 1432 χειρῶν
1205 1397 1356 1431 συνήγαγεν
1369 1396 1477 1427 αὑτοὺς,
1491 1396 1544 1422 ἀπὸ
1559 1395 1694 1422 ἀνατολῶν
1709 1397 1754 1422 καί
1768 1395 1879 1430 δυσμῶν

1093 1444 1139 1470 καὶ
1155 1442 1240 1479 βοῤῥᾶ
1252 1443 1298 1469 καὶ
1313 1442 1458 1476 θαλάσσης.
1471 1452 1479 1467 ι
1490 1441 1606 1477 Εΰδηλον
1618 1442 1672 1477 γὰρ
1685 1443 1725 1469 ὅτι
1738 1443 1786 1468 οὐκ
1795 1443 1834 1473 εἰς
1843 1442 1880 1469 τὰ

1091 1489 1212 1523 τέσσαρα
1238 1489 1342 1523 πέρατα
1364 1489 1413 1523 τῆς
1435 1488 1598 1523 οἰκουμένης
1620 1488 1880 1522 διασκορπισθέντας

1091 1535 1154 1566 τοὺς
1173 1534 1341 1570 Ἰσραηλίτας
1357 1535 1508 1568 συνήγαγεν
1518 1533 1618 1566 όΘεδς,
1635 1533 1686 1559 ὑπὸ
1701 1532 1880 1564 Βαὸυλωνίοις

1091 1580 1120 1607 δὲ
1137 1580 1184 1606 καὶ
1204 1579 1355 1613 ’Δσσυρίοις
1376 1579 1465 1613 μόνοις
1483 1578 1670 1614 αίχμαλώτους
1684 1579 1761 1609 ὄντας
1775 1579 1814 1610 είς
1830 1578 1881 1613 τὴν

1093 1625 1194 1652 οἰκείαν
1209 1625 1365 1660 ἐπανήγαγε
1388 1625 1450 1659 γῆν.
1467 1623 1547 1657 Λέγει
1558 1622 1592 1649 ’δὲ
1610 1624 1626 1658 ὴ
1642 1623 1736 1658 Γραφὴ
1750 1623 1780 1648 τὸ
1798 1632 1806 1647 ι
1825 1623 1881 1649 ἀπὸ

254 1671 380 1701 ηιτιτῐ,ιιιι
396 1671 505 1696 denotet
526 1669 597 1703 quod
616 1668 708 1696 multis
732 1668 800 1695 locis
817 1668 958 1702 dispersos
975 1675 1039 1694 eon-

1092 1670 1226 1696 άνατολῶν
1243 1670 1290 1696 καὶ
1303 1669 1413 1704 δυσμῶν
1429 1669 1475 1695 καὶ
1488 1669 1574 1704 βορῥᾶ
1584 1669 1630 1694 καὶ
1646 1668 1793 1702 θαλάσσης,
1811 1677 1820 1692 ι
1835 1668 1882 1694 ἵνα

253 1716 406 1750 grogaverit
429 1718 510 1749 atque
534 1714 560 1741 itt
587 1714 704 1749 patriam
730 1713 881 1741 reduxerit.
905 1712 951 1739 Sic
976 1721 1041 1747 ergo

254 1761 298 1788 hic
315 1768 422 1795 quoque
441 1764 560 1795 quatuor
575 1767 679 1786 cornua
696 1759 773 1791 dicit,
801 1765 830 1786 ιιι
845 1758 968 1793 designet
994 1767 1042 1791 pu-

253 1807 333 1842 puios
349 1806 531 1837 undecunque
552 1804 682 1831 lsraelitis
700 1804 835 1831 hostiliter
847 1804 1042 1837 supervenien-

253 1855 306 1880 tes,
327 1854 354 1876 οι
371 1850 534 1876 omnimodis
547 1849 588 1876 eis
605 1856 704 1876 nocere
719 1849 852 1875 volentes.
873 1848 930 1875 sive
946 1848 972 1874 Ιιὶ
989 1847 1042 1875 As-

254 1895 319 1930 syrii
337 1895 513 1925 fuerint,sive
529 1893 681 1928 Babylonii,
698 1893 754 1920 sive
768 1893 888 1923 Idumaei.
901 1893 958 1920 sive
966 1893 1041 1919 Moa-

251 1941 333 1971 bitae,
353 1940 410 1967 sive
438 1940 526 1966 (ueteri
546 1939 667 1972 ﬁnitimi,
687 1939 743 1966 sive
760 1939 877 1973 denique
896 1938 941 1964 alii
960 1938 1041 1972 quili-

254 1987 307 2013 bet.
327 1986 362 2012 Ea
380 1990 489 2020 propter
503 1989 621 2019 quatuor
641 1985 722 2011 etiam
744 1984 835 2011 fabros
850 1985 932 2016 videt,
948 1989 977 2011 ut
991 1985 1041 2011 mi-

253 2032 427 2058 nistratorias
443 2033 592 2065 potestates
615 2030 697 2063 dicat,
723 2030 803 2064 quasi
822 2030 907 2057 variis
921 2037 954 2056 ex
974 2030 1041 2057 locis

254 2077 387 2111 supplicia
400 2077 433 2102 iis
451 2076 558 2110 populis
570 2076 748 2108 adducentes,
764 2076 828 2103 dum
843 2075 1040 2110 singulaejnxta

254 2123 302 2150 Dei
320 2123 458 2149 decretutn
477 2122 511 2148 ab
531 2121 584 2148 iilis
603 2129 698 2156 poenas
722 2126 879 2155 reposcunt.
903 2120 962 2148 Jatn
980 2129 1042 2148 cor-

256 2175 309 2196 nua
318 2165 558 2200 coxacueretdixtt,
568 2174 628 2200 pro,
641 2166 687 2192 illa
702 2171 861 2197 extenuare,
874 2170 954 2201 atque
967 2166 1041 2193 omni

254 2217 402 2249 asperitate
417 2213 553 2247 spoliare;
572 2211 599 2238 id
616 2217 658 2239 est
674 2212 756 2244 vires,
774 2212 874 2246 quibus
890 2212 907 2238 ii
931 2219 1040 2246 aggres-

255 2267 332 2287 sores
348 2257 451 2286 suﬂ'ulli
468 2261 557 2288 erant,
576 2257 690 2291 eripere.
709 2257 855 2292 Postquam
873 2257 922 2284 hac
939 2257 1042 2284 revela-

255 2306 330 2332 tione
355 2298 463 2338 pmnani
488 2303 672 2330 oli'ensoribus
696 2303 879 2330 Israelitarum
897 2303 1040 2337 imponen-

1092 1716 1155 1752 εἴπῃ
1172 1716 1211 1742 ὃτι
1233 1716 1296 1747 τοὺς
1319 1714 1461 1750 πολλαχόθι
1483 1714 1697 1749 διεσπαρμένους
1721 1713 1832 1749 ἦθροισέ
1849 1722 1880 1740 τε

1092 1761 1139 1787 καὶ
1162 1761 1334 1796 ἐπανήγαγεν
1358 1761 1399 1790 είς
1420 1759 1454 1785 τὰ
1472 1761 1568 1787 οἰκεῖα,
1597 1759 1690 1790 Οὕτως
1705 1757 1752 1785 οὖν
1770 1759 1818 1785 καὶ
1835 1758 1875 1785 ἐν·

1090 1806 1178 1833 ταῦθα
1191 1806 1312 1841 τέσσαρα
1322 1806 1425 1841 κέρατα
1441 1805 1524 1839 λέγει,
1542 1806 1585 1832 ἴνα
1601 1805 1664 1840 εἴπῃ
1676 1805 1738 1835 τοὺς
1749 1803 1882 1839 πολλαχὸ-

1092 1850 1138 1877 θεν
1148 1850 1239 1881 αὐτοῖς
1252 1850 1450 1884 ὲπεληλυθότας
1463 1850 1509 1875 καὶ
1519 1849 1652 1880 παντοίως
1667 1848 1765 1878 αὐτοὺς
1779 1847 1881 1882 βλάψαι

1092 1894 1280 1930 βουληθέντας,
1294 1893 1348 1920 εἴτε
1376 1893 1531 1929 Ἀσσυρίους
1547 1893 1600 1919 είτε
1621 1891 1804 1923 Βαϐυλωνίους
1824 1891 1882 1918 εἴτε

1098 1941 1277 1975 Ἰδουμαίους,
1305 1940 1321 1974 ἦ
1349 1939 1493 1970 Μωαϐίτας
1515 1939 1531 1974 ἦ
1554 1939 1599 1965 καὶ
1621 1939 1682 1970 τοὺς
1700 1938 1810 1969 λοιποὺς
1834 1947 1885 1964 πε-

1093 1986 1221 2021 ριοίκους,
1245 1985 1293 2012 εἷθ’
1321 1985 1447 2016 οὕστινας
1465 1985 1562 2019 δήποτε
1586 1985 1705 2019 ἑτέρους.
1731 1984 1780 2010 Διὰ
1800 1983 1882 2010 τοῦτο

1091 2030 1139 2056 καὶ
1155 2029 1283 2061 τέκτονας
1292 2030 1425 2065 τέσσαρας
1445 2029 1548 2065 βλέπει,
1561 2031 1604 2056 ἵνα
1619 2030 1683 2066 εἴπῃ
1699 2030 1747 2061 τὰς
1763 2029 1878 2064 λειτουρ-

1091 2075 1172 2108 γικὰς
1190 2074 1328 2109 δυνάμεις,
1344 2074 1381 2105 ὡς
1396 2074 1559 2109 πολλαχόθεν
1575 2075 1667 2105 αὐτοῖς
1679 2074 1729 2109 τὴν
1744 2073 1883 2108 τιμωρίαν

1092 2119 1328 2154 ὲπαναγαγούσας,
1343 2119 1465 2146 ἑκάστων
1476 2120 1538 2151 τοὺς
1559 2121 1623 2155 παρ’
1642 2120 1734 2150 αὐτοῖς
1746 2119 1817 2146 κατὰ
1829 2119 1883 2154 τὴν

1092 2167 1228 2201 ἀπόφασιν
1237 2166 1473 2202 τιμωρησαμένων
1485 2166 1533 2202 τὴν
1549 2166 1632 2193 θείαν.
1646 2165 1683 2192 Τὸ
1692 2165 1720 2193 δὲ
1737 2175 1745 2192 ι
1759 2165 1853 2199 ὸξῡναι
1870 2176 1879 2192 ι

1092 2212 1126 2239 τὰ
1153 2212 1254 2248 κέρατα
1279 2211 1353 2246 λέγει
1377 2212 1437 2238 ἀντὶ
1460 2211 1506 2238 τοῦ
1547 2210 1712 2238 ἑκλεπτῦναι
1740 2211 1809 2238 αὐτὰ
1831 2212 1883 2238 καὶ

1092 2258 1181 2285 πάντα
1194 2258 1239 2284 τὸν
1249 2259 1329 2291 δγκον
1343 2257 1431 2284 αὐτῶν
1447 2257 1555 2291 ἀφελεῖν
1565 2266 1572 2272 ·
1595 2257 1637 2284 ἴνα
1655 2257 1720 2293 εἴπῃ
1736 2257 1784 2292 τὴν
1801 2265 1884 2292 περι-

1093 2304 1222 2339 κειμένην
1237 2305 1291 2335 τοῖς
1305 2302 1446 2330 ἐπελθοῦσι
1457 2303 1569 2337 δύναμιν
1587 2303 1716 2337 ἀφανίσαι
1726 2310 1733 2316 '
1749 2301 1836 2329 ταῦτα
1847 2302 1882 2338 δὴ

254 2351 316 2377 dant
331 2350 461 2385 propheta
479 2349 631 2381 afﬁrmavit,
655 2350 734 2376 aliam
750 2349 838 2384 pergit
858 2356 970 2376 narrare
987 2349 1039 2376 sibi

1093 2351 1126 2385 τῇ
1139 2336 1315 2384 Ἲάποκαλύψει
1335 2349 1384 2384 τὴν
1404 2348 1458 2375 τῶν
1472 2336 1638 2385 ἠδικηκότων
1653 2349 1715 2380 τοὺς
1742 2336 1881 2383 Ἰσραηλίέ

256 2396 354 2424 factam
370 2396 574 2428 revelationem,
585 2403 645 2430 quae
660 2395 736 2422 urbis
750 2395 921 2422 lIierusaletn
932 2394 1038 2422 instau-

255 2442 386 2469 rationem
401 2441 618 2468 demonstrabat.
634 2440 680 2468 Sic
695 2446 786 2468 autern
802 2441 869 2468 dicit
890 2450 896 2468 :

586 2531 662 2559 CAP.
679 2531 712 2558 Il.

289 2576 367 2610 θοι
382 2576 464 2603 Vens.
478 2576 535 2603 1-5.
551 2591 586 2596 -
600 2585 610 2602 ι
627 2575 779 2612 Levavique
791 2578 886 2606 oculos
909 2587 996 2611 meos,
1013 2584 1040 2607 et

256 2620 322 2651 vidi,
336 2625 363 2647 et
382 2628 446 2648 ecce
464 2621 505 2648 vir
521 2621 548 2648 in
565 2620 645 2656 cujus
664 2629 746 2649 manu
768 2623 908 2651 funiculus
930 2631 1040 2658 geome-

255 2667 349 2694 tricus.
365 2665 479 2701 Dixique
491 2667 515 2694 ei
529 2677 535 2693 :
548 2667 608 2699 Quo
618 2671 646 2694 tu
658 2668 766 2703 pergis?
779 2667 811 2696 Et
822 2668 891 2696 dixit
906 2669 989 2696 mihi:
1004 2669 1038 2697 Ut

254 2711 380 2740 dimetiar
393 2711 571 2744 Hierusalem,
585 2716 612 2739 et
628 2713 733 2740 videam
754 2718 855 2748 quanta
872 2715 907 2742 sit
923 2715 1038 2743 latitudo

253 2757 312 2793 ejus
322 2762 345 2785 et
356 2763 457 2792 quanta
470 2757 618 2791 longitudo.
630 2757 661 2784 Et
675 2765 739 2785 ecce
751 2759 863 2787 anoelus
879 2759 924 2796 qui
938 2760 1034 2797 locuc-

283 2847 310 2864 "
329 2847 409 2875 Hich.
432 2856 456 2881 ν,
475 2847 501 2874 5.
540 2847 562 2863 "
581 2847 653 2875 Psal.
668 2855 722 2883 ενι,
741 2848 768 2876 2.

1090 2404 1140 2427 τας
1151 2395 1286 2431 τιμωρίαν
1301 2395 1451 2430 βεϐαιώσας
1465 2396 1480 2421 ὁ
1491 2395 1643 2430 προφήτης,
1654 2395 1692 2428 (p.
1707 2394 1770 2429 454)
1782 2394 1882 2429 ἑτέραν

1091 2441 1262 2476 ἀποκάλυψιν
1286 2441 1361 2475 λέγει
1389 2440 1538 2475 δειχθεῖσαν
1561 2439 1635 2475 αὐτῷ
1656 2439 1807 2475 δηλωτικὴν
1828 2439 1882 2474 τῆς

1090 2487 1161 2513 κατὰ
1177 2487 1226 2522 τὴν
1248 2487 1424 2522 Ἰερουσαλὴμ
1437 2485 1619 2518 ἀνανεώσεως.
1636 2485 1717 2519 Λέγει
1731 2485 1758 2511 δὲ
1772 2484 1862 2517 οὕτως
1872 2493 1880 2502 ο

1416 2532 1495 2559 tceo.
1516 2531 1554 2559 B'.
1883 2525 1887 2529 '

1124 2578 1198 2613 Στίχ.
1216 2581 1288 2605 α’-ε’.
1307 2593 1341 2598 ——
1359 2587 1368 2603 ι
1384 2577 1439 2604 Καὶ
1452 2575 1507 2613 ἦρα
1522 2577 1585 2608 τοὺς
1599 2576 1753 2611 ὀφθαλμούς
1769 2584 1820 2611 μου
1836 2577 1884 2602 καὶ

1089 2619 1159 2649 εἶδον
1168 2630 1175 2638 ⁸
1204 2623 1251 2649 καὶ
1268 2622 1322 2649 ίδοὺ
1335 2622 1417 2657 ἀνὴρ,
1437 2623 1483 2649 καὶ
1498 2622 1527 2648 ὲν
1539 2623 1572 2657 τῇ
1585 2621 1657 2657 χειρὶ
1668 2620 1751 2648 αὑτοῦ
1764 2621 1884 2655 σχοινίον

1089 2668 1275 2704 γεωμετρικόν
1284 2677 1290 2683 -
1307 2668 1355 2695 καὶ
1364 2666 1440 2694 εἷπον
1452 2667 1521 2703 πρὸς
1534 2668 1626 2699 αὑτὸν,
1637 2667 1693 2695 Ποῦ
1710 2667 1742 2694 σὺ
1758 2666 1882 2702 mpsim;

1089 2715 1137 2741 καὶ
1159 2712 1219 2741 εἷπε
1243 2714 1310 2750 πρός
1333 2723 1384 2750 με,
1411 2714 1595 2750 Διαμετρῆσαι
1619 2714 1668 2749 τὴν
1689 2712 1883 2749 Ἰερουσαλὴμ,

1089 2760 1137 2788 τοῦ
1157 2760 1222 2788 ίδεῖν
1240 2761 1353 2788 πηλίκον
1368 2761 1399 2787 τὸ
1412 2760 1512 2791 πλάτος
1527 2760 1612 2796 αὐτῆς
1625 2760 1682 2785 ἐστι
1699 2759 1747 2785 καὶ
1765 2757 1884 2795 πηλίκνν
