1969 3069
114 153 165 182 517

590 146 865 176 COMMENTARIUS
884 146 917 173 ΙΝ
939 144 1125 173 ΖἈΟΙΙΑΠΙᾸΞ
1138 144 1213 176 CAP.
1234 144 1267 171 ll.

1685 144 1738 172 5l8

117 212 144 239 ιδ
159 211 256 246 μῆκος.
267 211 320 236 Καὶ
334 209 388 236 ἰδοὺ
405 210 419 235 ὸ
431 208 544 242 ἄγγελος
559 209 572 234 ὁ
588 206 676 233 λαλῶν
691 208 718 232 ἐν
734 207 795 241 ἐμοὶ
808 205 897 239 εἱστή-

958 207 1030 230 )atur
1045 204 1071 230 in
1084 209 1128 230 me
1143 202 1242 233 stabat,
1255 204 1281 228 et
1295 201 1408 236 angelus
1423 200 1493 229 alius
1507 200 1696 236 egrediebatur
1710 202 1737 228 in

115 266 156 284 ιιει
167 265 173 271 ·
191 256 237 282 καὶ
257 255 371 289 ἄγγελος
385 255 477 289 ἕτερος
495 252 671 287 ἐξεπορεύετο
684 253 723 282 είς
739 251 898 285 συνάντησιν

115 302 205 337 αὐτῷ’
227 303 274 328 καὶ
297 299 357 327 εἷπε
375 300 442 335 πρὸς
461 299 543 326 αὑτὸν
562 298 658 332 λέγων,
673 297 765 332 Δράμε
784 296 830 323 καὶ
853 295 900 322 λά-

115 351 195 382 Ᾱησον
213 347 280 382 πρὸς
299 347 345 372 τὸν
364 346 502 372 νεανίσκον
519 346 621 371 ἐκεῖνον
637 345 734 378 λέγων,
752 343 900 378 Κατακάρ-

116 401 174 423 πως
195 391 424 426 κατοικηθήσεται
446 390 622 424 Ἰερουσαλὴμ
643 389 697 416 ἀπὸ
721 389 838 424 πλήθους
854 389 900 414 ἀν-

116 437 232 473 θρώπιον
249 437 296 463 καὶ
318 435 423 471 κτηνῶν
439 435 493 461 τῶν
511 436 539 461 ὲν
559 435 633 470 μέσῳ
658 434 759 468 αὐτῆς·
778 434 826 460 καὶ
848 433 902 467 ἐγὼ

116 483 210 518 ἔσομαι
227 483 305 517 αὐτῇ,
313 481 386 515 λέγει
397 481 507 516 Κύριος,
517 482 604 515 τεῖχος
615 489 650 506 πυ
656 480 698 515 ρος
708 480 848 511 κυκλόθεν,
856 480 902 506 καὶ

116 529 155 559 εἰς
177 528 253 559 δόξαν
271 528 367 562 ἕπομαι
381 527 409 552 ὲν
427 527 501 561 μέσῳ
516 526 609 561 αὐτῆς.
630 535 639 551 ι
663 525 772 560 Ἐπειδὴ
788 527 843 556 τοῖς
853 526 902 556 τὰς

117 573 259 607 οἰκοδομὰς
270 572 462 607 ἐργαζομένοις
475 570 584 606 σχοινίῳ
603 571 711 606 μετρεῖν
723 570 781 601 ἔθος
796 570 841 596 ἐπὶ
854 570 902 603 τῆς

117 619 177 654 γῆς.
194 618 228 645 τά
239 626 267 644 τε
290 617 377 651 πλάτη
402 617 448 643 καὶ
468 617 501 643 τὰ
519 617 592 651 μήκη
606 616 650 642 καὶ
663 615 725 646 τοὺς
739 615 839 646 τύπους
854 614 903 648 τῆς

117 663 269 697 οἰκοδομῆς,
280 661 435 695 ἀναγκαίως
444 659 556 694 ἄγγελον
564 661 613 694 ὁρᾷ
625 659 704 686 πάλιν
716 659 786 686 κατά
801 660 830 685 τὺ
843 660 904 685 εἰω-

119 706 163 737 θὸς
177 707 205 732 ἑν
216 705 360 740 ἀνθρώπου
377 705 477 739 μορφῇ,
491 703 605 739 σχοινίον
617 703 766 738 κατέχοντα
783 703 902 729 τοιοῦτο’

119 751 147 783 ὃς
156 751 303 786 ἐρωτηθεὶς
318 750 388 776 κατὰ
400 750 447 784 τὴν
458 749 603 784 γινομένην
611 749 779 783 ἀποκάλυψιν
793 749 831 783 τῷ
839 757 904 783 προ-

119 798 199 832 φήτῃ.
220 797 336 830 ὅποιπερ
352 796 468 826 ἄπεισιν,
488 795 621 831 μετρῆσαι
638 795 688 830 ἔφη
701 795 750 829 τῆς
769 796 903 830 Ἰερουσα-

117 843 174 877 λὴμ
192 842 300 869 ἀπιέναι
316 842 365 876 τὴν
381 841 538 876 οἰκοδομὴν,
558 841 652 867 ὁποίαν
665 849 694 867 τε
710 842 756 867 καὶ
776 842 841 876 ὅσην
855 841 904 867 αὺ-

116 888 166 923 τὴν
187 887 313 922 γενέσθαι
338 888 479 922 προσήκει.
506 884 571 913 Εἶτα
593 886 667 921 λέγει
694 887 742 922 μὲν
765 887 833 922 πρὸς
857 887 902 913 τὸν

116 934 230 968 ἄγγελον
245 933 292 959 τὸν
314 935 342 959 ὲν
358 932 432 968 αὐτῷ
444 932 584 963 λαλοῦντα,
598 932 627 958 ὃν
642 933 670 958 ἐν
686 934 743 963 τοῖς
759 932 903 967 ἀνωτέροις

116 982 145 1007 ὲν
160 974 303 1015 ἀνθρώπου
322 980 411 1014 μορφῇ
427 978 578 1013 καθήμενον
593 976 660 1004 εἶδεν
675 978 716 1011 étp‘
736 978 819 1004 ἵππου
835 979 903 1012 πυρ-

119 1025 167 1061 ροὓ
201 1026 339 1060 ἀναμέσον
365 1024 418 1051 τῶν
443 1025 528 1060 ὀρέων
552 1024 606 1051 τῶν
631 1024 800 1050 κατασκίων’
815 1024 904 1059 (τοῦτο

117 1072 172 1107 γὰρ
188 1072 253 1106 ἡμῖν
270 1072 302 1096 ἐκ
326 1070 380 1096 τῶν
404 1069 606 1105 προειληφότων
623 1069 730 1103 ἐγένετο
753 1069 842 1104 δῆλον,
863 1069 904 1096 ὅτι

117 1115 162 1142 τὸν
173 1115 252 1141 αὐτὸν
270 1114 384 1148 ἄγγελον
399 1113 533 1148 ἀναμέσον
544 1122 573 1139 τε
589 1113 739 1148 ἑωρακέναι
748 1113 802 1139 τῶν
817 1113 903 1149 ὀρέων

117 1161 178 1195 ἔφη,
208 1160 255 1186 καὶ
280 1159 312 1194 δὴ
332 1159 378 1186 καὶ
401 1159 490 1186 λαλεῖν
510 1159 538 1184 ὲν
560 1158 662 1193 αὐτῷ’)
684 1158 778 1185 τοῦτον
798 1159 830 1193 δὴ
857 1159 904 1185 καὶ

117 1206 164 1232 νῦν
178 1205 329 1240 ἑωρακέναι
346 1204 427 1238 φησὶν
442 1203 547 1229 ἑστῶτα
559 1202 596 1234 ὡς
611 1203 643 1229 ἂν
661 1203 790 1237 ἡδόμενον
804 1203 850 1229 ἐπὶ
865 1202 904 1237 τῷ

117 1250 267 1284 γινομένῳ·
287 1250 326 1283 (p.
349 1247 412 1282 455)
437 1247 482 1274 καὶ
507 1247 548 1273 ὄτι
570 1246 604 1272 τὰ
624 1247 672 1281 τῆς
696 1247 812 1282 δεήσεως
831 1247 904 1281 αὐτῷ

117 1295 166 1329 τῆς
181 1294 249 1328 πρὸς
263 1293 308 1319 τὸν
324 1292 388 1318 Θεὸν
406 1292 472 1327 πρὸς
487 1291 572 1326 πέρας
586 1289 669 1323 ἷκται,
683 1292 716 1326 ἢν
729 1292 798 1327 ὑπέρ
809 1301 838 1318 τε
856 1293 904 1327 τῆς

123 1337 301 1373 Ἰερουσαλὴμ
322 1335 368 1362 καὶ¹
383 1335 430 1361 τοῦ
447 1335 539 1366 ἔθνους
558 1335 716 1370 προσήγαγε
730 1334 769 1369 τῷ
783 1335 850 1369 Θεῷ,
866 1334 905 1369 τῷ

120 1385 156 1420 μὴ
175 1384 256 1419 μόνον
272 1381 410 1417 δειχθῆναι
431 1382 480 1416 τὴν
497 1380 720 1415 ἐπαχθησομένην
738 1381 794 1412 τοῖς
809 1381 905 1416 ἠδικη-

117 1431 195 1457 κάσιν
216 1428 314 1460 αὐτοὺς
335 1427 484 1463 τιμωρίαψ
507 1426 575 1453 ἀλλὰ
591 1426 645 1461 γὰρ
660 1427 777 1461 φανῆναι
796 1427 842 1453 καὶ
861 1427 905 1453 τὸν

117 1477 147 1504 τὸ
170 1475 289 1511 σχοινίον
312 1475 406 1509 ἔχοντα
421 1473 450 1499 τὸ
464 1473 648 1508 γεωμετρικὴν
669 1473 800 1507 σύμϐολον
814 1473 861 1499 τοῦ
877 1475 905 1499 ὲν

117 1522 191 1557 ἔργῳ
206 1521 256 1556 τῆς
279 1520 381 1551 πόλεως
406 1517 474 1545 εἶναι
490 1519 581 1545 λοιπὸν
596 1519 645 1553 τὴν
666 1519 818 1553 οἰκοδομήν.
840 1517 904 1545 Εἶτα

116 1568 191 1602 λέγει
208 1567 248 1593 ὅτι
261 1566 352 1600 ἕτερος
367 1565 479 1598 ἅγγελος
496 1564 656 1596 ἀποσταλεὶς
668 1565 718 1599 ἔφη
735 1564 802 1599 πρὸς
814 1565 904 1598 αὐτὸν,

116 1614 187 1640 ὥστε
205 1611 252 1639 καὶ
270 1612 355 1637 εἰπεῖν
370 1610 408 1646 τῷ
425 1611 557 1645 νεανίσκῳ
572 1610 602 1636 τὸ
614 1610 800 1644 γεωμετρικὸν
819 1610 905 1644 ἔχοντι

116 1659 240 1695 δηλονάτι
253 1657 367 1692 σχοινίον
378 1665 384 1672 '
400 1656 471 1682 οὕτω
486 1656 540 1691 γὰρ
554 1656 634 1682 αὐτὸν
658 1655 790 1689 κέκληκεν
804 1655 841 1686 ὡς
861 1656 906 1681 ἐπὶ

116 1705 164 1739 τῆς
180 1700 383 1734 ἀποκαλύψεως
399 1698 467 1726 εἶδεν
478 1701 492 1725 ὁ
507 1700 648 1735 προφήτης
660 1700 692 1734 τῇ
709 1699 769 1733 ὕψει
788 1699 834 1726 τοῦ
844 1708 905 1726 νεα-

118 1749 212 1774 νίσκου
225 1745 375 1781 δειχθέντα,
387 1746 426 1775 είς
437 1744 551 1779 δήλωσιν
566 1743 612 1770 τοῦ
629 1744 697 1778 μετὰ
712 1744 800 1779 πάσης
817 1743 906 1778 ἰσχύος

119 1794 157 1822 εἰς
173 1793 263 1828 πέρας
283 1791 318 1817 τὰ
329 1790 494 1824 προκείμενα
507 1789 590 1820 ἄξειν.
609 1789 688 1821 Λέγει
700 1790 798 1821 τοίνυν,
814 1790 904 1824 φησὶν,

119 1841 132 1866 ὀ
143 1838 308 1868 ἀποσταλεὶς
324 1836 437 1870 ἄγγελος
453 1835 490 1869 τῷ
514 1835 543 1860 ἐν
559 1835 619 1870 ἐμοὶ
643 1834 766 1862 λαλοῦντι
787 1835 904 1870 ἀγγέλῳ,

122 1885 189 1920 μετὰ
207 1884 306 1919 τάχους
317 1890 347 1908 τε
370 1881 481 1915 δραμεῖν
499 1881 544 1906 καὶ
559 1881 646 1907 εἰπεῖν
659 1880 697 1915 τῷ
710 1881 852 1916 νεανίσκῳ,
867 1882 907 1908 ὅτι

121 1931 223 1965 σφόδρα
239 1929 308 1964 μετὰ
320 1928 419 1964 πολλῆς
433 1929 482 1963 τῆς
499 1926 650 1962 εὺθηνίαςή
673 1927 849 1962 Ἰερουσαλὴμ
867 1929 906 1953 oi-

120 1977 271 2012 κηθήσεται
286 1974 340 2001 ἀπὸ
357 1973 507 2010 ἀνθρώπων
516 1982 545 2000 τε
558 1974 604 1999 καὶ
614 1973 719 2006 κτηνῶν
736 1972 789 1999 τῶν
806 1973 908 2008 ὑπηρε-

120 2020 259 2056 τουμένων
268 2019 360 2050 αὐτοῖς
376 2017 612 2053 στενοχωρουμένη
620 2025 626 2032 ⁸
636 2017 672 2048 ὡς
683 2016 714 2043 ἂν
729 2017 815 2044 ταῦτα
827 2018 907 2051 γνοὺς

121 2067 166 2092 ἐπὶ
185 2065 278 2100 μεῖζον
293 2064 438 2090 ὲκτείνειεν
452 2064 500 2098 τῆς
513 2063 615 2093 πόλεως
624 2062 654 2088 τό
667 2071 697 2088 τε
713 2062 812 2094 πλάτος
824 2063 870 2089 καὶ
879 2062 908 2088 τὸ

123 2112 208 2146 μῆκος
222 2110 384 2145 ὀφειλούσης
401 2110 495 2145 ἀρκεῖν
514 2108 552 2143 τῷ
570 2107 666 2142 πλήθει
681 2106 734 2132 τῶν
744 2107 908 2142 οἰκησόντων

121 2157 215 2191 αὑτήν.
233 2155 392 2191 ιὶαρέξομεν
405 2155 460 2190 γὰρ
472 2154 549 2188 αὐτῇ,
563 2153 638 2188 φησὶ,
656 2154 745 2179 πᾶσαν
759 2152 908 2187 ἀσφάλειαν

951 256 1095 277 occursum
1113 248 1182 283 ejus.
1210 247 1337 282 Dixitque
1359 248 1383 274 ei
1409 247 1503 274 dicens
1521 257 1527 274 :
1547 247 1633 274 Curre
1648 251 1676 274 et
1699 247 1738 274 lo-

951 303 1035 330 quere
1048 294 1253 321 adolescentulo
1271 293 1320 325 illi,
1335 293 1429 320 dicens
1443 302 1450 319 :
1467 292 1585 326 Copiose
1601 292 1737 319 habitabi-

952 347 997 370 tur
1013 342 1182 368 Hierusalem
1196 348 1210 367 a
1223 340 1395 367 multitudine
1405 340 1542 366 hominum
1561 344 1588 367 et
1598 341 1738 372 jumento—

952 395 1011 414 rttm
1028 387 1054 413 in
1074 387 1164 413 medio
1177 386 1245 420 ejus.
1260 386 1293 413 Et
1309 393 1360 420 ego
1373 393 1422 412 ero
1439 385 1489 416 illi,
1512 385 1579 411 dicit
1596 384 1740 415 Dominus,

952 440 1048 459 taurus
1062 433 1143 467 ignis,
1156 437 1182 459 et
1197 433 1222 459 in
1235 432 1321 466 gloria
1336 439 1383 458 ero
1394 431 1420 458 in
1432 431 1521 458 medio
1533 431 1602 465 ejus.
1619 441 1628 456 ι
1646 432 1739 464 Quan-

953 478 1096 513 doquidem
1122 486 1181 505 mos
1203 482 1245 505 est
1272 478 1463 504 mdilicantium
1493 477 1614 504 funiculo
1637 483 1738 504 terrain

953 525 1055 556 metiri,
1077 524 1248 550 latitudinem
1265 524 1370 551 scilicet
1387 528 1414 550 et
1436 524 1633 558 longitudinem
1658 529 1740 558 atque

954 569 1057 597 formas
1075 569 1197 596 struendi
1213 569 1332 601 aedilicii,
1356 570 1513 596 necessario
1529 569 1653 603 angelum
1670 570 1741 596 videt

954 623 1050 643 rursus
1064 623 1139 643 more
1152 616 1233 643 solito
1250 615 1366 642 humana
1382 616 1483 649 specie.
1502 615 1654 641 funiculum
1670 616 1742 642 hunc

954 665 1113 691 tenentem;
1135 661 1181 695 qui
1199 661 1394 694 interrogatus,
1412 665 1440 686 ut
1457 659 1527 686 facta
1544 660 1682 694 propin-tte
1700 667 1742 687 re-

954 706 1054 733 velatio
1076 711 1180 737 narrat,
1209 713 1328 740 quonam
1356 705 1462 732 abiret?
1483 705 1515 732 ad
1538 705 1741 737 dimetiendum,

954 750 1232 784 inquit,Hierusalem
1249 749 1581 782 aediﬁcationem,qualem
1598 756 1744 784 quamant-

955 805 1007 831 que
1026 804 1086 824 eam
1111 796 1167 823 tieri
1191 799 1326 830 oporteat.
1349 794 1452 822 Deinde
1467 797 1503 820 ait
1524 796 1630 829 angelo.
1653 796 1742 829 quiin

957 842 1017 877 ipso
1038 842 1210 876 loquebatur,
1232 848 1313 875 quem
1329 840 1355 866 in
1376 840 1566 874 superioribus
1582 840 1682 866 dictum
1701 844 1743 866 est

955 887 988 913 ab
1010 893 1043 913 eo
1061 886 1148 913 visum
1176 893 1248 919 equo
1265 884 1327 911 rufo
1350 885 1513 911 insidentem
1540 885 1611 911 inter
1634 890 1742 912 montes

955 931 1098 958 umbrosos
1115 931 1230 964 (ctenim
1248 931 1328 958 nobis
1343 938 1376 957 ex
1394 936 1457 957 ante
1471 931 1552 958 dictis
1568 931 1742 965 perspicuum

954 978 983 1004 tit
1010 977 1135 1004 eumdem
1153 984 1225 1007 esse,
1245 984 1325 1010 quem
1342 977 1413 1003 inter
1427 980 1535 1003 montes
1553 977 1654 1004 vidisse
1669 977 1745 1003 dixe-

955 1028 1006 1055 rat,
1023 1029 1105 1058 atque
1121 1024 1195 1049 illum
1209 1023 1255 1058 qui
1273 1023 1299 1048 in
1320 1023 1380 1057 ipso
1394 1023 1579 1056 loquebatur.)
1601 1022 1688 1052 Nune,
1701 1023 1744 1048 in-

955 1077 1048 1104 qttant,
1074 1077 1147 1096 nunc
1169 1076 1277 1103 queque
1295 1068 1396 1095 vidisse
1411 1069 1448 1094 ait
1471 1073 1600 1101 stantem,
1624 1074 1649 1095 et
1666 1070 1699 1097 de
1716 1079 1745 1098 re

955 1122 1015 1149 qum
1030 1115 1175 1149 gerebatur
1193 1114 1345 1146 lzetantem;
1364 1117 1390 1139 et
1406 1113 1478 1148 quod
1495 1113 1582 1148 ipsius
1601 1114 1634 1141 ad
1659 1116 1742 1143 Deum

955 1160 1043 1187 oratio
1065 1167 1177 1194 scopum
1196 1163 1271 1186 esset
1289 1164 1425 1187 assecuta.
1450 1159 1494 1185 illa
1512 1160 1640 1186 nimirum
1661 1169 1743 1195 quam

957 1214 1007 1241 pro
1026 1205 1197 1232 Hierusalem
1210 1210 1236 1232 et
1254 1212 1302 1239 pro
1319 1208 1399 1239 gente
1417 1204 1472 1232 Deo
1487 1205 1642 1232 obtulerat:
1663 1206 1743 1240 cujus

954 1251 1045 1277 exitus
1061 1255 1129 1282 erat,
1149 1257 1202 1276 non
1217 1250 1304 1277 solum
1327 1257 1413 1284 paena:
1430 1250 1553 1277 ostensio
1568 1258 1648 1285 quam
1672 1251 1744 1279 Deus

957 1296 1075 1323 inimicis
1089 1295 1268 1330 impositurus
1277 1299 1346 1325 erat.
1362 1303 1455 1322 verum
1472 1296 1552 1323 etiam
1568 1297 1638 1323 visio
1653 1299 1741 1332 angeli

956 1341 1073 1369 tenentis
1093 1341 1256 1370 funiculum,
1281 1339 1353 1374 quod
1369 1343 1428 1366 erat
1445 1340 1574 1367 indicium
1589 1342 1670 1375 empti
1685 1342 1742 1376 jam

957 1386 1032 1413 urbis
1051 1385 1169 1413 aedilicii.
1192 1385 1272 1419 302
1294 1384 1395 1412 Deinde
1416 1385 1454 1410 ait
1475 1385 1590 1412 alterum
1619 1388 1745 1421 angelum

957 1431 1081 1462 missum,
1107 1430 1170 1456 huic
1189 1430 1293 1456 dixisse
1314 1433 1342 1456 ut
1363 1430 1568 1457 adolescentulo
1589 1431 1747 1466 loqueretur

956 1477 1148 1511 geometricum
1163 1476 1271 1502 habenti
1289 1476 1450 1502 funiculum.
1467 1477 1511 1503 Sic
1522 1478 1594 1504 enim
1607 1478 1679 1505 hunc
1695 1487 1744 1506 uo-

919 1531 940 1559 C
958 1522 1053 1553 minat,
1069 1521 1297 1556 quemadmodum
1321 1521 1349 1548 in
1369 1522 1534 1549 revelatione
1556 1524 1659 1551 viderat
1682 1533 1744 1552 eum

960 1568 1090 1600 propheta
1110 1567 1228 1601 speciem
1253 1566 1449 1594 adolescentuli
1475 1576 1529 1602 prae
1548 1576 1577 1596 se
1602 1569 1744 1604 ferentem,

959 1612 994 1637 ob
1011 1610 1218 1646 signiﬁcandum
1237 1612 1322 1638 robur
1342 1613 1528 1639 omnintodum
1549 1622 1604 1648 quo
1618 1623 1661 1642 res
1683 1623 1746 1650 pro-

960 1657 1049 1691 posita
1077 1656 1110 1683 ad
1144 1657 1247 1683 exitutn
1278 1657 1439 1684 deducetur.
1470 1659 1514 1686 Ait
1538 1660 1620 1694 igitur
1646 1662 1747 1690 missus

959 1702 1072 1736 angelus
1100 1702 1220 1737 loquenti
1245 1703 1272 1729 in
1292 1711 1335 1730 me
1359 1706 1465 1739 angelo,
1493 1709 1520 1731 ut
1535 1706 1660 1734 celeriter
1684 1716 1747 1735 cur-

960 1749 1002 1772 rat
1024 1746 1150 1781 dicatque
1184 1747 1403 1780 adolescentulo,
1440 1749 1498 1776 fore
1524 1754 1553 1776 ut
1585 1759 1749 1787 magnopere

960 1792 1098 1825 multaque
1122 1791 1200 1826 copia
1224 1792 1362 1820 habitetur
1377 1793 1562 1828 Hierusalem,
1588 1797 1621 1823 ab
1633 1797 1750 1824 homini-

960 1837 1012 1864 bus
1043 1840 1070 1863 et
1091 1837 1223 1871 jumentis
1254 1845 1364 1873 operam
1392 1839 1434 1866 his
1452 1841 1636 1874 praabentibus
1664 1851 1748 1878 prope

960 1883 1114 1917 angustiata
1137 1893 1142 1910 :
1175 1884 1269 1918 sicque
1294 1885 1342 1916 ait,
1367 1889 1396 1911 ut
1422 1893 1451 1913 re
1469 1887 1587 1921 cognita,
1608 1888 1634 1914 in
1659 1889 1746 1922 majus

961 1930 1078 1963 spatium
1102 1929 1231 1956 extendat
1257 1930 1428 1958 latitudinem
1454 1932 1530 1959 urbis
1545 1940 1576 1960 ac
1599 1933 1748 1968 longitudi-

962 1982 1034 2004 nom.
1052 1982 1112 2008 quae
1135 1975 1284 2002 incolarum
1307 1977 1471 2003 multitudini
1499 1978 1622 2006 sullicore
1637 1979 1746 2009 debeat.

962 2019 994 2045 Et
1018 2019 1126 2054 quidem
1153 2028 1204 2047 nos
1220 2021 1309 2054 majus
1334 2021 1358 2048 ei
1374 2023 1530 2056 praesidium
1556 2024 1747 2059 praebebimus,

962 2071 1043 2097 quam
1060 2071 1155 2091 murus
1172 2065 1233 2100 igne
1245 2071 1420 2093 constructus
1436 2068 1574 2095 exhiberet
1588 2069 1634 2103 qui
1650 2077 1749 2104 aggre-

962 2109 1068 2137 dientes
1091 2110 1192 2137 valeret
1222 2111 1392 2138 comburere.
1413 2112 1480 2139 Nam
1504 2121 1546 2140 me
1570 2115 1747 2149 conspicuum

963 2154 1043 2181 factis
1069 2155 1137 2189 ipsis
1153 2160 1180 2182 et
1199 2157 1367 2190 providentia
1383 2165 1447 2192 erga
1472 2158 1546 2192 ipsos
1563 2158 1674 2186 elliciam
1691 2169 1697 2186 :
1723 2164 1750 2187 ct

120 2202 168 2237 τὴν
184 2201 213 2235 ἐξ
231 2201 300 2236 ἐμοῦ
328 2199 436 2236 μείζονα
452 2200 468 2235 ἢ
485 2201 572 2234 τεῖχος
593 2200 624 2225 ἐκ
643 2199 726 2234 πυρὸς
742 2207 905 2224 κατεσκευα-

963 2200 1089 2228 laudibus
1103 2202 1302 2236 praeconiisque
1322 2203 1484 2230 celebrabor
1499 2204 1533 2230 ob
1549 2211 1670 2231 meorum
1685 2212 1748 2240 erga

122 2247 220 2282 σμένον
241 2247 378 2280 παράσχοι
399 2245 431 2272 ἂν
457 2245 591 2281 αὔταρκες
608 2245 636 2271 ὃν
659 2244 822 2279 συμφλέγειν
845 2245 908 2275 τοὺς

963 2252 1010 2272 eos
1025 2246 1237 2281 magnitudinem
1255 2247 1462 2276 beneficiorum.

123 2295 266 2326 ἐπιόντας
285 2294 439 2328 φανήσομαι
462 2293 491 2319 δὲ
514 2293 556 2319 ἐπ’
572 2292 661 2318 αὐτῶν
685 2292 772 2327 ἔργων
794 2291 838 2318 διὰ
859 2292 908 2327 τῆς
927 2292 967 2323 εἰς
994 2293 1090 2324 αὐτοὺς
1114 2294 1293 2329 κηδεμονίας⁹
1311 2294 1382 2321 ὥστε
1406 2296 1482 2331 παρὰ
1512 2297 1595 2323 πᾶσιν
1618 2297 1646 2322 ὲν
1667 2296 1751 2331 εὐφη-

126 2343 201 2378 μίαις
215 2342 246 2368 τὲ
265 2340 335 2368 εἶναι
352 2341 397 2367 καὶ
415 2340 542 2371 ἐπαίνοις,
562 2340 632 2375 ὑπὲρ
645 2339 691 2366 τοῦ
711 2339 841 2374 μεγέθους
855 2339 909 2365 τῶν
928 2341 968 2371 εἰς
984 2340 1070 2375 αὐτὴν
1081 2341 1255 2376 εὐεργεσιῶν.

156 2434 194 2467 lp.
211 2432 276 2466 .556)
303 2431 518 2466 Ἐπισημαντέον
538 2431 565 2457 δὲ
589 2430 746 2457 κάκεῖνοιὲν
766 2429 910 2466 τῷμέσῳ,›

122 2477 161 2503 ὅτι
174 2479 188 2504 ὀ
203 2476 367 2507 ἀποσταλεὶς
382 2476 496 2510 ἄγγελος
511 2475 551 2510 τῷ
567 2476 675 2510 ἀγγέλῳ
689 2475 728 2511 τῷ
743 2475 866 2501 λαλοῦντι
880 2476 909 2501 ὲν

123 2521 206 2556 αὐτῷ,
222 2521 346 2547 τουτέστι
369 2520 408 2555 τῷ
423 2521 452 2547 ἐν
468 2521 542 2555 μέσῳ
563 2520 616 2546 τῶν
631 2520 716 2554 ὀρέων
733 2519 909 2554 ὲπιὸεϐηκότι

122 2567 166 2592 τοῦ
189 2566 275 2593 ἵππου
298 2566 345 2592 τοῦ
367 2566 483 2602 πυρῥοῦ,
503 2566 601 2600 λέγει-ι
617 2566 709 2601 Δράμε
733 2566 780 2592 καὶ
795 2565 910 2600 λὰλησον

123 2612 191 2647 πρὸς
205 2613 253 2638 τὸν
277 2613 416 2639 νεανίσκον
434 2613 545 2638 ἐκεῖνον.
567 2621 576 2638 ι
593 2612 623 2638 Εἰ
639 2612 668 2638 δὲ
683 2611 753 2639 κατὰ
773 2613 835 2642 τοὺς
860 2619 910 2646 μυ-

124 2657 247 2692 θολογεῖν
263 2657 403 2689 ἐθέλοντας
424 2659 438 2684 ὁ
451 2658 481 2685 ὲν
496 2658 570 2692 μέσῳ
585 2657 638 2684 τῶν
651 2657 807 2684 κατασκίων
824 2657 912 2692 ὀρέων

126 2703 228 2736 φανεὶς,
243 2703 258 2728 ό
272 2702 319 2728 τοῦ
334 2702 400 2728 Θεοῦ
417 2701 449 2738 ἦν
475 2703 546 2736 Υἰδς,
569 2703 627 2734 πῶς
639 2701 693 2729 οἷόν
707 2711 735 2729 τε
751 2701 785 2738 ἦν
803 2703 847 2729 τὸν
864 2702 914 2736 ἄγ-

125 2747 202 2780 γελον
218 2747 354 2781 τολμῆσαι
370 2747 437 2782 πρὸς
451 2747 531 2773 αὑτὸν
553 2748 649 2777 εἰπεῖν,
666 2755 675 2772 ι
693 2747 785 2782 Δράμε
802 2746 849 2773 καὶ
863 2746 914 2772 λάι-

127 2792 207 2826 λησον
222 2793 292 2827 πρὸς
308 2792 351 2818 τὸν
365 2792 503 2818 νεανίσκον
519 2794 630 2824 ἐκεῖνον,
653 2793 750 2826 λέγων.
766 2792 912 2828 Κατακάρ-

128 2846 183 2870 πως
201 2837 430 2873 κατοικηθήσεται
446 2838 462 2873 ἡ
480 2837 669 2874 ’ίερουσαλήμς
688 2847 697 2863 ι
713 2837 844 2872 ’Ἄγγελον
863 2838 912 2871 μὲν

999 2430 1043 2457 Illa
1066 2440 1174 2466 quoque
1197 2432 1281 2459 dictio
1301 2433 1542 2461 animadvertenda
1564 2439 1606 2462 est
1625 2444 1633 2461 ι
1650 2437 1720 2465 inter
1738 2448 1748 2465 ι

963 2477 1035 2511 quod
1052 2485 1149 2512 nempe
1162 2479 1287 2513 angelus,
1304 2479 1402 2513 angelo
1425 2479 1554 2513 loquente
1567 2481 1594 2508 in
1609 2483 1750 2517 propheta,

963 2521 990 2549 id
1010 2527 1051 2550 est
1074 2523 1171 2558 angelo
1197 2524 1268 2550 inter
1294 2527 1413 2557 montes,
1435 2532 1507 2559 equo
1523 2525 1584 2552 rufo
1610 2526 1749 2561 insidenti,

964 2569 1001 2594 ait
1015 2569 1130 2596 :tCurre
1152 2574 1176 2596 et
1204 2570 1317 2604 loquere
1342 2570 1547 2597 adolescentulo
1571 2571 1709 2600 illi.iNatu
1728 2574 1752 2601 sl

961 2613 1036 2647 juxta
1055 2613 1104 2640 hos
1125 2615 1309 2649 mythologos.
1334 2615 1358 2642 is
1369 2614 1415 2649 qui
1432 2615 1502 2641 inter
1519 2620 1625 2643 montes
1641 2617 1752 2643 umbro-

961 2665 1007 2685 sos
1021 2659 1179 2693 apparebat.
1205 2659 1252 2686 Dei
1270 2663 1328 2686 erat
1344 2660 1441 2689 Filius.
1461 2660 1508 2694 qui
1529 2660 1632 2688 audere
1648 2663 1747 2696 potuis.

962 2707 1003 2730 set
1017 2704 1055 2730 illi
1075 2704 1166 2732 dicere
1178 2705 1292 2733 :tCurre
1311 2709 1338 2732 et
1357 2706 1470 2740 loquere
1493 2706 1697 2735 adolescentulo
1713 2709 1750 2735 illi

961 2748 1056 2776 dicens
1070 2758 1077 2776 :
1103 2749 1219 2784 Copiose
1234 2750 1406 2777 habitabitur
1433 2750 1604 2778 Hierusalem
1616 2751 1751 2778 bEtenim

962 2794 1087 2828 angelum
1112 2794 1182 2822 Filio
1203 2794 1250 2822 Dei
1275 2796 1423 2830 pratcipcre
1445 2797 1560 2831 aliquid,
1583 2797 1752 2832 impossibile

965 2844 1022 2866 est-
1038 2843 1064 2867 et
1082 2839 1132 2867 bne
1143 2841 1266 2873 credere,
1280 2848 1395 2869 summae
1410 2842 1558 2877 impietatis
1576 2847 1637 2870 est:
1660 2847 1687 2870 at
1703 2849 1752 2868 an<
