1969 3069
257 147 310 174 519

846 141 1020 169 TllEODORI
1039 143 1280 172 MOPSUESTENI

1827 147 1882 174 ιιεο

254 205 344 239 gelum
359 203 454 238 angelo
470 201 624 237 significare
640 200 704 235 quid
721 200 854 234 agendum
872 200 917 231 sit,
935 201 971 227 nil
986 201 1037 227 mi—

1091 204 1142 238 γὰρ
1165 204 1203 239 τῷ
1226 204 1282 239 Υἱῷ
1298 204 1345 231 τοῦ
1369 205 1436 232 Θεοῦ
1452 205 1583 237 κελεύειν.
1598 206 1653 232 τῶν
1673 205 1810 233 ἀδυνάτων
1834 204 1879 241 ἦν,

257 258 336 277 rum:
358 257 419 276 nam
437 254 462 276 et
491 248 654 275 famulorunt
676 251 717 273 est
739 246 855 272 invicem
879 246 1042 274 denuntiare

258 297 411 322 voluntates
432 293 593 323 dominicas,
616 292 755 326 tnultoque
781 291 867 326 magis
892 291 943 318 hoe
964 291 1042 319 decet

258 341 319 367 illos
333 340 379 375 qui
392 339 426 367 ab
439 339 560 366 omnium
569 338 685 365 Domino
700 337 732 363 ad
749 337 774 363 id
791 337 944 369 mittuntur,
961 340 1042 370 prottt

259 392 332 412 nunc
356 385 464 412 accidit.
488 383 611 417 Namque
636 385 733 416 angelo
755 381 801 416 qui
829 381 991 416 loquebatur
1014 381 1041 408 in

260 432 399 467 propheta,
418 436 443 457 et
458 437 507 465 pro
521 430 587 456 urbe
602 429 707 459 orabat,
729 428 825 454 merito
845 427 958 462 angelus
975 427 1039 454 mis-

258 485 306 504 sus
322 485 354 504 ex
376 475 508 503 sententia
533 473 590 505 Dei.
610 480 720 500 currere
741 472 821 507 303
845 473 896 506 ipsi
921 471 1038 507 imperat

257 528 283 549 et
296 522 368 556 loqui
389 528 449 555 qua:
464 527 533 554 opus
554 523 611 546 crat
636 518 851 549 adolescentulo,
874 521 955 552 atque
971 525 1040 544 nun-

257 569 325 593 tiare
349 574 442 602 preces
460 566 519 600 ejus
543 572 656 598 seopum
677 570 739 590 esse
762 568 913 594 assecutus,
939 561 1042 596 Deique

259 613 423 639 voluntatem
436 619 498 646 erga
509 610 678 637 Hierusalem
694 609 792 635 factam
804 616 865 635 esse
876 608 1019 642 benignam
1033 617 1041 635 :

257 663 382 692 oporlere
400 661 488 684 autem
514 656 601 690 ipsum
622 657 731 689 propter
747 654 921 688 impetratum
943 654 989 681 Dei
1004 653 1043 680 fa-

259 712 362 735 verent,
379 704 493 730 libenter
513 703 637 737 jussibus
652 702 787 736 obsequi;
810 704 836 728 et
852 700 979 727 celeriter
994 700 1042 726 ad—

258 752 379 781 modum,
393 750 416 776 ei
434 757 480 784 qui
494 749 527 775 ad
541 748 727 775 :Pdilieaudam
749 747 841 774 urbem
859 746 962 773 missus
983 745 1042 772 fue-

258 799 310 825 rat.
329 794 481 828 signiﬁcare
496 800 556 827 qum
572 792 643 820 Deus
656 792 689 820 de
704 793 762 828 ipsa
778 794 943 818 decreverat.

1092 249 1139 275 καὶ
1164 249 1284 284 νομίζειν
1304 250 1333 277 δὲ
1358 250 1436 277 τοῦτο
1448 252 1497 286 τῆς
1516 252 1633 287 ἐσχάτης
1646 252 1720 278 ἐστὶν
1735 251 1880 282 ἀσεϐείας·

1092 292 1206 327 ἄγγελον
1229 294 1258 320 δὲ
1274 295 1381 331 ἀγγέλῳ
1402 296 1543 331 σημαίνειν
1561 296 1592 323 τὸ
1612 297 1757 331 πρακτέον,
1775 296 1883 331 θαυμα-

1093 338 1154 365 στὸν
1167 339 1258 366 οὐδέν·
1277 340 1371 376 ἐπειδὴ
1393 341 1446 368 τῶν
1463 342 1607 377 ὑπηρετῶν
1627 342 1691 368 ἴδιον
1709 341 1820 376 μηνύειν
1834 341 1883 368 ἁλ-

1092 383 1181 418 λήλοις
1207 384 1241 410 τὰ
1271 385 1417 412 δεσποτικὰ
1443 386 1623 421 βουλεύματα,
1654 387 1701 413 καὶ
1729 386 1819 420 πολλῷ
1849 395 1882 420 γε

1093 429 1172 455 πλέον
1188 430 1250 460 τοὺς
1265 430 1399 457 ἐπὶτοῦτο
1418 431 1610 466 πεμπομένους
1625 431 1699 465 παρά
1711 430 1758 457 τοῦ
1770 431 1881 457 πάντων

1092 474 1201 509 Κυρίου,
1225 473 1280 502 οἷόν
1298 485 1324 503 τι
1347 477 1393 503 καὶ
1414 477 1461 504 νῦν
1483 477 1602 511 ἐγίνετο·
1627 476 1674 503 τοῦ
1689 477 1744 511 γὰρ
1761 476 1880 510 ἀγγέλου

1091 519 1137 546 τοῦ
1154 520 1296 553 λαλοῦντος
1311 523 1339 548 έν
1356 522 1430 557 αύτῷ
1452 522 1501 558 τὴν
1517 522 1588 557 ὑπὲρ
1603 522 1653 556 τῆς
1668 522 1770 553 πόλεως
1792 529 1879 555 προσ-

1091 566 1238 599 αγαγόντος
1251 565 1354 601 δέησιν,
1371 567 1483 598 εἰκότως
1504 567 1518 592 ὁ
1532 567 1665 602 πεμφθεὶς
1681 567 1795 601 ἄγγελος
1809 568 1880 594 κατά

1092 609 1204 644 γνώμην
1219 610 1296 642 Θεοῦ,
1312 612 1425 646 δραμεῖν
1444 611 1517 647 αὐτῷ
1531 612 1579 638 καὶ
1592 612 1705 647 λαλῆσαι
1719 612 1824 638 κελεύει
1846 612 1880 638 τὰ

1091 655 1263 689 προσήκοντα
1289 656 1356 691 πρὸς
1371 656 1417 683 τὸν
1434 657 1584 691 νεανίσκον,
1602 658 1640 689 ὡς
1656 658 1688 684 ἂν
1707 657 1880 691 εὐαγγελιζό-

1094 707 1172 733 μενος
1200 700 1240 726 ὅτι
1268 709 1320 736 περ
1343 701 1417 737 αὒτῷ
1433 702 1467 729 τὰ
1490 703 1542 738 τῆς
1568 703 1686 738 δεήσεως
1707 700 1782 729 ἴκται
1811 703 1880 737 πρὸς

1092 744 1188 779 πέρας,
1211 747 1258 772 καὶ
1279 746 1400 774 δέδοκται
1423 748 1471 783 μὲν
1486 749 1551 784 περὶ
1572 749 1620 783 τῆς
1641 748 1817 783 Ἰερουσαλὴμ
1839 748 1879 783 τῷ

1093 788 1151 824 Θεῷ
1168 789 1202 815 τὰ
1213 790 1328 825 κρείττω
1338 799 1345 807 ι
1359 792 1411 827 χρὴ
1424 792 1452 818 δὲ
1469 793 1515 819 καὶ
1529 792 1607 818 αὐτὸν
1620 792 1658 823 ὡς
1674 792 1820 826 ἰσχύσαντα
1835 792 1879 826 ἐφ’

257 837 297 871 οἷς
320 839 414 874 ἐδεήθη
437 838 512 874 παρὰ
536 837 574 873 τῷ
596 838 673 873 Θεῷ,
701 838 760 872 μεθ’
787 836 882 872 ἡδονῆς
915 844 944 862 τε
970 836 1026 866 τοῖς
1057 834 1276 870 κεκελευσμένοις
1301 837 1510 872 ὑπηρετεῖσθαι,
1540 839 1587 864 καὶ
1613 837 1682 872 μετὰ
1708 837 1804 864 πολλοῦ
1829 837 1879 864 τοῦ

256 887 355 921 τάχους
366 885 403 920 τῷ
414 886 460 912 ἐπὶ
472 885 520 920 τὴν
529 884 672 920 οἰκοδομὴν
684 884 860 911 ἀποσταλέντι
875 883 925 918 τῆς
940 881 1042 912 πόλεως
1058 880 1189 916 γνωρίσαι
1207 882 1240 908 τὰ
1257 883 1321 918 περὶ
1335 883 1420 918 αὐτῆς
1435 883 1549 916 δόξαντα
1559 883 1598 918 τῷ
1621 883 1690 918 Θεῷ.

293 933 375 960 Vatis.
390 933 486 960 6-1——
510 932 565 967 Age
581 939 644 958 vero
665 932 818 959 necessaria
834 930 929 957 fiducia
949 929 983 956 ab
998 929 1038 955 his

1127 929 1200 964 Στίχ.
1223 930 1292 962 ς’-ζ’.
1311 946 1345 951 —-
1374 931 1453 958 Ἀλλὰ
1471 931 1525 965 γὰρ
1539 931 1694 964 ἀναγκαίως
1709 929 1826 966 θάρσους
1845 932 1878 957 εκ

257 979 372 1006 ostentis
389 978 520 1012 propheta
537 978 657 1011 repletus
673 976 842 1004 exclamabat
857 975 970 1001 dicens:
983 983 991 998 ι
1002 972 1040 1004 0,

256 1032 274 1050 o
286 1044 292 1055 ,
312 1023 396 1058 fugite
413 1030 428 1048 a
443 1028 515 1049 terra
533 1022 647 1052 boreali.
664 1022 731 1048 dicit
751 1021 896 1052 Dominus;
914 1020 1042 1054 quoniam

257 1077 272 1095 ιι
287 1073 406 1103 quatuor
423 1069 510 1094 ventis
529 1069 590 1094 coeli
605 1068 778 1102 eongregabo
792 1074 854 1097 vos.
866 1066 933 1093 dicit
950 1065 1042 1091 Domi-

256 1121 319 1141 nus.
334 1113 372 1140 Ad
398 1112 462 1140 Sion
480 1113 547 1140 salvi
570 1113 708 1147 confugite
720 1133 726 1144 ,
744 1119 792 1139 vos
811 1112 857 1146 qui
879 1119 952 1138 nunc
970 1109 1042 1144 apud

257 1159 339 1185 filiam
356 1157 502 1193 Babylonis
519 1158 649 1185 incolitis.
668 1166 677 1181 ν
694 1156 803 1183 Mandat
818 1155 898 1182 etiam
914 1154 1041 1187 reliquis,

255 1203 304 1238 qtti
322 1203 409 1230 adhuc
428 1203 455 1229 in
471 1203 629 1237 captivitate
646 1206 801 1234 versantur,
825 1205 855 1227 ut
873 1200 959 1226 multa
979 1206 1041 1225 eum

257 1248 435 1275 festinati0ne
452 1248 484 1274 ad
501 1247 593 1274 Sionis
606 1251 726 1274 montem
743 1250 889 1273 aeeurrant
904 1244 1042 1271 conliden-

257 1299 299 1321 tes
323 1294 368 1320 Dei
384 1293 613 1328 promissionibus
634 1293 668 1320 de
689 1293 876 1324 Hierusalem,
890 1291 935 1325 qui
957 1290 1042 1317 unde-

256 1346 364 1373 cunque
399 1345 446 1366 cos
463 1339 526 1365 illuc
550 1346 579 1365 se
599 1341 826 1372 congregaturum
847 1336 1040 1371 spoponderat.

257 1386 345 1419 Atque
359 1385 403 1411 hic
430 1385 629 1413 l‘lll'SlJSdlCll0(
639 1391 653 1409 a
665 1387 783 1418 quatuor
794 1382 978 1413 ventisaltaud
992 1381 1042 1408 ali-

256 1438 336 1464 quem
353 1437 512 1461 numerum,
530 1430 576 1455 sed
600 1429 691 1463 potius
721 1428 901 1462 undecunque
913 1427 1039 1459 denotat,

257 1480 286 1502 ut
302 1475 388 1502 Judati
410 1476 455 1510 qui
471 1475 560 1501 adhuc
579 1474 766 1510 Babylonicam
787 1474 924 1508 regionem
942 1473 1043 1499 incole-

258 1522 333 1552 bant,
352 1521 383 1547 ad
401 1521 496 1547 urbem
516 1520 686 1547 Hierusalem
707 1520 798 1546 cuncti
818 1519 997 1550 festinarent;
1014 1519 1040 1544 iu

256 1574 309 1600 qua
330 1566 457 1601 degentes
480 1565 572 1592 stabili
590 1566 718 1600 posthinc
740 1565 830 1593 salute
853 1564 1039 1599 perfruentur,

258 1611 312 1638 Deo
334 1612 408 1645 ipsos
431 1611 509 1645 juxta
535 1611 668 1645 promissa
688 1618 737 1638 sua
761 1610 931 1638 custodente
948 1619 955 1636 :
975 1609 1038 1644 quia

255 1656 311 1690 jam
327 1659 383 1681 tum
396 1656 484 1682 deleta
500 1655 588 1682 fuerat
602 1655 732 1691 Babylon,
752 1659 862 1690 totaque
877 1655 1039 1690 Babylonio-

256 1708 316 1726 I'utn
331 1700 479 1727 dominatio
494 1699 638 1732 desiverat,
655 1699 726 1727 Darii
738 1700 866 1727 nimirum
882 1700 954 1735 regis
970 1704 1038 1726 tem-

257 1745 379 1778 poribus.
395 1744 480 1770 Simul
492 1747 583 1771 tamen
599 1744 721 1778 praedicit
738 1745 772 1772 de
784 1746 839 1772 illis
850 1746 895 1779 qui
911 1753 959 1780 per
973 1743 1038 1771 illud

255 1795 362 1824 tempus
382 1789 495 1816 redituri
518 1795 606 1818 erant.
627 1789 694 1816 Nam
712 1797 808 1825 reapse
831 1790 970 1817 redierunt
987 1789 1039 1816 sub

258 1836 339 1861 Dario
359 1842 411 1862 non
428 1835 507 1870 pauci
523 1845 530 1863 :
550 1835 726 1863 nihilominus
745 1836 822 1870 jubet
837 1843 884 1862 eos
903 1834 1039 1869 Babylone

255 1881 366 1912 reverti.
394 1881 420 1907 id
445 1884 486 1908 est
508 1881 541 1908 de
561 1882 716 1916 captivitate
737 1889 819 1916 quam
843 1888 857 1907 a
882 1880 1038 1915 Babyloniis

257 1926 378 1959 perpessi
393 1930 479 1953 erant.
490 1926 603 1953 Constat
623 1930 713 1953 autem
732 1926 891 1961 prophetam
905 1925 1037 1959 subjussi

256 1970 341 2005 ﬁgura
352 1972 554 2006 praedictionem
567 1972 603 1999 rei
625 1971 723 1999 futurae
736 1972 835 2000 facere.

291 2104 373 2132 Vens.
388 2105 464 2132 8-12.
482 2120 517 2125 --
531 2115 540 2131 ‹
556 2105 618 2133 Hinc
632 2107 703 2133 enim
720 2108 757 2134 ait
769 2107 900 2135 Dominus
910 2108 1036 2143 omnipo-

254 2154 316 2178 tens
333 2159 340 2176 :
356 2151 419 2178 Post
437 2151 552 2186 gloriam
575 2152 648 2179 misit
667 2161 710 2180 me
730 2153 763 2180 ad
785 2159 880 2188 gentes
895 2162 955 2189 qua!
970 2162 1037 2189 spo-

256 2196 390 2223 liaverunt
414 2205 473 2228 vos,
492 2197 556 2232 quia
580 2198 626 2232 qui
655 2198 778 2233 tetigerit
799 2207 858 2232 vosI
884 2200 964 2234 quasi
989 2199 1035 2234 qui

253 2247 348 2277 tangat
364 2243 491 2277 pupillam
507 2243 580 2270 oculi
600 2244 671 2278 ejus.
690 2243 758 2276 Quia
776 2252 840 2272 ecce
855 2253 905 2280 ego
920 2245 1035 2272 inferam

253 2296 365 2316 manum
381 2295 468 2316 meam
482 2296 564 2322 super
584 2297 648 2322 eos;
676 2294 703 2316 et
716 2294 796 2316 erunt
818 2290 914 2324 praedae
939 2291 972 2318 iis
988 2292 1035 2326 qui

253 2334 405 2361 servierant
418 2334 500 2368 ipsis:
511 2333 593 2369 305.
601 2339 628 2361 et
641 2335 813 2369 cognoscetis
827 2336 891 2370 quia
904 2335 1035 2364 Dominus

252 2379 424 2413 omnipotens
439 2380 512 2406 misit
526 2387 577 2407 me.
599 2388 609 2405 ι
626 2379 688 2407 Haec
703 2388 764 2415 ego,
781 2381 885 2414 inquit,
903 2383 981 2410 vobis
994 2382 1035 2409 ef-

253 2423 307 2449 fata
325 2418 418 2454 recito,
432 2422 477 2449 Dei
493 2423 538 2458 qui
554 2423 594 2451 sic
602 2428 643 2451 est
655 2425 778 2452 elocutus
793 2425 883 2459 jussu,
896 2426 942 2460 qui
961 2426 1035 2454 misit

253 2475 296 2494 me
315 2467 429 2501 gloriam
448 2468 507 2502 ejus
535 2469 737 2502 nuntiaturum,
761 2477 794 2496 ac
817 2471 1030 2504 magnitudinem

253 2513 380 2546 potentiae
411 2521 486 2545 suae,
510 2521 592 2548 quam
619 2519 714 2542 contra
744 2515 895 2544 oll‘ensores
927 2521 1033 2544 vestros

252 2557 377 2584 ostendet
398 2567 404 2584 :
422 2561 564 2592 tantopere
576 2559 610 2586 iis
624 2566 790 2587 succensens
805 2561 853 2595 qui
870 2568 920 2588 vos
934 2569 1033 2589 vexare

252 2602 414 2633 voluerunt,
445 2607 547 2637 quanto
572 2604 605 2632 iis
628 2605 790 2633 irasceretur
819 2607 865 2641 qui
890 2607 1032 2634 oculorum

252 2647 340 2681 ipsius
356 2647 471 2681 pupillas
487 2647 604 2674 laederet.
616 2647 692 2676 Patet
704 2654 794 2677 autem
810 2650 892 2678 Deum
909 2651 1031 2679 humano

253 2691 380 2725 loquendi
403 2697 480 2717 more
492 2691 618 2718 eximiam
638 2694 835 2727 providentiam
850 2703 928 2722 suam
945 2696 1034 2724 detto—

253 2741 310 2763 tare
325 2736 453 2763 voluisse.
466 2735 531 2761 Tam
544 2744 650 2769 gravem
664 2758 671 2770 ,
689 2739 787 2773 inquit,
805 2740 924 2767 inimicis
934 2741 1032 2769 vestris

252 2789 357 2816 ptenam
377 2780 504 2810 inferam,
523 2784 551 2805 ut
570 2781 603 2807 ab
622 2782 676 2809 illis
694 2783 865 2818 expugnandi
880 2785 934 2812 sint
949 2789 1031 2819 atque

249 2828 385 2859 vastandi,
415 2832 486 2858 quos
510 2828 587 2851 antea
611 2827 771 2855 famulorum
800 2829 859 2858 loco
884 2829 1028 2858 habebant.

1066 1607 1075 1618 ι

1052 2259 1075 2286 Β

1093 975 1145 1001 τῶν
1159 975 1316 1010 δειχθέντων
1331 977 1346 1002 ό
1359 977 1500 1012 προφήτης
1517 977 1672 1011 πληρωθεὶς
1687 976 1750 1002 ὲεόα
1771 977 1859 1009 λέγων
1869 985 1877 993 ι

1095 1030 1104 1045 ι
1112 1021 1144 1046 Ὢ
1151 1019 1182 1051 ὣ,
1196 1020 1308 1054 φεύγετε
1320 1021 1374 1047 ἀπὸ
1385 1021 1435 1055 γῆς
1449 1021 1545 1056 βορρᾶ,
1556 1021 1631 1055 λέγει
1641 1021 1751 1053 Κύριος
1765 1021 1803 1054 (p.
1813 1020 1877 1054 45³1)

1091 1065 1160 1090 διότι
1175 1066 1207 1091 ὲκ
1221 1065 1275 1090 τῶν
1297 1065 1436 1099 τεσσάρων
1456 1065 1564 1100 ἀνέμων
1577 1065 1625 1091 τοῦ
1640 1064 1755 1100 οὐρανοῦ
1771 1064 1879 1096 συνάξω

1093 1110 1173 1144 ὑμᾶς,
1188 1110 1260 1143 λέγει
1277 1111 1376 1145 Κύριος
1386 1119 1393 1126 ·
1410 1112 1449 1142 εἰς
1464 1110 1532 1137 Σιὼν
1546 1109 1728 1142 ἀνασώζεσθε,
1743 1110 1768 1136 οἱ
1783 1118 1878 1136 κατοι-

1093 1156 1203 1186 κοῦντες
1219 1156 1353 1191 θυγατέρα
1371 1156 1537 1187 Βαϐυλῶνος.
1551 1166 1561 1182 ι
1587 1156 1699 1183 Κελεύει
1714 1156 1767 1191 γὰρ
1781 1156 1813 1191 δὴ
1831 1156 1879 1182 καὶ

1091 1203 1147 1232 τοῖς
1169 1201 1271 1232 λοιποῖς
1286 1201 1339 1228 τῶν
1361 1202 1407 1228 ἐπὶ
1423 1202 1472 1237 τῆς
1495 1202 1682 1237 αἰχμαλωσίας
1704 1201 1789 1228 ὄντων
1817 1202 1877 1233 ἐτι,

1093 1247 1161 1279 μετά
1174 1246 1273 1281 πολλῆς
1286 1247 1425 1282 ἐκτρέχειν
1437 1246 1488 1281 τῆς
1499 1246 1615 1281 σπουδῆς
1625 1247 1671 1273 ἐπὶ
1682 1246 1712 1273 τὸ
1723 1246 1793 1272 Σιὼν
1802 1246 1877 1282 ὅρος,

1092 1291 1256 1325 θαρροῦντας
1282 1292 1337 1322 τοῖς
1361 1291 1574 1326 ὲπηγγελμένοις
1594 1290 1634 1326 τῷ
1655 1290 1715 1326 Θεῷ
1739 1291 1804 1326 περὶ
1826 1292 1878 1326 τῆς

1097 1336 1292 1371 Ἰερουσαλὴμ,
1318 1336 1347 1368 ὃς
1373 1337 1505 1372 ὑπέσχετο
1527 1337 1694 1372 πανταχόθεν
1719 1337 1818 1368 αὐτοὺς
1837 1338 1879 1368 είς

1092 1381 1176 1415 αὐτὴν
1196 1381 1338 1413 συνάξειν·
1360 1381 1498 1409 κάνταῦθα
1516 1383 1606 1417 μέντοι
1629 1383 1711 1409 πάλιν
1728 1382 1808 1410 τὸιὲκ
1821 1383 1878 1410 τῶν

1091 1427 1229 1462 τεσσάρων
1237 1429 1360 1461 ἀνέμων)
1370 1427 1419 1453 οὐκ
1435 1427 1551 1462 ἀριθμόν
1564 1436 1635 1458 ¹τινα,
1648 1427 1715 1454 ἀλλά
1726 1428 1757 1454 τδ
1771 1436 1877 1456 παντα-

1092 1473 1169 1506 χόθεν
1191 1472 1273 1506 δηλοῖ,
1290 1473 1328 1504 ὡς
1350 1473 1383 1499 ἂν
1403 1472 1567 1507 Θαρροῦντες
1586 1474 1610 1499 οἱ
1627 1473 1676 1508 τὴν
1699 1473 1877 1500 Βαϐυλωνίων

1091 1517 1226 1548 οίκοῦντες
1244 1517 1335 1552 χώραν
1349 1517 1388 1544 ἔτι
1405 1517 1458 1545 τῶν
1482 1518 1625 1550 Ἰουδαίων,
1641 1518 1687 1544 ἐπὶ
1702 1519 1751 1553 τὴν
1776 1519 1876 1553 Ἰερου-

1093 1563 1182 1599 σαλὴμ
1201 1564 1351 1597 ἐπείγοιντο
1367 1564 1468 1595 πάντες
1482 1572 1489 1579 ·
1512 1560 1598 1600 οὗπερ
1611 1564 1747 1598 διάγοντες
1764 1564 1877 1599 βεϐαίαν

1091 1609 1180 1640 ἕξουσι
1196 1609 1242 1635 τοῦ
1259 1609 1351 1636 λοιποῦ
1368 1609 1416 1644 τὴν
1433 1609 1577 1645 σωτηρίαν,
1594 1609 1641 1636 τοῦ
1659 1609 1726 1636 Θεοῦ
1743 1610 1814 1636 κατὰ
1826 1610 1877 1641 τὰς

1091 1653 1194 1685 οίκείας
1218 1655 1319 1685 αὐτοὺς
1346 1654 1523 1688 φυλάττοντος
1549 1654 1732 1689 ἐπαγγελίας,
1759 1655 1800 1681 ὅτι
1827 1655 1878 1690 μὲν

1092 1698 1228 1734 καθῃρέθη
1245 1699 1303 1726 τότε
1321 1699 1457 1730 Βαὸυλὼν.
1473 1701 1521 1726 καὶ
1538 1701 1613 1726 πᾶσα
1628 1701 1775 1734 πέπαυτοὴ
1789 1700 1877 1726 Βαόυ-

1091 1744 1193 1771 λωνίων
1208 1745 1288 1779 ἀρχὴ,
1303 1746 1374 1772 κατὰ
1384 1745 1430 1771 τὸν
1443 1746 1555 1781 Δαρείου
1571 1747 1618 1772 τοῦ
1634 1746 1763 1781 βασιλέως
1780 1746 1877 1782 καιρὸν

1091 1790 1169 1825 δῆλον
1182 1799 1188 1805 ·
1215 1790 1271 1816 ἀλλ’
1295 1791 1369 1826 ὅμως
1390 1791 1499 1826 μηνύων
1516 1792 1578 1823 τοὺς
1600 1793 1661 1818 κατ’
1685 1793 1786 1818 ἐκεῖνον
1799 1791 1877 1826 ὀφείε

1091 1834 1185 1866 λοντας
1205 1834 1249 1861 τὸν
1265 1835 1360 1870 καιρὸν
1375 1835 1508 1863 ἀνελθεῖν.
1535 1835 1590 1862 Καὶ
1614 1836 1668 1871 γὰρ
1692 1836 1806 1871 ἀνῆλθον
1830 1837 1876 1863 ἐπὶ.

1091 1881 1202 1916 Δαρείου
1214 1881 1264 1907 ούκ
1278 1880 1361 1914 ὀλίγοι
1378 1881 1421 1907 τὸν
1435 1881 1565 1916 ἀριθμόν·
1582 1881 1657 1916 ὅμως
1674 1882 1706 1908 ὲκ
1722 1882 1770 1916 τῆς
1788 1881 1877 1907 Βαϐυ-

1090 1924 1172 1956 λῶνος
1197 1926 1294 1956 αὐτοὺς
1315 1925 1470 1952 ἐπανελθεῖν
1491 1925 1611 1958 κελεύει,
1629 1925 1673 1952 ἵνα
1691 1926 1756 1962 εἴτι-ῃ
1771 1927 1818 1962 τῆς
1832 1927 1877 1953 αι-

1090 1969 1250 2003 χμαλωσίας
1278 1969 1312 2004 ῆν
1339 1969 1391 1995 ὑπὸ
1415 1970 1592 1996 Βαευλωνίων
1622 1971 1874 2006 ὑπομεμενήκεσαν.

1091 2014 1225 2050 Πρόδηλον
1239 2015 1267 2040 δὲ
1283 2014 1320 2046 ὡς
1334 2015 1362 2041 ὲν
1373 2015 1556 2049 ἐπιτάγματος
1570 2016 1688 2051 σχήματι
1703 2017 1816 2051 μήνυσιν
1826 2017 1876 2043 τοῦ

1089 2060 1219 2095 ἐσομένου
1238 2060 1364 2087 ποιεῖται.

1124 2105 1197 2141 Στίχ.
1216 2106 1296 2141 η’-ιβ¹.
1317 2121 1353 2125 -
1380 2115 1389 2131 ι
1403 2105 1474 2132 Διότι
1487 2106 1549 2133 τάδε
1564 2105 1637 2139 λέγει
1656 2105 1757 2141 Κύριος
1778 2115 1877 2133 παντο-

1089 2151 1199 2186 κράτωρ
1208 2159 1216 2167 ·
1239 2151 1341 2177 Ὀπίσω
1351 2151 1430 2185 δόξης
1440 2151 1594 2177 ἀπέσταλκέ
1610 2159 1643 2186 με
1657 2151 1705 2178 int
1717 2151 1751 2177 τὰ
1764 2150 1827 2186 ἔθνη
1841 2151 1877 2177 τά

1090 2197 1274 2223 σκυλεύσαντα
1286 2197 1368 2231 ὑμᾶς·
1384 2197 1451 2223 διότι
1466 2196 1481 2221 ὁ
1493 2196 1646 2231 ἁπτόμενος
1657 2196 1743 2231 ὑμῶν,
1758 2196 1796 2230 (p.
1809 2196 1875 2231 A58)

1089 2241 1126 2273 ὡς
1139 2243 1154 2268 ὁ
1167 2242 1317 2277 ἁπτόμενος
1329 2242 1378 2277 τῆς
1393 2242 1476 2277 κόρης
1488 2241 1535 2268 τοῦ
1547 2241 1684 2278 ὀφθαλμοῦ
1699 2241 1780 2268 αὐτοῦ
1789 2250 1796 2257 ·
1807 2241 1875 2268 διότι

1088 2287 1145 2322 ἐγὼ
1160 2288 1281 2324 ἑπιφέρω
1303 2287 1351 2322 τὴν
1363 2287 1443 2322 χεῖρά
1457 2295 1508 2322 μου
1525 2287 1567 2313 ἐπ’
1581 2287 1690 2319 αὐτοὺς,
1705 2287 1751 2313 καὶ
1767 2287 1875 2314 ἔσονται

1088 2333 1173 2360 σκῦλα
1198 2334 1253 2365 τοῖς
1277 2333 1442 2360 δουλεύουσιν
1463 2333 1573 2364 αὐτοῖς,
1598 2333 1645 2360 καὶ
1667 2332 1803 2367 γνώσεσθε
1832 2333 1874 2360 ὅτι

1087 2378 1187 2413 Κύριος
1209 2379 1405 2414 παντοκράτωρ
1428 2379 1582 2406 ἀπέσταλκέ
1598 2387 1642 2414 με.
1663 2389 1673 2405 ι
1705 2378 1796 2405 Ταῦτα
1819 2380 1875 2414 γὰρ

1087 2423 1162 2458 ὑμῖν,
1191 2424 1283 2458 φησὶν,
1300 2423 1433 2459 εἰρημένα
1451 2423 1532 2458 λέγω,
1553 2423 1601 2451 τοῦ
1626 2425 1765 2460 είρηκότος
1781 2423 1876 2451 κελεύη-

1089 2477 1185 2500 σαντος
1198 2468 1276 2501 Θεοῦ,
1295 2468 1325 2501 ὃς
1345 2469 1498 2496 ὰπέσταλκέ
1513 2478 1547 2504 με
1561 2470 1610 2505 τὴν
1625 2469 1701 2502 δόξαν
1716 2470 1779 2505 ὑμῖν
1800 2478 1876 2504 γνω-

1090 2515 1208 2550 ριοῦντα,
1223 2516 1271 2542 καὶ
1278 2515 1308 2541 τὸ
1322 2514 1435 2550 μέγεθος
1449 2515 1498 2550 τῆς
1513 2515 1595 2542 αὑτοῦ
1611 2515 1751 2550 δυνάμεως
1765 2512 1799 2551 ἧς
1814 2516 1876 2542 ὲπι-

1088 2559 1203 2590 δείξεται
1218 2558 1289 2586 κατὰ
1301 2559 1356 2586 τῶν
1370 2559 1442 2594 ὑμᾶς
1457 2559 1625 2594 ἠδικηκότων
1636 2568 1643 2575 ·
1666 2560 1753 2592 οὕτως
1767 2560 1875 2596 ὀργιζό-

1089 2613 1169 2640 μενος
1192 2605 1238 2631 ἐπὶ
1259 2606 1315 2636 τοῖς
1337 2613 1364 2631 τι
1388 2605 1482 2632 λυπεῖν
1499 2605 1571 2640 ὑμᾶς
1586 2605 1766 2640 βουλομένοις,
1783 2605 1822 2637 ὡς
1839 2605 1875 2633 ἂν

1087 2649 1226 2685 ὀργισθείη
1254 2651 1280 2677 ετ
1304 2659 1345 2682 τις
1374 2650 1457 2677 αὐτοῦ
1487 2650 1536 2682 τὰς
1566 2652 1650 2686 κόρας
1676 2651 1789 2686 βλάπτοι
1818 2650 1873 2678 τῶν

1086 2695 1232 2731 ὀφθαλμῶν
1244 2703 1251 2710 '
1277 2696 1388 2732 εὔδηλον
1403 2696 1452 2732 μὲν
1465 2694 1512 2723 οὖν
1527 2697 1568 2723 ὅτι
1587 2697 1764 2732 ἀνθρωπίνως
1775 2697 1806 2724 τὸ
1821 2697 1874 2732 τῆς

1086 2741 1248 2776 κηδεμονίας
1279 2741 1416 2777 ἐξαίρετον
1442 2743 1528 2768 εἰπεῖν
1556 2742 1702 2778 ἠϐουλήθη.
1732 2741 1813 2769 Οὕτω
1842 2742 1873 2769 δὲ

1087 2786 1196 2821 βαρεῖαν
1216 2787 1308 2819 ἐπάξω
1319 2807 1326 2819 ,
1354 2787 1438 2822 φησὶ,
1463 2789 1518 2819 τοῖς
1533 2787 1637 2822 ἐχθροῖς
1653 2788 1710 2818 τοῖς
1728 2787 1874 2823 ὑμετέροις

1086 2831 1136 2865 τὴν
1152 2831 1301 2866 τιμωρίαν,
1324 2830 1393 2857 ὥστε
1418 2831 1463 2857 ὑπ’
1490 2831 1600 2858 ἐκείνων
1624 2831 1872 2867 ἐκπολιορκηθῆναι
