1969 3069
220 181 274 211 5‘35

541 233 618 262 (ἶιΑΡΔ
640 233 682 260 li’l.
1027 228 1050 256 A

258 288 340 315 Vens.
359 286 412 312 1-5.
423 298 458 305 -—
475 291 483 308 ι
504 280 537 308 Et
551 279 674 308 ostendit
691 276 757 304 mihi
773 275 904 302 Dominus
917 272 1010 300 Jesum

221 333 391 363 sacerdotem
419 335 558 364 magnum.
585 330 702 354 stantem
723 327 788 351 ante
807 322 903 350 faciem
924 319 1010 355 angeli

223 378 342 410 Domini,
358 381 385 405 et
400 375 527 404 diabolus
544 372 635 400 stabat
651 379 665 397 a
678 369 781 397 dextris
796 369 868 404 ejus,
881 371 910 394 ut
921 366 1014 392 adver-

223 429 331 454 saretur
353 415 447 450 cifEt
466 420 534 448 dixit
555 418 687 445 Dominus
712 415 794 451 306
816 413 925 441 diabolo
944 421 950 438 :
973 411 1013 437 ln-

223 475 315 506 crepet
329 468 461 496 Dominus
473 470 510 498 te,
526 464 649 496 diabolo;
666 466 692 490 ct
703 463 824 495 increpet
843 464 868 486 te
881 458 1014 485 Dominus

224 517 271 553 qui
295 515 376 549 elegit
395 511 575 541 llierusalem.
603 508 698 536 Nonne
722 514 786 534 ecce
809 507 859 532 hoc
878 510 907 531 ιιι
932 503 1014 530 torris

224 549 318 592 erutus
334 561 368 588 de
380 560 441 595 igne
455 557 516 585 est?
540 555 572 582 Et
586 554 667 582 Jesus
687 552 800 580 indutus
816 554 876 578 erat
893 549 1015 576 vestibus

226 607 363 639 sordidis,
388 610 415 633 et
430 604 519 633 stabat
536 605 600 630 ante
617 600 715 627 faciem
736 597 834 633 angeli.
853 595 1015 630 Respondit-

225 663 290 691 quc,
311 658 338 683 et
353 653 391 680 ait
416 649 589 678 adstantibus
612 653 703 674 coram
730 644 800 671 facie
822 650 871 670 sua
894 642 990 668 dicens
1009 650 1014 666 :

226 687 339 729 [inferte
363 698 525 727 vestimenta
549 693 660 722 sordida
688 692 722 718 ab
746 698 790 718 eo.
814 688 942 722 Dixitque
964 687 988 714 ei
1008 693 1015 712 :

228 748 298 775 Ecce
316 744 414 772 abstuli
436 741 595 776 iniquitates
612 743 689 771 tuas;
709 741 736 764 ct
759 735 864 762 induite
885 741 947 760 eum
971 740 1019 767 po-

228 795 293 822 dere
305 815 311 826 ,
328 796 354 820 et
377 789 507 824 imponite
529 787 638 814 mitram
655 793 685 811 ac
697 783 811 811 cidarim
827 780 955 809 mundam
972 787 1018 806 ευ·

229 848 276 876 per
293 842 374 873 caput
390 837 461 871 ejus.
483 834 515 861 Et
533 832 765 866 circumjeecrunt
784 829 808 856 ci
830 827 992 855 vestimenta
1010 832 1016 849 :

228 891 256 914 ut
269 886 458 920 imposuerunt
473 881 581 908 mitratn
603 886 636 905 ac
655 876 769 904 cidarim
791 873 920 902 mundam
936 878 1019 906 super

229 918 317 966 caput
332 929 402 963 ejus.
423 937 432 953 ι
457 923 621 952 Necessario
649 920 795 950 sacerdotii
819 918 1019 946 restitutionem

226 977 258 1004 in
274 973 425 1004 sacerdotis
443 978 560 1007 persona
582 968 671 1000 videt;
689 974 778 1001 neque
804 965 877 993 enim
893 962 1022 991 sacerdo-

232 1022 299 1048 tium
319 1027 367 1055 per
381 1026 410 1046 se
432 1015 540 1044 visibile
554 1019 606 1047 est.
622 1015 668 1042 sed
699 1012 726 1039 in
747 1011 781 1038 iis
799 1014 906 1037 tantum
922 1007 1022 1043 quibus

229 1066 302 1094 illud
321 1053 418 1100 gerere
435 1061 613 1090 commissum
627 1062 680 1086 est.
706 1055 785 1084 Videt
795 1062 860 1090 ergo
872 1053 965 1081 Jesum
981 1060 1024 1079 sa-

226 1112 369 1141 cerdotem
385 1114 514 1144 magnum
539 1106 632 1141 (porro
649 1110 778 1139 magnum
799 1101 866 1128 dicit
883 1100 960 1127 illum
977 1098 1024 1134 qui

229 1155 418 1188 successionis
453 1154 541 1189 jure.
582 1150 764 1179 ministerium
800 1146 901 1174 Aaroni
948 1145 1025 1172 attri-

233 1205 328 1233 butum
357 1201 483 1238 gerebat)
509 1198 605 1234 angelo
630 1200 781 1227 astantem,
808 1192 936 1228 quoniam
966 1198 1025 1217 om—

229 1252 310 1279 nium
333 1248 474 1276 hominum
493 1244 599 1280 angelis
619 1250 685 1270 eura
710 1240 856 1268 commissa
870 1241 931 1270 est;
955 1236 1027 1264 sicut

234 1300 317 1325 etiam
335 1294 468 1322 Dominus
484 1292 512 1319 in
529 1289 684 1324 Evangeliis
701 1287 739 1314 ait
760 1296 766 1313 :
789 1295 798 1312 ι
816 1285 911 1320 Angeii
931 1290 1025 1312 eorum

232 1349 344 1377 semper
373 1339 465 1366 vident
487 1337 585 1364 faciem
621 1335 707 1361 Patris
741 1333 792 1360 mei
819 1332 866 1367 qui
895 1331 923 1358 in
948 1329 1027 1358 emlis

237 1393 279 1417 est
294 1388 329 1414 ⁸⁸.
349 1396 358 1412 ι
375 1386 444 1412 Tum
459 1389 486 1411 et
505 1383 532 1410 in
549 1380 662 1409 Actibus
671 1379 815 1407 beatorum
828 1377 1026 1413 apostolorum,

240 1444 249 1461 ι
272 1432 392 1469 Angelus
406 1431 466 1465 ejus
478 1434 531 1458 est.
549 1437 558 1453 ι
574 1426 608 1454 de
625 1427 703 1453 beato
723 1425 802 1451 Petro
816 1423 943 1450 dixerunt
964 1421 1026 1457 qui-

237 1482 311 1509 dam.
342 1476 505 1506 Necessario
528 1477 617 1500 autem
644 1472 686 1499 hic
712 1471 793 1498 etiam
812 1476 906 1497 coram
931 1468 1028 1503 angelo

239 1526 395 1555 consistens
413 1524 544 1558 apparet,
560 1519 587 1546 id
600 1522 643 1546 est
654 1524 749 1545 coram
766 1516 812 1543 illo
826 1515 870 1542 cui
887 1514 1028 1542 curandus

236 1581 256 1602 θ
279 1571 372 1600 dhina
395 1568 535 1597 voluntate
554 1564 719 1592 commissus
736 1561 834 1590 fuerat.
848 1560 943 1587 Stabat
964 1560 1027 1586 item
1043 1576 1064 1604 ε

242 1618 366 1647 itabolus
386 1615 534 1643 adversaus
558 1611 583 1638 ei
595 1631 602 1642 .
624 1609 704 1645 cujus
723 1608 861 1643 negotium
878 1610 921 1634 est
939 1605 1029 1633 homi-

243 1671 307 1692 num
326 1663 398 1689 bono
415 1657 565 1686 adversari.
589 1655 638 1682 Hie
652 1674 660 1687 ,
679 1653 788 1689 inquit,
804 1659 903 1679 nocere
919 1651 957 1678 illi
975 1655 1031 1677 tota

242 1715 327 1744 open
339 1705 488 1741 satagebat,
499 1702 572 1730 omni
589 1701 710 1737 legitimo
723 1698 875 1726 ministerio
884 1697 1028 1732 repellens,

243 1742 316 1789 quod
339 1750 459 1785 alioquin
478 1749 506 1776 in
527 1748 682 1782 captivitate
700 1751 829 1780 peragere
851 1750 905 1770 non
921 1742 1030 1769 licebat.

247 1787 316 1826 Dicit
333 1801 423 1824 autem
445 1795 517 1822 hunc
535 1800 549 1819 a
568 1791 623 1818 Deo
643 1790 815 1825 increpitum,
831 1788 877 1823 qui
903 1787 1032 1815 Ilierusa-

246 1844 299 1871 lem
315 1839 489 1878 peculiariter
504 1836 557 1865 sibi
578 1835 712 1862 asciverat
730 1842 736 1860 :
755 1838 837 1868 atque
856 1832 892 1858 ita
912 1831 1034 1859 ostendit

245 1875 413 1915 diabolicum
428 1889 536 1911 omnem
553 1884 682 1908 conatum
701 1878 748 1905 Dei
762 1877 932 1912 protectione
951 1875 1037 1903 fuisse

245 1935 450 1966 compressum;
473 1926 520 1961 qui
542 1929 684 1960 postquam
704 1922 756 1950 sibi
783 1921 920 1956 propriam
939 1919 1038 1947 Hieru-

247 1964 332 2003 salem
356 1972 566 2002 vindicaverat,
597 1966 756 2003 necessario
786 1965 869 1992 etiam
900 1964 1036 1991 sacerdoti

247 2017 388 2053 dignitatis
400 2022 457 2043 sua:
470 2014 554 2041 decus
568 2011 694 2040 reddidit.

1037 905 1057 932 Β

822 167 997 196 ἾΊΙΕΟΠΟΒΙ
1012 164 1126 193 MOPSU
1133 161 1252 193 ESTENI

1803 154 1838 182 5‘2
1845 155 1858 182 ι

1394 219 1472 245 ΚΕΦ.
1494 217 1530 244 Γ¹.

1098 269 1171 304 Στίχ.
1189 270 1257 295 α’-ε’.
1281 281 1308 285 -
1326 275 1335 291 ι
1349 266 1402 292 Καὶ
1412 264 1495 297 ἔδειξε
1515 272 1559 298 μοι
1573 262 1675 297 Κύριος
1692 261 1736 287 τὸν
1753 259 1860 295 Ἰησοῦ-ι

1063 316 1107 343 τὸν
1123 315 1198 350 ἱερέα
1214 313 1259 339 τδν
1279 312 1364 347 μέγαν
1386 310 1491 336 ἑστῶτα
1507 308 1560 344 πρὸ
1576 306 1722 342 προσώπου
1740 305 1860 339 ἀγγέλου

1064 349 1167 396 Κυρίου
1177 368 1183 374 ·
1201 358 1248 385 καὶ
1263 359 1277 384 ὁ
1291 355 1412 386 διάϐολος
1426 355 1546 388 εἱστήκει
1562 353 1593 378 ἐκ
1607 350 1701 382 δεξιῶν
1714 349 1796 376 αὑτοῦ
1810 349 1859 375 τοῦ

1064 404 1233 433 ἀντικεῖσθαι
1254 402 1327 438 αὺτῴ
1338 410 1344 415 ·
1366 401 1412 427 καὶ
1432 398 1491 427 εἷπε
1508 399 1608 434 Κύριος
1625 397 1692 431 πρὸς
1706 396 1751 423 τὸν
1767 395 1859 422 διάϐο-

1065 454 1110 479 λον
1123 461 1129 468 '
1157 449 1333 484 Ἐπιτιμήσαι
1348 446 1450 481 Κύριος
1463 445 1492 470 ἐν
1507 445 1559 476 σοὶ,
1575 442 1693 474 διάϐολε,
1710 441 1757 468 καὶ
1773 442 1862 467 ἐπιτι-

1067 499 1150 534 μήσαι
1164 496 1265 530 Κύριος
1280 495 1308 520 ἐν
1324 493 1364 519 σοὶ
1379 493 1392 519 ὁ
1406 490 1585 525 ἐκλεξάμενος
1600 489 1648 524 τὴν
1668 485 1858 522 Ἰερουσαλήμ.

1066 543 1123 569 υὺκ
1136 542 1189 568 ἰδοῦ
1207 541 1285 567 τοῦτο
1301 539 1338 569 ὡς
1359 537 1436 567 δαλὸς
1457 535 1656 570 ἐξεσπασμένος
1672 533 1741 559 κατὰ
1757 532 1861 567 map/1g;

1066 589 1121 614 Καὶ
1141 586 1243 622 Ἰησοῦς
1260 583 1294 620 ἦν
1317 582 1491 617 ἐνδεδυμένος
1508 581 1604 616 ἱμάτια
1623 579 1742 615 ῥυπαρὰ,
1760 578 1807 604 καὶ
1823 579 1863 603 εἰ-

1069 634 1161 668 στήκει
1185 632 1237 666 πρὸ
1258 629 1405 666 προσώπου
1428 628 1475 655 τοῦ
1493 626 1609 660 ἀγγέλου
1623 633 1629 640 ·
1656 625 1702 651 καὶ
1725 623 1864 658 ἀπεκρίθη

1068 680 1114 706 καὶ
1127 677 1186 705 εἶπε
1203 677 1270 713 πρὸς
1292 677 1356 707 τοὺς
1371 674 1520 709 ἑστηκότας
1543 671 1596 705 πρὸ
1617 669 1763 703 προσώπου
1780 668 1864 695 αὑτοῦ

1069 724 1157 757 λέγων
1172 733 1178 740 υ
1200 728 1237 757 (p.
1250 721 1313 755 461)
1340 719 1465 754 Ἀςρέλετε
1479 718 1513 744 τὰ
1531 717 1626 752 ἱμάτια
1642 715 1676 741 τὰ
1695 713 1804 750 ῥυπαρὰ
1816 713 1865 739 ἀπ’

1069 771 1164 798 αὑτοῦ·
1176 770 1222 797 καὶ
1230 768 1289 796 εἷπε
1298 768 1365 803 πρὸς
1374 767 1465 795 αὑτὸν,
1476 765 1540 791 Ἰδοὺ
1553 762 1683 798 ἁςιῄρηκα
1692 761 1745 787 ἀπὸ
1756 759 1802 786 σοῦ
1814 759 1865 790 τὰς

1075 817 1191 852 ἀνομίας
1208 823 1270 842 σου·
1295 815 1341 841 καὶ
1358 813 1485 840 ἐνδύσατε
1506 809 1586 836 αὐτὸν
1605 808 1720 842 ποδήρη,
1741 806 1788 833 καὶ
1804 805 1867 832 ἐπί-

1070 864 1130 890 Θετε
1157 863 1255 898 μίτραν
1276 861 1323 888 καὶ
1340 859 1445 894 κίδαριν
1469 855 1593 891 καθαρὰν
1609 855 1655 881 ἐπὶ
1678 854 1727 888 τὴν
1742 851 1866 887 κεφαλὴν

1073 907 1154 937 αὑτοῦ
1165 917 1172 924 ·
1198 909 1246 935 καὶ
1266 905 1425 942 περιέϐαλον
1445 903 1525 930 αὐτὸν
1543 901 1650 937 ἱμάτια,
1665 900 1712 926 καὶ
1727 899 1867 934 ἐπέθηκαν

1075 956 1173 991 μίτραν
1185 955 1231 981 καὶ
1245 953 1350 988 κίδαριν
1365 949 1488 984 καθαρὰν
1500 949 1546 975 ἐπὶ
1558 947 1607 982 τὴν
1617 945 1738 981 κεφαλὴν
1750 944 1844 971 αὑτοῦ.
1855 952 1865 969 ι

1081 990 1249 1034 Ἀνναγκαίως
1274 998 1307 1033 δὴ
1330 997 1379 1032 τῆς
1402 994 1550 1031 ἱερωσύνης
1571 992 1620 1028 τὴν
1641 990 1868 1017 ἀποκατάστασιν

1074 1046 1121 1073 ἐπὶ
1134 1045 1181 1072 τοῦ
1198 1043 1344 1079 προσώπου
1363 1041 1410 1068 τοῦ
1427 1039 1519 1075 ἱερέως
1529 1038 1589 1074 ὁρᾷ..
1604 1036 1651 1063 ἅτε
1668 1036 1714 1062 καὶ
1731 1035 1779 1070 τῆς
1793 1035 1869 1069 ἱερω-

1077 1091 1159 1126 σύνης
1176 1091 1205 1117 οὐ
1222 1089 1282 1116 καθ’
1299 1088 1384 1122 αὐτὴν
1396 1085 1571 1121 φαινομένης,
1584 1082 1641 1110 ἀλλ’
1657 1082 1703 1108 ἐπὶ
1717 1081 1770 1108 τῶν
1789 1088 1870 1115 μετα-

1076 1123 1243 1173 χειρίζεσθαι
1259 1132 1433 1168 τεταγμένων
1453 1130 1548 1164 αὑτήν.
1576 1128 1643 1163 Ὁρᾷ.
1655 1126 1744 1153 τοίνυν
1764 1123 1870 1160 Ἰησοῦν

1075 1171 1210 1216 τὸνγξερέα
1227 1179 1272 1206 τὸν
1291 1179 1388 1214 μέγαν,
1402 1176 1488 1212 μέγαν
1509 1175 1537 1201 δὲ
1553 1174 1626 1208 λέγει
1638 1172 1683 1199 τὸν
1697 1171 1767 1198 κατὰ
1781 1171 1872 1197 διαδο-

1077 1228 1126 1263 χὴν
1145 1228 1194 1262 τὴν
1214 1225 1252 1261 τῷ
1285 1223 1390 1259 Ἀαρὼν
1415 1222 1607 1258 προσήκουσαν
1631 1218 1791 1245 ἐκτελοῦντα
1813 1216 1872 1242 λει-

1077 1262 1218 1307 τουργίαν,
1234 1270 1301 1306 πρὸς
1317 1268 1431 1303 ἀγγέλου
1449 1267 1497 1303 μὲν
1514 1265 1630 1298 ἑστῶτα,
1647 1263 1741 1299 ἐπειδὴ
1760 1262 1871 1289 πάντων

1080 1319 1129 1355 μὲν
1146 1316 1297 1353 ἀνθρώπων
1319 1315 1429 1350 ἄγγελοι
1445 1314 1495 1349 τὴν
1519 1311 1678 1339 ἐπιστασίαν
1696 1311 1763 1336 εἰσὶν
1778 1310 1873 1335 ἔπιτε--

1078 1363 1231 1400 τραμμένοι
1246 1361 1317 1397 (6⁸5)·
1345 1360 1436 1391 καθὼς
1455 1360 1469 1386 ὃ
1490 1367 1520 1385 τε
1539 1358 1642 1394 Κύριος
1665 1358 1694 1383 ἐν
1710 1357 1765 1387 τοῖς
1780 1355 1872 1389 Εὐαγ-

1079 1410 1178 1445 γελίοις
1202 1408 1283 1444 φησίν
1295 1417 1302 1424 ·
1328 1417 1337 1433 ι
1353 1408 1383 1434 Οἱ
1399 1405 1510 1441 ἄγγελοι
1528 1404 1616 1431 αὐτῶν
1636 1403 1680 1430 διὰ
1697 1402 1796 1433 παντὸς
1813 1401 1874 1436 βλέ-

1081 1465 1159 1483 πουσι
1178 1456 1208 1481 τὸ
1224 1454 1368 1490 πρόσωπον
1388 1452 1435 1479 τοῦ
1458 1451 1565 1486 Πατρός
1588 1458 1638 1485 μου
1656 1448 1702 1476 τοῦ
1717 1450 1745 1475 ἐν
1760 1449 1816 1479 τοῖς
1829 1448 1875 1474 οὑ-

1081 1503 1187 1538 ρανοῖς·
1205 1511 1213 1528 ι
1241 1500 1270 1527 ἐν
1294 1508 1323 1526 τε
1345 1500 1405 1530 ταῖς
1429 1497 1548 1533 Πραξεσι
1568 1496 1622 1522 τῶν
1647 1493 1789 1530 μακαρίων
1805 1494 1874 1520 ἁπο-

1082 1548 1192 1580 στόλων,
1210 1548 1250 1574 ὄτι
1278 1556 1286 1571 ι
1303 1544 1434 1579 ’Ἄγγελος
1455 1542 1537 1570 αὑτοῦ
1556 1543 1623 1573 ἐστι,
1640 1551 1649 1566 ι
1677 1539 1740 1575 περὶ
1755 1539 1802 1566 τοῦ
1820 1547 1874 1574 μα-

1081 1596 1176 1631 καρίου
1191 1594 1313 1628 λέγοντες
1337 1591 1452 1627 Πέτρου.
1485 1588 1653 1622 ’Δναγκαίως
1674 1587 1703 1613 δὲ
1728 1586 1776 1613 καὶ
1797 1583 1874 1617 οὗτος

1079 1641 1133 1676 πρὸ
1158 1638 1304 1675 προσώπου
1325 1637 1448 1672 φαίνεται
1469 1634 1598 1669 ἀγγέλου.
1624 1632 1746 1659 τουτέστι
1763 1630 1810 1658 τοῦ
1825 1630 1876 1666 τὴν

1080 1685 1242 1721 κηδεμονίαν
1259 1682 1340 1710 αὐτοῦ
1362 1681 1431 1709 κατὰ
1453 1680 1527 1707 θείαν
1551 1676 1790 1713 ἐπιτετραμμένου
1813 1675 1876 1710 βου-

1080 1732 1129 1767 λήν
1139 1740 1145 1747 ·
1167 1732 1286 1766 εἱστήκει
1303 1729 1330 1755 δὲ
1347 1728 1395 1755 καὶ
1411 1729 1425 1754 ὁ
1441 1725 1562 1756 διάῦολος
1577 1724 1624 1751 τοῦ
1642 1721 1812 1750 ἀντικεῖσθαι
1825 1721 1877 1748 αὺ-

1081 1766 1130 1814 τῷ,
1142 1779 1209 1813 ὅπερ
1220 1777 1276 1812 (6i)
1292 1776 1372 1811 ἔργον
1382 1774 1573 1809 ἀντιπράττειν
1588 1772 1643 1803 τοῖς
1655 1769 1708 1797 τῶν
1725 1766 1877 1803 ἀνθρώπων

1086 1812 1206 1858 ἀγαθοῖς.
1231 1819 1313 1853 Οὗτος
1327 1820 1369 1856 δὴ,
1388 1819 1465 1855 φησι,
1479 1818 1526 1844 καὶ
1543 1817 1604 1844 τότε
1623 1813 1788 1851 ἐπηρεάζειν
1801 1812 1877 1846 αὑτῷ

1087 1870 1177 1896 πᾶσαν
1192 1868 1263 1904 εἶχεν
1279 1866 1407 1902 σπουδὴν,
1420 1864 1528 1898 sseae»
1544 1863 1624 1889 αὐτὸν
1638 1861 1687 1894 τῆς
1705 1859 1879 1894 τεταγμένης

1086 1914 1161 1950 αὐτῷ
1176 1902 1356 1946 λειτουργίας,
1367 1910 1438 1946 (462)
1446 1910 1479 1945 ἢν
1486 1909 1545 1935 οὐδὲ
1554 1904 1759 1934 ὲκτελεῖναὺτδν
1767 1904 1815 1931 ἐπὶ
1826 1902 1877 1937 τῆς

1087 1948 1274 1995 αἰχμαλωσίας
1296 1953 1351 1983 οἶόν
1371 1963 1399 1981 τε
1415 1952 1458 1990 ἦν.
1485 1953 1566 1987 Λέγει
1585 1952 1617 1987 δὴ
1641 1950 1727 1985 τούτῳ
1748 1949 1793 1975 τὸν
1810 1948 1877 1974 Θεὸν

1085 1993 1245 2040 ἐπιτιμῆσαι
1260 2003 1306 2030 τὸν
1321 2002 1370 2038 τὴν
1387 2000 1563 2037 Ἰερουσαλὴμ
1585 1997 1774 2032 ἐκλεξάμενον,
1791 1994 1829 2026 ὡς
1844 1993 1877 2020 ἂν

248 2041 325 2100 γνῖιη
347 2064 437 2090 πᾶσαν
451 2061 501 2097 τὴν
513 2059 670 2087 ἀντίστασιν
682 2058 732 2093 τὴν
745 2055 900 2091 διαϐολικὴν
912 2055 964 2083 ὑπὸ
985 2054 1034 2089 τῆς
1047 2053 1094 2080 τοῦ
1111 2051 1179 2079 Θεοῦ
1195 2050 1372 2085 πεπαυμένην
1393 2047 1568 2083 κηδεμονίας·
1590 2045 1618 2078 ὃς
1631 2044 1681 2080 τὴν
1700 2041 1878 2078 Ἰερουσαλὴμ

247 2095 443 2144 ἐκλεξάμενος,
461 2095 617 2135 ἀναγκαίως
629 2103 677 2130 καὶ
690 2102 776 2137 τούτῳ
788 2101 836 2136 τῆς
849 2100 998 2136 ἱερωσύνης
1014 2098 1160 2125 ἀποδίδωσι
1175 2097 1222 2132 τὴν
1240 2095 1415 2131 εὐπρέπειαν.

376 2154 406 2182 .Ia
411 2162 435 2181 ιιι
451 2151 561 2179 verl‘an
572 2154 699 2183 tanquam
707 2135 790 2174 torris
798 2135 832 2174 de
839 2135 1010 2182 igneerutus,
1021 2157 1026 2172 l

1133 2145 1169 2172 Τὺ
1191 2144 1231 2176 δὲ,
1250 2153 1258 2169 ι
1282 2143 1334 2169 ἰδοὺ
1359 2141 1437 2168 τοῦτο
1461 2140 1499 2171 ὡς
1519 2138 1596 2169 δαλὺς
1621 2135 1825 2170 ἐξεσπασμένος
1847 2135 1880 2162 ἐκ

1148 2189 1154 2193 .
1228 2190 1238 2193 ..
1301 2189 1310 2193 -
1365 2189 1376 2193 _
1440 2185 1446 2193 .
1486 2186 1496 2193 .
1548 2185 1558 2193 ..
1611 2181 1879 2193 ,.-.~.,_,m-_..-_x

250 2203 419 2238 signiﬁcant,
447 2199 518 2233 quod
541 2194 597 2224 Ceit
621 2198 644 2223 si
674 2195 738 2230 quis
763 2194 867 2230 lignum
890 2200 955 2220 mox
973 2193 1036 2227 igne

249 2245 483 2277 consumendum,
509 2245 667 2270 extractum
693 2243 785 2268 servet
811 2239 965 2266 incolume:
999 2238 1037 2265 ita

252 2295 325 2323 Deus
352 2293 427 2320 hunc
449 2289 632 2320 sacerdotem,
664 2287 725 2322 igne
743 2285 828 2313 veluti
864 2284 1036 2320 captivitatis

250 2344 410 2376 correptum
425 2341 452 2365 et
466 2343 527 2363 mox
544 2333 670 2362 comburi
696 2332 911 2368 periclitantem,
933 2331 992 2358 erui
1008 2333 1037 2358 et

252 2385 416 2422 urgentibus
445 2382 526 2409 malis
550 2378 682 2408 subduxi.
707 2377 824 2404 lndutus
857 2383 940 2411 porro
977 2379 1037 2403 erat

251 2430 425 2461 vestimentis
441 2427 563 2456 sordidis
582 2425 676 2457 .Iesus.
690 2430 741 2458 pro
763 2430 795 2450 eo
813 2430 845 2449 ac
862 2422 936 2449 dicat
960 2422 1038 2450 illum

251 2476 421 2514 captivitatis
441 2475 517 2502 lttetu
535 2473 666 2500 obrutum
684 2470 723 2505 (in
741 2476 797 2503 quo
815 2476 932 2496 versans
956 2472 1036 2496 extra

251 2513 367 2551 nninino
383 2521 505 2550 divinam
527 2517 668 2553 liturgiam
685 2519 756 2547 erat.
779 2518 807 2542 et
825 2513 901 2549 gravi
923 2513 1038 2541 servitio

252 2569 402 2603 addictus),
420 2565 508 2598 illum,
520 2565 642 2600 inquam,
648 2563 740 2600 juberi
757 2560 839 2588 aDeo
853 2561 984 2589 sordibus
1001 2560 1037 2588 iis

253 2614 366 2649 spoliari
393 2611 560 2639 adstantiqu
590 2616 685 2640 manu,
715 2607 742 2634 id
768 2610 810 2634 est
840 2606 1036 2641 liturgicarum

253 2661 385 2686 virtutum
401 2664 502 2692 opera;
529 2663 589 2690 qua:
603 2654 701 2682 divina:
722 2651 858 2680 voluntati
882 2651 1043 2685 obsequen-

254 2709 295 2732 tes
315 2703 483 2739 captivitatis
507 2705 583 2730 veste
610 2701 687 2728 illum
712 2703 862 2730 exuerunt,
903 2697 1035 2731 omnique

290 2783 313 2800 "'
328 2783 423 2811 Matth.
445 2789 523 2815 ιιι-ιιι,
551 2781 594 2809 10.
632 2780 656 2797 ⁸⁵
680 2779 741 2807 Act.
759 2785 808 2810 xu,
834 2777 875 2805 l5.

1091 2189 1187 2227 πυρὸς,
1200 2199 1209 2215 ι
1227 2190 1270 2216 ἵνα
1284 2189 1349 2224 εἴπῃ
1364 2189 1414 2217 ὅτι,
1433 2185 1471 2216 ὡς
1485 2186 1517 2212 ἃν
1533 2185 1558 2211 εἴ
1575 2192 1615 2216 τις
1629 2183 1706 2216 ξύλον
1719 2181 1814 2217 μέλλον
1829 2181 1881 2207 ὑπὸ

1091 2237 1177 2272 πυρὸς
1200 2233 1444 2262 καταναλίσκεσθαι
1459 2231 1575 2267 ἀθρόον,
1598 2228 1738 2260 ἐκσπάσας
1764 2227 1882 2258 semet;

1090 2283 1243 2318 τηρήσειεν,
1260 2280 1331 2307 οὕτω
1351 2279 1383 2314 δὴ
1406 2279 1453 2306 καὶ
1472 2277 1566 2304 τοῦτον
1587 2276 1624 2306 ὡς
1639 2275 1668 2300 ὲν
1686 2274 1753 2309 πυρὶ
1775 2275 1808 2308 τῇ
1832 2273 1881 2308 τῆς

1092 2327 1280 2363 αἰχμαλωσίας
1294 2325 1400 2360 ἀνάγκῃ
1419 2323 1577 2351 καθεστῶτα
1597 2322 1643 2348 καὶ
1661 2319 1881 2354 καταφλεχθῆναι

1093 2375 1138 2401 ὑπ’
1156 2374 1240 2408 αὐτῆς
1255 2371 1352 2408 μικροῦ
1367 2369 1555 2398 κινδυνεύοντα
1569 2367 1706 2400 ἐξέσπασά
1724 2374 1753 2392 τε
1769 2364 1882 2392 καὶτῶν

1093 2419 1273 2455 περιεχόντων
1290 2415 1431 2452 ἀπήλλαξα
1448 2415 1550 2441 κακῶν.
1574 2411 1724 2440 Ἑνεδέδυτο
1737 2410 1776 2443 δὲ,
1789 2410 1882 2444 φησ”.ν,

1094 2466 1190 2500 ἱμάτια
1207 2463 1316 2500 ῥυπαρὰ
1330 2464 1344 2488 ὁ
1365 2461 1480 2496 Ἰησοῦς,
1493 2461 1536 2488 ἵνα
1548 2460 1611 2494 εἴπῃ
1624 2460 1675 2490 ὅτι,
1689 2457 1726 2484 Τὸ
1739 2464 1884 2492 περικεχυ-

1095 2499 1174 2548 μένον
1193 2499 1225 2537 ἐκ
1247 2510 1297 2544 τῆς
1319 2507 1507 2544 αἰχμαλωσίας
1527 2505 1618 2533 αὐτῶν
1638 2503 1746 2535 πένθος,
1765 2504 1793 2528 ὲν
1807 2499 1885 2538 ᾧπερ

1093 2558 1169 2592 διῆγε
1193 2555 1331 2586 παντελῶς
1349 2554 1402 2587 ἔξω
1424 2553 1473 2588 τῆς
1494 2551 1664 2586 λειτουργίας
1687 2549 1818 2584 ὑπάρχων
1835 2548 1886 2582 τῆς

1094 2604 1179 2635 θείας,
1194 2604 1221 2630 ἐν
1236 2601 1368 2638 βαρύτητι
1383 2598 1521 2630 καθεστὼς
1532 2597 1663 2628 δουλείας,
1677 2595 1763 2622 ταῦτα
1776 2594 1886 2629 ἀφελεῖν

1095 2651 1141 2678 ἀπ’
1161 2648 1242 2676 αὑτοῦ
1258 2650 1314 2680 τοῖς
1327 2648 1470 2683 ἐστηκόσιν
1485 2645 1625 2672 ἐπιτάττει
1641 2642 1708 2674 Θεός
1719 2650 1726 2659 ·
1749 2640 1885 2673 τουτέστι,

1095 2698 1154 2727 ταῖς
1179 2694 1413 2731 ὑπηρετουμέναις
1437 2691 1638 2726 λειτουργικαῐς
1655 2688 1814 2723 δυνάμεσιν,
1838 2686 1886 2712 an

302 2860 347 2894 65)
363 2859 484 2887 Observa
505 2858 703 2894 Mppwesteui,
726 2857 781 2884 into
797 2854 846 2883 SS.
875 2853 1034 2883 Bibliorum,
1048 2850 1211 2878 sententiam
1227 2850 1260 2877 de
1275 2848 1379 2882 angelis
1395 2847 1538 2876 hominum
1554 2845 1726 2874 custodibus.

302 2892 348 2933 δι)
359 2895 428 2924 Num
444 2903 493 2930 pro
505 2892 613 2929 οὗπερῖ
