1969 3069
116 175 166 202 8%

558 169 831 199 COMMENTARIUS
846 170 879 198 IN
897 170 1082 199 ZACIIARl/E
1098 172 1174 200 CAP.
1197 173 1239 200 lll.

1678 177 1730 206 5'20

124 233 176 264 ταῖς
189 230 271 262 θείαις
284 230 499 266 ὑπηρετούμεναι
518 229 625 265 βουλαῖς
642 228 751 263 ἁφεῖλόν
765 237 794 254 τε
815 227 898 255 αὐτοῦ

952 229 1081 264 prmdicto
1097 230 1184 262 lucttt,
1197 235 1224 258 et
1242 231 1267 258 in
1285 232 1421 266 propriam
1440 231 1534 260 urbem
1552 233 1733 262 reduxerunt.

124 277 167 310 τῆς
180 275 363 311 αίχμαλωσιας
385 275 433 311 τὴν
449 275 560 310 ἐσθῆτα,
583 276 629 301 καὶ
652 275 682 302 τὸ
705 275 801 306 πένθος
824 275 897 302 ἆπαν

124 323 201 349 ἐκεῖνο
212 341 220 353 ,
244 321 292 348 καὶ
314 323 353 353 εἰς
371 321 421 356 τὴν
437 321 514 348 πόλιν
531 322 702 356 ἐπανήγαγον
717 321 766 356 τὴν
782 321 895 347 οἰκείαν.

123 366 182 396 Εἶτα
195 368 289 394 τούτου
301 367 451 401 γεγονότος,
466 367 535 402 φησὶ
546 367 613 401 πρὸς
628 367 708 393 αὐτόν
719 374 724 380 ·
757 366 897 402 Ἀςιῄρηκα

123 414 204 445 πάσας
216 414 264 445 τὰς
280 413 394 448 ἀνομῑας
412 421 458 438 σου
470 421 476 427 ·
498 413 584 448 δηλῶν
597 413 637 439 ὅτι
651 412 686 439 τὰ
697 413 745 448 τῆς
759 413 897 447 αἰχμαλω-

123 459 177 490 σίας
188 459 295 485 λέλυται
310 459 393 488 κακὰ,
411 459 503 494 ἐπειδὴ
517 458 570 485 τῶν
588 458 728 494 ἁμαρτιῶν
742 459 832 492 ἀφεῖλε
849 458 898 493 τὴν

123 504 232 538 μνήμην·
259 504 297 538 (ιι-
311 503 372 537 465)
401 501 467 529 Εἶτα
482 503 544 538 ἑξῆς
566 502 671 529 κελεύει
686 502 732 529 τὸν
746 503 850 539 ποδήρη
869 511 898 529 τε

120 550 192 576 αὐτὸν
207 549 366 576 ἐνδύσασθαι
389 550 435 576 καὶ
449 549 623 584 περιτεθῆναί
644 557 673 575 τε
697 548 771 583 αὐτῷ
796 549 846 583 τήν
868 557 898 574 τε

121 595 209 630 μίτραν
230 595 278 621 καὶ
304 594 352 630 τὴν
375 595 489 630 κίδαριν,
509 595 548 626 εἰς
565 594 675 627 ἔνδειξιν
691 594 738 621 τοῦ
755 595 803 630 τῆς
820 596 898 631 ἱερω-

119 638 193 674 σύνης
206 639 280 674 αὐτῴ
293 639 385 665 λοιπὸν
399 638 596 673 ἐπιτετράφθαι
609 640 657 674 τὴν
673 639 796 672 ἐξουσίαν
805 649 811 655 ·
829 641 896 676 ὅπερ

118 684 159 711 οὖν
177 686 221 712 καὶ
243 686 338 719 γέγονε
358 685 428 712 κατὰ
447 686 476 712 τὸ
502 686 625 721 σύνθημα
650 686 680 711 τὸ
702 686 781 712 θεῖον.
803 685 896 713 Ταῦτα

117 731 226 767 εἰρηκὼς
252 732 266 758 ὁ
287 732 429 767 προφήτης
443 733 482 764 είς
498 732 609 764 ἔνδειξιν
624 732 670 758 τοῦ
683 732 732 767 τὴν
747 732 896 767 ἱερωσύνην

950 273 1010 307 Quo
1023 274 1104 307 iacto,
1116 279 1242 308 cunctas,
1255 276 1302 308 ait,
1316 276 1417 304 abstuli
1432 277 1591 313 iniquitates
1605 283 1666 306 tttas
1678 289 1685 310 ;
1697 279 1734 306 ita

951 321 1100 347 ostendens
1122 320 1259 348 dissolttta
1285 329 1347 349 esse
1370 323 1540 358 captivitatis
1564 325 1644 356 mala,
1669 326 1734 359 quia

951 370 1126 400 peccatorum
1158 367 1319 394 memoriam
1351 367 1497 395 deleverat.
1527 368 1628 396 Deinde
1656 371 1736 404 jubet

953 416 981 438 ut
995 412 1094 446 podere
1111 420 1172 439 etttu
1189 413 1313 448 ittdnaul,
1325 414 1432 441 mitram
1450 418 1532 449 atque
1548 415 1662 442 eidarim
1682 417 1734 442 cir—

951 463 1128 492 componant,
1150 462 1179 484 ιιι
1199 458 1327 486 ostendat
1351 459 1479 486 traditam
1507 459 1532 486 ei
1548 460 1574 486 itt
1594 465 1734 494 posterum

949 503 1094 530 sacerdotii
1107 503 1268 539 dignitatem
1287 513 1293 531 :
1313 504 1386 539 quod
1405 512 1502 539 reapse
1513 505 1607 532 divino
1624 505 1736 532 decreto

947 548 1074 584 contigit.
1106 548 1153 576 His
1177 549 1269 581 dictis,
1298 550 1333 577 ob
1359 549 1565 585 signiﬁcandam
1588 551 1735 579 sacerdotii

947 594 1081 623 Israelitis
1097 596 1312 628 restitutionem,
1331 600 1359 624 et
1375 597 1546 624 sacerdotem
1557 597 1656 624 abhinc
1667 606 1734 624 con-

952 646 1031 668 sueto
1058 641 1214 668 ministerio
1235 642 1431 669 destinandnm
1457 642 1527 674 fore,
1551 643 1598 678 qui
1626 644 1736 678 proprio

950 686 1045 714 oI‘ilcio
1062 686 1231 714 confidenter
1255 691 1282 714 et
1293 693 1368 715 recto
1394 688 1458 723 jure
1479 689 1621 724 fungetur,
1648 689 1736 725 pergit

949 732 1039 760 dicere
1057 742 1063 759 :

116 778 200 809 αὐτοῖς
213 778 400 810 ἀποδεδόσθαι,
416 778 519 804 καὶτὸν
539 778 612 814 ἱερέα
636 777 714 804 πάλιν
734 777 779 804 ἐπὶ
803 778 854 812 τῆς
876 778 1006 813 συνήθους
1027 778 1201 811 ἐξετάζεσθαι
1222 779 1401 815 λειτουργίας,
1423 781 1472 816 τὴν
1494 782 1598 808 οἰκείαν
1621 781 1684 816 περὶ
1706 781 1737 807 τὸ

117 826 224 860 πρᾶγμα
239 824 395 860 παρρησίαν
408 833 437 851 τε
459 825 554 860 ἔχοντα
571 826 617 852 καὶ
632 825 765 858 ἐξουσίαν,
782 825 887 858 ἐπάγει*

148 871 217 905 Στίχ.
232 870 271 903 ς’,
289 871 311 903 ζ’

117 916 173 943 σοῦν
185 916 281 950 λέγων,
299 916 369 943 Τάδε
387 916 459 949 λέγει
480 916 580 951 Κύριος
597 917 793 951 παντοκράτωρ
804 924 810 930 ·
836 916 897 942 Ἐὰν

116 963 142 988 ὲν
152 965 208 993 ταίς
224 963 294 994 ὁδοῖς
311 971 362 997 μου
378 962 509 998 πορεύσῃ,
525 963 573 988 καὶ
589 962 636 989 ἐὰν
648 963 682 988 τὰ
699 961 899 998 προστάγματα

117 1017 162 1043 μου
177 1009 308 1045 φυλάξῃς,
328 1009 374 1036 καὶ
394 1009 425 1035 σὺ
447 1009 594 1043 διακρινεῖς
617 1008 662 1035 τον
677 1007 749 1034 οἶκόν
767 1016 833 1042 μου·
852 1009 898 1033 καὶ

115 1054 158 1079 ἐὰν
170 1054 357 1089 διαφυλάσσῃς
373 1054 422 1088 τὴν
438 1053 522 1088 αὐλήν
541 1061 602 1087 μου,
617 1052 665 1078 καὶ
677 1051 755 1078 δώσω
770 1052 899 1086 ἀναστρε-

116 1099 241 1134 φομένους
255 1100 284 1125 ἐν
297 1099 372 1134 μέσῳ
383 1098 435 1125 τῶν
448 1098 603 1133 ἑστηκότων
613 1097 724 1124 τούτων.
743 1107 751 1122 ι
774 1096 899 1122 Ἀκολού-

115 1144 164 1177 θως
182 1145 345 1181 ἁπειληςὸτι
361 1145 411 1180 τῆς
432 1145 582 1180 ἱερωσύνης
605 1145 654 1179 τὴν
673 1142 795 1176 ἐξουσίαν
811 1142 898 1169 ταῦτα

115 1190 232 1226 εἰρῆσθαί
246 1200 348 1226 φησιν·
364 1191 400 1223 ὡς
420 1190 452 1217 ἃν
465 1191 540 1226 γνοίη
555 1191 627 1221 ὅπως
642 1190 721 1216 αὐτὴν
737 1189 897 1224 μεταχειρίω

112 1236 200 1268 ζεσθαι
224 1238 349 1273 προτῆκε
369 1237 418 1272 τὴν
433 1236 611 1270 λειτουργίαν.
645 1235 706 1261 Ἐὰν
723 1234 788 1270 γὰρ,
812 1234 895 1269 φησι,

114 1283 239 1318 ἐπιμένῃς
267 1282 321 1308 τῶν
339 1282 583 1318 προστεταγμένων
599 1281 663 1316 παρ’
684 1281 751 1315 ἐμοῦ
770 1280 897 1316 φροντίδα

114 1327 282 1362 ποιούμενος,
301 1327 350 1363 ἔσῃ
367 1327 415 1361 μὲν
429 1327 457 1352 ἐν
473 1326 567 1361 ἱερέως
582 1325 709 1360 αὑθεντία
722 1325 822 1360 κρίνων
842 1326 898 1356 τοῖς

113 1374 189 1400 πᾶσι·
203 1374 249 1400 καὶ
266 1374 299 1408 τῇ
314 1372 380 1408 αὐλῇ
395 1372 422 1398 δὲ
433 1374 467 1407 τῇ
482 1372 534 1407 ἐμῇ
546 1372 595 1406 τὴν
610 1372 800 1408 προσήκουσαν
814 1370 898 1405 φυλα-

114 1418 160 1453 κὴν
173 1418 217 1444 διὰ
226 1419 260 1453 τῆ
268 1407 452 1449 ςνὲπιμελείας
467 1416 611 1452 προσάγων
623 1407 795 1450 τῆξοὶκείας.
810 1423 898 1450 παρα-

114 1463 225 1498 πέμψεις
241 1463 272 1490 δὲ
290 1462 338 1489 καὶ
353 1463 391 1492 είς
407 1461 544 1496 διαδίχους
563 1461 610 1496 τὴν
624 1461 716 1496 τιμὴν,
732 1460 756 1486 οἳ
771 1460 899 1494 γενήσον-

115 1517 156 1535 ται
168 1511 195 1536 ὲν
219 1509 297 1545 μέσῳ
317 1508 416 1539 παντὸς
429 1507 476 1534 τοῦ
494 1506 558 1533 λαοῦ
577 1507 625 1541 τὴν
642 1507 833 1541 προσήκουσαν
849 1506 894 1531 αὑ-

316 885 368 896 .—
382 879 390 895 t
406 870 460 897 Καὶ
473 871 486 896 ό
502 870 615 904 ἄγγελος
634 870 736 905 Κυρίου
752 869 821 905 πρὸς
843 871 896 904 Ἰη-

987 866 1068 895 Vsus.
1087 867 1114 899 6,
1131 867 1157 893 7.
1176 881 1210 887 —-
1224 877 1233 892 ε
1246 868 1279 895 Et
1289 869 1403 903 angelus
1411 867 1733 898 Dominidicebatlesu:

950 911 1010 939 Haec
1023 912 1061 939 ait
1076 912 1206 940 Dominus
1214 913 1386 947 omnipotens
1399 922 1405 939 :
1442 913 1470 940 Si
1488 914 1514 940 ιιι
1527 915 1576 942 viis
1593 916 1662 942 meis
1677 925 1719 942 am

949 958 1098 990 bulaveris,
1128 963 1156 986 et
1175 958 1305 986 mandata
1330 967 1390 986 mea
1414 961 1578 991 servaveris,
1596 966 1623 988 et
1639 965 1667 988 tu
1686 962 1736 989 do—

948 1012 1022 1031 mtlm
1040 1011 1126 1031 meam
1153 1003 1291 1038 iudicabis
1307 1013 1314 1031 :
1332 1008 1359 1032 et
1373 1004 1396 1032 si
1413 1006 1514 1033 atrium
1534 1014 1624 1034 meum
1641 1012 1736 1035 custo-

948 1050 1043 1082 dieris,
1072 1054 1099 1077 et
1122 1050 1192 1077 dabo
1219 1050 1268 1077 tibi
1295 1051 1342 1085 qui
1369 1055 1569 1079 couversentur
1589 1053 1617 1079 in
1646 1053 1736 1081 medio

949 1095 1081 1121 stantium
1099 1094 1228 1122 istorum.
1243 1104 1252 1119 ι
1269 1094 1428 1130 Opportune
1441 1097 1478 1123 ait
1493 1096 1566 1123 dicta
1580 1097 1636 1124 haec
1650 1098 1736 1126 fuisse

949 1140 1053 1166 homini
1073 1139 1122 1174 qui
1151 1140 1298 1168 sacerdotii
1325 1141 1484 1176 dignitatem
1508 1148 1677 1178 susceperat,
1706 1149 1736 1171 ut

949 1185 1019 1212 idem
1035 1189 1198 1216 agnosceret
1208 1187 1345 1220 quontodo
1365 1195 1459 1222 gerere
1483 1189 1664 1216 ministerium
1688 1191 1735 1217 tle-

950 1229 1034 1257 beret.
1048 1229 1076 1257 Si
1087 1231 1161 1258 enitn
1178 1233 1408 1266 perseveraveris,
1422 1234 1521 1268 inquit,
1543 1235 1569 1262 in
1585 1241 1736 1271 praecepto-

951 1282 1010 1301 rum
1025 1283 1147 1302 tneorum
1167 1277 1356 1310 observantia,
1375 1279 1496 1307 manebit
1513 1280 1561 1307 tibi
1576 1283 1736 1309 sacerdota-

949 1319 984 1346 lis
995 1321 1145 1349 auctoritas
1156 1321 1297 1355 judicaudi
1312 1322 1345 1350 de
1358 1324 1496 1352 omnibus.
1515 1324 1579 1352 Etsi
1593 1327 1664 1354 atrio
1676 1335 1736 1355 meo

950 1365 1156 1392 convenientem
1173 1367 1325 1394 custodiam
1343 1368 1488 1397 sedulitate
1501 1374 1547 1397 tua
1565 1371 1735 1405 adhibueris.

950 1409 1031 1444 308
1049 1411 1167 1445 posteris
1186 1419 1295 1447 quoque
1315 1413 1475 1448 dignitatem
1499 1419 1573 1443 tuam
1594 1419 1737 1446 transmit-

952 1460 1003 1486 tos.
1019 1456 1064 1490 qtti
1080 1457 1106 1484 in
1123 1448 1212 1483 medio
1226 1459 1346 1485 universi
1367 1460 1458 1494 populi
1472 1461 1535 1494 jure
1553 1462 1586 1489 ad
1609 1471 1638 1491 se
1653 1465 1738 1498 perti—

951 1507 1061 1529 nentem
1076 1503 1242 1530 exet-reboat
1257 1504 1405 1539 liturgiam.
1423 1505 1520 1533 Postea
1538 1508 1616 1542 regni
1627 1516 1737 1544 quoque

114 1557 165 1588 τοῖς
176 1544 351 1586 ἐκτελοῦντες
363 1553 542 1589 λειτουργίαν.
559 1550 625 1579 Εἶτα
640 1552 686 1579 καὶ
698 1552 746 1587 τῆς
759 1551 897 1586 βασιλείας

952 1548 1176 1576 instaurationem
1190 1549 1319 1580 iuuttens,
1344 1551 1381 1577 ait
1401 1560 1407 1578 :
1432 1553 1531 1584 «Audi.
1555 1553 1620 1581 Jesu
1642 1563 1736 1583 saCer-

113 1601 159 1637 τὴν
183 1601 408 1628 ἀποκατάστασιν
429 1599 527 1634 δηλῶν,
545 1598 616 1625 οὕτω
639 1598 713 1632 λέγει
726 1604 733 1610 ·
758 1597 805 1632 (p.
827 1597 898 1631 46$)

114 1655 124 1671 ι
141 1646 238 1672 ’Διιουε
263 1645 308 1680 δὴ,
340 1644 425 1679 Ἰησοῦ
446 1645 460 1670 ὁ
483 1643 573 1678 ἱερεὺς
593 1644 607 1669 ὁ
631 1642 726 1678 μέγας,
753 1642 784 1668 σὺ
807 1642 852 1669 καὶ
875 1642 899 1668 οἱ

113 1691 221 1727 πλησίον
246 1700 295 1718 σου
311 1692 335 1717 οἱ
355 1690 502 1725 καθήμενοι
518 1689 569 1724 πρὸ
588 1688 734 1724 προσώπου
752 1697 799 1714 σου
810 1697 816 1703 ·
831 1686 898 1714 διότι

113 1737 203 1772 ἄνδρες
215 1737 413 1773 τερατοσκόποι
429 1735 507 1762 εἰσίν.
528 1744 537 1760 ι
557 1735 616 1761 Ἴνα
630 1735 705 1770 εἴπῃ,
722 1733 792 1769 Πρὸς
808 1734 836 1759 σέ
855 1742 898 1767 μοι

112 1784 126 1809 ὸ
140 1783 226 1818 λόγος,
245 1784 293 1810 καὶ
317 1782 419 1813 πάντας
437 1781 500 1812 τοὺς
518 1781 566 1807 σὺν
588 1781 629 1806 σοι
651 1780 746 1815 ἄρχειν
765 1780 811 1806 τοῦ
833 1780 898 1805 λαοῦ

114 1829 358 1863 πεπιστευμένους,
371 1827 398 1854 ἐν
408 1835 438 1853 τε
451 1825 608 1861 διδασκαλίᾳ
625 1826 672 1852 καὶ
686 1825 815 1860 ἐξηγήσει
829 1825 901 1860 νομί-

115 1883 179 1908 μων,
196 1875 244 1901 καὶ
265 1876 300 1909 τῇ
316 1873 396 1908 λοιπῇ
414 1873 468 1899 τῶν
484 1873 523 1904 είς
540 1871 694 1898 θεοσέϐειαν
712 1871 832 1906 ἡκόντων
846 1871 900 1897 λει-

113 1920 222 1956 τουργίᾳ.
232 1929 239 1935 ·
255 1920 305 1951 οὓς
322 1919 536 1955 τερατοσκόπους
547 1918 590 1944 διὰ
605 1917 683 1949 τοῦτο
697 1916 784 1949 καλεῖ,
798 1916 834 1948 ὡς
846 1916 900 1942 τῶν

113 1965 184 2000 παρὰ
198 1965 244 1991 τοῦ
258 1964 329 1991 Θεοῦ
345 1963 501 1998 παραδόξως
515 1962 663 1997 γινομένων
676 1962 725 1993 τὰς
736 1961 826 1992 αίτίας
839 1969 901 1987 σχο-

113 2013 170 2037 πείν
181 2020 209 2037 τε
227 2012 276 2037 καὶ
292 2010 393 2036 εἰδέναι
406 2009 477 2041 οἴους
491 2017 521 2035 τε
535 2008 622 2040 ὄντας.
637 2008 669 2034 Τί
684 2005 730 2034 οὖν
744 2007 827 2042 φησί;

146 2056 218 2091 Στῐχ.
231 2059 265 2092 η’,
280 2056 315 2082 θ’.
325 2069 359 2075 -
371 2065 379 2080 t
397 2055 468 2081 Διότι
481 2054 536 2081 ίδοὺ
549 2054 604 2088 ἐγὼ
616 2054 674 2087 ἄγω
683 2053 728 2079 τὸν
741 2052 832 2079 δοῦλόν
849 2061 899 2087 μου

113 2101 251 2132 ἀνατολήν·
271 2101 341 2127 διότι
356 2100 427 2131 λίθος
442 2100 472 2126 ὂν
488 2099 576 2126 ἔδωκα
598 2099 651 2133 πρὸ
671 2097 818 2134 προσώπου
847 2098 900 2133 ’1η-

114 2146 171 2178 σοῦ,
187 2147 233 2173 ἐπὶ
254 2147 302 2173 τὸν
323 2145 396 2172 λίοον
414 2145 458 2171 τον
472 2145 520 2171 ἕνα
543 2144 614 2170 ἑπτὰ
633 2143 766 2178 ὀφθαλμοί
782 2143 861 2169 εἰσιν.
889 2152 898 2167 ι

117 2192 186 2226 Ἐγὼ
197 2193 263 2228 γὰρ,
280 2192 360 2226 φησὶ,
376 2191 421 2217 τὺν
432 2190 524 2217 δοῦλον
537 2190 581 2216 τὸν
595 2190 671 2225 ἐμὸν.
688 2189 734 2216 τὸν
749 2189 901 2224 Ζοροΰάῦελ

112 2237 206 2272 λέγων,
220 2238 270 2264 καὶ
282 2237 487 2272 ἀποκαθίστημι
503 2237 536 2271 τῇ
556 2235 688 2270 βασιλείᾳ,
707 2235 839 2269 ἀνατολῆς
851 2235 900 2269 οὐχ

111 2282 189 2318 ἦττον
205 2283 336 2319 λαμπρὸν
356 2284 389 2318 τῇ
403 2282 451 2316 τῆς
468 2281 529 2316 (sic)
546 2281 652 2315 ἐξουσίᾳ
666 2279 781 2311 δεικνύς.
801 2279 901 2306 Τοῦτον

111 2329 141 2364 δὴ
155 2329 249 2364 ὥσπερ
272 2328 337 2355 τινὰ
348 2327 420 2354 λίθον
430 2327 524 2362 τίθημι
548 2326 601 2360 πρὸ
621 2326 674 2352 τῶν
687 2325 833 2360 ὀφθαλμῶν
847 2324 901 2351 τῶν

113 2374 175 2404 σῶν,
199 2375 239 2408 ἐφ’
255 2371 336 2408 ᾧπερ
359 2371 517 2407 ἐστηρίχθαι
534 2380 562 2397 σε
585 2371 655 2407 χρὴ,
676 2371 830 2406 παρέχοντα
850 2370 900 2404 μὲν

113 2418 184 2454 αὑτῷ
205 2419 255 2454 τὴν
279 2419 314 2445 ὲκ
348 2417 403 2443 τῶν
431 2416 588 2452 προσευχῶν
599 2416 646 2442 καὶ
674 2416 723 2451 τῆς
750 2414 902 2449 ἱερωσύνης

114 2465 254 2498 βοήθειαν,
273 2462 454 2498 κομιζόμενον
473 2462 501 2488 δὲ
517 2461 580 2496 παρ’
597 2461 678 2488 αὐτοῦ
698 2460 748 2495 τὴν
773 2460 902 2494 σπουδὴν,

113 2511 144 2545 ἦν
156 2512 184 2537 ἐν
198 2511 254 2542 τοῖς
268 2509 341 2536 κατὰ
355 2507 408 2534 τῶν
424 2507 552 2534 ὲναντίων
567 2507 748 2533 ἐπιδείκνυται
763 2505 902 2539 πολέμοις,

112 2555 148 2587 ὡς
162 2556 193 2582 ἂν
206 2557 234 2582 ὲν
252 2556 352 2591 εἰρήνῃ
364 2554 501 2587 διάγοντες
514 2552 667 2587 ὲκτελοίητε
683 2552 732 2587 τὴν
753 2550 903 2586 ἱερωσύνην

113 2601 239 2632 δεόντως
266 2601 380 2636 θαῤῥεῐν
406 2600 433 2626 δέ
459 2608 489 2625 σε
507 2598 595 2633 τούτῳ
617 2597 739 2634 προσῆκε
764 2597 803 2632 τῷ
826 2595 902 2630 λίθῳ,

115 2647 181 2673 ἔπτὰ
196 2646 327 2682 μετέχειν
338 2644 416 2672 αὐτὸν
427 2644 573 2679 ὀφθαλμῶν
583 2642 737 2678 νομίζοντα.
753 2640 904 2669 Κάνταῦθα

115 2691 141 2719 δὲ
153 2692 192 2727 τῷ
206 2692 280 2719 ἑπτὰ
294 2692 346 2718 οὐκ
361 2691 407 2717 ἐπὶ
417 2689 608 2726 ἀκριϐολογίας
621 2688 738 2724 ἀριθμοῦ
749 2687 834 2722 λέγει,
845 2686 903 2714 ἀλλ’

116 2739 158 2766 ἵνα
171 2740 246 2775 εἴπῃ,
257 2739 301 2765 ὅτι
316 2738 462 2772 Δυνήσεται
472 2737 500 2763 δὲ
512 2735 600 2763 ταῦτα
614 2735 628 2761 ὁ
642 2733 792 2769 Ζοροϐάϐελ
804 2734 842 2764 είς
855 2733 904 2767 τὴν

102 2775 256 2819 ’βασιλείαν
274 2784 344 2819 παρ’
368 2783 435 2819 ὲμοῦ
451 2781 668 2818 προχειρισθεὶς,
690 2780 784 2815 ἐπειδὴ
805 2778 905 2814 πολλήν

118 2840 175 2858 τινα
187 2832 235 2859 καὶ
249 2831 356 2865 ἄφατον
369 2829 443 2864 αὐτῷ
456 2827 567 2863 παρέξω
576 2829 625 2862 τὴν
637 2825 752 2860 ὲποψίαν
763 2825 811 2860 τὴν
824 2823 904 2859 ἐμὴν,

118 2876 155 2912 (ιι.
175 2876 238 2912 465)
257 2876 307 2903 καὶ
328 2874 377 2910 τὴν
401 2873 557 2909 ἐπιμέλειαν
582 2871 627 2905 ἀφ’
653 2869 686 2907 ἧς
707 2879 734 2897 τι
762 2871 905 2906 γενήσεται

950 1593 1001 1620 dos
1021 1601 1128 1628 magne,
1144 1598 1170 1620 lu
1189 1598 1215 1620 et
1237 1595 1353 1629 proximi
1383 1597 1421 1624 tui
1438 1598 1484 1631 qui
1509 1599 1603 1626 sedent
1614 1605 1677 1628 ante
1693 1601 1735 1628 fa-

950 1638 1018 1665 ciem
1032 1642 1117 1671 tuam,
1133 1639 1196 1674 quia
1214 1640 1262 1666 viri
1273 1645 1439 1674 spectatores
1448 1647 1734 1676 portentorumsunt.»

953 1683 981 1710 ld
998 1688 1051 1716 est,
1074 1684 1115 1711 Ad
1127 1690 1152 1712 te
1163 1693 1254 1713 sermo
1281 1695 1358 1715 meus
1379 1693 1459 1723 atque
1473 1689 1507 1716 ad
1522 1698 1617 1718 omnes
1635 1691 1736 1725 quibus

951 1733 1041 1756 tecum
1060 1730 1151 1765 populi
1169 1731 1339 1767 principatus
1353 1735 1475 1761 creditus
1489 1739 1540 1768 est,
1561 1737 1735 1771 utmagiste-

952 1775 994 1802 rio
1015 1775 1137 1810 legisque
1154 1777 1379 1812 interpretatione
1398 1780 1560 1816 fungamini,
1581 1785 1609 1808 et
1631 1783 1737 1817 reliquo

952 1829 1044 1848 t-t-rum
1062 1821 1155 1849 divino
1170 1824 1256 1850 cultui
1280 1824 1450 1852 addictarum
1474 1827 1626 1854 ministerio
1644 1837 1650 1854 :
1667 1836 1737 1863 quos

951 1865 1076 1894 homines
1103 1868 1220 1902 appellat
1247 1873 1435 1903 portentorum
1476 1875 1657 1905 spectatores,
1687 1880 1736 1900 ceu

952 1919 1042 1939 rerum
1070 1917 1168 1947 prmter
1199 1915 1429 1949 exspectationem
1453 1924 1466 1942 a
1490 1916 1544 1943 Deo
1565 1921 1736 1951 patratarum

952 1965 1051 1986 causas
1079 1959 1254 1987 considerare
1275 1964 1302 1988 et
1322 1968 1490 1996 cognoscere
1516 1962 1639 1992 idoneos.
1667 1964 1737 1997 Quid

951 2011 1016 2039 ergo
1033 2005 1090 2031 ait?
1430 2001 1433 2003 ’

989 2049 1069 2077 Vsus.
1084 2051 1110 2081 8.
1127 2051 1154 2078 9.
1172 2065 1205 2070 —
1228 2061 1237 2077 ι
1252 2051 1320 2080 Ecce
1337 2053 1409 2080 enim
1424 2061 1474 2088 ego
1497 2053 1604 2081 adduco
1626 2062 1736 2083 servum

952 2104 1053 2128 meum,
1069 2095 1206 2124 Orientem
1224 2106 1231 2123 :
1248 2098 1310 2132 quia
1323 2098 1392 2133 lapis
1406 2107 1485 2134 quem
1494 2099 1556 2126 dedi
1568 2106 1629 2127 ante
1641 2100 1738 2128 faciem

951 2141 1031 2175 Jesu;
1045 2150 1127 2177 super
1143 2143 1260 2177 lapidem
1272 2152 1358 2176 ,ttntttn
1368 2149 1471 2179 septem
1484 2146 1555 2171 octtli
1566 2150 1639 2172 sunt.
1655 2157 1665 2172 ι
1683 2146 1737 2180 Ego

953 2187 1037 2219 enim,
1054 2187 1153 2221 inquit,
1169 2196 1278 2215 servum
1299 2197 1400 2221 utettttt,
1428 2189 1452 2216 id
1469 2193 1510 2216 est
1530 2190 1737 2221 Zorobabt-lem,

953 2240 1044 2267 rogent
1061 2233 1208 2263 constituo.
1226 2234 1275 2260 soli
1297 2234 1395 2261 orienti
1416 2235 1563 2268 splendore
1590 2243 1682 2270 pareat
1703 2237 1740 2263 ob

954 2278 1097 2313 dignitatis
1111 2286 1168 2306 sua:
1185 2279 1402 2314 amplitudinem.
1417 2279 1495 2307 Ilttuc
1507 2289 1570 2307 vero
1582 2289 1631 2308 cett
1646 2290 1726 2316 quem

953 2323 1016 2350 dam
1030 2324 1146 2358 lapidem
1165 2332 1286 2359 propono
1302 2333 1394 2352 coram
1417 2325 1504 2352 oculis
1518 2326 1584 2358 tuis,
1603 2327 1630 2353 in
1645 2334 1698 2360 quo
1715 2332 1742 2354 te

955 2370 1068 2397 ﬁrmiter
1082 2370 1132 2396 niti
1145 2375 1260 2404 oportet.
1278 2371 1421 2405 eidemque
1435 2371 1564 2398 exhibere
1587 2379 1698 2406 precum
1710 2377 1739 2400 et

954 2414 1098 2442 sacerdotii
1115 2415 1260 2447 auxilium,
1281 2416 1457 2450 vicissimque
1476 2417 1511 2443 ab
1524 2424 1556 2443 eo
1571 2416 1675 2444 referre
1698 2421 1742 2444 tu-

956 2461 1048 2492 telam,
1062 2468 1143 2496 quatn
1167 2461 1246 2488 bellis
1264 2464 1359 2488 contra
1383 2462 1477 2489 hostes
1492 2462 1621 2497 gerendis
1642 2470 1742 2498 repeti--

956 2506 1006 2539 dit,
1031 2509 1060 2532 ttt
1083 2513 1150 2540 pace
1176 2506 1298 2533 fruentes
1323 2507 1477 2534 sacerdotio
1498 2508 1549 2535 rite
1578 2507 1741 2543 fungamini.

956 2551 1099 2579 Conﬁdere
1114 2555 1203 2578 autem
1230 2555 1255 2578 te
1272 2552 1335 2579 huic
1350 2552 1432 2587 lapidi
1460 2557 1577 2588 oportet,
1597 2555 1625 2580 et
1639 2558 1742 2589 Septem

957 2605 1018 2624 eum
1032 2597 1131 2624 habere
1143 2597 1239 2624 oculos
1250 2597 1417 2625 existimare.
1430 2597 1488 2624 Jatn
1511 2598 1562 2626 hoc
1574 2601 1656 2627 etiam
1684 2600 1744 2626 loco

958 2643 1120 2669 vocabulum
1134 2646 1238 2678 septem
1254 2643 1327 2670 haud
1343 2644 1377 2671 de
1392 2647 1489 2671 exacto
1507 2652 1622 2672 numero
1637 2645 1685 2677 ait,
1696 2645 1743 2672 sed

960 2693 989 2716 ttt
1008 2689 1082 2716 dicat
1099 2689 1295 2716 Zorobabelem
1314 2689 1348 2716 ad
1371 2689 1428 2716 haec
1449 2689 1566 2717 validum
1588 2689 1655 2723 fore,
1671 2698 1686 2717 a
1703 2699 1745 2718 me

960 2734 1066 2761 Scilicet
1086 2734 1112 2760 in
1130 2741 1243 2768 regnum
1272 2734 1520 2768 provectum;quia
1537 2734 1561 2761 ei
1574 2735 1687 2760 multant
1704 2739 1746 2760 at-

959 2789 1012 2816 que
1028 2779 1190 2807 ineﬂ'abilem
1216 2779 1412 2813 providentiam
1429 2787 1515 2806 meatn
1531 2787 1680 2814 curamque
1693 2781 1744 2806 im-

959 2826 1086 2862 pendam,
1096 2833 1148 2860 qua
1164 2825 1252 2859 majus
1264 2825 1462 2853 incrementum
1475 2826 1573 2860 capiet,
1590 2835 1598 2851 t
1615 2825 1682 2853 Ecce
1696 2834 1747 2860 ego.

960 2871 1034 2900 fodio
1051 2871 1167 2905 foveam,
1191 2871 1256 2899 dicit
1272 2870 1404 2899 Dominus
1425 2871 1609 2906 omnipotens,
1638 2877 1656 2898 ιι
1681 2879 1746 2898 con-
