1969 3069
229 180 284 209 εις-ι

818 175 992 205 TllliOliom
1014 175 1255 204 MOPSUESTENI

1807 175 1859 203 5%8

231 239 356 269 trectabo
369 245 478 266 omnem
495 237 667 272 iniquitatem
683 241 762 264 teri-te
777 236 849 263 illius
867 237 911 263 die
927 243 991 263 una.
1008 246 1016 262 ι

1075 237 1162 263 πλέον,
1189 246 1198 261 ‹
1233 236 1298 263 Ἰδοὺ
1321 235 1376 270 ἐγὼ
1399 234 1506 270 ὸρύσσω
1531 234 1644 271 βόθρον,
1665 235 1739 269 λέγει
1758 236 1861 271 Korn;

232 286 307 312 Adeo
334 284 408 311 illuni
428 289 568 318 potentem
591 281 719 312 elliriam.
745 287 774 308 ut
798 289 894 308 omnes
921 281 1022 308 virtute

233 339 281 358 sna
295 331 390 358 bellica
408 330 501 356 hostes
512 329 619 364 fugatis,
636 328 715 362 quasi
738 327 815 355 fovea
829 327 945 362 quadam
961 328 1020 354 exi-

232 377 271 404 tio
293 384 341 404 eos
368 377 477 406 obruat,
503 383 569 402 mea:
593 373 705 401 ultionis
734 373 866 403 minister,
877 377 1021 407 propterea

232 422 314 458 309
327 422 399 457 qttod
415 422 467 448 mri
481 421 553 455 juris
568 424 669 446 terram
690 420 792 446 violare
810 419 956 450 voluerint,
976 418 1021 445 cui

232 477 283 504 ego
296 476 384 503 regem
408 474 526 503 pueesse
543 470 702 493 statueram.
725 464 785 491 Mox
804 465 896 491 auxilii
914 472 1022 499 quoque

233 514 450 550 magnitudinem
466 511 625 542 ostendens,
646 515 673 538 et
690 517 859 546 quantopere
873 518 887 537 a
905 511 1023 538 Zoroba-

234 561 303 588 belis
333 567 385 594 ope
416 559 513 586 bellica
535 557 649 592 juvandi
677 559 750 584 sint:
782 557 851 583 «Die
877 557 933 589 illa,
957 557 1024 584 dicit

235 606 370 633 Dominus
385 605 571 639 omnipotens,
584 603 750 630 eonvocabit
764 603 952 637 unusquisque
961 610 1023 636 pro-

234 653 337 680 ximum
356 659 435 679 suum
450 652 501 678 sub
515 650 593 677 licunt
610 657 698 677 snam.
715 659 723 675 ι
742 649 774 676 Et
790 649 881 676 hostes
900 649 1021 683 quidem,

236 699 287 725 ltoc
303 698 372 725 duce
386 698 431 724 illa
447 697 600 731 patientur;
621 697 668 732 qui
690 701 780 723 autem
797 697 830 726 de
850 697 942 731 populi
970 695 1022 722 mei

236 752 351 772 munero
365 748 456 773 erunt,
477 743 560 770 multa
577 751 639 770 cum
658 743 799 778 voluptate
822 743 947 778 frugibus
964 742 1023 769 suis

235 796 391 823 vesrentur,
415 791 451 817 ita
479 794 509 817 ut
535 791 618 817 etiam
641 790 772 817 continuo
789 789 821 816 ad
840 795 934 816 mutua
959 796 1024 815 con-

235 838 305 864 vivia
324 838 450 864 invitent.
480 836 569 870 Atque
592 836 723 863 hactenus
745 835 827 863 dictis
843 834 918 870 regni
934 839 961 862 et
978 841 1024 862 sa-

235 883 349 910 cerdotii
372 882 560 909 demonstrata
587 881 797 912 instauratione,
823 881 922 908 deinde
947 880 1024 915 ponit

236 929 428 956 rcvelationem
453 928 532 955 aliam
554 927 713 954 necessario
731 935 845 962 prorsus
876 929 937 961 post
959 934 1023 961 prte-
1041 918 1062 945 Β

235 975 306 1002 dicta
321 975 373 1002 sibi
389 974 519 1001 oblatam.
534 972 579 1000 Sic
593 980 658 1008 ergo
672 973 738 1000 dicit
754 983 761 1000 :

1072 283 1282 318 παντοκράτωρ,
1294 283 1341 309 καὶ
1354 282 1509 317 ψηλαφήσω
1524 282 1614 308 πᾶσαν
1629 281 1678 316 τὴν
1691 281 1798 308 ἀδικίαν
1811 281 1861 316 τῆς

1072 329 1124 363 γῆς
1141 329 1249 363 ἐκείνης
1266 329 1295 354 ἐν
1310 328 1404 364 ἡμέρᾳ
1420 328 1479 363 μιᾷ.
1498 337 1508 357 ι
1525 327 1604 354 Οὕτω
1617 327 1670 362 γὰρ
1683 327 1764 354 αὐτὸν
1777 327 1863 362 ἐργά-

1073 384 1154 410 σομαι
1168 375 1289 407 δυνατὴν,
1307 375 1377 401 ὥστε
1390 374 1494 405 πάντας
1505 374 1549 401 διὰ
1563 374 1612 409 τῆς
1625 374 1728 400 ἐκείνου
1745 381 1863 408 στρατη-

1072 421 1135 456 γίας
1148 422 1210 452 τοὺς
1226 421 1373 455 πολεμίους
1387 420 1555 456 τρεπόμενος
1565 440 1573 451 ,
1591 419 1687 455 ὥσπερ
1705 419 1793 455 βόθρῳ
1808 421 1862 446 τινὶ

1072 468 1106 502 τῇ
1131 467 1253 501 ἀπωλείᾳ
1279 466 1451 501 περιϐάλλειν
1474 466 1518 492 διὰ
1546 467 1593 500 τῆς
1621 465 1691 500 ἐμῆς
1711 465 1863 500 τιμωρίας,

1072 513 1143 548 ὑπὲρ
1159 509 1196 539 ὧν
1216 512 1248 539 ἂν
1269 513 1373 539 ἀδικεῖν
1387 512 1502 539 ἕλωνται
1519 513 1569 547 τὴν
1592 512 1653 546 ἐμοὶ
1671 513 1863 548 προσήκουσαν

1073 558 1126 593 γῆν
1136 578 1143 589 ,
1155 555 1246 593 ἧσπερ
1262 555 1308 585 οὖν
1324 558 1407 591 ἔταξα
1424 559 1589 593 προεστάναι
1602 557 1648 584 τὸν
1663 557 1783 592 βασιλέα
1796 555 1864 583 Εἶτα

1074 605 1122 630 καὶ
1135 604 1165 630 τὸ
1184 604 1233 639 τῆς
1250 604 1376 639 βοηθείας
1392 603 1505 639 μέγεθος
1518 604 1636 635 δεικνὺς,
1654 600 1711 630 οἶόν
1723 611 1753 629 τε
1767 603 1799 629 ὲκ
1813 602 1864 637 τῆς

1074 648 1120 675 τοῦ
1143 649 1295 684 Ζοροϐάϐελ
1320 649 1503 676 ἀπολαύσουσι
1522 649 1704 684 στρατηγίας,
1728 658 1737 674 ι
1764 648 1808 674 Ἐν
1829 649 1863 682 τῇ

1074 694 1166 730 ἡμέρα
1180 696 1281 731 ἐκείνῃ.
1299 696 1372 730 λέγει
1388 696 1487 732 Κύριος
1502 696 1709 732 παντοκράτωρ,
1728 695 1864 729 συγκαλέ-

1075 749 1150 766 σεται
1173 741 1287 772 ἕκαστος
1306 741 1351 767 τὸν
1376 742 1488 776 πλησίον
1515 741 1597 768 αὑτοῦ
1625 741 1753 768 ὑποκάτω
1779 740 1865 775 συκῆς

1075 787 1168 814 αὐτοῦ.
1189 797 1198 813 ι
1221 789 1252 814 Ol
1275 788 1324 823 μὲν
1341 788 1395 823 γὰρ
1414 788 1506 824 ἐχθροὶ
1528 788 1623 815 τούτου
1648 787 1866 824 στρατηγοῦντος

1076 835 1214 861 πείσονται
1225 835 1326 861 ὲκείνα-
1342 836 1366 861 οί
1380 835 1408 862 δὲ
1418 835 1456 870 τῷ
1470 835 1527 871 λαῷ
1541 836 1725 871 προσήκοντες
1738 835 1778 870 τῷ
1792 834 1865 870 ὲμῷ,

1078 881 1147 916 μετὰ
1170 881 1269 917 πολλῆς
1291 881 1340 916 τῆς
1361 881 1458 917 ἡδονῆς
1475 881 1659 908 ἀπολαύσουσι
1679 881 1733 908 τῶν
1756 881 1867 907 οἰκείων

1078 927 1202 963 καρπῶν,
1224 927 1293 954 ὥστε
1309 928 1356 954 καὶ
1372 927 1491 962 συνεχῶς
1513 928 1559 954 ἐπὶ
1582 927 1702 954 ἑστίασιν
1720 927 1866 961 συγκαλεῖν

1079 973 1221 1008 ἀλλήλους.
1249 973 1292 999 Ἑν
1311 973 1339 1000 δὲ
1356 974 1462 1004 τούτοις
1480 974 1530 1009 τῆς
1546 982 1575 999 τε
1593 973 1732 1008 βασιλείας
1749 973 1795 1000 καὶ
1816 973 1867 1008 τῆς

235 1021 386 1056 leguming
403 1020 452 1055 τὴν
466 1020 687 1047 ἀποκατάστασιν
704 1019 837 1055 δηλώσας,
859 1019 922 1054 ἑξῆς
943 1019 1049 1055 τίθησιν
1065 1020 1236 1054 ἀποκάλυψιν
1259 1020 1330 1055 μάλα
1353 1029 1385 1054 γε
1408 1020 1563 1054 ἀναγκαίως
1579 1021 1624 1047 ἐπὶ
1639 1022 1695 1052 τοῖς
1711 1021 1867 1056 εἰρημένοις

235 1066 309 1101 αὐτῷ
324 1066 485 1101 δειχθεῖσαν.
500 1065 582 1099 Λέγει
595 1065 623 1091 δὲ
635 1064 720 1096 οὕτως
730 1071 736 1079 ·

558 1110 634 1138 CAP.
652 1109 695 1137 IV.

269 1158 354 1186 Vt-ztts.
374 1157 430 1185 1-5.
449 1170 486 1177 -——
505 1166 514 1182 ι
527 1156 560 1184 Et
576 1164 704 1184 reversus
723 1159 766 1183 est
787 1155 901 1190 angelus
919 1155 964 1189 qui
987 1155 1027 1181 lo-

235 1205 370 1240 quebatur
381 1203 409 1230 in
424 1211 478 1235 me,
494 1207 519 1230 et
537 1202 684 1230 suscitavit
695 1210 738 1229 me
753 1202 826 1229 sicut
837 1201 965 1229 suscitari
979 1208 1026 1227 so—

236 1250 272 1276 let
288 1249 368 1275 ltomo
390 1247 424 1274 de
438 1254 535 1275 somno
563 1254 625 1274 suo.
644 1246 771 1281 Dixitque
793 1246 859 1272 mibi
877 1245 966 1278 :Qnid
995 1249 1024 1272 ιιι

236 1293 327 1321 vides?
342 1303 351 1319 ι
371 1292 479 1320 Rursus
504 1292 630 1327 angelum
647 1292 675 1318 in
693 1299 722 1318 se
742 1292 897 1326 loquentem
914 1291 1026 1318 denotat

235 1341 311 1367 illum
339 1340 458 1366 humana
479 1338 566 1366 forma
592 1339 735 1373 prteditunt
759 1337 805 1373 qui
828 1339 900 1364 inter
915 1342 1024 1364 montes

236 1385 381 1412 umbrosus
403 1391 473 1419 equo
489 1384 548 1410 rufo
574 1383 697 1410 insidens
723 1387 897 1418 apparuerat.
924 1382 1024 1409 Didici-

236 1438 298 1458 mus
312 1430 384 1457 enim
398 1429 466 1457 satis
480 1429 630 1461 evidenter,
643 1436 676 1456 ex
693 1429 892 1464 superioribus,
908 1428 1024 1464 prophe-

236 1481 290 1503 tam
309 1476 343 1503 de
359 1476 405 1502 illo
432 1475 491 1510 ipso
508 1476 535 1502 in
562 1482 592 1503 se
612 1475 740 1510 loquente
757 1475 858 1510 ttbique
881 1474 963 1502 verba
982 1475 1023 1501 l'a-

235 1529 307 1551 ecre,
332 1528 347 1547 a
361 1529 415 1556 quo
429 1529 501 1548 nunc
516 1520 599 1548 etiam
621 1528 651 1548 se
669 1521 818 1548 excitatum
843 1521 920 1552 dicit.
945 1522 1024 1556 quasi

235 1567 457 1603 somnoqnodant
473 1567 591 1602 sopitum
604 1567 639 1594 ob
647 1566 839 1601 praadietarum
851 1574 942 1594 rerqu
957 1575 1023 1594 con-

1405 1108 1483 1134 ΚΕΦ.
1501 1110 1537 1134 Δ’.

1110 1152 1185 1187 Στίχ.
1198 1155 1327 1186 α’-γ’.-ι
1341 1152 1392 1179 Καὶ
1409 1154 1576 1190 ἐπέστρεψεν
1591 1156 1604 1182 ὁ
1619 1155 1732 1190 ἄγγελος
1747 1158 1761 1183 ὁ
1776 1157 1867 1185 λαλῶν

1075 1198 1105 1224 ἐν
1121 1199 1192 1234 ἐμοὶ,
1209 1199 1255 1225 καὶ
1270 1199 1395 1235 ὲξὴγειρέ
1416 1209 1460 1235 με,
1474 1201 1503 1227 ὃν
1516 1202 1616 1237 τρόπον
1627 1203 1665 1229 ὅτ’
1684 1203 1717 1230 ἂν
1736 1204 1866 1240 ἐξεγερθῇ

1075 1244 1218 1281 ἄνθρωπος
1233 1244 1261 1278 ἐξ
1280 1245 1364 1272 ὕπνου
1380 1246 1473 1272 αὑτοῦ·
1490 1247 1537 1274 καὶ
1558 1245 1618 1274 εἶπε
1634 1249 1702 1283 πρός
1717 1258 1768 1284 με’
1780 1251 1813 1277 Τί
1832 1253 1867 1278 σὺ

1077 1290 1185 1325 βλέπεις
1195 1299 1202 1324 ;
1220 1301 1228 1316 ι
1235 1291 1368 1325 ’Ἄγγελον
1378 1293 1457 1319 πάλιν
1466 1293 1510 1320 τὸν
1519 1295 1547 1320 ὲν
1556 1295 1630 1330 αὐτῷ
1638 1295 1769 1322 λαλοῦντα
1776 1297 1868 1332 δηλῶν

1076 1337 1179 1362 ἐκεῖνον
1187 1336 1231 1362 τὸν
1240 1337 1267 1362 ἐν
1274 1336 1417 1372 ἀνθρώπου
1425 1339 1516 1373 μορφῇ
1526 1340 1554 1365 ἐν
1564 1340 1638 1376 μέσῳ
1648 1340 1700 1367 τῶν
1709 1344 1868 1370 κατασκίων

1075 1382 1161 1417 ὀρέων
1175 1382 1217 1416 ἐφ’
1233 1383 1316 1421 ἵππου
1330 1383 1447 1417 φανέντα
1463 1385 1567 1420 πυῤῥοῦ
1578 1394 1585 1401 ·
1598 1387 1798 1423 μεμαθήκαμεν
1811 1391 1868 1426 γὰρ

1076 1428 1108 1453 ἐκ
1124 1428 1178 1453 τῶν
1196 1427 1339 1464 ἀνωτέρων
1357 1429 1487 1463 ἁκριῧὼς,
1505 1431 1545 1456 ὃτι
1561 1432 1641 1458 αὑτὸν
1656 1433 1759 1460 ἐκεῖνον
1773 1435 1802 1460 ἐν
1818 1436 1869 1461 αὺ-

1075 1473 1114 1508 τῷ
1136 1473 1268 1501 λαλοῦντα
1289 1475 1427 1510 πανταχοῦ
1451 1475 1541 1510 λέγει·
1564 1478 1611 1512 (p.
1629 1478 1692 1515 466)
1709 1479 1737 1506 ὃν
1755 1481 1801 1507 καὶ
1818 1480 1868 1507 νῦν

1079 1528 1162 1555 φησιν
1186 1520 1323 1556 ἐξεγεῖραι
1345 1521 1395 1556 μὲν
1421 1522 1502 1548 αὑτὸν
1525 1523 1562 1554 ὠς
1585 1524 1618 1550 ἂν
1637 1524 1666 1558 ἐξ
1689 1525 1774 1552 ὕπνου
1793 1528 1868 1559 τινὸς

1079 1567 1260 1601 κατεχόμενον
1277 1568 1310 1602 τῇ
1321 1567 1374 1594 τῶν
1390 1568 1440 1603 ἤδη
1453 1568 1615 1609 δειχθέντων
1630 1570 1731 1607 θεωρία
1741 1581 1747 1586 ·
1763 1573 1827 1608 περὶ
1837 1573 1868 1600 δὲ

236 1614 458 1650 temptationem;
484 1617 510 1641 et
525 1613 558 1640 de
579 1617 713 1648 praesente
739 1616 847 1640 ostento
867 1613 1022 1648 interroga-

1076 1613 1130 1639 τῶν
1140 1613 1188 1640 νῦν
1200 1613 1382 1648 δεικνυμένων
1394 1614 1474 1641 πάλιν
1487 1615 1630 1650 ἐρωτῶντα
1642 1617 1722 1643 αὐτδν
1735 1618 1749 1644 ὃ
1760 1626 1786 1644 τι
1799 1619 1866 1645 ποτὲ

236 1665 304 1691 tum.
319 1660 450 1695 quidnam
475 1659 578 1687 videret
595 1669 602 1687 :
618 1664 648 1686 ut
666 1659 724 1694 ipse
742 1659 870 1687 videlicet
890 1659 1023 1686 visionem

235 1712 312 1732 suam
321 1706 459 1736 recitaret.
493 1705 539 1733 ille
556 1709 647 1733 autem
670 1707 771 1733 ostenti
801 1713 912 1733 sensum
932 1706 1025 1740 expla-

235 1755 325 1779 naret.
342 1760 351 1777 ‹
367 1751 399 1778 Ει
416 1752 472 1778 dixi
489 1760 495 1778 :
536 1751 610 1783 Vidi,
637 1755 664 1779 et
676 1759 740 1779 ecce
760 1751 956 1779 candelabrum
973 1760 1024 1779 tiu--

236 1805 323 1829 reum,
337 1802 364 1824 et
379 1797 484 1832 lampas
497 1805 581 1832 super
594 1797 665 1832 ipso,
683 1802 709 1824 et
724 1797 842 1824 lucorum
858 1801 961 1831 septem
978 1804 1024 1824 su-

236 1851 283 1877 per
296 1843 401 1875 eodem,
415 1849 468 1868 una
487 1842 673 1874 dextrorsum,
693 1843 779 1869 altera
793 1841 994 1869 sinistrorsum.
1011 1852 1020 1868 ι

235 1887 434 1915 Candelabrum
447 1887 566 1922 quidem,
590 1887 719 1915 indicium
744 1887 842 1914 divinat
855 1887 949 1922 gratia:
969 1891 1022 1920 est,

235 1934 263 1961 in
274 1930 346 1960 'tcrra
365 1933 475 1968 quidem
493 1941 641 1966 succensas,
667 1934 713 1961 sed
734 1941 820 1968 usque
836 1933 870 1960 ad
889 1941 933 1961 res
950 1935 1022 1960 ultra

235 1983 334 2006 terrain
349 1979 453 2014 positas
468 1979 654 2012 devenientis;
676 1980 775 2014 quippe
791 1987 850 2014 quae
870 1980 962 2006 omnia
978 1979 1024 2006 ad-

236 2025 391 2052 ministrat:
410 2033 491 2061 quam
514 2026 596 2052 etiam
615 2025 697 2061 310
715 2030 799 2058 recte,
823 2033 872 2053 ceu
892 2025 1022 2060 grandem

235 2076 315 2106 atque
331 2072 474 2101 illustrem.
493 2071 560 2098 vidit
575 2079 684 2099 auream
703 2076 798 2103 totam,
812 2071 877 2106 quia
891 2079 944 2106 pne
958 2079 1023 2106 qna-

235 2119 299 2146 libet
324 2121 431 2144 terrena
453 2117 566 2144 materia
593 2117 822 2153 pretiosissimum
850 2126 946 2145 aurum
969 2122 1020 2145 est.

234 2163 293 2191 Jam
311 2164 414 2198 lampas
427 2163 467 2190 illi
489 2163 617 2198 impos‘ta
633 2163 806 2191 demonstrat
820 2164 972 2191 radiantem
988 2164 1022 2190 ab

234 2210 289 2235 alto
300 2216 381 2243 super
397 2215 492 2235 omnes
510 2208 662 2246 terrigenas
674 2216 705 2235 ex
715 2209 808 2236 divina
821 2209 908 2244 gratia
921 2209 1020 2236 lucem.

235 2253 313 2281 Videt
329 2257 420 2280 autent
437 2252 564 2279 lucernas
576 2257 691 2288 septem,
707 2258 735 2280 ιιι
749 2254 946 2288 perfectionem
974 2262 1021 2282 co-

1077 1657 1181 1692 βλέποι,
1200 1658 1233 1685 ἵν’
1247 1659 1262 1684 ὁ
1278 1658 1327 1693 μὲν
1341 1659 1404 1694 εἴπῃ
1419 1659 1468 1694 τὴν
1480 1659 1549 1694 ὄψιν,
1567 1661 1581 1687 6
1596 1661 1624 1687 δὲ
1639 1661 1693 1688 τῶν
1706 1662 1868 1697 δειχθέντων

1074 1703 1182 1739 δηλώσῃ
1195 1703 1240 1731 τὴν
1252 1703 1322 1731 νοῦν.
1339 1704 1419 1739 Λέγει
1430 1704 1517 1732 τοίνυν
1527 1714 1534 1721 υ
1551 1716 1560 1732 ι
1580 1707 1635 1733 Καὶ
1647 1705 1738 1735 εἷπον·
1759 1708 1867 1744 Ἑώρα-

1075 1759 1109 1776 κα
1121 1772 1127 1783 ,
1150 1751 1197 1777 καὶ
1221 1750 1276 1777 ἰδοὺ
1300 1750 1395 1785 λυχνία
1414 1751 1502 1786 χρυσῆ
1517 1751 1565 1786 ὅλη
1576 1772 1582 1783 ,
1600 1753 1647 1779 καὶ
1668 1753 1698 1780 τὺ
1713 1753 1868 1789 λαμπάδιον

1074 1796 1167 1823 suam
1186 1797 1281 1832 αὐτῆς.
1301 1798 1347 1824 καὶ
1370 1799 1441 1825 ἑπτὰ
1464 1798 1555 1834 λύχνοι
1578 1799 1671 1826 ἐπάνω
1696 1800 1798 1835 αὐτῆς”
1817 1802 1868 1828 καὶ

1073 1841 1121 1868 δύο
1142 1841 1229 1868 ἐλαῖαι
1243 1842 1336 1868 ἐπάνω
1351 1842 1437 1878 αὐτῆς
1447 1863 1454 1875 ,
1470 1843 1519 1878 μία
1538 1844 1569 1869 ἐκ
1583 1843 1679 1876 δεξιῶν
1693 1845 1740 1871 τοῦ
1752 1845 1867 1880 λαμπα-

1073 1888 1129 1914 δίου
1143 1888 1237 1923 αὐτῆς,
1257 1888 1303 1915 καὶ
1318 1888 1367 1924 μία
1382 1889 1412 1921 ἐξ
1425 1889 1582 1924 εὐωνύμων.
1605 1899 1614 1916 ι
1641 1890 1672 1917 Ἦ
1687 1891 1736 1926 μὲν
1754 1891 1865 1927 λυχνία,

1074 1933 1190 1974 δήλωσις
1202 1934 1251 1969 τῆς
1267 1934 1343 1966 θείας
1355 1934 1465 1970 χάριτός
1479 1935 1563 1966 ἐστιν,
1575 1935 1730 1972 ἁπτομένης
1747 1937 1796 1972 μὲν
1809 1938 1867 1964 τῶν

1074 1980 1120 2006 ἐπὶ
1135 1979 1196 2014 γῆς,
1215 1979 1362 2016 διηκούσης
1377 1981 1405 2007 δὲ
1422 1980 1486 2015 ἄχρι
1503 1980 1556 2006 τῶν
1572 1981 1642 2016 ὑπὲρ
1666 1981 1717 2017 γῆν
1735 1985 1867 2019 πραγμά-

1073 2034 1138 2057 των,
1153 2026 1200 2052 ὃιτε
1214 2026 1268 2052 τῶν
1282 2026 1409 2053 ἁπάντων
1427 2028 1512 2062 ταύτῃ
1531 2026 1724 2060 διοικουμένων
1736 2037 1742 2043 ”
1763 2029 1796 2064 ἢν
1818 2031 1867 2056 καὶ

1074 2073 1186 2104 εἰκότως
1203 2072 1240 2104 ὡς
1261 2073 1383 2108 μεγάλην
1403 2081 1431 2098 τε
1448 2073 1495 2099 καὶ
1510 2073 1662 2108 περιφανῆ,
1681 2075 1785 2110 χρυσῆν
1801 2076 1866 2111 ἕλην

1073 2118 1153 2146 εἶδεν.
1187 2119 1295 2155 Ἐπειδὴ
1311 2119 1410 2155 χρυσὸς
1429 2121 1541 2147 ἁπασῶν
1565 2121 1619 2147 τῶν
1641 2121 1694 2147 ἀπὸ
1717 2122 1769 2157 γῆς
1793 2122 1867 2148 ὑλῶν

1074 2166 1132 2191 ἐστι
1153 2165 1183 2191 τὸ
1204 2164 1366 2200 τιμιώτατον
1379 2173 1386 2183 ·
1404 2166 1434 2192 τὺ
1453 2166 1481 2192 δὲ
1502 2167 1594 2193 ἐπάνω
1608 2167 1691 2202 αὐτῆς
1712 2167 1867 2203 λαμπάδιον

1072 2212 1148 2246 δηλοῖ
1164 2211 1194 2238 τὸ
1209 2212 1241 2238 ὲκ
1253 2211 1304 2246 τῆς
1316 2211 1426 2248 χάριτος
1441 2212 1490 2247 τῆς
1503 2212 1578 2244 θείας
1593 2213 1621 2246 ἐξ
1642 2213 1726 2248 ὕψους
1741 2214 1867 2246 ἅπαντας

1074 2259 1136 2289 τοὺς
1152 2258 1197 2284 ἐπὶ
1210 2258 1261 2293 γῆς
1277 2257 1447 2293 περιλάμπον
1460 2258 1517 2293 φῶς
1526 2267 1533 2273 ⁸
1546 2259 1617 2286 ἑπτὰ
1630 2259 1658 2285 δὲ
1672 2259 1786 2295 λύχνους
1799 2262 1863 2297 ὁρᾷ,

234 2301 361 2335 piamque
389 2298 483 2334 gratiae
506 2299 649 2332 ostendat;
680 2299 763 2327 veluti
782 2300 910 2334 superius
931 2300 1021 2327 aiebat

1075 2304 1103 2330 τὸ
1115 2303 1215 2330 τέλειόν
1233 2312 1261 2329 τε
1280 2304 1326 2330 καὶ
1348 2304 1473 2330 πλούσιον
1487 2305 1536 2340 τῆς
1556 2305 1665 2340 χάριτος
1679 2306 1804 2338 δεικνύς·
1826 2308 1865 2339 ὡς

234 2347 315 2379 Deus,
335 2356 343 2370 I
357 2351 441 2378 super
451 2351 505 2371 uno
515 2343 604 2378 lapide
614 2344 708 2372 oculos
718 2349 832 2379 septem,
844 2356 852 2369 ι
869 2345 904 2372 ob
918 2346 1022 2381 signiti-

234 2391 348 2419 candam
375 2389 553 2424 providentiae
581 2397 637 2415 sua:
659 2390 886 2424 magnitudinem.
921 2390 1023 2419 Deinde

235 2444 327 2464 narrat
341 2437 469 2470 utrinque
495 2435 523 2462 in
548 2435 714 2462 candelabro
735 2437 821 2467 oleas,
847 2437 1022 2464 dextrorsum

234 2490 326 2511 unam,
340 2482 529 2509 sinistrorsum
546 2481 658 2508 alteram
679 2489 759 2516 :quaa
780 2490 823 2509 res
839 2490 953 2517 regnum
972 2483 1022 2510 de-

234 2527 343 2554 notabat
371 2535 402 2554 ac
423 2526 696 2561 sacerdolitnn;quze
716 2527 771 2554 duo
794 2527 936 2563 dignitatis
959 2528 1020 2554 cul-

234 2573 305 2599 mina
319 2573 389 2600 inter
402 2574 526 2601 lm'nines
542 2581 604 2600 esse
621 2572 693 2600 Deus
708 2574 849 2600 constituit
870 2579 914 2601 :et
932 2574 1020 2600 abillo

232 2619 342 2652 quidem
363 2619 471 2653 negotia
493 2619 618 2649 tractari,
644 2627 705 2653 quae
731 2620 763 2646 ad
795 2621 938 2655 praesentis
959 2621 1020 2647 vita:

232 2667 332 2690 statum
350 2669 414 2691 sunt
430 2665 545 2697 idonea;
559 2665 593 2692 ab
608 2665 659 2692 ltoc
679 2672 767 2694 autem
789 2667 911 2694 homines
933 2674 1020 2701 usque

231 2710 264 2737 ad
287 2709 369 2737 Deum
390 2710 538 2739 admoveri.

269 2755 351 2783 Vsus.
374 2756 431 2783 Η.
451 2772 486 2777 -
507 2757 654 2794 Postquam
676 2759 733 2786 hate
750 2759 847 2793 angelo
868 2766 896 2786 se
917 2759 1019 2787 vi-lisse

231 2801 301 2829 dixit
318 2801 460 2836 propheta,
480 2803 519 2830 sic
541 2805 715 2839 prosequitur
733 2815 739 2832 ι
758 2814 766 2829 ι
782 2804 814 2831 Et
839 2805 1016 2840 interrogavi,

230 2847 342 2882 dixique
375 2848 482 2883 angelo,
511 2850 557 2884 qui
584 2850 747 2884 loquebatur
769 2851 796 2877 in
819 2858 873 2882 me,
900 2851 1016 2878 dicens:

229 2892 298 2927 Quid
316 2899 380 2922 sunt
393 2894 462 2928 hzcc,
475 2894 606 2923 Domine?
617 2895 821 2931 Responditque
837 2896 948 2932 angelus
969 2897 1015 2931 qui

1074 2349 1202 2385 ἀνωτέρω
1223 2349 1296 2384 λέγει
1318 2350 1359 2382 τὸ,
1382 2360 1391 2375 ι
1418 2351 1478 2377 Ἐπὶ
1499 2351 1545 2377 τὸν
1565 2351 1637 2378 λίθον
1658 2352 1703 2378 τὸν
1723 2353 1770 2379 ἕνα
1793 2354 1866 2380 ἑπτὰ

1072 2395 1205 2431 ὀφθαλμοί
1216 2397 1293 2426 εἰσιν,
1311 2405 1320 2422 ι
1336 2396 1379 2423 ἵνα
1389 2397 1454 2432 εἴπῃ
1465 2398 1514 2432 τῆς
1527 2398 1687 2433 ἐπιμελείας
1698 2399 1748 2433 τῆς
1759 2400 1865 2432 οίκείας

1071 2440 1102 2467 τὸ
1119 2440 1242 2476 μέγεθος,
1259 2439 1325 2468 Εἶτα
1340 2442 1509 2478 ἑκατέρωθεν
1524 2444 1572 2470 τοῦ
1590 2444 1743 2479 λαμπαδίου
1758 2445 1864 2478 ἐλαίας,

1070 2486 1119 2521 τὴν
1136 2486 1186 2521 μὲν
1201 2487 1233 2513 ἐκ
1248 2486 1352 2518 δεξιῶν,
1368 2488 1417 2523 τὴν
1427 2488 1456 2514 δὲ
1470 2488 1499 2521 ἐξ
1510 2489 1667 2524 εὐωνύμων·
1683 2490 1752 2524 ὅπερ
1767 2490 1864 2525 ἐδήλου

1073 2532 1121 2565 τήν
1136 2540 1164 2558 τε
1181 2531 1318 2566 βασιλείαν
1335 2533 1380 2559 καὶ
1394 2533 1442 2568 τὴν
1460 2533 1619 2569 ἱερωσύνην,
1636 2535 1706 2572 ἆπερ
1722 2536 1867 2572 ἀκρὸτατι

1075 2577 1149 2611 παρὰ
1169 2580 1225 2608 τοῖς
1239 2578 1393 2613 ἀνθρώποις
1414 2578 1482 2606 εἶναι
1502 2580 1618 2607 δέδωκεν
1642 2582 1655 2607 6
1681 2581 1757 2613 θεός·
1777 2581 1816 2613 ὡς
1831 2583 1864 2617 τῇ

1074 2623 1123 2658 μὲν
1138 2623 1297 2650 διοικεῖσθαι
1310 2625 1343 2651 τά
1356 2625 1423 2660 πρὸς
1437 2625 1484 2662 τὴν
1495 2626 1540 2652 τοῦ
1557 2627 1688 2662 παρόντος
1703 2627 1761 2662 βίου
1778 2629 1866 2655 κατά-

1073 2677 1168 2694 στασιν
1186 2669 1326 2704 ἐπιτήδεια
1337 2691 1343 2702 ,
1358 2671 1406 2706 τὴν
1428 2670 1456 2696 δὲ
1472 2672 1597 2707 αὐτάρκη
1611 2673 1755 2708 τυγχάνειν
1779 2674 1820 2706 εἰς
1835 2674 1866 2700 ἰδ

1071 2714 1220 2748 προσάγειν
1238 2714 1398 2750 ἀνθρώπους
1413 2715 1484 2751 Θεῷ.

1107 2759 1181 2794 Στίχ.
1197 2759 1267 2792 δ’-ζ¹.
1283 2777 1318 2781 -
1333 2761 1370 2796 (p.
1390 2761 1452 2794 467)
1477 2762 1569 2789 Ταῦτα
1592 2763 1660 2798 πρδς
1679 2764 1724 2790 τὸν
1746 2764 1866 2798 ἄγγελον

1072 2806 1226 2840 ἑωρακέναι
1244 2809 1259 2834 6
1283 2809 1425 2844 προφήτης
1444 2808 1548 2840 εἰπὼν,
1569 2810 1684 2845 ἐπάγει·
1713 2820 1721 2835 ι
1744 2811 1801 2838 Καὶ
1816 2812 1866 2837 ἐπ-

1071 2851 1212 2887 ηρώτητα,
1223 2853 1270 2880 καὶ
1279 2851 1356 2880 εἷπον
1368 2854 1437 2890 πρὸς
1450 2855 1495 2882 τὸν
1507 2856 1620 2890 ἄγγελον
1631 2857 1676 2883 τὸν
1691 2857 1825 2884 λαλοῦντα
1838 2859 1866 2884 ἐν

1072 2898 1142 2933 ἐμοὶ.
1157 2898 1260 2932 λέγων’
1279 2900 1312 2926 Τί
1333 2900 1390 2928 ἐστι
1406 2899 1508 2935 ταῦτα,
1527 2901 1630 2938 Κύριε;
1647 2903 1702 2930 Καὶ
1725 2903 1865 2940 ἀπεκρίθη
