1969 3069
204 95 252 125 εςτγι
779 91 953 120 ῊΙῙΞΟΒΟΠΙ
971 93 1211 122 ΜΟΡὸυΕδτΕΝΙ

1780 95 1835 122 532

204 154 285 185 Itque
296 148 430 177 videbunt
453 150 571 186 lapidem
595 154 741 178 stanneum
761 150 788 178 in
813 158 894 178 manu
913 151 993 179 Zoro-

1052 153 1084 186 ;i;
1105 155 1191 189 πέρας
1206 154 1238 180 τά
1261 152 1359 180 πολλοῦ
1375 153 1490 188 δεόμενα
1516 151 1563 179 τοῦ
1586 153 1693 188 χρόνου.
1716 153 1772 179 Καὶ
1791 153 1833 187 βε-

204 196 318 224 babelis.
335 205 344 222 ι
358 196 438 231 312
456 195 494 224 Ne
510 204 585 231 ergo,
602 197 700 232 inquit,
721 196 800 225 ﬁdem
814 198 896 227 dictis
909 199 991 226 dene-

204 242 289 276 getis;
313 241 410 269 horum
430 241 531 277 quippe
550 242 652 269 exitum
677 242 814 271 videbitis.
837 251 868 271 ac
888 244 992 271 la'tabi-

204 287 272 314 mini
294 291 431 322 potentem
453 288 486 314 ad
510 288 602 315 omnia
623 288 747 317 videntes
771 289 965 317 Zorobabelem
983 299 990 317 :

204 342 267 361 nam
283 338 415 361 stanneus
437 334 506 369 lapis
531 334 649 361 futuram
664 334 724 369 ejus
740 334 796 362 Deo
806 335 918 369 juvante
938 335 992 363 for-

204 380 350 407 titudinem
378 379 523 414 signiﬁcat.
555 380 737 413 Quamobrem
766 388 878 407 causam
908 382 991 408 etiam

205 424 281 452 addit
300 433 306 452 :
325 434 334 450 ‹
359 423 469 459 Septem
491 424 516 451 hi
533 424 604 451 oculi
622 423 728 451 Domini
745 428 820 456 sunt,
836 424 991 452 universam

205 475 304 498 terram
315 471 499 504 speculantes.
518 480 526 496 ι
540 470 646 497 Etenim
661 471 707 505 qui
722 474 821 498 cuncta
837 470 948 505 inspicit
961 478 993 497 ac

205 516 274 550 regit
289 516 430 551 salvatque
446 516 557 551 copiose
573 523 605 544 ac
628 517 712 550 varie,
730 516 801 544 idem
822 522 861 544 est
877 517 922 551 qui
935 517 992 544 haec

205 559 240 587 de
262 559 429 587 Zorobabele
447 560 573 594 promisit
591 563 619 587 et
637 560 670 586 ad
691 561 794 587 exitum
811 560 993 594 perducturus

205 609 247 633 est
270 604 336 631 Nam
353 605 405 632 hoc
425 606 488 633 item
508 605 569 633 loco
589 605 751 633 vocabulum
792 616 799 630 ι
812 609 913 640 septem
932 615 940 630 ι
959 605 994 632 dc

209 646 329 681 perfecta
348 655 381 675 re
397 646 508 674 dicitur.

242 788 325 815 Vens.
343 788 435 815 H-M.
451 804 461 808 —
476 804 478 806 ι
497 798 505 813 ι
524 788 555 815 Et
572 789 715 823 respondi,
731 787 842 823 dixique
856 789 880 816 ei
901 798 907 815 :
923 789 992 822 Quid

206 838 271 861 sunt
286 833 346 860 duae
359 833 426 861 olea:
439 834 497 861 ista:
510 854 516 865 ,
537 841 597 868 quae
611 841 625 860 a
636 834 741 860 dextris
759 833 917 860 candelabri
933 837 960 860 et
978 840 993 858 a

207 879 349 907 sinistris?
367 878 400 906 Et
415 879 580 914 interrogavi
589 879 720 911 secundo,
736 879 846 913 dixique
855 879 883 907 ei
899 889 905 905 :
923 879 993 912 Quid

207 928 262 953 duo
281 926 348 953 rami
362 926 484 953 olearum
502 926 530 952 in
554 925 681 953 manibus
695 925 811 952 duarum
827 926 933 952 narium
945 933 994 951 au-

209 979 336 1003 rcarum,
370 979 430 1006 quae
457 970 604 998 infundunt
630 975 657 998 et
685 971 828 998 retrahunt
849 970 993 998 sull‘usoria

208 1017 311 1044 aurea?
330 1016 457 1051 Dixitque
476 1017 564 1043 mihi:
583 1016 642 1044 Non
662 1017 733 1044 nosti
754 1016 819 1052 quid
835 1020 900 1044 sunt
919 1016 995 1043 haec?

208 1062 240 1089 Et
260 1062 335 1090 dixi:
356 1061 545 1097 Nequaquam,
564 1063 688 1090 Domine.
711 1062 743 1090 Et
757 1062 824 1089 dixit
845 1072 851 1089 :
874 1062 919 1090 Isti
940 1062 995 1089 duo

207 1108 254 1135 tilii
267 1108 440 1143 pinguediuis
453 1129 460 1140 ,
477 1109 523 1143 qui
541 1109 676 1136 universae
695 1112 775 1136 terrm
792 1108 907 1136 Domino
925 1109 996 1136 assi-

206 1158 292 1182 stunt.
313 1164 322 1180 ι
340 1153 493 1189 lnterrogat
508 1155 572 1190 quid
594 1155 646 1182 sibi
663 1155 747 1182 velint
757 1155 818 1182 duae
832 1155 908 1187 olent.
925 1162 995 1190 qua—

207 1207 267 1226 rum
284 1207 336 1227 una
350 1199 377 1226 in
394 1199 489 1227 dextra
507 1204 584 1234 parte
595 1219 601 1230 ,
618 1199 703 1227 altera
721 1200 747 1226 in
762 1199 874 1227 sinistra
894 1199 994 1226 cande-

208 1246 276 1274 labri
300 1250 369 1279 erat,
389 1246 447 1274 sive
474 1246 606 1280 lampadis
629 1253 712 1280 super
735 1246 905 1281 adpositae?
925 1245 995 1279 Quid

208 1291 273 1319 item
289 1291 345 1319 nati
361 1299 393 1319 cx
413 1291 481 1319 oleis
501 1292 556 1318 duo
581 1292 671 1318 rami?
693 1290 730 1319 De
752 1291 864 1326 quibus,
887 1292 993 1319 audiit:

209 1334 242 1361 Ili
259 1339 325 1362 sunt
347 1335 403 1363 duo
423 1336 470 1362 lilii
493 1335 683 1371 pinguedinis,
700 1336 746 1370 qui
769 1336 903 1364 universae
915 1340 996 1364 terra:

209 1380 324 1407 Domino
336 1380 480 1408 assistunt.
495 1380 562 1407 Nam
576 1381 639 1415 quia
658 1381 718 1407 duze
729 1380 796 1408 oleae
810 1381 885 1416 regni
905 1388 936 1408 ac
951 1389 996 1408 sa-

209 1427 326 1454 cerdotii
350 1425 482 1453 indicium
503 1430 598 1458 erant,
617 1434 677 1461 quze
693 1426 747 1453 duo
767 1427 794 1454 in
812 1431 885 1454 terra
905 1427 995 1454 domi-

210 1472 268 1500 nari
294 1472 366 1499 Deus
391 1472 543 1504 constituit,
571 1472 640 1500 duos
659 1480 750 1501 ramos
763 1481 794 1500 ex
818 1474 878 1501 olea
900 1478 996 1501 enatos

209 1518 276 1544 dicit
295 1517 489 1545 Zorohabeleni
514 1521 595 1552 atque
615 1517 729 1549 Jesum;
750 1526 867 1553 quorum
889 1518 964 1553 prior
981 1525 997 1545 a

209 1565 302 1591 divina
325 1563 412 1599 gratia
438 1564 465 1591 in
487 1571 600 1598 regnum
625 1563 715 1591 fuerat
740 1570 900 1598 provectus;
929 1564 999 1591 alter

210 1616 275 1636 vero
298 1608 444 1637 sacerdotii
465 1609 552 1644 gratia
574 1610 667 1636 divino
694 1610 843 1637 ministerio
861 1610 996 1638 addictus.

209 1655 358 1689 Propterea
375 1655 550 1689 pinguedinis
562 1663 670 1690 quoque
679 1663 727 1684 eos
740 1656 857 1691 appellat
877 1656 959 1689 ﬁlios,
971 1657 997 1684 id

210 1706 252 1729 est
267 1709 299 1728 ex
313 1701 421 1729 duobus
441 1702 570 1729 maximis
585 1706 611 1729 et
628 1702 699 1737 apud
718 1702 842 1730 homines
862 1703 999 1730 honoran-

210 1747 333 1775 dissimis
352 1752 447 1780 ortos,
468 1755 552 1782 regno
577 1755 609 1775 ac
632 1748 802 1781 sacerdotio;
824 1748 870 1783 qui
898 1749 1000 1783 pariter

213 1793 267 1820 Deo
278 1793 414 1821 deservire
422 1793 493 1828 jussi
507 1797 570 1821 sunt
585 1793 706 1821 omnium
715 1793 840 1821 Domino.
853 1793 941 1828 Atque
949 1793 1000 1820 hoc

211 1844 270 1866 toto
295 1847 432 1871 sermone,
455 1846 499 1867 res
523 1839 693 1867 Hierusalem
716 1840 861 1874 gentisque
880 1839 1000 1869 Iudaica:

211 1885 359 1913 maximum
371 1885 505 1912 bonorum
525 1885 724 1912 incrementum
741 1889 870 1920 capturas
887 1885 1001 1912 demon-

211 1930 396 1966 stravit3l3
405 1931 545 1965 propheta,
559 1930 683 1958 hostibus
694 1931 801 1957 illorum
812 1931 923 1966 punitis,
937 1938 1001 1965 pro-

212 1975 333 2003 videntia
349 1975 466 2010 plurima
479 1978 506 2002 et
520 1975 678 2002 omnimoda
694 1983 757 2009 erga
771 1974 908 2003 lsraelitas
922 1982 936 2001 a
947 1974 1002 2001 Deo

211 2025 392 2056 exprompta;
414 2021 544 2056 quoniam
566 2020 599 2048 de
619 2021 777 2055 captivitate
793 2021 906 2048 redituri
924 2024 1003 2048 erant

211 2067 260 2095 alii
278 2074 363 2103 prope
388 2067 543 2099 innumeri,
562 2067 609 2102 qlli
638 2067 728 2095 adhuc
749 2068 776 2094 in
792 2075 824 2094 ea
846 2067 1003 2095 conditione

213 2117 278 2140 tunc
289 2116 367 2140 erant
385 2121 391 2139 ι
409 2113 474 2139 dato
491 2112 600 2140 demum
611 2112 712 2140 Iudaeis
728 2120 812 2148 regno
827 2120 859 2140 ac
875 2112 1002 2140 sacerdo-

1044 199 1129 226 εαιῶν
1152 199 1182 226 τὸ
1204 199 1358 235 εἰρημένον,
1379 207 1388 223 ι
1413 198 1468 225 Καὶ
1487 199 1670 234 χαρήσονται,
1691 199 1737 225 καὶ
1753 198 1828 233 ὀψον-

1045 253 1088 270 ται
1105 245 1149 271 τὸν
1166 243 1239 270 λίθον
1249 244 1295 270 τὸν
1308 243 1496 278 κασσιτέρινον
1511 243 1539 269 ὲν
1551 243 1624 279 χειρὶ
1638 242 1801 279 Ζοροϐάϐελ.
1819 253 1829 270 ι

1045 289 1090 324 Μὴ
1107 289 1196 316 τοίνυν
1211 289 1363 320 ἀπιστεῖτε,
1379 288 1457 323 φησὶ,
1476 290 1532 319 τοῖς
1545 288 1701 323 λεγομένοις
1713 297 1719 304 ·
1737 289 1832 324 ἐπειδὴ

1045 335 1092 361 καὶ
1106 334 1203 368 ὄψεσθε
1219 334 1309 361 αὐτῶν
1321 334 1351 360 τὸ
1366 334 1461 369 πέρας,
1477 334 1524 360 καὶ
1536 333 1690 368 χαρήσεσθε
1704 334 1752 369 τὴν
1769 335 1833 369 περὶ

1045 380 1134 406 πάντα
1156 380 1270 415 δύναμιν
1294 379 1412 415 ὁρῶντες
1433 379 1479 406 τοῦ
1495 379 1662 414 Ζοροϐάϐελι
1685 379 1764 406 τοῦτο
1778 380 1833 414 γὰρ

1044 425 1172 460 λέγειτδν
1187 427 1374 462 κασσιτέρινον
1385 427 1468 459 λίθον,
1485 425 1535 461 τὴν
1550 425 1745 460 περιεσομένην
1759 425 1833 460 αὐτῷ

1044 471 1131 507 δηλῶν
1155 472 1231 506 ἰσχὺν
1248 471 1324 507 παρὰ
1345 471 1392 498 τοῦ
1408 471 1486 498 Θεοῦ.
1505 470 1586 497 Ὅθεν
1608 471 1655 497 καὶ
1669 471 1720 505 τὴν
1742 471 1833 497 αἰτίαν

1044 519 1192 553 ὲπήγαγεψ
1219 528 1228 543 1
1252 517 1338 544 Ἑπτὰ
1357 515 1429 544 οὗτοι
1443 516 1577 552 ὀφθαλμοὶ
1594 516 1696 551 Κυρίου
1714 516 1792 547 εἰσὶν,
1808 516 1833 542 οἶ

1045 564 1239 596 ὲπιὸλέποντες
1254 564 1299 590 ἐπὶ
1311 565 1401 590 πᾶσαν
1412 563 1460 598 τὴν
1475 563 1537 598 γῆν.
1561 572 1570 588 ι
1592 562 1621 588 Ὀ
1632 562 1686 597 γὰρ
1697 561 1731 588 τά
1744 562 1835 588 πάντα

1044 610 1150 645 ἐφορῶν
1167 619 1196 636 τε
1212 611 1259 637 καὶ
1277 610 1384 636 διοικῶν
1406 609 1454 635 καὶ
1470 608 1563 641 σώζων
1589 607 1724 639 πλουσίως
1741 616 1770 634 τε
1787 607 1834 633 καὶ

1048 656 1195 688 ποικίλως,
1213 654 1289 688 οὗτός
1306 657 1380 682 ἐστιν
1399 657 1414 682 ὁ
1431 655 1478 682 καὶ
1497 654 1583 681 ταῦτα
1606 653 1790 688 ὑποσχόμενός
1803 661 1834 679 τε

1046 702 1111 738 περὶ
1127 702 1173 729 τοῦ
1189 701 1341 738 Ζοροϐάϐελ
1360 701 1407 729 καὶ
1423 701 1492 736 πρὸς
1510 699 1596 734 πέρας
1610 698 1681 731 ἄξων
1692 707 1699 714 ·
1719 699 1766 725 καὶ
1779 698 1834 733 γὰρ

1048 748 1185 775 κάνταῦθα
1200 748 1230 775 τὸ
1251 758 1259 774 ι
1279 748 1349 774 ἑπτὰ
1371 757 1379 774 ι
1397 747 1443 774 ἐπὶ
1459 747 1504 773 τοῦ
1520 746 1623 772 τελείου
1638 745 1725 779 λέγει.

1084 794 1158 830 Στίχ.
1178 794 1267 821 ια’-ιδ’.
1288 808 1324 814 -—
1343 803 1352 819 ι
1371 792 1424 820 Καὶ
1438 791 1590 828 ἀπεκρίθην
1606 790 1653 817 καὶ
1674 787 1751 816 εἷπον
1765 789 1834 824 πρὸς

1048 840 1144 867 αὐτόν·
1162 840 1194 866 Τί
1211 840 1238 866 αι
1257 839 1303 866 δύο
1318 839 1406 865 ἐλαῖαι
1423 835 1502 865 αὗται
1522 837 1549 864 al
1568 837 1600 863 ὲκ
1614 835 1708 868 δεξιῶν
1728 835 1777 870 τῆς
1788 834 1836 860 λυ-

1048 887 1124 921 χνίας
1150 887 1197 912 καὶ
1213 885 1242 918 ἐξ
1259 884 1407 920 εὐωνύμων
1421 883 1505 918 αὐτῆς
1520 892 1526 916 ;
1551 882 1606 909 Καὶ
1622 881 1788 917 ὲπηρώτησα
1803 881 1836 907 ἐκ

1048 932 1193 967 δευτέρου,
1212 931 1258 958 καὶ
1279 928 1356 957 εἷπον
1376 929 1444 965 πρὸς
1460 929 1552 961 αὑτὸν,
1571 928 1603 954 Τί
1628 928 1654 954 οἱ
1675 927 1721 953 δύο
1743 926 1836 953 κλάδοι

1049 978 1102 1004 τῶν
1116 977 1213 1004 ἐλαιῶν
1222 978 1247 1003 oi
1263 977 1292 1002 ὲν
1305 977 1363 1007 ταῖς
1378 977 1455 1011 χερσὶ
1465 975 1520 1001 τῶν
1535 974 1581 1001 δύο
1598 974 1765 1010 μυξωτήρων
1781 972 1837 999 τῶν

1049 1024 1157 1060 χρυσῶν
1173 1023 1227 1049 τῶν
1250 1022 1412 1056 ἑπιχεόντων
1431 1021 1478 1048 καὶ
1501 1020 1693 1054 ἐπαγαγόντων
1713 1018 1763 1050 τὰς
1785 1019 1836 1044 ἒπ-

1049 1069 1212 1106 αρυστρίδας
1235 1069 1283 1099 τὰς
1299 1068 1418 1103 χρυσᾶς,
1437 1067 1491 1093 Καὶ
1511 1064 1571 1092 εἷπε
1588 1065 1655 1101 πρός
1670 1073 1714 1100 με,
1728 1064 1784 1090 Οὐκ
1797 1061 1838 1090 οἷ-

1049 1116 1097 1146 δας
1113 1115 1139 1140 τί
1163 1113 1221 1139 ἐστι
1243 1112 1348 1145 ταῦτα;
1373 1111 1427 1138 Καὶ
1443 1109 1532 1142 εἶπον,
1555 1109 1634 1144 Οὐχὶ,
1659 1108 1766 1144 Κύριε·
1791 1107 1840 1133 καὶ

1049 1158 1139 1192 εἶπεν,
1162 1155 1242 1185 Οὗτοι
1257 1158 1281 1183 οἱ
1295 1157 1341 1184 δύο
1362 1157 1415 1183 υἱοὶ
1428 1156 1478 1191 τῆς
1498 1155 1642 1190 πιότητος,
1658 1154 1683 1180 οἳ
1697 1152 1840 1187 παρεστή-

1050 1215 1113 1234 κασι
1129 1205 1168 1241 τῷ
1186 1205 1279 1240 Κυρίῳ
1301 1205 1390 1238 πάσης
1406 1203 1456 1238 τῆς
1467 1203 1528 1237 γῆς.
1550 1211 1558 1227 ι
1582 1200 1687 1236 Ἐρωτᾷ
1703 1199 1729 1225 τί
1745 1198 1794 1234 μὲν
1809 1198 1839 1224 αἱ

1049 1255 1095 1281 δύο
1116 1253 1255 1289 βούλονται
1275 1251 1379 1282 ἐλαῖαι,
1394 1246 1431 1278 ὧν
1451 1251 1468 1285 ἡ
1492 1249 1540 1284 μὲν
1559 1248 1591 1274 ἐκ
1606 1245 1711 1278 δεξιῶν,
1759 1244 1786 1271 δὲ
1808 1243 1840 1276 ἐξ

1051 1299 1199 1335 εὐωνύμων
1217 1298 1347 1332 ἐτύγχανε
1358 1297 1406 1332 τῆς
1423 1296 1543 1331 λυχνίας,
1558 1295 1617 1329 ήτοι
1631 1292 1677 1320 τοῦ
1694 1292 1737 1319 ἐπ’
1754 1290 1840 1325 αὐτὴν

1050 1345 1222 1381 λαμπαδίου;
1248 1344 1275 1370 τί
1296 1343 1325 1369 δὲ
1351 1343 1376 1369 οἱ
1399 1341 1585 1376 ἐκπεφυκότες
1610 1339 1656 1366 δύο
1673 1338 1766 1365 κλάδοι
1784 1336 1840 1363 τῶν

1050 1391 1157 1424 una»;
1166 1392 1203 1426 (p.
1214 1390 1275 1423 4'70)
1287 1388 1350 1424 περὶ
1362 1384 1399 1414 ὧν
1406 1388 1531 1423 ήκουσεν·
1545 1381 1624 1411 Οὗτοι
1635 1384 1659 1410 οἱ
1669 1383 1715 1410 δύο
1725 1383 1777 1410 υἱοὶ
1788 1382 1839 1417 τῆς

1051 1438 1196 1472 πιότητος,
1220 1436 1245 1461 οἳ
1271 1434 1461 1469 παρεστήκασι
1485 1431 1524 1467 τῷ
1547 1430 1642 1466 Κυρίῳ
1671 1429 1760 1464 πάσης
1786 1427 1839 1462 τῆς

1011 1499 1032 1528 c
1051 1484 1103 1519 γῆς
1115 1490 1122 1498 ⁸
1147 1481 1240 1516 ἐπειδὴ
1262 1480 1317 1516 γὰρ
1333 1480 1361 1507 αἱ
1386 1479 1473 1506 nam
1491 1477 1542 1513 τῆς
1566 1476 1704 1512 βασιλείας
1720 1474 1768 1502 καὶ
1776 1475 1840 1528 ’τῆς

1051 1527 1201 1564 ἱερωσύνης
1217 1525 1288 1562 ἦσαν
1301 1525 1452 1561 γνώρισμα,
1464 1525 1497 1556 ἃς
1512 1524 1559 1550 ἐπὶ
1578 1524 1629 1558 γῆς
1649 1523 1760 1557 κρατεῖν
1776 1520 1838 1564 ετα-

1050 1563 1095 1604 ξεν
1110 1571 1124 1596 ὁ
1138 1569 1216 1602 Θεὸς,
1233 1568 1280 1595 δύο
1295 1567 1406 1598 κλάδους
1422 1567 1453 1593 ἐκ
1465 1566 1518 1593 τῶν
1534 1565 1631 1592 ἐλαιῶν
1649 1563 1840 1598 ὲκπεφυκὸτας

1050 1616 1124 1648 λέγει
1135 1614 1180 1640 τόν
1196 1621 1225 1640 τε
1239 1611 1391 1647 Ζοροϐάϐελ
1403 1611 1449 1637 καὶ
1466 1611 1509 1638 τὸν
1530 1609 1649 1646 Ἰησοῦν·
1665 1606 1702 1636 ὧν
1717 1609 1731 1634 ὁ
1743 1607 1792 1643 μὲν
1808 1608 1840 1633 ὲκ

1050 1661 1099 1695 τῆς
1112 1660 1186 1690 Θείας
1209 1658 1317 1693 χάριτος
1335 1658 1373 1689 εἰς
1389 1657 1437 1691 τὴν
1451 1655 1588 1691 βασιλείαν
1600 1654 1753 1690 παρῆκτο,ὁ
1765 1653 1793 1680 δὲ
1807 1654 1839 1688 τῇ

1051 1707 1100 1742 τῆς
1116 1704 1265 1740 ἱερωσύνης
1278 1703 1368 1739 χάριτι
1382 1702 1449 1737 πρὸς
1462 1702 1511 1737 τὴν
1523 1701 1694 1736 λειτουργίαν
1708 1699 1842 1735 προσεΰέ-

1052 1752 1134 1786 6λητο
1144 1750 1193 1786 τήν
1209 1749 1295 1776 θείαν.
1312 1748 1361 1775 Διὰ
1373 1748 1452 1775 τοῦτο
1463 1748 1510 1774 καὶ
1525 1747 1650 1782 πιότητος
1662 1745 1760 1775 αὐτοὺς
1778 1745 1842 1771 ὲκά-

1052 1798 1129 1823 λεσεν
1145 1796 1229 1826 υἱοὺς.
1247 1795 1290 1820 ἵνα
1301 1795 1377 1830 εἴπῃ,
1394 1797 1424 1823 Ol
1434 1796 1466 1822 ὲκ
1475 1794 1529 1821 τῶν
1539 1793 1674 1829 μεγίστων
1683 1792 1730 1819 καὶ
1742 1799 1841 1825 τιμιω-

1052 1843 1140 1869 τάτων
1158 1841 1234 1876 παρὰ
1255 1841 1309 1871 τοῖς
1326 1838 1479 1875 ἀνθρώποις
1494 1837 1679 1872 ὲκπεφυκότες
1699 1836 1838 1872 βασιλείας

1053 1897 1082 1914 τε
1100 1888 1144 1914 καῖ
1172 1885 1338 1922 ἱερωσύνης·
1358 1885 1382 1911 οἳ
1407 1885 1506 1916 πάντες
1530 1884 1677 1919 ὑπουργεῖν
1702 1884 1756 1909 είσι
1778 1880 1838 1916 Θεῷ

1053 1933 1216 1968 τεταγμένοι
1233 1931 1271 1966 τῷ
1288 1931 1395 1958 πάντων
1417 1929 1520 1965 Κυρίῳ.
1543 1929 1591 1956 Διὰ
1615 1929 1725 1955 πάντων
1743 1927 1792 1962 μὲν
1807 1927 1839 1962 δὴ

1053 1978 1154 2005 τούτων
1176 1977 1210 2003 τὰ
1234 1976 1305 2003 κατά
1330 1984 1360 2002 τε
1385 1975 1433 2010 τὴν
1462 1974 1638 2010 Ἰερουσαλὴμ
1660 1973 1707 2000 καὶ
1733 1973 1764 1999 τὸ
1786 1972 1842 1998 τῶν

1060 2024 1195 2051 Ἰουδαίων
1206 2023 1292 2054 ἔθνος,
1308 2023 1348 2049 ὅτι
1366 2021 1496 2057 μεγίστην
1511 2020 1631 2047 ἐπίδοσιν
1643 2021 1682 2052 εἰς
1699 2020 1731 2046 τὺ
1749 2020 1841 2055 κρεῖτ-

1054 2079 1099 2096 τον
1115 2070 1228 2105 λήψεται
1247 2068 1397 2103 δεδήλωκεν
1414 2068 1428 2093 ὁ
1443 2066 1586 2102 προφήτης
1599 2074 1605 2080 ·
1623 2065 1842 2100 τιμωρουμένων

1057 2116 1106 2150 μὲν
1122 2115 1176 2141 τῶν
1191 2113 1386 2150 ἔχθραινόντων
1400 2112 1502 2144 αὐτοῖς,
1520 2111 1684 2146 κηδεμονίας
1700 2110 1728 2137 δὲ
1741 2109 1843 2145 πολλῆς

214 2161 260 2187 tali
272 2160 414 2196 dignitate,
425 2159 453 2186 in
465 2160 573 2186 illorum
586 2159 801 2194 personis,qnas
811 2159 902 2186 divina
915 2158 997 2194 gratia

1058 2160 1226 2196 ἀξιουμένων
1244 2161 1272 2186 ἐν
1296 2159 1397 2185 ἅπασιν
1412 2157 1502 2184 αὐτῶν
1517 2156 1593 2192 παρὰ
1615 2156 1661 2183 τοῦ
1686 2155 1753 2182 Θεοῦ
1765 2177 1772 2189 ,
1794 2155 1842 2182 an

213 2207 247 2234 ad
271 2207 329 2233 lucc
352 2206 438 2233 ollicia
456 2209 637 2241 promoverat.
664 2205 717 2232 Sed
736 2205 825 2236 enim,
849 2212 882 2232 ne
903 2204 1003 2232 eximia

212 2255 347 2282 bonorqu
361 2252 502 2288 praedictio
518 2251 671 2286 ignaviores
685 2248 822 2277 lsraelitas
835 2249 948 2282 faceret,
967 2250 1003 2277 ita

213 2303 243 2326 ut
259 2299 361 2326 divinis
382 2297 550 2326 conﬁdentes
575 2295 729 2332 promissis,
744 2295 861 2322 ollicium
884 2295 1004 2330 neglige‘

214 2350 286 2378 rent,
315 2345 512 2373 revelationem
539 2342 667 2378 posthinc
686 2341 771 2373 videt,
784 2349 817 2368 ex
841 2349 895 2376 qua
919 2348 1004 2375 pavor

214 2393 269 2420 illis
298 2391 493 2422 incutiebatur,
516 2396 571 2425 quo
590 2387 685 2415 vitium
717 2387 851 2422 lugerent,
872 2387 999 2414 virtutem

215 2438 453 2474 amplecterentur.
474 2436 519 2463 Sic
533 2443 599 2471 ergo
613 2434 697 2461 dicit:

1055 2208 1103 2233 καὶ
1112 2205 1253 2232 ἐπανιέναι
1271 2204 1324 2231 ἀπὸ
1340 2205 1388 2239 τῆς
1410 2203 1597 2239 αίχμαλωσίας
1614 2201 1764 2238 μελλόντων
1785 2202 1844 2228 ἑτέ-

1055 2260 1108 2287 ρων
1121 2251 1170 2277 οὐκ
1181 2250 1371 2285 εὺαριθμήτων
1380 2249 1471 2281 τινῶν,
1487 2248 1532 2280 οὒς
1542 2248 1586 2274 ἐπ’
1600 2248 1704 2274 ἐκείνου
1715 2247 1762 2274 τοῦ
1778 2247 1844 2282 σχή-

1055 2306 1138 2333 ματος
1154 2296 1223 2325 εἶναι
1235 2297 1295 2323 τότε
1313 2295 1469 2323 συνέϐαινεν
1482 2294 1522 2321 ἔτι
1535 2303 1541 2309 ·
1561 2293 1739 2327 ἀποδοθείσης
1754 2292 1781 2318 δὲ
1794 2292 1843 2318 αὐ-

1053 2344 1108 2374 τοῖς
1121 2342 1169 2369 καὶ
1184 2342 1232 2378 τῆς
1249 2341 1392 2377 βασιλικῆς
1410 2340 1457 2367 καὶ
1470 2339 1518 2374 τῆς
1531 2338 1671 2374 ἱερατικῆς
1687 2337 1781 2370 ἀξίας.
1799 2337 1844 2364 διὰ

1054 2389 1108 2415 τῶν
1123 2389 1156 2414 ὲκ
1173 2388 1222 2423 τῆς
1234 2387 1309 2419 θείας
1324 2387 1432 2423 χάριτος
1452 2386 1498 2412 ἐπὶ
1511 2385 1590 2412 τοῦτο
1603 2383 1842 2419 προϐεϐλημένων.

1063 2433 1141 2460 Ἀλλὰ
1153 2433 1208 2468 γὰρ
1220 2433 1290 2460 ὥστε
1305 2433 1342 2468 μὴ
1355 2432 1404 2467 τὴν
1421 2432 1472 2458 ὐπε
1478 2430 1643 2467 ρῦὀιλλουσαν
1661 2431 1775 2465 μήνυσιν
1789 2429 1844 2455 τῶν

214 2484 324 2518 ἀγαθῶν
347 2482 547 2520 ῥᾳθυμοτέρως
568 2481 667 2512 αὐτοὺς
686 2479 909 2515 ἀπεργάσασθαι,
926 2479 1095 2515 θαρροῦντας
1112 2479 1162 2514 μὲν
1178 2481 1237 2511 ταῖς
1253 2478 1429 2513 ἐπαγγελίαις
1447 2479 1507 2509 ταῖς
1519 2477 1617 2508 θείαις,
1635 2476 1803 2512 ἀμελοῦντας
1815 2476 1844 2502 δὲ

213 2530 261 2556 τοῦ
282 2530 465 2565 προσήκοντος
480 2548 488 2560 ,
500 2526 672 2561 ἀποκάλυψιν
690 2526 741 2561 όρᾷ
755 2525 847 2552 λοιπὸν
861 2525 894 2551 δι’
906 2523 940 2560 ἦς
955 2525 1046 2556 αὐτοῖς
1063 2526 1110 2552 καὶ
1124 2526 1205 2560 φόϐος
1224 2524 1358 2551 ὲνετίθετο
1374 2524 1442 2559 πρὸς
1463 2524 1494 2550 τὸ
1508 2523 1618 2557 φεύγειν
1637 2523 1685 2559 μὲν
1698 2522 1732 2549 τὰ
1748 2522 1842 2558 χείρω.

215 2576 337 2611 μετιέναι
354 2576 382 2602 δὲ
397 2575 431 2602 τὰ
448 2574 573 2610 κρείττω.
591 2573 672 2607 Λέγει
686 2573 714 2599 δὲ
730 2572 825 2604 οὕτως·

540 2619 619 2646 CAP.
641 2619 673 2646 V.

252 2666 337 2693 Vens.
360 2665 418 2692 1-4.
442 2679 478 2684 -
495 2674 504 2690 ι
527 2664 561 2692 Ει
584 2672 733 2693 conversus
764 2672 835 2696 sum,
861 2668 888 2691 et
917 2664 1003 2691 levavt

216 2713 313 2740 oculos
330 2719 422 2744 meos,
437 2715 465 2739 et
477 2711 549 2742 vidi,
563 2716 590 2739 et
603 2718 668 2739 ecce
683 2710 737 2738 falx
753 2711 859 2738 volans.
875 2709 1003 2744 Dixitque

217 2758 284 2785 mihi
300 2756 389 2789 :Quid
402 2761 431 2784 tu
449 2755 544 2784 vides?
558 2756 591 2783 Et
605 2756 660 2783 dixi
675 2766 681 2783 :
695 2755 780 2783 Video
795 2755 892 2782 falcem
910 2755 1003 2782 volan-

217 2807 274 2832 tem
295 2802 475 2838 longitudinis
493 2803 649 2831 cubitorum
671 2802 766 2837 viginti
780 2821 787 2831 ,
804 2805 830 2829 et
849 2801 1003 2829 latitudinis

1383 2616 1460 2642 ΚΕΦ.
1478 2616 1516 2641 Ε’.

1093 2664 1167 2699 Στίχ.
1194 2663 1264 2689 α’-ὀ’.
1289 2677 1324 2682 -
1345 2670 1354 2685 ε
1378 2661 1432 2687 Καὶ
1450 2660 1604 2695 ἐπέστρεψα
1633 2659 1679 2686 καὶ
1702 2657 1756 2696 ᾗρα
1779 2661 1844 2692 τοὺς

1058 2709 1212 2745 ὀφθαλμούς
1229 2717 1280 2744 μου
1292 2716 1298 2722 ·
1320 2709 1366 2734 καὶ
1380 2704 1459 2738 εἶδον,
1476 2706 1524 2733 καὶ
1546 2705 1600 2732 ίδοίι
1615 2705 1747 2741 δρέπανον
1763 2707 1843 2732 πετό-

1059 2763 1138 2790 μενον
1154 2762 1161 2769 ·
1174 2755 1221 2781 καί
1238 2753 1299 2780 εἷπε
1311 2753 1378 2788 πρός
1396 2761 1445 2788 με·
1460 2750 1492 2778 Τί
1508 2751 1540 2778 σὺ
1551 2751 1675 2786 βλέπεις;
1689 2752 1736 2778 καὶ
1750 2749 1827 2778 εἷπον
1836 2761 1842 2766 ·

1061 2802 1100 2832 (ι).
1111 2801 1159 2828 471
1177 2801 1186 2836 )
1204 2799 1274 2834 Ἐγὼ
1285 2800 1341 2835 6ρῶ
1356 2798 1488 2835 δρέπανον
1503 2797 1658 2832 πετόμενον,
1675 2798 1779 2833 μήκους
1792 2806 1844 2833 πη-
