1969 3069
151 135 203 163 53‘)

620 135 895 164 COMMENTARIUS
919 135 952 162 IN
978 135 1162 163 ZACHARIE
1181 136 1259 164 CAP.
1278 137 1307 165 ι.

1724 135 1782 164 επ

152 193 207 229 χῶν
226 193 324 225 εἴκοσι,
342 193 388 220 καὶ
401 192 517 224 π).;ἱτους
532 193 626 228 πηχῶν
641 194 707 220 δέκα
719 201 725 208 ·
742 194 789 220 καὶ
799 189 858 220 εἶπε
871 193 938 228 πρός

993 194 1145 221 cubitorum
1163 193 1268 221 decem.
1294 193 1421 228 Dixitque
1437 193 1501 220 mihi
1527 203 1532 220 :
1553 192 1616 220 lla-c
1635 198 1677 221 est
1693 196 1776 220 male-

154 247 188 274 με
201 247 208 253 ο
222 238 296 270 Δϋτη
310 240 326 273 ὴ
340 238 393 273 ἀρὰ
410 239 426 273 ὴ
439 239 641 274 ἐκπορευομένη
659 239 706 266 ἐπὶ
726 240 870 274 πρόσωπον
884 240 936 266 πά-

153 291 203 318 σης
210 283 260 318 τῆς
268 284 329 318 γῆς·
338 283 403 310 διότι
414 284 466 314 πᾶς
473 284 488 308 ὁ
494 283 612 318 κλέπτης
624 284 654 309 ἐκ
662 284 756 310 τούτου
763 284 814 316 ἓως
824 284 937 312 θανάτου

153 330 374 365 ἐκδικηϐἡσεταιε
389 330 433 356 καὶ
448 331 499 361 πᾶς
513 331 527 356 ὁ
539 330 665 365 ἐπίορκος
676 331 708 357 ἐκ
721 330 814 357 τούτου
829 331 880 362 ἓως
892 331 937 357 Θα-

154 376 234 402 νάτου
248 375 470 410 ὲκῑικηθήσεται·
490 376 536 402 καὶ
551 375 646 408 ἐξοίσω
661 376 735 408 αὐτὸ,
749 377 822 410 λέγει
840 377 938 413 Κύριος

154 422 369 456 παντοκράτωρ·
395 421 442 447 καὶ
460 421 640 448 εἰσελεύσεται
664 423 705 453 είς
727 421 772 448 τὸν
792 419 864 448 οἷκον
891 423 937 449 τοῦ

154 467 281 498 κλέπτου,
306 468 352 494 καὶ
374 468 413 498 εἰς
436 467 480 494 τὸν
496 465 568 494 οἶκον
591 468 637 494 τοῦ
657 468 800 503 ὀμνύοντος
822 469 860 503 τῷ
882 469 939 496 ὀνό-

156 514 220 548 ματί
239 523 289 548 μου
308 514 353 540 ἐπὶ
369 514 476 548 ψεύδει·
501 514 547 540 καὶ
571 514 717 541 καταλύσει
734 516 762 541 ἐν
783 515 856 550 μέσῳ
885 516 932 542 τοῦ

154 560 227 586 οἴκου
251 560 352 591 αὐτοῦ,
381 560 427 586 καὶ
450 560 602 587 συντελέσει
632 560 714 587 αὐτὸν
740 562 786 587 καὶ
814 562 847 588 τὰ
873 561 939 594 ξύλα

153 606 235 632 αὑτοῦ
254 606 300 632 καὶ
321 607 382 637 τοὺς
399 606 488 637 λίθους
513 606 607 633 αὑτοῦ.
628 615 637 631 ι
662 607 800 642 Δρέπανον
818 607 868 642 μὲν
888 609 940 643 ὁρᾷ

155 652 245 678 ἱκανὸν
277 651 396 678 κάτωθεν
424 652 457 678 τὰ
481 653 684 687 προσπίπτοντα
715 653 872 687 ἐκτέμνειν·
891 661 939 679 πε-

153 696 265 731 τόμενον
284 697 329 727 δὲ,
355 698 394 727 είς
420 696 535 732 δήλωσιν
554 696 600 723 τοῦ
624 696 707 728 ὀξέως
735 697 784 732 τὴν
803 698 939 732 τιμωρίαν

153 742 305 775 ἐπάγεσθαι
323 741 373 777 τὴν
391 741 466 768 θείαν
482 743 538 774 τοῖς
554 742 658 778 ταύτης
680 742 780 775 ἀξίοις·
799 743 899 775 πλάτος
912 743 939 770 δὲ

154 788 200 815 καὶ
228 788 334 823 μῆκος,
355 787 391 819 ὡς
413 788 446 814 ἂν
461 788 506 814 καὶ
526 787 565 823 τῷ
582 788 690 823 μεγέθει
714 788 856 824 φοόἡσειεν
877 789 940 821 τοὺς

153 835 311 866 ἀκούοντας.
330 835 410 868 Λέγει
426 834 455 861 δὲ
479 835 526 870 τὴν
551 835 685 870 τιμωρίαν
710 835 810 870 ταύτην
826 835 896 861 κατά
909 843 938 861 τε

989 239 1072 267 dictio
1086 247 1146 274 qua:
1159 239 1297 274 egreditur
1315 247 1398 275 super
1414 239 1510 266 faciem
1526 240 1660 266 universae
1674 243 1773 270 terrae;

988 285 1052 319 quia
1065 285 1154 312 omnis
1167 284 1210 311 l'ur
1223 284 1322 312 abhinc
1341 292 1427 319 usque
1443 285 1478 311 ad
1495 289 1611 311 mortem
1630 286 1772 319 punietur.

988 334 1016 356 et
1041 330 1130 357 omnis
1152 329 1279 364 perjurus
1303 329 1402 356 abhinc
1421 337 1508 363 usque
1525 329 1560 356 ad
1576 332 1690 356 mortem
1711 329 1775 356 item

989 375 1126 409 punietur.
1140 374 1172 401 Et
1182 375 1296 401 educam
1313 374 1386 400 illam
1397 394 1404 406 ,
1422 374 1488 401 dicit
1506 374 1638 401 Domitius
1652 374 1777 409 omnipo-

990 425 1061 451 tens,
1078 423 1105 446 et
1119 419 1286 454 ingredietur
1301 419 1328 445 in
1349 418 1460 445 domum
1479 418 1547 445 l'uris
1558 437 1565 449 .
1581 423 1608 445 et
1623 418 1650 445 in
1664 419 1775 445 duimim

987 465 1107 500 jurantis
1120 465 1230 492 nomine
1243 471 1303 492 meo
1318 471 1401 498 super
1413 463 1566 494 mendacio,
1583 467 1610 490 et
1625 463 1777 491 diversabi-

990 515 1035 538 tur
1060 511 1088 537 in
1114 510 1203 537 medio
1227 510 1327 537 domus
1351 510 1422 545 ejus,
1446 514 1474 537 et.
1497 516 1641 538 consumet
1661 518 1733 543 eam,
1749 515 1777 538 et

989 557 1061 591 ligna
1076 557 1137 591 ejus
1149 560 1176 583 ct
1196 555 1300 591 lapides
1320 556 1391 591 ejus.
1408 566 1417 582 ι
1439 555 1546 583 Falcem
1565 556 1638 584 videt
1650 557 1776 584 idoneam

989 602 1116 629 deorsum
1126 602 1245 629 secando
1255 609 1425 636 qmecunque
1431 605 1611 629 occurrerent
1622 610 1629 633 ;
1640 602 1776 629 volantem

990 650 1079 674 autem
1093 646 1128 673 ob
1146 646 1333 673 denotandum
1349 646 1469 673 divinam
1487 653 1596 682 paruam
1613 647 1669 674 cito
1682 646 1776 673 inferri

989 692 1159 719 merentibus
1176 701 1182 718 :
1203 691 1322 726 denique
1343 691 1404 726 ejus
1428 691 1601 719 latitudinem
1630 691 1779 726 longitudi-

989 745 1106 772 nemque
1132 738 1208 770 dicit,
1234 741 1262 764 ut
1291 737 1479 773 magnitudine
1503 745 1612 772 quoque
1635 737 1778 764 audientes

991 785 1160 812 tcrrel‘aciat.
1174 785 1244 813 Dicit
1259 792 1324 812 vero
1346 785 1417 812 hanc
1429 791 1538 820 poenam
1553 783 1686 811 adversus
1703 782 1779 810 fures

991 835 1017 858 et
1035 830 1160 865 perjuros
1176 830 1342 857 commoveri
1356 839 1363 857 ι
1377 837 1533 865 quanquam
1551 828 1652 864 alioqui
1669 832 1782 856 constat-

154 880 328 907 κλεπτόντων
345 880 393 906 καὶ
409 879 609 915 ἐπιορκούντων
633 879 765 906 κινεῖσθαι.
779 889 786 895 ”
805 880 885 915 δήλου
907 889 938 914 γε

993 875 1063 902 haud
1083 875 1140 902 haec
1157 875 1346 902 tantummodo
1365 875 1468 902 versari
1490 874 1562 902 inter
1574 873 1698 901 homines
1715 880 1779 907 pec-

156 926 233 957 6ντος
246 946 252 953 .
270 927 308 958 ὡς
323 926 353 952 οὐ
365 925 449 952 ταῦτα
466 925 544 960 μόνον
559 925 632 952 ἐστὶν
646 926 674 951 ἐν
684 925 835 961 ἀνθρώποις
849 934 939 961 παρα-

154 973 317 1006 νομήματα,
339 971 424 998 πολλὰ
443 972 470 998 δὲ
488 972 534 998 καὶ
552 972 649 1007 ἕτερα,
668 972 746 1006 φόνος
768 981 798 998 τε
816 973 861 998 καὶ
883 981 940 1007 μοι-

155 1018 230 1052 χεία,
249 1018 296 1044 καὶ
320 1017 354 1044 τὰ
375 1017 455 1044 λοιπὰ
469 1014 513 1049 δὴ,
526 1014 544 1041 ἃ
560 1017 624 1052 μηδὲ
644 1017 769 1053 ἀριθμεῖν
792 1018 891 1053 ῥᾴδιον.
907 1018 940 1044 Τί

155 1061 201 1089 οὖν
217 1065 292 1090 ἐστιν
310 1063 324 1089 ὅ
338 1071 436 1097 gmw;
452 1063 498 1094 Et;
518 1062 564 1088 δύο
580 1062 667 1090 ταῦτα
683 1063 836 1099 κυριώτατα
855 1072 940 1099 μεμε-

157 1108 246 1143 ρίσθαι
262 1108 310 1139 τὰς
330 1108 438 1139 ἐντολὰς
455 1107 611 1143 συμὸέϐηκε
629 1108 679 1140 τὰς
696 1108 780 1140 θείας,
796 1109 834 1140 εἴς
848 1118 876 1135 τε
891 1109 940 1144 τὴν

157 1154 220 1188 περὶ
245 1154 311 1180 Θεὸν
334 1153 456 1188 γνώμην,
474 1154 520 1180 καὶ
544 1155 584 1184 εἰς
604 1154 652 1188 τὴν
675 1156 738 1190 περὶ
759 1155 803 1182 τὸν
827 1155 940 1190 πλησίον

156 1199 282 1230 ἀγάπην
297 1199 334 1230 ὡς
347 1199 393 1226 καὶ
411 1200 426 1225 ὁ
441 1199 543 1235 Κύριος
558 1200 653 1230 είπὼν,
673 1212 681 1225 ι
709 1201 875 1236 ’Λγαπὴσεις
890 1202 941 1227 Κύ-

158 1251 214 1277 ριον
228 1245 273 1271 τὸν
284 1243 352 1270 Θεόν
366 1252 412 1269 σου
435 1243 465 1276 ἐξ
485 1243 548 1279 ὅλης
564 1245 613 1279 τῆς
630 1245 744 1279 καρδίας
762 1253 826 1275 σου,
845 1246 892 1271 καὶ
911 1245 940 1278 ἐξ

155 1288 219 1323 ὅλης
235 1288 283 1323 τῆς
299 1288 417 1320 διανοίας
429 1297 475 1314 σου
487 1308 493 1320 ,
511 1290 557 1315 καὶ
573 1289 602 1321 ἐξ
617 1290 680 1324 ὅλης
695 1290 742 1324 τῆς
761 1289 850 1324 ἰσχύος
875 1298 922 1316 σου
933 1298 940 1305 '

156 1334 203 1360 καὶ
226 1334 381 1368 ἀγαπήσεις
395 1335 440 1360 τὸν
458 1334 571 1369 πλησίον
599 1344 644 1361 σου
661 1335 698 1367 ὡς
715 1335 827 1362 σεαυτόν
838 1344 844 1350 ·
866 1345 874 1362 ι
894 1337 942 1363 ἐπ-

156 1380 269 1413 ήγαγεν,
286 1379 325 1414 (p.
337 1377 398 1415 472)
415 1390 425 1405 ι
446 1380 488 1406 Ἐν
502 1381 621 1412 ἐντολαῖς
634 1381 745 1412 ταύταις
759 1381 817 1413 ὅλος
833 1382 846 1407 ὸ
863 1382 942 1416 νόμος

156 1425 203 1450 καὶ
217 1426 241 1451 ot
255 1425 391 1461 προφῆται
404 1425 554 1460 κρέμανται
567 1435 572 1441 ·
592 1435 601 1452 ι
621 1426 761 1462 βουληθεὶς
774 1427 864 1453 τοίνυν
878 1436 941 1453 συν-

155 1470 246 1505 τόμως
261 1472 347 1497 εἰπεῖν
369 1471 402 1498 τά
415 1480 444 1497 τε
458 1471 499 1503 εἰς
514 1472 558 1499 τὸν
573 1472 639 1498 Θεὸν
651 1474 697 1499 καὶ
710 1472 744 1498 τὰ
759 1474 799 1504 είς
812 1473 857 1499 τὸν
874 1474 942 1508 πλη-

155 1515 224 1546 σίον,
235 1516 268 1550 τῇ
283 1515 332 1550 μὲν
347 1515 474 1551 ἐπιορκία
487 1516 525 1548 ὡς
539 1517 578 1548 εἰς
592 1516 658 1542 Θεὸν
672 1516 798 1553 τεινούσῃ
817 1517 867 1548 τὰς
881 1517 943 1544 ἀσε-

155 1561 230 1592 ϐείας
252 1561 356 1592 πάσας,
380 1561 450 1595 λέγω
468 1561 496 1588 δὲ
518 1561 567 1593 τὰς
591 1562 630 1593 εἰς
651 1562 717 1588 Θεὸν
740 1562 940 1597 πλημμελείας,

155 1605 306 1640 συλλήϐδην
320 1605 408 1639 λέγει·
425 1607 459 1641 τῇ
476 1605 504 1632 δὲ
521 1605 625 1641 κλοπῇ,
648 1607 697 1642 τὴν
723 1607 787 1642 περὶ
806 1607 852 1633 τὸν
876 1607 942 1641 πλη-

157 1650 227 1676 σίον·
246 1650 340 1685 ἐπειδὴ
353 1650 406 1684 γὰρ
428 1651 571 1685 ἀφαίρεσις
589 1651 643 1677 τῶν
657 1652 686 1677 οὺ
701 1652 854 1686 προσόντων
870 1653 943 1678 ἐστὶν

156 1696 173 1730 ἡ
189 1695 294 1731 κλοπὴ.
318 1696 419 1731 κλοπὴν
443 1697 538 1728 κοινῶς
560 1697 686 1732 ὠνόμασε
707 1698 797 1724 πᾶσαν
822 1698 872 1733 τὴν
888 1698 943 1725 τῶν

156 1740 304 1776 ἀλλοτρίων
321 1741 465 1776 ἀφαίρεσιν
478 1750 484 1756 ·
507 1742 549 1768 ἵνα
567 1743 706 1778 συντόμως
724 1744 787 1779 εἴπῃ
802 1744 842 1770 ὅτι
857 1745 873 1778 ἡ
888 1744 943 1780 ἀρὰ

155 1786 226 1821 αὕτη
243 1786 358 1822 μεγίστη
378 1796 406 1813 τε
420 1788 466 1814 καὶ
481 1788 585 1822 φοϐερὰ
601 1789 648 1814 καὶ
665 1789 745 1815 παντί
765 1798 797 1823 γε
813 1790 940 1822 ἐπιοῦσα,

157 1831 212 1857 ιῖτε
223 1833 262 1863 εἰς
275 1831 340 1858 Θεόν
352 1840 377 1857 τι
392 1832 515 1867 ἀσεόοίη,
531 1833 586 1859 εἴτε
598 1831 688 1864 εἰςτὺν
705 1833 818 1868 πλησίον
836 1834 906 1861 κατά
917 1843 943 1860 τι

158 1876 259 1903 πταίοι.
276 1877 362 1910 ,Λέγει
381 1877 408 1903 δὲ
426 1878 465 1903 ὅτι
487 1878 532 1903 καὶ
548 1877 693 1904 καταλύσει
706 1879 734 1905 ἐν
751 1878 826 1913 μέσῳ
839 1879 887 1905 τοῦ
905 1880 944 1906 οτ-

157 1931 205 1949 κου
220 1923 314 1954 αὑτοῦ,
335 1924 382 1949 καὶ
396 1923 546 1949 συντελέσει
569 1923 652 1950 αὑτὸν
667 1925 713 1950 καὶ
729 1924 763 1950 τὰ
781 1924 846 1956 ξύλα
860 1925 942 1952 αὑτοῦ

158 1969 274 1999 καὶτοὺς
283 1968 371 2000 λίθους
381 1967 461 1994 αὐτοῦ
472 1976 479 1982 ·
497 1968 539 1994 ἵνα
550 1968 624 2004 εἴπῃ.
633 1969 671 1995 ὅτι
689 1969 738 2004 μὲν
749 1967 819 1996 Εῐπα
832 1970 943 2005 τοιούτῳ

158 2014 351 2048 ἀμετανοήτως
366 2013 504 2044 πταίοντι,
528 2014 559 2039 'H
572 2014 719 2049 τιμωρίαή
736 2014 795 2040 θεία
817 2014 895 2050 ἄχρις
910 2015 944 2041 ἂν

157 2058 238 2085 αὐτὸν
256 2059 305 2084 σὺν
319 2059 421 2086 ἅπασιν
437 2059 563 2095 ἐξαλείψῃ
584 2062 639 2092 τοῖς
658 2061 834 2095 προσήκουσι.
851 2061 900 2087 Διὰ
916 2062 943 2088 δὲ

157 2103 258 2130 τούτων
272 2104 415 2140 αὐτάρκως
431 2105 551 2140 φοϐήσας
568 2106 665 2137 αὐτοὺς
676 2126 682 2136 ,
702 2105 821 2132 δείκνυσι
837 2106 880 2133 διὰ
891 2108 944 2134 τῶν

158 2149 222 2183 ἑξῆς
236 2149 414 2186 ἀφῃρημένην
427 2151 516 2177 αὐτῶν
534 2151 582 2186 τὴν
606 2151 675 2186 ὑπὲρ
689 2151 743 2178 τῶν
764 2152 944 2187 παρεληλυθό-

990 925 1060 952 cata,
1077 920 1124 948 sed
1137 925 1163 947 et
1182 921 1235 948 alia
1258 921 1353 951 multa,
1375 921 1550 948 homicidium
1567 925 1649 955 puta,
1671 919 1778 946 adulte-

991 967 1079 998 rium,
1098 970 1125 992 et
1147 971 1244 993 czctera
1265 975 1326 1002 quae
1346 965 1519 1003 31411³1ιά
1543 965 1622 993 facile
1639 965 1777 993 numerari

990 1016 1102 1046 queunt.
1114 1012 1185 1044 Quid
1197 1019 1264 1047 ergo
1276 1012 1354 1039 dicit!
1369 1013 1398 1039 ln
1409 1013 1464 1039 hac
1475 1012 1530 1039 duo
1541 1012 1684 1046 potissima
1691 1009 1778 1038 dividi

991 1058 1079 1085 solent
1105 1057 1232 1084 mandata
1252 1057 1360 1090 divina,
1377 1065 1476 1092 nempe
1499 1058 1530 1084 in»
1549 1056 1597 1084 Dei
1615 1056 1777 1088 scientiam.

990 1108 1017 1131 et
1039 1104 1066 1130 in
1085 1103 1247 1130 charitatem
1264 1111 1329 1139 erga
1352 1103 1517 1138 proximum.
1540 1103 1632 1136 Quare
1644 1107 1672 1130 et
1687 1102 1780 1129 Domi-

991 1158 1042 1177 nus
1052 1154 1195 1185 postquam
1204 1149 1273 1177 dixit
1282 1150 1315 1181 ‘°,
1329 1159 1339 1175 ι
1350 1149 1450 1184 Diliges
1458 1148 1600 1175 Dominum
1611 1147 1693 1174 Deum
1703 1151 1779 1174 tuum

990 1203 1023 1223 ex
1037 1199 1095 1222 toto
1111 1196 1194 1223 corde
1209 1199 1257 1222 tuo
1269 1217 1276 1228 ,
1290 1203 1323 1222 ex
1340 1199 1396 1221 tota
1412 1198 1503 1222 mente
1516 1197 1573 1226 tua,
1592 1197 1620 1220 et
1637 1201 1670 1220 ex
1689 1192 1779 1219 omni—

991 1242 1042 1268 bus
1065 1241 1169 1268 viribus
1193 1240 1265 1271 tuis.
1289 1240 1408 1274 itemque
1436 1239 1588 1274 proximum
1609 1242 1685 1264 tuum
1708 1237 1781 1264 sicut

992 1287 1134 1322 tcipsum;
1150 1296 1159 1312 ›
1177 1285 1299 1313 addidit:
1319 1294 1328 1310 ι
1349 1285 1377 1312 In
1396 1285 1437 1312 his
1450 1283 1585 1311 mandatis
1594 1282 1720 1310 universa
1737 1282 1778 1309 lex

992 1333 1090 1368 pendet
1108 1337 1135 1360 et
1159 1331 1307 1367 prophetae.
1328 1341 1337 1357 ι
1355 1331 1455 1358 Veiens
1467 1331 1558 1364 itaque
1578 1329 1630 1356 hoc
1646 1329 1705 1356 loco
1716 1329 1781 1357 bre-

993 1380 1061 1406 riter
1083 1379 1174 1406 dicere
1195 1386 1257 1413 qua:
1277 1377 1360 1404 Deum
1389 1383 1504 1411 qumque
1537 1376 1691 1411 proximum
1719 1383 1781 1410 spe-

993 1430 1067 1454 ctant
1078 1436 1085 1459 ;
1098 1425 1218 1461 perjurio
1229 1425 1337 1460 quidem
1350 1424 1457 1460 quodin
1471 1423 1554 1450 Deum
1565 1423 1659 1454 tendit,
1669 1427 1783 1449 cunctas

994 1472 1226 1506 irreligiositates.
1237 1471 1264 1498 id
1275 1474 1316 1498 est
1331 1471 1464 1497 adversus
1474 1469 1558 1496 Deum
1574 1472 1695 1503 peccata.
1705 1476 1782 1495 com-

963 1524 985 1552 ί]
994 1518 1091 1553 pendio
1103 1518 1170 1545 dicit
1185 1527 1191 1544 :
1205 1517 1278 1544 l'urto
1290 1522 1389 1548 autem,
1405 1523 1465 1551 quae
1476 1515 1608 1542 adversus
1624 1515 1781 1549 proximum

993 1568 1066 1590 sunt.
1081 1562 1149 1590 Nam
1165 1563 1228 1598 quia
1244 1562 1344 1589 l'urtum
1360 1565 1403 1589 est
1418 1561 1456 1588 rei
1470 1561 1566 1588 alienae
1580 1560 1691 1591 ablatio,
1707 1568 1781 1587 nunc

995 1610 1095 1636 furtum
1114 1609 1278 1643 generaliter
1302 1607 1447 1642 appellavit
1468 1606 1604 1642 quidquid
1625 1607 1704 1633 alteri
1730 1614 1780 1633 au-

994 1654 1098 1686 fertur;
1129 1658 1158 1680 ut
1186 1653 1280 1688 paucis
1308 1652 1443 1688 signiticet
1467 1650 1686 1679 maledictionem
1711 1651 1781 1678 hanc

993 1702 1054 1727 esSe
1071 1699 1218 1726 maximam
1234 1707 1265 1726 ac
1286 1698 1436 1726 terribilem
1455 1701 1481 1724 ct
1496 1697 1609 1724 cuilibet
1623 1697 1781 1732 impenden-

994 1748 1059 1773 tem.
1082 1743 1139 1770 sive
1161 1743 1184 1771 is
1205 1743 1232 1770 in
1250 1742 1334 1770 Deum
1355 1743 1455 1776 impius
1477 1743 1523 1774 sit,
1547 1742 1606 1770 sive
1627 1742 1780 1777 proximum

994 1789 1198 1824 quomodolibet
1215 1789 1309 1816 violet.
1332 1788 1403 1815 Dicit
1413 1792 1504 1815 antem
1525 1788 1582 1815 l'ore
1598 1794 1626 1815 ut
1647 1795 1678 1815 ea
1697 1788 1781 1815 male-

993 1835 1079 1862 dictio
1093 1834 1247 1862 diversetur
1266 1834 1339 1862 domi
1356 1835 1428 1868 ejus.
1453 1838 1480 1861 et
1501 1839 1647 1861 consumat
1663 1834 1735 1860 illam
1751 1841 1782 1860 ac

995 1881 1097 1915 lapides
1122 1881 1225 1915 ipsius;
1255 1881 1281 1908 id
1301 1884 1353 1912 est,
1376 1880 1434 1908 Dixi
1459 1881 1522 1907 huic
1538 1881 1599 1907 sine
1622 1879 1783 1915 poenitentia

994 1927 1116 1962 peccanti
1137 1935 1144 1953 :
1161 1926 1256 1953 Divina
1271 1933 1350 1961 pcena
1360 1930 1479 1959 eatenus
1490 1925 1683 1960 perseverabit,
1698 1925 1784 1952 donec

996 1975 1168 2005 peccatorem
1188 1979 1250 1998 ευιιὶ
1269 1970 1344 1998 omni
1368 1979 1397 1998 re
1409 1978 1458 1998 sua
1477 1975 1630 1997 consumat.
1643 1970 1699 2004 Age
1716 1978 1783 1998 γει-θ

995 2020 1137 2050 postquam
1153 2016 1220 2043 satis
1237 2023 1285 2043 eos
1299 2014 1451 2048 terrelecit,
1468 2015 1587 2042 ostendit
1603 2014 1629 2041 in
1646 2015 1785 2049 sequenti-

997 2063 1047 2090 bus
1059 2062 1200 2090 remissam
1215 2061 1299 2089 fuisse
1314 2062 1477 2096 praeteritam
1491 2061 1599 2088 illorum
1617 2062 1725 2096 culpam
1739 2066 1783 2088 at-

995 2115 1048 2141 que
1064 2114 1172 2142 poenam
1184 2115 1192 2139 ;
1205 2110 1235 2133 ut
1249 2106 1337 2141 magis
1351 2106 1414 2133 inde
1425 2109 1604 2141 cognoscant,
1621 2109 1682 2140 post
1697 2106 1784 2141 impe-

996 2156 1094 2179 tratam
1113 2152 1313 2186 praeteritorum
1334 2150 1452 2181 veniam,
1467 2157 1593 2185 oportere
1607 2158 1654 2177 eos
1666 2150 1783 2186 diligen-

158 2204 211 2221 των
236 2195 374 2230 ἁμαρτίαν
400 2204 428 2222 τε
450 2196 498 2222 καὶ
522 2196 671 2232 τιμωρίαν·
695 2197 732 2229 ὡς
754 2197 787 2224 ἃν
815 2198 941 2232 μειζόνως

999 2198 1053 2225 tius
1065 2197 1110 2224 Dei
1125 2198 1259 2224 voluntati
1274 2196 1400 2231 obsequi.
1417 2196 1600 2230 Quamobrem
1616 2196 1691 2223 addit
1706 2204 1712 2222 :

157 2240 245 2274 ἔχοιεν
260 2239 367 2270 εἰδέναι.
382 2241 422 2267 δτι
442 2241 490 2276 τῆς
507 2243 563 2272 τοῖς
586 2242 632 2267 ἐπὶ
647 2242 824 2277 προειληφόσι
848 2243 957 2278 χάριτος
975 2243 1120 2278 τετυχότας
1137 2243 1268 2278 προσήκοι
1283 2241 1316 2268 ἂν
1335 2241 1544 2276 ἐπιμελέστερον
1558 2241 1716 2276 ἀντέχεσθαι
1731 2240 1785 2268 τῶν

157 2285 307 2312 δοκούντων
325 2285 392 2320 Θεῷ.
406 2286 451 2312 Διὸ
465 2286 571 2319 ἐπα-(εν

193 2331 267 2365 Στίχ.
288 2331 360 2366 ε’-η’.
374 2346 410 2352 -—
427 2341 436 2357 ι
463 2332 519 2358 Καὶ
533 2329 645 2366 ἐξῆλθεν
661 2332 675 2357 ὁ
695 2330 810 2366 ἄγγελος
825 2332 840 2357 ὁ
856 2330 944 2357 λαλῶν

158 2379 186 2405 ιν
205 2378 277 2413 ἐμοὶ,
295 2379 340 2404 καὶ
353 2376 413 2405 εἷπε
435 2379 502 2413 πρός
518 2387 551 2413 με
564 2387 570 2393 ·
599 2378 761 2413 ’Δνάόλεψον
774 2379 830 2410 τοῖς
844 2378 945 2413 ὀφθαλ-

160 2424 220 2458 μοῖς
234 2432 282 2449 σου
299 2425 346 2450 καὶ
367 2424 405 2450 ῐδε
420 2425 445 2450 τί
462 2424 492 2451 τὸ
505 2424 720 2459 ἐκπορευόμενον
735 2423 828 2450 τοῦτο·
849 2424 895 2450 καὶ
907 2422 945 2450 εί-

160 2476 220 2501 πον,
237 2468 270 2494 Τί
289 2469 362 2501 ἐστι;
381 2470 428 2495 καὶ
451 2467 522 2500 εἶπε.
551 2469 636 2496 Τοῦτο
650 2469 680 2495 τὸ
696 2469 794 2504 μέτρον
818 2469 848 2496 τὸ
863 2470 947 2496 ἐκπο-

160 2513 305 2548 ρευόμενον
315 2523 322 2530 ·
338 2515 385 2541 καὶ
399 2513 486 2546 εἶπεν,
503 2515 576 2550 Αὕτη
591 2516 608 2550 ἡ
628 2515 718 2541 ἀδικία
730 2515 819 2542 αὐτῶν
829 2516 858 2542 ὲν
871 2515 945 2552 πάσῃ

158 2559 191 2594 τῇ
217 2560 266 2593 γῇ·
299 2560 346 2586 καὶ
373 2561 426 2586 ἰδοὺ
458 2561 587 2588 τάλαντον
616 2560 739 2595 μολίϐδου
753 2561 943 2596 ὲξαιρόμενον·

161 2604 198 2643 (p.
224 2606 294 2639 £73)
314 2607 361 2632 καὶ
384 2606 438 2632 ἰδοὺ
463 2607 532 2642 γυνὴ
559 2607 606 2642 μία
625 2606 742 2642 ἐκάθητο
760 2608 788 2632 ὲν
805 2607 880 2642 μέσῳ
897 2606 944 2632 τοῦ

161 2654 262 2688 μέτρου
273 2672 280 2682 ,
297 2652 342 2678 καὶ
358 2649 442 2683 εἶπεν,
458 2651 530 2687 Δῦτη
549 2652 622 2678 ἐστὶν
636 2653 652 2686 ἡ
670 2652 769 2686 ἀνομία
781 2659 787 2666 ’
802 2652 849 2678 καὶ
869 2651 944 2687 ἕρρι-

158 2700 210 2733 ψεν
225 2701 311 2734 αὐτὴν
326 2700 365 2730 εἰς
386 2699 466 2734 μέσον
480 2699 526 2726 τοῦ
545 2699 658 2734 μέτρου·
677 2699 723 2726 καὶ
738 2698 833 2734 ἔρριψε
849 2699 880 2725 τὸ
898 2699 944 2726 τά·

159 2746 257 2771 λαντον
273 2743 321 2770 τοῦ
337 2744 458 2778 μολίϐδου
472 2745 510 2776 εἰς
528 2745 558 2771 τὸ
571 2744 658 2779 στόμα
675 2744 768 2779 αὐτῆς.
783 2744 852 2770 ›Τὺν
864 2745 944 2772 αὑτὸν

198 2835 220 2850 ⁸⁸
245 2833 340 2860 Matth.
369 2840 434 2859 ml.
455 2833 499 2867 3'1,
521 2840 579 2867 sqq.

1031 2330 1113 2358 Vens.
1132 2331 1186 2358 5~8.
1207 2346 1240 2351 —
1256 2341 1265 2356 ι
1284 2331 1316 2358 Et
1340 2339 1468 2366 egressus
1485 2338 1528 2360 est
1549 2331 1662 2366 angelus
1678 2332 1725 2366 qui
1743 2331 1785 2358 lo-

995 2377 1128 2412 quebatur
1148 2378 1173 2403 in
1200 2385 1261 2406 me.
1289 2377 1413 2412 dixitque
1439 2377 1505 2404 mihi
1527 2386 1534 2404 :
1561 2376 1676 2411 Suspice
1695 2376 1785 2403 oculis

997 2424 1061 2453 tuis,
1089 2428 1116 2450 et
1138 2423 1199 2450 vide
1223 2423 1274 2450 hoc
1302 2423 1375 2457 quod
1396 2423 1545 2458 egreditur.
1572 2422 1604 2449 Et
1618 2422 1674 2449 dixi
1692 2432 1698 2449 :
1714 2422 1785 2455 Quid

997 2468 1055 2496 est?
1080 2468 1112 2495 Et
1128 2469 1166 2496 ait
1181 2477 1188 2495 ε
1205 2467 1267 2495 llmc
1287 2472 1330 2496 est
1352 2476 1480 2495 mensura
1502 2476 1563 2503 quae
1587 2468 1736 2502 egreditur.
1754 2467 1786 2494 Et

1000 2515 1037 2541 ait
1057 2525 1062 2541 :
1080 2514 1142 2541 Haec
1158 2518 1200 2541 est.
1213 2514 1343 2548 iniquitas
1356 2522 1451 2541 eorum
1467 2514 1495 2541 in
1512 2514 1639 2541 universa
1652 2517 1736 2541 terra.
1752 2513 1786 2540 Et

998 2567 1060 2587 ecce
1073 2560 1200 2586 talentum
1211 2560 1310 2594 plumbi
1320 2560 1463 2586 elevatum:
1475 2559 1674 2586 eteccemulier
1684 2566 1736 2585 una
1747 2566 1788 2586 se-

998 2606 1078 2633 debat
1087 2606 1112 2632 in
1123 2613 1255 2633 mensura:
1267 2605 1365 2633 medio.
1378 2605 1410 2632 Et.
1421 2605 1508 2632 dixit:
1522 2605 1583 2632 llaec
1594 2609 1635 2633 est.
1645 2604 1725 2640 315
1734 2604 1787 2631 ini-

998 2651 1098 2686 q-u'tas.
1112 2651 1143 2677 Et
1153 2649 1268 2685 conjeeit
1282 2657 1341 2676 eam
1351 2650 1378 2676 in
1391 2649 1508 2676 medium
1522 2657 1670 2681 mensum;
1681 2653 1708 2676 et
1723 2656 1788 2683 pro-

996 2696 1061 2732 jecit
1072 2695 1186 2731 lapidem
1197 2695 1298 2730 plumbi
1309 2695 1335 2722 in
1351 2703 1382 2722 os
1391 2695 1460 2729 ejus.
1476 2703 1486 2719 ι
1507 2695 1635 2722 Eunidem
1646 2694 1717 2722 videt
1727 2701 1789 2720 rur-

999 2750 1046 2771 sus
1068 2742 1202 2777 angelum,
1223 2740 1361 2776 jubentcm
1373 2741 1397 2768 ei
1411 2744 1439 2767 ut
1453 2740 1585 2775 aspiceret
1598 2738 1706 2776 quodin
1720 2746 1788 2773 pm:-
