1983 3072
216 117 267 145 539

799 114 973 144 THEODON
991 115 1237 144 MOPSUESTENI

1797 114 1856 142 5‘0

216 181 278 200 rum
299 181 330 201 se
346 173 423 200 abire
446 175 596 208 oporteret.
617 171 760 207 Signiﬁcat
782 176 872 200 autem
894 173 1007 208 reliquis

1069 173 1252 208 ,ξεπορεύοντο
1261 174 1306 199 ὲπι
1324 173 1376 207 γῆν
1389 181 1476 203 νοτου,
1489 172 1526 204 ὡς
1540 171 1624 207 θυμοῦ
1636 171 1760 202 πνέοντες
1776 170 1854 197 κατᾶ

215 221 298 247 etiam
317 226 410 246 curam
428 218 513 246 fuisse
532 219 637 246 varium
653 218 784 246 exhibere
807 218 1004 250 ministerium,

217 265 291 301 quod
309 265 441 292 varietate
458 265 559 293 coloris
581 265 622 293 sui
653 265 813 296 innuebant,
839 265 942 300 paratis
961 265 1007 292 olr

219 318 330 338 μοι-νοτε
347 318 410 336 num
431 309 498 345 quid
511 313 584 337 esset
600 314 730 345 prmterea
747 310 797 336 abs
818 317 848 336 se
871 313 1006 344 praestan-

219 355 294 388 dum,
310 354 387 389 juxta
402 355 450 381 Dei
467 355 644 385 voluntatem,
670 356 702 381 ad
718 355 836 382 hostium
852 362 960 392 ptenam
981 358 1008 381 et

219 398 339 426 Judaicaa
354 399 442 434 gemis
472 400 641 427 beneﬁcium.
670 400 774 432 Quibus
796 400 834 425 ait
853 409 858 426 :
877 400 954 433 «Ile,
981 403 1008 427 et

220 444 362 471 eircumite
382 444 581 472 terramJMox
605 449 632 472 et
648 445 723 472 addit
743 454 750 472 :
774 454 783 470 ι
802 444 834 471 Ει
857 444 1005 472 circumic-

219 493 284 517 runt
306 494 418 523 terram,
442 500 451 516 ›
468 491 616 518 ostendens
645 491 749 518 scilicet
770 499 932 519 concessum
957 492 1009 518 illis

222 540 252 563 ιιι
265 543 360 563 curam
372 543 451 564 suam
473 537 507 564 ad
527 537 630 564 exitum
650 537 842 572 perducerent.
864 542 891 564 et
913 545 1008 572 reapse

221 582 260 608 ita
275 589 304 609 se
317 582 417 617 egisse.

1058 218 1113 245 τῶν
1128 219 1220 245 αὐτόθι
1237 219 1298 250 τοὺς
1326 218 1493 253 Ἰσραηλίτας
1511 217 1717 244 διατεθεικότων
1736 216 1832 247 κακῶς
1844 225 1851 231 ·

1060 264 1119 299 μεθ’
1135 264 1181 296 οὓς
1193 265 1218 290 οἱ
1240 264 1355 290 ποικίλοι
1370 264 1416 290 καὶ
1438 264 1518 298 ψαροὶ
1538 263 1668 298 ὢςςθησαν
1691 262 1851 297 ζητοῦντες.

1058 311 1119 337 ὅποι
1141 311 1204 336 ποτὲ
1227 310 1352 335 ἀπελθεῖν
1376 311 1473 340 αὐτοὺς
1490 309 1543 335 δὲοι
1567 309 1615 344 τῆς
1641 309 1703 342 γῆς.
1724 308 1805 341 Δηλοῖ
1821 308 1853 334 δὲ

1058 356 1098 382 ὃτι
1114 356 1161 382 καὶ
1173 356 1227 385 τοῖς
1241 355 1463 391 ὑπολειπομένοις
1478 356 1587 391 φροντὶς
1596 353 1630 392 ἦν
1641 356 1708 391 πρὸς
1721 355 1852 390 ποικίλην

1057 401 1236 435 λειτουργίαν,
1249 401 1319 427 κατὰ
1329 401 1377 436 τὴν
1387 401 1481 436 χροιὰν
1495 401 1702 435 ἐκτετιγμένοις
1724 400 1787 427 ἰδεῖν
1809 400 1849 435 μή

1063 448 1115 474 πού
1128 457 1153 474 τι
1168 448 1214 474 καὶ
1228 447 1319 482 ἕτερον
1329 447 1401 473 ἐστιν
1416 447 1541 481 γενέσθαι
1556 448 1622 482 παρ’
1633 447 1721 473 αὐτῶν
1731 447 1850 480 ὀφεῖλον,

1063 493 1132 518 κατὰ
1158 492 1188 518 τὸ
1210 492 1305 518 δοκοῦν
1318 491 1356 526 τῷ
1371 492 1442 527 Θεῷ,
1457 493 1496 524 εἰς
1509 492 1643 527 τιμωρίαν
1657 501 1686 518 τε
1702 492 1755 518 τῶν
1770 493 1851 518 ἐναν-

1062 538 1137 570 τίων,
1164 538 1210 564 καὶ
1235 538 1395 572 εὐεργεσίαν
1419 537 1465 564 τοῦ
1491 537 1545 564 τῶν
1574 537 1707 564 Ἰουδαίων
1737 537 1850 568 ἔθνους⁶

1063 583 1131 618 πρὸς
1152 582 1199 614 οὓς
1212 582 1296 616 λέγει,
1321 592 1329 608 ι
1351 583 1502 618 Πορεύεσθε
1528 583 1574 609 καὶ
1594 582 1783 618 περιοδεύσατε
1799 582 1850 617 τὴν

222 629 273 663 γῆν
285 635 292 642 ·
312 637 320 653 ι
341 626 400 654 εἶτα
424 629 471 655 καὶ
484 629 633 664 ἐπήγαγεν,
653 639 662 655 ι
689 630 744 657 Καὶ
767 631 952 665 περιώδευσαν
972 631 1022 665 τὴν
1036 630 1097 665 γῆν,
1119 640 1127 656 ι
1143 630 1248 662 δεικνὺς
1266 631 1307 657 ὅτι
1321 630 1368 657 καὶ
1385 630 1579 665 ἐπετράπησαν
1595 630 1644 666 τὴν
1659 629 1785 666 φροντίδα
1798 630 1850 664 τὴν

221 673 322 700 οἰκείαν
336 674 448 708 ἀγαγεῖν
467 675 507 706 είς
523 675 618 710 πέρας,
637 675 685 701 καὶ
699 676 894 711 ἐπιτραπέντες
908 676 1011 710 εἴχοντο
1025 675 1130 701 τούτου.

262 720 342 747 Vens.
362 720 438 748 9—l5.
458 735 493 742 --
511 730 521 746 ι
536 721 567 748 Et
580 720 669 749 factus
686 725 727 749 est
743 729 834 749 sermo
851 721 959 748 Domini
976 721 1009 748 ad

223 773 267 792 me
292 765 409 793 dicens:
430 766 551 801 «Accipe
575 774 636 801 quae
658 767 692 794 de
717 767 876 802 captivitate
905 770 969 793 sunt
995 774 1010 793 a

228 811 411 846 principibus,
427 816 454 838 et
468 812 518 839 abs
542 812 721 847 optimatibus
738 813 808 846 ejus.
830 818 857 840 et
870 813 905 840 ab
918 813 951 839 iis
964 814 1009 847 qui

224 860 409 889 cognoverunt
423 864 495 888 eam,
513 858 547 884 ab
564 857 650 890 Eldai,
667 862 693 884 et
705 865 720 884 a
737 857 833 890 Tobia,
847 862 875 885 et
890 859 923 884 ab
935 857 1008 885 Ideo.

225 900 257 927 l-Zt
272 901 433 936 ingrediaris
448 905 476 928 tu
489 901 533 929 die
551 902 596 929 illa
615 903 642 930 iu
664 902 774 930 domum
793 903 875 930 Josia:
897 903 943 930 lilii
962 903 1012 930 So-

225 947 340 979 phoniaz,
359 947 404 982 qui
422 948 496 974 venit
507 947 540 974 de
555 947 702 983 Babylone.
717 948 899 983 Accipiesque
913 956 1011 983 argen-

224 995 282 1017 tum
300 996 327 1018 et
340 999 449 1024 aurum,
469 992 607 1028 faciesque
619 1001 760 1023 coronam,
781 997 808 1021 et
819 994 942 1029 impones
965 1002 1011 1021 su-

226 1043 274 1070 per
285 1041 367 1071 caput
383 1036 458 1068 Jesu,
474 1037 607 1065 Joscdcco
624 1039 721 1073 geniti,
739 1039 892 1066 sacerdotis
908 1039 1011 1074 magni.

225 1081 358 1116 Dicesque
373 1083 397 1109 ei
416 1091 423 1109 :
440 1082 502 1110 Haec
519 1083 557 1110 ait
576 1083 707 1111 Dominus
725 1085 898 1120 omnipotens
916 1093 923 1112 ι
942 1084 1013 1112 Ecce

225 1126 276 1158 vir,
294 1128 337 1154 cui
355 1135 454 1155 nomen
471 1128 584 1160 Oriens,
608 1133 635 1156 et
650 1129 745 1157 subter
759 1137 821 1157 eum
845 1131 958 1158 orietur.
981 1130 1014 1157 Et

225 1173 372 1200 mdiﬁcabit
383 1173 493 1201 dommn
509 1174 626 1205 Domini,
643 1179 669 1202 et
683 1175 740 1210 ipse
748 1176 864 1211 accipiet
872 1177 1013 1208 virtutem,

225 1219 372 1246 «taedebit
387 1227 419 1246 ac
447 1219 634 1247 dominabitur
655 1229 737 1256 super
765 1221 864 1249 throno
893 1229 954 1249 suo.
981 1221 1014 1248 Et

225 1265 277 1290 erit
292 1264 423 1291 sacerdos
434 1272 449 1291 a
468 1265 573 1292 dextris
585 1266 656 1300 ejus,
677 1270 705 1293 et
722 1266 792 1293 inter
816 1271 947 1301 utrosque
962 1267 1014 1295 erit

227 1311 371 1337 consilium
391 1311 544 1345 pacificum.
561 1311 669 1339 Corona
684 1318 775 1340 autem
792 1313 1014 1348 exspectantibus

227 1356 292 1388 erit,
304 1361 331 1383 et
347 1357 525 1390 optimatibus
543 1357 613 1392 ejus,
629 1362 657 1384 et
670 1358 716 1393 qui
736 1363 922 1394 cognoverunt
942 1366 1014 1391 eam,

227 1407 254 1428 et
266 1402 292 1428 in
306 1403 420 1437 gratiam
439 1402 485 1430 ﬁlii
502 1402 656 1437 Sophoniaa,
677 1403 745 1430 etin
762 1403 895 1438 psalmum
921 1404 1015 1432 domui

229 1447 346 1475 Domini.
364 1448 395 1474 Et
410 1449 454 1482 qui
474 1449 568 1483 procul
586 1449 619 1477 iis
636 1453 702 1476 sunt
716 1450 835 1481 venient,
855 1454 882 1476 et
897 1449 1015 1476 aediﬁca-

1101 721 1176 756 Στίχ.
1195 721 1272 748 θ’-ιε¹.
1285 735 1321 742 -
1345 731 1353 747 ι
1378 721 1432 748 Καὶ
1449 721 1555 755 ἐγένετο
1568 721 1645 754 λόγος
1659 721 1761 756 Κυρίου
1781 721 1850 755 πρός

1067 776 1100 802 με
1114 767 1200 800 λέγων
1211 774 1218 780 ·
1244 766 1316 793 Λάσε
1332 767 1366 793 τὰ
1386 767 1418 793 ἐκ
1435 767 1483 801 τῆς
1499 767 1684 801 αἰχμαλωσίας
1700 766 1775 801 παρὰ
1794 766 1851 791 τῶν

1027 829 1048 856 Β
1064 812 1212 847 ἀρχόντων,
1235 812 1282 837 καὶ
1305 811 1378 846 παρὰ
1401 812 1454 837 τῶν
1476 813 1619 847 χρησίμων
1644 811 1693 845 τῆς
1717 811 1777 845 γῆς,
1803 811 1852 836 καὶ

1062 858 1137 893 παρὰ
1149 858 1202 884 τῶν
1215 858 1408 891 ἐπεγνωκότων
1421 858 1504 892 αὐτὴν
1518 857 1592 892 παρὰ
1612 856 1699 883 Ἐλδαῖ
1716 856 1762 882 καὶ
1774 856 1852 890 παρὰ

1061 901 1175 931 Τωϐίου,
1199 901 1245 928 καὶ
1267 901 1342 937 παρὰ
1372 901 1468 928 Ίδέου·
1494 901 1542 928 καὶ
1563 901 1705 935 είσελεύσῃ
1721 901 1752 926 σύ
1769 901 1796 926 ὲν
1817 901 1851 934 τῇ

1061 947 1153 982 ἡμέρᾳ
1165 946 1255 982 ἐκείνῃ
1269 948 1308 978 είς
1322 947 1367 973 τον
1381 945 1453 974 οἷκον
1472 947 1574 974 Ἰωσίου
1593 946 1639 973 τοῦ
1655 947 1781 981 Σοφονίου
1799 948 1850 974 τοῦ

1062 993 1174 1027 ἥκοντος
1192 993 1223 1018 ὲκ
1241 992 1414 1024 Βαϐυλῶνος·
1438 994 1484 1020 καὶ
1498 993 1569 1028 λήψῃ
1584 993 1713 1028 ἀργύριον
1727 995 1772 1020 καὶ
1786 1004 1852 1030 χρυ-

1064 1038 1130 1071 σίον,
1146 1039 1193 1065 καὶ
1207 1039 1328 1073 ποιήσεις
1351 1039 1490 1072 στέφανον,
1517 1039 1562 1064 καὶ
1580 1039 1719 1073 ἐπιθήσεις
1739 1041 1784 1066 ἐπὶ
1800 1041 1853 1075 τὴν

1064 1085 1183 1120 κεφαλὴν
1200 1085 1286 1119 Ἰησοῦ
1302 1084 1348 1111 τοῦ
1368 1085 1489 1112 Ἰωσεδὲκ
1503 1085 1550 1111 τοῦ
1570 1086 1697 1120 μεγάλου,
1713 1087 1759 1112 καὶ
1778 1087 1853 1122 ἐρεῖς

1065 1132 1132 1166 πρὸς
1148 1131 1245 1157 αὐτόν·
1264 1131 1332 1158 Τάδε
1350 1131 1423 1166 λέγει
1438 1131 1539 1166 Κύριος
1554 1132 1747 1168 παντοκράτωρ
1760 1141 1765 1147 '
1787 1132 1852 1159 Ἰδοὺ

1064 1177 1142 1212 ἀνὴρ,
1164 1177 1291 1212 Ἀνατολὴ
1305 1177 1390 1211 ὄνομα
1406 1177 1489 1212 αὐτῷ,
1508 1178 1555 1204 καὶ
1579 1178 1752 1205 ὑποκάτωθεν
1767 1179 1852 1205 αὐτοῦ

1064 1223 1200 1254 ἀνατελεῖ,
1227 1223 1273 1249 καὶ
1299 1223 1470 1258 οἰκοδομήσει
1490 1223 1534 1250 τὸν
1557 1221 1631 1251 οἶκον
1659 1225 1778 1260 Κυρίου’
1807 1226 1854 1252 καὶ

1064 1268 1144 1300 αὐτὸς
1153 1269 1266 1304 λήψεται
1281 1269 1391 1304 ἀρετὴν.
1404 1269 1450 1294 καὶ
1461 1268 1594 1295 καθιεῖται
1607 1269 1652 1296 καὶ
1663 1270 1791 1305 κατάρξει
1807 1270 1854 1296 ἐπὶ

1065 1313 1160 1348 θρόνου
1180 1313 1282 1340 αὑτοῦ·
1311 1314 1356 1340 καὶ
1380 1313 1456 1339 ἔσται
1482 1313 1496 1338 ό
1522 1314 1610 1348 ἱερεὺς
1633 1315 1665 1340 ἐκ
1681 1314 1785 1346 δεξιῶν,
1806 1315 1854 1341 καὶ

1067 1358 1147 1394 βουλὴ
1173 1359 1297 1394 εἰρηνικὴ
1322 1358 1398 1385 ἔσται
1422 1359 1558 1393 άναμέσον
1581 1360 1758 1394 ἀμφοτέρων·
1788 1361 1801 1386 ό
1825 1361 1854 1387 δὲ

1067 1405 1196 1439 στέφανος
1219 1404 1295 1430 ἔσται
1310 1405 1366 1436 τοῖς
1384 1405 1549 1439 ὑπομένουσι
1565 1405 1612 1431 καὶ
1630 1406 1686 1436 τοῖς
1710 1406 1854 1441 χρησίμοις

1066 1449 1150 1484 αὐτῆς
1166 1449 1213 1475 καὶ
1228 1450 1284 1480 τοῖς
1305 1449 1487 1482 ὲπεγνωκόσιν
1512 1449 1613 1484 αὑτήνο
1631 1451 1677 1476 καὶ
1694 1451 1733 1482 είς
1756 1451 1854 1486 χάριτα

229 1496 295 1521 bunt
322 1495 349 1521 in
375 1494 456 1521 domo
477 1494 606 1522 Domini:
627 1500 654 1521 et
677 1495 770 1523 scietis
801 1495 864 1530 quia
886 1495 1016 1522 Dominus

1069 1494 1125 1521 υίοῦ
1140 1495 1277 1528 Σοφονίου,
1295 1494 1341 1520 καὶ
1361 1495 1401 1525 είς
1423 1493 1530 1528 ψαλμὸν
1544 1494 1611 1529 οἴκῳ
1628 1495 1732 1530 Κυρίου
1743 1503 1750 1510 ·
1771 1496 1818 1522 καὶ
1830 1497 1854 1522 οἱ

229 1540 402 1574 omnipotens
423 1540 496 1568 misit
509 1548 551 1568 me
563 1540 596 1568 ad
612 1548 670 1568 vos.
691 1541 723 1567 Et
746 1541 807 1572 erit,
819 1541 843 1568 si
867 1541 1015 1569 exaudien-

230 1589 269 1612 Ics
282 1585 458 1612 exaudieritis
474 1593 567 1612 vorem
585 1584 692 1612 Domini
712 1585 757 1613 Dei
773 1586 869 1613 vestri.
885 1595 894 1611 ι

1070 1540 1179 1575 μακρὰν
1201 1540 1249 1566 ἀπ’
1266 1539 1354 1566 αὐτῶν
1375 1539 1482 1573 ἥξουσι,
1510 1539 1548 1574 (p.
1566 1539 1629 1573 478)
1648 1541 1694 1567 καὶ
1714 1541 1856 1576 οἰκοδομή-

1070 1594 1162 1612 σουσιν
1186 1586 1215 1611 ὲν
1240 1585 1278 1620 τῷ
1298 1586 1362 1620 οἴκῳ
1380 1585 1482 1620 Κυρίου
1495 1593 1501 1600 ·
1528 1585 1574 1611 καὶ⁸
1592 1585 1727 1619 γνώσεσθε
1745 1587 1786 1613 ὅτι
1800 1587 1855 1613 Κύ-

230 1639 288 1664 ριος
314 1631 511 1666 παντοκράτωρ
537 1630 692 1658 άπέσταλκέ
710 1639 743 1667 με
770 1629 838 1665 πρὸς
864 1631 952 1666 ὑμᾶς·
980 1631 1028 1658 καὶ
1051 1631 1126 1657 ἔσται
1149 1630 1196 1657 ἐὰν
1215 1631 1357 1662 ἀκούοντες
1375 1629 1552 1667 είσακοὺσητε
1573 1630 1622 1665 τῆς
1644 1633 1735 1666 φωνῆς
1754 1632 1854 1665 Κυρῗου

230 1675 276 1702 τοῦ
292 1676 358 1702 Θεοῦ
373 1676 460 1711 ὑμῶν.
480 1686 489 1703 ι

265 1719 500 1752 Quemadmodum
523 1730 587 1749 vero
605 1723 700 1750 beatus
724 1722 832 1757 Moyses
853 1723 972 1758 Egypto
989 1730 1019 1750 e-

231 1772 353 1800 gressus.
370 1765 463 1792 divino
478 1768 557 1800 jussu
575 1767 679 1801 accepit
696 1775 710 1794 a
733 1768 833 1802 populo
848 1775 908 1802 qua:
922 1766 955 1793 ad
976 1772 1018 1794 ta-

231 1811 372 1838 bernaculi
397 1811 540 1838 aedilicium
564 1817 747 1848 ornatumque
770 1812 957 1844 conferebant,
982 1813 1019 1839 ita

232 1855 327 1884 beatus
343 1864 452 1892 quoque
466 1857 547 1892 319
558 1857 704 1885 Zacharias
723 1858 836 1892 jubolur
859 1859 986 1893 accipere
1004 1865 1019 1885 a

233 1900 381 1928 reducibus
401 1901 434 1929 de
458 1902 625 1935 captivitate,
649 1903 706 1930 sive
733 1903 859 1936 ducibus,
873 1903 930 1930 sive
949 1910 1017 1938 quo-

234 1945 383 1974 modolibet
402 1947 542 1982 largiendo
562 1948 684 1980 idoneis,
701 1949 757 1976 imo
772 1950 806 1976 ab
823 1949 958 1977 universis
971 1949 1017 1983 qui

234 1993 349 2026 patriam
367 1998 604 2027 recuperaverant.
624 1993 774 2029 Optimates
788 2000 866 2022 terra“:
877 1995 943 2022 dicit
958 2003 1016 2027 eos.

235 2037 280 2071 qui
296 2038 331 2064 ob
346 2045 411 2066 suas
422 2038 531 2066 divitias
553 2039 677 2067 conferre
692 2040 795 2075 aliquid
817 2040 881 2068 huic
898 2041 959 2069 usui
974 2049 1020 2068 va-

237 2083 337 2110 lebant.
357 2083 561 2119 Cognoscentcs
582 2093 646 2113 vero
663 2093 734 2119 eam,
757 2087 822 2114 dicit
837 2087 882 2121 qui
896 2095 965 2119 eam,
993 2086 1019 2114 id

235 2133 277 2156 est
294 2130 419 2163 patriam,
433 2135 673 2165 recuperaverant,
686 2139 736 2159 ceu
758 2132 804 2166 qui
820 2136 918 2166 praeter
933 2139 1019 2166 spem,

1104 1722 1208 1756 Ὂνπερ
1225 1721 1257 1756 δὴ
1276 1722 1374 1756 τρόπον
1387 1722 1401 1749 ὁ
1421 1721 1555 1756 μακάριος
1570 1721 1673 1756 Μωσῆς
1690 1720 1856 1755 ἐξεληλυθὼς

1067 1767 1116 1802 τῆς
1136 1766 1284 1801 Αἰγύπτου,
1301 1766 1371 1792 κατὰ
1389 1767 1552 1802 πρόσταγμα
1567 1766 1638 1792 θεῖον
1662 1765 1756 1800 εἴληφε
1783 1766 1857 1800 παρὰ

1067 1811 1114 1838 τοῦ
1132 1810 1197 1838 λαοῦ
1212 1811 1246 1837 τὰ
1268 1811 1335 1846 πρὸς
1352 1811 1526 1846 κατασκευήν
1542 1819 1570 1837 τε
1585 1811 1630 1837 καὶ
1645 1810 1792 1845 εὐκοσμίαν
1807 1810 1855 1844 τῆς

1070 1856 1174 1892 σκηνῆς
1190 1855 1380 1887 συντελοῦντα,
1404 1856 1449 1882 τὸν
1467 1856 1548 1882 αὐτὸν
1564 1855 1595 1890 δὴ
1617 1856 1664 1881 καὶ
1686 1857 1700 1882 ὁ
1723 1855 1855 1890 μακάριος

1071 1901 1207 1937 Ζαχαρίας
1231 1900 1368 1927 κελεύεται
1385 1901 1461 1936 παρὰ
1479 1900 1534 1926 τῶν
1558 1900 1589 1925 ὲκ
1605 1900 1654 1934 τῆς
1671 1899 1855 1934 αἰχμαλωσίας

1071 1947 1248 1982 ἐληλυθότων,
1275 1946 1330 1972 εἴτε
1348 1946 1515 1982 ἡγουμένων,
1534 1945 1584 1972 εἷθ’
1606 1945 1680 1977 ὅπως
1703 1945 1801 1980 δήποτε
1824 1945 1856 1971 δι’

1071 1993 1201 2027 εὐπορίαν
1216 1992 1378 2028 ἐπιτηδείων
1398 1992 1466 2027 πρὸς
1488 1991 1567 2017 τοῦτο
1589 1991 1636 2017 καὶ
1651 1991 1725 2026 παρὰ
1752 1991 1858 2016 πάντων

1071 2038 1103 2073 δὴ
1115 2038 1169 2065 τῶν
1186 2038 1253 2069 ὅλως
1267 2038 1455 2072 ἀπειληφότων
1468 2037 1502 2062 τὰ
1517 2037 1619 2062 οἰκεῖα·
1638 2035 1791 2071 χρησίμους
1811 2035 1858 2070 μὲν

1073 2083 1127 2119 γὰρ
1144 2084 1217 2117 λέγει
1233 2083 1281 2116 τῆς
1296 2083 1357 2118 γῆς,
1371 2083 1434 2114 τοὺς
1451 2082 1485 2108 δι’
1503 2082 1633 2116 εὐπορίαν
1647 2081 1858 2114 συνεισενεγκεῖν

1073 2138 1099 2155 τι
1113 2131 1145 2165 τῇ
1160 2129 1239 2165 χρεία
1252 2128 1434 2162 δυναμένους⁵
1449 2127 1639 2161 ὲπεγνωκότας
1650 2126 1678 2153 δὲ
1692 2126 1787 2161 αὐτὴν,
1798 2126 1858 2156 τοὺς

235 2181 266 2201 ea
285 2174 424 2210 deperdita
443 2176 519 2210 potiti
544 2180 632 2204 erant.
652 2175 697 2204 Sic
722 2177 852 2204 nimirum
875 2185 889 2204 a
907 2177 1016 2212 singulis

1076 2175 1260 2210 ἀπειληφότας
1274 2174 1369 2208 αὐτὴν,
1385 2174 1423 2205 ὡς
1441 2174 1506 2207 παρ’
1522 2172 1632 2204 ἐλπίδας
1648 2172 1809 2207 δεξαμένους
1827 2171 1859 2206 ἣν

238 2228 287 2255 pro
299 2228 348 2248 sua
365 2222 444 2255 copia
460 2221 637 2249 oll‘erenlibus
658 2222 828 2258 accipiendo.
845 2222 956 2250 domum
975 2222 1021 2249 Dei

237 2266 377 2294 conditum
393 2271 418 2294 el
435 2274 484 2301 pro
499 2267 632 2302 dignitate
647 2274 809 2295 exornatum
827 2267 872 2295 iri.
889 2267 1022 2295 Recitatis

237 2319 302 2339 vero
329 2312 435 2346 aliquot
466 2313 549 2340 etiam
574 2313 716 2340 hominum
746 2313 904 2341 nominibus
936 2313 969 2340 ad
996 2313 1021 2340 id

239 2357 356 2385 maxime
368 2358 536 2389 idoneorum.
560 2366 620 2385 mox
638 2358 715 2392 jubet
736 2359 769 2386 ad
787 2358 868 2386 Josia:
882 2358 1022 2394 Sopllonia

239 2403 294 2429 nati
312 2403 422 2431 domum
443 2404 582 2436 accedere.
601 2405 652 2431 viri
673 2404 706 2431 de
723 2404 886 2440 Babylonica
907 2404 1023 2439 captivi-

240 2452 296 2475 tate
311 2450 423 2481 reversi,
436 2454 603 2484 cmterosquc
617 2457 713 2477 onmes
728 2450 806 2484 copia
819 2457 911 2477 rerum
925 2454 952 2476 et
966 2450 1024 2476 ala-

240 2494 338 2521 critate
353 2494 386 2521 ad
404 2502 473 2529 opus
495 2496 658 2530 superantis.
681 2496 720 2522 Ab
735 2495 786 2522 hoc
795 2500 883 2523 autem
893 2495 1024 2530 quidquid

241 2540 345 2573 argenti
361 2541 474 2575 aurique
490 2542 617 2568 collatum
636 2541 734 2573 fuerit,
750 2549 879 2570 coronam
893 2541 955 2568 inde
970 2541 1027 2568 ﬁeri

243 2585 300 2611 vult
318 2586 467 2614 sacerdotis
488 2587 570 2622 capiti
594 2587 797 2622 imponendam,
824 2587 857 2614 ad
881 2587 1027 2614 sacerdotii

243 2635 370 2658 ornatum
388 2639 420 2659 ac
441 2633 534 2659 decus.
553 2632 607 2660 Hac
625 2642 688 2660 mox
710 2633 860 2661 sacerdotis
877 2633 958 2668 capiti
978 2633 1028 2660 im-

245 2678 347 2713 posita.
364 2679 468 2706 moneri
488 2687 550 2707 eum
565 2679 633 2712 vult,
652 2683 682 2706 ut
695 2679 729 2707 de
743 2685 817 2707 retro
836 2679 969 2714 expositis
985 2686 1027 2706 re-

247 2724 300 2751 bus
324 2724 417 2751 multis
441 2731 474 2751 ac
497 2724 623 2752 maximis
653 2725 779 2752 ﬁduciam
802 2729 902 2752 sumat.
923 2724 1027 2751 Etenim

246 2768 337 2794 divina
361 2768 495 2796 sententia
517 2769 604 2796 virmn
626 2770 795 2804 apparuisse,
820 2769 862 2796 cui
886 2777 919 2795 ex
937 2776 1027 2795 rerum

247 2818 346 2840 eventu
362 2821 460 2841 nomen
478 2818 520 2841 est
534 2813 649 2847 Oriens;
664 2814 729 2841 dicit
744 2821 808 2841 vero
821 2814 1026 2845 Zorobabelcm.

1073 2221 1281 2248 ἀπολωλέκεσαν
1305 2220 1369 2255 ἤδη·
1398 2220 1468 2247 ὥστε
1501 2219 1576 2253 παρὰ
1603 2218 1705 2245 τούτων
1735 2217 1858 2244 ἁπάντων

1074 2267 1188 2293 ἑκάστου
1205 2266 1237 2301 δὴ
1253 2266 1287 2292 τά
1305 2265 1374 2292 κατὰ
1396 2265 1510 2300 δύναμιν
1523 2265 1694 2299 είσφέροντος
1711 2264 1802 2291 λαϐεῖν
1815 2263 1859 2290 ἐπὶ

1074 2313 1112 2348 τῷ
1128 2313 1173 2339 τὸν
1184 2311 1258 2339 οἷκον
1276 2312 1324 2338 τοῦ
1339 2311 1406 2338 Θεοῦ
1429 2311 1554 2345 γενέσθαι
1567 2319 1596 2337 τε
1616 2311 1663 2338 καὶ
1680 2311 1857 2345 κοσμηθῆναι,

1075 2359 1121 2385 καὶ¹
1144 2358 1214 2384 κατά
1229 2357 1260 2383 τὸ
1284 2357 1432 2392 προσῆκον.
1450 2357 1576 2392 Εἰρηκὼς
1597 2356 1625 2382 δὲ
1641 2356 1688 2382 καί
1711 2364 1792 2382 τινων
1805 2356 1859 2381 ὀνο-

1076 2404 1177 2439 μασίας
1206 2403 1260 2429 τῶν
1292 2402 1409 2437 μάλιστα
1430 2402 1468 2433 ὡς
1498 2402 1572 2432 εἰκὸς
1593 2400 1771 2436 ἐπιτηδείων,
1795 2400 1859 2435 πρὸς

1075 2449 1153 2476 τοῦτο
1179 2448 1284 2475 κελεύει
1307 2449 1346 2480 είς
1367 2447 1412 2474 τὸν
1442 2447 1544 2474 Ἰωσίου
1569 2446 1614 2473 τοῦ
1639 2446 1764 2480 Σοφονίου
1790 2443 1859 2471 οἷκον

1075 2495 1275 2530 εἰσεληλυθότα,
1291 2493 1448 2528 ἐληλυθότος
1474 2493 1523 2528 μὲν
1538 2494 1569 2519 ὲκ
1585 2493 1633 2527 τῆς
1648 2491 1718 2518 κατὰ
1739 2491 1790 2526 τὴν
1810 2490 1858 2516 Βα-

1076 2540 1182 2566 ϐυλῶνα
1206 2538 1393 2574 αἰχμαλωσίας
1416 2538 1461 2564 καὶ
1486 2537 1581 2568 αὑτοῦ,
1604 2537 1732 2568 νικῶντος
1754 2536 1782 2562 δὲ
1799 2535 1858 2565 τοὺς

1077 2585 1173 2616 ἄλλους
1190 2586 1237 2611 καλ
1252 2584 1367 2619 εὐπορίᾳ
1381 2584 1429 2611 καὶ
1451 2585 1483 2618 τῇ
1499 2583 1562 2618 περὶ
1585 2582 1615 2608 τὸ
1631 2583 1746 2617 πρᾶγμα
1763 2580 1858 2616 προθυ-

1079 2631 1138 2666 μίᾳ.
1157 2630 1208 2657 Καὶ
1231 2630 1263 2665 δὴ
1286 2630 1470 2665 κομισάμενον
1492 2628 1622 2664 ἀργύριόν
1639 2637 1669 2654 τε
1685 2628 1731 2654 καὶ
1748 2625 1853 2662 χρυσίον

1078 2675 1176 2702 ὁπόσον
1200 2673 1324 2709 ἀναδιδῷ,
1354 2674 1484 2708 στέφανον
1501 2673 1531 2705 ἐξ
1556 2672 1637 2699 αὑτοῦ
1661 2671 1857 2698 κατασκευάσαι

1078 2721 1123 2748 τὸν
1135 2721 1287 2748 ἐπικεῖσθαι
1295 2721 1327 2755 τῇ
1336 2720 1383 2746 τοῦ
1392 2719 1486 2754 ἱερέως
1494 2719 1636 2753 ὀφείλοντα
1647 2718 1761 2753 κεφαλῇ,
1769 2717 1808 2748 εἰς
1815 2716 1858 2751 τὴν

1079 2767 1127 2801 τῆς
1141 2767 1288 2801 ἱερωσύνης
1300 2765 1447 2799 εὐκοσμίαν
1463 2772 1492 2790 τε
1513 2763 1559 2790 καὶ
1569 2763 1744 2798 εὐπρέπειαν,
1757 2763 1785 2796 (p
1802 2760 1856 2796 479)

1080 2812 1179 2838 Τοῦτον
1202 2812 1229 2839 δὲ
1243 2812 1371 2838 νενονότα
1387 2810 1518 2837 ἐνθεῖναι
1537 2809 1588 2843 μὲν
1604 2810 1636 2844 τῇ
1649 2807 1695 2834 τοῦ
1711 2808 1804 2838 ἱερέως
1818 2814 1858 2832 κε-
