1983 3072
145 117 194 144 5ιὶ
600 119 878 149 COMMENTARIUS
896 121 928 149 IN
947 122 1130 150 ZACIIAIiI/E
1148 123 1223 150 CAP.
1243 123 1298 150 VII.

1719 122 1772 149 5ἱῖ

144 175 229 209 φαλῇ,
245 174 332 200 εἰπεῖν
344 175 370 202 δὲ
386 175 452 210 πρὸς
468 175 548 202 αὑτὸν
565 175 603 208 ὼς
623 177 656 204 ἂν
673 178 736 213 περὶ
754 178 807 204 τῶν
823 186 933 214 προκει-

986 180 1019 206 ad
1031 180 1146 214 regalem
1162 179 1345 215 principatum
1356 179 1390 206 ab
1408 178 1475 214 ipsis
1485 179 1568 206 rebus
1582 178 1666 213 gestis
1681 183 1771 212 splen-

145 219 247 252 μένων,
262 219 367 246 πολλῶν
379 228 408 246 τε
420 220 504 247 ὄντων
520 222 566 248 καὶ
577 222 723 257 μεγίστων,
734 223 789 258 ἔχοι
802 223 913 259 θαρρεῖν
924 232 930 238 ·

143 265 185 290 Et:
210 265 309 301 γνώμῃ
328 265 388 301 θείᾳ
412 266 482 302 ἀνὴρ
509 268 706 302 ἁναπέςανται,
729 266 806 304 ᾧπερ
834 271 866 296 ἐκ
885 269 932 295 τοῦ

143 309 308 345 πράγματος
319 310 404 346 ὄνομα
425 312 562 348 Ἀνατο).ή.
577 313 657 347 Λέγει
671 314 698 340 δὲ
711 314 755 340 τὸν
769 314 931 350 Ζοροϐάϐελ,

142 354 182 386 ὡς
195 356 241 382 ἐπὶ
256 356 305 391 τῆς
322 356 462 392 βασιλικῆς
477 359 623 394 ἡγεμονίας
645 359 680 385 δι’
701 360 790 387 αὐτῶν
809 360 933 395 λαμπρὸν

144 401 314 436 φανούμενον
329 402 382 428 τῶν
398 404 569 438 πραγμάτων
579 413 585 419 ·
604 413 613 430 ί
634 404 771 431 ’Λνατελεῖ
784 405 822 438 δὲ,
839 406 931 441 φησὶν,

143 445 323 473 ὑποκάτωθεν
337 448 420 474 αὑτοῦ
432 457 438 464 ·
456 459 465 476 ›
480 450 539 477 ἀντὶ
554 449 612 477 τοῦ*
624 451 703 477 Πᾶσα
727 450 887 487 λαμπρότης
902 451 932 485 ἐξ

142 491 227 518 αὐτοῦ
244 493 386 527 περιέσται
403 493 443 529 τῷ
461 494 558 530 πλήθει
579 495 633 522 τῶν
662 496 796 523 Ἰουδαίων
808 505 814 512 ·
836 497 882 524 τόν
902 506 932 524 τε

141 537 199 571 γὰρ
216 536 279 563 ναὸν
295 535 372 571 οὗτος
385 539 565 575 οἰκοδομήσει,
581 541 627 567 καὶ
645 542 733 568 πᾶσαν
747 542 780 568 ἐκ
794 543 843 576 τῆς
859 541 933 574 θείας

143 583 231 618 ῥοπῆς
248 584 349 620 ἀρετὴν
373 586 552 621 περιθέμενος
572 587 618 613 ἐπὶ
639 587 688 622 τῆς
702 587 843 622 βασιλικῆς
864 587 932 614 καθ-

141 628 226 664 έδρας
241 629 363 665 διαμενεῖ
376 630 500 665 βεϐαίως.
525 633 572 659 Ἐκ
584 633 678 659 τούτου
689 633 720 668 δή
730 642 770 660 σοι
784 633 814 659 τὸ
822 633 933 669 θαρρεῖν

143 675 210 709 περὶ
233 675 288 701 τῶν
314 676 500 712 προκειμένων
525 678 682 712 περιέσται·
709 678 759 714 ἔσῃ
782 678 835 714 γὰρ
858 679 932 714 αὺτῷ

143 719 215 754 μετὰ
231 720 332 755 πολλῆς
349 721 436 749 συνὼν
450 724 500 758 τῆς
521 724 619 759 τιμῆς·
636 724 714 750 τοῦτο
734 724 787 759 γὰρ
804 725 877 759 λέγει
891 725 931 758 τὺ,

146 775 156 790 ε
182 766 279 792 Ἔσται
293 768 324 794 ἐκ
336 767 430 800 δεξιῶν
441 769 535 801 αὐτοῦ,
552 779 561 795 ι
574 769 698 804 ὁμονοίας
715 770 744 796 ἐν
756 770 932 806 ἀμφοτέροις,

143 810 209 845 ὑμῖν
232 811 403 846 κρατούσης·
421 813 459 844 ὡς
481 813 522 839 σοί
543 821 573 839 τε
597 814 631 840 τὰ
649 814 803 850 πράγματα
818 815 862 842 διὰ
882 815 933 851 τῆς

144 854 288 891 βασιλικῆς
297 855 421 889 ἐξουσίας
434 858 555 892 γίνεσθαι
571 859 638 894 ῥᾴω,
654 860 757 886 ἐκεῖνόν
775 869 806 886 τε
821 860 865 886 διὰ
883 861 932 897 τῆς

145 900 195 934 σῆς
212 901 367 936 ἱερουργίας
390 902 489 938 πολλῆς
512 904 655 939 τυγχάνειν
674 904 724 940 τῆς
741 905 814 936 θείας
834 906 931 941 ῥοπῆς.

150 944 179 971 Ὀ
196 945 225 971 δέ
241 954 272 980 γε
287 947 319 973 ἐκ
337 947 383 973 τοῦ
399 949 586 984 περιτεθέντος
601 950 733 984 στεφάνου
754 951 866 986 κόσμος,
882 952 932 978 οὐκ

144 991 227 1018 αὐτοῦ
244 993 336 1028 μόνου,
354 996 454 1027 παντὸς
474 996 502 1023 δὲ
521 997 631 1029 ἔπαινος
646 997 721 1023 ἔσται
745 998 792 1024 τοῦ
815 998 933 1033 πλήθους

143 1035 198 1062 τῶν
210 1046 239 1064 τε
257 1038 325 1073 πρὸς
339 1040 388 1075 τὴν
403 1040 478 1068 θείαν
494 1042 618 1078 ὁρώντων
636 1042 740 1074 ἐλπίδα,
753 1044 800 1070 καὶ
816 1044 869 1071 τῶν
885 1044 932 1072 νῦν

143 1082 177 1109 τὰ
201 1084 363 1119 ἐνδεχόμενα
385 1087 614 1122 συμϐαλλομένων
631 1089 698 1124 πρὸς
713 1089 762 1123 τὴν
784 1090 830 1116 τοῦ
856 1090 931 1117 οἴκου

144 1130 328 1163 κατασκευὴν,
350 1131 397 1158 καὶ
424 1132 476 1168 πρό
494 1141 525 1166 γε
545 1133 654 1160 πάντων
670 1134 716 1160 τοῦ
732 1135 857 1168 Σοφονίου
869 1144 932 1162 τοσ-

143 1173 229 1210 αύτην
247 1176 463 1213 ἐπιδεδειγμένον
487 1179 536 1214 τὴν
559 1179 725 1214 φιλοτιμίαν.
751 1181 784 1206 Ἃ
797 1181 828 1215 δὴ
844 1181 932 1208 πάντα

143 1220 240 1254 γέγονέ
266 1230 294 1248 τε
319 1223 367 1249 καὶ
392 1224 506 1257 γίνεται,
526 1224 564 1256 ὡς
587 1225 621 1252 ἂν
643 1225 799 1261 διηνεκὴςῆ
828 1235 858 1253 τε
878 1229 932 1254 τῶν

146 1265 241 1300 ἱερέων
255 1266 421 1304 λειτουργία,
438 1270 484 1296 καὶ
501 1271 524 1296 οἱ
542 1270 586 1297 διὰ
608 1271 662 1297 τῶν
686 1271 830 1298 συνιόντων
853 1272 932 1308 ὕμνοι

145 1312 214 1346 πρὸς
228 1314 272 1340 τὸν
289 1314 355 1342 Θεὸν
370 1316 573 1352 ἐκπληροῦσθαι
595 1317 726 1344 δύναιντο.
745 1318 782 1353 (p.
801 1317 862 1354 480)
879 1319 932 1346 Καὶ

986 226 1192 253 dideevectum.
1199 235 1208 250 ε
1218 224 1434 259 Orieturautem,
1444 224 1543 260 inquit,
1549 224 1644 252 subter
1652 224 1771 258 ipsum»

985 272 1073 304 idest,
1084 272 1204 300 Claritas
1218 271 1307 298 omnis
1327 278 1359 298 ex
1383 278 1416 298 eo
1432 271 1531 298 conliet
1547 271 1648 306 populo
1661 269 1769 297 1υάωο-

984 326 1060 350 rum;
1079 325 1142 344 nam
1161 317 1292 351 lemplum
1311 316 1355 342 hic
1367 316 1522 348 aadilicabit,
1542 321 1567 343 et
1579 317 1652 344 omni
1669 317 1771 344 virtute

986 363 1041 391 Deo
1057 363 1170 397 juvante
1181 368 1296 389 ornatus
1313 362 1340 388 in
1359 362 1442 396 regali
1461 362 1526 389 sede
1543 363 1665 390 manebit
1687 363 1770 389 Iirmi-

984 413 1037 437 ter.
1060 409 1129 436 Ilinc
1152 409 1201 436 tibi
1218 407 1356 435 conﬁdere
1379 408 1518 442 praedictis
1548 409 1631 436 rebus
1658 409 1776 442 licebit;

983 456 1085 483 etenim
1101 462 1193 482 secum
1210 455 1296 481 multo
1310 461 1372 481 cum
1384 454 1488 481 honore
1503 455 1668 484 versaberis.
1691 455 1771 481 Nam-

984 509 1037 536 que
1048 501 1084 527 ita
1100 500 1192 527 valent
1213 499 1307 532 verba,
1326 509 1335 524 ι
1349 499 1370 526 A
1386 499 1491 526 dextris
1517 499 1577 534 ejus
1600 500 1664 531 erit,
1678 510 1687 525 ι
1702 508 1770 527 eon-

983 547 1079 574 cordia
1095 546 1166 573 inter
1185 553 1234 573 vos
1252 545 1347 573 ambos
1364 548 1568 579 perseverante,
1592 545 1629 572 ita
1644 551 1672 573 ut
1685 550 1712 573 et
1724 553 1769 574 res

984 596 1037 619 tua;
1048 592 1147 627 regalis
1179 595 1338 626 potentatus
1364 598 1414 625 ope
1430 590 1495 617 [iant
1517 591 1655 622 meliores.
1678 596 1704 618 et
1724 592 1770 619 ille

985 643 1096 673 propter
1109 642 1186 664 tuum
1201 636 1387 665 sacerdotium
1403 636 1496 663 divino
1511 635 1673 663 Iulcimento
1694 636 1770 663 frua-

985 686 1040 709 tur.
1070 681 1129 709 Jam
1154 687 1181 710 et
1196 682 1330 716 impositae
1354 688 1464 708 corona:
1490 685 1680 708 ornamentum
1697 681 1769 707 haud

985 728 1034 755 tibi
1052 728 1104 762 ipsi
1133 731 1250 760 tantum,
1267 726 1314 753 sed
1327 726 1456 756 universo
1474 726 1573 760 populo
1591 726 1664 753 laudi
1689 726 1772 760 320

983 773 1047 805 erit,
1060 773 1179 800 divinam
1196 780 1270 806 spem
1289 780 1344 806 pra:
1357 772 1445 800 oculis
1465 771 1575 799 babenti
1588 776 1616 799 et
1634 779 1707 798 nunc
1721 779 1771 807 pro

983 820 1088 846 viribus
1113 818 1147 845 ad
1176 818 1269 853 templi
1300 818 1446 845 aedilicium
1479 817 1577 852 stipem
1605 816 1769 850 conferenti,

985 864 1124 900 Sophonia
1148 863 1174 890 in
1197 863 1294 898 primis
1321 867 1427 890 tantum
1457 863 1496 890 rei
1515 862 1636 889 studium
1667 869 1722 897 prae
1740 870 1771 890 se

985 909 1100 937 ferente.
1115 909 1181 942 Quae
1196 910 1289 935 omnia
1306 912 1333 936 et
1349 908 1420 935 facta
1439 911 1504 936 sunt
1518 912 1546 935 et
1564 909 1643 940 llunt,
1668 912 1697 935 ut
1713 915 1772 942 per-

985 961 1095 990 petuum
1111 955 1284 982 sacerdotum
1303 954 1338 981 sit
1361 954 1555 986 ministerium,
1578 957 1605 980 et
1621 961 1772 988 congrega-

983 1005 1073 1028 torum
1098 1002 1124 1027 in
1141 1001 1240 1035 templo
1256 1000 1349 1035 hymni
1373 1000 1406 1027 ad
1428 1000 1511 1027 Deum
1532 1000 1625 1026 extolli
1651 1000 1769 1034 possint.

983 1045 1040 1073 Imo
1055 1050 1082 1073 et
1098 1045 1261 1082 longinquos
1279 1046 1412 1080 plurimos
1435 1045 1489 1072 huc
1504 1050 1703 1072 concurrentes
1728 1046 1770 1072 vi-

985 1092 1098 1124 debitis,
1115 1091 1267 1126 symbolam
1290 1098 1367 1118 suam
1395 1090 1428 1118 ad
1445 1091 1536 1125 templi
1564 1090 1770 1118 aediﬁcationem

985 1137 1169 1165 conferentes.
1204 1137 1294 1170 Quare
1319 1144 1352 1164 ex
1377 1136 1456 1164 factis
1485 1137 1553 1171 ipsis
1589 1137 1770 1171 perspicuum

985 1184 1113 1211 omnibus
1132 1183 1176 1211 ﬁet
1195 1191 1238 1211 me
1262 1182 1310 1210 Dei
1339 1183 1474 1210 sententia
1492 1183 1549 1210 haec
1573 1184 1770 1210 nuntiaturum

985 1229 1019 1257 ad
1031 1237 1079 1258 vos
1093 1229 1217 1262 venisse;
1235 1236 1296 1263 qua}
1309 1228 1420 1263 quidem
1446 1229 1550 1255 exitum
1577 1236 1657 1256 suum
1680 1228 1773 1255 nanci-

985 1280 1106 1306 scentur,
1120 1275 1142 1301 si
1158 1282 1206 1301 vos
1224 1281 1297 1302 certe
1310 1274 1439 1309 legitimis
1456 1274 1524 1301 meis
1533 1274 1691 1302 obedientes
1706 1281 1772 1301 con-

986 1324 1092 1347 stanter
1107 1319 1225 1347 fueritis.

143 1358 199 1394 γὰρ
223 1359 255 1395 δὴ
276 1361 324 1387 καὶ
347 1362 401 1388 τῶν
417 1362 557 1397 πόρρωθεν
577 1363 662 1390 ὄντων
680 1363 823 1395 πλείστους
839 1365 917 1397 ὅσους
937 1366 1130 1402 συντρέχοντας
1144 1366 1252 1400 δψεσθε,
1266 1373 1302 1392 τα
1323 1366 1386 1401 παρ’
1403 1365 1505 1392 ἑαυτῶν
1521 1366 1561 1397 εἰς
1573 1365 1621 1401 τὴν
1637 1365 1683 1392 τοῦ
1698 1364 1772 1392 οἴκου

145 1406 369 1442 συνεισφέροντας
383 1408 542 1444 οἰκοδομήν·
561 1409 598 1440 ὡς
619 1409 649 1442 ἐξ
663 1409 751 1436 αὐτῶν
768 1410 899 1445 πρόδηλον
916 1411 1000 1438 ἆπασι
1024 1411 1148 1446 γενέσθαι
1171 1411 1225 1438 τῶν
1248 1412 1429 1446 πραγμάτων,
1453 1411 1493 1437 ὅτι
1516 1411 1612 1448 γνώμῃ
1636 1410 1702 1437 Θεοῦ
1725 1411 1773 1438 νῦν

143 1452 387 1487 εὐαγγελιούμενος
401 1454 473 1489 ὑμᾶς
484 1454 601 1489 ἐλήλυθα
615 1457 710 1488 ταῦτα,
725 1455 796 1490 ἅπερ
816 1454 862 1482 οὖν
877 1456 924 1483 καὶ
942 1457 1009 1492 πρὸς
1025 1459 1110 1494 πέρας
1125 1457 1273 1491 ἐλεύσεται,
1290 1457 1390 1492 ἐάνπερ
1406 1457 1561 1492 διαμείνητε
1580 1459 1635 1488 τοῖς
1648 1456 1772 1492 νομίμοις

143 1499 341 1531 ἐσπουδακότες
355 1500 498 1528 πείθεσθαι
509 1502 567 1533 τοῖς
579 1502 665 1537 ἐμοῖς.

477 1559 556 1587 ΚΕΦ.
576 1557 614 1586 Ζ¹.

181 1602 255 1637 Στίχ.
282 1602 343 1629 α’-ε’
373 1618 409 1623 ——
426 1604 503 1632 Μετὰ
523 1604 603 1631 τοῦτο
625 1605 710 1639 λέγει.
732 1605 855 1641 τετάρτῳ
879 1605 934 1632 ἔτει

144 1649 334 1683 βασιλεύοντος
358 1650 471 1684 Δαρείου
495 1651 662 1678 ἀπεστάλθαι
692 1651 740 1686 μέν
768 1660 843 1683 τινας
869 1653 934 1686 παρ’

144 1695 224 1722 ἐνίων
243 1695 296 1721 τῶν
312 1696 340 1722 ὲν
357 1697 411 1727 τοῖς
426 1696 577 1732 ἀλλοτρίοις
599 1697 646 1723 τοῦ
676 1697 871 1732 Ἰσραηλιτικοῦ
887 1697 935 1732 βα-

146 1741 320 1774 σιλευόντων,
338 1742 408 1777 πρὸς
425 1742 488 1773 τοὺς
510 1742 557 1768 ἐπὶ
580 1743 629 1778 τῆς
652 1743 828 1778 Ἰερουσαλὴμ
853 1744 934 1778 ἱερεῖς

144 1795 175 1813 τε
198 1787 245 1813 καὶ
268 1789 425 1822 προφήτας’
450 1787 520 1814 ὥστε
543 1788 719 1821 ἐξιλάσασθαι
736 1789 785 1823 μὲν
800 1788 865 1815 Θεὸν
885 1788 933 1815 θυ-

145 1832 218 1864 σίαις
235 1833 305 1868 ὑπὲρ
324 1830 361 1860 ὧν
375 1835 548 1869 ἡμαρτηκόσι
564 1834 712 1869 συνῄδεσαν
728 1835 834 1866 ἑαυτοῖς
844 1843 850 1850 ι
865 1835 934 1869 ἐρω-

145 1877 229 1912 τῆσαι
241 1878 270 1905 δὲ
292 1880 338 1905 καὶ
358 1879 452 1913 μαθεῖν
466 1880 490 1906 εὶ
503 1880 549 1906 τὸν
564 1881 663 1906 οἰκεῖον
678 1880 812 1916 ἀπείληφε
834 1880 934 1915 κόσμον

146 1924 161 1950 ὁ
177 1924 223 1950 τοῦ
246 1923 313 1950 Θεοῦ
331 1925 405 1956 ναὸς,
426 1925 464 1957 ὡς
488 1926 581 1953 ἄνκαὶ
602 1927 663 1958 ταῖς
689 1925 873 1962 καθηκούσαις
889 1925 935 1952 ἐπὶ

145 1970 180 2004 τῇ
193 1969 240 1996 τοῦ
264 1970 336 1997 θείου
357 1970 492 2006 θεραπείᾳ
505 1972 652 2006 χρήσαιντο
675 1972 822 2008 νηστείαις.
845 1972 935 2007 Ὅπερ

145 2011 194 2040 οὖν
213 2014 259 2040 καὶ
281 2014 463 2048 πεποιήκασιν
485 2015 533 2042 ἐπὶ
550 2015 654 2042 πλείοσι
678 2017 733 2048 τοῖς
754 2016 841 2042 ἐτεσιν
865 2016 934 2051 ἤδη*

146 2059 289 2094 γεγονότος
311 2059 339 2086 δὲ
359 2059 452 2086 τούτου
475 2061 541 2096 παρ’
561 2061 682 2092 ἐκείνων,
699 2061 746 2088 καὶ
765 2061 796 2096 δὴ
813 2062 860 2087 καὶ
881 2061 935 2088 τῶν

147 2106 360 2141 ἀπεσταλμένων
383 2107 523 2141 παρόντων
543 2115 574 2133 τε
591 2107 638 2134 καὶ
654 2107 703 2142 τὴν
724 2107 819 2143 χρείαν
835 2108 936 2143 ἐκπλη-

148 2152 267 2188 ρούντων
281 2152 322 2186 ἐφ’
337 2149 408 2189 ᾗπερ
424 2150 493 2188 ἦσαν
512 2153 723 2188 ἀπεσταλμένοι,
743 2153 776 2180 δι’
797 2154 935 2180 ἀποκαλύ-

145 2199 220 2232 ψεως
233 2199 292 2230 οἵας
314 2199 353 2234 τῷ
370 2200 497 2234 προφήτῃ
519 2198 698 2234 κελευσθῆναι
715 2199 800 2226 ταῦτα
816 2199 885 2234 πρός
906 2208 935 2226 τε

146 2245 194 2271 τὸν
209 2244 272 2271 λαὸν
286 2245 393 2271 ἅπαντα
410 2245 459 2279 τῆς
473 2245 525 2280 γῆς
547 2245 595 2271 καὶ
609 2245 672 2276 τοὺς
687 2245 769 2279 ἱερεῖς
790 2245 934 2281 διαλεχθῆ-

147 2298 208 2317 ναι·
226 2290 297 2325 ἆπερ
309 2288 356 2316 οὖν
370 2290 513 2321 κάκείνους
529 2290 625 2325 μαθεῖν
641 2290 777 2325 παρόντας
790 2290 885 2325 ἐχρῆν,
897 2290 935 2323 ὡς

147 2336 182 2363 ἂν
196 2335 227 2361 τὸ
241 2335 397 2370 λεγόμενον,
423 2335 460 2370 μὴ
483 2335 537 2361 τῶν
560 2335 668 2362 οἰκείων
686 2336 776 2370 μόνον,
800 2336 868 2362 ἀλλὰ
889 2337 936 2363 καὶ

147 2380 202 2407 τῶν
224 2380 393 2415 ἐληλυθότων
413 2380 461 2416 ἔχῃ
477 2381 660 2409 διδασκαλίαν.
682 2379 736 2408 τΗν
752 2381 780 2408 δὲ
801 2381 835 2408 τὰ
857 2382 935 2416 λεγό-

150 2433 219 2460 μενα
240 2425 343 2452 ταῦτα·
366 2426 403 2451 Οὐ
427 2425 528 2460 σπουδή
559 2433 620 2460 μοι,
647 2425 730 2460 φησί,
757 2425 937 2460 νηστεύοντας

148 2471 221 2505 ὑμᾶς
247 2471 294 2498 καὶ
313 2471 496 2506 κοπτομένους
522 2471 646 2506 βλέπειν·
662 2472 693 2498 οὐ
712 2471 766 2507 γὰρ
785 2473 814 2498 ἐν
833 2472 937 2504 τούτοις

147 2518 198 2552 τὴν
216 2516 334 2552 ἐμαυτοῦ
360 2517 470 2552 τίθεμαι
495 2517 660 2553 θεραπείαν·
686 2517 731 2543 ἐπὶ
752 2516 937 2552 ἐϐδομήκοντα

147 2563 214 2598 γοῦν
229 2565 284 2594 τοῖς
306 2563 393 2590 ἔτεσιν
415 2564 444 2590 ὲν
458 2564 491 2598 τῇ
507 2562 681 2598 αἰχμαλωσίᾳ
702 2561 853 2597 γεγονότες,
876 2562 936 2589 οὐδὲ

150 2610 215 2644 μίαν
228 2609 400 2642 ἐπεδείξασθε
412 2610 540 2645 νηστείαν
550 2618 556 2625 ·
574 2609 612 2645 (p.
630 2608 692 2645 481)
709 2609 756 2635 καὶ
771 2609 846 2644 ὅμως
860 2608 936 2634 οὐδὲν

147 2655 253 2682 τοιοῦτο
267 2656 332 2692 παρ’
345 2656 422 2691 ὑμῶν
435 2657 559 2691 αἰτήσας,
576 2654 810 2691 μεταϐαλομένους
819 2654 870 2689 τῆς
887 2662 933 2681 κα-

149 2699 212 2730 κίας
236 2699 307 2731 ἰδὼν,
331 2699 541 2735 ἀποκατέστησα
565 2701 620 2731 τοῖς
644 2699 771 2730 οἰκείοις·
799 2699 854 2725 εἴτε
882 2698 936 2734 γὰρ

150 2745 262 2778 φάγοιτε
283 2746 330 2772 καὶ
353 2745 451 2776 πίοιτε,
468 2745 523 2772 εἴτε
550 2745 596 2772 καὶ
618 2746 666 2780 μὴ,
694 2745 814 2780 ὑμετέρα
837 2745 886 2779 μὲν
906 2744 937 2770 τὸ

152 2792 248 2825 φαγεῖν
271 2791 433 2823 ἀπόλαυσις,
457 2791 577 2826 ὑμετέρα
599 2790 628 2818 δὲ
649 2791 697 2818 καὶ
719 2791 750 2818 τὺ
776 2790 813 2826 μὴ
839 2791 937 2824 φαγεῖν

1302 1547 1377 1575 CAP.
1398 1546 1455 1576 VII.

1023 1606 1104 1634 Vens.
1132 1605 1197 1633 I—5.
1217 1620 1253 1626 —
1270 1604 1367 1632 Postea
1403 1604 1470 1632 dicit
1496 1607 1595 1639 quarto
1627 1603 1701 1631 Darii
1727 1611 1772 1632 re-

985 1653 1094 1689 gnantis
1108 1660 1180 1678 anno
1195 1651 1295 1679 missos
1320 1650 1406 1678 fuisse
1429 1650 1537 1685 aliquos
1566 1657 1582 1676 a
1606 1648 1771 1684 quibusdam

985 1700 1030 1733 qui
1044 1699 1114 1726 inter
1131 1697 1300 1732 alienigenas
1313 1695 1468 1724 Israeliticae
1478 1695 1552 1730 genti
1569 1695 1772 1731 imperitabant,

985 1745 1018 1772 ad
1031 1744 1188 1772 sacerdotes
1207 1744 1234 1769 in
1251 1743 1319 1770 urbe
1331 1741 1501 1769 Hierusalem
1519 1746 1600 1776 atque
1612 1742 1773 1776 prophetas,

985 1795 1015 1817 ut
1035 1789 1119 1817 Deum
1137 1789 1280 1817 sacriﬁciis
1294 1788 1492 1822 placarentpro
1508 1787 1565 1814 suis
1580 1794 1696 1822 quorum
1705 1794 1771 1814 con-

986 1836 1035 1863 seii
1051 1839 1130 1862 erant
1147 1835 1283 1870 peccatis;
1300 1838 1383 1868 atque
1399 1837 1428 1860 ut
1442 1833 1619 1867 exquirerent
1637 1839 1702 1858 num
1727 1839 1773 1858 sa-

986 1882 1021 1909 tis
1038 1881 1218 1908 conveniente
1233 1884 1332 1906 ornatu
1347 1879 1478 1914 templum
1488 1877 1535 1905 Dei
1549 1878 1714 1905 instructum
1732 1884 1774 1904 es-

986 1931 1038 1958 set,
1049 1934 1104 1961 quo
1121 1926 1173 1961 ipsi
1189 1925 1221 1952 ad
1239 1924 1286 1952 Dei
1305 1925 1435 1952 lienorem
1450 1931 1570 1958 congrua
1583 1922 1688 1957 jejunia
1706 1929 1771 1956 per-

986 1975 1116 2007 agerent;
1132 1970 1205 2005 quod
1224 1969 1349 2005 pluribus
1364 1969 1419 2004 jam
1440 1969 1519 1996 annis
1545 1968 1676 1995 fecerant.
1693 1967 1772 2000 Quod

986 2025 1047 2043 cum
1065 2017 1103 2043 illi
1126 2016 1259 2051 egissent,
1283 2015 1466 2050 praesentibus
1490 2014 1535 2049 qui
1557 2014 1632 2041 missi
1652 2013 1772 2043 fuerant,

987 2066 1013 2089 et
1028 2061 1135 2097 negotio
1151 2061 1231 2096 cuius
1253 2068 1337 2088 causa
1360 2064 1493 2087 venerant
1518 2063 1639 2094 peracto,
1661 2067 1709 2094 per
1731 2066 1773 2086 re-

987 2108 1148 2136 velationem
1164 2107 1295 2142 propheta
1318 2107 1414 2141 jussus
1430 2110 1472 2133 est
1499 2106 1555 2133 lnec
1579 2105 1671 2132 omnia
1700 2104 1772 2139 apud

987 2153 1144 2180 universum
1158 2155 1238 2179 terra:
1253 2151 1381 2186 populum
1395 2149 1607 2184 sacerdotesque
1617 2151 1772 2179 enuntiare,

988 2207 1049 2234 quae
1061 2199 1166 2226 scilicet
1181 2198 1256 2233 ipsos
1272 2204 1381 2232 quoque
1402 2196 1474 2224 scire
1491 2196 1651 2230 oportebat;
1667 2200 1696 2222 ut
1714 2202 1774 2229 qua:

988 2245 1156 2276 dicerentur,
1176 2251 1229 2270 non
1242 2243 1420 2278 popularibus
1443 2247 1562 2273 tantum,
1579 2249 1671 2269 verum
1690 2241 1773 2267 etiam

990 2289 1103 2317 advenis
1122 2288 1280 2323 magisterio
1297 2287 1397 2314 forent.
1413 2286 1499 2313 Erant
1509 2290 1600 2313 autem
1618 2287 1691 2314 dicta
1699 2286 1769 2312 haec:

987 2334 1031 2361 Nil
1047 2341 1106 2361 mea
1120 2333 1399 2368 interestjejunantes
1415 2339 1462 2359 vos
1478 2335 1504 2358 et
1519 2334 1658 2366 gementes
1671 2329 1773 2363 videre;

989 2390 1077 2417 neque
1093 2382 1166 2409 enim
1184 2381 1211 2408 in
1234 2381 1277 2409 his
1301 2380 1393 2407 cultus
1413 2380 1465 2407 mei
1492 2380 1625 2406 rationem
1653 2378 1771 2413 positam

987 2435 1048 2455 esse
1059 2426 1163 2462 judico.
1177 2426 1257 2453 Certe
1270 2425 1350 2452 annis
1368 2423 1540 2459 septuaginta
1557 2423 1714 2457 captivitate
1727 2422 1775 2449 de-

987 2473 1171 2500 tentinullum
1185 2471 1320 2506 jejunium
1341 2470 1529 2502 observastis;
1552 2473 1671 2495 attamen
1692 2467 1772 2502 321

987 2518 1054 2544 nihil
1068 2516 1225 2551 hujusmodi
1248 2524 1263 2543 a
1281 2515 1356 2543 vobis
1371 2519 1511 2550 expetens,
1547 2518 1690 2549 postquam
1716 2512 1773 2539 vidi

988 2571 1003 2590 a
1030 2563 1150 2597 nequitia
1178 2562 1385 2596 resipiscentes,
1414 2561 1441 2587 in
1464 2560 1580 2594 patriam
1607 2558 1774 2594 postliminio

990 2608 1126 2635 revocavi.
1149 2606 1215 2634 Nam
1240 2615 1287 2634 seu
1305 2614 1353 2633 vos
1372 2605 1522 2633 comedntis
1551 2610 1633 2639 atque
1662 2604 1772 2636 bibatis,

990 2655 1047 2682 sive
1062 2661 1153 2686 secus,
1172 2656 1261 2680 vestra
1285 2655 1327 2679 est
1342 2651 1501 2678 comedendi
1521 2651 1656 2686 voluptas,
1683 2654 1772 2678 vestra

990 2700 1053 2727 item
1068 2707 1083 2725 a
1095 2697 1263 2725 eomedendo
1277 2696 1459 2728 abstinentia;
1483 2696 1548 2723 mihi
1564 2704 1628 2723 vero
1645 2696 1712 2722 nulli
1728 2703 1772 2723 res

991 2743 1147 2779 hujusmodi
1164 2751 1237 2772 cura
1250 2746 1323 2770 sunt.
1337 2742 1426 2776 Atque
1437 2745 1466 2768 ut
1479 2740 1604 2768 ostendat
1617 2740 1687 2768 haud
1701 2747 1773 2768 nunc

991 2790 1107 2825 primum
1122 2789 1180 2815 haec
1195 2789 1247 2815 illis
1264 2788 1354 2814 dicere
1367 2795 1374 2816 ;

153 2837 292 2872 στέρησις,
307 2837 369 2872 ἐμοὶ
384 2836 413 2862 δὲ
432 2835 510 2870 λόγος
528 2835 629 2862 τούτων
643 2835 739 2867 οὐδείς.
758 2835 812 2862 Καὶ
832 2835 938 2866 δεικνὺς
959 2836 1000 2862 ὅτι
1014 2835 1045 2862 οὑ
1059 2834 1105 2862 νῦν
1117 2832 1204 2862 ταῦτα
1225 2833 1332 2868 πρῶτον
1349 2840 1415 2867 φησι
1429 2831 1496 2866 πρὸς
1515 2829 1626 2861 αὐτούς·
