1983 3072
206 128 259 156 δι’

807 125 983 154 TIIEODORI
1002 124 1245 154 MOPSUESTENI

1782 124 1839 151 ιβιδ

209 186 272 221 ejus
285 192 328 213 .‘es
343 192 439 213 omnes
456 185 628 214 transferam.
654 186 742 221 Atque
757 192 788 212 ex
806 188 891 212 semet
905 184 992 219 possi-

1045 183 1239 218 καταφαίνεται
1260 183 1383 219 ἀφορῶσι
1408 184 1475 219 πρὸς
1491 183 1539 218 τὴν
1553 181 1694 216 ὀλιγότητα
1710 179 1762 207 τῶν
1787 180 1840 206 νῦν

206 231 338 260 bilitalem
355 231 496 266 promissa:
512 233 551 260 rei
569 232 747 264 confirmans,
765 232 941 267 prosequitur
955 230 997 258 di-

206 283 289 304 cens:
308 276 406 304 Multos
426 283 493 304 sane
504 277 572 305 alios
589 277 727 305 lsraelitas
743 277 866 312 pluribus
881 283 914 303 ex
929 276 996 304 locis

207 323 241 350 ad
252 323 322 349 hanc
334 322 429 353 urbem
442 323 615 356 contraham,
633 324 681 358 qui
693 323 783 350 adhuc
799 323 826 349 in
839 322 996 357 captivitate

208 371 363 399 versantur,
375 373 402 396 et
415 375 430 394 a
443 376 485 395 me
497 369 592 403 patria:
603 373 683 396 terra:
693 368 822 395 incolatui
837 367 994 395 reddentur.

208 411 240 439 Et
257 416 367 448 propter
392 419 478 440 meam
499 421 563 448 erga
588 413 649 441 illos
670 413 883 441 sollicitudinem
904 413 996 441 clarus

209 457 282 490 fiam,
298 459 363 494 quia
383 459 445 487 illos
460 467 489 487 re
501 460 559 495 ipsa
574 460 704 495 populum
717 467 808 486 meum
823 466 885 486 esse
900 463 995 485 osten-

209 504 282 536 dam,
293 508 429 540 quatenus
441 506 488 533 tali
505 510 637 541 tantaque
649 505 819 541 providentia
833 513 891 532 mea
904 504 996 532 fruen-

208 555 271 578 tur:
293 559 410 586 vereque
433 552 545 579 videbor
564 553 672 579 illorum
697 551 779 583 Deus.
800 551 864 578 dum
889 551 995 578 firmam

208 605 295 625 meam
311 598 426 626 exhibeo
441 598 482 625 eis
502 599 637 634 gratiam;
666 606 781 632 meaque
794 597 901 632 justitia
916 601 995 624 utens

207 646 322 670 cunctos
335 643 446 677 puniam
467 643 512 678 qui
525 643 673 678 aliquando
687 650 734 671 eos
751 643 847 670 laedere
862 643 921 669 ausi
936 642 995 669 fue-

207 689 272 716 rint.
289 689 417 716 Cumulat
429 689 487 716 haec
499 690 646 724 promissa.
664 689 776 717 dicens:
795 698 804 714 ι
815 687 877 715 Haec
890 689 927 715 ait
943 687 995 715 Do-

207 735 301 762 minus
318 735 512 770 omnipotens:
530 735 706 762 Roboren'tur
722 743 820 762 manus
834 738 931 762 vestra:
947 735 993 770 qui

207 781 310 808 auditis
320 781 363 808 his
372 780 469 809 diebus
480 789 620 809 sermones
630 781 679 810 hos
689 789 721 808 ex
731 789 778 809 ore
787 781 993 816 prophetarum,

204 825 261 860 jam
277 825 339 853 inde
352 833 367 853 a
380 825 426 853 die
439 834 494 861 quo
514 825 626 853 fundata
641 831 683 854 est
698 826 796 853 domus
812 825 919 853 Domini
935 833 993 853 om-

208 870 366 906 nipotentis.
395 874 422 898 et
452 871 581 905 templum
605 871 734 898 aedificari
762 876 912 906 coeptum.»
938 871 994 906 Age

208 924 292 949 nunc,
310 917 409 951 inquit.
433 917 475 944 his
491 917 634 951 promissis
651 917 719 944 meis
731 917 912 948 attendentes,
933 923 994 951 quae

206 970 280 998 saepe
293 970 342 997 per
362 962 510 998 prophetas
534 962 612 990 vobis
635 962 797 998 signiﬁcavi,
820 962 904 989 multa
930 969 993 989 cum

207 1008 352 1036 sedulitate
373 1009 484 1036 domum
499 1016 587 1035 meam
612 1008 805 1036 absolvendam
822 1015 929 1041 curate;
948 1015 992 1035 re-

206 1059 343 1090 putantes,
372 1063 386 1082 a
405 1063 460 1090 quo
482 1059 603 1089 tempore
628 1055 692 1082 huic
717 1062 808 1090 opera!
834 1055 992 1082 incumbitis

205 1101 304 1129 domus
318 1108 385 1129 mea:
395 1100 570 1135 aedificandae,
582 1106 685 1137 quanto
696 1101 824 1130 meliores
838 1108 882 1129 res
894 1105 992 1128 vestra:

206 1148 353 1175 evaserint.

1047 229 1260 264 συνειλεγμένων
1287 229 1334 256 ἐπὶ
1360 229 1409 264 τῆς
1435 228 1551 260 πόλεως,
1577 227 1634 254 ἀλλ’
1652 226 1702 254 οὐκ
1726 226 1788 261 ἐμοί
1803 233 1840 258 γε

1045 275 1174 303 ἀδύνατον
1189 275 1322 310 τοσαύτην
1339 274 1507 310 ἐργάσασθαι
1527 273 1581 300 τῶν
1601 272 1771 308 πραγμάτων
1785 272 1840 306 τὴν

1047 321 1197 357 μεταϐολὴν
1207 342 1214 353 ,
1229 321 1299 348 ὥστε
1317 322 1348 348 ἐκ
1365 321 1416 356 τῆς
1436 319 1483 347 νῦν
1496 319 1683 356 ταλαιπωρίας
1702 319 1741 350 εἰς
1755 318 1840 353 εὐθη-

1045 367 1104 394 νίαν
1119 366 1219 402 πολλὴν
1234 366 1399 401 μεταστῆναι
1416 367 1466 401 τήν
1479 374 1509 392 τε
1523 365 1599 392 πόλιν
1614 364 1661 391 καὶ
1674 363 1707 390 τὰ
1717 363 1776 390 κατ’
1787 363 1839 389 αὑ-

1045 413 1095 448 τὴν
1114 414 1231 440 ἅπαντα.
1246 413 1301 440 Καὶ
1324 413 1528 448 πιστωσάμενος
1542 411 1571 444 ἐξ
1585 410 1667 438 αὑτοῦ
1681 411 1710 436 τδ
1724 408 1839 436 δυνατὸν

1045 459 1098 485 τῶν
1113 458 1327 494 ἐπηγγελμένων
1339 478 1346 490 ,
1361 458 1522 493 προστίθησι
1543 457 1624 483 πάλιν
1643 457 1683 483 ὅτι
1697 475 1704 487 ,
1719 455 1840 486 Πολλοὺς

1048 504 1096 539 μὲν
1113 505 1159 531 xui.
1177 505 1287 540 ἑτέρους
1300 504 1353 530 τῶν
1372 503 1544 540 Ἰσραηλιτῶν
1559 501 1723 536 πολλαχόθεν
1735 502 1776 527 ἐπ’
1787 501 1839 527 αὖ·

1045 550 1094 586 τὴν
1111 550 1216 583 συνάξω
1231 550 1285 576 τῶν
1301 549 1348 576 ἐπὶ
1361 549 1411 585 τῆς
1420 549 1609 584 αἰχμαλωσίας
1624 548 1708 575 ὗντων
1722 548 1772 579 ἔτι,
1789 546 1838 579 οὓς

1045 596 1177 623 ἀποδώσω
1190 598 1221 632 τῇ
1233 596 1338 631 οἰκήσει
1361 596 1411 630 τῆς
1425 596 1477 631 γῆς
1493 595 1542 630 τῆς
1558 594 1661 626 οἰκείας
1672 601 1680 608 ⁸
1698 594 1794 628 ἔσομαι
1806 593 1837 620 δὲ

1028 669 1030 671 ,
1046 642 1137 673 αὐτοῖς
1146 641 1189 669 διὰ
1203 642 1251 675 τῆς
1265 641 1425 676 κηδεμονίας
1439 640 1638 676 γνωριζόμενος
1648 659 1654 671 ,
1666 640 1703 671 ὡς
1714 639 1838 669 ἐκείνους

1045 695 1074 713 τε
1090 687 1122 712 ἐκ
1134 686 1187 713 τῶν
1203 687 1373 722 πραγμάτων
1386 686 1541 713 δείκνυσθαι
1552 686 1642 713 αὐτῶν
1660 685 1743 717 ὅντως
1757 684 1836 715 Θεὸν,

1045 733 1091 766 ἀφ’
1108 729 1144 758 ὧν
1157 732 1266 767 βεϐαίαν
1283 741 1312 759 τε
1333 733 1423 764 αὐτοῖς
1436 732 1547 768 παρέχω
1559 732 1607 767 τὴν
1627 731 1730 758 οἰκείαν
1744 731 1836 765 χάριν,

1045 778 1092 805 καὶ
1103 780 1136 814 τῇ
1149 778 1305 814 δικαιοσύνῃ
1322 781 1354 815 τῇ
1375 779 1464 814 οἰκείᾳ
1481 778 1650 815 κεχρημένος
1669 778 1772 809 πάντας
1795 785 1838 802 τι-

1047 826 1192 861 μιυροῦμαι
1207 827 1270 858 τοὺς
1287 827 1361 858 ὅπως
1383 826 1447 853 ποτὲ
1469 826 1598 862 βλάπτειν
1618 825 1716 856 αὐτοὺς
1730 825 1820 858 ἐπιχει

1010 864 1031 891 Β
1049 872 1170 907 ροῦντας.
1192 871 1312 904 Ταύταις
1340 872 1517 898 ἐπισυνάπτει
1545 872 1604 902 ταῖς
1633 869 1811 904 ἐπαγγελίαις
1829 877 1836 883 ·

1050 929 1059 945 ι
1074 918 1142 945 Τάδε
1168 918 1242 952 λέγει
1258 918 1361 955 Κύριος
1383 916 1587 952 παντοκράτωρ,
1604 916 1837 951 Κατισχυέτωσαν

1047 965 1075 992 αἱ
1091 966 1181 1000 χεῖρες
1196 965 1273 999 ὑμῶν
1283 965 1338 991 τῶν
1353 965 1506 991 ἀκουόντων
1524 964 1562 999 (p.
1572 963 1635 997 486)
1653 963 1682 989 ἐν
1696 962 1837 996 ταῖςὴμέ-

1048 1020 1107 1046 ραις
1122 1011 1234 1043 ταύταις
1252 1011 1315 1042 τοὺς
1330 1011 1426 1045 λόγους
1447 1010 1557 1041 τούτους
1577 1011 1610 1036 ἐκ
1633 1009 1766 1044 στόματος
1781 1007 1838 1034 τῶν

1041 1055 1204 1091 προφητῶν,
1237 1055 1284 1090 ἀφ’
1299 1053 1334 1091 ἧς
1357 1055 1465 1091 ἡμέρας
1483 1055 1692 1090 τεθεμελείωται
1722 1054 1736 1080 ὁ
1761 1051 1837 1084 οἶκος

1041 1101 1145 1137 Κυρίου
1159 1101 1378 1136 παντοκράτορος
1389 1122 1396 1132 ,
1411 1102 1459 1128 καὶ
1477 1101 1492 1127 ὁ
1510 1100 1572 1133 ναὸς
1588 1100 1633 1135 ἀφ’
1646 1097 1676 1127 οὗ
1692 1099 1820 1135 ᾡκοδόμη

1042 1156 1096 1174 ται.
1114 1156 1123 1173 ι
1147 1147 1215 1182 Φέρε
1232 1147 1336 1178 τοίνυν,
1355 1147 1434 1182 φησὶ,
1453 1147 1565 1179 ταύταις
1582 1148 1641 1178 ταῖς
1658 1146 1836 1180 ἐπαγγελίαις

207 1193 385 1229 προσέχοντες
398 1194 459 1225 ταῖς
472 1194 551 1229 ἐμαῖς
562 1213 568 1225 ,
582 1192 615 1224 ἃς
632 1192 759 1224 πολλάκις
780 1191 824 1219 διὰ
847 1193 901 1220 τῶν
928 1191 1074 1227 προφητῶν
1095 1191 1162 1227 πρὸς
1184 1192 1256 1226 ὑμᾶς
1277 1192 1458 1227 ἐποιησάμην,
1477 1192 1546 1227 μετὰ
1561 1192 1661 1227 πολλῆς
1677 1192 1725 1227 τῆς
1737 1193 1820 1227 ἐπιμε

206 1239 280 1270 λείας
299 1239 344 1266 τὸν
362 1238 435 1266 οἷκον
453 1238 629 1274 ἐκπληρῶσαι
647 1237 783 1264 σπεύσατε
806 1237 851 1263 τὸν
879 1237 954 1272 ἐμὴν,
975 1237 1194 1272 ἀναλογιζόμενοι
1213 1236 1287 1269 ἐξότε
1306 1245 1360 1272 περ
1375 1237 1440 1272 περὶ
1453 1236 1539 1263 ταῦτα
1559 1238 1693 1273 ἐσχήκατε
1709 1238 1755 1264 καὶ
1772 1237 1837 1272 περὶ

206 1285 255 1321 τὴν
268 1285 437 1320 κατασκευὴν
453 1284 500 1312 τοῦ
517 1285 590 1311 οἴκου
605 1284 650 1310 τοῦ
666 1283 743 1319 ἐμοῦ,
755 1283 856 1318 ὁπόσην
869 1284 918 1319 τὴν
935 1283 981 1310 ἐπὶ
992 1283 1021 1310 τὸ
1038 1284 1161 1318 κρεῖττον
1177 1282 1327 1319 μεταϐολὴν
1342 1283 1449 1317 ἐδέξατο
1460 1283 1495 1310 τὰ
1509 1284 1640 1320 ὑμέτερα.

243 1332 325 1361 Vens.
341 1333 381 1360 ιο.
394 1347 430 1352 ——
443 1331 524 1367 325
540 1330 642 1358 Deinde
655 1339 688 1358 ex
707 1330 827 1364 priorum
848 1337 993 1365 compara-

207 1379 281 1406 tione
290 1375 499 1403 conversionem
506 1372 667 1401 ostendens:
675 1384 684 1400 ι
692 1374 762 1408 Quia
774 1380 838 1404 ante
850 1376 909 1404 dies
920 1377 993 1407 illos.

207 1424 306 1459 inquit,
317 1430 422 1450 merces
431 1423 572 1450 hominum
586 1430 639 1448 non
651 1426 710 1449 erat
719 1422 871 1455 inlucrum,
881 1426 908 1449 et
923 1429 995 1449 mer-

206 1477 253 1498 ces
273 1471 459 1506 jumentormn
476 1469 550 1496 nulla
564 1472 634 1500 erat,
661 1472 688 1495 et
712 1476 760 1495 seu
779 1468 928 1502 egredienti
944 1475 993 1494 seu

207 1514 369 1550 ingredienti
386 1513 459 1540 nulla
474 1520 524 1548 pax
538 1520 553 1539 a
570 1512 758 1539 tribulatione:
774 1515 801 1539 et
815 1512 921 1538 mittant
935 1518 994 1538 om-

207 1567 257 1587 les
265 1559 389 1586 homines
399 1565 620 1593 unumquemque
629 1564 711 1591 super
719 1556 872 1591 proximum
883 1564 973 1584 suum.
982 1566 991 1582 ι

206 1603 288 1636 Olim,
305 1603 403 1638 inquit,
419 1606 445 1630 et
459 1606 522 1629 ante
532 1602 626 1637 templi
640 1601 847 1629 aedificationem
865 1601 892 1628 in
909 1601 993 1628 multa

207 1647 390 1675 versabamini
406 1646 528 1679 miseria,
546 1651 617 1673 etne
631 1652 664 1672 ex
680 1645 869 1680 jumentorum
883 1644 994 1679 quidem

207 1698 360 1721 vestrorum
375 1700 469 1728 opera,
481 1699 569 1727 neque
580 1699 612 1719 ex
624 1691 717 1719 multis
734 1691 876 1718 laboribus
889 1691 993 1717 lucrum

173 1769 178 1773 ,
206 1740 315 1776 aliquod
331 1739 532 1775 reportabatis;
549 1746 611 1765 nam
627 1738 799 1765 infructuosa
811 1736 902 1763 omnia
917 1736 995 1763 vobis

206 1785 339 1813 efﬁciebat
355 1784 430 1820 pacis
445 1783 569 1818 cujusvis
583 1782 760 1813 desiderium,
775 1781 839 1809 dum
857 1781 995 1816 perpetuis

206 1832 344 1867 variisque
370 1829 596 1858 tribulationibus
626 1832 794 1856 vexarentur
822 1834 919 1854 omnes
947 1826 994 1861 qui

206 1877 302 1905 urbem
317 1880 435 1904 vestram
451 1874 677 1910 ingrediebantur
690 1877 738 1900 aut
753 1872 816 1900 inde
828 1872 950 1903 exibant,
968 1871 994 1898 id

205 1929 248 1951 est
271 1922 347 1950 urbis
367 1919 450 1949 cives.
469 1921 593 1956 Augebat
610 1923 702 1947 autem
723 1918 925 1946 tribulationem
947 1925 994 1945 ve-

206 1973 302 1998 stram,
322 1966 395 2002 quod
422 1966 498 1994 nulla
517 1973 584 2001 pace
609 1965 772 1996 utebamini,
800 1964 892 1991 multis
915 1967 993 1991 extra

206 2013 436 2048 eonsurgentibus
461 2013 630 2043 hominibus,
658 2012 723 2040 dum
747 2018 798 2046 ego
815 2018 859 2038 me
874 2018 890 2037 a
914 2010 993 2037 vobis

206 2065 369 2088 averterant.
380 2059 432 2086 Per
443 2060 501 2086 haec
516 2063 605 2086 autem
620 2058 728 2086 videtur
740 2058 835 2086 eodem
845 2065 927 2085 sensu
939 2064 994 2092 quo

207 2106 302 2133 beatus
316 2104 431 2140 Aggazus
448 2104 591 2140 propheta,
604 2103 748 2131 manifeste
758 2103 923 2138 exprobrare
939 2103 993 2129 illis

207 2150 360 2185 ignaviam;
388 2150 555 2177 memorabat
580 2149 653 2177 enim
676 2151 790 2184 Aggaeus
805 2150 920 2177 subnata
938 2149 993 2177 illis

1083 1330 1156 1367 Στίχ.
1176 1329 1202 1356 ι’.
1222 1345 1256 1349 -
1274 1327 1331 1356 Εἶτ’
1356 1330 1388 1356 ὲκ
1417 1330 1594 1365 παραθέσεως
1619 1329 1673 1357 τῶν
1697 1331 1836 1366 προτέρων

1046 1376 1152 1408 δεικνὺς
1163 1376 1211 1412 τὴν
1226 1375 1377 1411 μεταϐολήν
1386 1383 1392 1391 ·
1410 1385 1419 1401 ι
1432 1376 1504 1402 Διότι
1519 1376 1571 1411 πρὸ
1580 1376 1634 1402 τῶν
1643 1376 1754 1412 ἡμερῶν
1766 1376 1837 1402 ὲκεί-

1047 1430 1099 1448 νων
1112 1422 1126 1448 ὁ
1145 1421 1240 1456 μισθὸς
1252 1422 1306 1448 τῶν
1326 1421 1477 1457 ἀνθρώπων
1493 1422 1544 1449 οὐκ
1558 1419 1591 1458 ἦν
1607 1423 1646 1453 είς
1663 1422 1754 1457 ὄνησιν
1764 1443 1771 1454 ,
1790 1421 1837 1448 καὶ

1046 1468 1060 1494 ό
1076 1467 1169 1502 μισθὸς
1186 1467 1240 1494 τῶν
1253 1468 1358 1502 κτηνῶν
1375 1468 1424 1502 οὺχ
1438 1468 1559 1503 ὑπῆρχε,
1575 1468 1622 1494 xui.
1635 1467 1673 1503 τῷ
1690 1469 1837 1503 ἐκπορευο-

1049 1513 1120 1548 μένῳ
1134 1513 1181 1539 καὶ
1194 1513 1232 1548 τῷ
1251 1513 1470 1548 εἰσπορευομένῳ
1489 1514 1540 1540 οὐκ
1556 1511 1589 1549 ἦν
1603 1514 1698 1549 εἰρήνη
1721 1514 1774 1540 ἀπὸ
1787 1514 1836 1550 τῆς

1046 1557 1179 1592 θλίψεως·
1202 1558 1250 1584 καὶ
1273 1557 1447 1591 ἐξαποστελῶ
1466 1559 1569 1590 πάντας
1587 1559 1650 1590 τοὺς
1675 1559 1835 1594 ἀνθρώπους

1045 1603 1159 1629 ἕκαστον
1179 1603 1224 1629 ἐπὶ
1247 1602 1293 1629 τὸν
1317 1603 1430 1639 πλησίον
1445 1603 1538 1630 αὐτοῦ.
1553 1613 1562 1629 ι
1583 1604 1668 1630 Πάλαι
1698 1604 1748 1638 μὲν
1770 1605 1834 1640 γὰρ,

1046 1647 1122 1682 φησὶ,
1140 1647 1186 1674 καὶ
1204 1647 1257 1684 πρὸ
1271 1648 1320 1683 τῆς
1332 1649 1475 1684 οίκοδομῆς
1488 1648 1535 1675 τοῦ
1550 1649 1615 1676 ναοῦ
1631 1650 1659 1675 ἐν
1673 1649 1755 1685 πολλῇ
1769 1650 1836 1676 καθ-

1045 1695 1195 1730 ειστήκειτε
1221 1695 1392 1731 ταλαιπωρίᾳ
1407 1703 1414 1710 ·
1449 1696 1495 1722 xui.
1521 1695 1582 1722 οὔτε
1603 1697 1636 1731 τῇ
1659 1697 1712 1722 τῶν
1729 1697 1835 1732 κτηνῶν

1045 1739 1098 1766 τῶν
1116 1740 1255 1775 ὑμετέρων
1271 1740 1387 1776 ἐργασίᾳ
1403 1741 1594 1776 προσκείμενοι
1610 1742 1641 1767 ἐκ
1659 1741 1711 1767 τῶν
1730 1742 1834 1768 πολλῶν

1045 1794 1071 1812 τι
1094 1786 1182 1812 πόνων
1209 1786 1383 1822 ἀπεφέρεσθέ
1404 1787 1519 1823 κέρδος·
1546 1787 1663 1823 ἀνόνητα
1690 1787 1744 1823 γὰρ
1770 1789 1833 1823 ὑμῖν

1045 1832 1154 1859 ἅπαντα
1169 1833 1255 1859 ἐποίει
1268 1833 1299 1859 τὸ
1317 1834 1451 1869 μηδεμιᾶς
1477 1834 1526 1869 μὲν
1549 1834 1661 1870 εἰρήνης
1677 1834 1832 1868 ἀπολαύειν,

1045 1878 1074 1904 ἐν
1087 1877 1191 1912 θλίψεσι
1203 1878 1231 1904 δὲ
1243 1879 1358 1905 πάντοτε
1372 1879 1545 1912 ἐξετάζεσθαι
1562 1879 1697 1912 ποικίλαις
1712 1880 1834 1912 ἅπαντας

1046 1923 1107 1955 τοὺς
1118 1924 1164 1950 ἐπὶ
1183 1924 1232 1959 τῆς
1256 1925 1358 1957 πόλεως
1373 1925 1506 1957 εἰσιόντας
1529 1934 1559 1952 τε
1581 1927 1628 1952 xui.
1647 1925 1766 1958 ἐξιόντας
1781 1926 1834 1953 τῶν

1044 1969 1073 1995 ὲν
1088 1969 1161 2004 ὑμῖν,
1176 1970 1219 1996 ἵνα
1233 1970 1298 2005 εἴπῃ
1311 1970 1373 2000 τοὺς
1390 1970 1436 1996 ἐπὶ
1449 1970 1499 2005 τῆς
1515 1970 1618 2002 πόλεως
1632 1971 1826 2006 ἀναστρεφομέ-

1044 2023 1116 2046 νους.
1138 2015 1242 2046 Ηῦξανε
1255 2014 1284 2040 δὲ
1294 2015 1379 2041 ταῦτα
1393 2015 1458 2050 ὑμῖν
1471 2017 1520 2051 τήν
1530 2024 1560 2042 τε
1577 2016 1676 2050 θλίψιν,
1692 2017 1738 2043 καὶ
1751 2016 1782 2043 τὸ
1796 2017 1832 2053 μὴ

1044 2061 1074 2087 ὲν
1088 2061 1183 2096 εἰρήνῃ
1196 2061 1370 2094 καθεστάναι,
1386 2061 1417 2088 τὸ
1435 2061 1548 2094 πολλοὺς
1565 2062 1629 2097 ὑμῖν
1642 2063 1832 2099 ἐπεγείρεσθαι

1043 2106 1098 2133 τῶν
1124 2106 1224 2139 ἔξωθεν
1249 2106 1420 2142 ἀνθρώπων,
1446 2108 1489 2134 διὰ
1515 2108 1563 2143 τὴν
1589 2109 1763 2144 ἀποστροφὴν
1784 2110 1832 2145 τὴν

1044 2152 1129 2187 ὲμήν·
1147 2152 1218 2179 ἔοικε
1232 2152 1260 2178 δὲ
1273 2153 1360 2180 ταῦτα
1373 2153 1442 2180 κατὰ
1456 2154 1504 2189 τὴν
1526 2153 1630 2181 ἔννοιαν
1643 2156 1698 2186 τοῖς
1712 2155 1758 2181 τοῦ
1781 2164 1832 2190 μα-

206 2198 289 2228 mala,
305 2203 368 2223 cum
383 2195 416 2222 ad
427 2195 635 2222 aedificationem
647 2195 791 2230 torpebant
804 2204 812 2228 ;
830 2195 992 2223 ostendebat

1045 2198 1139 2233 καρίου
1159 2198 1286 2232 Ἀγγαίου
1300 2198 1347 2225 τοῦ
1361 2199 1501 2235 προφήτου
1523 2199 1616 2234 σαφῶς
1632 2200 1670 2235 (p.
1687 2201 1750 2234 487)
1764 2201 1818 2227 όνει

205 2243 285 2270 simul
295 2245 397 2277 quanta
409 2241 479 2268 facta
491 2240 588 2268 fuisset
601 2241 628 2268 in
642 2241 737 2268 melius
751 2241 906 2273 conversio,
918 2245 991 2276 post-

204 2295 285 2322 quam
312 2290 453 2321 cmperant
476 2285 562 2313 divini
591 2285 685 2320 templi
711 2285 855 2313 aedilicium
880 2294 988 2321 urgere.

206 2333 277 2360 Idem
300 2333 353 2360 hoc
373 2332 432 2360 loco
455 2332 552 2359 beatus
566 2330 714 2358 Zacharias
728 2331 805 2362 dicit,
830 2339 927 2367 nempe
943 2339 991 2359 vos

205 2379 305 2406 multas
333 2383 460 2413 expertos
482 2385 543 2405 esse
569 2377 749 2410 calamitates,
773 2378 836 2405 dum
861 2379 990 2413 templum

205 2423 389 2460 negligebatis:
400 2423 446 2451 sed
462 2427 605 2458 postquam
624 2427 728 2450 mutata
746 2424 893 2455 sententia,
913 2424 991 2451 debi-

205 2475 259 2496 tam
276 2469 437 2504 suscepistis
451 2468 545 2503 templi
558 2475 663 2500 curam,
682 2467 746 2502 quid
764 2472 821 2494 tum
840 2468 971 2504 contigit?

1043 2244 1123 2276 δίζων
1140 2244 1232 2276 αὐτοῖς
1247 2244 1296 2280 τὴν
1318 2245 1470 2280 ρᾳθυμίαν·
1489 2246 1676 2281 ἐμνημόνευσε
1705 2246 1755 2282 μὲν
1779 2247 1831 2273 τῶν

1043 2291 1243 2324 ἐπιγεγονότων
1262 2292 1353 2323 αὐτοῖς
1370 2292 1462 2319 κακῶν
1473 2312 1480 2324 ,
1495 2292 1613 2328 ὁπηνίκα
1625 2293 1674 2328 τῆς
1688 2293 1831 2328 οἰκοδομῆς

1044 2335 1286 2371 κατερραθύμουν·
1305 2336 1423 2372 ἐδήλωσε
1445 2337 1474 2363 δὲ
1487 2337 1573 2372 πόσην
1599 2338 1661 2373 ἔσχε
1682 2339 1831 2373 μεταϐολὴν

1044 2380 1090 2406 ἐπὶ
1103 2379 1132 2405 τὸ
1145 2381 1267 2415 κρεῖττον
1279 2380 1313 2407 τὰ
1329 2381 1399 2407 κατὰ
1421 2383 1483 2413 τοὺς
1499 2381 1641 2416 ἑλομένους
1664 2383 1713 2417 τῆς
1733 2383 1819 2409 οἰκοδο

1045 2425 1099 2460 μῆς
1110 2426 1157 2452 τοῦ
1174 2426 1238 2453 ναοῦ
1255 2426 1407 2462 φροντίζειν
1424 2427 1470 2454 τοῦ
1492 2427 1565 2454 θείου
1576 2437 1583 2443 ·
1600 2428 1679 2455 τοῦτο
1697 2429 1750 2463 γὰρ
1766 2430 1818 2456 κάν

1042 2470 1128 2497 ταῦθα
1155 2472 1169 2498 ὀ
1187 2473 1320 2507 μακάριος
1335 2473 1471 2508 Ζαχαρίας
1494 2473 1584 2507 λέγει,
1600 2474 1640 2500 ὅτι
1661 2475 1704 2500 Ἑν
1722 2475 1829 2506 πολλαῖς

203 2512 264 2549 ἦτε,
275 2514 556 2549 φησὶ,ταλαιπωρίαις
567 2514 729 2549 ἀμελοῦντες
746 2514 793 2540 τοῦ
808 2515 892 2541 οἴκου·
905 2515 999 2551 ἐπειδὴ
1017 2515 1046 2542 δὲ
1061 2518 1257 2552 μεταϐαλόντες
1277 2519 1327 2554 τὴν
1346 2519 1469 2555 γνώμην,
1488 2520 1536 2555 τὴν
1552 2521 1743 2556 προσήκουσαν
1756 2522 1829 2557 ἔχετε

205 2560 270 2595 περὶ.
281 2560 327 2586 τὸν
343 2557 417 2586 οἷκον
431 2560 559 2596 σπουδὴν,
571 2560 596 2586 τί
613 2561 706 2594 γέγονε
719 2569 725 2592 ;

241 2607 323 2635 Vens.
337 2607 428 2635 11-15.
440 2623 476 2628 -
493 2607 545 2635 «Et
556 2615 630 2636 nunc
646 2616 700 2635 non
715 2608 794 2643 juxta
808 2609 868 2637 dies
883 2609 989 2644 priores

205 2653 276 2680 facio
297 2653 420 2688 reliquiis
439 2653 531 2688 populi
550 2653 642 2688 hujus,
668 2653 734 2680 dicit
749 2653 882 2682 Dominus
902 2655 991 2682 omni-

204 2702 311 2733 potens.
329 2697 377 2725 sed
394 2705 489 2733 pacem
504 2699 657 2725 ostendam.
675 2698 759 2726 Vinea
777 2699 853 2726 dabit
868 2699 989 2726 fructum

204 2752 298 2776 suum,
318 2748 345 2771 et
359 2747 433 2771 terra
447 2743 522 2771 dabit
536 2744 656 2780 germina
680 2751 741 2777 sua,
758 2748 785 2772 et
799 2745 898 2772 ccelum
915 2745 991 2772 dabit

204 2797 294 2817 rorem
308 2797 399 2821 suum.
415 2789 566 2826 faciamque
582 2794 612 2818 ut
623 2790 745 2825 reliquiae
757 2791 847 2825 populi
865 2791 916 2817 mei
932 2790 990 2817 hac

209 2835 302 2862 omnia
326 2835 492 2870 pessideant.
514 2835 546 2862 Et
562 2835 625 2869 erit.
643 2836 714 2864 sicut
732 2836 815 2864 eratis
834 2835 990 2864 maledictio

1077 2608 1152 2644 Στίχ.
1171 2607 1258 2634 ια’-ιε’.
1274 2622 1308 2627 ——
1320 2617 1330 2633 ί
1344 2608 1400 2635 Καὶ
1414 2608 1461 2634 νῦν
1472 2609 1501 2634 οὐ
1518 2608 1589 2635 κατὰ
1603 2609 1652 2639 τὰς
1664 2610 1770 2645 ἡμέρας
1782 2609 1830 2641 τὰς

1039 2653 1192 2690 ἔμπροσθεν
1208 2653 1264 2687 ἐγὼ
1277 2653 1346 2680 ποιῶ
1359 2655 1416 2685 τοῖς
1438 2655 1610 2686 καταλοίποις
1627 2655 1672 2681 τοῦ
1688 2654 1751 2682 λαοῦ
1767 2654 1829 2681 τού-

1039 2708 1097 2731 του,
1113 2699 1186 2733 λέγει
1202 2699 1304 2735 Κύριος
1321 2699 1517 2735 παντοκράτωρ
1533 2708 1539 2715 ·
1555 2700 1612 2726 ἀλλ’
1627 2700 1642 2734 ἦ
1659 2700 1737 2732 δείξω
1751 2701 1827 2736 εἰρή-

1040 2753 1105 2779 νην-
1124 2746 1140 2780 ἡ
1156 2745 1277 2780 ἄμπελος
1291 2744 1371 2771 δώσει
1383 2745 1430 2771 τὸν
1449 2745 1554 2780 καρπὸν
1577 2745 1678 2781 αὐτῆς,
1695 2746 1741 2772 καὶ
1762 2746 1778 2780 ή
1793 2745 1827 2781 γῆ

1042 2789 1122 2817 δώσει
1145 2791 1179 2817 τά
1208 2791 1349 2826 γενήματα
1378 2791 1463 2825 αὐτῆς
1473 2813 1479 2824 ,
1495 2791 1542 2817 καὶ
1559 2791 1671 2826 οὐρανὸς
1687 2791 1765 2818 δώσει
1781 2792 1828 2824 τὴν

1042 2836 1137 2872 δρόσον
1154 2837 1236 2864 αὑτοῦ
1248 2845 1255 2852 σ
1275 2837 1321 2864 καὶ
1338 2837 1603 2873 κατακληρονομήσω
1627 2839 1683 2870 τοῖς
1704 2837 1829 2866 καταλοί-
