1969 3069
114 136 166 164 549

562 135 837 164 COMMENTARIUS
862 135 895 164 IN
916 134 1102 163 ZACIIARLE
1127 132 1205 160 CAP.
1230 132 1296 160 VIII.

1692 132 1747 160 550

114 202 175 224 ποις
192 192 240 218 τοῦ
253 192 319 219 λαοῦ
332 201 383 227 μου
398 193 485 219 πάντα
499 192 584 219 ταῦτα
595 201 601 207 ·
615 193 660 219 καὶ
673 192 748 218 ἔσται
763 192 792 218 ὂν
808 192 905 221 τρόπον

971 195 1029 218 nlcr
1043 194 1148 226 gentes,
1165 198 1181 215 ο
1198 191 1296 217 domus
1307 188 1383 216 Jud.e
1400 193 1427 216 et
1446 188 1545 217 domus
1564 188 1685 220 Israelis,
1711 190 1747 216 ita

113 236 162 274 ἦτε
184 239 291 274 κατάρα
317 239 345 264 ὲν
361 239 417 269 τοῖς
436 238 549 268 ἔθνεσιν,
566 237 730 269 οἷκοςΊούδα
742 258 750 270 ,
769 239 816 266 καὶ
833 236 906 269 οἶκος

120 284 229 318 Ἰσραὴλ
244 304 251 314 ,
268 284 353 315 οὕτως
368 284 492 310 διασώσω
508 285 592 319 ὑμᾶς,
609 285 655 311 καὶ
673 285 765 311 ἔσεσθε
786 286 814 311 ἐν
830 285 905 312 εὐλο-

115 329 170 365 γίᾳ,
179 340 187 354 ι
199 331 255 364 Οὐχ
270 331 350 365 ὃμοια
367 332 422 361 τοῖς
437 331 554 364 πρόσθεν
569 332 602 357 τὰ
613 331 660 357 νῦν
673 332 737 366 περὶ
751 333 813 362 τοὺς
825 332 905 357 ἐπαν-

116 375 280 410 εληλυθῆτας
304 377 458 411 γενήσεται,
479 376 525 408 οὓς
540 376 571 403 ἐκ
591 377 696 403 πολλῶν
707 377 760 403 τῶν
773 377 907 406 ἁπολ.ομέ‹

116 429 168 447 νων
186 421 293 455 ὀλίγους
314 422 537 457 περιλειφθέντας
553 422 664 457 αὑξήσω
688 423 768 449 πάλιν
792 423 847 456 ἐγὼ
861 425 908 450 καὶ

117 467 184 501 πρὶς
199 467 300 502 πλῆθος
322 468 377 499 ἄξω
392 489 399 499 ,
415 468 526 503 εἰρήνης
540 477 569 494 τε
583 468 681 500 αὐτοὺς
694 469 809 504 πλήρεις
826 470 907 505 ἐργα-

118 513 233 548 σάμενος
244 533 251 544 ,
266 513 313 539 καὶ
331 513 379 548 τήν
393 513 447 539 ἀπὸ
462 513 517 539 τῶν
532 513 646 550 καρπῶν
666 514 793 548 εὐθηνίαν
817 515 907 546 αὐτοῖς

118 558 260 593 παρέχων.
280 559 328 585 καὶ
342 559 448 585 πάντων
464 559 496 594 δὴ
514 560 654 594 συντόμως
666 561 752 587 εἰπεῖν
771 561 824 587 τῶν
840 561 908 595 άγαο

118 603 172 630 θῶν
188 603 358 639 δωρούμενος
371 604 462 635 αὐτοῖς
475 604 525 639 τὴν
538 605 686 631 ἀπόλαυσιν
698 613 703 618 ·
719 605 752 631 ἶν’
770 605 864 640 ὥσπερ
878 605 908 631 τὸ

119 649 233 675 παλαιὴν
253 650 388 684 τιμωρίας
401 649 544 684 ἐφαίνεσθε
560 651 642 677 πᾶσιν
656 651 725 685 ἄξιοι
739 651 784 677 διὰ
797 652 845 686 τὴν
859 651 906 686 ὀρ-

118 695 168 730 γὴν
181 695 229 730 τὴν
243 696 313 731 ἐμὴν
328 717 334 726 ,
353 698 389 731 (p.
408 696 471 729 488)
486 696 572 728 οὕτως
593 698 624 723 ἐκ
641 697 689 730 τῆς
706 697 776 732 ἐμῆς
791 697 909 732 κηδεμο-

119 741 177 773 νίας
195 742 359 777 μακαριστοὶ
378 743 516 776 φαίνοισθε
538 744 612 778 παρὰ
630 745 710 770 πᾶσιν
730 743 884 779 ἀνθρώποις
899 751 906 758 ·

119 788 165 814 καὶ
180 787 260 813 πλέον
276 787 493 823 παραθαρρύνων
501 788 623 820 αὺτουξμ
635 788 766 824 Θαρρεῖτε
780 788 826 814 καὶ
842 796 908 813 κατ-ι

120 832 224 868 ισχύετε
241 834 269 859 ὲν
288 834 348 864 ταῖς
366 833 458 868 χερσὶν
477 832 563 868 ὑμῶν.
581 833 653 859 Διότι
668 833 731 859 τάδε
752 833 824 867 λέγει
853 833 908 860 Κύ‹

959 238 1071 264 salvabo
1095 244 1153 268 vos,
1170 241 1195 263 et
1210 235 1326 263 eritisin
1342 235 1555 263 benedictione.)
1577 234 1654 262 Ilaud
1671 243 1748 270 atque

959 291 991 309 ac
1018 281 1230 316 antiquioribus,
1259 281 1295 307 ita
1320 281 1436 316 posteris
1466 281 1583 312 eveniet,
1609 288 1680 315 quos
1713 288 1748 306 ex

959 329 1052 356 multis
1071 328 1214 355 exstinctis
1235 334 1337 362 paucos
1353 327 1474 359 relictos,
1488 334 1586 354 rursus
1601 334 1651 361 ego
1666 326 1750 361 326

960 374 1065 409 angi-bo
1083 378 1110 401 et
1137 374 1163 400 iii
1192 373 1393 400 multitudinem
1420 372 1578 407 proveham,
1609 379 1677 406 pace
1701 379 1749 398 eos

959 420 1113 452 cumulans,
1134 424 1161 447 et
1186 419 1292 454 fz'tigum
1309 419 1414 453 copiam
1441 418 1639 452 suppeditans;
1668 421 1750 452 atque

961 471 990 493 ut
998 466 1160 500 compendio
1168 465 1267 496 dicam,
1279 465 1400 491 onmium
1410 464 1544 490 bonorum
1554 463 1656 490 eisdem
1669 470 1749 490 usum

961 511 1095 543 tribuens,
1112 515 1141 537 ut
1155 510 1234 537 sicuti
1256 510 1321 536 olim
1338 517 1418 544 poena
1438 509 1603 536 videbamini
1622 508 1696 543 digni
1714 509 1750 534 ob

961 557 1029 584 iram
1052 564 1150 587 meatu.
1178 557 1214 582 ita
1238 561 1348 590 propter
1361 555 1544 590 patrocinium
1561 562 1652 582 meum
1677 555 1749 581 beati

961 602 1107 630 videamini
1123 602 1230 629 cunctis
1246 601 1412 629 hominibus.
1431 601 1464 628 Et
1476 602 1562 636 magis
1578 601 1669 627 adhuc
1683 600 1751 627 ﬁdu-

962 649 1031 676 ciam
1050 649 1090 676 eis
1110 655 1224 682 angens,
1241 658 1249 673 ι
1264 647 1410 679 Conlidite,
1428 647 1526 682 inquit,
1544 651 1571 674 ct
1588 647 1752 674 roborentur

963 701 1059 721 manus
1081 700 1179 720 vestra‘
1195 703 1200 720 :
1218 693 1346 728 quoniam
1364 694 1420 720 haec
1437 693 1503 720 dicit
1518 692 1649 719 Dominus
1661 694 1751 720 omni-

963 745 1076 775 potens:
1094 739 1328 773 Quemadniodum
1344 740 1460 775 cogitavi
1482 747 1530 767 vos
1543 740 1671 775 alliigcrc,
1688 739 1751 774 quia

963 793 1006 812 me
1032 791 1124 821 patres
1151 786 1235 813 vestri
1261 786 1503 817 exacerbaverant,
1529 786 1596 812 dicit
1621 785 1753 813 Dominus

963 832 1148 867 omnipotens.
1164 840 1251 866 neque
1270 836 1336 859 tunc
1353 839 1395 859 me
1411 832 1548 866 paenituit,
1568 832 1603 858 ita
1622 832 1751 859 constitui

122 887 177 914 ριος
190 879 389 914 παντοκράτωρ
401 899 408 910 ,
439 880 486 905 ’ον
501 879 600 914 τρόπον
611 879 750 914 διενοήθην
764 878 809 905 τοῦ
825 878 911 904 κακῶ-

968 885 995 904 ac
1010 877 1158 904 deliberavi
1176 878 1273 906 diebus
1290 878 1332 906 his
1350 878 1418 906 bene
1431 878 1521 905 facere
1540 879 1601 906 urbi
1623 879 1753 908 Hierusa-

121 933 164 951 σαι
181 924 252 959 ὑμᾶς
268 925 297 950 ὲν
313 925 352 959 τῷ
367 924 535 960 παροργίσαι
559 933 592 959 με
607 924 669 956 τοὺς
686 924 807 959 πατέρας
825 924 912 960 ὑμῶν,

119 968 194 1004 λέγει
208 969 309 1006 Κύριος
332 970 528 1006 παντοκράτωρ
541 990 548 1000 ,
572 970 618 996 καὶ
632 970 662 996 οὐ
682 971 834 1005 μετενόησα
845 990 851 999 .
869 969 914 996 οὖ-

119 1024 174 1048 τως
190 1016 401 1051 παρατέταγμαι
419 1016 465 1042 καὶ
481 1016 658 1052 διανενόημαι
680 1017 709 1043 ὲν
723 1018 782 1048 ταῖς
795 1016 914 1052 ἡμέραις

119 1061 234 1093 ταύταις
253 1061 301 1088 τοῦ
331 1062 421 1094 καλῶς
437 1063 547 1098 ποιῆσαι
561 1065 594 1099 τῇ
617 1062 795 1098 Ἰερουσαλὴμ
814 1063 860 1089 καὶ
876 1061 915 1097 τῷ

120 1108 188 1143 οἴκῳ
209 1108 304 1135 Ἰούδα.
320 1118 329 1134 ι
359 1109 533 1144 Ἀποθέμενοι
550 1109 581 1145 δὴ
599 1110 687 1136 πάντα
706 1109 788 1143 ιρόὸον
802 1109 847 1136 καὶ
863 1109 912 1135 πᾶ-

122 1162 171 1180 σαν
188 1154 353 1188 ἀπόγνωσιν,
374 1156 403 1181 ἐν
415 1155 557 1191 εὐθυμίαις
570 1155 664 1182 ἔσεσθε
681 1156 727 1182 καὶ
739 1155 832 1190 θάρσει
848 1154 913 1181 πολ-

122 1199 177 1234 λῷ·
192 1200 237 1227 καὶ
252 1201 321 1236 μετά
338 1201 439 1236 πολλῆς
459 1201 508 1236 τῆς
533 1202 650 1236 σπουδῆς
664 1201 758 1236 ἔχεσθε
776 1201 824 1236 τῆς
841 1203 913 1228 οἱκο-

122 1245 204 1280 δομῆς
220 1246 266 1272 τοῦ
280 1247 358 1273 ναοῦο
376 1241 413 1273 εἶι
432 1247 530 1278 εἰδότες
546 1248 586 1274 ὅτι
604 1247 698 1283 ὥσπερ
726 1248 857 1282 πρότερον
874 1256 914 1273 τι·

125 1290 229 1325 μωρίαν
241 1292 423 1327 ἀπεφηνάμην
436 1293 496 1318 καθ’
509 1293 584 1327 ὑμῶν
599 1292 669 1327 ὑπὲρ
688 1290 725 1319 ὧν
740 1291 911 1327 πλημμελεῖν

122 1337 185 1368 τοὺς
198 1337 347 1373 ὑμετέρους
364 1338 521 1364 συνέὖαινεν
532 1339 570 1369 εἰς
586 1339 635 1374 ἐμὲ
645 1360 652 1370 ,
669 1339 716 1365 καὶ
732 1339 833 1374 ταύτην
848 1339 915 1374 ἤγα-

964 923 1014 951 Ient
1029 928 1055 950 et
1069 923 1146 950 Judte
1159 924 1262 951 domui.
1275 934 1284 950 ι
1302 924 1381 952 Omni
1395 925 1516 959 seposito
1526 925 1623 951 timore
1636 930 1663 952 ct
1676 925 1751 951 omni

963 968 1164 1003 desperatione,
1197 969 1223 995 in
1250 969 1351 1004 gaudio
1375 969 1453 996 eritis
1477 970 1616 1004 tnuItaque
1641 970 1752 1000 ﬁducia.

964 1013 1141 1049 studioseque
1163 1014 1309 1041 admodum
1325 1014 1359 1041 ad
1376 1015 1585 1042 aediﬁcationem
1603 1015 1694 1050 tenipli
1712 1015 1754 1041 in-

965 1060 1117 1088 cumbetis:
1135 1060 1219 1095 probe
1230 1061 1360 1093 scientes,
1380 1061 1452 1095 quod
1468 1061 1539 1088 sicut
1550 1064 1629 1088 antea
1644 1068 1754 1095 pomum

965 1106 992 1133 in
1007 1114 1057 1134 vos
1074 1107 1240 1141 exprompsi,
1262 1111 1372 1142 propter
1396 1112 1504 1142 patrum
1528 1112 1683 1135 vestrorum
1707 1107 1753 1134 ad-

965 1160 1061 1180 versus
1081 1160 1123 1180 me
1135 1153 1305 1188 iniquitates,
1320 1158 1402 1188 atque
1420 1154 1494 1180 illam
1512 1162 1606 1189 reapse
1623 1154 1754 1182 immobili

966 1199 1103 1227 sententia
1128 1200 1338 1226 consummavi:
1370 1200 1406 1226 ita
1435 1208 1509 1227 nunc
1532 1200 1669 1235 promissa
1695 1209 1754 1227 mea

967 1253 1082 1281 prorsus
1110 1252 1254 1280 exsequar,
1284 1253 1344 1280 qua:
1360 1245 1394 1273 de
1410 1245 1578 1274 Hierusalem
1604 1246 1755 1282 signiﬁcavi

966 1292 1055 1326 dcquc
1068 1291 1196 1318 universa
1207 1289 1286 1317 Judze
1299 1290 1371 1317 tribu
1383 1299 1390 1324 ;
1404 1293 1477 1326 quod
1491 1299 1587 1326 nempe
1601 1291 1646 1318 illa
1662 1299 1754 1319 rerum

967 1337 1045 1372 copia
1062 1336 1176 1367 ditﬂuet,
1195 1337 1252 1363 lucc
1267 1337 1352 1363 multa
1373 1336 1503 1364 felicitate
1518 1337 1634 1365 fi'uetur.

123 1389 171 1415 γον
187 1383 225 1413 εις
239 1382 340 1417 πέρας,
355 1382 384 1408 οὐ
402 1382 618 1418 μεταϐαλόμενος
632 1384 681 1419 τὴν
696 1384 807 1420 γνώμην
818 1393 825 1399 ·
841 1383 913 1410 οὕτω
925 1383 971 1409 νῦν
985 1382 1034 1414 τὰς
1051 1381 1217 1416 ἐπαγγελίας
1238 1382 1278 1413 εἰς
1294 1383 1380 1417 πέρας
1400 1381 1456 1414 ἄξω
1470 1383 1577 1415 πάντως
1595 1385 1629 1415 ἃς
1649 1384 1713 1419 περί
1729 1393 1757 1411 τε

122 1429 173 1464 τῆς
190 1428 365 1464 Ἰερουσαλὴμ
375 1429 568 1465 ἀπεφηνάμην.
587 1430 633 1456 καὶ
646 1430 735 1466 πάσης
752 1430 784 1466 δὴ
798 1429 847 1465 τῆς
862 1429 947 1456 ’ἰούδα
961 1429 1046 1464 φυλῆς
1058 1437 1063 1442 '
1076 1428 1113 1459 ὡς
1126 1429 1141 1463 ἡ
1163 1428 1212 1462 μὲν
1231 1428 1259 1453 ἐν
1273 1427 1385 1454 εὐθτνίι
1404 1428 1556 1463 γενήσεται.
1571 1429 1595 1455 οἱ
1612 1429 1639 1456 δὲ
1658 1430 1757 1464 πολλῆς

125 1474 265 1509 μεθέξουσι
279 1474 328 1509 τῆς
345 1474 498 1509 εὐετηρίας.

161 1520 232 1554 Στίχ.
251 1520 300 1552 ις’,
312 1520 353 1552 ιζ’.
365 1535 398 1541 -
410 1521 464 1547 Καὶ
489 1521 597 1553 δεικνὺς
613 1522 627 1548 ὃ
648 1530 674 1548 τι
690 1522 754 1548 ποτὲ
773 1521 916 1554 ποιοῦντας

1003 1519 1086 1546 Vens.
1104 1518 1146 1550 16,
1163 1517 1333 1553 I7.—Atqne
1346 1523 1375 1545 ut
1392 1518 1505 1545 suadeat
1519 1518 1619 1546 debere
1633 1526 1691 1551 eos,
1710 1519 1757 1554 qui

124 1568 246 1602 προσῆκε
260 1566 299 1601 τῷ
315 1566 414 1602 βεϐαίῳ
429 1567 539 1603 θαρρεῖν
553 1567 608 1593 τῶν
625 1568 809 1602 ἐπαγγελιῶν·
830 1568 914 1604 «Θαρ-

968 1569 1040 1593 recte
1066 1565 1202 1596 facerent,
1227 1564 1350 1592 [inuitati
1374 1564 1574 1599 promissorum
1601 1566 1756 1597 conlidere,

126 1604 207 1644 σεῖτε,
228 1609 301 1638 οὗτοι
316 1613 340 1639 οἱ
357 1612 430 1646 λόγοι
446 1613 493 1644 οὓς
509 1614 636 1649 ποιήσετε
647 1634 654 1645 ,
669 1613 774 1640 λαλεῖτε
787 1613 916 1649 ἀλήθειαν

124 1658 239 1689 ’ἕκαστος
255 1658 324 1693 πρὸς
337 1658 383 1684 τὸν
404 1659 514 1694 πλησίον
532 1658 616 1685 αὑτοῦ
629 1680 636 1692 ,
652 1659 700 1686 καὶ
714 1659 801 1694 κρίμα
815 1660 918 1694 εἰρηνι-

125 1704 173 1731 κὸν
188 1705 297 1740 κρίνατε
311 1705 339 1731 ὲν
365 1706 425 1736 ταῖς
440 1704 539 1736 πύλαις
552 1705 630 1740 ὑμῶν
643 1713 650 1720 ο
668 1705 715 1732 καὶ
731 1705 846 1737 ἕκαστος
868 1705 917 1740 τὴν

127 1751 225 1777 κακίαν
239 1750 286 1777 τοῦ
301 1750 415 1786 πλησίον
439 1750 476 1786 μὴ
492 1750 631 1785 λογίζεσθε
649 1751 676 1777 ὲν
692 1751 816 1786 καρδίαις
829 1751 917 1786 ὑμῶν,

127 1796 173 1823 καὶ
193 1797 273 1832 ὅρκον
295 1797 379 1832 ψευδῆ
401 1796 437 1832 μὴ
453 1797 598 1830 ἀγαπᾶτε·
622 1796 689 1824 διότι
717 1797 804 1824 ταῦτα
829 1796 918 1823 πάντα

127 1843 256 1878 ἐμίσησα,
272 1842 346 1877 λέγει
358 1843 458 1878 Κύριος
471 1842 678 1878 παντοκράτωρ.
696 1852 704 1868 ι
725 1843 762 1877 (p.
773 1842 834 1877 489)
848 1842 918 1877 Θαρ-

129 1890 199 1925 ῥεῖτε
218 1889 249 1924 δὴ
265 1890 325 1921 ταῖς
336 1889 513 1924 ἐπαγγελίαις
527 1890 586 1920 ταῖς
601 1889 682 1924 ἐμαῖς
696 1898 702 1904 ·
730 1890 753 1915 εἰ
768 1889 871 1915 τούτων
886 1888 918 1924 δὴ

128 1931 220 1970 ὦνπερ
231 1933 278 1961 οὖν
291 1934 467 1970 συμϐουλεύω
478 1935 578 1970 πολλὴν
589 1934 675 1969 ἔχοιτε
688 1934 736 1970 τὴν
748 1934 918 1970 ἐπιμέλειαν,

127 1981 228 2012 ἀδόλως
252 1980 302 2016 μὲν
316 1980 349 2007 τὰ
362 1980 430 2016 πρὸς
445 1979 579 2015 ἀλλήλους
596 1979 762 2011 διατιθέντες
773 2000 780 2012 ,
804 1979 918 2014 ἀληθινῇ

127 2027 153 2053 δὲ
164 2027 268 2062 διανοίᾳ
278 2027 327 2062 τὴν
340 2027 407 2061 πρὸς
418 2026 549 2062 ἀλλήλους
562 2025 748 2057 ἀποσώζοντες
760 2025 860 2060 φιλίαν,
873 2025 920 2051 καὶ

129 2074 159 2109 δὴ
177 2074 347 2109 φροντίζοιτε
370 2074 460 2104 πάσας
481 2073 530 2104 τὰς
545 2072 734 2106 ἐμπιπτούσας
752 2071 920 2106 φιλονεικίας

128 2120 283 2151 διαλύοντες
299 2120 339 2151 είς
354 2119 445 2154 φιλίαν
462 2118 627 2153 συνάγεσθαι
647 2119 806 2154 πρέπουσάν
825 2126 856 2152 γε
872 2118 920 2144 καὶ

129 2166 198 2202 προς
228 2166 341 2202 εἰρήνην
378 2166 541 2197 συνιοῦσαν,
568 2165 623 2192 τῶν
653 2163 920 2200 ἀμφισϐητουμένων

129 2211 285 2246 ποιούμενοι
297 2211 347 2246 τὴν
363 2211 483 2238 διάλυσιν
496 2231 503 2243 ,
523 2210 558 2237 τὰ
575 2210 757 2245 συμϐαίνοντά
776 2218 805 2236 τε
830 2218 920 2244 παραο

970 1621 979 1637 ι
990 1610 1135 1644 Confiditc,
1145 1610 1248 1645 inquit;
1262 1611 1306 1638 isti
1319 1615 1383 1638 sunt
1395 1618 1537 1639 sermones
1548 1619 1619 1646 quos
1631 1611 1756 1640 facietis:

968 1657 1112 1693 loquimini
1144 1657 1289 1684 veritatem
1317 1657 1507 1692 unusquisque
1541 1657 1575 1684 ad
1602 1658 1757 1692 proximum

969 1710 1060 1735 suum,
1076 1702 1219 1736 etjustum
1233 1701 1368 1736 judicium
1379 1702 1501 1735 judicate
1512 1702 1538 1728 iu
1550 1704 1636 1737 portis
1649 1703 1756 1730 vestris.

969 1748 1002 1775 Et
1015 1748 1208 1783 unusquisque
1230 1747 1331 1774 malum
1353 1749 1477 1782 proximo
1500 1755 1551 1774 suo
1566 1755 1600 1775 ne
1616 1749 1757 1775 machine-

969 1793 1036 1821 mini
1056 1794 1082 1820 in
1101 1793 1231 1820 cordibus
1248 1793 1359 1824 vestris,
1385 1797 1412 1820 et
1432 1793 1546 1820 mendax
1563 1793 1757 1828 jusjurandum

968 1848 1003 1868 ne
1016 1839 1148 1875 diligatis,
1176 1838 1239 1874 quia
1259 1839 1316 1865 haec
1340 1838 1433 1865 omnia
1460 1838 1515 1871 odi,
1540 1839 1608 1866 dicit
1624 1838 1758 1866 Dominus

969 1886 1154 1920 omnipotens.
1175 1894 1184 1911 ι
1205 1884 1341 1912 Conﬁdile
1370 1885 1515 1919 promissis
1530 1885 1617 1917 meis;
1645 1885 1667 1912 si
1684 1891 1758 1913 certe

969 1931 1148 1958 consiliorum
1176 1937 1237 1964 qua:
1254 1930 1332 1957 vobis
1349 1931 1423 1957 suasi
1442 1930 1574 1957 rationem
1595 1929 1756 1960 habueritis.

969 1977 1028 2004 sine
1043 1976 1106 2003 dolo
1122 1975 1236 2002 invicem
1252 1978 1412 2005 tractantes,
1433 1978 1460 2002 et
1472 1981 1568 2002 verane
1587 1979 1677 2002 mente
1695 1984 1757 2002 mu-

969 2026 1044 2049 tuam
1062 2020 1222 2048 charitatem
1235 2025 1394 2052 servantes;
1412 2024 1438 2046 et
1453 2019 1475 2046 si
1491 2026 1601 2054 operam
1614 2019 1756 2049 dederitis.

969 2072 999 2095 ut
1020 2067 1205 2094 inridentibus
1220 2066 1320 2101 jurgiis
1338 2065 1461 2100 prtecisis
1474 2065 1501 2092 in
1513 2065 1661 2092 amicitiam
1678 2073 1755 2093 coea-

970 2113 1005 2140 tis
1021 2113 1139 2140 debitam
1155 2117 1182 2140 et
1196 2112 1278 2148 327
1297 2112 1372 2147 pacis
1395 2112 1509 2145 sociam,
1525 2116 1552 2139 et
1574 2112 1689 2139 sublatis
1706 2111 1759 2138 liti-

970 2159 1022 2187 bus
1049 2158 1168 2186 oﬂensas
1193 2166 1254 2193 quae
1280 2165 1427 2185 occurrere
1450 2158 1540 2186 solent
1566 2158 1757 2193 neglexeritis;

971 2205 1044 2232 onmi
1060 2204 1177 2239 denique
1190 2203 1333 2239 diligentia
1349 2204 1499 2239 perjurium
1515 2203 1679 2231 vitaveritis.
1696 2203 1760 2230 IIarc

128 2256 284 2291 λογίζεσθαι
296 2255 350 2283 τῶν
367 2256 555 2291 πταισμάτων,
578 2256 624 2283 καὶ
635 2257 724 2283 πᾶσαν
738 2255 825 2290 ἔχοιτε
838 2263 914 2290 φροψ

971 2251 1044 2278 euitn
1073 2257 1124 2285 ego
1147 2249 1323 2278 vehementer
1349 2249 1406 2277 odi.
1437 2248 1493 2276 Vos
1516 2257 1582 2276 vero
1602 2249 1624 2277 si
1647 2249 1760 2284 reliquis

129 2303 188 2330 τίδα
199 2302 246 2330 τοῦ
265 2302 303 2338 μὴ
315 2303 372 2337 μετ’
387 2302 530 2338 ἐπιορκίας
542 2300 656 2337 ὀμνύναι
669 2310 674 2317 '
691 2302 776 2329 ταῦτα
792 2301 845 2336 γὰρ
859 2301 920 2336 ἐμοὶ

131 2349 180 2382 μὲν
196 2348 241 2375 διὰ
259 2347 357 2383 μίσους
377 2347 450 2374 ἐστὶν
466 2348 553 2381 ἀγαν-
571 2347 649 2382 ὑμεῖς
662 2347 690 2374 δὲ
708 2347 732 2372 εί
747 2348 802 2378 τοῖς
818 2346 920 2377 λοιποῖς

131 2393 286 2429 πειθόμενοι
296 2394 352 2425 τοῖς
360 2393 435 2428 ἐμοῖς
444 2393 584 2428 βούλοισθε
595 2392 696 2428 σπουδῇ
704 2390 919 2428 διαπράττεσθαι

130 2438 164 2464 τά
176 2437 391 2474 παρηγγελμένα
405 2438 469 2473 ὑμῖν
484 2437 604 2471 ἀγαθῶν.

165 2485 239 2520 Στίχ.
255 2487 299 2520 ιη’,
318 2484 360 2511 ιθ’.
377 2498 413 2503 -
430 2493 439 2508 ι
455 2484 508 2510 Καὶ
524 2483 632 2518 ἐγένετο
643 2482 721 2516 λόγος
737 2482 840 2518 Κυρίου
853 2489 922 2508 παν-

131 2531 294 2566 τοκράτορος
312 2531 380 2566 πρός
395 2538 429 2565 με
444 2529 531 2564 λέγων
544 2538 551 2545 ·
567 2529 636 2556 Τάδε
649 2528 722 2562 λέγει
738 2528 840 2564 Κύριος
854 2535 922 2554 παν-

130 2576 290 2611 τοκράτωρ·
311 2575 432 2610 Νηστεία
460 2575 477 2610 ή
496 2575 543 2601 τοῦ
565 2575 713 2610 τετάρτου,
740 2575 786 2600 καὶ
810 2573 922 2608 νηστεία

130 2621 177 2649 τοῦ
190 2622 327 2656 πέμπτου,
343 2621 389 2648 καὶ
399 2621 511 2656 νηστεία
523 2620 570 2647 τοῦ
582 2620 707 2655 ἑϐδόμου,
723 2619 768 2647 καὶ
783 2618 893 2654 νηστεία
904 2619 921 2654 ὴ

130 2667 176 2694 τοῦ
191 2666 306 2694 δεκάτου
321 2666 427 2693 ἔσονται
436 2666 475 2701 τῷ
486 2667 553 2701 οἴκῳ
567 2666 652 2692 ’ἰούδα
665 2667 703 2697 είς
717 2665 804 2701 χαρὰν
817 2663 865 2690 καὶ
883 2664 923 2695 εἰς

131 2713 301 2749 εὐφροσύνην
324 2713 371 2740 καὶ
387 2712 483 2748 ἑορτὰς
499 2711 613 2746 ἀγαθὰς.
632 2711 678 2738 καὶ
692 2709 921 2746 εὐφρανθήσεσθε,

132 2759 179 2786 καὶ
205 2759 257 2794 τὴν
284 2758 413 2793 ἀλήθειαν
436 2759 483 2785 καὶ
513 2759 562 2793 τὴν
593 2757 704 2793 εἰρήνην
728 2757 920 2791 ἀγαπήσατε.ι

137 2804 246 2840 Ἐπειδὴ
260 2804 315 2840 γὰρ
335 2805 364 2830 έν
378 2804 434 2835 τοῖς
452 2802 598 2837 ὰνωτέροις
618 2801 757 2837 παρόντων
775 2800 828 2828 τῶν
847 2799 921 2826 ἁλλο-

131 2850 214 2886 τρίων
234 2850 282 2882 οὓς
294 2850 318 2876 οἱ
328 2849 381 2876 τῶν
393 2848 476 2875 ἐθνῶν
488 2847 693 2874 ἀπεστάλκεσαν
709 2846 839 2882 βασιλεῖς,
852 2854 921 2880 παρ-

973 2296 1169 2323 monitionibus
1191 2296 1260 2323 meis
1281 2295 1450 2327 obedientes,
1464 2295 1586 2323 studiose
1601 2302 1649 2323 eas
1665 2295 1760 2322 obser-

971 2342 1081 2375 vabitis,
1094 2342 1229 2377 promissa
1248 2342 1324 2370 vobis
1338 2342 1410 2369 bona
1425 2341 1644 2376 consequemini.

1006 2479 1089 2507 Vens.
1106 2478 1150 2511 I8,
1168 2479 1212 2507 19.
1228 2495 1263 2500 —
1281 2489 1290 2506 ε
1316 2481 1350 2507 Ει
1369 2479 1459 2507 factus
1487 2482 1529 2506 est
1542 2486 1633 2506 sermo
1653 2478 1760 2505 Domini

972 2525 1166 2559 omnipotentis
1192 2525 1225 2552 ad
1246 2533 1289 2552 me
1309 2525 1402 2553 dicens
1429 2534 1435 2552 :
1459 2524 1522 2552 Ilaec
1543 2525 1610 2552 dicit
1627 2523 1760 2551 Dominus

972 2575 1159 2605 omnipotens;
1171 2569 1308 2604 Jejunium
1321 2570 1422 2605 quarti,
1435 2574 1462 2597 et
1475 2570 1608 2605 jejunium
1619 2570 1718 2604 quinti,
1734 2575 1761 2598 et

968 2615 1103 2650 jejunium
1115 2615 1235 2649 septimi,
1250 2615 1419 2648 etjejuuium
1436 2614 1534 2642 decimi
1548 2615 1666 2642 eruntin
1680 2614 1761 2642 (lonia

970 2661 1046 2688 Judae
1059 2660 1085 2687 in
1102 2660 1229 2695 gaudium
1241 2664 1267 2687 et
1280 2660 1398 2687 lietitiam
1418 2663 1444 2688 et
1462 2660 1547 2687 bonas
1561 2661 1761 2694 solemuitatee;

971 2710 999 2734 et
1022 2705 1230 2737 Iazlabimini,et
1250 2706 1392 2732 veritatem
1415 2713 1565 2741 pacemque
1587 2705 1715 2741 diligetis.
1748 2715 1758 2732 I

972 2752 1040 2786 Quia
1056 2753 1084 2779 in
1104 2751 1301 2786 superioribus,
1329 2755 1442 2786 propter
1461 2751 1675 2786 alienigenarum
1690 2759 1760 2786 prie-

975 2798 1090 2826 sentiam
1099 2804 1168 2832 quos
1180 2797 1300 2832 gentiqu
1318 2804 1396 2831 rcges
1412 2797 1552 2828 miserant.
1568 2797 1761 2831 reprobavi-rat

976 2843 1047 2872 Deus
1061 2843 1207 2878 jejunium,
1228 2846 1255 2870 ct
1274 2849 1305 2870 ea
1330 2850 1412 2877 opera
1429 2842 1616 2875 substituerat,
1631 2850 1691 2878 quae
1703 2841 1760 2868 ﬁeri
