1983 3072
130 169 184 198 δῶ

458 233 535 260 ΚΕΦ.
554 232 594 260 8'.

166 279 244 316 Ξτίχ.
258 279 328 307 α’-Βκ
341 294 377 302 -—-
388 289 399 306 ι
407 279 509 315 Λῆμμα
520 279 599 314 λόγου
608 278 708 315 Κυρίου
721 280 751 305 ὲν
765 280 800 315 γῇ
808 279 915 314 Ἑδράχ·

129 326 178 353 καὶ
188 325 335 361 Δαμασκδς
347 325 427 352 θυσία
443 324 542 352 αὑτοῦ·
568 324 635 352 διότι
649 324 751 359 Κύριος
771 325 856 360 ἐφορᾷ
871 324 918 350 άν-

130 370 260 406 θρώπους
279 371 326 398 καὶ
349 371 439 402 πάσας
458 370 545 406 φυλὰς
559 370 607 396 τοῦ
623 369 741 405 Ἰσραὴλ,
762 369 810 396 καὶ
828 368 916 404 amas

129 416 161 442 ὲν
174 417 232 447 τοῖς
245 416 329 451 ὁρίοις
347 415 441 451 αὐτῆς.
454 425 463 441 ι
483 415 657 451 Δαμασκηνοὶ
678 415 727 450 μὲν
741 415 805 449 γὰρ,
823 414 915 449 φησὶν,

128 462 158 489 οἶ
171 471 202 489 τε
221 463 272 497 τῆς
297 462 395 498 Ἐδράχ
412 462 460 488 καὶ
481 461 530 496 τῆς
548 461 644 497 Ἐμὰθ,
664 461 731 497 μετὰ
747 460 846 495 πολλῆς
867 461 916 496 τῆς

130 509 250 544 σπουδῆς
269 508 435 545 προσάξουσι
454 508 493 544 τῷ
505 508 565 543 Θεῷ
582 509 677 539 Θυσίας
689 509 727 540 ὡς
747 508 780 535 ἂν
793 508 915 544 Δεσπότῃ

127 554 176 582 τοῦ
193 555 304 588 παντὸς,
329 555 367 589 (p.
385 554 448 589 492)
465 554 514 593 καί
534 554 583 589 μὲν
602 553 760 589 ἀνθρώπους
784 553 914 588 ὲφορῶντι

126 600 167 632 ὡς
186 599 220 627 ἂν
236 599 305 635 ἔργα
318 609 347 627 τε
365 600 411 626 καὶ
428 601 535 631 οἰκέτας
553 600 645 631 ἰδίους.
664 599 800 635 ἐξαίρετον
821 599 850 625 δὲ
870 599 915 626 νέα

129 653 210 680 μοντι
221 647 271 681 τὴν
281 646 442 682 κηδεμονίαν
454 645 493 681 τῷ
509 645 627 681 Ἰσραήλ.
637 654 646 670 ι
661 645 747 680 Τύρος
762 645 809 671 καὶ
818 644 911 677 Σιδὼν,

126 691 169 718 ὅτι
180 691 333 728 ἐφρόνησαν
344 691 445 726 σφόδρα
452 699 460 707 ’
472 691 519 718 καὶ
527 690 682 726 ᾠκοδόμησε
689 690 776 726 Τύρος
783 690 912 726 ὀχύρωμα

126 735 225 771 αὐτῆς,
241 735 290 763 καὶ
304 735 484 772 ἑθησαύρισεν
499 735 630 772 ἀργύριον
647 736 684 767 ὡς
699 734 772 771 χοῦν,
786 735 832 762 καὶ
849 743 913 771 χρυ-

127 781 186 808 »πίον
199 781 238 814 ὡς
249 780 335 816 πηλὸν
350 780 427 818 ὁδιῖξν.
445 781 494 808 Διά
507 781 585 807 τοῦτο
601 781 702 817 Κύριος
715 780 911 817 κληρονομήσει

125 828 237 861 αὐτοὺς,
251 828 299 855 καὶ
311 827 424 861 κατάξει
436 829 476 860 εις
485 827 620 854 Θάλασσαν
634 827 683 863 τὴν
693 827 806 863 δύναμιν
816 828 910 863 αὐτῆς,

124 873 174 900 καὶ
190 873 259 908 αὑτὴ
275 874 304 901 ὲν
322 873 390 909 πυρὶ
407 873 672 908 καταναλωθήσεται.
684 882 694 899 ι
713 873 806 909 Τύριοι
820 873 910 908 μέντοι

125 919 174 947 καὶ
186 919 307 947 Σιδώνιοι
326 919 419 956 laetari}
438 919 548 955 μεγάλῳ
570 920 736 956 χρησάμενοι
756 919 795 955 τῷ
809 920 910 955 φρονή-
925 919 946 945 Β

126 974 193 1001 ματι
202 964 342 1002 ὑπερεῖδον
354 967 404 1002 τῆς
416 966 484 1001 ἐμῆς
503 965 660 1001 θεραπείας,
677 966 724 992 καὶ
737 966 833 1001 ἀρκεῖν
846 967 910 992 ἑαυσ

123 1012 181 1043 τοῖς
191 1011 351 1048 νομίσαντες
365 1012 413 1047 τῆς
428 1011 482 1038 τῶν
492 1012 589 1047 τειχῶν
604 1012 807 1047 ὲπεμελήσαντο
821 1011 910 1046 ἀσφα-

123 1057 210 1090 λείας,
219 1057 320 1093 χρυσόν
332 1065 363 1084 τε
377 1058 424 1084 καὶ
439 1057 558 1093 ἄργυρον
574 1056 659 1092 πηλοῦ
676 1057 752 1090 δίκην
766 1056 909 1091 ἀθροίσαν-

123 1114 179 1138 τες,
195 1105 325 1142 ἀνάλογον
340 1105 390 1142 τῆς
403 1106 529 1137 ἀπονοίας
543 1105 593 1140 τῆς
606 1107 709 1138 οἰκείας
726 1105 845 1138 δέξονται
860 1107 909 1141 τὴν

121 1152 272 1187 τιμωρίαν·
301 1152 430 1188 κτήσεται
446 1151 501 1187 γὰρ
523 1151 621 1183 αὐτοὺς
634 1152 649 1178 ὁ
667 1151 734 1183 Θεὸς
754 1151 801 1178 καὶ
816 1161 910 1179 ταπει-

122 1198 205 1225 νώσει
220 1197 324 1230 πάντας
337 1198 444 1230 αὐτοὺς,
460 1197 574 1232 ἐγγύθεν
590 1197 657 1232 οὔσῃ
671 1198 702 1231 τῇ
720 1197 843 1234 θαλάσσῃ
855 1199 909 1224 πᾶ-

61 1238 73 1246 ⁹
124 1250 175 1270 σαν
189 1242 278 1270 αὐτῶν
293 1242 408 1278 δύναμιν
422 1242 559 1278 παραδούς
569 1250 576 1257 ·
596 1241 672 1269 ἔσται
687 1242 715 1269 δὲ
736 1242 805 1277 αὑτὴ
825 1243 909 1279 πυρὸς

121 1289 203 1323 ἔργον
219 1288 252 1315 ὲκ
262 1287 317 1315 τῶν
332 1288 461 1315 ἐπιόντων
476 1288 544 1323 αὐτῇ
563 1288 708 1323 πολεμίων.
737 1288 830 1315 Ταῦτα
845 1290 909 1325 περὶ

120 1333 212 1370 Τύρου
227 1342 256 1362 τε
269 1334 317 1361 καὶ
329 1333 444 1366 Σιδῶνος
458 1333 552 1367 είπὼν,
566 1334 678 1368 ἐπάγει·

156 1380 232 1416 Στίχ.
246 1379 314 1412 ε’-ζ’.
335 1395 371 1402 -
390 1389 402 1406 ί
417 1379 530 1414 ὐψεται
547 1379 697 1412 Ἀσκάλων,
723 1381 771 1407 καὶ
789 1381 909 1417 φοϐηθή‹

122 1433 196 1453 σεται
205 1434 213 1441 ·
231 1426 278 1453 καὶ
296 1424 380 1458 Γάζα,
391 1425 437 1452 καὶ
450 1425 642 1460 ὀδυνηθήσεται
655 1425 757 1462 σφόδρα
767 1433 774 1441 ·
788 1427 835 1453 καὶ
849 1427 909 1454 Ἀκ-

120 1471 224 1506 κάρων.
237 1471 278 1498 δτι
294 1469 467 1507 κατῃσχύνθη
478 1470 524 1496 ἐπὶ
537 1470 576 1505 τῷ
590 1470 791 1506 παραπτώματι
802 1471 887 1506 αὐτῆς
900 1492 906 1498 .

121 1514 168 1542 καὶ
180 1515 321 1543 ἀπολεῖται
333 1515 458 1551 βασιλεὺς
470 1516 502 1542 ὲκ
510 1515 599 1551 Γάζης
607 1524 614 1531 ”
628 1517 673 1542 καὶ
680 1517 818 1544 Ἀσκάλων
828 1517 858 1544 οὐ
871 1518 908 1554 μὴ

118 1561 268 1598 κατοικηθῇ
278 1571 286 1578 ·
299 1562 346 1589 καὶ
355 1563 560 1598 κατοικήσουσιν
571 1563 723 1597 ἁλλογενεῖς
738 1563 766 1589 ὲν
782 1563 890 1599 Ἀζώτῳ
898 1573 906 1579 ·

119 1607 167 1635 καὶ
173 1607 282 1636 καθελῶ
295 1607 374 1644 ὓϐριν
381 1601 550 1643 ἆλλοφύλων,
566 1609 613 1635 καὶ
627 1608 716 1644 ἐξαρῶ
729 1609 760 1635 τὸ
777 1607 846 1644 αἷμα
859 1610 906 1636 αὑ-

117 1653 183 1687 τῶν,
194 1653 243 1681 καὶ
257 1653 292 1680 τὰ
307 1653 476 1690 βδελύγματα
487 1654 575 1681 αὐτῶν
587 1655 619 1681 ὲκ
635 1651 720 1689 μέσου
729 1655 843 1682 ὀδόντων
857 1656 906 1682 αὑ-

117 1699 188 1726 τῶν·
207 1699 255 1726 καὶ
271 1699 512 1737 ὑπολειφθήσονται
529 1699 576 1726 καὶ
594 1697 666 1726 οὗτοι
684 1699 723 1736 τῷ
737 1700 797 1735 Θεῷ
810 1702 904 1736 ἡμῶν·

118 1745 166 1772 καὶ
177 1744 284 1773 ἔσονται
294 1745 332 1778 ὠς
345 1745 483 1782 χιλίαρχος
497 1747 525 1773 ὲν
540 1745 578 1781 τῷ
594 1746 689 1781 Ἰούδᾳ,
706 1747 751 1773 καὶ
765 1747 905 1782 Ἀκκάρων

116 1790 156 1823 ὥς
173 1790 346 1824 Ἰεϐουσαῖος,
357 1801 367 1818 ι
383 1791 511 1818 Βούλεται
530 1792 577 1827 μὲν
594 1793 680 1819 εἰπεῖν
694 1793 734 1819 ὃτι
749 1794 811 1825 τοὺς
827 1793 905 1820 ἀλλο-

118 1837 218 1872 φύλους
232 1836 370 1871 ἐκδέξεται
383 1837 502 1874 τιμωρία
519 1838 646 1873 μεγίστη,
665 1839 702 1873 (p.
712 1838 773 1874 495)
786 1839 904 1875 παραλε-

117 1883 244 1915 λοιπύτας
259 1883 292 1919 δὴ
309 1883 359 1919 τὴν
378 1883 442 1919 περὶ
461 1883 507 1910 τὸν
524 1881 590 1910 Θεὸν
610 1884 766 1919 θεραπείαν.
783 1885 863 1920 Λέγει
876 1886 905 1912 δὲ

117 1929 187 1958 αὐτὰ
198 1928 327 1964 ποικίλως
340 1928 578 1965 ἀπαριθμούμενος
590 1930 640 1961 τὰς
650 1930 741 1962 πόλεις
750 1939 757 1945 ·
774 1931 814 1958 δτι
829 1931 904 1967 φόϐῳ

120 1975 173 2010 μὲν
193 1974 332 2002 Ἀσκάλων
343 1974 521 2010 ληφθήσεται,
533 1975 560 2001 ὲν
569 1974 675 2006 ὀδύναις
687 1975 720 2002 δὲ’
729 1975 804 2002 ἔσται
819 1976 902 2009 Γάζα,

117 2019 260 2056 Ἀκκάρων
266 2028 296 2046 τε
305 2020 333 2047 ὲν
339 2020 430 2052 αὐτοῖς
436 2020 641 2056 αἰσχυνθήσεται
648 2021 690 2055 ἐφ’
698 2019 738 2053 οἷς
743 2022 760 2056 ἦ
765 2030 848 2057 μαρτε
858 2023 904 2049 καὶ

116 2065 199 2095 δοῦσα
203 2066 290 2102 δίκην·
297 2067 377 2101 ἁφανι
382 2065 430 2101 σθή
434 2074 509 2093 σεται
514 2066 541 2093 δὲ
548 2067 594 2093 καὶ
601 2068 649 2103 τῆς
654 2067 743 2102 Γάζης
748 2069 761 2094 ὸ
767 2067 902 2103 βασιλεὺς,

116 2112 288 2144 ’Δσκάλωνος
301 2111 350 2148 μὲν
365 2112 415 2138 οὐκ
427 2112 586 2148 οἰκουμένης
596 2113 635 2139 ἔτι
645 2121 652 2128 ⁸
661 2112 808 2148 ἀλλοτρίων
817 2114 844 2140 δὲ
854 2114 903 2149 τὴν

119 2158 241 2191 ’Δζωτον
248 2157 403 2184 οἱκούντωνυ
412 2157 531 2185 ταῦταδὲ
538 2158 675 2193 ἐπήγαγεν
682 2159 731 2194 οὐχ
737 2159 778 2186 ὅτι
787 2159 844 2185 τόδε
853 2159 903 2195 μὲν

117 2203 246 2240 intatae
257 2203 284 2230 δὴ
300 2203 330 2230 οὔ
343 2201 413 2231 ὀἷον
429 2204 515 2230 εἰπεῖν
532 2204 552 2230 Γ
552 2203 605 2241 άξῃ
623 2205 693 2237 τόδε,
711 2206 757 2232 καὶ
772 2206 830 2233 τάδε
847 2203 902 2233 οἷον

595 170 868 201 (λουιιΕΝτΑωοε
882 173 916 201 ΙΝ
935 172 1121 202 IACHARIE
1141 173 1217 201 CAP.
1232 173 1274 201 1X.

1700 173 1752 200 ειη

1291 240 1366 269 CAP.
1384 240 1431 268 1x.
1699 269 1703 272 .

1003 287 1085 322 329
1100 287 1184 315 Vens.
1200 287 1258 314 1-4.
1273 287 1487 322 -ιΑδειιιηριῑο
1501 286 1577 315 verbi
1599 286 1705 314 Domini
1722 294 1746 314 ιιι

968 337 1039 361 terra
1048 334 1164 361 Edrach.
1173 334 1206 361 Et
1217 333 1366 361 Damascus
1372 333 1533 361 sacriﬁcium
1542 334 1612 368 ejus.
1619 333 1687 367 Quia
1696 333 1734 360 Do

967 380 1058 407 minus
1067 379 1175 415 inspicit
1187 380 1310 407 homines
1318 383 1444 407 etomnes
1454 380 1540 406 tribus
1548 379 1750 415 lsraelis,atque

967 424 1064 452 Emth
1076 426 1103 453 in
1114 425 1213 453 ﬁnibus
1224 425 1295 461 ejus.
1316 434 1325 450 ι
1341 424 1501 452 Damasceni
1512 425 1631 460 quidem,
1647 425 1748 460 inquit.

966 474 993 497 et
1009 471 1117 498 Edrach
1133 471 1229 499 incolae
1245 475 1327 506 atque
1355 469 1464 502 Emath,
1481 471 1566 497 multo
1580 477 1640 497 cum
1657 470 1748 498 studio

966 516 1021 544 Deo
1047 517 1183 545 sacriﬁcia
1206 521 1343 546 autument
1369 524 1419 546 ceu
1440 517 1561 544 omnium
1575 515 1699 550 Domino,
1721 522 1748 545 et

965 562 1089 591 homines
1102 564 1251 598 speculanti
1265 571 1314 592 ceu
1326 571 1409 599 opera
1431 563 1603 598 famulosque
1615 571 1689 592 suos.
1700 570 1748 597 pe-

964 609 1061 636 culiari
1074 615 1138 637 vero
1150 610 1276 637 lsraelem
1290 609 1460 645 providentia
1471 610 1568 646 tuenti.
1588 618 1598 635 ‹
1617 608 1706 644 Tyrus
1716 617 1748 636 ac

955 653 1059 687 -Sidon,
1074 655 1201 689 quoniam
1222 655 1357 690 sapientes
1386 655 1496 683 fuerunt
1518 654 1611 682 nimis.
1637 653 1668 682 Et
1683 654 1748 682 acdi-

964 699 1054 727 ﬁcavit
1067 699 1156 735 Tyrus
1173 700 1338 728 munitiones
1362 708 1438 733 suas,
1448 705 1475 728 et
1491 699 1687 728 thesaurizavit
1702 707 1746 727 ar-

962 750 1071 780 gentum
1086 751 1116 773 ut
1130 747 1278 782 pulverem,
1295 750 1322 774 et
1333 754 1428 774 aurum
1439 747 1511 774 sicut
1525 747 1612 775 lutum
1628 747 1746 776 viarum.

961 791 1106 828 Propterea
1122 792 1252 820 Dominus
1277 793 1426 828 possidebit
1453 800 1512 825 eos.
1526 797 1554 821 et
1572 793 1696 821 detrahet
1717 793 1747 820 in

961 845 1036 865 mare
1047 837 1233 865 fortitudinem
1247 838 1322 873 ejus.
1334 842 1361 865 et
1375 839 1434 873 ipsa
1452 838 1514 873 igne
1529 843 1715 867 consumetur.
1734 849 1743 864 ι

961 882 1035 919 Tyrii
1053 883 1161 919 quidem
1182 888 1263 920 atque
1282 885 1399 917 Sidonii,
1421 885 1485 920 quia
1501 892 1600 920 magna
1618 886 1746 920 superbia

961 929 1023 957 elati
1036 929 1138 957 cultum
1154 938 1242 957 meum
1252 934 1488 966 contempserunt,
1503 931 1610 966 sibique
1622 931 1747 959 sufﬁcere

961 978 1096 1010 putantes,
1126 982 1266 1002 murorum
1288 975 1462 1003 securitatem
1485 980 1677 1010 procurarunt,
1697 984 1745 1002 au-

960 1006 1075 1054 runﬁue
1102 1024 1130 1047 et
1159 1025 1301 1055 argentum
1328 1020 1377 1047 luti
1415 1021 1504 1049 instar
1537 1026 1743 1054 eoacervarunt.

959 1064 1068 1100 dignam
1096 1065 1202 1092 insania
1231 1073 1280 1093 sua
1311 1073 1419 1101 poenam
1440 1066 1569 1094 referent.
1595 1067 1745 1103 Occupabi.

959 1110 1031 1137 enim
1043 1117 1090 1137 eos
1107 1110 1247 1142 Dominus,
1260 1119 1410 1147 omnesque
1436 1112 1599 1146 humiliabit,
1616 1119 1743 1141 cunctam

958 1155 1066 1183 illorum
1093 1156 1274 1184 substantiam
1301 1159 1454 1193 propinquo
1478 1160 1545 1186 mari
1566 1161 1742 1188 contradens.

959 1199 1018 1235 lpsa
1034 1208 1098 1228 vero
1122 1202 1211 1236 (urbs)
1232 1203 1303 1238 ignis
1315 1204 1465 1238 prrrda'ﬁet
1477 1205 1512 1232 ab
1525 1205 1693 1234 irruentibus
1715 1206 1743 1233 in

958 1253 1018 1273 eam
1045 1247 1179 1275 hostibus.
1211 1247 1258 1276 His
1276 1249 1310 1276 de
1325 1248 1400 1284 Tyro
1420 1254 1503 1285 atque
1529 1250 1631 1279 Sidone
1648 1252 1741 1283 dictis,

959 1292 1149 1327 prosequitur:

993 1382 1078 1411 Vitas.
1090 1383 1149 1412 5-7.
1165 1399 1200 1405 —
1219 1392 1228 1411 ι
1245 1384 1355 1413 Videbit
1379 1386 1510 1420 Ascalon.
1526 1393 1554 1418 et
1574 1390 1699 1422 timebit;
1716 1397 1743 1419 ct

957 1429 1041 1460 Gaza,
1052 1432 1079 1455 et
1093 1429 1197 1456 dolebit
1222 1430 1321 1465 nimis;
1338 1435 1365 1458 et
1378 1431 1511 1465 Accaron,
1525 1435 1655 1469 quoniam
1677 1442 1744 1462 con-

959 1474 1018 1501 fusa
1031 1477 1072 1502 est
1087 1482 1169 1510 super
1186 1476 1263 1504 ruina
1279 1484 1328 1504 sua
1356 1486 1362 1503 :
1378 1482 1405 1505 et
1428 1479 1527 1511 peribit
1544 1487 1589 1507 rex
1605 1481 1639 1508 de
1658 1481 1742 1512 Gaza.

946 1524 984 1547 'el
997 1520 1114 1548 Ascalon
1129 1529 1183 1548 non
1200 1522 1383 1558 habitabitur;
1398 1528 1425 1551 et
1440 1525 1600 1553 habitabunt
1614 1526 1743 1561 alienige-

957 1575 1000 1594 nae
1015 1567 1043 1595 in
1059 1569 1154 1596 Azoto.
1172 1568 1206 1596 Et
1220 1569 1359 1598 destruam
1376 1572 1502 1606 iniuriam
1518 1573 1741 1609 alienigenarum,

956 1618 984 1641 et
1010 1613 1130 1642 auferam
1150 1616 1309 1651 sanguinein
1333 1625 1427 1644 eorum
1453 1618 1487 1646 de
1508 1627 1555 1646 ore
1570 1619 1701 1655 ipsorum,
1715 1626 1743 1648 et

957 1659 1175 1688 abominationes
1198 1668 1291 1688 eorum
1305 1661 1339 1689 de
1354 1662 1443 1690 medio
1457 1663 1578 1691 dentium
1607 1664 1740 1699 ipsorum.

956 1703 989 1731 Et
1009 1705 1197 1740 relinquentur
1209 1709 1236 1734 et
1265 1706 1311 1734 isti
1348 1707 1402 1736 Deo
1417 1713 1532 1744 nostro;
1563 1715 1590 1739 et
1603 1715 1685 1740 erunt
1712 1717 1743 1740 ut

956 1750 1083 1778 tribunus
1096 1751 1123 1778 in
1136 1751 1216 1784 Juda,
1231 1757 1258 1780 et
1282 1753 1404 1781 Accaron
1417 1755 1649 1785 sicntJebusams.
1670 1767 1679 1784 ι
1696 1756 1742 1786 Di-

956 1803 1018 1823 cere
1033 1796 1092 1823 vult
1109 1796 1168 1824 l‘ore
1189 1803 1218 1825 ut
1243 1798 1409 1834 alienigenas
1427 1808 1508 1835 paena
1519 1803 1636 1830 maxima
1655 1805 1742 1831 corri—

956 1841 1022 1875 piat,
1037 1841 1118 1877 330
1132 1842 1196 1877 quia
1210 1843 1337 1871 nimirum
1350 1843 1397 1872 Dei
1407 1846 1509 1873 cultum
1527 1847 1739 1883 dereliquerant.

957 1884 1036 1913 Varie
1046 1890 1137 1914 autem
1150 1895 1245 1922 prunas
1256 1888 1319 1916 illas
1329 1891 1451 1925 exponit,
1462 1892 1544 1920 urbes
1556 1901 1718 1923 enumerans
1731 1904 1739 1922 ι

955 1939 1051 1967 nempe
1062 1932 1134 1967 quod
1150 1930 1273 1961 Ascalon‘
1294 1935 1392 1963 timore
1402 1938 1590 1972 occupabitur,
1609 1939 1679 1967 Gaza
1690 1941 1740 1968 do-

954 1976 1033 2008 lebit.
1052 1976 1219 2005 Accaronem
1238 1979 1301 2007 item
1333 1981 1455 2016 pudebit,
1484 1983 1548 2010 dum
1564 1989 1738 2019 peccatorum

954 2029 1065 2050 suorum
1081 2031 1176 2058 pmnas
1189 2024 1246 2051 luet
1264 2034 1271 2052 :
1293 2026 1358 2060 quin
1375 2031 1402 2054 et
1421 2027 1499 2055 Gazae
1514 2037 1560 2056 rex
1574 2031 1737 2064 deponatur.

954 2071 981 2093 et
995 2066 1110 2095 Azotum
1128 2068 1249 2096 incolent
1271 2071 1403 2099 extranei.
1431 2071 1494 2100 Haec
1511 2078 1601 2102 autem
1614 2076 1738 2103 elocutus

938 2111 1006 2145 'est,
1023 2121 1076 2140 non
1092 2114 1157 2149 quia
1173 2115 1225 2143 hoc
1244 2116 1354 2151 quidem
1381 2117 1503 2146 futurum
1521 2125 1603 2149 esset.
1621 2125 1649 2149 et
1664 2122 1737 2149 aliud

953 2166 1033 2185 secus
1049 2167 1056 2185 :
1070 2159 1147 2194 quasi
1161 2160 1232 2188 dicat
1245 2161 1324 2189 Gazae.
1347 2162 1408 2195 hoc,
1430 2163 1495 2191 illud
1514 2173 1576 2192 vero
1592 2166 1736 2202 Ascaloni;

953 2203 1000 2230 sed
1018 2203 1158 2232 idiotismo
1175 2212 1237 2237 suo.
1256 2205 1328 2240 quod
1343 2213 1487 2235 commune
1501 2213 1543 2235 est
1562 2209 1670 2237 divisim
1694 2211 1737 2237 di-

116 2249 205 2276 ιίπεῑν
221 2248 380 2280 Ἅσκάλωνι,
394 2248 461 2276 ἀλλὰ
474 2249 545 2276 κατὰ
559 2250 589 2275 τὸ
598 2250 696 2277 οἰκεῖον
712 2250 809 2286 ἰδίωμα
821 2251 850 2277 ἐν
867 2253 900 2287 τῇ

957 2249 1000 2279 cit.
1016 2256 1113 2284 nempe
1124 2249 1196 2285 quod
1212 2258 1292 2278 casus
1315 2251 1469 2286 Itujusmodi
1484 2255 1590 2282 cunctis
1613 2256 1736 2283 evenient

116 2293 249 2330 διαιρέσει
263 2293 293 2321 τὸ
300 2294 387 2321 κοινὸν
394 2294 488 2327 εἰπὼν,
499 2294 539 2321 ὅτι
546 2295 634 2323 ταῦτα
643 2296 706 2331 περὶ
716 2296 819 2328 πάντας
826 2296 901 2324 ἔσται

117 2339 182 2372 τοὺς
204 2338 377 2373 ἀλλοφύλους.
397 2339 478 2367 Ὅθεν
496 2341 565 2375 μετὰ
582 2341 630 2376 τὴν
653 2341 838 2378 ἀπαρίθμησιν
852 2343 901 2369 ἑπ-

118 2385 192 2419 άγιι,
209 2395 220 2411 ι
234 2385 290 2412 Καὶ
306 2384 412 2412 καθελῶ
425 2385 502 2422 ὕϐριν
513 2385 677 2420 ἀλλοφύλων,
691 2396 700 2412 ι
717 2387 759 2414 ἴνα
769 2387 831 2425 εἴπῃ
849 2388 900 2420 ὅτι,

123 2429 211 2466 Ὑπὶρ
233 2430 325 2466 πάσης
342 2431 441 2463 αὐτοὺς
457 2431 647 2467 τιμωρήσομαι
663 2432 712 2468 τῆς
742 2433 900 2468 παροινίας·

117 2475 310 2512 τιμωρήσομαι
318 2475 416 2508 αὐτοῦς
426 2476 556 2512 ἀνάλογον
571 2476 611 2509 οἷς
623 2477 732 2513 ἐξέχεαν
743 2479 838 2512 αἵμασι
848 2479 902 2506 τῶν

123 2519 308 2557 Ἰσραηλιτῶν.
323 2519 364 2548 ﬁt
387 2520 562 2555 συγκαθελὼν
581 2522 672 2552 αὐτοῖς
687 2522 734 2548 καὶ
751 2523 784 2549 τὰ
806 2522 902 2550 εἴδωλα

119 2566 218 2599 πάντα,
229 2566 248 2594 ἃ
257 2566 290 2603 δὴ
302 2565 462 2603 Θρησκεύειν
475 2567 584 2595 ἐδόκουν
593 2576 600 2583 ·
618 2567 688 2595 ὥστε
700 2569 732 2595 ὲκ
742 2569 793 2603 τῆς
805 2569 902 2603 ἐπαγο-

119 2611 204 2648 μένικ
218 2613 310 2644 αὐτοῖς
323 2612 466 2648 τιμωρίας,
483 2613 595 2645 πολλοὺς
612 2614 658 2640 καὶ
669 2614 771 2640 τούτων
785 2613 901 2649 ληφθέν-

118 2666 167 2691 τας
230 2657 285 2686 δίει
297 2658 352 2686 τῶν
369 2658 529 2693 γινομένων,
544 2660 591 2686 ὲπὶ
609 2660 659 2694 τὴν
676 2660 723 2686 τοῦ
738 2659 807 2687 Θεοῦ
820 2669 902 2687 κατα-

119 2704 216 2740 φυγεῖν
223 2704 361 2740 λατρείαν,
366 2703 395 2732 ὀῖ
407 2702 550 2740 μεθ’ἠμῶν
558 2704 658 2741 άριθμή
663 2714 751 2733 σονται
760 2706 900 2742 χιλιάρχου

117 2748 190 2782 τινὸς
199 2748 343 2785 ἐπέχοντες
353 2749 440 2782 τάξιν.
459 2749 553 2782 ϋῠτως
568 2750 681 2782 ἑαυτοὺς
701 2750 750 2785 τῆς
765 2751 901 2787 ἡμετέρας

119 2794 303 2833 ἐργασάμενοι
320 2795 430 2831 μερίδος
442 2802 450 2810 ·
468 2796 700 2832 περισωθήσονται
712 2797 742 2824 δὲ
756 2798 804 2832 οὐχ
821 2796 901 2834 ἦττον

119 2832 166 2867 τοῦ
199 2835 353 2867 ιεσουσαίου
375 2840 422 2867 καὶ
444 2842 468 2868 oi
487 2840 517 2874 ἐξ
536 2842 677 2878 Ἀκκάρων
701 2843 830 2870 τοιοῦτοι·
854 2844 901 2871 καὶ

120 2885 174 2922 γὰρ
186 2884 329 2913 κάνταῦθα
343 2885 396 2912 ἀπὸ
416 2886 464 2921 τῆς
484 2888 591 2923 μνήμης
609 2888 658 2924 τῆς
680 2888 820 2924 Ἀκκάρων
839 2890 900 2921 τοὺς

265 2933 405 2962 ιἈτιοι.
424 2932 482 2963 lla.
500 2934 604 2964 LXVI.

952 2294 1121 2329 alienigenis.
1138 2295 1200 2323 Ideo
1224 2302 1284 2331 post
1301 2297 1374 2324 illam
1389 2300 1620 2328 enumerationem
1636 2301 1706 2327 :Iddil
1728 2310 1734 2327 :

954 2349 963 2365 ι
978 2340 1010 2367 Et
1027 2341 1167 2369 destruam
1190 2342 1318 2377 injuriam
1345 2344 1575 2379 alienigenarum;
1604 2355 1614 2372 ι
1641 2346 1667 2374 id
1683 2352 1736 2378 est.

952 2385 1060 2413 illorum
1075 2394 1182 2415 onmem
1204 2389 1321 2417 ulciscar
1343 2391 1493 2418 vesaniam.
1510 2390 1623 2418 Puniam
1645 2398 1734 2419 autem

952 2431 1013 2459 illos
1023 2439 1102 2467 poena
1121 2433 1202 2468 digna
1232 2435 1267 2461 ob
1280 2434 1395 2462 eﬂ'usum
1424 2435 1606 2463 lsraelilarum
1625 2438 1736 2472 sangui-

951 2484 1030 2510 nem;
1063 2478 1134 2505 idola
1163 2479 1244 2506 simul
1281 2481 1374 2507 omnia
1402 2481 1557 2513 destruens,
1581 2489 1642 2517 qua
1683 2483 1734 2518 ipsi

952 2522 1068 2550 adorare
1096 2523 1268 2551 videbantur.
1298 2527 1386 2560 Atque
1420 2518 1459 2553 ita.
1481 2534 1513 2554 ex
1539 2527 1641 2555 inﬂicto
1666 2528 1734 2563 Ipsis

952 2568 1094 2602 supplicio,
1109 2570 1188 2596 multi
1212 2577 1245 2596 ex
1267 2570 1311 2597 his
1328 2572 1425 2598 timore
1441 2577 1586 2600 eventuum
1605 2574 1733 2609 correpti,

952 2613 984 2640 ad
996 2612 1041 2640 Dei
1059 2613 1162 2640 cultum
1180 2614 1357 2650 confugient;
1375 2617 1421 2650 qui
1433 2618 1574 2644 vobiscum
1585 2625 1735 2646 commme-

952 2661 1095 2693 rabnntur,
1114 2661 1216 2688 tribuni
1239 2661 1440 2696 quodammodo
1457 2663 1579 2690 ordinem
1601 2668 1733 2697 tenentes.

951 2707 1014 2734 dum
1043 2714 1074 2733 se
1088 2707 1120 2734 ad
1137 2712 1241 2734 vestras
1259 2711 1349 2741 partes
1368 2708 1529 2744 adjungunt.
1558 2709 1630 2737 Salvi
1644 2715 1733 2738 autem

952 2753 1027 2784 ﬁent,
1052 2752 1124 2779 haud
1153 2760 1233 2780 secus
1261 2760 1342 2788 quam
1367 2752 1642 2791 Jebusaeus;quippe
1665 2761 1691 2784 et
1707 2757 1733 2784 hi

951 2798 1101 2826 Accaronis
1117 2798 1201 2825 cives.
1226 2797 1293 2825 Nam
1321 2799 1366 2827 hic
1394 2800 1486 2832 etiam,
1523 2807 1733 2829 commemorata

951 2844 1101 2877 Accarone,
1115 2844 1236 2879 quinque
1258 2845 1439 2880 satrapiarum
1457 2846 1580 2875 homines
1601 2848 1633 2874 ad
1647 2848 1732 2882 pieta-

952 2893 1005 2917 tem
1028 2897 1176 2919 conversos
1202 2890 1293 2919 dicere
1319 2892 1391 2926 vult;
1423 2893 1589 2929 significans.
1615 2893 1673 2921 fme
1701 2897 1730 2921 ut
