1969 3069
221 162 274 189 555

805 158 978 189 THEODORI
997 158 1238 188 MOPSUESTEM

1759 162 1763 166 '
1786 159 1838 188 σεο

223 219 371 246 Israelitico
391 217 490 253 populo
516 224 756 249 conuumeremm.
776 223 857 251 atque
876 217 913 243 ila
939 216 1006 243 salvi

1059 217 1091 243 ἐκ
1111 216 1167 242 τῶν
1190 217 1270 243 πέντε
1292 216 1463 252 σατραπειῶν
1479 215 1626 248 νεύσαντας
1639 215 1706 252 πρὸς
1726 215 1757 243 τὸ
1774 216 1846 243 δέον.

222 266 297 296 ﬁant.
328 264 479 291 imminenti
508 271 594 298 pmna‘
619 263 772 294 subtracti,
789 262 946 298 quicunque
972 269 1005 289 ex

222 312 290 347 ipsis
305 311 369 338 lacti
385 311 454 347 frugi
471 310 505 338 ad
527 313 628 338 rectam
645 310 706 336 vita:
720 309 853 336 rationem
867 313 1008 343 spectave-

221 357 284 384 rint.

257 447 327 473 Vens
351 446 428 473 8-l0.
449 462 482 466 —
495 455 503 471 ι
526 445 558 472 Et
575 445 709 481 prrestaho
727 444 819 472 domui
839 451 905 471 mea:
918 444 1008 471 eleva-

227 494 339 524 tionem,
354 493 501 527 quominus
517 492 545 519 in
573 500 604 518 ea
633 492 679 518 liat
697 499 795 518 cursus
819 495 846 517 et
859 497 1008 517 recursus’:

221 546 309 573 neque
324 538 497 572 superveniet
508 538 548 565 eis
562 537 631 564 ultra
646 538 769 569 abactor,
782 537 845 571 quia
863 543 936 564 nunc
949 535 1008 563 villi

221 584 308 611 oculis
324 583 403 610 meis.
426 592 436 609 ι
463 581 589 610 Validum
603 581 740 617 quoddam
754 582 853 617 populo
871 589 931 608 meo
947 588 1010 608 sus—

220 630 310 656 citabo
337 629 487 660 auxilium.
525 627 596 663 quod
624 635 718 656 onmes
759 631 903 655 extraneos
931 627 1009 661 longe

221 674 403 705 snbmovehit,
415 682 504 708 neque
521 674 592 701 sinet
604 674 670 701 lines
686 673 860 700 familiarium
885 680 1007 700 meorum

222 720 336 754 ingredi,
352 720 388 746 ita
404 724 431 746 ut
449 719 728 753 nemojaminvadere
740 719 847 751 audeat.
858 726 946 754 neque
965 725 1010 746 re-

220 766 327 800 gionem
340 771 438 792 vexare
462 765 494 792 ad
509 771 550 791 me
566 764 745 799 pertinentem
760 773 768 797 ',
794 763 928 799 siquidem
948 771 1009 790 om-

220 811 287 838 nino
308 809 463 844 prospicere
476 809 510 836 iis
526 809 644 841 decrevi,
655 809 733 843 331
749 813 776 836 et
792 816 850 836 mea
867 809 1010 844 providen-

219 856 259 883 tia
275 855 391 890 dignari.
408 853 475 881 Nam
488 854 579 884 verba.
597 863 607 880 ‹
638 854 730 882 domui
754 862 830 887 meae.
863 863 874 881 ι
893 854 926 882 de
951 859 1008 882 tota

221 901 331 935 regione
345 900 411 927 dicit
426 899 545 931 lsraelis,
563 903 656 934 utpote
679 900 711 926 ad
723 907 753 927 se
768 900 931 934 pertinente.
946 899 1008 926 Mox

221 947 393 973 inanil‘estius
418 946 551 980 pandens,
583 945 663 979 cujus
692 952 774 979 opera
807 945 864 972 haec
888 945 962 976 ﬁent,
981 948 1008 972 et

220 991 346 1026 quisnam
363 998 378 1017 a
396 990 450 1017 Deo
462 991 496 1017 sit
511 991 633 1017 electus:
655 999 664 1014 ι
694 989 807 1020 Laetare.
832 989 929 1024 inquit,
948 991 1006 1016 ila-

220 1043 349 1072 gnopere,
365 1036 417 1063 tilia
435 1037 515 1069 Sion;
531 1036 659 1070 praedica,
671 1036 726 1062 tilia
743 1034 924 1063 Hierusalem.
939 1035 1009 1063 Ecce

222 1090 266 1109 re).
283 1086 346 1108 tuus
363 1081 434 1108 venit
449 1081 496 1107 tibi
507 1081 600 1115 justus
617 1083 644 1108 et
659 1080 768 1108 salvans
782 1089 788 1106 :
805 1079 863 1114 ipse
887 1079 1006 1114 humilis,

219 1132 247 1154 et
271 1128 393 1155 insidens
414 1127 540 1162 jnmento
562 1132 589 1154 et
609 1127 683 1161 pullo
711 1127 828 1154 novello.
846 1126 878 1153 Et
896 1127 1007 1161 perdam

221 1173 367 1208 quadrigas
377 1179 410 1200 ex
425 1171 583 1207 Ephraimo,
599 1176 626 1199 ct
648 1179 748 1207 equum
764 1171 798 1199 de
815 1171 983 1199 Hierusalem
999 1180 1006 1199 :

221 1223 248 1247 et
269 1219 449 1254 dissipabitur
463 1225 543 1246 arcus
562 1218 678 1246 bellicus
695 1226 702 1245 :
719 1218 826 1253 eritque
851 1217 1007 1250 multitudo,

223 1269 249 1292 et
266 1273 316 1300 pax
335 1273 366 1292 ex
382 1264 518 1299 gentibus.
538 1272 548 1290 ι
575 1263 668 1291 Gaude
684 1264 776 1298 igitur,
793 1271 809 1290 ο
826 1263 1007 1294 Hierusalem.

221 1315 298 1338 tanto
317 1318 378 1344 rege
393 1309 441 1336 tibi
457 1309 588 1337 divinitus
617 1310 800 1344 suppeditato,
821 1311 866 1343 qui
897 1308 945 1336 tibi
962 1309 1008 1335 ad-

222 1355 284 1388 erit,
301 1355 406 1382 salvare
419 1359 516 1389 potens
535 1355 664 1390 populum
680 1362 759 1382 suum
772 1355 808 1381 ob
826 1354 937 1381 insitam
955 1354 1007 1382 sibi

223 1401 342 1427 divinam
356 1401 421 1431 vim.
432 1404 459 1427 et
469 1401 652 1428 omnimodam
665 1400 829 1428 adversariis
842 1400 941 1429 inferet
957 1409 1008 1436 pu-

223 1445 377 1471 nitionem:
405 1445 450 1478 qui
480 1444 527 1471 vili
550 1445 658 1479 quidem
689 1445 799 1472 animali
820 1445 930 1478 insidet,
958 1454 1007 1474 ceu

224 1497 310 1524 nuper
324 1490 357 1516 de
373 1489 530 1524 captivitate
547 1497 686 1524 egressus,
708 1489 755 1517 sed
771 1490 883 1517 multam
898 1493 1009 1518 contra-

1059 261 1146 288 εἰπεῖν
1160 261 1307 297 ἠϐουλήθη,
1327 261 1412 296 δηλῶν
1433 262 1473 288 ὅτι
1495 261 1738 297 συναριθμήσονται
1759 270 1789 288 τε
1806 262 1848 297 τῷ

1059 306 1116 342 λαῷ
1135 307 1174 342 τῷ
1203 307 1399 343 Ἰσραηλιτικῴ,
1423 309 1470 334 καὶ
1487 307 1719 343 περισωθήσονται
1743 309 1848 335 ἐκσπα-

1060 353 1169 385 σθέντες
1186 353 1236 388 τῆς
1257 353 1428 388 ἐπαγομένης
1447 354 1538 385 αὐτοῖς
1561 353 1705 389 τιμωρίας,
1727 353 1752 380 οἳ
1772 353 1848 387 ἆνέξ

1059 398 1149 425 αὐτῶν
1166 398 1394 434 σωφρονισθέντες
1403 398 1518 425 νεύσωσι
1533 398 1600 435 πρὸς
1618 398 1648 426 τὸ
1658 399 1726 426 δέον.

1095 445 1168 480 Στίχ.
1181 448 1248 480 ἠ’-ι’.
1260 459 1296 465 ——
1306 454 1314 470 ι
1325 444 1379 471 Καὶ
1389 444 1576 480 ύποστήσομαι
1588 444 1627 480 τῷ
1636 445 1703 479 οἴκῳ
1715 453 1766 480 μου
1780 444 1848 471 ἀνά-

1061 498 1153 525 στημα
1177 490 1224 517 τοῦ
1252 490 1288 525 μὴ
1316 489 1523 525 διαπορεύεσθαι
1551 489 1618 525 μηδέ
1638 490 1842 525 ἀνακάμπτειν·

1061 535 1097 569 (p.
1113 535 1176 569 494)
1192 535 1238 562 καὶ
1253 536 1282 562 οὺ
1296 535 1332 570 μὴ
1346 535 1446 571 ἐπέλθῃ
1463 536 1506 561 ἐπ’
1522 535 1621 566 αὐτοὺς
1631 535 1722 562 οὐκέτι
1736 534 1849 567 ἐξελαύ-

1060 589 1129 612 νων,
1159 578 1225 608 διότι
1251 581 1298 608 νῦν
1324 581 1433 617 ἑώρακα
1455 580 1484 608 ὃν
1509 583 1566 613 τοῖς
1589 580 1735 616 ὀφθαλμοῖς
1760 590 1844 616 μου.»

1067 626 1188 662 ’ἰσχυρὰν
1207 627 1238 662 δή
1264 635 1324 653 τινα
1346 629 1401 659 τοῖς
1422 627 1484 662 ἐμοὶ
1499 627 1680 662 προσήκουσιν
1701 626 1847 662 ἀναστήσω

1060 671 1196 707 βοήθειαν,
1207 672 1224 707 ἢ
1237 672 1340 704 πάντας
1351 673 1414 704 τοὺς
1425 672 1582 707 ἀλλοτρίους
1596 671 1703 707 μακρὰν
1709 670 1846 703 διώξεται,

1060 717 1209 744 ἐπιϐαίνειν
1225 717 1279 744 τῶν
1296 717 1377 753 ὁρίων
1391 718 1440 744 οὐκ
1459 717 1532 744 ἐῶσα
1546 717 1599 744 τῶν
1619 717 1680 752 ἐμοὶ
1692 717 1846 753 προσηκόν-

1060 770 1131 794 των,
1162 762 1200 794 ὡς
1228 763 1295 798 μήτε
1319 763 1426 790 ἐπιέναι
1451 762 1512 789 τινὰ
1547 762 1649 798 τολμᾷν
1685 761 1744 794 ἐτι,
1776 762 1847 797 μήτε

1061 807 1107 833 ἐπὶ
1140 806 1189 842 τὴν
1222 807 1313 842 χώραν
1349 808 1470 834 ἐλαύνειν
1503 807 1552 842 τὴν
1597 807 1660 842 ἐμοὶ
1696 799 1850 842 προσήκουέ

1061 860 1111 878 σαν
1127 859 1134 867 ο
1165 853 1314 888 ἐπειδήπερ
1338 852 1410 886 ams,
1436 853 1536 887 ἐφορςῖν
1561 852 1660 883 αὐτοὺς
1684 851 1847 887 ὲδοκίμασα,

1059 897 1109 932 τῆς
1125 905 1154 924 τε
1168 898 1295 932 προνοίας
1306 897 1397 930 ἀξιοῦν
1410 899 1459 934 τῆς
1475 898 1545 933 ἐμῆς
1555 907 1562 913 ·
1578 898 1609 924 τὸ
1626 898 1680 933 γὰρ
1701 907 1711 923 σ
1722 897 1761 933 τῷ
1778 898 1847 933 οἴκῳ

1060 951 1130 978 μου,
1146 953 1156 969 ι
1183 944 1256 980 πάσῃ
1275 945 1307 979 τῇ
1330 943 1406 980 χώρᾳ
1427 944 1501 979 λέγει
1518 945 1565 972 τοῦ
1586 945 1693 980 Ἰσραὴλ
1713 945 1751 976 ὼς
1771 944 1847 980 αὺτῷ

1059 988 1244 1025 προσηκούσῃ.
1275 988 1339 1016 Εἶτα
1363 990 1411 1016 καὶ
1436 990 1600 1025 σαφέστερον
1621 990 1704 1016 ποιῶν
1729 990 1762 1016 δι’
1784 990 1847 1016 ὅτου

1060 1043 1112 1070 περ
1125 1034 1201 1062 ἔσται
1214 1034 1310 1066 ταῦτα,
1325 1036 1372 1062 καὶ
1386 1035 1429 1066 τις
1449 1036 1462 1061 ὁ
1474 1036 1520 1062 ἐπὶ
1532 1035 1610 1062 τοῦτο
1627 1036 1701 1071 παρὰ
1715 1034 1762 1061 τοῦ
1777 1035 1846 1062 Θεοῦ

1059 1081 1295 1116 προϐεϐλημένοςο
1329 1090 1337 1108 ι
1364 1082 1451 1116 Χαῖρε
1475 1081 1594 1117 σφόδρα,
1623 1081 1740 1116 θύγατερ
1766 1080 1847 1110 Σιὼν,

1058 1127 1190 1162 κήρυσσε,
1207 1127 1325 1162 θύγατερ
1343 1126 1533 1162 Ἰερουσαλήμ·
1559 1127 1613 1154 ἰδοὺ
1630 1127 1644 1152 ὁ
1658 1125 1782 1162 βασιλεύς
1798 1135 1846 1152 σου

1059 1172 1167 1208 ἔρχεταί
1186 1181 1228 1199 σοι
1257 1173 1359 1204 δίκαιος
1383 1173 1431 1199 καὶ
1453 1172 1564 1204 σώζων’
1588 1172 1669 1203 αὐτὸς
1688 1173 1774 1207 πρᾶος
1799 1173 1848 1198 καὶ

1059 1217 1232 1252 ἐπιϐεϐηκὼς
1251 1218 1297 1244 ἐπὶ
1309 1217 1456 1251 ὑποζύγιον
1468 1217 1515 1244 καὶ
1537 1217 1624 1243 πῶλον
1640 1216 1699 1244 νέον
1713 1225 1718 1231 ·
1744 1217 1792 1243 καὶ
1805 1217 1848 1248 ἐξ·

1058 1262 1210 1298 ολοθρεύσω
1222 1262 1332 1298 ἅρματα
1347 1261 1376 1294 ἐξ
1396 1262 1529 1297 Ἐφραίμ,
1543 1263 1589 1288 καὶ
1603 1262 1685 1288 ἵππον
1701 1261 1731 1293 ἐξ
1746 1262 1846 1297 Ἰερου-

1060 1308 1159 1343 σαλὴμ,
1175 1308 1221 1334 καὶ
1245 1307 1498 1343 ἐξολοθρευοήσεται
1513 1307 1587 1339 τόξον
1606 1307 1766 1342 πολεμικόν⁷
1797 1307 1846 1334 καὶ

1057 1353 1170 1388 πλῆθος,
1187 1354 1233 1381 καὶ
1251 1354 1343 1390 εἰρήνη
1361 1353 1391 1386 ἐξ
1409 1353 1501 1380 ἐθνῶν.
1515 1362 1523 1379 ι
1539 1352 1691 1388 Εὐφραίνου
1705 1353 1805 1384 τοίνυν,
1821 1350 1845 1378 ὦ

1064 1399 1252 1435 Ἰερουσαλὴμ,
1270 1399 1389 1427 τοιούτου
1412 1408 1453 1426 σοι
1476 1400 1607 1435 βασιλέως
1628 1399 1704 1435 παρὰ
1717 1399 1762 1425 τοῦ
1778 1399 1846 1425 Θεοῦ

1058 1445 1289 1480 προϐεϐλημένου,
1307 1445 1337 1477 ὃς
1348 1445 1470 1481 παρέστη
1487 1454 1527 1472 σοι
1550 1439 1710 1480 περισώζειν
1725 1453 1753 1470 τε
1767 1444 1846 1471 δυνά-

1060 1499 1141 1526 μενος
1165 1491 1228 1522 τοὺς
1251 1491 1368 1522 οἰκείους
1381 1491 1426 1518 διὰ
1441 1491 1491 1526 τὴν
1506 1491 1658 1526 προσοῦσαν
1681 1490 1756 1526 αὒτῷ
1771 1490 1846 1516 θείαν

223 1536 269 1563 het
292 1535 477 1562 fortitudinem
504 1543 537 1562 ex
569 1535 660 1562 divina
686 1536 730 1562 vi:
758 1535 784 1562 in
799 1540 904 1563 tantum
922 1541 952 1563 ut
973 1544 1006 1564 ex

1060 1535 1156 1571 ῥοπὴν,
1173 1537 1219 1562 καὶ
1233 1537 1322 1562 πᾶσαν
1334 1538 1389 1567 τοῖς
1408 1537 1540 1568 ἐναντίοις
1555 1536 1604 1571 τὴν
1615 1536 1721 1563 δικαίαν
1734 1536 1846 1569 ἐπάγων

223 1581 369 1616 Ιὶριπεὶιηο
391 1585 417 1607 et
448 1580 616 1608 Hierusalem
644 1585 759 1608 cunctos
788 1582 1006 1609 adversariorum

221 1627 412 1654 destrueturus
424 1627 459 1654 sit
472 1634 582 1657 currus.
596 1631 623 1653 et
633 1628 782 1658 equitatum
799 1627 967 1659 universum,
981 1631 1009 1655 et

222 1679 316 1699 arcum
332 1672 470 1700 bellicum.
483 1672 535 1700 Pro
545 1679 577 1699 eo
592 1679 624 1699 ac
640 1672 714 1698 dicat
724 1681 730 1698 :
741 1673 841 1699 Omnes
854 1672 1009 1707 proﬂigahit

223 1718 325 1751 hostes,
341 1721 370 1745 ut
384 1725 463 1746 nemo
491 1717 617 1753 deinceps
632 1717 805 1744 adverSarius
830 1715 948 1744 Judaicae
964 1725 1007 1745 re—

1057 1581 1208 1616 τιμωρίαψ
1227 1581 1256 1613 ὃς
1270 1581 1415 1617 ἐπιϐέϐηκε
1440 1581 1490 1616 μὲν
1506 1582 1550 1608 ἐπ’
1563 1580 1688 1613 εὐτελοῦς
1703 1580 1750 1607 τοῦ
1764 1580 1845 1614 ζώου,

1057 1626 1104 1652 ἅτε
1121 1626 1167 1652 νῦν
1191 1627 1224 1653 ἐκ
1239 1626 1289 1661 τῆς
1312 1627 1499 1661 αἰχμαλωσίας
1522 1625 1726 1662 παραγεγονὼς,
1744 1625 1844 1658 πολλῆς

1056 1671 1085 1698 δὲ
1100 1672 1260 1707 ἐπιλήψεται
1282 1672 1422 1707 δυνάμεως
1436 1672 1480 1698 διὰ
1495 1672 1544 1706 τῆς
1566 1671 1640 1704 θείας
1659 1672 1753 1706 ῥοπῆς.
1771 1671 1842 1697 ὥστε

1057 1717 1111 1744 ἀπό
1123 1726 1154 1744 τε
1169 1717 1214 1744 τοῦ
1236 1717 1355 1752 Ἐφραῒμ
1375 1717 1422 1743 καὶ
1433 1717 1488 1743 ἀπὸ
1500 1717 1551 1752 τῆς
1567 1717 1745 1752 Ἰερουσαλὴμ
1754 1717 1845 1743 πάντα

219 1764 295 1798 gioni
313 1763 443 1798 supersit.
467 1762 580 1795 'Perdet,
609 1763 707 1798 inquit,
735 1770 862 1798 magnum
886 1762 1006 1791 hostium

1061 1763 1111 1799 μὲν
1131 1763 1186 1790 τῶν
1207 1763 1334 1790 ἐναντίων
1355 1762 1484 1797 ἀφανίσαι
1505 1763 1539 1789 τὰ
1566 1763 1687 1798 ἅρματα.
1713 1762 1800 1788 πάντα
1815 1762 1844 1788 δὲ

223 1816 416 1840 numerum,ac
428 1815 495 1843 pace
505 1809 576 1835 omni
590 1809 716 1843 privabit,
728 1808 861 1836 contritos
876 1808 1005 1836 nimirum

1060 1810 1143 1837 ἶππον
1159 1809 1206 1837 καὶ
1219 1810 1274 1836 πᾶν
1285 1808 1361 1841 τόξον
1371 1809 1516 1843 πολεμικόν
1527 1817 1533 1824 ·
1548 1810 1585 1844 (p.
1597 1809 1660 1843 495)
1672 1809 1714 1835 ἶνα
1725 1808 1789 1843 εἴπῃ
1803 1807 1844 1834 ὅτι

221 1862 253 1881 ac
268 1854 388 1889 perditos
406 1854 475 1882 bello
492 1849 565 1888 quod
583 1854 696 1888 ipsemet
712 1857 797 1888 geret.

1059 1856 1164 1887 πάντας
1180 1854 1350 1891 τροπώσεται
1373 1855 1435 1887 τοὺς
1454 1854 1609 1889 πολεμίους,
1625 1854 1663 1886 ὼς
1683 1853 1777 1889 μηδενὶ
1789 1851 1844 1878 τῶν

221 1901 359 1934 ἐναντίων,
373 1900 443 1928 κατὰ
455 1901 490 1928 τὰ
501 1901 551 1936 τῆς
561 1900 651 1936 χώρας
661 1899 731 1927 εἶναι
747 1901 797 1936 τῆς
812 1900 940 1933 Ἰουδαίας
954 1901 994 1929 ἔτι
1003 1911 1010 1918 ·
1037 1903 1147 1938 ἀφανιεῖ
1161 1903 1200 1935 δὲ,
1215 1903 1292 1938 φησὶ,
1316 1903 1364 1929 καὶ
1381 1902 1483 1937 πλῆθος
1504 1901 1570 1928 πολὺ
1583 1902 1638 1928 τῶν
1653 1900 1789 1930 ἐναντίων,
1803 1899 1843 1925 εί-

222 1947 306 1982 ρήνης
334 1946 360 1972 δέ
385 1946 475 1982 πάσης
503 1946 580 1978 ἐκτὸς
603 1946 701 1977 αὐτοὺς
723 1946 906 1981 καταστήσει,
936 1946 985 1974 ἅτε
1010 1948 1233 1984 συντριϐομένους
1257 1956 1287 1975 τε
1311 1948 1358 1975 καὶ
1383 1948 1584 1983 ἀπολλυμένους
1607 1947 1646 1982 τῷ
1671 1946 1736 1982 παρ’
1762 1944 1844 1973 αὑτοῦ

221 1992 343 2027 πολέμῳ.

256 2038 316 2065 Jam
340 2038 414 2072 quod
435 2037 493 2065 haec
521 2037 556 2064 de
581 2036 749 2064 Zorobabele
767 2045 842 2066 nunc
867 2038 1005 2071 dicantur,

222 2085 394 2119 exploratum
411 2087 463 2110 est.
478 2085 603 2110 Attamen
616 2090 667 2117 ego
679 2083 795 2111 miratus
810 2091 871 2111 sum
889 2085 1007 2111 nonnul-
1024 2097 1027 2102 ν

223 2129 274 2159 los.
294 2129 342 2164 qui
356 2128 383 2154 in
407 2126 542 2155 absurdus
559 2127 692 2154 abeuntes
718 2128 874 2162 opiniones,
901 2133 1005 2163 partem

222 2174 331 2208 quidem
343 2173 408 2200 dicti
424 2172 507 2206 hujus
524 2171 559 2198 de
573 2171 742 2199 Zorobabele
755 2172 921 2208 intelligunt,
942 2180 1005 2208 par-

1093 2038 1154 2065 Ὂτι
1178 2037 1226 2072 μὲν
1244 2034 1289 2063 οὖν
1309 2036 1395 2063 ταῦτα
1413 2035 1476 2071 περὶ
1500 2035 1545 2062 τοῦ
1560 2035 1711 2071 Ζοροϐάϐελ
1728 2036 1844 2064 ἐνταῦθα

1057 2084 1174 2118 λέγεται,
1194 2083 1284 2117 δῆλον.
1306 2082 1375 2116 Ἐγὼ
1388 2082 1415 2108 δὲ
1435 2082 1578 2117 ἐθαύμασα
1595 2082 1649 2108 τῶν
1671 2082 1713 2108 ἐπ’
1731 2082 1843 2109 ἀλλοκό-

1055 2138 1118 2161 τους
1138 2128 1313 2165 τρεπομένων
1336 2127 1463 2159 διανοίας,
1478 2128 1526 2154 καὶ
1548 2128 1579 2154 τὸ
1596 2128 1645 2163 μέν
1663 2137 1687 2154 τι
1702 2128 1784 2164 μέρος
1797 2130 1843 2156 ἐπὶ

1055 2173 1102 2200 τοῦ
1120 2173 1272 2209 Ζοροϐάϐελ
1293 2172 1527 2206 ἐκλαμϐανόντων,
1550 2171 1581 2198 τὸ
1601 2172 1628 2198 δὲ
1645 2173 1691 2198 ἐπὶ
1706 2173 1840 2200 Δεσπότου

223 2225 276 2247 tem
294 2224 383 2246 autem
408 2218 442 2246 dc
463 2218 574 2245 Christo
590 2217 708 2244 Domino
724 2226 731 2244 :
748 2218 820 2252 quod
837 2219 911 2245 aliud
936 2218 1004 2246 nihil

1058 2219 1171 2255 Χριστοῦ
1184 2227 1191 2234 ⁶
1212 2212 1280 2254 ὅπερ
1295 2218 1373 2245 οὐθὲν
1392 2218 1482 2253 ἕτερον
1501 2219 1573 2244 ἐστιν
1588 2218 1604 2253 ἢ
1623 2219 1786 2254 μεριζόντων
1801 2219 1841 2254 τῷ

220 2270 275 2298 est,
291 2265 344 2292 nisi
361 2265 432 2292 inter
448 2263 644 2291 Zorohabelem
659 2268 687 2291 et
705 2264 844 2292 Christum
859 2264 1004 2292 Dominum

222 2311 369 2346 prophetiae
385 2309 502 2342 divisio;
516 2317 577 2344 qua:
593 2316 699 2336 summa
720 2309 826 2337 insania
848 2313 900 2337 est.
916 2309 1004 2338 Verus

221 2361 312 2384 autem
336 2356 458 2384 locorum
484 2355 640 2390 hujusmodi
662 2363 760 2382 sensus
784 2355 829 2383 ille
851 2359 904 2387 est,
922 2364 1004 2390 quem

219 2404 276 2437 jam
299 2406 379 2429 antea
403 2409 445 2428 me
469 2401 573 2429 dixisse
602 2401 671 2433 scio,
695 2408 791 2435 nempe
814 2401 887 2435 quod
908 2401 1004 2429 umbra

220 2448 342 2476 mnnium
367 2447 469 2474 Christi
491 2446 598 2473 Domini
621 2454 713 2473 rerum
735 2447 778 2474 lex
803 2446 896 2474 fuerit.
919 2447 1004 2475 Multa

221 2497 303 2530 igitur
320 2495 388 2522 mire
409 2498 481 2526 acta.
499 2494 557 2521 sive
583 2494 658 2520 circa
681 2495 824 2528 populum,
852 2494 909 2521 sive
929 2495 1003 2521 circa

221 2540 367 2567 nonnullos
385 2540 416 2566 ad
434 2539 543 2574 aliquod
567 2547 668 2566 uulnus
683 2539 797 2572 electos,
810 2538 891 2574 332
907 2540 1002 2567 rwiut

222 2585 392 2619 hyperbolice
418 2584 452 2612 de
480 2584 616 2619 praedictis
635 2583 799 2619 Scriptura.
825 2593 888 2612 cum
913 2590 1003 2613 tamen

220 2631 306 2658 dictio
320 2630 347 2656 in
361 2637 442 2657 sensu
461 2630 541 2657 obvio
557 2631 697 2657 veritatem
715 2638 769 2658 non
785 2631 942 2658 contineat:
955 2630 1003 2658 sed

219 2684 252 2703 ea
272 2679 329 2702 tum
346 2675 454 2702 demum
477 2683 540 2702 vera
562 2676 783 2710 eomperiuntur.
806 2683 869 2703 cum
893 2675 927 2703 de
943 2676 1003 2710 ipso

219 2724 368 2748 censentur
394 2721 502 2748 Christo
528 2721 663 2753 Domino,
692 2722 740 2756 qui
771 2722 878 2749 sublata
904 2722 1004 2757 ubique

222 2767 289 2802 legis
303 2767 408 2797 umbra,
420 2771 447 2794 et
460 2768 568 2802 propria
581 2767 695 2804 veritate
709 2768 929 2799 subiutroducta.
943 2767 1003 2802 iure

221 2813 372 2847 meritoque
396 2812 554 2846 huiusmodi
577 2805 687 2847 quoque
711 2813 862 2840 dictionum
883 2812 1003 2841 ostendit

221 2858 373 2886 veritatem.
391 2859 456 2886 Tale
477 2863 519 2887 est
543 2858 610 2886 illud
626 2858 783 2887 Abrahamo
799 2859 915 2893 dictum,
929 2859 1002 2894 quod

1054 2274 1083 2292 τε
1092 2265 1242 2301 Ζοροϐάϐελ
1261 2265 1308 2292 καὶ
1330 2265 1368 2300 τῷ
1390 2264 1512 2300 Δεσπότῃ
1530 2264 1638 2300 Χριστῷ
1663 2266 1711 2300 τὴν
1735 2274 1840 2301 προφη-

1054 2312 1140 2339 τείαν.
1159 2313 1236 2339 Ἔστι
1251 2311 1279 2338 δὲ
1295 2312 1381 2339 ταῦτα
1398 2313 1446 2347 μὲν
1462 2312 1553 2344 ἀνοίας
1567 2313 1615 2347 τῆς
1629 2312 1745 2348 ἐσχάτης
1758 2322 1764 2328 ·
1781 2315 1796 2340 ὁ
1811 2314 1840 2340 δὲ

1054 2358 1156 2394 ἀληθὴς
1170 2358 1224 2384 τῶν
1233 2358 1360 2385 τοιούτων
1373 2359 1445 2390 νοῦς,
1454 2359 1555 2390 ἐκεῖνός
1572 2360 1644 2386 ἐστιν
1659 2359 1688 2385 ὃν
1700 2360 1746 2386 καὶ
1757 2360 1841 2396 πρόσ-

1056 2403 1101 2431 θεν
1132 2404 1250 2440 είρηκὼς
1264 2402 1332 2437 οῖδα,
1345 2405 1386 2430 ὅτι
1400 2404 1478 2431 σκιὰν
1493 2405 1508 2430 ὁ
1527 2405 1607 2440 νόμος
1622 2404 1693 2440 εἶχεν
1714 2406 1840 2433 ἁπάντων

1053 2448 1108 2475 τῶν
1125 2449 1195 2475 κατὰ
1215 2449 1260 2475 τὸν
1283 2449 1420 2484 Δεσπότην
1433 2449 1557 2484 Χριστόν.
1585 2450 1672 2476 Πολλὰ
1684 2450 1772 2477 τοίνυν
1786 2451 1840 2477 τῶν

1054 2494 1212 2530 παραδόξως
1237 2494 1396 2529 γινομένων,
1417 2494 1472 2521 εἴτε
1487 2495 1549 2530 περὶ
1563 2495 1608 2522 τὸν
1623 2495 1696 2527 λαὸν,
1711 2496 1764 2523 εἴτε
1777 2496 1839 2526 τοὺς

1053 2539 1099 2566 ἐπί
1110 2548 1180 2566 τισιν
1193 2539 1364 2574 ὲκλεγέντας,
1384 2540 1457 2574 λέγει
1471 2540 1521 2574 μὲν
1536 2540 1784 2576 ὑπερϐολικὼτερον
1792 2542 1835 2568 ἐπ’

1053 2586 1143 2612 αὐτῶν
1164 2586 1275 2613 ἐκείνων
1290 2587 1307 2621 ἡ
1330 2587 1434 2622 Γραφὴ,
1452 2587 1502 2622 τῆς
1516 2587 1614 2620 λέξεως
1640 2587 1710 2613 κατὰ
1723 2587 1754 2614 τὸ
1770 2587 1836 2623 πρό-

1051 2639 1143 2666 χειρον
1155 2631 1203 2666 τὴν
1218 2631 1345 2666 ἀλήθειαν
1355 2632 1405 2659 οὐκ
1417 2632 1531 2667 ἐχούσης
1544 2641 1550 2648 ·
1564 2632 1720 2668 εὑρίσκεται
1735 2631 1763 2658 δι
1775 2632 1839 2668 ἀλη-

1053 2675 1086 2711 θῆ
1100 2676 1134 2702 τὰ
1148 2676 1269 2708 τοιαῦτα,
1285 2678 1323 2704 ὅτ’
1339 2677 1372 2704 ἂν
1387 2678 1429 2704 ἐπ’
1443 2678 1524 2704 αὑτοῦ
1538 2678 1663 2713 κρίνηται
1675 2678 1722 2705 τοῦ
1735 2677 1837 2705 Δεσπό-

1052 2729 1099 2747 του
1113 2722 1241 2757 Χριστοῦ,
1255 2723 1284 2754 ὃς
1295 2724 1324 2748 ἐν
1340 2722 1424 2749 ἆπασι
1443 2724 1549 2755 παύσας
1565 2723 1614 2759 μὲν
1627 2724 1673 2750 τοῦ
1688 2723 1770 2759 νόμου
1789 2723 1838 2760 τὴν

1053 2767 1142 2800 σκιὰν,
1164 2768 1353 2802 ἐπεισαγαγὼν
1376 2768 1404 2795 δὲ
1430 2770 1480 2805 τὴν
1503 2769 1632 2805 ἀλήθειαν
1649 2771 1700 2806 τὴν
1722 2770 1835 2802 οἰκείαν,

1053 2813 1164 2844 εἰκότως
1179 2813 1289 2840 καὶτῶν
1303 2814 1399 2848 φωνῶν
1411 2815 1464 2841 τῶν
1473 2815 1601 2842 τοιούτων
1612 2815 1778 2844 ἐπιδείκνυσι
1789 2815 1837 2852 τὴν

1053 2857 1193 2893 ἀλήθειαν.
1215 2859 1340 2888 Τοιοῦτόν
1364 2860 1421 2887 ἐστι
1445 2860 1475 2888 τὸ
1491 2861 1558 2897 πρὸς
1573 2861 1619 2889 τὸν
1631 2862 1780 2898 ,Ἀϐραὰμ
1795 2861 1836 2890 ἆυ
