1983 3072
140 155 192 184 δετ

609 155 881 184 COMMENTARIUS
900 155 932 182 ΙΝ
950 154 1136 183 ZACHARUE
1157 154 1233 182 CAP.
1254 153 1299 181 IX.

1705 158 1758 186 558

141 223 151 240 ι
164 212 420 248 Ἐνευλογηθήσεται
441 213 470 238 ὲν
491 213 532 239 σοὶ
548 213 594 239 καὶ
615 214 642 240 ὲν
662 213 700 248 τῷ
718 212 854 248 σπέρματί
879 221 923 238 σου

978 221 987 238 ‹
1007 211 1205 239 Benedicentur
1230 212 1256 238 in
1288 216 1314 238 Ie
1339 215 1367 238 et
1395 212 1422 239 in
1452 213 1556 241 semine
1585 217 1634 241 tuo
1662 222 1757 244 omnes

140 259 231 286 πάντα
244 258 278 285 τὰ
288 257 350 292 ἔθνη
362 265 368 272 '
382 267 391 283 '
408 257 482 292 δηλοῖ
500 258 548 292 μὲν
561 257 615 293 γὰρ
627 259 690 290 τοὺς
708 259 739 290 ἐξ
752 257 834 285 αὑτοῦ
848 266 926 292 γεγο-

141 305 221 335 νότας
238 303 308 330 κατὰ
323 303 353 329 τὺ
366 303 508 338 πρόχειρον
518 312 524 319 ·
541 305 558 338 ἡ
572 304 685 338 ἀλήθεια
701 304 729 330 δὲ
741 303 788 330 τοῦ
805 304 926 339 ῥήματος

140 350 188 376 ἐπὶ
209 348 256 375 τοῦ
271 349 404 376 Δεσπότου
426 350 582 376 συνίσταται
604 350 733 385 Χριστοῦ,
749 353 787 384 (p.
801 350 864 383 496)
883 350 925 385 ἐφ’

139 392 229 432 οὗπερ
239 395 322 427 ὄντως
333 396 542 430 ὲνευλογηθῆναι
553 396 647 430 γέγονε
663 396 696 422 τὰ
708 396 781 432 ἔθνη.
802 396 926 423 Τοιοῦτόν

142 443 201 469 ἐστι
217 443 264 470 καὶ
280 442 318 477 τῷ
334 442 460 478 μακαρίῳ
475 442 564 474 Δαυτδ,
581 452 590 469 ι
609 443 638 469 '0
656 442 749 478 θρόνος
763 443 845 469 αὑτοῦ
862 443 899 474 ὡς
912 444 927 470 ό

140 489 216 524 ἥλιος
227 488 345 515 ἐναντίον
359 497 421 523 μου,
433 488 479 514 καὶ
486 488 523 520 ὡς
531 489 548 523 ἠ
560 488 657 524 σελήνη
671 488 874 524 κατηρτισμένη
886 489 927 520 εἰς

140 536 188 561 τὸν
199 534 295 561 αἰῶνα·
307 535 352 561 καὶ
359 533 476 569 θήσομαι
498 535 538 565 είς
562 543 606 560 τον
625 535 710 561 αἰῶνα
730 534 776 561 τοῦ
789 535 886 566 αἰῶνος
897 536 928 562 τὸ

143 579 253 614 σπέρμα
264 579 356 610 αὑτοῦ,
364 579 409 606 καὶ
420 579 463 605 τὸν
474 579 567 614 θρόνον
575 579 656 605 αὑτοῦ
664 579 701 610 ὡς
707 579 756 610 τὰς
764 580 870 615 ἡμέρας
880 579 926 606 τοῦ

142 626 268 661 οὐρανοῦ.
276 635 285 650 ι
296 625 340 660 Τῷ
350 625 400 659 μὲν
410 624 463 660 γὰρ
473 625 611 660 προχείρῳ
626 625 699 652 δοκεῖ
713 626 774 657 τοὺς
789 625 928 660 διαδόχους

142 671 244 705 λέγειν,
258 671 300 705 ἐφ’
315 668 353 697 ὧν
366 671 501 705 διαμένειν
512 670 627 706 ἤμελλεν
637 671 652 706 ἡ
662 670 783 705 βασιλεία
794 679 801 686 ·
813 672 830 706 ἡ
844 671 871 697 δὲ
880 670 927 698 τοῦ

144 717 306 751 πράγματος
319 715 431 750 ἀλήθεια
448 716 494 742 ἐπὶ
506 715 552 742 τοῦ
566 716 700 742 Δεσπότου
714 716 848 743 δείκνυται
862 717 928 752 Χρι-

144 762 219 794 στοῦ,
226 759 256 789 οὗ
263 762 367 796 δντωςὴ
379 761 500 796 βασιλεία
506 761 603 793 παντὸς
614 761 662 797 μὲν
669 762 744 797 ήλίου
754 761 786 788 λα
789 763 929 798 μπροτέρα

145 807 306 843 καθέστηκε,
316 807 414 838 παντὸς
431 806 459 833 δὲ
468 806 582 842 οὐρανοῦ
604 808 788 843 μονιμωτέρα.
803 808 928 834 Τοιοῦτόν

145 854 203 879 ἐστι
213 853 254 885 τὸ,
264 862 273 878 ε
283 853 339 880 Οὐκ
346 852 540 887 ἐγκατελείφθη
547 854 564 888 ἡ
573 852 645 888 ψυχὴ
652 853 733 880 αὐτοῦ
741 855 780 885 είς
788 854 861 889 ᾆδον,
868 854 928 880 οὐδὲ

144 900 163 934 ἡ
171 898 239 934 σὰρξ
247 897 328 926 αὑτοῦ
338 897 390 924 εἶδε
398 898 554 933 διαφθορὰν,
567 908 577 924 ι
586 899 654 934 ὅπερ
661 899 846 934 ὑπερϐολικῶς
854 901 928 936 είρη-

146 944 225 980 μένον
236 944 309 978 παρὰ
317 943 365 970 τοῦ
377 944 509 979 μακαρίου
517 940 601 970 Δαυῖδ
608 944 655 971 ἐπὶ
667 944 713 971 τοῦ
726 944 790 972 λαοῦ
804 945 858 972 τῶν
875 946 927 972 ἰσ-

145 989 290 1025 ραηλιτῶν,
307 990 352 1015 ἐπ’
376 989 460 1024 αὐτῆς
482 990 531 1024 τῆς
544 989 599 1015 τῶν
613 990 783 1025 πραγμάτων
799 991 928 1026 ἀληθείας

143 1031 233 1062 ὦπται
241 1034 351 1068 γεγονὸς
358 1035 404 1061 ἐπὶ
413 1034 459 1061 τοῦ
468 1036 499 1060 As
504 1035 602 1061 σπότου
612 1035 740 1070 Χριστοῦ.
750 1036 831 1063 Ὄθὲν
837 1037 869 1072 δὴ
880 1037 927 1064 καὶ

143 1082 177 1117 τῇ
189 1083 263 1116 φωνῇ
274 1081 384 1112 δικαίως
407 1082 420 1107 ὁ
431 1081 563 1116 μακάριος
577 1082 711 1116 ἐχρήσατο
721 1082 823 1117 Πέτρος
841 1083 927 1117 λέγων

143 1127 196 1159 ὅτι,
219 1136 228 1152 ι
239 1126 295 1153 Οὐκ
309 1127 503 1162 ἐγκατελείφθη
519 1128 535 1162 ὴ
549 1127 622 1162 ψυχὴ
636 1127 717 1154 αὑτοῦ
732 1129 771 1160 είς
781 1128 856 1163 ᾅδου,
866 1130 927 1156 οὐδὲ

144 1172 162 1207 ἡ
180 1171 246 1206 σὰρξ
255 1171 335 1198 αὑτοῦ
348 1169 401 1198 εἶδε
411 1171 567 1207 διαφθοράν.
583 1182 594 1199 ι

181 1217 268 1244 Πολλὰ
283 1215 395 1243 τοιαῦτα
411 1217 485 1253 εὖροι
504 1226 546 1249 τις
562 1218 605 1252 ἂν,
627 1218 645 1245 ἃ
662 1218 766 1255 μακρὸν
779 1219 866 1254 λέγειν
881 1221 928 1248 ἐπὶ

143 1262 189 1289 τοῦ
207 1263 348 1298 παρόντος,
362 1263 380 1290 ἃ
394 1264 524 1299 πρότερον
540 1264 588 1299 μὲν
607 1265 793 1300 ὑπερϐολικῶς
809 1266 926 1300 ἐλέγετο,

144 1309 194 1336 οὐκ
208 1309 302 1344 ἔχοντα
314 1309 360 1335 τοῦ
371 1309 515 1345 λεγομένου
526 1311 575 1346 τὴν
590 1311 717 1348 ἀλήθειαν
730 1313 840 1348 ἀκριϐῆ,
854 1313 927 1348 εὑρί-

144 1363 238 1381 σκεται
250 1355 279 1382 δὲ
293 1355 378 1387 οὕτως
393 1355 499 1390 ἔχοντα,
513 1356 607 1392 ὥσπερ
627 1356 672 1385 οὖν
686 1358 803 1394 εἴρηται,
820 1361 865 1386 ἐπὶ
878 1359 925 1386 τοῦ

143 1402 278 1428 Δεσπότου
293 1402 420 1437 Χριστοῦ.
443 1403 552 1429 Τοιοῦτο
576 1404 607 1439 δή
628 1413 653 1430 τι
677 1405 724 1431 καὶ
742 1405 820 1432 τοῦτό
838 1407 925 1439 ἐστιν.

148 1447 178 1473 '0
192 1448 242 1482 μὲν
258 1447 310 1482 γὰρ
326 1449 389 1482 περὶ
403 1448 448 1475 τοῦ
462 1449 613 1484 Ζοροϐάϐελ
624 1450 715 1485 ἔλεγεν
730 1452 762 1478 ὲκ
773 1452 822 1487 τῆς
839 1452 926 1482 διαδο-

142 1493 193 1529 χῆς
209 1493 256 1520 τοῦ
269 1493 349 1520 Δαυῒδ
363 1495 433 1521 κατὰ
446 1495 556 1530 γνώμην
563 1495 629 1522 Θεοῦ
642 1497 791 1532 ἡγουμένου
803 1497 857 1523 τῶν
865 1498 927 1524 Ίου-

975 261 1070 293 gentes
1082 257 1114 284 ⁶¹.
1131 267 1140 284 ι
1165 257 1268 292 Nempe
1282 257 1379 285 obvius
1393 259 1501 293 quidem
1520 267 1619 288 sensus
1633 265 1758 296 posteros

976 303 1036 338 ejus
1050 303 1175 338 designat
1187 312 1194 336 ;
1211 308 1398 339 verumtamen
1414 305 1480 332 dicti
1495 306 1595 334 veritas
1609 306 1636 334 in
1648 307 1758 334 Christo

977 349 1092 376 Domino
1118 353 1236 381 constat,
1263 348 1291 375 in
1316 356 1370 383 quo
1396 357 1493 384 reapse
1515 351 1641 379 benedici
1662 356 1759 388 gentos

977 395 1103 429 contigit.
1117 394 1184 422 Tale
1201 399 1244 422 est
1256 395 1338 422 etiam
1353 395 1421 422 illud
1438 397 1517 423 beato
1531 396 1626 425 Davidi
1637 398 1756 425 dictum-

980 450 990 467 ‹
1004 440 1131 469 Thronus
1143 442 1204 475 ejus
1216 442 1288 469 sicut
1301 441 1343 468 sol
1356 442 1383 468 in
1395 447 1543 477 conspectu
1561 451 1632 475 meo,
1644 449 1672 472 et
1686 445 1759 472 sicut

978 487 1044 514 luna
1070 486 1191 521 perfecta
1217 487 1245 513 in
1269 490 1413 514 aeternum.
1440 487 1474 514 Et
1491 495 1589 522 ponam
1614 489 1642 516 in
1671 497 1758 517 saecu-

978 533 1034 560 lum
1061 533 1153 560 saeculi
1176 540 1268 560 semen
1293 533 1371 567 ejus,
1394 538 1422 560 et
1449 533 1577 560 thronum
1606 535 1665 569 ejus
1688 535 1760 563 sicut

977 579 1036 606 dies
1058 578 1165 606 caeli".
1187 588 1196 604 ι
1217 577 1304 605 Obvio
1325 586 1391 606 sane
1417 587 1500 606 sensu
1517 580 1626 607 videtur
1647 588 1756 608 succes-

980 630 1057 650 sores
1081 623 1188 656 dicere,
1212 623 1240 651 in
1266 624 1367 658 quibus
1392 632 1504 659 regnum
1523 630 1759 659 perseveraturum

978 674 1057 697 erat:
1073 670 1120 698 sed
1144 675 1234 698 tamen
1256 671 1296 697 rei
1319 671 1421 698 veritas
1457 672 1485 698 in
1513 672 1622 700 Christo
1645 671 1761 699 Domino

979 721 1100 751 apparet,
1123 717 1203 752 cujus
1219 725 1282 744 vere
1299 725 1414 752 regnum
1430 718 1487 745 sole
1507 718 1629 753 quolibet.
1645 719 1754 754 splend‘r

979 762 1041 789 dius
1048 767 1101 793 est,
1116 766 1143 789 et
1155 763 1276 797 quolibet
1289 763 1358 791 caelo
1369 764 1552 792 constantius.
1567 764 1632 792 Tale
1645 765 1763 801 denique

978 812 1041 835 est:
1059 817 1068 833 ι
1086 807 1147 835 Non
1171 811 1212 835 est
1238 809 1366 836 derelicta
1394 809 1485 836 anima
1506 810 1566 844 ejus
1592 811 1619 838 in
1643 811 1760 843 inferno.

979 861 1068 887 neque
1092 860 1157 880 caro
1185 853 1244 888 ejus
1274 854 1342 882 vidit
1370 856 1576 890 corruptionem
1591 857 1632 890 εις
1653 867 1662 883 ›
1688 859 1761 893 quod

944 883 965 910 Β
979 883 1152 934 hyperbolice
1165 883 1270 927 dictum
1285 908 1300 927 a
1315 901 1395 928 beato
1411 883 1514 930 Davide
1529 883 1562 930 de
1572 883 1761 931 rlsraelita'rﬁuui

978 946 1088 981 populo,
1110 945 1168 980 ipsa
1193 947 1231 973 rei
1248 951 1315 973 actae
1338 948 1451 975 veritate
1471 949 1497 975 in
1522 948 1632 977 Christo
1646 950 1761 978 Domino

978 995 1155 1026 conspectum
1166 996 1218 1019 est.
1236 991 1327 1025 Quare
1347 997 1374 1020 et
1397 993 1449 1021 hoc
1462 994 1536 1021 dicto
1559 1003 1625 1023 usus
1640 1001 1684 1023 est
1698 997 1761 1031 jure

977 1038 1130 1073 meritoque
1151 1037 1248 1065 beatus
1270 1037 1368 1066 Petrus
1387 1039 1482 1068 dicens
1500 1050 1510 1066 ι
1529 1040 1589 1068 Non
1608 1041 1694 1070 fuisse
1712 1042 1760 1070 dc-

978 1086 1099 1114 relictam
1124 1086 1244 1114 animam
1267 1088 1326 1122 ejus
1343 1088 1368 1114 in
1394 1088 1512 1122 inferno,
1537 1097 1626 1125 neque
1648 1097 1759 1119 carnem

978 1131 1037 1166 ejus
1049 1132 1151 1160 vidisse
1164 1133 1368 1167 corruptionem
1380 1133 1413 1159 ‘5.
1431 1143 1439 1158 ι

1013 1231 1096 1258 Multa
1121 1231 1278 1266 hujusniodi
1294 1234 1447 1269 comperire
1471 1233 1547 1266 licet.
1561 1243 1623 1270 quae
1645 1237 1673 1263 in
1691 1244 1761 1271 pra:-

979 1278 1048 1305 senti
1072 1285 1234 1312 percensere
1251 1279 1362 1314 longum
1386 1285 1477 1314 esset;
1500 1288 1562 1315 quae
1585 1281 1659 1309 dicta
1683 1282 1762 1310 fuere

978 1323 1163 1358 hyperbolice,
1179 1325 1310 1359 quoniam
1331 1325 1413 1352 dictae
1432 1326 1471 1353 rei
1488 1327 1631 1354 veritatem
1648 1334 1762 1354 accura-

977 1373 1032 1396 tam
1055 1377 1109 1396 non
1131 1371 1289 1404 continent;
1310 1371 1357 1398 sed
1381 1376 1471 1399 tamen
1489 1379 1585 1407 reapse
1609 1373 1646 1399 ita
1664 1380 1694 1400 se
1712 1373 1761 1400 ha-

977 1414 1053 1446 bent,
1078 1420 1108 1442 ut
1127 1417 1259 1449 diximus,
1282 1417 1310 1444 in
1335 1417 1446 1445 Christo
1469 1417 1595 1446 Domino.
1615 1417 1690 1446 Talis
1719 1424 1761 1447 est

977 1461 1032 1492 hic.
1054 1462 1088 1489 de
1104 1469 1158 1497 quo
1180 1463 1296 1497 agimus.
1322 1463 1409 1490 Iocus.
1434 1462 1569 1498 Propheta
1592 1464 1702 1498 quidem
1727 1466 1762 1493 de

977 1507 1144 1536 Zorobabele
1173 1509 1292 1541 dicebat,
1324 1510 1435 1537 homine
1463 1510 1496 1538 de
1524 1511 1609 1546 stirpe
1637 1510 1760 1544 Davidis.

141 1537 234 1570 δαίων,
243 1538 319 1574 ῶερθη
329 1539 357 1565 δὲ
371 1538 402 1565 τὺ
413 1540 529 1575 πρᾶγμα
539 1541 734 1576 ἀναντίρρητον
747 1542 807 1577 ἕχον
820 1543 867 1569 ἐπὶ
879 1543 923 1569 τοῦ

977 1553 1023 1580 υοὶ
1036 1555 1176 1581 voluntate
1203 1554 1358 1582 Judaaorum
1389 1557 1476 1589 duce;
1503 1557 1552 1585 sed
1576 1537 1624 1585 res
1649 1558 1760 1586 demum

142 1583 278 1609 Δεσπότον
293 1583 410 1618 Χριστοῦ
430 1585 479 1619 τὴν
496 1584 640 1619 ἀλήθειανο
656 1587 702 1612 τοῦ
720 1587 769 1620 μὲν
785 1586 837 1622 γὰρ
848 1588 894 1613 καὶ
908 1589 925 1623 ἡ

142 1627 214 1654 κατὰ
230 1627 283 1654 τῶν
297 1628 379 1655 ἐθνῶν
398 1629 517 1664 τιμωρία
540 1631 635 1667 μικρὰ,
648 1631 686 1666 (p.
703 1632 766 1665 497)
778 1633 824 1659 καὶ
841 1634 857 1668 ἡ
871 1633 926 1659 τῶν

141 1673 250 1699 οἰκείων
259 1673 378 1708 σωτηρία
389 1673 498 1709 εὐτελής
508 1681 514 1688 ·
526 1674 587 1701 ὅθεν
598 1675 644 1702 καὶ
657 1676 807 1709 ἀκολούθως
817 1677 924 1711 ὲπάγει,

140 1719 197 1745 ὅτι(
208 1716 406 1752 Ἐξολοθρεύσει
416 1718 525 1755 ἅρματα
534 1720 564 1752 ἐξ
580 1721 699 1756 Ἐφραῖμ
727 1723 774 1749 καὶ
799 1723 880 1750 ἵππον
895 1723 925 1757 ἐξ

147 1765 335 1800 Ἰερουσαλὴμ,
347 1768 467 1802 »δεικνὺς
479 1767 519 1793 ὅτι
533 1767 601 1802 πρὸς
620 1768 699 1794 τοῦτο
714 1769 806 1800 αὐτοῖς
820 1770 925 1805 συμϐα-

140 1811 226 1838 λεῖται
241 1812 272 1838 τὸ
285 1812 339 1839 τῶν
354 1813 477 1848 πολέμων
490 1814 587 1846 αὐτοὺς
597 1815 786 1843 ἀπαλλάττειν.
809 1815 924 1852 Ἀληθὴς

139 1856 198 1892 atq
218 1857 293 1893 φωνὴ
308 1858 427 1893 πέφηνεν
452 1859 499 1885 ἐπὶ
521 1859 568 1885 τοῦ
581 1860 714 1887 Δεσπότου
728 1862 858 1898 Χριστοῦ,
881 1863 923 1897 ἐφ’

138 1899 226 1938 οὗπερ
236 1902 317 1935 ὅντως
331 1903 417 1930 ἔνεστι
434 1904 539 1941 χαίρειν
552 1905 665 1941 νόμιμόν
678 1914 708 1932 τε
725 1907 810 1942 χαρὰν
825 1908 871 1934 καὶ
886 1907 924 1934 δι-

138 1947 236 1982 ηνεκῆ·
251 1948 279 1979 ὃς
291 1948 373 1980 ὅντως
385 1949 487 1980 δίκαιός
501 1951 584 1982 ἐστιν,
599 1951 647 1977 ἆτε
663 1951 732 1986 μετὰ
743 1952 836 1978 τούτου
849 1953 924 1988 πάσῃ

138 1993 241 2027 κρίνων
253 1994 286 2029 τῇ
299 1994 442 2030 οἰκουμένῃ
458 1995 504 2022 λαὶ
514 1995 608 2028 ὄντως,
624 1997 639 2024 ὃ
657 2005 689 2031 γε
705 1999 808 2030 πάντας
821 1999 851 2031 ἐξ
870 2000 923 2026 ἀπ-

138 2037 237 2069 ωλείας
254 2039 294 2070 είς
308 2039 443 2075 σωτηρίαν
465 2041 593 2075 μεθιστὰς
606 2042 717 2078 διηνεκῆ
737 2044 784 2070 καὶ
800 2044 921 2079 βεϐαίαν.

146 2083 276 2111 Ἐνταῦθα
283 2082 328 2111 οὖν
339 2085 446 2121 εἴρηται
460 2087 523 2122 περὶ
537 2087 580 2114 τοῦ
592 2088 742 2123 Ζοροϐάϐελ
752 2098 923 2126 συμμετρου-

140 2128 225 2163 μένης
241 2128 290 2163 τῆς
311 2130 402 2165 φωνῆς
417 2130 456 2166 τῇ)
469 2131 511 2165 ἐφ’
527 2128 612 2168 οὗπερ
628 2133 736 2167 λέγεται
753 2135 786 2162 τὰ
801 2144 922 2172 γεγραμ-

139 2174 208 2209 μένα
220 2182 227 2189 ·
244 2175 272 2201 ὲν
283 2175 311 2201 δὲ
323 2177 379 2207 τοῖς
390 2177 565 2211 Εὑαγγελίοις
579 2179 624 2205 ἐπὶ
635 2179 679 2206 τὸν
691 2181 827 2216 Δεσπότην
838 2180 920 2217 ἦκται

976 1599 1101 1627 evidente
1116 1601 1231 1628 veritate
1252 1602 1339 1636 patuit
1364 1602 1393 1629 in
1417 1603 1527 1631 Christo
1543 1602 1668 1632 Domino.
1691 1604 1759 1632 Nam

976 1644 1126 1673 Zorobahel
1142 1647 1255 1680 exiguas
1282 1646 1316 1674 de
1335 1643 1462 1682 gentibus
1475 1656 1571 1683 poenas
1586 1650 1715 1684 sumpsit.
1732 1655 1761 1678 et

975 1690 1054 1725 333
1069 1698 1180 1718 suorum
1200 1696 1308 1719 tenuem
1330 1693 1445 1720 salutem
1460 1695 1592 1729 patravit;
1609 1695 1682 1722 unde
1696 1704 1758 1723 mox

975 1737 1069 1764 addit:
1090 1746 1099 1762 ι
1114 1737 1212 1765 Perdet
1226 1745 1325 1766 currus
1346 1746 1378 1766 ex
1399 1738 1545 1774 Ephraimo
1560 1745 1588 1767 et
1606 1748 1706 1776 equum
1724 1749 1759 1768 ex

975 1782 1163 1816 Hierusalem;
1183 1793 1192 1810 ι
1209 1783 1357 1811 ostendens
1378 1783 1436 1812 fore
1450 1789 1481 1812 ut
1501 1785 1545 1813 his
1564 1787 1636 1814 aclis
1651 1787 1759 1814 contin-

974 1833 1020 1864 gat
1043 1829 1096 1856 illis
1117 1829 1187 1856 hello
1209 1829 1330 1857 liberari.
1347 1829 1436 1858 Verax
1454 1836 1545 1859 autem
1571 1832 1656 1860 dictio
1674 1840 1759 1868 appa~

974 1872 1030 1898 ruit
1050 1872 1077 1898 in
1092 1871 1204 1898 Christo
1224 1871 1348 1905 Domino,
1378 1873 1405 1899 in
1425 1881 1480 1908 quo
1504 1882 1568 1902 vere
1589 1875 1654 1903 licet
1667 1877 1759 1905 laetari

974 1921 1117 1945 constante
1130 1922 1316 1953 perpetuaque
1338 1920 1441 1946 laetitia.
1456 1919 1482 1948 Is
1497 1921 1571 1948 enim
1588 1930 1654 1950 vere
1663 1927 1757 1958 justus

973 1966 1025 1994 est.
1037 1963 1137 1998 quippe
1149 1964 1196 1999 qui
1209 1964 1366 1992 universum
1379 1966 1631 2004 mundumjudicat;
1640 1977 1757 2005 vereque

973 2009 1078 2040 salvat,
1105 2009 1324 2044 quandoquidem
1353 2018 1450 2040 omnes
1478 2021 1511 2040 ex
1539 2015 1692 2048 perditione
1721 2018 1754 2044 ad

973 2053 1088 2081 salutem
1117 2055 1259 2082 transtulit
1287 2056 1392 2084 ﬁrmam
1416 2061 1499 2093 atque
1520 2066 1677 2093 perennem.
1704 2061 1755 2090 Hic

971 2099 1056 2135 igitur
1070 2100 1103 2127 de
1117 2100 1285 2129 Zorobabele
1306 2110 1397 2130 sermo
1412 2107 1465 2136 est,
1481 2109 1621 2133 coarctata
1635 2106 1755 2137 dictione

971 2145 1006 2172 ad
1034 2145 1109 2173 illum
1131 2146 1165 2173 de
1188 2155 1244 2181 quo
1272 2148 1411 2182 Scriptura
1440 2149 1572 2185 loquitur.
1596 2151 1698 2181 Verum
1724 2155 1752 2182 in

972 2190 1126 2225 Evangeliis
1146 2191 1179 2218 ad
1197 2192 1339 2220 Christum
1360 2193 1504 2222 Dominum
1529 2197 1647 2225 trahitur
1657 2199 1690 2232 0';
1706 2201 1753 2235 qui

137 2220 266 2255 Χριστὸν,
280 2222 308 2253 ὃς
323 2222 367 2249 διὰ
380 2223 487 2250 πάντων
505 2220 603 2255 ὦπται.
626 2227 672 2252 καὶ
689 2227 774 2261 μέγας
789 2229 835 2254 καὶ
851 2229 919 2263 ὑψη-

137 2266 411 2278 ε,,,,μη,,ηνηη.
459 2269 489 2278 ,..
580 2271 587 2278 .
670 2271 676 2278 .
782 2273 787 2278 .
834 2274 840 2278 λ
880 2274 885 2278 .

1050 2220 1063 2225 υ
1390 2220 1504 2222 νηηη--η
1531 2220 1641 2225 ---------
1683 2220 1690 2232 ι
1728 2220 1753 2228 ν·

974 2243 1020 2270 per
1033 2237 1124 2263 omnia
1139 2237 1216 2265 visus
1239 2244 1281 2266 est
1303 2246 1429 2275 magnus.
1450 2242 1585 2274 excelsus,
1601 2220 1753 2278 justusfac

136 2266 182 2297 RL:
197 2267 243 2293 καὶ
252 2267 354 2300 δίκαιος
368 2269 415 2295 καὶ
434 2269 527 2302 σώζων
545 2271 592 2298 καὶ
616 2271 744 2306 μονίμους
759 2273 808 2304 τὰς
817 2274 919 2306 οἰκείας

136 2312 264 2347 παρέχων
284 2313 451 2349 εὐεργεσίας,
467 2315 651 2350 ἀμεταθέτους
671 2325 700 2343 τε
716 2318 854 2350 παντελῶς
872 2320 920 2346 καὶ

139 2358 290 2392 μεταὸολὴν
298 2359 426 2394 οὐδεμίαν
448 2360 574 2393 δέξασθαι
592 2361 752 2397 δυναμένας.
772 2364 856 2390 Τοῦτο
870 2365 920 2399 μὲν

138 2404 185 2431 οὖν
198 2405 405 2434 ἁκολουθότατόν
420 2417 448 2434 τε
461 2409 505 2435 καὶ
518 2410 621 2445 πρέπον
633 2411 679 2437 καὶ
689 2411 777 2446 λέγειν
785 2413 830 2439 καὶ
839 2415 919 2441 νοεῖν.

138 2451 175 2477 Τὸ
188 2451 216 2478 δὲ
232 2452 312 2487 μέρος
332 2453 380 2488 μὲν
392 2454 474 2481 αὑτοῦ
489 2455 577 2490 λέγειν
588 2456 711 2492 ειρῆσθαι
727 2459 790 2493 περὶ
802 2459 848 2486 τοῦ
857 2461 920 2495 Χρι-

138 2497 216 2527 στοῦ,
235 2498 376 2530 κατιόντας
397 2499 424 2526 δὲ
442 2500 617 2536 μεθίστασθαι
637 2503 683 2529 ἐπὶ
697 2504 742 2530 τὸν
757 2505 917 2540 Ζοροὸάϐελ,

137 2542 184 2568 καὶ
195 2543 274 2570 πάλιν
288 2545 333 2571 ἐπὶ
351 2545 396 2571 τὸν
405 2547 523 2582 Χριστὸν
534 2548 581 2574 ἀπ’
591 2549 705 2582 ἐκείνου,
716 2551 762 2577 καὶ
773 2551 853 2578 πάλιν
871 2552 918 2579 ἐπὶ

135 2587 181 2613 τὸν
191 2588 339 2623 Ζοροδάόελ
351 2590 404 2616 ἀπὸ
420 2590 467 2617 τοῦ
479 2593 612 2620 Δεσπότου
627 2594 754 2630 Χριστοῦ,
772 2596 849 2623 οὺοὲν
860 2596 918 2623 ἓτε-

136 2632 183 2668 ρόν
198 2633 281 2665 ἐστιν,
298 2633 315 2669 ἢ
340 2636 446 2670 πρῶτον
469 2637 518 2672 μὲν
536 2638 677 2667 ἀλλόκοτον
695 2640 854 2668 δεικνύντων
869 2642 917 2678 τὴν

135 2679 312 2714 προφητείαν,
329 2678 387 2708 εἶτα
408 2681 457 2714 τὰς
477 2684 569 2717 φωνὰς
593 2684 643 2716 τὰς
660 2686 798 2721 γραφικὰς
813 2686 843 2720 ἐξ
858 2687 916 2715 ἴσου

138 2723 311 2758 μεριζόντων,
327 2726 366 2758 είς
383 2735 412 2754 τε
432 2729 478 2755 τὸν
504 2730 612 2765 οἰκέτην
628 2732 674 2757 καὶ
694 2731 741 2760 τὸν
757 2733 894 2768 Δεσπότην
907 2741 914 2749 ·

136 2768 196 2795 ttat
210 2771 257 2797 καὶ
269 2771 300 2798 τδ
312 2771 400 2805 λέγειν
422 2774 461 2806 είς
474 2775 609 2808 ἀπόδειξιν
623 2776 670 2803 τοῦ
686 2778 722 2811 μὴ
738 2777 777 2812 τῷ
797 2778 914 2812 Ζοροϐά-

972 2282 1100 2314 salvator,
1117 2283 1224 2310 stabilia
1241 2291 1291 2311 sua
1303 2286 1428 2319 praebens
1444 2286 1588 2319 beneﬁcia.
1604 2290 1753 2319 immobilia

965 2335 1084 2363 prorsus
1100 2332 1126 2355 et
1143 2329 1211 2356 nulli
1227 2330 1373 2358 mutationi
1399 2332 1528 2360 obnoxia.
1549 2333 1606 2368 Sic,
1628 2336 1752 2372 inquam.

970 2373 1088 2400 maxime
1102 2378 1314 2402 consentaneum
1330 2380 1372 2403 est
1389 2381 1416 2404 et
1431 2378 1505 2413 loqui
1526 2384 1554 2406 et
1567 2381 1701 2416 cogitare.
1718 2384 1753 2409 At

971 2423 1037 2443 vero
1051 2420 1157 2452 partem
1176 2418 1285 2454 quidem
1301 2421 1423 2448 vaticinii
1438 2422 1571 2451 allirmare
1593 2425 1626 2453 de
1642 2426 1752 2455 Christo

970 2461 1066 2497 loqui;
1091 2467 1118 2490 et
1144 2471 1206 2491 mox
1225 2465 1424 2500 progredieudo
1449 2469 1600 2498 transferre
1617 2472 1651 2498 ad
1669 2471 1753 2500 Zoro-

968 2507 1109 2541 babclem;
1125 2517 1276 2545 rursusque
1291 2512 1325 2539 ab
1338 2512 1389 2548 hoc
1400 2513 1433 2540 ad
1446 2514 1583 2543 Christum
1597 2537 1604 2548 ,
1620 2523 1646 2544 et
1661 2518 1752 2546 denuo

969 2553 1003 2580 ad
1019 2553 1216 2582 Zorobabelem
1231 2563 1246 2582 a
1260 2557 1370 2584 Christo
1386 2557 1517 2594 Domino;
1532 2562 1599 2589 nihil
1618 2569 1660 2591 est
1678 2565 1750 2593 aliud

967 2606 1049 2634 quam
1066 2600 1156 2635 primo
1169 2602 1280 2636 quidem
1302 2602 1448 2631 absurdam
1467 2607 1611 2635 ostendere
1634 2611 1750 2645 prophe-

968 2645 1052 2678 tiam;
1076 2645 1175 2674 deinde
1190 2647 1339 2683 Scriptura:
1362 2651 1495 2678 vocabula
1521 2654 1606 2688 requis
1628 2656 1750 2689 partibus

968 2690 1131 2720 distribuere
1150 2692 1220 2721 inter
1236 2701 1344 2722 servum
1361 2703 1393 2723 ac
1409 2695 1558 2726 dominum.
1587 2699 1709 2736 Namque
1722 2707 1749 2729 et

968 2735 1069 2768 dicere,
1096 2737 1131 2764 ob
1155 2739 1396 2768 demonstrandum
1422 2750 1477 2770 non
1504 2746 1650 2774 convenire
1667 2735 1749 2776 idiota

968 2780 1140 2814 Zorobabeli,
1159 2783 1259 2816 dicere.
1278 2785 1400 2821 inquam,
1417 2789 1487 2822 apud
1505 2791 1664 2825 prophetam
1684 2793 1747 2829 logi,

169 2838 194 2854 "
209 2839 278 2868 Gen.
297 2849 352 2875 xvt,
371 2842 390 2870 4
436 2844 457 2860 ⁸³
478 2845 548 2874 Psal.
569 2854 699 2882 Lxxxvm,
719 2848 764 2876 38.
802 2850 822 2866 “
842 2849 913 2877 Psal.

974 2872 976 2883 .
998 2852 1040 2880 10,
1078 2853 1100 2869 ⁸³
1120 2854 1179 2881 Act.
1202 2863 1231 2888 ιι,
1255 2856 1298 2883 51.
1337 2857 1360 2873 ⁸·
1378 2857 1456 2887 Joan.
1479 2866 1528 2893 xtl,
1548 2860 1592 2888 15.
