1969 3069
202 191 254 218 ιδε

785 177 960 208 TllEODORl
978 172 1223 204 MOPSUESTENI

1767 147 1823 193 τεά

206 256 216 273 ι
233 244 376 274 Adventat,
406 252 415 269 ι
432 249 494 269 cum
517 246 607 268 tamen
626 239 683 275 jam
711 238 746 266 de
763 237 920 272 captivitate
942 243 983 262 re-
1000 255 1004 264 ι

1057 232 1083 259 ελ
1097 232 1245 267 προσήκειν
1253 231 1286 258 τὰ
1295 229 1435 266 εἰρημένα,
1446 228 1487 256 δτι
1496 235 1505 252 ι
1515 225 1622 263 ἔρχεται
1633 235 1643 253 ι
1652 224 1667 251 ὃ
1679 222 1821 260 προφήτης

203 293 298 321 diisset
312 297 374 318 cum
392 289 507 324 reliquis
521 285 683 318 Zorobabel,
701 285 754 314 hoc
772 284 839 311 satis
858 281 985 317 frigidum

204 335 427 371 super-ﬂuuntque
441 337 495 366 est,
508 337 536 360 ct
550 331 670 359 hominis
686 329 842 357 divinarum
865 327 987 362 Scriptu-

204 390 296 411 rarum
313 382 348 408 im
354 380 444 416 periti.

238 428 319 456 Certe
341 430 368 454 et
385 425 473 452 illud:
490 433 499 449 ι
519 423 660 458 Tanquam
682 421 742 449 ovis
767 421 800 448 ad
822 419 987 447 occisionem

205 478 303 502 ductus
317 476 359 499 est
369 471 402 503 ",
419 480 429 496 ι
446 477 501 496 non
513 472 641 502 tanquam
653 467 786 498 futurum,
801 465 847 493 sed
857 469 987 498 tanquam

206 519 373 556 praeteritum
387 516 498 544 eﬂertur
513 523 521 542 :
537 521 590 540 non
609 514 682 540 enim
697 513 774 543 dixit,
792 512 916 541 ducetur,
930 508 987 541 sed,

209 575 219 591 ι
234 566 333 593 ductus
362 566 404 590 est
425 571 431 589 ε
450 570 460 588 ι
490 569 575 596 quare
605 567 639 587 ne
664 559 714 586 hoc
736 557 846 593 quidem
878 556 990 584 Christo

208 611 323 638 Domino
342 607 499 644 quadraret,
515 606 594 640 juxta
608 604 874 640 sapientissimorum
891 602 988 629 horum

210 655 394 686 ratiocinium,
420 660 490 687 quos
514 652 606 686 potius
635 649 706 678 scire
731 652 870 684 oporteret
890 651 991 681 tempo-

211 708 270 728 rum
284 699 387 727 variain
403 698 545 731 enallagen
568 695 639 730 apud
656 694 775 721 divinam
801 693 990 726 Scripturam;

209 745 281 782 quod
299 752 349 773 nos
364 744 474 778 copiose
489 742 609 776 satisque
630 742 656 767 in
681 740 851 766 Psalmorum
871 745 903 765 ac
925 737 992 763 Pro-

212 792 354 827 phetarum
369 788 594 823 interpretatione
609 785 690 822 335.
702 785 856 811 docuimus.
876 783 932 810 Hoc
946 790 993 808 au—

211 842 265 864 tent
282 835 342 862 loco
357 841 392 861 ne
405 840 471 861 usus
485 832 595 867 quidem
612 830 751 859 dictionis.
767 829 790 856 si
807 829 869 863 quis
884 836 943 855 eam
960 827 992 853 ad

212 888 336 910 normam
354 879 487 914 temporis
507 878 611 912 exigat,
625 877 727 904 Christi
744 874 851 902 Domini
864 872 991 900 adventui

212 926 355 962 congruit:
382 925 425 951 hic
438 923 511 951 enim
536 925 597 957 post
620 920 733 947 multum
760 924 866 953 tempus
885 918 993 945 futurus

212 976 287 1004 erat;
304 975 332 998 at
347 973 477 1006 propheta
493 976 546 996 non
559 968 605 999 ait,
615 965 718 996 Aderit,
732 965 805 1000 quod
817 965 850 991 de
863 972 892 991 re
904 963 995 990 futura

213 1018 266 1046 dici
290 1015 444 1052 oportebat,
466 1013 524 1046 sed,
542 1022 550 1038 ι
572 1012 715 1041 Adventat.
735 1020 745 1037 ι
762 1010 832 1045 quod
857 1009 890 1036 de
916 1009 997 1036 rebus

213 1063 391 1095 instantibus,
411 1065 439 1088 et
458 1067 518 1095 quae
548 1059 621 1086 illico
646 1058 724 1087 tiunt,
744 1056 798 1082 dici
823 1056 902 1082 solet.
925 1053 998 1081 Sane

213 1111 290 1145 juxta
307 1109 404 1135 horum
420 1105 616 1141 interpretandi
631 1104 774 1134 rationem,
794 1102 871 1137 plura
889 1108 999 1136 quoque

214 1156 269 1183 alia
290 1153 464 1182 invenientur
487 1157 657 1185 supervacue
672 1148 743 1183 apud
765 1148 925 1183 prophetam
950 1153 999 1180 po-

216 1203 290 1231 sita:
304 1201 369 1237 quia
383 1198 447 1227 Jesu
463 1205 572 1233 quoque
591 1203 665 1223 nunc
681 1194 789 1222 detrahi
806 1193 873 1220 dicit
888 1192 1000 1220 sordida

218 1248 390 1278 vestimenta,
407 1252 468 1281 qua:
487 1242 653 1278 captivitatis
674 1241 773 1268 indicia
794 1243 889 1272 erant;
913 1246 1001 1273 quan-

219 1301 299 1328 quam
311 1291 481 1327 exploratum
493 1292 536 1315 est
551 1288 640 1322 ipsum
652 1285 755 1320 pariter
764 1292 825 1311 curn
835 1283 1002 1310 Zorobabele

217 1327 274 1373 jam
301 1336 428 1366 rediisse,
454 1332 611 1367 captivitate
634 1330 761 1360 liberum,
784 1333 812 1356 et
839 1327 1002 1356 sacerdotali

218 1382 313 1410 habitu
340 1380 476 1407 indutum.
500 1377 683 1411 Quamobrem
699 1380 725 1402 et
744 1375 851 1401 beatum
874 1373 1002 1408 Aggazum

221 1429 382 1465 prophetam
398 1425 579 1453 communiter
595 1429 650 1451 tum
666 1421 838 1451 Zorobabeli,
857 1424 912 1446 tnui
926 1418 1003 1450 Jesu,

221 1464 312 1503 dicere
344 1476 456 1508 apparet
487 1469 689 1505 suscipiendam
718 1475 779 1495 esse
808 1466 900 1500 templi
922 1464 1006 1491 aedili-

222 1519 303 1548 candi
323 1525 435 1550 curam;
451 1523 592 1552 poenaeque
612 1521 766 1541 mensuram
786 1519 859 1539 nunc
874 1511 1003 1542 ablatam,

222 1574 277 1594 una
297 1573 360 1592 cum
375 1563 485 1591 lsraclis
507 1565 629 1597 peccato,
647 1560 685 1586 ait
704 1558 867 1593 Babylonem
885 1556 1002 1583 transla-

223 1615 290 1638 tam.
313 1610 438 1636 Attameu
461 1607 517 1642 jam
537 1606 624 1640 Cyrus
643 1604 786 1631 Persarum
801 1610 846 1629 rex
868 1601 902 1628 de
922 1600 1005 1634 capti-

224 1655 309 1681 vitate
331 1652 460 1687 populum
480 1650 621 1680 emiserat,
646 1648 863 1683 Babylonemque
881 1649 1006 1672 vastave-

226 1703 278 1726 rat.
294 1697 380 1725 Porro
397 1699 506 1723 constat
526 1694 579 1721 dici
605 1694 661 1720 haec
680 1700 696 1719 a
720 1691 851 1726 propheta
877 1692 1007 1724 regnante

226 1743 318 1775 Dario,
333 1742 381 1778 qui
398 1741 448 1768 fuit
469 1744 584 1775 quartus
594 1746 613 1766 .a
629 1737 710 1773 Cyro.
728 1736 819 1769 Quare
835 1733 1007 1768 intempesti-

226 1797 290 1818 vum
309 1788 416 1821 fuisset,
429 1787 507 1822 juxta
530 1785 593 1812 talis
606 1784 746 1811 sententia:
764 1786 900 1813 auctores,
919 1781 1010 1807 dicere

228 1844 302 1864 nunc
322 1834 390 1865 ﬁeri.
408 1840 469 1868 qua:
492 1831 556 1859 olim
573 1835 600 1857 et
616 1830 702 1856 multo
724 1833 845 1862 tempore
866 1830 930 1853 ante
949 1832 1010 1852 eve-

229 1885 336 1910 nerant.
349 1879 404 1907 Sed
417 1879 489 1907 enim
508 1878 683 1913 perspicuum
698 1879 739 1902 est
758 1881 804 1900 res
825 1872 934 1906 quidem
949 1871 1011 1897 illas

227 1929 284 1963 jam
296 1925 431 1957 evenisse,
449 1924 608 1960 prophetam
630 1928 694 1949 vero
711 1919 875 1947 revelatione
893 1917 1012 1944 illustra-

230 1979 287 2001 tum
308 1972 417 2000 easdem
437 1978 510 1998 nunc
528 1974 693 2003 cognoscere
716 1969 840 2000 peractas
856 1963 940 1990 fuisse
957 1972 964 1989 :
983 1965 1013 1989 ut

230 2018 271 2045 sic
290 2018 436 2044 universus
459 2016 575 2050 populus
598 2013 698 2041 certior
720 2012 805 2042 ticret,
828 2009 896 2037 nihil
919 2015 1013 2035 eorum

231 2070 291 2098 qua:
308 2065 368 2089 acta
384 2061 501 2092 fuerant,
524 2067 588 2086 casu
609 2058 650 2085 vel
667 2065 715 2092 per
727 2064 757 2084 se
781 2055 939 2089 contigisse,
967 2053 1015 2081 sed

231 2109 323 2135 divina
347 2107 484 2133 voluntate
505 2113 536 2132 ac
557 2105 667 2131 decreto
687 2105 842 2137 comparata
861 2108 921 2128 esse
942 2107 1016 2134 qua:-

232 2162 340 2189 cunque
362 2153 430 2188 ipsis
454 2152 610 2179 acciderant
630 2150 710 2177 bona.
737 2147 918 2181 Quamobrem
945 2145 1017 2172 haud

234 2198 383 2227 absurdum
395 2201 447 2226 est.
464 2204 535 2223 nunc
547 2197 628 2222 etiam
644 2194 677 2222 de
690 2194 781 2229 populi
796 2193 895 2220 futuris
907 2192 1017 2219 casibus

1038 275 1100 310 ἔφη,
1109 275 1197 301 καίτοι
1208 282 1240 308 γε
1251 273 1335 300 πάλαι
1345 273 1391 300 τοῦ
1401 271 1550 309 Ζοροϐάϐελ
1559 271 1613 298 ἀπὸ
1624 270 1673 305 τῆς
1684 268 1821 304 αἰχμαλω-

1038 322 1098 353 σίας
1111 321 1179 357 μετὰ
1189 319 1242 347 τῶν
1252 319 1351 346 λοιπῶν
1359 317 1595 354 ἐπανεληλυθότος,
1606 319 1642 352 (p.
1653 316 1714 350 L98)
1727 315 1823 350 ψυχρο-

1037 367 1130 401 λογίας
1137 366 1195 393 ἐστὶ
1208 366 1339 402 περιττῆς
1352 365 1398 391 καὶ
1408 363 1532 399 ἀπειρίας
1546 363 1599 390 τῶν
1608 362 1687 389 θείων
1696 360 1822 397 Γραφῶν.

1073 413 1109 439 Τὸ
1122 412 1196 447 γοῦν,
1217 421 1227 438 ι
1253 412 1296 443 Ὦς
1318 410 1452 446 πρόϐατον
1466 410 1513 436 ἐπὶ
1527 409 1634 444 σφαγὴν
1648 407 1718 443 ἢχθη
1727 427 1734 436 ,
1752 416 1762 432 ι
1776 407 1825 440 οὐχ

1038 459 1133 494 ὥσπερ
1159 458 1311 493 μέλλοντος.
1333 456 1371 488 ὡς
1387 455 1593 492 περιγεγονότος
1608 454 1635 480 δὲ
1662 453 1712 489 ἤδη
1729 452 1804 485 λέγει
1816 459 1823 466 ·

1038 505 1069 531 οὑ
1085 503 1138 539 γὰρ
1158 502 1316 537 Ἀχθήσεται
1333 499 1417 532 εἶπεν,
1449 500 1506 527 ἀλλ’
1530 501 1638 534 Ἥχθη·
1663 498 1701 529 ὡς
1732 498 1781 524 οὐκ
1793 497 1825 523 ἂν

1040 551 1185 586 ἁρμὸσειεν
1208 549 1268 575 οὐδὲ
1281 547 1359 574 τοῦτο
1372 547 1412 582 τῷ
1429 546 1550 581 Δεσπότῃ
1564 544 1674 580 Χριστῷ
1696 544 1766 570 κατὰ
1781 542 1826 568 τὸν

1039 595 1094 622 τῶν
1111 593 1274 628 σοφωτάτων
1289 591 1377 625 λόγον,
1388 590 1434 622 οὓς
1447 591 1531 626 ἐχρῆν
1544 589 1641 616 εἰδέναι
1653 588 1707 614 τῶν
1723 587 1827 622 χρόνων

1040 641 1090 677 τὴν
1115 639 1264 674 ἐναλλαγὴν
1285 638 1410 672 ποικίλην
1427 634 1509 663 οὖσαν
1530 635 1576 661 ἐπὶ
1595 635 1644 669 τῆς
1667 633 1740 664 Θείας
1756 632 1828 667 Γρα-

1043 688 1105 723 φῆς,
1118 688 1185 722 ὅπερ
1199 683 1246 712 οὖν
1263 685 1306 711 διὰ
1321 683 1426 711 πολλῶν
1440 683 1521 718 ἡμεῖς
1535 683 1564 708 ὲν
1582 682 1615 716 τῇ
1632 680 1686 706 τῶν
1705 677 1827 713 Ψαλμῶν

1043 733 1185 770 ἑρμηνείᾳ,
1202 732 1248 758 καὶ
1267 731 1312 758 ἐπὶ
1332 730 1386 757 τῶν
1403 728 1548 765 προφητῶν
1569 727 1708 761 ἐδείξαμεν
1729 725 1830 759 αὐτάρ-

1044 787 1109 810 κως.
1129 776 1261 804 Ἐνταῦθα
1273 776 1364 811 μέντοι
1377 783 1408 809 γε
1426 774 1484 800 οὐδὲ
1498 775 1515 809 ἡ
1530 773 1626 808 χρῆσις
1637 773 1685 806 τῆς
1694 771 1794 805 φωνῆς,
1805 771 1829 796 εί

1044 825 1075 859 δή
1091 833 1132 855 τις
1143 823 1227 858 αὐτὴν
1241 822 1312 849 κατὰ
1327 821 1372 848 τδν
1393 820 1487 856 χρόνον
1499 818 1595 854 κρίνοι,
1615 817 1786 853 ἁρμόττουσα
1796 817 1829 851 τῇ

1045 869 1092 897 τοῦ
1114 870 1248 897 Δεσπότου
1270 866 1388 904 Χριστοῦ
1413 864 1564 901 παρουσίᾳ·
1583 865 1600 899 ἡ
1619 863 1666 898 μὲν
1681 863 1734 898 γὰρ
1762 862 1831 897 μετὰ

1046 915 1128 942 πολὺν
1138 914 1253 950 ἡμελλεν
1268 911 1393 948 γενέσθαι
1401 912 1446 938 τὸν
1462 910 1567 946 χρόνον,
1579 910 1593 936 ὁ
1603 908 1631 935 δὲ
1645 908 1695 935 οὐκ
1710 907 1833 934 Ἐλεύσε-

1045 970 1089 988 ται
1103 959 1190 992 εἶπεν,
1209 961 1276 995 ὅπερ
1293 959 1426 994 ἥρμοττεν
1444 957 1490 983 ἐπὶ
1509 956 1555 982 τοῦ
1573 955 1713 991 μέλλοντος
1732 955 1831 985 εἰπεῖν,

1047 1006 1103 1034 ἀλλ’
1114 1015 1123 1031 ι
1131 1006 1270 1041 Ἔρχεται,
1277 1014 1286 1029 ι
1295 1005 1362 1039 ὅπερ
1370 1002 1464 1029 εἴωθεν
1476 1002 1522 1028 ἐπὶ
1531 1001 1584 1028 τῶν
1599 1001 1682 1036 ἐγγὺς
1689 1000 1736 1026 καὶ
1744 1007 1833 1034 παρα-

1047 1053 1140 1088 χρῆμα
1156 1050 1305 1085 γινομένων
1319 1048 1455 1083 λέγεσθαι.
1464 1047 1541 1074 Κατὰ
1551 1047 1579 1073 δέ
1593 1055 1624 1080 γε
1637 1045 1731 1073 τοῦτον
1742 1045 1835 1072 αὐτῶν

1047 1098 1093 1125 τὸν
1115 1097 1192 1132 λόγον
1218 1095 1302 1123 πολλὰ
1328 1095 1374 1122 καὶ
1391 1094 1471 1129 ἕτερα
1498 1093 1632 1129 περιττῶς
1659 1092 1836 1127 εὑρεθήσεται

1049 1143 1162 1178 κείμενα
1178 1142 1253 1177 παρὰ
1262 1141 1300 1176 τῷ
1315 1140 1440 1176 προφήτῃ
1450 1148 1456 1154 ·
1470 1139 1531 1166 ἐπεὶ
1549 1139 1596 1165 καὶ
1610 1137 1658 1164 τοῦ
1681 1137 1767 1173 Ἰησοῦ
1786 1136 1836 1163 νῦν

1050 1188 1224 1224 ἀφαιρεῖσθαι
1238 1188 1312 1221 λέγει
1328 1187 1362 1213 τὰ
1378 1186 1487 1222 ῥυπαρὰ
1499 1185 1602 1220 ἱμάτια,
1618 1185 1689 1218 ᾶπερ
1701 1181 1734 1219 ἦν
1748 1183 1834 1219 δήλω-

1051 1244 1093 1267 σις
1115 1235 1164 1270 τῆς
1194 1234 1398 1269 αἰχμαλωσίας,
1422 1233 1468 1259 νῦν
1496 1241 1524 1259 τε
1549 1231 1621 1266 αὺτῷ
1649 1231 1679 1257 τὺ
1702 1230 1838 1266 ἱερατικὸν

1052 1280 1236 1317 περιτίθεσθαι
1255 1281 1346 1315 σχῆμα
1359 1287 1365 1294 '
1382 1279 1469 1306 καίτοι
1482 1286 1514 1312 γε
1534 1277 1613 1312 δῆλον
1634 1277 1674 1303 ὅτι
1690 1277 1736 1303 καὶ
1756 1276 1838 1308 αὐτὸς

1054 1326 1122 1362 μετὰ
1141 1326 1188 1352 τοῦ
1215 1325 1366 1361 Ζοροϐάϐελ
1391 1323 1514 1359 ἐληλύθει
1527 1343 1533 1354 ,
1550 1323 1716 1357 ἀπαλλαγείς
1743 1330 1772 1349 τε
1788 1322 1838 1356 τῆς

1053 1372 1237 1408 αἰχμαλωσίας
1254 1372 1301 1398 καὶ
1314 1372 1342 1397 ὲν
1357 1370 1395 1405 τῷ
1410 1370 1459 1404 τῆς
1479 1369 1625 1405 ἱερωσύνης
1643 1369 1760 1404 σχήματι
1773 1367 1839 1394 καθ-

1054 1418 1149 1450 εστώς.
1171 1418 1251 1445 Ὅθεν
1278 1418 1324 1444 καὶ
1346 1418 1360 1444 ὁ
1384 1416 1526 1452 προφήτης
1555 1416 1689 1450 μακάριος
1714 1415 1839 1448 Ἀγγαῖος

1054 1465 1130 1499 κοινῇ
1150 1463 1217 1499 πρὸς
1233 1463 1278 1489 τὸν
1293 1461 1444 1497 Ζοροϐάϐελ
1460 1461 1506 1487 καὶ
1530 1461 1597 1496 πρὸς
1623 1460 1702 1487 αὑτὸν
1716 1460 1840 1495 φαίνεται

1055 1510 1140 1544 λέγων
1154 1509 1184 1536 τὸ
1198 1509 1296 1544 χρῆναι
1313 1507 1362 1542 τῆς
1380 1507 1525 1541 οἰκοδομῆς
1538 1505 1584 1532 τοῦ
1601 1506 1664 1532 ναοῦ
1688 1505 1839 1540 φροντίσαι,

1058 1555 1105 1583 καὶ
1118 1555 1149 1581 τὺ
1164 1555 1261 1589 μέτρον
1281 1554 1310 1580 δὲ
1328 1553 1378 1587 τῆς
1394 1553 1526 1588 τιμωρίας
1552 1551 1597 1578 νῦν
1614 1552 1759 1586 ἀφαιρεθὲν
1773 1551 1842 1586 μετὰ

1059 1601 1106 1636 τῆς
1123 1600 1257 1636 ἁμαρτίας
1271 1599 1317 1625 τοῦ
1337 1598 1454 1634 Ἰσραὴλ,
1480 1598 1561 1633 φησιν
1577 1598 1616 1629 είς
1631 1597 1774 1623 Βαϐυλῶνα
1788 1597 1842 1623 άπ-

1058 1646 1209 1682 ενηνέχθαι.
1230 1645 1326 1672 Καίτοι
1340 1653 1370 1678 γε
1383 1645 1472 1680 Κύρος
1489 1645 1538 1679 μὲν
1554 1645 1568 1670 ὁ
1581 1643 1634 1670 τῶν
1645 1643 1756 1679 Περσῶν
1771 1642 1844 1670 Βασι-

1059 1693 1119 1723 λεὺς
1130 1692 1180 1727 τῆς
1202 1700 1231 1718 τε
1244 1690 1430 1726 αἰχμαλωσίας
1451 1690 1567 1716 ἀπέλυσε
1582 1689 1626 1715 τὸν
1639 1689 1711 1720 λαὸν,
1725 1689 1762 1724 (p.
1779 1689 1842 1723 499)

1059 1739 1107 1766 καὶ
1124 1738 1174 1774 τὴν
1195 1737 1341 1764 Βαϐυλῶνα
1367 1735 1488 1763 καθεῖλε·
1501 1735 1624 1770 φαίνεται
1641 1735 1669 1761 δὲ
1692 1734 1777 1761 ταῦτα
1798 1735 1845 1761 ἐπὶ

1060 1785 1173 1821 Δαρείου
1192 1785 1238 1811 τοῦ
1256 1785 1387 1820 βασιλέως
1403 1784 1488 1818 λέγων
1502 1785 1516 1809 ὁ
1536 1784 1686 1819 προφήτης.
1702 1782 1731 1815 ὃς
1748 1782 1845 1818 τέταρ-

1061 1840 1106 1863 τος
1124 1829 1158 1866 ἦν
1171 1832 1224 1858 ἀπὸ
1247 1831 1352 1865 Κύρου·
1369 1831 1432 1858 ὥστ’
1449 1831 1498 1856 οὐκ
1516 1828 1570 1864 εἶχε
1597 1829 1708 1864 καιρὸν,
1730 1828 1799 1856 κατά
1813 1837 1845 1863 γε

1061 1879 1125 1909 τοὺς
1146 1876 1200 1903 τῶν
1215 1877 1341 1903 τοιούτων
1355 1876 1501 1911 νομοθέτας
1511 1897 1517 1908 ,
1533 1875 1580 1902 νῦν
1595 1875 1683 1909 λέγειν
1696 1874 1817 1909 γίνεσθαι
1829 1874 1847 1901 ἃ

1063 1922 1147 1949 πάλαι
1164 1922 1210 1948 καὶ
1233 1922 1285 1957 πρὸ
1307 1921 1405 1947 πολλοῦ
1420 1922 1525 1956 γεγόνει
1540 1921 1586 1947 τοῦ
1604 1921 1716 1956 χρόνουο
1732 1920 1788 1946 ἀλλ’
1803 1919 1848 1946 εὖ·

1063 1967 1142 2002 δηλον
1157 1968 1197 1994 ὅτι
1213 1968 1248 1994 τὰ
1268 1969 1316 2003 μὲν
1338 1968 1487 2003 πράγματα
1503 1967 1622 2001 γέγονεν,
1633 1968 1647 1993 ὁ
1666 1968 1807 2002 προφήτης
1820 1967 1848 1993 δὲ

1064 2013 1096 2040 δι’
1109 2013 1304 2048 ἀποκαλύψεως
1321 2014 1372 2048 ὁρᾷ
1392 2014 1439 2039 νῦν
1469 2014 1538 2039 αὐτὰ
1548 2013 1686 2047 γινόμενα,
1707 2013 1744 2044 ὡς
1758 2013 1790 2039 ἄν
1802 2013 1849 2040 καὶ

1065 2059 1213 2093 γεγονότων
1238 2060 1260 2085 οἱ
1281 2059 1327 2085 τοῦ
1346 2058 1410 2085 λαοῦ
1433 2059 1542 2093 μάθοιεν
1568 2059 1684 2091 πάντες,
1699 2059 1740 2085 ὅτι
1767 2059 1850 2095 μηδὲν

1067 2103 1120 2130 ἀπὸ
1143 2104 1312 2138 ταυτομάτου
1329 2103 1505 2138 γέγονε,θείᾳ
1530 2103 1556 2129 δὲ
1578 2103 1703 2138 βουλήσει
1725 2104 1771 2129 καὶ
1795 2103 1851 2138 ὅρῳ

1067 2149 1265 2175 ἐπιτετέλεσται
1276 2148 1308 2183 δὴ
1318 2148 1406 2175 πάντα
1420 2148 1454 2174 τὰ
1467 2148 1531 2183 περὶ
1545 2148 1643 2179 αὐτοὺς
1654 2148 1744 2182 ἀγαθά
1762 2157 1769 2162 ·
1786 2147 1851 2174 ὥστ’

1068 2195 1143 2221 οὐδὲν
1158 2195 1271 2225 ἀπεικὸς
1290 2193 1334 2230 ἦν,
1357 2194 1401 2221 καὶ
1427 2194 1474 2220 νῦν
1498 2193 1626 2229 περὶτῶν
1645 2193 1853 2229 προσεσομένων

234 2245 285 2273 sub
301 2243 477 2271 Zorohabelis
497 2248 592 2276 regno,
608 2239 656 2267 Dei
676 2241 809 2267 sententia
831 2238 864 2264 ad
881 2238 907 2264 id
926 2237 1004 2264 electi

1071 2241 1109 2276 τῷ
1123 2240 1180 2275 λαῷ
1193 2240 1238 2266 διὰ
1252 2241 1300 2275 τῆς
1322 2240 1368 2266 τοῦ
1385 2239 1535 2275 Ζοροϐάϐελ
1548 2238 1683 2274 βασιλείας
1700 2240 1770 2265 κατὰ
1785 2239 1854 2266 Θεοῦ

235 2292 389 2325 loquentem
415 2288 584 2323 prophetam.
602 2287 693 2313 dicere
710 2295 718 2311 ι
735 2285 868 2312 Adventat
881 2284 973 2318 justus
992 2288 1020 2310 et

236 2340 372 2367 salvator;
397 2345 405 2360 ι
431 2339 460 2360 ιιι
479 2332 611 2368 signiﬁcet
633 2331 729 2359 adesse
749 2331 824 2358 illum
839 2331 873 2357 ad
896 2330 921 2356 id
938 2337 1020 2364 nego-

238 2383 279 2413 tii.
294 2385 319 2409 et
335 2388 350 2408 a
362 2380 417 2408 Deo
435 2387 524 2414 regem
538 2381 667 2410 electum,
686 2382 715 2404 ut
729 2384 760 2404 ca
777 2380 895 2411 praestet,
913 2383 974 2410 quae
993 2376 1021 2402 in

238 2426 479 2463 subsequentibus,
501 2433 550 2460 pro
566 2425 666 2460 populo
687 2426 720 2452 ab
742 2430 775 2451 eo
798 2427 906 2458 peracta
925 2422 1020 2456 fuisse,

237 2476 313 2504 dicit.

274 2567 354 2603 335
372 2566 456 2594 Vens.
473 2565 613 2593 1041—-
632 2562 685 2591 Sed
714 2562 847 2590 hactenus
860 2569 876 2589 a
891 2561 971 2589 nobis
987 2562 1023 2589 ob

240 2614 400 2642 tradendam
414 2612 610 2639 accuratiorem
620 2609 772 2637 doctrinam
784 2607 888 2635 dictum
901 2609 947 2635 sit.
963 2608 1022 2635 Jam

243 2660 372 2696 propheta
382 2658 415 2686 de
429 2656 595 2684 Zorobabele
607 2656 730 2691 loquens,
740 2654 827 2689 deque
841 2654 936 2681 eodem
949 2662 1020 2682 nunc

281 2733 303 2750 "’
323 2731 375 2759 lsa.
395 2737 455 2762 LIII,
474 2728 501 2755 7.

279 2804 335 2840 (66)
350 2800 496 2840 Granditer
505 2798 643 2840 libereque
651 2804 729 2840 more
740 2795 910 2840 suocr‘iticas
920 2793 1026 2840 herme-

245 2829 358 2869 neutica:
369 2837 476 2872 regulas
487 2829 661 2872 tradiditjlioc
673 2832 732 2858 loco
740 2830 914 2871 'l'heodnrus;
926 2829 1026 2869 quibus

366 2863 424 2900 £an
441 2871 484 2898 hic
500 2874 557 2898 tum
573 2868 648 2900 ahbi,
670 2866 777 2894 nonnisi
794 2872 827 2892 ex
840 2863 1027 2892 communior:

1071 2285 1183 2321 γνώμην
1201 2286 1239 2317 εἰς
1257 2285 1336 2311 τοῦτο
1353 2285 1585 2319 προχειρισθέντος
1600 2284 1713 2318 λέγοντα,
1725 2285 1770 2311 τὸν
1785 2293 1853 2320 προ-

1073 2332 1160 2367 φήτην
1174 2333 1270 2365 εἰπεῖν,
1284 2331 1324 2358 ὃτι
1335 2341 1344 2357 ι
1359 2332 1485 2366 Ἔρχεται
1499 2331 1601 2363 δίκαιος
1617 2331 1662 2357 καὶ
1674 2330 1777 2362 σώζων,
1793 2340 1803 2356 ι
1818 2331 1854 2362 ὡ,

1073 2379 1106 2406 ἂν
1118 2378 1263 2413 δηλώσειεν
1277 2378 1315 2404 ὃτι
1326 2378 1371 2403 ἐπὶ
1385 2377 1489 2409 τούτοις
1500 2377 1616 2412 πάρεστί
1624 2385 1654 2403 τε
1671 2378 1792 2412 καὶπρὸς
1806 2377 1856 2412 τὴν

1075 2424 1211 2460 βασιλείαν
1226 2424 1372 2458 ἐξείλεκται
1387 2424 1462 2459 παρὰ
1478 2423 1524 2450 τοῦ
1538 2424 1606 2450 Θεοῦ
1630 2423 1675 2450 ἐπὶ
1696 2423 1726 2449 τὸ
1746 2423 1857 2458 ποιῆσαι

1075 2471 1170 2502 ταῦτα,
1183 2471 1254 2506 ἅπερ
1265 2468 1311 2497 οὖν
1322 2471 1351 2496 ἐν
1365 2471 1421 2501 τοῖς
1436 2470 1499 2505 ἑξῆς
1512 2470 1574 2505 περὶ
1591 2470 1635 2496 τον
1647 2469 1711 2496 λαὸν
1728 2469 1761 2496 δι’
1774 2469 1858 2496 αὑτοῦ

1075 2516 1238 2552 γεγενῆσθαί
1256 2524 1348 2551 φησιν.

1111 2563 1184 2597 Στίχ.
1198 2561 1271 2596 ι’-ιβ’.
1286 2575 1321 2580 —
1342 2560 1421 2587 Ἀλλὰ
1439 2560 1524 2587 ταῦτα
1536 2559 1585 2595 μὲν
1607 2560 1647 2591 εἰς
1663 2559 1860 2595 ἀκριϐεστέραν

1077 2608 1195 2644 εἰρήσθω
1212 2606 1386 2633 διδασκαλίαν
1406 2605 1473 2640 (66).
1488 2605 1520 2633 '0
1539 2605 1567 2632 δὲ
1583 2606 1724 2642 προφήτης
1737 2605 1800 2641 περὶ
1813 2604 1860 2631 τοῦ

1076 2653 1225 2690 Ζοροϐάϐελ
1238 2653 1335 2687 λέγων,
1351 2652 1398 2679 καὶ
1417 2651 1481 2687 περὶ
1495 2650 1577 2679 αὑτοῦ
1594 2651 1626 2687 δὴ
1639 2651 1674 2678 τά
1690 2651 1738 2678 νῦν
1753 2659 1861 2686 προφη-

1079 2801 1174 2821 norma
1202 2798 1358 2821 sanctorum
1387 2793 1499 2821 Patrum
1528 2797 1646 2820 utemur.
1681 2791 1864 2819 Conferantut’

1079 2835 1154 2856 certe
1167 2830 1193 2856 in
1203 2830 1254 2856 hoc
1263 2829 1402 2856 Zachariae
1411 2829 1529 2864 capitulo
1540 2828 1731 2864 Hieronymus.
1740 2825 1866 2864 Theodo-

1079 2868 1166 2897 retus,
1179 2864 1307 2899 Cyrilttis.
1323 2864 1364 2892 Ad
1378 2861 1492 2892 Joannis
1507 2867 1597 2892 autem
1611 2861 1660 2896 xii,
1674 2862 1716 2896 t5,
1727 2863 1817 2889 locum
1827 2861 1866 2889 lo-
