1983 3072
141 163 196 194 561

610 164 881 194 COMMENTARIUS
895 166 929 193 IN
951 164 1137 193 ZACllABle
1157 163 1233 192 CAP.
1249 163 1292 192 IX.

1715 163 1768 192 563

143 223 243 253 τεύων,
253 222 278 248 ει
294 221 340 248 καί
351 229 412 248 τινα
424 221 573 256 φαντασίαν
587 222 625 253 ὡς
640 224 780 259 προφήτης
793 223 840 250 καὶ
852 223 932 255 αὐτὸς

996 222 1145 255 'aticinans,
1156 221 1290 256 siquidem
1302 220 1472 256 phantasiam
1488 222 1634 256 quamdam
1647 220 1681 249 de
1693 221 1767 250 futu-

145 264 211 301 περὶ
222 265 275 291 τῶν
289 264 437 300 μελλόντων
444 263 526 300 εἶχεν,
535 266 631 300 ἐπάγει
641 274 647 281 ·
657 276 666 292 ι
682 267 818 302 Κατάρξει
829 268 931 294 ὑδάτων

145 311 201 337 ἀπὸ
214 311 351 345 θαλάσσης
366 312 418 343 ἕως
435 311 581 347 θαλάσσης,
596 313 643 339 καὶ
661 313 714 339 ἀπὸ
727 313 856 348 ποταμῶν
879 314 932 346 ἕως

145 356 294 383 διεκδολῶν
311 357 370 391 γῆς.
393 366 402 382 ι
432 357 635 392 ’Υπερόολικῶς
653 359 700 385 καὶ
719 359 797 385 τοῦτο
817 360 886 386 κατά
902 360 932 386 τδ

146 403 242 433 εἰωθὸς
255 402 385 438 είρηκὼς,
402 403 442 429 ὅτι
463 403 565 430 πολλῶν
594 405 800 439 περιγενήσεται
819 405 872 431 τῶν
888 406 932 431 ὲν-

148 447 257 479 αντίων,
273 448 319 474 καὶ
345 448 444 483 πολλὴν
469 448 577 481 καθέξει
605 449 706 484 χώραν,
734 450 870 483 Ἰουδαίοις
885 450 933 486 τὴν

148 493 255 527 οἴκησιν
268 493 352 528 αὐτῆς
367 492 511 528 παραδούς.
527 494 651 526 Τοιοῦτός
667 495 723 521 ἐστι
742 495 790 521 καὶ
806 494 881 530 παρὰ
895 494 934 530 τῷ

151 538 279 573 μακαρίῳ
299 538 379 564 Δαυῒδ
393 539 408 565 ὁ
425 538 621 573 ὲϐδομηκοστὺς
637 543 660 565 α’
671 540 788 574 ψαλμὸς,
800 541 829 566 ὲν
852 541 935 575 εὐχῆς

151 583 271 617 σχήματι
295 583 409 617 δήλωσιν
433 583 502 617 ἔχων
522 583 570 618 τῆς
585 584 654 610 κατὰ
673 585 717 611 τὴν
733 585 877 619 Σολομῶνα
892 586 935 612 εὐ-

151 627 273 662 ετηρίας,
288 627 351 654 ἔνθα
376 629 474 663 φησιν·
489 636 498 653 ι
517 628 572 663 [Ιρὺ
592 628 639 655 τοῦ
664 629 740 664 ἡλίου
763 629 885 665 διαμενεῖ
906 631 935 657 τὸ

150 674 237 707 ὄνομα
252 673 344 703 αὐτοῦ.
360 674 407 700 καὶ
421 673 474 709 πρὸ
499 674 549 708 τῆς
573 674 685 709 σελήνης
699 675 794 708 γενεὰς
816 676 916 710 γενεῶν
926 684 933 692 ·

153 721 191 755 (p.
209 720 270 755 500)
291 721 337 747 καὶ
354 721 563 755 κατακυριεύσει
587 721 640 749 ἀπὸ
664 722 800 757 θαλάσσης
824 723 875 756 ἕως
888 723 936 751 θα-

153 765 265 799 λάσσης,
275 766 328 792 ἀπὸ
339 765 466 800 ποταμῶν
478 765 529 797 ἓως
544 766 668 801 περάτων
680 767 728 802 τῆς
742 768 901 803 οἰκουμένης
911 776 933 793 Ὶ

153 810 185 836 οὺ
197 810 250 845 γάρ
262 809 382 845 δηλονότι
393 810 578 846 ὑπερὸολιγῶς
589 811 696 846 εἴρηται
710 812 756 838 καὶ
767 812 852 839 ταῦτα
862 821 869 845 ;
878 811 938 839 εἷτα

155 856 265 889 ἐπάγει,
287 865 296 881 ι
313 855 367 882 Καὶ
381 857 412 882 σὺ
425 857 454 882 ὲν
465 856 559 891 αἵματι
575 856 705 892 διαθήκης
725 866 771 884 σου
786 858 940 890 ἐξαπέστει-

155 902 205 932 λας
220 901 346 935 δεσμίους
358 909 404 927 σου
425 902 456 927 ἐκ
478 901 579 928 λάκκου
592 901 642 928 οὐκ
666 902 772 938 ἔχοντος
787 903 858 939 ὕδωρ
874 912 881 920 ”
893 904 940 931 καὶ¹
956 902 976 929 Β

157 946 301 973 καθίσεσθε
317 946 345 972 ἐν
360 946 518 982 ὀχυρώματι
532 947 637 982 δέσμιοι
652 948 700 983 τῆς
712 949 881 984 συναγωγῆς,
892 950 940 976 καὶ

157 992 218 1018 ἀντὶ
238 991 303 1026 μιᾶς
325 991 431 1027 ἡμέρας
455 993 633 1027 παροικεσίας
649 1002 697 1020 σου
721 993 802 1020 διπλᾶ
824 995 942 1022 ἀνταπο-

157 1036 234 1064 ὂὼσω
253 1045 303 1064 σοι.
322 1046 331 1062 ι
354 1037 397 1063 Ἐν
413 1034 499 1064 emam
516 1037 548 1074 δὴ
572 1039 676 1070 τούτοις
695 1039 810 1074 μάλιστα
827 1040 861 1068 τὰ
878 1042 942 1076 περὶ

157 1083 203 1109 τὸν
218 1082 280 1117 Γὼγ
291 1083 406 1118 ἐσόμενα
419 1084 448 1109 ἐν
459 1085 519 1116 ταῖς
534 1084 581 1110 τοῦ
594 1085 746 1120 Ζοροὸάὸελ
761 1085 877 1121 ἡμέραις
892 1095 943 1122 μη-

157 1128 216 1155 νύει
231 1137 238 1144 ·
252 1128 320 1164 πρὸς
331 1128 361 1156 ὃν
372 1129 445 1163 λέγει
460 1130 500 1156 ὅτι
514 1129 627 1162 πολλοὺς
640 1130 750 1161 ἀνελὼν.
767 1133 813 1158 καὶ
835 1133 940 1160 πολλῶν

160 1174 262 1208 αἵματα
290 1175 404 1209 ἐκχέας,
429 1175 475 1201 καὶ
502 1176 535 1210 τῇ
566 1175 620 1202 τῶν
653 1177 780 1204 ἐναντίων
805 1179 941 1214 ἀναιρέσει

159 1220 254 1255 ὥσπερ
265 1220 319 1246 τισὶ
333 1220 480 1255 συνθήκαις
496 1220 646 1255 βεῦαιώσας
658 1223 745 1258 ἐαυτῷ
757 1223 806 1258 τὴν
821 1223 866 1250 τοῦ
877 1223 941 1251 λαοῦ

161 1264 313 1300 βασιλείαν,
329 1264 477 1298 ἀπαλλάξει
495 1264 545 1300 μὲν
571 1266 693 1299 ἅπαντας
714 1267 842 1294 κινδύνων
867 1269 944 1304 μεγί-

161 1320 242 1343 στων,
255 1312 283 1337 ὲν
299 1308 340 1343 οἷς
360 1310 453 1347 ὥσπερ
469 1313 497 1337 ὲν
511 1311 604 1347 λάκκῳ
629 1313 680 1339 τινὶ
705 1313 843 1347 διάγουσιν
872 1314 943 1350 ὕδωρ

159 1357 209 1384 οὐκ
228 1357 325 1392 ἔχοντι,
344 1357 386 1383 ἶνα
405 1358 479 1393 είπῃ,
506 1357 730 1394 ἀπαραμυθήτως
752 1362 846 1392 κακοῖς
859 1360 944 1396 ψυχα-

161 1403 265 1436 γωγίαν
275 1402 381 1437 ἔχουσιν
393 1402 519 1437 οὐδεμίαν
529 1411 536 1418 ⁸
554 1403 707 1438 διαμενεῖτε
721 1404 750 1431 δὲ
760 1406 785 1431 oi
801 1406 885 1432 πάλαι
902 1406 945 1433 5s—

163 1456 236 1482 σμιοι
252 1448 301 1482 τῆς
314 1447 367 1474 τῶν
383 1448 515 1474 Ἰουδαίων
530 1449 689 1484 συναγωγῆς
707 1450 773 1485 μετὰ
787 1451 885 1487 πολλῆς
896 1453 946 1487 τῆς

162 1491 312 1526 ἀσφαλείας
327 1493 463 1526 διάγοντες
482 1493 511 1519 ἐν
526 1495 581 1526 τοῖς
598 1494 708 1526 οίκείοις
722 1497 755 1530 τῇ
775 1497 945 1531 προεστῶτος

984 268 1023 295 ris
1035 268 1117 296 rebus
1131 268 1188 303 ipse
1200 274 1309 302 quoque
1323 274 1372 294 ceu
1387 267 1516 302 propheta
1529 267 1656 300 habebat,
1673 268 1766 296 addit:

987 323 997 340 ι
1009 314 1197 341 Dominabitur
1209 313 1286 347 aquis
1296 320 1311 339 a
1320 313 1386 339 mari
1399 313 1431 340 ad
1446 321 1529 346 mare,
1550 318 1575 340 et
1586 321 1601 340 a
1613 313 1768 342 fluminibus
1779 316 1781 319 ‘

986 367 1071 395 usque
1082 361 1114 386 ad
1124 359 1212 386 exitus
1228 363 1317 386 terrae.
1331 368 1340 384 ι
1355 358 1532 394 llyperbolice
1542 359 1593 386 hoc
1603 359 1685 387 etiam
1693 367 1769 387 more

985 413 1036 433 suo
1047 404 1200 440 dicit,quod
1213 412 1308 439 nempe
1317 404 1416 431 mullos
1430 405 1566 439 superabit
1579 405 1682 438 hostes,
1696 406 1768 432 mul-

986 455 1094 486 tamque
1104 450 1236 477 obtinebit
1246 449 1393 484 regionem,
1403 457 1482 484 quam
1491 449 1591 477 Iudaeis
1599 451 1767 478 incolendam

987 497 1083 525 tradet.
1097 496 1170 523 Talis
1181 495 1309 524 estetiam
1321 495 1392 530 apud
1402 496 1509 522 beatum
1521 495 1646 523 Davidem
1660 499 1768 531 septua-

987 543 1107 577 gesimus
1120 543 1223 576 primus
1232 542 1362 576 psalmus,
1371 542 1422 569 sub
1434 541 1521 576 prccis
1530 542 1619 576 specie
1627 541 1770 569 declarans

989 587 1142 615 Salomonis
1156 587 1373 622 prosperitatem,
1388 588 1432 614 ubi
1443 588 1499 615 ait:
1515 597 1523 613 ι
1533 587 1603 615 Ante
1611 588 1696 615 solem
1709 596 1770 623 per-

989 634 1108 661 manebit
1118 641 1215 660 nomen
1228 634 1297 667 ejus,
1308 637 1335 661 et
1348 639 1410 660 ante
1421 634 1512 660 lunam
1525 641 1573 668 per
1582 634 1770 668 generationes

989 678 1201 713 generationum.
1219 679 1250 705 Et
1263 678 1448 705 dominabitur
1465 686 1479 705 a
1494 678 1562 705 mari
1573 679 1606 705 ad
1622 681 1741 709 mare,et
1755 686 1770 704 a

988 723 1145 752 ﬂuminibus
1162 732 1247 759 usque
1263 725 1296 751 ad
1312 724 1444 751 terminos
1463 723 1582 752 terrae".
1595 732 1604 749 ι
1623 722 1720 750 Nonne
1745 727 1772 750 et

990 771 1048 798 haec
1072 771 1245 806 hyperbolice
1260 770 1334 797 dicta
1358 769 1488 799 fuerunt!
1509 770 1571 798 Mox
1586 769 1720 797 subdit”
1740 768 1772 795 Et

991 820 1020 844 tu
1035 816 1062 843 in
1075 816 1207 851 sanguine
1220 816 1376 844 testamenti
1389 817 1428 843 tui
1442 815 1558 843 emisisti
1572 815 1695 850 captivos
1711 818 1773 841 tuos

992 863 1025 889 de
1041 862 1099 890 lacu
1115 869 1212 896 aquam
1228 870 1282 890 non
1294 862 1410 889 habente
1421 866 1448 889 et
1463 861 1591 889 sedebitis
1603 860 1630 888 in
1643 861 1773 888 munitio-

991 915 1025 935 ne
1035 909 1133 942 captivi
1147 907 1313 943 Synagogae:
1326 911 1353 935 et
1365 915 1414 943 pro
1426 915 1480 935 uno
1491 907 1535 935 die
1547 906 1774 942 peregrinationis

990 957 1056 984 tuae.
1074 954 1193 988 duplicia
1209 954 1257 980 tibi
1275 953 1432 981 retribuam.
1443 963 1453 979 ι
1478 954 1508 980 ln
1529 953 1572 981 his
1586 953 1713 980 omnibus
1729 960 1773 980 res

989 1000 1123 1034 praecipue
1132 999 1198 1034 Gogi
1213 999 1319 1027 futuras
1327 999 1502 1027 Zorobabelis
1513 1003 1592 1026 aetate
1608 998 1714 1026 innuit:
1730 999 1773 1025 cui

990 1044 1058 1071 dicit
1072 1044 1130 1071 fore
1144 1048 1182 1077 ut,
1198 1044 1293 1072 multis
1317 1044 1486 1078 interemptis
1504 1048 1531 1070 et
1546 1043 1694 1070 multorum
1709 1049 1773 1069 san—

991 1089 1072 1124 guine
1087 1088 1182 1120 effuso,
1200 1094 1226 1115 et
1242 1088 1460 1116 adversariorum
1478 1087 1563 1119 caede,
1578 1087 1657 1122 quasi
1672 1086 1774 1114 fmdere

991 1135 1119 1170 quodam,
1136 1134 1228 1169 populi
1241 1135 1291 1161 sibi
1306 1141 1389 1169 regno
1403 1137 1519 1164 asserto,
1530 1133 1599 1166 fore,
1614 1133 1735 1167 inquam,
1746 1136 1776 1159 ut

991 1188 1087 1208 omnes
1100 1180 1225 1207 maximis
1248 1180 1377 1215 periculis
1398 1179 1535 1214 expediat,
1554 1178 1582 1205 in
1596 1178 1696 1212 quibus
1714 1180 1775 1203 tan-

992 1235 1072 1262 quam
1086 1227 1145 1253 lacu
1162 1226 1279 1260 quodam
1294 1225 1373 1260 aquis
1387 1228 1499 1252 carente
1512 1223 1625 1258 degunt,
1643 1222 1671 1250 id
1688 1226 1731 1250 est
1745 1222 1775 1248 in

994 1272 1074 1298 malis
1085 1271 1183 1299 solatio
1195 1271 1268 1298 omni
1280 1274 1307 1297 et
1320 1270 1490 1297 recreatione
1501 1269 1667 1296 carentibus.
1682 1267 1776 1294 Perse-

994 1316 1124 1344 verabitis
1137 1321 1227 1342 autem
1243 1316 1290 1350 qui
1304 1315 1368 1342 olim
1382 1315 1466 1342 eratis
1473 1314 1560 1342 Judaei
1571 1313 1683 1349 captivi,
1694 1313 1776 1339 multa

995 1369 1055 1389 cum
1073 1361 1222 1389 securitate
1235 1361 1261 1388 in
1277 1361 1364 1396 patria
1380 1361 1431 1388 sub
1447 1359 1570 1395 praesidis
1584 1359 1668 1387 vestri
1681 1358 1775 1385 tutela.

995 1408 1085 1441 Quare
1101 1415 1149 1442 pro
1166 1407 1200 1435 iis
1215 1414 1277 1442 quae
1292 1407 1364 1439 passi
1381 1406 1449 1434 estis
1464 1405 1631 1440 captivitatis
1646 1410 1777 1439 tempore.

996 1454 1082 1480 multo
1099 1452 1187 1487 major
1202 1452 1280 1480 vobis
1293 1452 1468 1488 praesentium
1484 1451 1620 1478 bonorum
1641 1450 1719 1484 copia
1736 1457 1778 1477 re-

997 1499 1142 1526 tribuetur.

163 1538 239 1573 ὑμῶν
262 1538 409 1573 ἀσφαλείᾳ·
437 1539 507 1566 ὥστε
525 1539 583 1566 ἀνθ’
601 1536 639 1566 ὧν
655 1541 806 1568 πεπόνθατε
818 1561 825 1574 .
851 1544 968 1578 ὁπηνίκα
984 1545 1013 1571 ἐν
1031 1544 1229 1581 αίχμαλωσίαις
1243 1542 1292 1580 ἦτε
1308 1543 1462 1579 διάγοντες,
1491 1542 1603 1578 μείζονά
1627 1550 1673 1568 σου
1690 1540 1779 1577 πολλῷ

162 1585 218 1612 τῶν
232 1586 372 1621 παρόντων
388 1586 497 1620 ἀγαθῶν
516 1587 640 1621 γενέσθαι
653 1588 703 1623 τήν
716 1589 857 1617 ἀντίδοσιν.

199 1632 272 1667 Στίχ.
299 1632 392 1667 ιγ’-ιζ’.
403 1647 440 1652 -
460 1631 527 1660 Εἶτα
554 1634 706 1666 ἀκολούθως
730 1635 828 1670 ὲπάγει
843 1643 849 1650 ·
867 1646 878 1663 ‹
896 1637 945 1664 Διὰ

1030 1636 1111 1672 336
1126 1635 1205 1663 Vsus.
1218 1634 1310 1662 15-17.
1325 1632 1466 1662 —Postea
1483 1631 1657 1668 prosequitur
1670 1640 1677 1658 :
1690 1640 1700 1657 ι
1714 1630 1781 1658 Pro-

163 1677 243 1704 τοῦτο
259 1677 378 1705 ὲνέτεινά
393 1686 422 1705 σε
437 1678 556 1714 ἐμαυτῷ,
570 1679 664 1713 Ἰούδα,
681 1679 719 1712 ὡς
739 1680 824 1713 τόξον,
844 1681 949 1717 ἑπλησα

163 1723 204 1758 τῷ
231 1723 365 1759 “Εφραῖμ·
390 1725 436 1751 καὶ
461 1724 580 1761 ἑξεγερῶ
594 1725 628 1752 τὰ
651 1725 734 1753 τέκνα
758 1726 827 1753 Σιὼν
848 1727 893 1754 ἐπὶ
915 1728 949 1755 τὰ

165 1769 248 1796 τέκνα
264 1769 317 1796 τῶν
348 1770 497 1804 Ἑλλήνων,
515 1771 561 1797 καὶ
586 1770 739 1806 ψηλαφήσω
762 1780 790 1798 σε
816 1772 853 1805 ὡς
881 1774 948 1808 ῥομ-

167 1815 250 1849 φαίαν
275 1815 407 1851 μαχητοῖη
425 1826 434 1842 ι
463 1815 546 1843 Ἰούδα
561 1817 608 1843 καὶ⁸
631 1817 750 1853 Ἐφραίμ
765 1817 850 1852 λέγει,
870 1818 903 1845 ἵν’
918 1819 951 1845 ὲκ

168 1860 269 1896 μέρους
284 1861 331 1888 τοῦ
352 1861 519 1897 κυριωτάτου
533 1862 563 1889 τὸ
583 1862 708 1898 σύστημα
731 1864 785 1890 τῶν
816 1865 951 1893 Ἰουδαίων

168 1907 243 1943 εἴπῃ.
261 1907 299 1942 (p.
317 1907 379 1942 501)
407 1908 450 1940 Ὡς
475 1907 551 1940 τόξον
577 1908 666 1936 τοίνυν
683 1910 858 1945 ἐντεταμένον
882 1911 951 1938 κατὰ

168 1952 222 1979 τῶν
237 1953 372 1988 πολεμίων
388 1954 459 1988 ὑμᾶς
472 1954 623 1989 ἐργάσομαι
640 1955 780 1990 ἰσχυροὺς,
795 1955 865 1982 ὥστε
882 1957 952 1983 κατὰ

169 1999 279 2026 πάντων
292 1999 345 2026 τῶν
356 1998 559 2035 ἐπεληλυθότων
574 2001 637 2035 ὑμῖν
650 2000 797 2037 ἀλλοτρίων
809 2002 878 2037 μετά
889 2002 952 2029 πολ-

169 2045 218 2081 λῆς
236 2046 308 2081 ὑμᾶς
330 2047 505 2082 ὁρμήσαντας
519 2046 569 2082 τῆς
589 2047 743 2082 προθυμιας
765 2048 848 2075 πολὺν
863 2048 952 2075 αὐτῶν

170 2091 340 2126 ἐργάσασθαι
357 2092 403 2118 τὸν
429 2092 507 2127 φόνον
517 2101 524 2107 ·
536 2093 584 2119 καὶ
597 2093 657 2119 ὅσον
672 2093 744 2125 εἰκὸς
758 2093 787 2127 eg
799 2094 896 2129 ἀνδρὸς
908 2102 950 2128 γι-

171 2137 264 2164 νέσθαι
280 2139 308 2164 ὲν
331 2139 430 2173 μάχαις
455 2138 502 2164 καὶ
523 2138 650 2173 πολέμοις
663 2139 708 2165 καὶ¹
721 2139 812 2173 φόνοις
830 2140 860 2166 τὸ
879 2139 954 2174 ξίφος

171 2183 215 2209 ἀεὶ
229 2184 412 2219 γυμνάζοντος
430 2183 460 2210 τὸ
484 2185 592 2211 οἰκεῖον.
610 2184 665 2211 Καὶ
678 2184 739 2211 ὅθεν
755 2185 841 2212 ταῦτα
862 2185 954 2216 αὐτοῖς

172 2229 313 2264 περιέσται
327 2230 424 2265 δηλῶν,
436 2239 445 2255 ι
457 2230 511 2256 Καὶ
522 2229 622 2265 Κύριος
634 2231 676 2257 ἐπ’
685 2230 782 2262 αὐτοὺς
795 2230 953 2266 ὀφθήσεται,

171 2275 220 2311 καὶ
230 2275 397 2306 ἐξελεύσεται
413 2275 451 2307 ὼς
462 2276 587 2311 ἀστραπὴ
598 2275 669 2310 βολὶς
686 2276 766 2302 αὑτοῦ
777 2285 784 2291 ·
796 2276 843 2303 καὶ
854 2276 954 2311 Κύριος

999 1685 1092 1718 pterea
1105 1681 1205 1709 tetendi
1237 1684 1263 1708 te
1287 1679 1370 1712 mihi,
1393 1678 1473 1711 Juda,
1493 1682 1522 1706 ut
1539 1686 1654 1712 arcum;
1680 1677 1779 1712 replevi

999 1727 1157 1763 Ephraimo.
1171 1726 1205 1754 Et
1228 1725 1374 1754 concitabo
1398 1725 1470 1752 filios
1483 1724 1548 1752 Sion
1562 1724 1694 1751 adversus
1713 1723 1782 1750 filios

999 1773 1170 1804 Graecorum,
1186 1776 1213 1800 et
1230 1771 1381 1799 attrectabo
1398 1774 1424 1798 te
1440 1776 1569 1806 tanquam
1587 1769 1706 1805 gladium
1726 1769 1782 1796 bel-

999 1819 1106 1846 latoris.
1120 1828 1129 1845 ι
1140 1818 1238 1846 Judam
1251 1822 1332 1853 atque
1347 1817 1521 1852 Ephraimum
1536 1816 1613 1848 dicit,
1629 1820 1659 1844 ut
1675 1823 1689 1843 a
1705 1819 1781 1850 parte

1000 1865 1193 1900 principaliore
1222 1866 1360 1891 nationem
1391 1862 1546 1890 Iudaeorum
1561 1862 1680 1890 denotet.
1700 1861 1782 1894 Quasi

1000 1918 1095 1939 arcum
1107 1911 1199 1946 itaque
1214 1913 1355 1937 extentum
1370 1909 1501 1936 adversus
1515 1908 1610 1936 hostes
1624 1907 1719 1934 faciam
1735 1913 1781 1934 vos

1001 1955 1115 1988 validos,
1133 1959 1162 1982 ut
1179 1955 1263 1982 multa
1279 1962 1341 1982 cum
1357 1955 1497 1982 alacritate
1512 1958 1607 1981 contra
1624 1960 1717 1980 omnes
1735 1959 1783 1979 ex-

1001 2006 1111 2029 traneos
1135 2008 1309 2036 aggressores
1332 2001 1461 2035 impetum
1480 1999 1622 2031 facientes,
1645 1998 1782 2033 copiosam

1002 2048 1109 2075 illorum
1126 2046 1295 2074 occidionem
1312 2045 1442 2081 patretis:
1460 2052 1557 2077 nempe
1573 2049 1653 2080 prout
1671 2044 1728 2071 viro
1741 2043 1784 2071 de-

1001 2097 1073 2121 ceret
1088 2091 1114 2118 in
1129 2091 1228 2127 pugnis
1243 2091 1376 2126 bellisque
1387 2096 1413 2118 et
1429 2091 1549 2118 caedibus
1566 2090 1686 2126 gladium
1702 2098 1782 2117 suum

1002 2138 1110 2165 vibrare
1131 2140 1273 2165 consueto.
1292 2137 1379 2172 Atque
1404 2138 1461 2164 haec
1487 2137 1622 2164 undenam
1649 2136 1704 2163 illis
1729 2135 1781 2163 sint

1003 2184 1152 2211 obventura
1167 2183 1279 2215 docens,
1297 2191 1307 2208 ι
1324 2182 1355 2210 Ει
1367 2181 1507 2215 Dominus,
1524 2182 1623 2217 inquit,
1640 2188 1722 2216 supra
1736 2189 1784 2209 eus

1003 2229 1153 2264 apparebit,
1172 2232 1199 2255 et
1222 2228 1307 2255 exibit
1327 2228 1403 2262 quasi
1420 2227 1511 2262 fulgur
1532 2228 1630 2262 sagitta
1656 2228 1727 2261 ejus.
1753 2226 1784 2253 Et

1006 2273 1136 2302 Dominus
1152 2274 1223 2302 Deus
1238 2273 1409 2308 omnipotens
1424 2273 1488 2300 tuba
1508 2276 1596 2306 canet,
1620 2276 1646 2300 et
1658 2272 1786 2307 procedet

171 2320 280 2352 όΘεὺςό
292 2321 485 2357 παντοκράτωρ
499 2322 527 2347 ὲν
540 2322 668 2355 σάλπιγγι
681 2321 799 2354 σαλπιεῖ,
813 2322 860 2348 καὶ
873 2323 946 2348 ἐκπο-

1006 2320 1034 2347 ίιι
1049 2320 1167 2355 procella
1179 2320 1314 2347 minarum
1330 2327 1456 2347 suarum:
1471 2319 1601 2346 Dominus
1613 2319 1785 2354 omnipotens

174 2367 299 2402 ρεύσεται
310 2368 339 2394 ὲν
349 2367 421 2402 σάλῳ
430 2367 545 2403 ἀπειλῆς
554 2367 645 2394 αὑτοῦ·
653 2368 753 2403 Κύριος
761 2368 957 2405 παντοκράτωρ

173 2412 336 2446 ὑπερασπιεῖ
353 2411 516 2443 αὐτῶν-καὶ
536 2411 770 2439 καταναλώσουσιν
784 2413 891 2444 αὐτοὺς,
911 2412 958 2439 καὶ

174 2455 377 2491 καταχώσουσιν
389 2456 486 2488 αὐτοὺς
496 2458 525 2483 ὲν
538 2456 621 2488 λίθοις
633 2457 785 2493 σφενδόνης,
795 2458 841 2484 καὶ
851 2458 959 2484 ἑκπίον-

175 2510 219 2528 ται
228 2501 258 2528 τδ
270 2499 340 2537 αἷμα
354 2501 444 2528 αὐτῶν
453 2502 490 2533 ὡς
500 2499 578 2532 οἶνον,
591 2502 637 2528 καὶ
651 2502 782 2537 πλήσουσι
797 2502 846 2534 τὰς
860 2502 958 2536 φιάλας

175 2549 264 2576 ελαίου
279 2550 316 2581 ὡς
331 2550 529 2585 θυσιαστήριον.
540 2559 549 2576 ι
563 2550 582 2576 Γ
584 2551 707 2585 ενήσεται
717 2550 745 2577 δὲ
759 2550 953 2586 ταῦτα,φησὶν,

177 2594 269 2629 ἐπειδὴ
297 2594 362 2626 Θεὸς
389 2594 548 2630 στρατηγῶν
576 2595 639 2630 ὑμῖν
667 2595 779 2630 φοϐερὸν
807 2595 877 2622 κατά
901 2596 956 2622 τῶν

176 2638 389 2672 ἐναντιουμένων
416 2639 478 2674 ὑμῖν
501 2640 635 2666 ἀνατείνει
651 2640 681 2666 τὸ
706 2641 798 2676 ὄμμα,
813 2640 957 2676 ἀστραπῆς

176 2684 253 2718 δίκην
271 2684 435 2718 ἐπιπέμπων
457 2685 546 2717 αὐτοῖς
573 2684 607 2712 τὰ
629 2685 691 2721 ξίφη
704 2693 711 2701 °
730 2686 775 2712 καὶ
796 2685 890 2721 ὥσπερ
905 2686 958 2712 τινί

212 2742 234 2757 ⁸⁸
253 2740 327 2769 Psal.
347 2741 498 2773 Lxxl,5—8.

179 2806 276 2835 gantur
289 2799 458 2834 Augustinus
470 2800 496 2826 in
511 2798 590 2835 Ιραη.
603 2806 684 2826 serm.
696 2799 959 2835 5LChrysostomus

180 2833 243 2863 item
263 2836 289 2862 in
306 2833 388 2861 Idan.
407 2835 498 2860 homil.
520 2834 568 2866 66,
581 2834 707 2869 Cyijllus.
723 2833 817 2860 comm.
836 2834 864 2860 in
878 2833 958 2869 Joag.

178 2878 240 2905 opp.
256 2870 288 2897 Τ.
305 2868 350 2901 IV,
368 2877 395 2904 p.
412 2868 472 2902 698,
488 2867 837 2904 denique‘Theuphylactus
853 2876 915 2903 opp.
927 2867 958 2896 Τ.

1007 2367 1127 2394 tuebitur
1148 2374 1206 2395 eos.
1224 2366 1257 2393 Et
1283 2367 1344 2394 illos
1370 2366 1593 2401 pessumdabunt,
1617 2368 1644 2393 et
1669 2364 1785 2392 obruent

1006 2419 1054 2439 eos
1067 2411 1202 2446 lapidibus
1216 2410 1298 2438 funda
1309 2411 1461 2446 ejaculatis,
1477 2414 1503 2438 et
1520 2410 1612 2437 bibent
1627 2410 1785 2445 sanguinem

1007 2457 1114 2484 illorum
1129 2456 1208 2491 quasi
1220 2457 1323 2488 vinum,
1338 2460 1365 2483 et
1380 2456 1530 2490 implebunt
1543 2455 1648 2489 phialas
1656 2455 1786 2487 olco,sic-

1008 2505 1036 2528 ut
1051 2501 1144 2528 altare.
1159 2510 1168 2527 ι
1190 2499 1268 2527 Fient
1281 2500 1347 2532 haec,
1360 2500 1457 2535 inquit,
1474 2500 1536 2534 quia
1553 2499 1634 2531 Deus,
1653 2500 1785 2527 bellorum

1007 2550 1159 2575 vestrorum
1176 2546 1243 2579 dux,
1261 2545 1406 2573 terribilem
1423 2545 1553 2573 adversus
1569 2545 1661 2572 hostes
1679 2544 1786 2572 oculum

1008 2593 1134 2625 intendit,
1151 2592 1265 2626 fulguris
1287 2592 1372 2618 instar
1386 2591 1536 2618 immittens
1550 2590 1590 2618 eis
1609 2589 1734 2625 gladios:
1761 2594 1787 2616 et

1009 2643 1137 2672 tanquam
1151 2637 1268 2665 classico
1280 2636 1408 2672 quodam,
1432 2636 1532 2663 virtute
1554 2643 1614 2668 sua,
1630 2643 1679 2663 vos
1693 2643 1787 2662 omnes

1011 2685 1044 2713 ad
1064 2685 1163 2712 bellum
1180 2683 1331 2716 concitans,
1346 2682 1402 2711 dux
1424 2687 1515 2710 vester
1540 2682 1602 2715 erit,
1627 2682 1709 2709 minis
1731 2682 1788 2709 suis

1012 2801 1034 2831 l,
1061 2807 1088 2834 p.
1115 2799 1177 2830 673,
1199 2799 1242 2826 ed.
1265 2799 1348 2831 Vcn.,
1374 2799 1420 2834 qui
1447 2805 1541 2827 omnes
1565 2798 1741 2834 prophetiam-
1756 2798 1789 2827 de

1012 2835 1121 2863 Christo
1136 2835 1293 2870 simpliciter
1315 2835 1474 2870 intelligunt.
