1983 3072
137 166 229 203 ,σεε

755 171 929 200 TllEODORl
948 173 1188 203 MOPSUESTENI

1744 178 1797 205 ,Μ
1815 182 1818 185 .

176 230 291 254 cunctos
302 226 427 261 quatiens
438 225 625 256 adversarios:
638 231 783 265 tantasque
795 231 873 260 vobis
883 231 954 260 favo-

1011 232 1141 268 σάλπιγγι
1150 235 1183 270 τῇ
1198 234 1286 270 οίκείᾳ
1300 233 1413 270 δυνάμει
1425 233 1530 266 πάντας
1539 234 1610 269 ὑμᾶς
1625 235 1664 266 εἰς
1680 234 1726 262 τὸν
1747 237 1798 263 πό-

176 279 206 299 re
219 279 270 300 suo
291 272 432 308 suppetias
447 271 531 305 feret,
559 277 588 300 ut
605 274 791 303 incolumitate
808 276 885 303 vobis
900 283 959 304 ma-

145 347 147 350 ,
177 322 269 350 nente,
285 317 458 347 adversarios
479 326 575 347 omnes
598 320 773 354 interimatis.
789 327 816 350 et
841 322 958 358 lapidum

176 364 277 392 ictibus
298 364 438 398 obruatis;
451 365 609 400 sanguinem
627 366 744 402 denique
765 368 873 395 illorum
899 376 960 404 pro-

175 412 236 444 pter
250 409 361 436 nimiam
376 409 534 438 effusionem
551 412 746 446 propemodum
762 413 855 442 bibere
870 415 960 442 videa-

170 453 254 486 mini,
267 453 332 482 dum
351 454 418 482 etcdi
442 454 551 483 illorum
573 457 659 484 multa
674 465 736 485 cum
761 459 902 488 alacritate
919 461 959 488 in-

174 497 303 534 dulgetis.
315 499 405 535 Atque
416 500 454 526 ita
467 504 528 535 post
544 500 684 528 victoriam
698 502 792 538 plenas
808 505 868 532 olco
884 506 960 540 phia-

175 543 227 576 las,
242 544 372 572 sacriﬁcii
393 545 483 574 instar
500 545 556 574 Deo
571 547 702 582 oﬂ‘eretis,
719 548 755 576 ob
769 549 959 577 demonstran-

174 589 237 617 dam
255 589 325 625 (Dei)
339 591 520 624 clementiam,
536 600 550 619 a
566 600 618 628 qua
636 597 727 622 tantas
740 595 813 623 vires
836 597 960 630 impetra-

174 635 236 663 utis.
251 635 314 663 Mox
329 637 464 665 subnectit
480 637 537 665 fore
554 643 584 665 ut
596 638 665 666 Deus
674 647 739 668 suos
753 648 847 668 omnes
862 642 958 674 salvet,

173 681 266 708 ovium
281 681 369 709 instar
387 683 538 711 incolumes
552 684 725 719 custodiens;
740 686 820 721 cujus
837 687 875 714 rei
891 695 958 714 cau-

174 733 233 753 sam
245 727 376 759 recitans.
395 726 479 760 «Quia
497 729 600 764 lapides
618 731 716 764 sancti,
731 731 829 767 inquit,
843 733 958 760 volvun-

174 776 218 799 tur
234 780 317 808 super
331 778 430 801 terram
445 774 527 810 337
541 775 612 810 ejus,
635 777 699 811 quia
716 777 740 805 si
760 777 825 813 quid
841 777 957 811 bonum,

173 816 250 850 ejus;
265 821 291 844 et
306 817 330 845 si
346 818 411 853 quid
423 819 579 853 pulchrum,
594 820 664 856 ejus.
680 831 689 847 ι
707 821 784 849 Multi
806 824 890 856 enim.
915 824 957 850 in-

173 862 243 896 quit,
258 863 328 890 inter
350 871 398 891 vos
414 864 535 893 invenire
549 869 592 894 est
612 867 722 896 virtutis
745 868 895 901 studiosos,
909 870 956 905 qui

1010 279 1092 315 λεμον
1117 279 1261 316 διεγείρας,
1279 280 1464 316 προηγήσεται
1484 279 1570 315 ὑμῶν,
1587 281 1619 316 τῇ
1644 281 1740 318 ἀπειλῇ
1763 283 1794 317 τῇ

1012 327 1065 362 ἰδίᾳ
1089 326 1193 358 πάντας
1218 326 1337 353 σαλεύων
1359 327 1421 358 τοὺς
1440 327 1577 358 ἐναντίους
1592 336 1599 344 ·
1615 327 1748 364 τοσαύτην
1763 337 1795 355 τε

1010 372 1074 406 ὑμῖν
1085 371 1196 407 παρέξει
1210 371 1254 398 διὰ
1267 371 1318 407 τῆς
1329 371 1432 403 οἰκείας
1442 373 1587 408 συνεργίας
1595 371 1646 408 τὴν
1657 372 1793 408 βοήθειαν,

1010 416 1079 443 ὥστε
1105 416 1176 452 ὑμᾶς
1192 415 1319 448 ἀϐλαϐεῖς
1333 416 1482 452 διαμεῖναι,
1499 417 1545 444 καὶ
1571 418 1634 449 τοὺς
1658 418 1794 450 ἐναντίους

1010 462 1200 488 καταναλῶσαι
1213 462 1317 494 πάντας
1327 471 1333 478 ·
1347 462 1394 488 καὶ
1406 463 1465 494 ταῖς
1477 462 1530 489 τῶν
1541 462 1622 489 λίθων
1637 463 1794 498 καταχῶσαι

1011 506 1111 541 βολαῖς,
1126 507 1157 533 τὸ
1171 504 1239 542 αἷμά
1255 516 1284 534 τε
1294 506 1384 534 αὐτῶν
1399 508 1432 543 τῇ
1449 507 1583 544 ὑπερϐολῇ
1596 510 1646 544 τῆς
1658 509 1793 544 ὲκχύσεως

1011 553 1090 588 μόνον
1105 553 1155 579 οὐκ
1168 554 1286 585 ἐκπιεῖν,
1310 553 1393 589 πολλῇ
1410 554 1443 589 τῇ
1460 553 1510 588 τῆς
1526 553 1690 589 ἀναιρέσεως
1705 554 1793 581 αὐτῶν

1010 598 1149 634 προθυμίᾳ
1170 598 1373 634 κεχρημένους⁶
1385 597 1456 624 ὥστε
1473 598 1541 634 μετὰ
1563 598 1613 634 τὴν
1637 599 1715 634 νίκην
1726 599 1794 634 πλη-

1011 643 1150 679 ρώσαντας
1165 644 1236 679 ὑμᾶς
1249 643 1339 670 ἐλαίου
1350 643 1460 678 φιάλας,
1479 643 1574 675 θυσίας
1589 643 1666 679 δίκην
1682 643 1720 679 τῷ
1733 644 1792 679 Θεῷ

1010 689 1202 725 προσκομίσαι,
1220 689 1257 725 (p.
1271 689 1333 724 502)
1350 690 1389 721 είς
1403 689 1512 725 ἔλεγχον
1526 689 1576 725 τῆς
1590 689 1792 725 φιλανθρωπίας

1008 735 1042 762 δι’
1059 735 1092 770 ἢν
1108 736 1275 770 τετυχήκατε
1295 735 1346 770 τῆς
1359 727 1507 771 ’τοσαύτης
1519 736 1669 771 δυνάμεως,
1682 735 1793 767 Τούτοις

1008 780 1163 812 ἀκολούθως
1188 781 1296 815 ἐπάγει,
1310 781 1351 808 ὄτι
1376 782 1480 814 πάντας
1495 782 1559 813 τοὺς
1574 781 1691 813 οἰκείους
1715 790 1792 817 περι-

1009 827 1090 854 σώσει
1117 827 1193 858 Θεὸς,
1218 827 1362 863 προϐάτων
1387 827 1463 863 δίκην
1484 827 1612 859 ἀϐλαϐεῖς
1631 827 1789 862 φυλάττων⁵

1009 872 1056 899 καὶ
1070 872 1120 907 τὴν
1134 872 1222 899 αἰτίαν
1237 872 1334 906 λέγων,
1353 881 1362 898 ι
1381 872 1453 901 Διότι
1472 872 1540 899 λίθοι
1557 872 1630 906 ἅγιοι
1654 871 1790 899 κυλίονται

173 915 235 934 cum
255 909 368 944 reliquis
392 909 550 939 hominibus
572 911 600 939 in
623 916 695 940 terra
710 921 805 949 repere
822 915 954 947 vitienturl

1009 918 1055 944 ἐπὶ
1068 917 1118 953 τῆς
1132 918 1182 954 γῆς
1196 917 1278 945 αὑτοῦ
1289 926 1295 933 ·
1312 918 1352 944 ὅτι
1363 918 1390 944 εῐ
1404 926 1431 944 τι
1455 917 1567 951 άγαθδν,
1582 917 1664 944 αὑτοῦ
1678 926 1685 933 ·
1698 917 1746 944 καὶ
1766 916 1793 943 εί

174 954 261 989 ignoti
275 956 410 990 pluribus.
426 957 461 984 At
476 957 547 986 Deus
561 958 658 985 horum
674 960 772 994 gratia.
787 968 820 988 ne
834 961 957 996 reliquos

172 1000 281 1034 quidem
296 1001 439 1037 despiciet.
455 1002 523 1030 Nam
537 1004 667 1039 quidquid
684 1005 784 1032 bonum
798 1006 958 1041 pulchrum-

171 1054 225 1081 que
236 1051 289 1079 est,
304 1055 374 1083 opus
389 1048 463 1077 illius
478 1054 537 1077 est:
557 1049 672 1085 ideoque
687 1055 844 1079 sanctorum
859 1056 885 1079 et
901 1053 957 1080 vir-

171 1091 238 1119 tutis
262 1096 429 1120 sectatorum
453 1094 563 1122 sibimet
579 1095 724 1124 vindicans
740 1097 892 1132 passiones,
910 1106 957 1133 pa-

171 1140 247 1165 ratus
265 1141 308 1165 est
333 1138 410 1166 alteri
437 1148 545 1175 quoque
567 1145 677 1176 propter
691 1143 753 1170 illos
767 1143 835 1171 bene
853 1143 952 1171 facere.

171 1184 302 1213 Posthinc
328 1186 480 1214 ubertatem
507 1195 616 1223 quoque
640 1189 707 1225 ipsis
732 1191 863 1220 nuntians
890 1196 954 1227 post

171 1230 290 1258 hostium
304 1232 416 1264 caedem,
427 1233 512 1268 pergit
528 1233 636 1262 dicere:

1005 972 1031 990 τι
1055 963 1147 996 καλὸν⁷
1166 963 1258 991 αὑτοῦ.
1281 973 1290 990 ι
1307 963 1425 996 Πολλοὺς
1440 964 1489 1000 μὲν
1512 964 1567 1000 γάρ
1590 965 1619 990 ὲν
1639 964 1702 999 ὑμῖν
1721 961 1790 989 εῖναι

1006 1008 1163 1045 συμϐέϐηκε
1173 1029 1180 1041 ,
1195 1001 1278 1044 φησὶν
1283 1029 1291 1040 ,
1306 1009 1406 1044 ἀρετῆς
1428 1008 1656 1051 ἒπψελομένους,
1671 1008 1696 1035 οῖ
1721 1007 1790 1043 μετὰ

1004 1054 1058 1081 τῶν
1077 1054 1178 1082 λοιπῶν
1190 1055 1339 1090 ἀνθρώπων
1360 1055 1406 1081 ἐπὶ
1421 1055 1470 1090 τῆς
1486 1054 1538 1090 γῆς
1549 1055 1643 1089 ἕρπειν
1654 1053 1788 1085 δοκοῦσιν,

1005 1100 1117 1134 ἀφανεῖς
1128 1101 1204 1132 ὄντες
1216 1102 1272 1132 τοῖς
1284 1100 1404 1133 πολλοῖς·
1419 1101 1485 1132 Θεὸς
1504 1101 1532 1127 δὲ
1549 1100 1582 1127 δι’
1599 1100 1717 1130 ἐκείνους
1729 1099 1790 1126 οὐδὲ

1005 1146 1068 1177 τοὺς
1081 1145 1191 1177 λοιποὺς
1206 1145 1366 1181 περιόψεται
1377 1155 1384 1162 ·
1402 1145 1494 1181 ἐπειδὴ
1509 1146 1562 1172 πᾶν
1572 1145 1585 1172 ὂ
1597 1153 1623 1172 τι
1642 1143 1743 1178 ἀγαθόν
1759 1152 1790 1170 τε

1007 1191 1053 1218 καὶ
1067 1191 1156 1223 καλὸν,
1171 1191 1250 1226 ἔργον
1265 1191 1348 1218 αὑτοῦ
1358 1200 1365 1207 ·
1383 1191 1424 1218 διὸ
1437 1191 1469 1227 δὴ
1490 1191 1538 1218 καὶ
1557 1191 1611 1218 τῶν
1635 1190 1719 1223 ἁγίων
1742 1189 1790 1216 καὶ

1007 1237 1074 1273 πρὸς
1085 1237 1183 1273 ἀρετὴν
1196 1237 1346 1272 βλεπόντων
1354 1238 1454 1264 οίκειού
1458 1246 1537 1274 μενος
1544 1237 1578 1264 τά
1587 1236 1670 1272 πάθη,
1682 1235 1790 1270 ἕτοιμός

170 1278 228 1305 ἐστι
245 1279 294 1306 καὶ
310 1279 419 1315 ἑτέρους
434 1280 503 1317 ὑπὲρ
518 1281 607 1309 αὐτῶν
621 1283 748 1310 εὐποιεῖν.
770 1281 835 1311 Εἶτα
850 1284 895 1311 καὶ
911 1285 1053 1320 εὐετηρίαν
1067 1285 1156 1317 αὐτοῖς
1172 1285 1410 1321 εὐαγγελιζόμενος
1431 1285 1500 1321 μετὰ.
1514 1284 1563 1321 τὴν
1579 1284 1633 1311 τῶν
1654 1281 1790 1318 πολεμίων

169 1324 287 1361 σφαγὴν,
299 1325 395 1360 ἐπάγει
407 1334 415 1342 ·

499 1373 576 1401 CAP.
591 1374 624 1400 Χ.

207 1416 290 1446 Vsus.
306 1419 365 1447 l-5.
381 1434 412 1440 —
431 1429 440 1446 α
451 1419 537 1448 Petite
551 1428 566 1448 a
583 1421 697 1448 Domino
721 1421 838 1457 pluviam
853 1429 954 1456 oppor-

170 1468 276 1496 limam,
307 1465 467 1492 matutinam
497 1470 524 1493 et
547 1467 704 1494 serotinum.
734 1466 863 1495 Dominus
891 1468 954 1495 fecit

169 1509 338 1545 plrantasias.
366 1513 394 1538 ct
422 1511 536 1538 imbrem
558 1511 701 1539 hiemalem
715 1512 791 1539 dabit
814 1514 864 1545 eis,
892 1512 953 1539 uni-

169 1555 269 1590 cuique
284 1555 394 1583 herbam
410 1556 438 1583 in
454 1564 530 1591 agro.
541 1566 550 1582 ι
567 1555 610 1584 Ab
626 1557 686 1592 ipso
699 1557 834 1592 postulate
847 1557 954 1593 pluvias

170 1602 283 1629 idoneas
296 1601 403 1637 frugum
421 1603 581 1638 proventui:
606 1603 652 1638 qui
666 1604 752 1630 multo
771 1611 832 1630 cum
851 1607 956 1632 terrore

169 1647 268 1675 solitus
283 1655 372 1675 aerem
385 1649 561 1680 conturbare,
574 1652 602 1676 et
615 1653 732 1677 mentem
746 1649 867 1676 omnium
880 1657 956 1677 com-

170 1701 279 1722 movere
295 1698 374 1721 teme
391 1694 542 1721 incolarum
560 1695 748 1730 magnitudine
764 1695 956 1730 phrenomeno-

170 1747 243 1772 rum,
254 1740 370 1774 pluviam
384 1744 472 1774 potest
481 1745 674 1775 congruentem
684 1740 761 1768 vobis
769 1741 953 1776 suppeditare,

169 1788 200 1812 ut
219 1785 310 1812 omnia
326 1785 359 1812 de
380 1786 477 1813 tellure
499 1790 665 1813 enascantur
681 1786 758 1814 vobis
779 1787 952 1816 necessaria:

169 1838 287 1866 namque
302 1831 412 1858 herbam
425 1831 574 1867 generatim
592 1832 657 1859 dicit
676 1839 725 1867 pro
748 1833 868 1867 quolibet
896 1833 954 1861 fru-

169 1880 236 1910 ctu;
263 1877 346 1905 veluti
369 1880 410 1905 est
433 1877 516 1904 illud:
549 1876 707 1905 «Germinet
741 1882 814 1906 terra
841 1879 952 1907 herbam

170 1921 224 1949 feni
236 1922 294 1955 ";r
314 1921 359 1950 ubi
372 1925 480 1950 constat
497 1927 595 1949 cuncta
611 1921 735 1950 denotari
751 1931 811 1958 qua
826 1923 859 1951 de
882 1927 954 1951 terra

169 1971 322 1995 nascuntur
334 1967 466 2003 germina.
481 1967 583 1997 Deinde
600 1977 696 1997 rursus
714 1969 843 1997 salutaris
869 1970 955 1997 moni-

170 2012 253 2040 tionis
266 2020 361 2044 causa.
381 2014 516 2048 praeterita
532 2015 602 2042 mala
617 2022 844 2047 commemorans.
861 2015 952 2044 addit:

171 2057 327 2091 «Quoniam
344 2059 372 2086 hi
388 2059 434 2094 qui
453 2060 642 2094 loquebantur,
655 2061 737 2088 locuti
755 2067 819 2089 sunt
835 2062 953 2093 labores,

169 2109 196 2130 et
213 2103 298 2131 divini
316 2103 398 2133 falsas
414 2104 544 2139 visiones,
560 2112 588 2134 et
604 2106 710 2134 somnia
729 2106 835 2134 fallacia
858 2114 954 2134 narra-

169 2148 246 2181 bant,
271 2154 299 2177 et
323 2157 392 2178 vane
414 2152 640 2180 consolabantur.
666 2152 729 2180 ideo
753 2153 865 2181 arefacti
890 2159 954 2182 sunt

169 2195 241 2222 sicut
254 2202 328 2226 oves.
358 2199 386 2222 et
402 2196 493 2224 amicti
510 2202 585 2230 sunt,
609 2198 673 2232 quia
689 2205 742 2226 non
755 2203 815 2226 erat
834 2200 951 2228 sanatio.

1330 1373 1405 1400 ΚΕΦ.
1427 1373 1456 1400 ι’.

1039 1419 1112 1454 Στίχ.
1130 1422 1205 1453 α’-γ’.
1217 1435 1252 1440 --
1263 1428 1273 1445 ι
1291 1418 1414 1445 Αίτεῖσθε
1430 1418 1504 1454 παρὰ
1517 1418 1620 1454 Κυρίου
1633 1417 1710 1445 ὑετὸν
1726 1418 1788 1447 καθ’

1002 1464 1076 1500 ὥραν
1095 1464 1218 1501 πρώῖμον
1235 1465 1282 1492 καὶ
1297 1465 1412 1500 ὃψιμον·
1435 1465 1537 1501 Κύριος
1558 1465 1668 1499 ἐποίησε
1688 1473 1789 1499 φαντα-

1003 1511 1075 1543 σίας,
1099 1512 1146 1538 καὶ
1171 1511 1247 1538 ὑετὸν
1272 1510 1423 1547 χειμερινδν
1449 1510 1529 1537 δώσει
1551 1510 1660 1543 αὐτοῖς,
1682 1511 1789 1547 ἑκάστῳ

1009 1556 1121 1591 βοτάνην
1140 1557 1168 1583 ὲν
1186 1555 1272 1592 άγρῷ.
1295 1566 1304 1582 ι
1320 1556 1398 1592 Παρά
1413 1555 1507 1582 τούτου
1520 1555 1551 1591 δὴ
1567 1556 1615 1583 καὶ
1636 1557 1730 1588 ὑετοὺς
1746 1558 1787 1584 al-

1005 1603 1075 1628 τεῖτε
1100 1601 1265 1636 ἐπιτηδείους
1290 1603 1329 1634 είς
1354 1602 1403 1637 τὴν
1426 1601 1480 1628 τῶν
1501 1602 1615 1636 καρπῶν
1636 1601 1738 1637 φοράν·
1758 1602 1788 1633 ὃς

1006 1646 1107 1678 είωοὼ;
1122 1647 1190 1682 μετὰ
1205 1647 1300 1674 πολλοῦ
1316 1647 1362 1674 τοῦ
1377 1647 1460 1682 φόϐου
1475 1647 1634 1683 συστρέφειν
1647 1647 1693 1674 τὸν
1706 1647 1785 1683 ἀέρα.

1005 1695 1052 1722 καὶ
1067 1695 1212 1730 φαντάζειν
1225 1695 1346 1726 ἅπαντας
1358 1694 1422 1726 τοὺς
1435 1694 1481 1721 ἐπὶ
1494 1695 1543 1729 τῆς
1560 1694 1611 1730 γῆς
1624 1693 1663 1729 τῷ
1679 1693 1787 1730 μεγέθει

1004 1741 1058 1768 τῶν
1073 1741 1219 1776 γινομένων
1230 1763 1236 1771 ,
1255 1741 1392 1776 αὐτάρκης
1405 1740 1481 1767 ὐετδν
1498 1740 1561 1775 ὑμῖν
1579 1740 1726 1775 παρασχεῖν
1741 1738 1787 1765 τδν

1005 1786 1168 1823 καθήκοντα,
1184 1786 1249 1813 ὥσθ’
1264 1785 1371 1813 ἅπαντα
1390 1785 1467 1821 φύειν
1482 1786 1514 1813 ἐκ
1529 1786 1579 1821 τῆς
1596 1785 1647 1820 γῆς
1670 1785 1704 1811 τά
1723 1785 1787 1820 ὑμῖν

1004 1832 1154 1866 ἀναγκαῖα·
1173 1831 1285 1866 βοτάνην
1300 1832 1353 1866 γὰρ
1373 1831 1470 1863 κοινῶς
1483 1831 1546 1862 τοὺς
1561 1830 1681 1866 καρποὺς
1693 1829 1768 1864 λέγει
1781 1839 1787 1845 ·

1004 1876 1059 1906 οἶόν
1072 1879 1129 1904 ὲστι
1139 1878 1186 1904 καὶ
1193 1877 1232 1910 τὺ,
1245 1887 1253 1903 ι
1266 1877 1447 1912 Βλαστησάτω
1457 1878 1473 1913 ἡ
1485 1877 1520 1912 γῆ
1532 1876 1644 1911 βοτάνην
1653 1876 1758 1911 χόρτου·
1774 1885 1783 1901 ι

1004 1922 1113 1958 εὔδηλον
1127 1922 1181 1957 γὰρ
1191 1923 1231 1949 ὅτι
1244 1922 1324 1948 κάκεῖ
1338 1921 1425 1948 πάντα
1436 1921 1508 1955 λέγει
1518 1921 1552 1948 τὰ
1561 1921 1592 1947 ὲκ
1603 1921 1655 1956 γῆς
1665 1920 1788 1956 φυόμενα

1003 1969 1057 1995 τῶν
1077 1967 1250 2003 σπερμάτων.
1275 1966 1340 1993 Εἶτα
1358 1966 1438 1993 πάλιν
1465 1966 1512 1993 ἐπὶ
1537 1965 1717 2002 σωφρονισμῷ
1732 1965 1787 1992 τῶν

1004 2013 1206 2049 προειληφότων
1219 2013 1317 2044 αὐτοὺς
1330 2011 1546 2047 ὑπομιμνήσκων
1558 2011 1656 2044 ἐπάγει
1665 2019 1673 2025 ·
1688 2019 1696 2036 ι
1713 2010 1786 2037 Διότι

1003 2058 1237 2094 ἀπορθεγγόμενοι
1262 2057 1395 2092 ἐλάλησαν
1412 2057 1530 2088 κόπους⁴
1555 2056 1602 2082 καὶ
1626 2056 1650 2082 oi
1677 2056 1787 2090 μάντεις

1003 2106 1111 2142 ὁράσεις
1139 2104 1245 2139 ψευδεῖς
1273 2103 1319 2130 καὶ
1347 2102 1381 2129 τὰ
1409 2101 1521 2129 ἐνύπνια
1549 2101 1633 2136 ψευδῆ
1664 2101 1785 2134 ἐλάλουν,

1003 2152 1041 2187 (p.
1055 2151 1117 2184 505)
1132 2151 1233 2186 μάταια
1249 2149 1433 2185 παρεκάλουν
1450 2147 1493 2174 διὰ
1508 2147 1585 2174 τοῦτο
1599 2147 1786 2183 ὲξηράνθησαν

1002 2197 1040 2229 ὡς
1056 2196 1188 2232 πρόϐατα.
1203 2195 1250 2222 καὶ
1265 2193 1452 2228 ἐκακώθησαν,
1468 2193 1508 2219 ὅτι
1521 2193 1571 2219 οὐκ
1583 2190 1617 2228 ἦν
1630 2193 1703 2224 ίασις
1715 2200 1722 2207 ·
1739 2192 1786 2219 ἐπὶ

170 2238 259 2275 Super
273 2244 398 2275 pastores
411 2242 565 2270 concitatus
582 2247 624 2271 est
634 2243 711 2271 furor
725 2252 812 2278 meus,
827 2250 855 2273 et
867 2253 953 2282 agnos

1007 2244 1067 2275 τοὺς
1081 2243 1211 2278 ποιμένας
1224 2241 1385 2277 παρωξύνθη
1400 2242 1414 2267 ό
1431 2240 1516 2275 θυμός
1530 2248 1592 2275 μου,
1605 2239 1652 2266 καὶ
1665 2240 1710 2266 ἐπὶ
1723 2239 1786 2271 τοὺς

169 2294 245 2314 meos
265 2287 389 2315 visitabo.
403 2297 414 2314 ι
434 2288 504 2316 Olim
519 2288 639 2324 quidem,
665 2290 762 2324 inquit,
781 2291 892 2325 quando
908 2291 952 2319 di-

168 2332 239 2360 vinis
254 2332 436 2362 attendebatis
455 2334 541 2361 multa
557 2342 618 2362 cum
635 2334 754 2364 falsitate
768 2336 847 2364 vobis
861 2337 953 2364 omnia

168 2376 339 2413 dicentibus,
363 2382 391 2407 et
416 2380 556 2416 prophetis
581 2381 680 2409 vestris
703 2383 845 2418 neglectis.
872 2383 954 2411 dictis

168 2423 278 2451 illorum
292 2425 384 2460 potius
400 2425 573 2460 credebatis;
594 2430 659 2455 tunc
676 2435 725 2455 vos
747 2429 913 2457 insanabiles
927 2435 955 2458 et

169 2467 384 2499 inemendabiles
398 2471 482 2507 338
497 2476 604 2504 nactus.
622 2476 750 2509 tanquam
762 2481 827 2502 oves
846 2475 951 2510 suppli-

169 2515 221 2543 ciis
245 2516 355 2550 tradidi,
383 2518 441 2552 pari
465 2518 505 2545 ira
528 2518 658 2547 adversus
672 2520 756 2548 duces
769 2523 797 2548 et
819 2521 951 2549 adversus

171 2561 294 2590 subditos
320 2566 410 2596 utens,
429 2571 482 2599 qua
496 2567 523 2592 et
541 2564 592 2593 hos
612 2568 639 2593 et
656 2565 716 2593 illos
736 2566 816 2593 simul
834 2567 949 2602 perdidi.

169 2606 257 2641 Atque
271 2607 328 2635 haec
348 2608 458 2644 quidem
472 2610 509 2638 ob
524 2610 570 2638 illa
585 2615 649 2639 tunc
666 2611 829 2648 pertulistis.

204 2743 289 2773 γης.
303 2745 364 2773 4-7.
376 2761 412 2767 —-—
426 2746 504 2774 Nunc
520 2754 586 2775 vero
600 2747 685 2782 quid?
706 2757 714 2774 ι
727 2747 760 2775 Et
770 2747 888 2775 visitavit
899 2747 950 2774 Do-

168 2791 260 2820 minus
282 2792 454 2829 omnipotens
468 2800 576 2830 gregem
598 2801 688 2828 suum,
711 2794 821 2822 domum
838 2793 923 2826 Iudae,
938 2802 947 2819 ι

203 2879 227 2896 ⁸⁸
241 2878 310 2908 Gen.
325 2879 400 2911 1,“.

1000 2289 1103 2326 ἀμνούς
1122 2298 1172 2325 μου
1192 2288 1385 2323 ἐπισκέψομαι.
1407 2297 1417 2313 ι
1437 2286 1524 2314 Πάλαι
1546 2286 1594 2321 μὲν
1611 2285 1674 2321 γὰρ,
1693 2285 1785 2321 φησὶν,

1001 2335 1118 2371 ὁπηνίκα
1131 2336 1188 2367 τοῖς
1211 2334 1323 2370 μάντεσι
1348 2332 1505 2369 προσείχετε
1530 2331 1597 2367 μετὰ
1618 2330 1716 2357 πολλοῦ
1739 2330 1786 2357 τοῦ

1001 2381 1115 2416 ψεύδους
1136 2380 1242 2408 ἃπαντα
1255 2378 1454 2414 διαλεγομένοις
1469 2378 1542 2413 ὑμῖν,
1558 2377 1605 2404 καὶ
1619 2376 1650 2412 δὴ
1666 2376 1721 2403 τῶν
1737 2375 1787 2411 μὲν

1002 2426 1149 2462 προφητῶν
1163 2426 1288 2461 ἠμελεῖτε
1303 2425 1357 2451 τῶν
1371 2424 1456 2460 ἐμῶν,
1476 2424 1531 2455 τοῖς
1548 2422 1612 2459 παρ’
1630 2422 1742 2449 ἐκείνων
1758 2421 1786 2448 δὲ

1003 2473 1160 2509 λεγομένοις
1175 2472 1313 2500 ἐπείθεσθε
1337 2471 1445 2507 μᾶλλον,
1462 2471 1521 2497 τότε
1535 2470 1567 2505 δὴ
1582 2469 1679 2496 άνίατά
1694 2477 1724 2495 τε
1739 2468 1786 2495 καὶ

1005 2519 1154 2556 ἀδιόρθωτα
1177 2517 1210 2545 τὰ
1233 2518 1292 2545 καθ’
1317 2518 1388 2553 ὑμᾶς
1412 2515 1509 2553 εὑρὼν,
1538 2514 1636 2542 ὡσανεὶ
1662 2514 1786 2550 πρόϐατα

1004 2564 1151 2601 τιμωρίαις
1164 2564 1309 2596 ὲκδέδωκα,
1325 2563 1366 2590 ἑνὶ
1378 2563 1416 2599 τῷ
1427 2562 1515 2598 θυμῷ.
1532 2561 1578 2588 ἐπί
1591 2569 1621 2587 τε
1633 2560 1695 2592 τοὺς
1706 2561 1785 2594 ἡγου-

1006 2611 1112 2647 μένους,
1129 2610 1174 2637 ὲπι
1187 2618 1217 2637 τε
1234 2610 1295 2642 τοὺς
1311 2610 1446 2645 ὑπηκόους
1459 2608 1639 2646 χρησάμενος,
1656 2603 1678 2640 ᾧ
1688 2606 1720 2641 δὴ
1735 2606 1785 2633 κά-

1002 2657 1106 2688 κείνους
1124 2655 1191 2682 κατὰ
1203 2654 1300 2682 ταυτὸν
1314 2654 1442 2681 ἀπώλεσα
1459 2654 1505 2680 καὶ
1517 2652 1628 2684 τούτους
1639 2660 1647 2667 ο
1661 2652 1721 2678 τότε
1737 2650 1785 2685 μὲν

1002 2701 1034 2737 δὴ
1052 2701 1099 2728 καὶ
1114 2700 1227 2728 τοιαῦτα
1242 2700 1311 2736 ὑπὲρ
1324 2699 1434 2726 ἐκείνων
1447 2698 1609 2725 πεπόνθατε.

1038 2747 1111 2781 Στίχ.
1127 2746 1193 2778 δ’·ξ.
1208 2760 1244 2767 -
1258 2745 1326 2773 Νυνὶ
1339 2745 1367 2772 δὲ
1381 2745 1424 2777 τί;
1445 2753 1454 2770 ι
1471 2745 1527 2771 Καὶ
1539 2743 1716 2777 ἐπισκέψεται
1729 2742 1785 2769 Κύ-

1004 2801 1061 2828 ριος
1083 2792 1098 2819 ὁ
1118 2791 1314 2828 παντοκράτωρ
1333 2791 1364 2818 τὸ
1386 2790 1508 2826 ποίμνιον
1534 2788 1627 2820 αὑτοῦ,
1641 2787 1687 2814 τδν
1711 2785 1785 2817 οἷκον
