1969 3069
223 141 276 170 567

808 147 982 192 THEODOitl
1004 149 1245 179 MOPSUESTENI

1789 154 1845 182 538

221 209 274 232 ea.
288 203 357 231 tanti
374 205 480 232 numeri
497 205 589 234 hostes
603 207 795 242 proﬂigabunt.
815 209 846 236 Et
859 217 946 245 neque
957 211 1000 238 As:

1061 214 1149 248 σφαγῇ
1167 213 1208 245 είς
1229 212 1310 248 μηδὲν
1325 214 1389 245 τοὺς
1403 213 1562 246 τοσούτους·
1580 213 1657 241 τοῦτο
1679 213 1734 250 γὰρ
1749 214 1823 246 λέγει
1835 235 1842 244 .

223 259 248 275 ιι
255 249 305 276 riis
318 250 391 278 vires
405 250 537 279 adversus
563 259 639 280 meos
655 259 831 288 supererunt.
856 264 944 291 neque
958 256 1007 283 Δῖ-

221 297 338 332 gxptiis;
353 305 470 331 quorum
483 297 509 324 hi
525 299 590 326 olim
605 299 713 327 Judazos
729 301 754 328 in
771 303 908 337 mancipio
924 304 1006 330 hahe-

222 342 304 375 bant;
328 343 366 370 illi
387 348 477 370 autem
503 350 642 379 postremo
671 347 794 380 captivos
823 348 1005 376 abduxerunt.

221 388 364 420 Quomodo
392 397 457 416 vero
484 390 541 417 haec
568 391 652 418 iient?
681 391 737 418 «Et
758 393 892 420 roborabo
914 401 961 421 eos
978 395 1006 422 in

223 432 336 460 Domino
359 433 413 460 Deo
428 442 488 465 suo.
505 439 531 462 et
554 435 580 462 in
598 436 707 463 nomine
723 437 783 471 ejus
804 438 1003 472 gloriabuntur,

222 479 260 504 ait
276 478 417 507 Dominus.
429 490 438 505 ι
465 480 532 507 Nam
558 482 663 509 validos
684 490 732 510 eos
755 482 868 510 ciiiciam
884 483 965 520 340
978 489 1005 511 et

222 523 346 551 hostibus
360 526 468 552 cunctis
486 525 614 557 invictos,
638 532 667 554 ut
688 528 797 555 nomine
812 536 873 556 meo
889 529 1004 556 auxilio-

222 576 275 602 que
289 569 431 604 gloriaturi
448 571 512 597 sint.
530 570 577 598 His
593 571 685 605 dictis,
705 573 882 608 prosequitur
902 585 907 602 :

1059 267 1069 283 ι
1089 259 1144 285 Καὶ
1165 259 1361 295 ξηρανθήσεται
1384 261 1472 287 πάντα
1494 261 1527 288 τά
1543 260 1610 296 βάθη
1629 261 1846 296 meum,an

1057 304 1133 340 εἴπῃ⁹
1145 306 1186 332 ὅτι
1206 306 1327 340 Ἀςρανιεί
1345 306 1406 337 τοὺς
1422 306 1492 333 οὕτω
1509 306 1638 338 πολλούς·
1654 306 1716 333 οὔτε
1731 306 1760 332 δὲ
1779 307 1845 332 Ἀσ-

1058 350 1158 385 συρίοις
1186 351 1261 385 ἰσχὺς
1286 351 1326 377 ἐτι
1351 351 1588 388 περιλειφθήσεται
1615 353 1688 379 τουτὶ
1712 351 1845 378 δύνασθαι

1057 395 1118 421 κατ’
1131 395 1222 422 αὐτῶν
1232 415 1239 428 ,
1251 396 1312 422 οὔτε
1325 397 1492 430 Δίγυπτίοις,
1509 394 1546 424 ὧν
1566 399 1592 424 οί
1609 398 1658 433 μὲν
1672 398 1770 428 αὐτοὺς
1788 398 1842 424 πά-

1057 439 1102 466 λαι
1121 437 1192 475 εἶχον
1217 441 1246 467 ἐν
1269 442 1303 476 τῇ
1327 441 1443 476 δουλείᾳ,
1465 443 1489 468 οε
1511 442 1539 469 δὲ
1563 442 1675 478 ὕστερον
1699 443 1844 478 ἀπήγαγον

1058 484 1252 518 αἰχμαλώτους
1265 485 1501 521 ἀπαλλαγήσονται
1515 486 1570 522 γὰρ
1580 488 1717 514 ἁπάντων.
1733 488 1792 514 Τίνι
1802 487 1844 522 τῷ

1056 530 1148 565 τρόπῳ
1160 539 1167 562 ;
1185 539 1194 556 ι
1214 531 1269 557 Καὶ
1283 531 1441 566 κατισχύσω
1455 533 1554 564 αὐτοὺς
1569 534 1598 559 ἐν
1611 533 1705 568 Κυρίῳ
1719 533 1779 568 Θεῷ
1792 533 1843 559 αὑ-

1059 574 1124 606 τῶν,
1138 577 1176 609 (p.
1191 575 1253 611 506)
1268 576 1316 603 καὶ
1330 577 1358 603 ἐν
1369 576 1409 612 τῷ
1422 577 1534 612 ὀνόματι
1551 576 1633 604 αὑτοῦ
1649 578 1842 612 καυχήσονται,

221 616 294 650 λέγει
319 617 430 652 Κύριος.
452 627 462 644 ι
496 618 603 654 Ἐπειδὴ
635 620 761 655 ἰσχυρούς
788 629 818 646 τε
845 621 942 653 αὐτοὺς
967 621 1118 657 ἐργάσομαι
1145 623 1193 650 καὶ
1219 623 1355 658 ἀλήπτους
1370 625 1436 650 πᾶσι
1459 625 1515 655 τοῖς
1535 625 1678 658 ἐναντίοις,
1694 624 1766 650 ὥστε
1793 623 1844 650 αὗ-

219 664 284 693 τοὺς
298 664 345 690 καὶ
360 664 539 699 σεμνύνεσθαι
567 665 612 692 ἐπί
636 674 666 692 τε
683 667 715 701 τῇ
735 666 867 702 ὀνομασίᾳ
882 668 929 694 καὶ
949 669 982 703 τῇ
1005 668 1115 705 βοηθείᾳ
1127 670 1160 704 τῇ
1181 671 1246 704 ἐμῇ.
1263 670 1355 696 Ταῦτα
1372 670 1506 706 εἰρηκὼς,
1522 671 1639 706 ἐπάγει·

543 734 619 762 CAP.
636 734 682 763 XL

1371 739 1450 766 ΚΕΦ.
1473 739 1524 767 IA'.

255 799 338 828 Vens.
354 800 410 828 1-5.
430 816 465 821 -
486 811 495 827 ι
508 802 599 837 Aperi,
622 802 734 834 Libane,
760 807 853 838 portas
876 806 949 835 tuas,
977 807 1000 830 el

1091 802 1163 838 Στίχ.
1183 804 1253 836 α’-γ’-
1271 814 1324 830 -ι
1336 804 1481 838 Διάνοιξον,
1509 807 1523 832 ὁ
1541 806 1666 839 Λίϐανος,
1686 806 1736 838 τὰς
1754 806 1841 842 θύρας

220 847 345 874 comedat
368 847 439 882 ignis
451 847 549 875 cedros
562 852 633 876 tuas.
653 849 741 876 Ululet
755 849 845 884 pinus,
861 849 925 884 quia
936 849 1005 876 ceci-

220 893 259 919 dit
271 893 378 924 cedrus.
401 893 463 928 quia
480 894 625 928 optimates
643 894 722 921 valde
737 895 829 922 miseri
846 894 911 922 facti
927 899 1001 922 sunt.

221 938 338 970 Ululate.
368 947 487 974 quercus
514 939 690 971 Basanilidis,
720 941 784 976 quia
812 941 937 969 succisus
963 945 1005 969 est

221 986 306 1012 saltus
320 986 452 1013 consitus.
471 985 528 1013 Vox
542 986 693 1021 lugentium
709 992 861 1021 pastorum.
873 986 1002 1022 quoniam

219 1031 319 1058 misera
333 1030 404 1058 facta
417 1034 458 1058 est
469 1031 668 1066 magniﬁcentia
681 1031 812 1066 ipsorum.
830 1031 886 1059 Vox
899 1033 1006 1066 rugien-

221 1077 288 1103 tium
304 1077 424 1108 leonum,
434 1078 497 1112 quia
507 1077 647 1105 debilitata
658 1082 700 1105 est
711 1078 837 1113 superbia
846 1077 983 1106 Jordanis.
991 1088 1001 1104 ι

220 1121 354 1155 Quoniam
376 1123 483 1150 dixerat
504 1131 534 1151 se
560 1123 740 1158 undecunque
762 1131 809 1151 eos
823 1128 1004 1159 congregatuo

220 1176 290 1201 rum,
309 1177 406 1204 nempe
425 1177 458 1196 ex
475 1169 591 1205 Egypto
606 1174 632 1198 et
648 1178 680 1198 ex
692 1170 866 1206 Assyriorum
884 1170 1002 1204 regione,

220 1215 340 1250 nihilque
367 1216 523 1251 hujusmodi
545 1224 593 1243 eos
616 1216 643 1243 in
668 1222 806 1251 posterqu
822 1210 1002 1250 experturos;

218 1265 400 1289 consentanee
422 1261 551 1296 deinceps
573 1262 605 1288 ad
621 1270 668 1289 eos
691 1263 735 1298 qui
752 1262 891 1289 dominatu
909 1261 1003 1296 oppri-

217 1307 328 1334 mebant
353 1307 486 1334 convertit
506 1315 661 1335 sermonem
674 1307 786 1335 dicens:
811 1307 833 1334 0
849 1307 950 1342 magni,
977 1311 1004 1334 et

219 1353 306 1380 instar
330 1351 428 1379 Libani
457 1353 644 1388 magnitudine
670 1354 819 1389 gloriantes
845 1354 1002 1386 cedrorum,

219 1397 460 1433 fortitudinemque
477 1402 595 1425 vestram
611 1403 792 1432 ostentantes,
813 1407 887 1427 nunc
900 1399 1003 1426 omissa

218 1443 394 1470 familiarium
421 1451 543 1471 meorum
567 1445 779 1479 oppugnatione,
804 1445 882 1480 quasi
909 1448 1002 1480 portas

217 1489 349 1524 quasdam
364 1489 431 1516 lines
444 1494 548 1516 vestros
561 1477 680 1524 pandite.
692 1490 797 1517 cunctis
811 1477 923 1517 liberum
936 1497 1001 1517 con-
1015 1477 1039 1509 α

217 1535 344 1562 cedentes
362 1542 375 1561 τι
394 1535 470 1562 vobis
485 1535 511 1562 in
524 1535 639 1570 patriam
650 1536 812 1568 discessum.
841 1537 1000 1571 priusquam

217 1582 286 1616 ignis
307 1581 394 1608 instar
416 1580 483 1608 ultio
497 1588 555 1608 mea
573 1586 697 1616 potentes
714 1587 820 1609 vestros
838 1585 999 1613 consumat;

215 1631 243 1654 et
255 1626 359 1653 ululare
371 1629 450 1661 cogat
465 1625 640 1658 inﬁrmiores,
652 1625 715 1653 dum
731 1626 878 1660 potentium
894 1626 999 1653 ruinam

217 1673 319 1700 vident.
342 1672 387 1699 Sic
411 1673 484 1699 enim
507 1672 664 1708 signiilcat:
684 1681 692 1697 ι
714 1671 804 1700 Ululet
825 1672 917 1707 pinus,
937 1673 1000 1707 quia

216 1720 314 1748 cecidit
335 1719 464 1746 cedrus.»
485 1718 553 1745 Nam
567 1722 714 1754 conspecta
736 1719 887 1753 potentium
909 1719 1000 1752 ruina,

216 1765 250 1793 de
267 1773 297 1793 se
309 1766 386 1800 ipsis,
401 1770 430 1792 ut
449 1772 499 1800 par
510 1769 563 1797 est,
577 1764 770 1799 desperabunt.
791 1764 879 1799 [Eque
906 1771 1001 1792 omnes

217 1810 263 1844 qui
278 1809 368 1844 aliqua
383 1808 571 1844 gloriabuntur
589 1808 708 1844 potentia
733 1808 886 1839 ululabunt,
905 1807 1002 1835 viden—

217 1860 258 1883 tes
269 1855 360 1890 populi
379 1856 421 1882 sui
437 1854 637 1882 multitudinem
655 1860 780 1889 tanquam
796 1854 932 1881 consitum
950 1854 1001 1880 sal-

216 1907 273 1929 tum
299 1892 443 1933 vastatam,
472 1901 544 1936 ignis
568 1901 655 1928 instar
681 1900 823 1935 ingruente
845 1899 885 1927 eis
908 1899 1000 1926 divina

217 1949 367 1984 punitione.
382 1947 449 1975 Nam
466 1948 601 1983 principes
617 1947 702 1975 vestri
717 1947 743 1974 in
758 1946 831 1973 luctu
845 1949 936 1976 erunt,
953 1946 999 1980 qui

217 1995 284 2022 meis
301 1994 481 2022 familiaribus
500 1993 600 2020 bellum
616 1993 734 2020 indicere
749 1992 808 2019 ausi
830 1994 903 2021 sunt.
922 1998 1000 2018 suas-

215 2049 268 2077 que
282 2048 378 2067 omnes
393 2040 464 2066 vires
476 2039 598 2066 succisas
614 2038 754 2065 videbunt.
768 2036 1001 2064 Lamentabuntur

217 2095 290 2120 vero,
304 2087 381 2122 quasi
396 2086 488 2113 leones
498 2085 544 2120 qui
555 2084 613 2111 suis
624 2083 794 2110 conlidebam
807 2083 919 2114 viribus,
934 2081 999 2109 dum

215 2138 330 2162 cunctos
347 2131 458 2159 miseria
472 2138 582 2166 pressos
596 2129 675 2165 34],
695 2130 826 2156 videbunt
840 2129 886 2163 qni
902 2128 998 2155 adver-
1015 2149 1036 2176 Β

216 2187 263 2207 sus
278 2178 424 2206 Iordanem
434 2175 637 2210 superbiebant.
651 2175 715 2200 Nam
727 2175 790 2208 quia
803 2173 935 2200 Jordanes
948 2173 995 2200 llu-

216 2225 275 2252 rius
287 2231 352 2259 pars
365 2222 464 2250 Iudaea:
478 2225 546 2253 erat,
557 2225 770 2247 commemorato
779 2219 897 2247 Jordane
913 2220 998 2254 regio.

216 2278 276 2298 nem
302 2268 488 2296 lsraelitarum
511 2265 646 2301 signiﬁcat
670 2266 817 2300 propheta:
846 2271 902 2293 tum
932 2267 996 2300 quia

217 2315 383 2343 Hierusalem
407 2313 435 2340 in
458 2316 577 2339 veterem
594 2311 752 2338 restituetur
775 2312 994 2346 prosperitatem,

217 2361 321 2389 reddito
332 2359 404 2395 genti
417 2357 569 2385 sacerdotio
581 2364 612 2383 ac
625 2364 726 2391 regno;
740 2361 796 2383 tum
807 2358 870 2391 quia
883 2358 997 2392 populus

217 2407 397 2442 undequaque
411 2404 640 2440 congregabitur;
666 2407 723 2430 tum
739 2404 801 2438 quia
814 2403 931 2438 denique
954 2412 999 2431 eo-

217 2460 275 2479 rum
288 2453 381 2479 hostes
394 2450 488 2486 puniet
502 2450 582 2481 Deus,
596 2449 658 2476 etin
671 2449 848 2484 plurimorum
865 2450 998 2477 bonorum

216 2499 292 2534 copia
318 2505 384 2526 suos
411 2496 569 2524 constituet.
593 2495 664 2528 Quin
689 2495 757 2522 adeo
779 2494 938 2522 Zorobabcli
965 2496 999 2523 ad

215 2554 327 2581 regnum
341 2545 429 2572 electo
444 2543 576 2571 maximas
591 2541 777 2576 suppeditabit
793 2543 873 2574 vires,
899 2543 999 2576 quibus

217 2592 296 2619 validi
313 2591 429 2619 evadent
443 2595 537 2617 contra
550 2589 652 2620 hostes,
668 2588 811 2616 devincent
827 2592 914 2616 autem
929 2588 996 2624 (ὶοεί

215 2639 364 2666 exercitum
379 2635 604 2664 innumerabilem
620 2638 647 2662 et
661 2638 739 2662 antea
758 2634 897 2662 invictum.
910 2636 998 2670 Atque

215 2689 245 2712 ut
269 2684 362 2719 paucis
384 2682 493 2713 dicam,
507 2681 614 2708 cunctis
630 2688 690 2716 qua:
712 2680 844 2707 hactenus
859 2680 928 2707 dixit
951 2680 999 2707 de-

215 2731 338 2760 claravit.
354 2731 473 2763 quantus
491 2726 596 2754 futurus
610 2727 644 2755 sit
659 2726 840 2754 lsraelitarum
857 2725 884 2752 in
901 2726 998 2753 melius

215 2780 385 2809 progressus.

1057 857 1117 881 σου,
1135 849 1182 876 καὶ
1195 850 1378 884 καταφαγέτω
1394 851 1450 886 πῦρ
1466 851 1515 883 τὰς
1530 852 1642 888 κέδρους
1661 860 1723 879 σου·
1744 852 1836 879 ὀλολυι

1056 894 1128 928 ξάτω
1145 895 1241 927 πίτυς,
1256 895 1323 921 διότι
1343 895 1469 922 πέπτωκε
1492 896 1596 934 κέδρος,
1615 897 1656 924 ὃτι
1679 898 1840 933 μεγιστᾶνες

1056 940 1181 975 μεγάλως
1200 940 1439 976 ἐταλαιπώρησαν·
1459 942 1612 975 ὀλολύξατε,
1629 943 1710 978 δρύες
1727 945 1778 978 τῆς
1786 943 1840 970 Ba-

1054 985 1204 1017 σανίτιδος,
1226 986 1268 1012 ὃτι
1285 986 1460 1022 κατεσπάσθη
1487 987 1502 1012 ὸ
1519 987 1621 1022 δρυμὸς
1644 989 1658 1014 ό
1680 987 1819 1023 σύμφυτος
1831 997 1837 1003 ·

1054 1031 1130 1066 φωνὴ
1144 1031 1314 1066 θρηνούντων
1333 1032 1483 1067 ποιμένων,
1505 1033 1545 1059 ὃτι
1564 1033 1804 1069 τεταλαιπὼρηκεν
1820 1035 1838 1069 ἡ

1056 1077 1233 1113 μεγαλωσύνη
1256 1078 1362 1104 αὐτῶν·
1379 1079 1453 1113 φωνὴ
1474 1078 1644 1113 ὀδυρομένων
1657 1078 1780 1110 λεόντων,
1796 1079 1838 1105 ὃτι

1052 1122 1277 1158 τεταλαιπώρηκε
1292 1124 1322 1149 τὸ
1335 1123 1466 1158 φρύαγμα
1477 1123 1523 1150 τοῦ
1543 1124 1684 1159 Ἰορδάνου.
1701 1134 1711 1150 ι
1730 1125 1837 1160 Ἐπειδὴ

1053 1167 1107 1203 γὰρ
1124 1166 1199 1195 εἶπεν
1211 1169 1263 1201 ὅτι,
1279 1169 1448 1204 Πανταχόθεν
1462 1169 1562 1201 αὐτοὺς
1582 1170 1648 1202 ἄξω,
1667 1171 1721 1197 ἀπό
1739 1179 1770 1197 τε
1783 1171 1833 1205 τῆς

1053 1213 1207 1248 Αἰγύπτου,
1230 1214 1276 1240 καὶ
1292 1215 1345 1241 ἀπὸ
1365 1215 1415 1249 τῆς
1446 1215 1595 1250 Ἀσσυρίων
1611 1215 1712 1251 χώρας,
1731 1217 1775 1242 καὶ
1796 1217 1837 1243 ὅτι

1055 1259 1167 1295 μηδενὸς
1181 1259 1221 1286 ἐτι
1238 1260 1448 1295 πειραθήσονται
1462 1261 1593 1293 τοιούτου,
1611 1261 1765 1293 ἀκολούθως
1780 1261 1836 1288 λοι-

1053 1305 1103 1332 πὸν
1118 1306 1164 1332 ἐπὶ
1174 1306 1238 1337 τοὺς
1253 1306 1415 1341 κατέχοντας
1428 1307 1522 1342 τρέπει
1536 1307 1582 1333 τὸν
1596 1307 1683 1341 λόγον,
1699 1307 1776 1334 τοῦτο
1793 1307 1835 1333 λέ-

1052 1359 1123 1385 γων·
1137 1352 1168 1378 Οί
1185 1352 1297 1387 μεγάλοι
1317 1352 1364 1379 καὶ
1377 1352 1455 1388 δίκην
1477 1353 1524 1379 τοῦ
1540 1353 1656 1380 Λιϐάνου
1672 1353 1711 1388 τῷ
1727 1353 1836 1388 μεγέθει

1053 1397 1244 1432 σεμνυνόμενοι
1254 1397 1309 1424 τῶν
1327 1398 1445 1432 κέδρων,
1460 1398 1509 1433 τὴν
1529 1399 1605 1434 ίσχὺν
1620 1398 1837 1433 ἐπιδεικνύμενοι

1053 1443 1101 1478 τὴν
1116 1444 1228 1474 οἰκείαν,
1246 1444 1413 1476 ἀποστάντες
1426 1444 1472 1470 τοῦ
1487 1444 1526 1471 ἔτι
1546 1444 1678 1479 μάχεσθαι
1701 1445 1757 1475 τοῖς
1774 1445 1836 1478 ἐμοὶ

1054 1490 1251 1524 προσήκουσιν,
1267 1489 1362 1526 ῶσπερ
1375 1491 1451 1522 τινὰς
1468 1490 1552 1526 θύρας
1573 1491 1696 1522 ἀνοίξατε
1716 1491 1750 1516 τὰ
1770 1491 1835 1516 ἐαυ-

1052 1535 1114 1566 τῶν,
1131 1535 1214 1562 πᾶσιν
1237 1535 1301 1570 ἀδεῆ
1325 1535 1491 1571 παρέχοντες
1505 1537 1554 1572 τὴν
1575 1537 1621 1572 ἀφ’
1637 1537 1713 1572 ὑμῶν
1730 1536 1836 1570 ἀναχώ-

1052 1580 1130 1616 ρησίν
1146 1589 1176 1607 τε
1193 1581 1239 1608 καὶ
1260 1582 1388 1608 ἐπάνοδον
1412 1583 1452 1613 είς
1468 1582 1502 1609 τὰ
1518 1583 1615 1615 οἰκεῖα,
1633 1583 1669 1617 (p.
1688 1583 1751 1617 507)
1771 1573 1835 1618 πρίν

1051 1626 1066 1661 ἢ
1083 1626 1167 1660 πυρὸς
1184 1627 1232 1662 μὲν
1245 1627 1322 1663 δίκην
1338 1627 1388 1663 τὴν
1405 1627 1474 1663 ἐμὴν
1488 1628 1624 1663 τιμωρίαν
1641 1629 1704 1660 τοὺς
1724 1629 1753 1654 ὲν
1771 1629 1835 1663 ὑμῖν

1050 1673 1179 1708 ἀφανίσαι
1191 1673 1335 1706 δυνατοὺς,
1349 1673 1484 1706 ὀλολύζειν
1499 1673 1527 1700 δὲ
1546 1674 1609 1704 τοὺς
1625 1673 1836 1710 ἀσθενεστέρους

1051 1719 1172 1755 ὁρῶντας
1193 1719 1247 1746 τῶν
1260 1719 1381 1746 δυνατῶν
1399 1720 1448 1754 τὴν
1463 1719 1574 1746 πτῶσιν·
1591 1720 1669 1746 τοῦτο
1682 1720 1736 1755 γὰρ
1749 1719 1832 1754 λέγει,

1050 1774 1059 1790 ι
1071 1765 1236 1799 Ὀλολυξάτω
1241 1764 1398 1798 πίτυς,διότι
1406 1765 1534 1792 πέπτωκε
1544 1764 1646 1800 κέδρος.
1655 1765 1834 1800 »Θεασάμενοι

1050 1809 1104 1844 γὰρ
1122 1809 1170 1845 τὴν
1188 1809 1240 1837 τῶν
1263 1809 1382 1837 δυνατῶν
1403 1810 1555 1842 ἀπώλειαν,
1575 1810 1778 1845 ἀπογνώσονται
1797 1811 1833 1842 ὡς

1050 1855 1123 1887 είκὺς
1138 1855 1258 1882 ἑαυτῶν·
1280 1856 1326 1882 καὶ
1343 1855 1443 1888 πάντες
1457 1856 1482 1883 οἱ
1500 1856 1545 1883 ἐπί
1563 1865 1614 1883 τινι
1636 1856 1748 1891 δυνάμει
1763 1856 1833 1891 μέγα

1050 1901 1211 1937 φρονοῦντες
1234 1901 1419 1934 όλολύξουσιν,
1434 1901 1551 1937 δρῶντες
1565 1901 1596 1928 τὸ
1611 1902 1711 1929 οἰκεῖον
1734 1901 1834 1936 πλῆθος

1049 1947 1148 1973 ὡσανεὶ
1166 1946 1304 1982 σύμφυτον
1317 1947 1419 1983 δρυμὸν
1433 1947 1639 1983 ἀφανιζόμενον,
1656 1947 1734 1982 δίκην
1749 1947 1833 1982 πυρὸς

1050 1993 1248 2028 ἐπιπιπτυύσης
1275 1993 1365 2025 αὐτοῖς
1387 1994 1437 2029 τῆς
1458 1993 1533 2025 θείας
1556 1993 1706 2029 τιμωρίας·
1729 1993 1833 2020 ἔσονται

1051 2038 1100 2073 μὲν
1113 2039 1167 2073 γὰρ
1178 2039 1202 2065 οι
1216 2038 1375 2074 ἐξάρχοντες
1391 2039 1467 2074 ὑμῶν
1482 2040 1511 2066 ἐν
1524 2039 1644 2074 θρήνοις,
1657 2039 1837 2066 ἀνθίστασθαι

1049 2084 1088 2110 ἔτι
1101 2085 1157 2115 τοῖς
1168 2084 1228 2119 ἐμοὶ
1239 2085 1407 2120 προσήκουσι
1418 2084 1580 2120 τολμῶντες,
1596 2084 1713 2119 ὁρῶντες
1725 2083 1834 2110 ἅπασαν

1050 2128 1139 2156 αὐτῶν
1154 2128 1203 2163 τὴν
1217 2129 1294 2163 ἰσχὺν
1307 2129 1510 2164 ἀπολλυμένην·
1527 2129 1689 2165 θρηνήσουσι
1703 2128 1731 2155 δὲ
1747 2127 1795 2154 καὶ
1807 2129 1832 2154 oi

1050 2174 1164 2202 λεόντων
1182 2174 1259 2209 δίκην
1277 2175 1311 2210 τῇ
1333 2174 1421 2210 οἰκείᾳ
1439 2174 1599 2206 πεποιθότες
1616 2172 1703 2209 ίσχύῖ,
1728 2173 1833 2205 πάντας

1050 2221 1166 2257 ὁρῶντες
1182 2222 1210 2248 ἐν
1230 2221 1426 2256 ταλαιπωρίαις
1441 2220 1520 2251 ὄντας
1535 2220 1597 2252 τοὺς
1614 2220 1685 2254 μέγα
1699 2227 1833 2253 πεφρονη-

1050 2269 1131 2300 κότας
1147 2268 1218 2294 κατά
1232 2267 1279 2294 τοῦ
1308 2267 1449 2303 Ἰορδάνου.
1474 2266 1581 2302 Ἐπειδὴ
1603 2266 1658 2301 γὰρ
1675 2266 1758 2300 μέρος
1782 2265 1832 2299 τῆς

1056 2313 1182 2345 ἰουδαίας
1195 2312 1229 2349 ἦν
1243 2315 1256 2340 ὁ
1275 2313 1408 2349 Ἰορδάνης
1422 2312 1553 2346 ποταμὸς,
1565 2312 1619 2338 ἀπὸ
1632 2312 1680 2346 τῆς
1691 2310 1736 2337 τοῦ
1751 2318 1832 2336 ποτα‹

1051 2361 1102 2396 μοῦ
1117 2361 1224 2396 μνήμης
1237 2360 1284 2395 τὴν
1297 2358 1387 2394 χώραν
1399 2358 1454 2385 τῶν
1473 2357 1648 2393 Ἰσραηλιτῶν
1658 2356 1807 2391 δεδήλωκεν
1818 2356 1832 2381 δ

1048 2406 1207 2441 προφήτης·
1228 2405 1269 2432 δτι
1287 2413 1318 2431 τε
1336 2404 1352 2440 ἡ
1382 2403 1559 2439 Ἰερουσαλὴμ
1580 2404 1620 2434 εἰς
1642 2402 1692 2437 τὴν
1715 2401 1832 2428 παλαιὰν

1048 2451 1336 2486 ἀποκατασταθήσεται
1348 2449 1510 2485 εὐπραγίαν,
1525 2448 1702 2482 ἀποδοθείσης
1719 2447 1768 2483 μὲν
1782 2448 1832 2483 τῆς

1047 2507 1076 2525 τε
1091 2497 1238 2533 ίερωσύνης
1250 2497 1296 2524 καὶ
1312 2497 1361 2531 τῆς
1381 2505 1410 2523 τε
1425 2496 1562 2530 βασιλείας
1575 2494 1615 2530 τῷ
1632 2494 1713 2527 ἔθνει,
1727 2495 1833 2521 ἐπισυν-

1048 2544 1174 2579 αχθέντος
1186 2543 1213 2570 δὲ
1230 2542 1278 2569 τοῦ
1294 2542 1358 2569 λαοῦ
1377 2541 1542 2576 πανταχόθεν
1555 2550 1561 2557 ν
1590 2541 1636 2568 καὶ
1653 2541 1694 2567 ὅτι
1708 2541 1831 2576 τιμωρή-

1049 2598 1124 2617 σεται
1140 2590 1189 2625 μὲν
1204 2589 1292 2617 αὐτῶν
1310 2590 1373 2621 τοὺς
1387 2589 1499 2624 ἐχθροὺς
1512 2589 1526 2615 ό
1542 2587 1620 2619 Θεὸς,
1637 2589 1665 2614 ἐν
1679 2587 1789 2621 ἀγαθῶν
1803 2588 1831 2614 δὲ

1048 2635 1180 2663 πλείστων
1201 2629 1316 2671 ἀφθονίᾳ
1339 2635 1503 2670 καταστήσει
1525 2634 1649 2666 τούτους.
1681 2634 1760 2660 Ἆλλά
1785 2635 1831 2661 καὶ

1047 2681 1088 2707 ὅτι
1107 2680 1145 2716 τῷ
1166 2680 1316 2716 Ζοροσάὁελ
1337 2680 1404 2715 πρὸς
1421 2679 1471 2715 τὴν
1493 2679 1631 2714 βασιλείαν
1653 2679 1832 2714 ἐξειλεγμὲνῳ

1049 2726 1176 2760 πλείστην
1194 2725 1256 2752 τινὰ
1279 2725 1391 2761 παρέξει
1407 2725 1456 2760 τὴν
1480 2725 1580 2761 ῥοπὴν,
1605 2725 1651 2760 ἀφ’
1670 2722 1704 2760 ἦς
1727 2725 1831 2759 ἰσχυροὶ

1051 2770 1099 2805 μὲν
1125 2770 1230 2797 ἔσονται
1247 2770 1316 2798 κατά
1331 2770 1383 2797 τῶν
1403 2770 1546 2802 ἐναντίων,
1564 2772 1788 2806 περιγενήσονται
1804 2769 1832 2797 δέ

213 2821 260 2847 καὶ
277 2820 332 2848 τῶν
356 2819 421 2855 περὶ
445 2818 491 2845 τὸν
517 2818 579 2852 Γὼγ
603 2818 796 2854 ἀναριθμήτων
815 2826 844 2844 τε
866 2817 949 2844 δντων
971 2819 1019 2844 καὶ
1040 2818 1241 2853 ἀμαχωτάτων·
1259 2818 1305 2845 καὶ
1321 2817 1459 2853 συντόμως
1475 2818 1561 2845 εἰπεῖν
1579 2817 1624 2845 διὰ
1645 2817 1753 2845 πάντων
1778 2816 1831 2843 τῶν
1874 2827 1877 2830 -

214 2867 422 2903 προρρηθέντων
437 2864 584 2902 ἐγνώρισεν
599 2865 702 2900 ὁπόσην
720 2864 766 2890 ἐπὶ
780 2863 809 2890 τὸ
828 2865 949 2900 κρεῖττον
964 2864 997 2890 τὰ
1012 2865 1072 2890 κατ’
1087 2865 1185 2896 αὐτοὺς
1198 2864 1311 2899 λήψεται
1324 2864 1372 2900 τὴν
1387 2863 1515 2891 ἐπίδοσιν.
