1983 3072
166 163 222 198 tm

643 166 916 196 COMMENTARIUS
928 167 964 195 IN
982 167 1168 196 ZACHARI.E
1186 167 1263 195 CAP.
1287 168 1331 194 Kl.

1733 166 1787 195 573

211 221 320 258 Ἐπειδὴ
333 223 362 250 δι
383 223 435 250 οὐκ
455 222 486 251 εὖ
505 224 654 260 ἐχρήσαντο
671 227 792 254 Ἰουδαῖοι
809 229 843 263 τῇ
863 235 894 254 τε
909 228 955 253 εὐ-

1040 227 1094 255 Sed
1108 228 1172 262 quia
1193 226 1278 254 Judaei
1296 233 1349 253 non
1367 225 1435 253 bene
1450 225 1492 252 usl
1508 228 1574 253 sunt
1599 223 1728 252 felicitate
1754 231 1785 249 ac

167 268 277 303 πραγίᾳ
298 269 344 296 καὶ
365 270 398 304 τῇ
421 270 518 306 εξρήνῃ
535 268 570 306 ἧς
584 271 629 298 ἐπὶ
646 271 770 299 πλεῖστον
785 273 952 304 ἀπέλαυσαν,

168 319 209 345 ιν.
222 313 285 349 508)
311 314 522 350 μεταϐαλόμενοι
536 324 566 342 τε
588 317 712 343 ὲντεῦθεν
726 318 794 353 πρὸς
816 318 847 344 τὸ
865 319 953 353 χεῖρον

168 356 334 390 ἐξώκειλαν,
360 358 427 393 πρὸς
448 359 601 387 τούναντίον
624 361 672 395 μὲν
694 362 784 394 αὐτοῖς
805 362 954 397 ἐκϐέϐηκεν

169 402 278 428 ἅπαντα
290 410 297 417 ·
321 403 410 438 πολλῆ
426 404 454 430 δέ
470 413 511 436 τις
527 406 647 440 ἀκοσμία
663 407 709 433 καὶ
724 407 852 442 σύγχυσις
865 408 952 434 αὐτῶν

168 446 315 481 κατείληφε
325 447 356 473 τὸ
365 447 450 480 ἔθνος,
462 448 510 475 ἅτε
524 449 577 476 τῶν
587 450 675 485 νόμων
687 451 877 486 ἀμελουμένων
889 453 953 487 παρ’

168 491 262 523 αὐτοῖς
276 492 329 519 τῶν
343 493 423 520 θείων
432 503 439 509 ·
454 494 519 522 ἔνιοι
532 496 586 531 γὰρ
600 496 654 522 τῶν
669 497 868 533 ὑποδεεστέρων
885 499 954 534 πρὸς

170 537 233 568 τοὺς
242 538 385 574 ἀρχιερέας
396 539 443 566 καὶ
454 541 620 575 ἡγουμένους
629 541 675 568 τοῦ
686 542 749 568 λαοῦ
764 544 872 574 παντὸς,
886 545 954 579 μετὰ

169 581 272 617 πολλῆς
293 591 323 609 τε
338 583 478 616 διέποντας
501 585 581 612 αὑτὸν
604 586 654 621 τῆς
670 587 829 622 ἀκριϐείας,
854 590 886 615 ὲκ
907 589 953 615 τοῦ

170 629 238 662 πρὸς
252 628 282 655 τὺ
302 629 391 664 χεῖρον
412 630 517 665 ῥέπειν,
533 631 609 658 αὐτοὶ
630 632 804 668 διηνέχθησαν
819 634 856 665 ὡς
871 635 952 667 εἰκὸς,

234 672 317 708 μηδὲν
330 675 390 701 κατ’
406 676 495 703 αὐτῶν
519 678 685 712 ἰσχύσαντες,
709 679 754 706 διὰ
766 681 814 715 τὴν
827 682 900 717 παρὰ
914 682 954 717 τῷ

169 715 227 752 λαῷ
241 717 319 749 δόξαν
331 718 385 745 τῶν
402 719 514 755 ἀνδρῶν,
537 722 582 749 ἐπὶ
595 723 657 754 τοὺς
671 723 796 758 βασιλέας
810 715 953 759 ἐληλύθασι

169 764 233 794 τοὺς
255 764 288 790 ὲκ
309 763 360 799 τῆς
387 765 573 802 Μακεδονικῆς
594 767 716 803 διαδοχῆς
737 769 792 796 τῶν
809 770 881 796 κατὰ
904 772 954 806 τὴν

169 807 270 842 Συρίαν
282 809 449 844 κρατοῦντας
463 811 564 847 μερῶν,
581 813 626 839 καὶ
640 814 846 848 παρεσκεύασαν
864 816 912 851 μὲν
925 818 954 843 ὲν

170 853 301 887 κινδύνοις
316 856 378 888 τοὺς
397 857 564 892 ἡγουμένους
585 860 675 886 αὐτῶν
690 860 834 894 γενέσθαι,
856 862 954 897 ἄνδρας

170 900 292 936 νομίμως
307 910 337 928 τε
354 902 540 937 ἱερατεύοντας
556 904 602 931 καὶ
613 904 730 940 δοκίμως
740 914 747 920 ·
769 894 912 941 μεθίστατο
925 907 953 933 δὲ
969 894 991 923 Β

170 946 204 972 τὰ
216 946 474 984 τῆςέῳχιερωούνης
487 951 527 980 είς
540 949 648 985 ἑτέρους
661 951 735 986 παρά
749 951 797 986 τὴν
811 952 864 979 τῶν
875 952 953 979 θείων

169 989 259 1024 νόμων
276 991 443 1026 ἀκολουθίαν,
466 994 536 1021 κατὰ
549 994 581 1021 τὸ
600 997 657 1027 τοῖς
680 995 818 1030 βασιλεῦσι
841 997 952 1024 δοκοῦν·

169 1035 194 1062 οἶ
210 1037 352 1072 μονονουχὶ
365 1038 517 1071 πωλοῦντες
533 1040 563 1066 τὸ
581 1040 657 1073 ἔθνος
671 1043 726 1073 τοῖς
744 1043 892 1078 βασιλεῦσι,
907 1044 954 1070 καὶ

169 1082 318 1117 χρημάτων
338 1084 414 1119 παρὰ
429 1084 459 1111 τὸ
482 1085 539 1113 δέον
552 1086 601 1122 τὴν
622 1088 786 1122 προστασίαν
807 1089 954 1123 ὠνούμενοι

168 1126 217 1153 τοῦ
238 1126 314 1159 λαοῦ,
338 1128 450 1156 πλεῖστα
468 1131 517 1165 μὲν
537 1131 587 1159 ὅσα
610 1132 798 1168 διεπράττοντο
812 1135 901 1166 κακὰ.
925 1137 954 1162 ὲν

170 1173 290 1209 ἀκοσμίᾳ
305 1174 333 1201 δὲ
345 1175 393 1202 καὶ
408 1177 535 1212 συγχύσει
550 1178 684 1205 καθίστων
696 1179 802 1207 ἅπαντα
813 1181 857 1207 τὸν
872 1181 935 1208 λαόν
945 1190 952 1198 ·

170 1217 218 1244 καὶ
233 1218 393 1246 κατελέλυτο
411 1220 460 1255 μὲν
473 1221 598 1254 καθάπαξ
614 1224 630 1258 ἡ
646 1223 699 1250 τῶν
714 1224 803 1259 νόμων
816 1224 953 1259 ἀκρίϐεια,

170 1263 344 1298 ἁντεισήγετο
357 1263 386 1290 δὲ
400 1264 497 1299 ἀταξία
510 1275 539 1292 τε
552 1267 599 1293 καὶ
611 1268 641 1294 τὸ
656 1268 721 1303 πρὸς
736 1269 888 1296 τούναντίον
898 1271 954 1301 τοῖς

170 1307 252 1341 θείοις
276 1309 368 1345 νόμοις
390 1310 496 1338 ἅπαντα
519 1312 678 1346 γίγνεσθαι·
707 1314 776 1350 ὑπὲρ
798 1314 830 1350 δὴ
854 1315 954 1342 τούτων

170 1353 296 1380 ἁπάντων
314 1355 420 1389 μυρίοις
435 1356 484 1391 μὲν
499 1357 571 1389 ὅσοις
587 1358 802 1394 περιεϐλήθησαν
826 1361 882 1391 τοῖς
902 1369 954 1387 κα-

170 1399 229 1430 κοῖς
245 1399 379 1427 Ἰουδαῖοι·
394 1401 448 1428 τῶν
459 1402 647 1430 Μακκαϐαίων
659 1403 686 1430 δὲ
700 1405 733 1430 ἐκ
747 1404 793 1431 τοῦ
810 1405 848 1440 μὴ
861 1405 954 1440 φέρειν

169 1443 220 1480 τὴν
236 1445 300 1479 περὶ
316 1445 350 1472 τὰ
374 1445 434 1473 θεῖα
453 1447 650 1483 πλημμέλειαν,
666 1450 732 1485 μηδὲ
748 1451 859 1477 ἀνεκτὸν
879 1452 955 1486 ἡγεῖ-

171 1488 235 1515 σθαι
247 1490 402 1525 ἡσυχάζειν,
425 1491 464 1527 (p.
478 1493 540 1528 509)
562 1494 632 1521 οὕτω
648 1495 697 1529 μὲν
711 1495 954 1531 παραϐαινομένων

169 1534 226 1561 τῶν
239 1535 328 1570 νόμων
342 1536 432 1571 θείων,
442 1538 574 1575 τοσαύτης
588 1540 615 1566 δὲ
632 1541 757 1573 ἀσεϐείας
769 1543 954 1578 ἀντεισαχθεί-

172 1589 223 1617 σης
241 1590 272 1608 τε
292 1582 339 1608 καὶ¹
355 1582 570 1619 πολιτευομένης,
587 1585 615 1611 ἐν
631 1586 722 1617 αὐτοῖς
743 1586 789 1613 τὸν
807 1587 874 1621 πρὸς
892 1589 955 1620 τοὺς

171 1627 359 1663 Μακεδονικῆς
376 1629 500 1666 διαδοχῆς
518 1631 644 1665 βασιλέας
661 1632 779 1667 πόλεμον
792 1633 956 1669 ἀναδεξαμέ-

171 1681 235 1701 νων.
249 1673 298 1700 οὐκ
310 1673 394 1708 ὀλίγοι
408 1675 478 1707 τινὲς
493 1675 546 1702 τῶν
565 1678 604 1708 είς
617 1677 647 1704 τὸ
661 1677 734 1709 ἔθνος
746 1678 892 1705 τελούντων
906 1679 955 1715 τὴν

166 1718 284 1746 ἱκείνων
300 1719 468 1755 ζηλώσαντες
482 1721 594 1757 γνώμην
608 1723 788 1758 ἐκοινώνησαν
809 1724 855 1750 τοῦ
870 1727 954 1761 προρ-

174 1763 301 1800 ρηθέντος
318 1765 432 1802 πολέμου
444 1775 451 1782 ·
470 1767 515 1794 καὶ
530 1768 622 1802 γέγονε
640 1769 687 1803 μὲν
699 1769 762 1804 περί
777 1778 806 1796 τε
820 1769 867 1806 τὴν
881 1771 957 1797 πόλιν

174 1809 221 1837 καὶ
234 1810 279 1838 τδν
290 1811 352 1839 ναὸν
365 1811 411 1839 τοῦ
424 1812 502 1845 Θεοῦ,
518 1814 563 1840 καὶ
574 1815 627 1840 πᾶν
641 1814 672 1850 δὴ
686 1815 716 1841 τὸ
728 1815 802 1847 ἔθνος
817 1817 956 1852 συντόμως

174 1856 260 1883 εεπεῖν
274 1856 358 1892 μυρία
370 1857 419 1884 ὅσα
433 1859 509 1894 παρά
518 1858 572 1885 τῶν
586 1860 747 1886 Μακεδόνων
764 1860 846 1893 κακὰ,
858 1861 876 1887 ἃ.
888 1861 955 1897 μηδὲ

175 1903 265 1939 Ιδᾴδων
279 1904 365 1930 εἰπεῖν
376 1912 383 1919 ·
410 1904 519 1937 ἐδέξατο
538 1905 567 1931 δὲ
579 1905 664 1932 ταῦτα
677 1906 826 1941 διόρθωσιν,
839 1907 956 1942 ὁπηνίκα

174 1948 240 1980 Θεὸς
260 1950 293 1984 τῇ
309 1949 405 1985 γνώμῃ
425 1950 478 1977 τῶν
494 1951 557 1986 περὶ
568 1951 613 1978 τὸν
629 1950 806 1978 Μακκαϐαῐον
820 1953 955 1988 ἀρεσθεὶς,

175 1994 310 2030 παρέσχεν
331 1995 422 2027 αὐτοῖς
447 1995 497 2031 τὴν
524 1996 626 2023 οἰκείαν
651 1997 758 2032 ῥοπήνο
789 1996 859 2023 ὥστε
881 1997 957 2033 παρὰ

175 2039 265 2065 πᾶσαν
278 2038 372 2066 ἐλπίδα
386 2040 590 2075 κεκρατηκότας
609 2041 728 2071 ἐκείνους
745 2040 799 2067 τῶν
815 2037 956 2075 βασιλέων,

175 2085 264 2112 καίτοι
295 2093 327 2120 γε
357 2085 556 2121 εὐαριθμήτους
581 2086 662 2118 ὂντας
689 2086 736 2113 καὶ
765 2087 831 2122 πρὸς
859 2087 958 2123 πολλὴν

175 2130 288 2166 δύναμιν
301 2131 477 2167 μαχομένους,
493 2132 637 2168 δυνηθῆναι
651 2132 700 2168 τὴν
712 2132 869 2168 πρέπουσαν
880 2133 959 2160 εὐκο-

178 2178 260 2214 σμίαν
270 2177 415 2205 ἀποδοῦναι
425 2178 465 2213 τῷ
479 2177 558 2205 ἔθνει.
568 2177 783 2212 Ἀναγκαιότατα
798 2177 830 2214 δὴ
842 2179 889 2205 κα)⁸
899 2178 960 2205 τού-

1004 281 1071 308 pace
1086 281 1139 308 qua
1153 273 1199 299 ditt
1219 273 1293 299 fruiti
1309 275 1399 303 erant,
1413 276 1440 298 et
1453 271 1515 298 inde
1529 270 1622 297 animo
1637 273 1742 296 mutato
1751 269 1784 294 ad

1003 319 1098 345 vitium
1114 318 1289 349 deﬂexerant,
1306 317 1334 344 in
1350 316 1516 343 contrarium
1526 316 1567 344 eis
1583 320 1680 342 cuncta
1694 322 1786 342 εοεειμ

1004 369 1082 398 runt;
1113 365 1250 399 multaque
1279 363 1448 398 perturbatio
1472 367 1499 389 et
1524 362 1651 395 confusio
1677 364 1784 395 gentem

1003 411 1124 444 ipsorum
1143 409 1302 444 occupavit,
1329 408 1429 435 divinis
1446 408 1573 434 nimirum
1595 407 1701 441 legibus
1713 407 1784 440 apud

1002 463 1051 483 eos
1065 456 1200 491 neglectis.
1223 454 1352 481 Nonnulli
1367 454 1440 480 enim
1453 453 1607 479 humilioris
1619 452 1784 479 conditionis

1004 501 1139 532 homines,
1171 501 1304 527 adversus
1331 498 1474 534 pontiﬁces
1495 501 1522 524 et
1543 498 1633 531 populi
1663 497 1784 524 universi

1004 547 1097 577 duces,
1122 554 1203 581 quem
1221 546 1294 573 omni
1311 553 1372 572 cum
1393 544 1532 579 diligentia
1548 543 1784 574 administrabant,

1004 596 1114 627 propter
1136 599 1213 619 suam
1235 599 1346 626 pravam
1364 590 1460 625 agendi
1479 590 1611 616 rationem
1627 588 1786 615 inimicitias

1003 642 1194 672 Susceperunt,
1211 642 1239 664 ut
1257 645 1373 672 pronum
1393 636 1465 663 factu
1479 641 1555 669 erat;
1588 635 1689 669 quibus
1723 641 1786 660 curti

1003 683 1148 717 przevalere
1173 690 1228 709 non
1249 686 1371 716 possent,
1400 685 1511 715 propter
1525 680 1647 706 virorum
1677 678 1787 704 illorum

1003 728 1073 762 apud
1094 728 1223 762 populum
1243 727 1426 760 maiestatem,
1445 726 1478 752 ad
1495 733 1571 758 reges
1584 723 1696 759 profecti
1712 726 1786 754 sunt,

1003 774 1048 808 qui
1073 781 1106 800 ex
1131 772 1302 799 Macedonica
1330 771 1507 799 successione
1532 769 1617 805 Syria:
1641 769 1788 804 provinciis

1002 817 1192 850 imperabant;
1229 821 1256 843 et
1289 816 1409 851 pericula
1435 815 1588 842 conﬂaruut
1616 814 1788 849 principibus

1003 863 1071 892 suis,
1083 862 1130 897 qui
1147 861 1231 896 probe
1247 861 1420 895 legitimoque
1441 860 1623 888 sacerdotium
1638 859 1766 893 gerebant
1779 866 1787 891 ;

1005 908 1041 935 ita
1055 912 1084 934 ut
1095 906 1272 945 pontificatus
1299 906 1333 933 ad
1350 906 1420 933 alios
1443 905 1567 933 homines
1591 904 1789 932 transferretur

1006 957 1102 987 praeter
1115 953 1202 987 legum
1216 952 1370 979 divinarum
1381 951 1515 982 ordinem,
1528 958 1578 985 pro
1589 957 1682 985 regum
1699 950 1787 977 libito.

1004 998 1044 1025 llli
1070 998 1194 1026 videlicet
1223 1001 1331 1033 gentem
1353 1005 1432 1024 suam
1457 996 1653 1032 propemodum
1677 996 1789 1031 regibus

1003 1044 1197 1075 vendiderunt,
1213 1047 1240 1071 et
1257 1043 1372 1078 pecunia
1388 1046 1486 1077 prater
1502 1042 1545 1070 fas
1556 1045 1681 1069 emerunt
1695 1041 1789 1076 populi

1004 1088 1186 1122 dominatum,
1205 1093 1233 1116 et
1247 1089 1363 1123 plurima
1377 1088 1448 1115 mala
1463 1087 1634 1119 invexerunt,
1648 1087 1790 1122 populum-

1004 1143 1057 1169 que
1073 1134 1230 1162 universum
1254 1134 1282 1161 in
1303 1134 1537 1168 perturbationem
1556 1137 1582 1160 et
1597 1132 1788 1160 confusionem

1004 1181 1191 1214 coniecerunt.
1204 1180 1284 1215 342
1296 1179 1373 1206 Tunc
1385 1180 1497 1206 omnino
1506 1178 1588 1206 desiit
1598 1179 1684 1213 legum
1697 1177 1790 1205 obser-

1003 1226 1106 1256 vantia,
1134 1226 1270 1252 successit
1292 1229 1383 1252 autem
1401 1224 1541 1259 iniquitas,
1567 1228 1594 1251 et
1608 1228 1637 1250 ut
1651 1223 1790 1250 contraria

1004 1272 1109 1306 legibus
1121 1271 1222 1299 divinis
1238 1275 1338 1298 cuncta
1354 1270 1459 1297 fierent.
1485 1269 1544 1297 Jam
1561 1270 1596 1296 ob
1615 1269 1672 1296 haec
1686 1269 1789 1300 omnia,

1004 1316 1155 1343 innumeris
1186 1316 1264 1343 malis
1292 1314 1380 1342 Judaei
1408 1313 1527 1348 correpti
1561 1314 1682 1340 fuerunt.
1711 1311 1790 1338 Tunc

1004 1361 1152 1389 llacliabzei
1174 1369 1229 1388 non
1252 1360 1370 1388 ferentes
1384 1360 1487 1387 illatam
1503 1359 1625 1394 religioni
1641 1357 1785 1387 offensam,

1004 1414 1093 1442 neque
1118 1407 1170 1434 sibi
1193 1406 1388 1441 quiescendum
1412 1409 1540 1440 putantes
1563 1404 1666 1432 divinis
1684 1403 1790 1438 legibus

1005 1457 1146 1487 tantopere
1164 1452 1284 1483 violatis,
1311 1455 1441 1486 tantaque
1455 1451 1562 1478 invecta
1578 1457 1610 1477 ac
1631 1449 1791 1476 dominante

1005 1499 1153 1534 impietate,
1174 1498 1201 1526 in
1223 1506 1253 1526 se
1266 1498 1365 1525 bellutn
1386 1498 1518 1526 adversus
1534 1495 1716 1524 Macedonica:
1729 1502 1791 1522 suc-

1005 1544 1139 1572 Cessionis
1154 1551 1231 1579 reges
1251 1548 1423 1578 receperunt,
1435 1547 1462 1571 et
1477 1542 1549 1570 haud
1565 1541 1643 1577 pauci
1662 1541 1695 1569 de
1711 1544 1792 1575 gente

1005 1588 1168 1616 sententiam
1191 1595 1287 1615 eorum
1311 1588 1480 1618 annillantes,
1512 1587 1669 1622 praedictum
1691 1585 1790 1613 bellum

1005 1634 1210 1669 participarunt.
1227 1633 1296 1661 Hinc
1311 1633 1371 1660 urbi
1382 1637 1408 1660 et
1419 1632 1466 1660 Dei
1482 1633 1628 1667 templo,et
1644 1632 1789 1661 universae,

1005 1683 1035 1706 ut
1048 1687 1102 1706 uno
1116 1679 1200 1706 verbo
1215 1679 1320 1711 dicam,
1336 1678 1409 1714 genti
1428 1678 1500 1705 mala
1517 1678 1659 1705 innumera
1674 1684 1687 1703 ξι
1705 1676 1792 1703 Mace-

1005 1727 1123 1754 donibus
1148 1725 1222 1752 illata
1248 1726 1368 1754 fuerunt.
1395 1731 1455 1760 qua).
1473 1724 1528 1753 dici
1542 1723 1623 1750 facile
1639 1726 1790 1757 nequeunt.

1007 1772 1060 1799 Sed
1073 1772 1145 1799 enim
1170 1771 1213 1798 his
1229 1771 1381 1798 remedium
1398 1770 1495 1803 adfuit,
1513 1777 1575 1797 cum
1595 1769 1665 1796 Deus
1681 1767 1792 1795 Macha-

1006 1815 1127 1843 batorum
1150 1815 1291 1851 proposito
1308 1815 1470 1847 delectatus,
1490 1823 1569 1842 suum
1587 1814 1642 1842 illis
1668 1812 1793 1848 adjunxit

1007 1863 1158 1895 auxilium;
1190 1862 1228 1889 ita
1254 1867 1282 1888 ut
1303 1866 1401 1897 praeter
1422 1869 1531 1889 omnem
1557 1867 1632 1895 spem
1657 1858 1795 1895 superatis

1007 1907 1127 1942 regibus,
1137 1914 1294 1942 quanquam
1306 1906 1385 1941 pattci
1397 1913 1511 1933 numero
1522 1905 1653 1932 adversus
1666 1911 1792 1938 magnum

1007 1952 1158 1980 exercitum
1182 1952 1365 1983 decertantes,
1395 1951 1537 1979 decentem
1553 1950 1675 1977 ordinem
1692 1948 1794 1984 populo

1007 1999 1152 2026 restituere
1179 1998 1329 2032 potuerint.
1351 1997 1481 2032 Apprime
1506 1995 1589 2030 igitur
1608 1993 1793 2022 necessariam

1008 2052 1099 2072 rerum
1116 2044 1212 2070 barum
1228 2047 1325 2071 nactus
1341 2043 1472 2078 propheta
1492 2049 1505 2067 a
1521 2041 1612 2068 divina
1626 2039 1793 2067 revelatione

1012 2089 1207 2125 cognttionem,
1228 2088 1350 2124 praedicit
1367 2088 1466 2123 populo
1483 2086 1590 2120 futura;
1608 2087 1795 2120 scriptamque

1009 2134 1144 2162 borumad
1153 2139 1277 2169 posteros
1283 2133 1443 2161 transmittit
1452 2132 1576 2160 notitiam
1584 2130 1796 2167 insequentibus
1851 2125 1853 2129 ’

1010 2179 1048 2207 ita
1063 2180 1186 2214 loquens.
1201 2178 1247 2205 Sic
1262 2183 1352 2206 autem
1368 2177 1474 2212 incipit:

182 2232 229 2252 ιων
243 2223 290 2260 τὴν
301 2223 401 2258 γνῶσιν
410 2223 555 2259 δεξάμενος
566 2225 580 2251 ό
590 2224 730 2259 προφήτης
741 2223 771 2255 ἐξ
784 2224 980 2259 ἀποκαλύψεως
990 2225 1073 2256 θείας,
1088 2223 1183 2260 μηνύει
1195 2233 1224 2251 τε
1235 2223 1274 2260 τῷ
1284 2224 1341 2260 λαῷ
1350 2223 1385 2250 τὰ
1395 2223 1510 2259 ἐσόμενα
1520 2231 1527 2238 ·
1538 2223 1584 2250 καὶ
1597 2222 1734 2257 ἔγγραφον
1746 2222 1794 2248 αύ-

179 2269 231 2297 τῶν
242 2270 282 2302 είς
288 2270 350 2301 τοὺς
357 2269 420 2304 ἑξῆς
428 2270 608 2305 παραπέμπει
617 2269 666 2304 τὴν
677 2268 776 2307 γνῶσιν
788 2270 816 2295 ὲν
827 2271 882 2301 τοῖς
894 2270 1008 2306 καθεξῆς
1016 2272 1073 2301 τοῖς
1086 2271 1150 2306 περὶ
1161 2269 1263 2297 τούτων
1275 2269 1413 2305 χρώμενος
1419 2269 1517 2303 λόγοις.
1523 2269 1555 2295 ’Δ
1559 2277 1652 2305 ρχεται
1660 2268 1688 2295 δὲ
1697 2268 1791 2300 οὕτως·

211 2316 276 2351 Στίχ
299 2315 320 2342 δ’
324 2337 331 2348 ,
347 2319 378 2344 ε’.
393 2331 428 2336 -
444 2326 453 2342 ι
465 2317 534 2344 Τάδε
547 2316 619 2350 λέγει
634 2316 735 2352 Κύριος
753 2317 955 2352 παντοκράτωρ,

1045 2315 1126 2345 Vsus.
1145 2317 1173 2350 4,
1193 2317 1268 2345 5.-
1284 2317 1366 2344 «Haec
1387 2317 1424 2344 ait
1449 2316 1580 2344 Dominus
1601 2316 1791 2351 omnipotens:

181 2362 306 2398 Ποίμαινε
319 2362 354 2389 τὰ
367 2362 491 2398 πρόϐατα
504 2362 553 2397 τῆς
568 2362 683 2398 σφαγῆς.
698 2372 708 2388 ι
744 2363 823 2394 Ἔθος
847 2364 880 2398 τῇ
901 2363 961 2398 θείᾳ.

180 2409 272 2444 Γραφῇ
295 2407 425 2440 πολλάκις
448 2407 639 2443 προστακτικῷ
662 2408 781 2443 σχήματι
799 2407 911 2442 μηνύειν
932 2407 961 2434 τὸ

179 2453 285 2489 μέλλον,
300 2452 355 2480 οἷόν
366 2454 424 2480 ἐστι
436 2453 477 2485 τὺ,
495 2454 595 2488 «Χαῖρε
606 2453 717 2488 σφόδρα,
731 2453 850 2488 θύγατερ
863 2452 963 2479 Σιών·›

179 2499 266 2527 καίτοι
281 2507 313 2533 γε
325 2499 386 2526 οὐδὲ
403 2500 432 2526 ὲν
447 2499 611 2534 ὲπιτάγματι
624 2500 712 2526 κεῖται
728 2498 758 2526 τὸ
770 2499 885 2534 χαίρειν,
900 2498 961 2524 ἐπεὶ

182 2545 248 2580 μήτε
264 2545 404 2580 παρόντων
417 2544 472 2571 τῶν
485 2544 570 2580 ἡδέων
586 2544 696 2572 δυνατδν
714 2544 750 2579 μὴ
766 2544 882 2579 χαίρειν,
899 2544 960 2578 χαί-

180 2600 238 2627 ρειν
249 2599 280 2618 τε
292 2591 342 2618 οὐκ
354 2590 456 2618 ἔνεστιν
464 2591 588 2618 ἀπόντων
603 2591 657 2617 τῶν
674 2590 758 2626 ἡδέων
768 2598 774 2605 ·
792 2589 859 2617 ἀλλὰ
875 2590 959 2625 μηνύ-

181 2645 226 2664 σαι
242 2635 390 2672 βουλομένη
413 2636 463 2672 τὴν
488 2636 690 2672 προσεσομένην
713 2636 804 2667 αὐτοῖς
820 2635 915 2671 ἡδονὴν
929 2636 961 2662 ἐκ

179 2683 229 2718 τῆς
240 2682 286 2711 τοῦ
297 2682 449 2719 Ζοροϐάϐελ
461 2682 617 2718 ἡγεμονίας,
634 2681 840 2718 προστακτικῶς
856 2681 902 2708 τοῦ
918 2681 962 2708 λό-

180 2737 229 2763 γου
239 2729 383 2764 πεποίηται
394 2728 442 2764 τὴν
453 2729 552 2764 ἀρχὴν.
570 2729 608 2763 (p.
621 2727 683 2762 5l0)
701 2728 755 2754 Καὶ
769 2726 837 2762 μετά
849 2727 959 2762 βραχέαο

184 2784 194 2800 ι
210 2775 315 2801 Αίτεῐτε
328 2774 404 2809 παρὰ
416 2775 517 2809 Κυρίου
532 2774 608 2801 ὑετὸν
619 2773 679 2800 καθ’
694 2772 767 2808 ὥραν
782 2772 904 2808 πρώῖμον
915 2773 962 2799 καὶ

182 2820 295 2854 δίζνιμον·
315 2830 325 2846 ι
346 2820 424 2856 δήλου
442 2821 490 2855 μὲν
506 2820 580 2852 δντος
602 2820 640 2851 ὡς
662 2820 711 2846 οὐκ
726 2819 759 2846 ἂν
774 2828 815 2850 τις
835 2820 864 2845 ὲν
886 2819 965 2854 χρείᾳ

183 2864 222 2893 ὦν
245 2865 392 2902 παραλίποι
415 2865 447 2892 τὸ
469 2866 572 2897 αἰτεῖν,
593 2864 670 2900 εἴπερ
692 2861 738 2890 οὖν
761 2864 801 2890 ὅτι
823 2863 963 2899 δοθήσεται

1011 2363 1096 2391 Pasce
1118 2371 1182 2391 oves
1204 2363 1361 2391 occisionis.
1373 2372 1383 2388 ι
1401 2362 1458 2390 Mos
1475 2366 1517 2389 est
1530 2361 1628 2389 divina:
1647 2361 1794 2396 Scriptum

1012 2417 1083 2444 saepe
1096 2409 1175 2435 modo
1188 2408 1348 2442 imperativo
1361 2408 1482 2435 futurum
1499 2407 1640 2435 denotare.
1653 2406 1735 2434 veluti
1753 2412 1795 2434 est

1010 2456 1217 2484 illuduLaatare
1232 2456 1416 2488 vehementer,
1434 2455 1487 2482 lilia
1504 2453 1606 2481 Sionis.
1627 2452 1727 2488 tAtqui
1747 2451 1794 2479 la.»

1011 2501 1072 2528 titia
1085 2501 1213 2535 imperari
1238 2502 1352 2536 nequit;
1376 2508 1439 2528 nam
1453 2507 1542 2535 neque
1557 2499 1642 2526 laetari
1659 2507 1715 2526 non
1729 2506 1793 2533 pos‘

1014 2555 1109 2575 sumus
1133 2547 1157 2574 si
1176 2547 1298 2582 jucunda
1321 2546 1427 2580 adsint;
1456 2554 1545 2581 neque
1564 2545 1683 2574 vicissim
1709 2544 1794 2572 latori

1014 2600 1160 2628 possumus
1190 2592 1213 2620 si
1240 2592 1331 2620 absint
1353 2592 1487 2628 jucunda.
1521 2591 1622 2620 Verum
1653 2590 1794 2625 Scriptura

1014 2638 1168 2671 significare
1183 2637 1278 2664 volens
1291 2637 1414 2666 futurum
1428 2636 1610 2665 Israelitarum
1622 2635 1750 2672 gaudium
1761 2643 1795 2663 ex

1015 2681 1189 2709 Zorobabclis
1214 2682 1377 2717 principatu,
1409 2682 1570 2718 imperative
1592 2681 1658 2708 facit
1684 2680 1794 2708 dicendi

1014 2728 1131 2755 initium.
1158 2726 1190 2754 Et
1202 2727 1283 2761 paulo
1295 2731 1369 2761 post:
1392 2735 1402 2752 ‹
1417 2725 1504 2754 Petite
1518 2734 1533 2753 a
1550 2726 1663 2754 Domino
1675 2725 1794 2760 pluviam

1014 2772 1212 2807 tempestivam,
1225 2772 1386 2799 matutinam
1398 2776 1425 2799 et
1437 2772 1594 2800 serotinam.
1607 2781 1616 2797 ι
1636 2771 1717 2805 Atqui
1733 2776 1794 2804 per-

1017 2819 1141 2853 spicuum
1163 2817 1236 2846 erat'
1249 2818 1305 2846 fore
1323 2822 1352 2845 ut
1370 2826 1448 2845 nemo
1468 2818 1557 2852 pluvia
1573 2817 1697 2850 indigens
1713 2815 1793 2851 343

1015 2864 1151 2899 postulare
1162 2864 1307 2897 omitteret,
1323 2864 1345 2891 si
1358 2870 1430 2892 certe
1442 2872 1470 2891 se
1482 2865 1686 2899 impetraturum
1699 2863 1791 2890 sciret.
