  <div class='ocr_page' id='page_1' title='image "/cluster/home/n/w/nwhite01/storage/ocr_20150623/66/njp.32101077772695/299.png"; bbox 0 0 1983 3072; ppageno 0'>
   <div class='ocr_carea' id='block_1_1' title="bbox 160 2852 176 2860">
    <p class='ocr_par' dir='ltr' id='par_1_1' title="bbox 160 2852 176 2860">
     <span class='ocr_line' id='line_1_1' title="bbox 160 2852 176 2860; baseline 0 0"><span class='ocrx_word' id='word_1_1' title='bbox 160 2852 176 2860; x_wconf 56' lang='grc' dir='ltr'><em>κ</em></span> 
     </span>
    </p>
   </div>
   <div class='ocr_carea' id='block_1_2' title="bbox 187 146 238 175">
    <p class='ocr_par' dir='ltr' id='par_1_2' title="bbox 187 146 238 175">
     <span class='ocr_line' id='line_1_2' title="bbox 187 146 238 175; baseline -0.039 0"><span class='ocrx_word' id='word_1_2' title='bbox 187 146 238 175; x_wconf 77' lang='grc'><strong>5⁸11</strong></span> 
     </span>
    </p>
   </div>
   <div class='ocr_carea' id='block_1_3' title="bbox 776 149 1216 180">
    <p class='ocr_par' dir='ltr' id='par_1_3' title="bbox 776 149 1216 180">
     <span class='ocr_line' id='line_1_3' title="bbox 776 149 1216 180; baseline 0.002 -2"><span class='ocrx_word' id='word_1_3' title='bbox 776 149 954 179; x_wconf 60' lang='grc' dir='ltr'><strong>’⁸1⁵11Εο0031</strong></span> <span class='ocrx_word' id='word_1_4' title='bbox 972 149 1087 180; x_wconf 71' lang='grc' dir='ltr'>Μορευ</span> <span class='ocrx_word' id='word_1_5' title='bbox 1092 151 1216 179; x_wconf 77' lang='lat' dir='ltr'><strong>ESTENI</strong></span> 
     </span>
    </p>
   </div>
   <div class='ocr_carea' id='block_1_4' title="bbox 1761 153 1813 182">
    <p class='ocr_par' dir='ltr' id='par_1_4' title="bbox 1761 153 1813 182">
     <span class='ocr_line' id='line_1_4' title="bbox 1761 153 1813 182; baseline 0.019 -1"><span class='ocrx_word' id='word_1_6' title='bbox 1761 153 1813 182; x_wconf 69' lang='grc' dir='ltr'><strong>επ</strong></span> 
     </span>
    </p>
   </div>
   <div class='ocr_carea' id='block_1_5' title="bbox 189 204 976 248">
    <p class='ocr_par' dir='ltr' id='par_1_5' title="bbox 189 204 975 246">
     <span class='ocr_line' id='line_1_5' title="bbox 189 204 975 246; baseline 0.008 -13"><span class='ocrx_word' id='word_1_7' title='bbox 189 204 242 233; x_wconf 79' lang='lat' dir='ltr'><strong>Sed</strong></span> <span class='ocrx_word' id='word_1_8' title='bbox 255 209 346 235; x_wconf 83' lang='lat' dir='ltr'><strong>tamen</strong></span> <span class='ocrx_word' id='word_1_9' title='bbox 358 206 452 236; x_wconf 85' lang='lat' dir='ltr'><strong>dicere</strong></span> <span class='ocrx_word' id='word_1_10' title='bbox 467 207 562 237; x_wconf 88' lang='lat' dir='ltr'><strong>volens</strong></span> <span class='ocrx_word' id='word_1_11' title='bbox 578 209 689 244; x_wconf 77' lang='lat' dir='ltr'><strong>copiose</strong></span> <span class='ocrx_word' id='word_1_12' title='bbox 703 209 756 237; x_wconf 85' lang='lat' dir='ltr'><strong>illis</strong></span> <span class='ocrx_word' id='word_1_13' title='bbox 769 217 802 238; x_wconf 89' lang='lat' dir='ltr'><strong>ac</strong></span> <span class='ocrx_word' id='word_1_14' title='bbox 816 211 975 246; x_wconf 82' lang='lat' dir='ltr'><strong>tempestive</strong></span> 
     </span>
    </p>
   </div>
   <div class='ocr_carea' id='block_1_6' title="bbox 1029 204 1812 248">
    <p class='ocr_par' dir='ltr' id='par_1_6' title="bbox 1029 210 1812 248">
     <span class='ocr_line' id='line_1_6' title="bbox 1029 210 1812 248; baseline 0.004 -12"><span class='ocrx_word' id='word_1_15' title='bbox 1029 210 1135 242; x_wconf 85' lang='grc' dir='ltr'>πάντως</span> <span class='ocrx_word' id='word_1_16' title='bbox 1158 211 1260 247; x_wconf 71' lang='grc' dir='ltr'>εἰδείη·</span> <span class='ocrx_word' id='word_1_17' title='bbox 1286 212 1344 239; x_wconf 79' lang='grc' dir='ltr'>ἀλλ’</span> <span class='ocrx_word' id='word_1_18' title='bbox 1368 213 1443 248; x_wconf 73' lang='grc' dir='ltr'>ὅμως</span> <span class='ocrx_word' id='word_1_19' title='bbox 1465 211 1624 248; x_wconf 81' lang='grc' dir='ltr'>βουλόμενος</span> <span class='ocrx_word' id='word_1_20' title='bbox 1651 211 1738 238; x_wconf 71' lang='grc' dir='ltr'>εἰπεῖν</span> <span class='ocrx_word' id='word_1_21' title='bbox 1759 211 1812 243; x_wconf 77' lang='grc' dir='ltr'>ὅτι,</span> 
     </span>
    </p>
   </div>
   <div class='ocr_carea' id='block_1_7' title="bbox 189 254 976 293">
    <p class='ocr_par' dir='ltr' id='par_1_7' title="bbox 189 254 976 293">
     <span class='ocr_line' id='line_1_7' title="bbox 189 254 976 293; baseline 0.008 -14"><span class='ocrx_word' id='word_1_22' title='bbox 189 254 307 288; x_wconf 87' lang='lat' dir='ltr'><strong>pluviam</strong></span> <span class='ocrx_word' id='word_1_23' title='bbox 319 254 402 282; x_wconf 89' lang='lat' dir='ltr'><strong>Deum</strong></span> <span class='ocrx_word' id='word_1_24' title='bbox 415 263 624 289; x_wconf 84' lang='lat' dir='ltr'><strong>concessurum,</strong></span> <span class='ocrx_word' id='word_1_25' title='bbox 644 257 804 292; x_wconf 72' lang='lat' dir='ltr'><strong>imperativo</strong></span> <span class='ocrx_word' id='word_1_26' title='bbox 817 258 898 285; x_wconf 89' lang='lat' dir='ltr'><strong>modo</strong></span> <span class='ocrx_word' id='word_1_27' title='bbox 911 266 976 293; x_wconf 72' lang='lat' dir='ltr'><strong>prte-</strong></span> 
     </span>
    </p>
   </div>
   <div class='ocr_carea' id='block_1_8' title="bbox 188 299 974 338">
    <p class='ocr_par' dir='ltr' id='par_1_8' title="bbox 188 299 974 338">
     <span class='ocr_line' id='line_1_8' title="bbox 188 299 974 338; baseline 0.005 -12"><span class='ocrx_word' id='word_1_28' title='bbox 188 300 336 328; x_wconf 76' lang='lat' dir='ltr'><strong>dictionem</strong></span> <span class='ocrx_word' id='word_1_29' title='bbox 353 299 437 328; x_wconf 82' lang='lat' dir='ltr'><strong>futuri</strong></span> <span class='ocrx_word' id='word_1_30' title='bbox 450 301 524 328; x_wconf 79' lang='lat' dir='ltr'><strong>facit.</strong></span> <span class='ocrx_word' id='word_1_31' title='bbox 545 301 644 330; x_wconf 87' lang='lat' dir='ltr'><strong>Eadem</strong></span> <span class='ocrx_word' id='word_1_32' title='bbox 658 304 763 330; x_wconf 97' lang='lat' dir='ltr'><strong>ratione</strong></span> <span class='ocrx_word' id='word_1_33' title='bbox 773 310 845 330; x_wconf 80' lang='lat' dir='ltr'><strong>nunc</strong></span> <span class='ocrx_word' id='word_1_34' title='bbox 855 311 974 338; x_wconf 86' lang='lat' dir='ltr'><strong>quoque,</strong></span> 
     </span>
    </p>
   </div>
   <div class='ocr_carea' id='block_1_9' title="bbox 187 347 974 383">
    <p class='ocr_par' dir='ltr' id='par_1_9' title="bbox 187 347 974 383">
     <span class='ocr_line' id='line_1_9' title="bbox 187 347 974 383; baseline 0.003 -10"><span class='ocrx_word' id='word_1_35' title='bbox 187 351 318 373; x_wconf 81' lang='lat' dir='ltr'><strong>eventura</strong></span> <span class='ocrx_word' id='word_1_36' title='bbox 334 347 433 382; x_wconf 90' lang='lat' dir='ltr'><strong>populo</strong></span> <span class='ocrx_word' id='word_1_37' title='bbox 446 348 515 374; x_wconf 79' lang='lat' dir='ltr'><strong>mala</strong></span> <span class='ocrx_word' id='word_1_38' title='bbox 534 349 696 383; x_wconf 79' lang='lat' dir='ltr'><strong>imperativo</strong></span> <span class='ocrx_word' id='word_1_39' title='bbox 708 349 788 376; x_wconf 91' lang='lat' dir='ltr'><strong>modo</strong></span> <span class='ocrx_word' id='word_1_40' title='bbox 798 348 974 380; x_wconf 88' lang='lat' dir='ltr'><strong>vaticinatur,</strong></span> 
     </span>
    </p>
   </div>
   <div class='ocr_carea' id='block_1_10' title="bbox 187 393 976 430">
    <p class='ocr_par' dir='ltr' id='par_1_10' title="bbox 187 393 976 430">
     <span class='ocr_line' id='line_1_10' title="bbox 187 393 976 430; baseline 0.004 -11"><span class='ocrx_word' id='word_1_41' title='bbox 187 393 283 420; x_wconf 84' lang='lat' dir='ltr'><strong>dicens</strong></span> <span class='ocrx_word' id='word_1_42' title='bbox 300 393 441 420; x_wconf 71' lang='lat' dir='ltr'><strong>videlicet:</strong></span> <span class='ocrx_word' id='word_1_43' title='bbox 455 393 517 422; x_wconf 63' lang='lat' dir='ltr'><strong>Haec</strong></span> <span class='ocrx_word' id='word_1_44' title='bbox 530 402 546 422; x_wconf 82' lang='lat' dir='ltr'><strong>a</strong></span> <span class='ocrx_word' id='word_1_45' title='bbox 560 402 603 421; x_wconf 83' lang='lat' dir='ltr'><strong>me</strong></span> <span class='ocrx_word' id='word_1_46' title='bbox 619 395 719 430; x_wconf 91' lang='lat' dir='ltr'><strong>popqu</strong></span> <span class='ocrx_word' id='word_1_47' title='bbox 733 395 867 426; x_wconf 76' lang='lat' dir='ltr'><strong>evenient|</strong></span> <span class='ocrx_word' id='word_1_48' title='bbox 879 403 976 430; x_wconf 82' lang='lat' dir='ltr'><strong>quem-</strong></span> 
     </span>
    </p>
   </div>
   <div class='ocr_carea' id='block_1_11' title="bbox 187 437 976 475">
    <p class='ocr_par' dir='ltr' id='par_1_11' title="bbox 187 437 976 475">
     <span class='ocr_line' id='line_1_11' title="bbox 187 437 976 475; baseline 0.006 -12"><span class='ocrx_word' id='word_1_49' title='bbox 187 437 333 464; x_wconf 78' lang='lat' dir='ltr'><strong>admodum</strong></span> <span class='ocrx_word' id='word_1_50' title='bbox 359 446 446 473; x_wconf 86' lang='lat' dir='ltr'><strong>nuper</strong></span> <span class='ocrx_word' id='word_1_51' title='bbox 472 439 549 472; x_wconf 80' lang='lat' dir='ltr'><strong>dixi;</strong></span> <span class='ocrx_word' id='word_1_52' title='bbox 577 444 603 466; x_wconf 87' lang='lat' dir='ltr'><strong>et</strong></span> <span class='ocrx_word' id='word_1_53' title='bbox 627 440 710 466; x_wconf 84' lang='lat' dir='ltr'><strong>lamis</strong></span> <span class='ocrx_word' id='word_1_54' title='bbox 733 440 849 475; x_wconf 91' lang='lat' dir='ltr'><strong>populus</strong></span> <span class='ocrx_word' id='word_1_55' title='bbox 870 440 976 468; x_wconf 79' lang='lat' dir='ltr'><strong>fruetur</strong></span> 
     </span>
    </p>
   </div>
   <div class='ocr_carea' id='block_1_12' title="bbox 189 482 975 520">
    <p class='ocr_par' dir='ltr' id='par_1_12' title="bbox 189 482 975 520">
     <span class='ocr_line' id='line_1_12' title="bbox 189 482 975 520; baseline 0.008 -11"><span class='ocrx_word' id='word_1_56' title='bbox 189 482 280 514; x_wconf 83' lang='lat' dir='ltr'><strong>bonis.</strong></span> <span class='ocrx_word' id='word_1_57' title='bbox 308 488 335 510; x_wconf 87' lang='lat' dir='ltr'><strong>et</strong></span> <span class='ocrx_word' id='word_1_58' title='bbox 361 484 530 512; x_wconf 86' lang='lat' dir='ltr'><strong>llierusalcm</strong></span> <span class='ocrx_word' id='word_1_59' title='bbox 555 486 642 520; x_wconf 81' lang='lat' dir='ltr'><strong>copiis</strong></span> <span class='ocrx_word' id='word_1_60' title='bbox 657 486 771 519; x_wconf 78' lang='lat' dir='ltr'><strong>diﬁluet,</strong></span> <span class='ocrx_word' id='word_1_61' title='bbox 799 492 826 514; x_wconf 88' lang='lat' dir='ltr'><strong>et</strong></span> <span class='ocrx_word' id='word_1_62' title='bbox 852 487 975 515; x_wconf 77' lang='lat' dir='ltr'><strong>hostibus</strong></span> 
     </span>
    </p>
   </div>
   <div class='ocr_carea' id='block_1_13' title="bbox 189 529 975 570">
    <p class='ocr_par' dir='ltr' id='par_1_13' title="bbox 189 529 975 570">
     <span class='ocr_line' id='line_1_13' title="bbox 189 529 975 570; baseline 0.009 -15"><span class='ocrx_word' id='word_1_63' title='bbox 189 529 346 564; x_wconf 84' lang='lat' dir='ltr'><strong>superiores</strong></span> <span class='ocrx_word' id='word_1_64' title='bbox 361 531 490 563; x_wconf 87' lang='lat' dir='ltr'><strong>evadent,</strong></span> <span class='ocrx_word' id='word_1_65' title='bbox 503 539 535 558; x_wconf 78' lang='lat' dir='ltr'><strong>ex</strong></span> <span class='ocrx_word' id='word_1_66' title='bbox 548 532 648 566; x_wconf 88' lang='lat' dir='ltr'><strong>quibus</strong></span> <span class='ocrx_word' id='word_1_67' title='bbox 663 533 762 561; x_wconf 87' lang='lat' dir='ltr'><strong>multas</strong></span> <span class='ocrx_word' id='word_1_68' title='bbox 776 533 827 561; x_wconf 93' lang='lat' dir='ltr'><strong>sibi</strong></span> <span class='ocrx_word' id='word_1_69' title='bbox 848 535 975 570; x_wconf 75' lang='lat' dir='ltr'><strong>colligent</strong></span> 
     </span>
    </p>
   </div>
   <div class='ocr_carea' id='block_1_14' title="bbox 191 575 974 614">
    <p class='ocr_par' dir='ltr' id='par_1_14' title="bbox 191 575 974 614">
     <span class='ocr_line' id='line_1_14' title="bbox 191 575 974 614; baseline 0.006 -12"><span class='ocrx_word' id='word_1_70' title='bbox 191 583 268 610; x_wconf 87' lang='lat' dir='ltr'><strong>opes.</strong></span> <span class='ocrx_word' id='word_1_71' title='bbox 281 575 474 604; x_wconf 79' lang='lat' dir='ltr'><strong>Verumtamen</strong></span> <span class='ocrx_word' id='word_1_72' title='bbox 485 578 549 612; x_wconf 85' lang='lat' dir='ltr'><strong>quia</strong></span> <span class='ocrx_word' id='word_1_73' title='bbox 558 585 612 605; x_wconf 95' lang='lat' dir='ltr'><strong>non</strong></span> <span class='ocrx_word' id='word_1_74' title='bbox 627 582 700 606; x_wconf 86' lang='lat' dir='ltr'><strong>recte</strong></span> <span class='ocrx_word' id='word_1_75' title='bbox 713 579 843 607; x_wconf 79' lang='lat' dir='ltr'><strong>felicitate</strong></span> <span class='ocrx_word' id='word_1_76' title='bbox 852 584 974 614; x_wconf 89' lang='lat' dir='ltr'><strong>utentur,</strong></span> 
     </span>
    </p>
   </div>
   <div class='ocr_carea' id='block_1_15' title="bbox 188 620 976 658">
    <p class='ocr_par' dir='ltr' id='par_1_15' title="bbox 188 620 976 658">
     <span class='ocr_line' id='line_1_15' title="bbox 188 620 976 658; baseline 0.009 -12"><span class='ocrx_word' id='word_1_77' title='bbox 188 625 215 647; x_wconf 88' lang='lat' dir='ltr'><strong>et</strong></span> <span class='ocrx_word' id='word_1_78' title='bbox 230 620 262 648; x_wconf 90' lang='lat' dir='ltr'><strong>ad</strong></span> <span class='ocrx_word' id='word_1_79' title='bbox 281 621 359 656; x_wconf 85' lang='lat' dir='ltr'><strong>pejus</strong></span> <span class='ocrx_word' id='word_1_80' title='bbox 376 623 551 656; x_wconf 82' lang='lat' dir='ltr'><strong>spectabunt.</strong></span> <span class='ocrx_word' id='word_1_81' title='bbox 571 623 624 650; x_wconf 88' lang='lat' dir='ltr'><strong>sub</strong></span> <span class='ocrx_word' id='word_1_82' title='bbox 639 624 797 658; x_wconf 80' lang='lat' dir='ltr'><strong>pastoribus</strong></span> <span class='ocrx_word' id='word_1_83' title='bbox 813 623 898 652; x_wconf 78' lang='lat' dir='ltr'><strong>futuri</strong></span> <span class='ocrx_word' id='word_1_84' title='bbox 910 630 976 653; x_wconf 85' lang='lat' dir='ltr'><strong>sunt</strong></span> 
     </span>
    </p>
   </div>
   <div class='ocr_carea' id='block_1_16' title="bbox 189 666 974 706">
    <p class='ocr_par' dir='ltr' id='par_1_16' title="bbox 189 666 974 706">
     <span class='ocr_line' id='line_1_16' title="bbox 189 666 974 706; baseline 0.009 -14"><span class='ocrx_word' id='word_1_85' title='bbox 189 666 299 699; x_wconf 81' lang='lat' dir='ltr'><strong>talibus,</strong></span> <span class='ocrx_word' id='word_1_86' title='bbox 318 674 332 693; x_wconf 90' lang='lat' dir='ltr'><strong>a</strong></span> <span class='ocrx_word' id='word_1_87' title='bbox 348 667 451 702; x_wconf 88' lang='lat' dir='ltr'><strong>quibus</strong></span> <span class='ocrx_word' id='word_1_88' title='bbox 467 668 559 694; x_wconf 91' lang='lat' dir='ltr'><strong>ovium</strong></span> <span class='ocrx_word' id='word_1_89' title='bbox 580 668 668 696; x_wconf 88' lang='lat' dir='ltr'><strong>instar</strong></span> <span class='ocrx_word' id='word_1_90' title='bbox 684 669 716 696; x_wconf 86' lang='lat' dir='ltr'><strong>ad</strong></span> <span class='ocrx_word' id='word_1_91' title='bbox 733 670 833 697; x_wconf 68' lang='lat' dir='ltr'><strong>«edem</strong></span> <span class='ocrx_word' id='word_1_92' title='bbox 848 674 974 706; x_wconf 76' lang='lat' dir='ltr'><strong>agentur.</strong></span> 
     </span>
    </p>
   </div>
   <div class='ocr_carea' id='block_1_17' title="bbox 189 711 975 748">
    <p class='ocr_par' dir='ltr' id='par_1_17' title="bbox 189 711 975 748">
     <span class='ocr_line' id='line_1_17' title="bbox 189 711 975 748; baseline 0.01 -11"><span class='ocrx_word' id='word_1_93' title='bbox 189 711 275 739; x_wconf 82' lang='lat' dir='ltr'><strong>Sicuti</strong></span> <span class='ocrx_word' id='word_1_94' title='bbox 286 717 327 740; x_wconf 90' lang='lat' dir='ltr'><strong>est</strong></span> <span class='ocrx_word' id='word_1_95' title='bbox 339 713 409 748; x_wconf 88' lang='lat' dir='ltr'><strong>apud</strong></span> <span class='ocrx_word' id='word_1_96' title='bbox 419 713 526 741; x_wconf 89' lang='lat' dir='ltr'><strong>beatum</strong></span> <span class='ocrx_word' id='word_1_97' title='bbox 540 713 684 742; x_wconf 83' lang='lat' dir='ltr'><strong>Davidem:</strong></span> <span class='ocrx_word' id='word_1_98' title='bbox 705 724 714 741; x_wconf 77' lang='grc' dir='ltr'><strong>ι</strong></span> <span class='ocrx_word' id='word_1_99' title='bbox 725 714 864 743; x_wconf 69' lang='lat' dir='ltr'><strong>Aistlmati</strong></span> <span class='ocrx_word' id='word_1_100' title='bbox 881 725 975 745; x_wconf 87' lang='lat' dir='ltr'><strong>sumus</strong></span> 
     </span>
    </p>
   </div>
   <div class='ocr_carea' id='block_1_18' title="bbox 188 757 976 795">
    <p class='ocr_par' dir='ltr' id='par_1_18' title="bbox 188 757 976 795">
     <span class='ocr_line' id='line_1_18' title="bbox 188 757 976 795; baseline 0.006 -10"><span class='ocrx_word' id='word_1_101' title='bbox 188 759 260 786; x_wconf 82' lang='lat' dir='ltr'><strong>sicut</strong></span> <span class='ocrx_word' id='word_1_102' title='bbox 288 766 354 786; x_wconf 87' lang='lat' dir='ltr'><strong>oves</strong></span> <span class='ocrx_word' id='word_1_103' title='bbox 379 759 527 788; x_wconf 71' lang='lat' dir='ltr'><strong>occisionis</strong></span> <span class='ocrx_word' id='word_1_104' title='bbox 539 757 672 795; x_wconf 61' lang='lat' dir='ltr'><strong>&quot;nquod</strong></span> <span class='ocrx_word' id='word_1_105' title='bbox 695 761 730 788; x_wconf 89' lang='lat' dir='ltr'><strong>de</strong></span> <span class='ocrx_word' id='word_1_106' title='bbox 756 761 851 789; x_wconf 83' lang='lat' dir='ltr'><strong>iisdem</strong></span> <span class='ocrx_word' id='word_1_107' title='bbox 873 762 976 790; x_wconf 66' lang='lat' dir='ltr'><strong>Judaeis</strong></span> 
     </span>
    </p>
   </div>
   <div class='ocr_carea' id='block_1_19' title="bbox 189 804 975 841">
    <p class='ocr_par' dir='ltr' id='par_1_19' title="bbox 189 804 975 841">
     <span class='ocr_line' id='line_1_19' title="bbox 189 804 975 841; baseline 0.008 -10"><span class='ocrx_word' id='word_1_108' title='bbox 189 804 292 832; x_wconf 82' lang='lat' dir='ltr'><strong>dictum</strong></span> <span class='ocrx_word' id='word_1_109' title='bbox 314 805 374 832; x_wconf 78' lang='lat' dir='ltr'><strong>fuit.</strong></span> <span class='ocrx_word' id='word_1_110' title='bbox 399 805 542 841; x_wconf 72' lang='lat' dir='ltr'><strong>Signiﬁcat</strong></span> <span class='ocrx_word' id='word_1_111' title='bbox 565 812 654 834; x_wconf 85' lang='lat' dir='ltr'><strong>autem</strong></span> <span class='ocrx_word' id='word_1_112' title='bbox 678 808 752 835; x_wconf 87' lang='lat' dir='ltr'><strong>nulla</strong></span> <span class='ocrx_word' id='word_1_113' title='bbox 774 816 822 836; x_wconf 87' lang='lat' dir='ltr'><strong>eos</strong></span> <span class='ocrx_word' id='word_1_114' title='bbox 845 808 891 836; x_wconf 87' lang='lat' dir='ltr'><strong>Dei</strong></span> <span class='ocrx_word' id='word_1_115' title='bbox 909 817 975 837; x_wconf 88' lang='lat' dir='ltr'><strong>cura</strong></span> 
     </span>
    </p>
   </div>
   <div class='ocr_carea' id='block_1_20' title="bbox 189 850 974 890">
    <p class='ocr_par' dir='ltr' id='par_1_20' title="bbox 189 850 974 890">
     <span class='ocr_line' id='line_1_20' title="bbox 189 850 974 890; baseline 0.005 -12"><span class='ocrx_word' id='word_1_116' title='bbox 189 850 288 885; x_wconf 72' lang='lat' dir='ltr'><strong>dignos</strong></span> <span class='ocrx_word' id='word_1_117' title='bbox 302 850 420 883; x_wconf 78' lang='lat' dir='ltr'><strong>futuros,</strong></span> <span class='ocrx_word' id='word_1_118' title='bbox 439 851 486 880; x_wconf 81' lang='lat' dir='ltr'><strong>sed</strong></span> <span class='ocrx_word' id='word_1_119' title='bbox 499 852 590 879; x_wconf 83' lang='lat' dir='ltr'><strong>omnia</strong></span> <span class='ocrx_word' id='word_1_120' title='bbox 604 853 673 880; x_wconf 85' lang='lat' dir='ltr'><strong>mala</strong></span> <span class='ocrx_word' id='word_1_121' title='bbox 689 861 830 888; x_wconf 83' lang='lat' dir='ltr'><strong>passuros,</strong></span> <span class='ocrx_word' id='word_1_122' title='bbox 846 858 974 890; x_wconf 86' lang='lat' dir='ltr'><strong>tauquam</strong></span> 
     </span>
    </p>
   </div>
   <div class='ocr_carea' id='block_1_21' title="bbox 189 897 972 934">
    <p class='ocr_par' dir='ltr' id='par_1_21' title="bbox 189 897 972 934">
     <span class='ocr_line' id='line_1_21' title="bbox 189 897 972 934; baseline 0.006 -11"><span class='ocrx_word' id='word_1_123' title='bbox 189 897 258 923; x_wconf 62' lang='lat' dir='ltr'><strong>cedi</strong></span> <span class='ocrx_word' id='word_1_124' title='bbox 273 897 463 924; x_wconf 80' lang='lat' dir='ltr'><strong>tantummodo</strong></span> <span class='ocrx_word' id='word_1_125' title='bbox 478 897 612 926; x_wconf 83' lang='lat' dir='ltr'><strong>addictos.</strong></span> <span class='ocrx_word' id='word_1_126' title='bbox 626 898 729 934; x_wconf 84' lang='lat' dir='ltr'><strong>Reique</strong></span> <span class='ocrx_word' id='word_1_127' title='bbox 744 900 854 927; x_wconf 89' lang='lat' dir='ltr'><strong>modum</strong></span> <span class='ocrx_word' id='word_1_128' title='bbox 868 899 972 928; x_wconf 89' lang='lat' dir='ltr'><strong>dicens:</strong></span> 
     </span>
    </p>
   </div>
   <div class='ocr_carea' id='block_1_22' title="bbox 188 940 976 978">
    <p class='ocr_par' dir='ltr' id='par_1_22' title="bbox 188 940 976 978">
     <span class='ocr_line' id='line_1_22' title="bbox 188 940 976 978; baseline 0.006 -11"><span class='ocrx_word' id='word_1_129' title='bbox 188 941 380 976; x_wconf 66' lang='lat' dir='ltr'><strong>«Quas(oves),</strong></span> <span class='ocrx_word' id='word_1_130' title='bbox 401 940 497 976; x_wconf 85' lang='lat' dir='ltr'><strong>inquit,</strong></span> <span class='ocrx_word' id='word_1_131' title='bbox 517 949 692 977; x_wconf 82' lang='lat' dir='ltr'><strong>possessores</strong></span> <span class='ocrx_word' id='word_1_132' title='bbox 706 942 748 970; x_wconf 88' lang='lat' dir='ltr'><strong>sui</strong></span> <span class='ocrx_word' id='word_1_133' title='bbox 761 943 932 978; x_wconf 74' lang='lat' dir='ltr'><strong>jugulabant,</strong></span> <span class='ocrx_word' id='word_1_134' title='bbox 948 948 976 972; x_wconf 87' lang='lat' dir='ltr'><strong>et</strong></span> 
     </span>
    </p>
   </div>
   <div class='ocr_carea' id='block_1_23' title="bbox 188 987 976 1024">
    <p class='ocr_par' dir='ltr' id='par_1_23' title="bbox 188 987 976 1024">
     <span class='ocr_line' id='line_1_23' title="bbox 188 987 976 1024; baseline 0.008 -12"><span class='ocrx_word' id='word_1_135' title='bbox 188 994 243 1013; x_wconf 85' lang='lat' dir='ltr'><strong>non</strong></span> <span class='ocrx_word' id='word_1_136' title='bbox 260 994 308 1014; x_wconf 78' lang='lat' dir='ltr'><strong>eos</strong></span> <span class='ocrx_word' id='word_1_137' title='bbox 331 987 666 1021; x_wconf 69' lang='lat' dir='ltr'><strong>ptenitebat.-iludaeorum</strong></span> <span class='ocrx_word' id='word_1_138' title='bbox 687 990 813 1017; x_wconf 79' lang='lat' dir='ltr'><strong>videlicet</strong></span> <span class='ocrx_word' id='word_1_139' title='bbox 832 998 910 1024; x_wconf 68' lang='lat' dir='ltr'><strong>reges</strong></span> <span class='ocrx_word' id='word_1_140' title='bbox 924 989 976 1018; x_wconf 48' lang='lat' dir='ltr'><strong>do‘</strong></span> 
     </span>
    </p>
   </div>
   <div class='ocr_carea' id='block_1_24' title="bbox 188 1031 976 1069">
    <p class='ocr_par' dir='ltr' id='par_1_24' title="bbox 188 1031 976 1069">
     <span class='ocr_line' id='line_1_24' title="bbox 188 1031 976 1069; baseline 0.01 -12"><span class='ocrx_word' id='word_1_141' title='bbox 188 1031 267 1062; x_wconf 88' lang='lat' dir='ltr'><strong>mini.</strong></span> <span class='ocrx_word' id='word_1_142' title='bbox 291 1032 362 1060; x_wconf 86' lang='lat' dir='ltr'><strong>baud</strong></span> <span class='ocrx_word' id='word_1_143' title='bbox 378 1037 510 1068; x_wconf 79' lang='lat' dir='ltr'><strong>tanquam</strong></span> <span class='ocrx_word' id='word_1_144' title='bbox 531 1035 569 1061; x_wconf 89' lang='lat' dir='ltr'><strong>rei</strong></span> <span class='ocrx_word' id='word_1_145' title='bbox 593 1042 650 1062; x_wconf 68' lang='lat' dir='ltr'><strong>suae</strong></span> <span class='ocrx_word' id='word_1_146' title='bbox 667 1035 826 1069; x_wconf 82' lang='lat' dir='ltr'><strong>parcebant,</strong></span> <span class='ocrx_word' id='word_1_147' title='bbox 859 1036 906 1064; x_wconf 89' lang='lat' dir='ltr'><strong>sed</strong></span> <span class='ocrx_word' id='word_1_148' title='bbox 927 1044 976 1065; x_wconf 84' lang='lat' dir='ltr'><strong>eos</strong></span> 
     </span>
    </p>
   </div>
   <div class='ocr_carea' id='block_1_25' title="bbox 187 1077 975 1112">
    <p class='ocr_par' dir='ltr' id='par_1_25' title="bbox 187 1077 975 1112">
     <span class='ocr_line' id='line_1_25' title="bbox 187 1077 975 1112; baseline 0.008 -8"><span class='ocrx_word' id='word_1_149' title='bbox 187 1077 267 1112; x_wconf 84' lang='lat' dir='ltr'><strong>quasi</strong></span> <span class='ocrx_word' id='word_1_150' title='bbox 290 1077 382 1106; x_wconf 83' lang='lat' dir='ltr'><strong>hostes</strong></span> <span class='ocrx_word' id='word_1_151' title='bbox 413 1079 590 1107; x_wconf 73' lang='lat' dir='ltr'><strong>inclementer</strong></span> <span class='ocrx_word' id='word_1_152' title='bbox 617 1080 826 1108; x_wconf 73' lang='lat' dir='ltr'><strong>interﬁciebant.</strong></span> <span class='ocrx_word' id='word_1_153' title='bbox 851 1082 879 1109; x_wconf 93' lang='lat' dir='ltr'><strong>Id</strong></span> <span class='ocrx_word' id='word_1_154' title='bbox 903 1083 975 1110; x_wconf 91' lang='lat' dir='ltr'><strong>enim</strong></span> 
     </span>
    </p>
   </div>
   <div class='ocr_carea' id='block_1_26' title="bbox 187 1123 976 1162">
    <p class='ocr_par' dir='ltr' id='par_1_26' title="bbox 187 1123 976 1162">
     <span class='ocr_line' id='line_1_26' title="bbox 187 1123 976 1162; baseline 0.01 -13"><span class='ocrx_word' id='word_1_155' title='bbox 187 1123 281 1150; x_wconf 84' lang='lat' dir='ltr'><strong>valet:</strong></span> <span class='ocrx_word' id='word_1_156' title='bbox 302 1123 334 1151; x_wconf 86' lang='lat' dir='ltr'><strong>Et</strong></span> <span class='ocrx_word' id='word_1_157' title='bbox 358 1132 412 1152; x_wconf 91' lang='lat' dir='ltr'><strong>non</strong></span> <span class='ocrx_word' id='word_1_158' title='bbox 436 1126 598 1160; x_wconf 87' lang='lat' dir='ltr'><strong>poenitebat.</strong></span> <span class='ocrx_word' id='word_1_159' title='bbox 624 1125 678 1154; x_wconf 70' lang='lat' dir='ltr'><strong>«Et</strong></span> <span class='ocrx_word' id='word_1_160' title='bbox 695 1127 740 1162; x_wconf 92' lang='lat' dir='ltr'><strong>qui</strong></span> <span class='ocrx_word' id='word_1_161' title='bbox 758 1128 912 1156; x_wconf 83' lang='lat' dir='ltr'><strong>vendebant</strong></span> <span class='ocrx_word' id='word_1_162' title='bbox 928 1137 976 1157; x_wconf 89' lang='lat' dir='ltr'><strong>eos</strong></span> 
     </span>
    </p>
   </div>
   <div class='ocr_carea' id='block_1_27' title="bbox 187 1169 974 1208">
    <p class='ocr_par' dir='ltr' id='par_1_27' title="bbox 187 1169 974 1208">
     <span class='ocr_line' id='line_1_27' title="bbox 187 1169 974 1208; baseline 0.009 -13"><span class='ocrx_word' id='word_1_163' title='bbox 187 1169 332 1196; x_wconf 86' lang='lat' dir='ltr'><strong>dicebant:</strong></span> <span class='ocrx_word' id='word_1_164' title='bbox 361 1169 525 1199; x_wconf 84' lang='lat' dir='ltr'><strong>Benedictus</strong></span> <span class='ocrx_word' id='word_1_165' title='bbox 547 1171 688 1206; x_wconf 85' lang='lat' dir='ltr'><strong>Dominus,</strong></span> <span class='ocrx_word' id='word_1_166' title='bbox 716 1173 780 1208; x_wconf 86' lang='lat' dir='ltr'><strong>quia</strong></span> <span class='ocrx_word' id='word_1_167' title='bbox 794 1174 892 1202; x_wconf 77' lang='lat' dir='ltr'><strong>divites</strong></span> <span class='ocrx_word' id='word_1_168' title='bbox 910 1174 974 1202; x_wconf 79' lang='lat' dir='ltr'><strong>facti</strong></span> 
     </span>
    </p>
   </div>
   <div class='ocr_carea' id='block_1_28' title="bbox 188 1215 975 1254">
    <p class='ocr_par' dir='ltr' id='par_1_28' title="bbox 188 1215 975 1254">
     <span class='ocr_line' id='line_1_28' title="bbox 188 1215 975 1254; baseline 0.008 -13"><span class='ocrx_word' id='word_1_169' title='bbox 188 1221 294 1242; x_wconf 86' lang='lat' dir='ltr'><strong>sumus.</strong></span> <span class='ocrx_word' id='word_1_170' title='bbox 307 1224 316 1240; x_wconf 76' lang='grc' dir='ltr'><strong>ι</strong></span> <span class='ocrx_word' id='word_1_171' title='bbox 338 1215 389 1248; x_wconf 88' lang='lat' dir='ltr'><strong>Qui</strong></span> <span class='ocrx_word' id='word_1_172' title='bbox 405 1215 574 1244; x_wconf 85' lang='lat' dir='ltr'><strong>tradiderant</strong></span> <span class='ocrx_word' id='word_1_173' title='bbox 592 1218 700 1252; x_wconf 68' lang='lat' dir='ltr'><strong>regibus</strong></span> <span class='ocrx_word' id='word_1_174' title='bbox 713 1223 832 1252; x_wconf 78' lang='lat' dir='ltr'><strong>gentem,</strong></span> <span class='ocrx_word' id='word_1_175' title='bbox 846 1223 874 1246; x_wconf 90' lang='lat' dir='ltr'><strong>et</strong></span> <span class='ocrx_word' id='word_1_176' title='bbox 892 1227 975 1254; x_wconf 88' lang='lat' dir='ltr'><strong>pecu-</strong></span> 
     </span>
    </p>
   </div>
   <div class='ocr_carea' id='block_1_29' title="bbox 188 1260 975 1295">
    <p class='ocr_par' dir='ltr' id='par_1_29' title="bbox 188 1260 975 1295">
     <span class='ocr_line' id='line_1_29' title="bbox 188 1260 975 1295; baseline 0.008 -9"><span class='ocrx_word' id='word_1_177' title='bbox 188 1260 262 1287; x_wconf 82' lang='lat' dir='ltr'><strong>niam</strong></span> <span class='ocrx_word' id='word_1_178' title='bbox 289 1261 352 1288; x_wconf 91' lang='lat' dir='ltr'><strong>inde</strong></span> <span class='ocrx_word' id='word_1_179' title='bbox 367 1262 563 1295; x_wconf 80' lang='lat' dir='ltr'><strong>conﬂaverant,</strong></span> <span class='ocrx_word' id='word_1_180' title='bbox 592 1267 697 1290; x_wconf 90' lang='lat' dir='ltr'><strong>tantum</strong></span> <span class='ocrx_word' id='word_1_181' title='bbox 717 1265 830 1292; x_wconf 85' lang='lat' dir='ltr'><strong>aberant</strong></span> <span class='ocrx_word' id='word_1_182' title='bbox 850 1271 880 1292; x_wconf 88' lang='lat' dir='ltr'><strong>ut</strong></span> <span class='ocrx_word' id='word_1_183' title='bbox 894 1266 975 1292; x_wconf 88' lang='lat' dir='ltr'><strong>talem</strong></span> 
     </span>
    </p>
   </div>
   <div class='ocr_carea' id='block_1_30' title="bbox 189 1307 974 1342">
    <p class='ocr_par' dir='ltr' id='par_1_30' title="bbox 189 1307 974 1342">
     <span class='ocr_line' id='line_1_30' title="bbox 189 1307 974 1342; baseline 0.006 -11"><span class='ocrx_word' id='word_1_184' title='bbox 189 1309 347 1341; x_wconf 82' lang='lat' dir='ltr'><strong>tantamque</strong></span> <span class='ocrx_word' id='word_1_185' title='bbox 366 1307 509 1334; x_wconf 84' lang='lat' dir='ltr'><strong>avaritiam</strong></span> <span class='ocrx_word' id='word_1_186' title='bbox 529 1308 583 1336; x_wconf 87' lang='lat' dir='ltr'><strong>sibi</strong></span> <span class='ocrx_word' id='word_1_187' title='bbox 610 1309 766 1342; x_wconf 70' lang='lat' dir='ltr'><strong>ignominia-</strong></span> <span class='ocrx_word' id='word_1_188' title='bbox 795 1310 974 1342; x_wconf 85' lang='lat' dir='ltr'><strong>ascriberent,</strong></span> 
     </span>
    </p>
   </div>
   <div class='ocr_carea' id='block_1_31' title="bbox 190 1352 975 1392">
    <p class='ocr_par' dir='ltr' id='par_1_31' title="bbox 190 1352 975 1392">
     <span class='ocr_line' id='line_1_31' title="bbox 190 1352 975 1392; baseline 0.008 -14"><span class='ocrx_word' id='word_1_189' title='bbox 190 1355 219 1378; x_wconf 92' lang='lat' dir='ltr'><strong>ut</strong></span> <span class='ocrx_word' id='word_1_190' title='bbox 231 1352 267 1379; x_wconf 95' lang='lat' dir='ltr'><strong>ob</strong></span> <span class='ocrx_word' id='word_1_191' title='bbox 280 1352 436 1387; x_wconf 80' lang='lat' dir='ltr'><strong>liujusmodi</strong></span> <span class='ocrx_word' id='word_1_192' title='bbox 448 1361 514 1389; x_wconf 90' lang='lat' dir='ltr'><strong>opes</strong></span> <span class='ocrx_word' id='word_1_193' title='bbox 525 1355 628 1389; x_wconf 75' lang='lat' dir='ltr'><strong>gratias</strong></span> <span class='ocrx_word' id='word_1_194' title='bbox 642 1355 695 1384; x_wconf 91' lang='lat' dir='ltr'><strong>Deo</strong></span> <span class='ocrx_word' id='word_1_195' title='bbox 709 1356 827 1392; x_wconf 77' lang='lat' dir='ltr'><strong>agendas</strong></span> <span class='ocrx_word' id='word_1_196' title='bbox 839 1361 975 1392; x_wconf 84' lang='lat' dir='ltr'><strong>putarent.</strong></span> 
     </span>
    </p>
   </div>
   <div class='ocr_carea' id='block_1_32' title="bbox 191 1396 977 1437">
    <p class='ocr_par' dir='ltr' id='par_1_32' title="bbox 191 1396 977 1437">
     <span class='ocr_line' id='line_1_32' title="bbox 191 1396 977 1437; baseline 0.01 -15"><span class='ocrx_word' id='word_1_197' title='bbox 191 1405 200 1422; x_wconf 76' lang='grc' dir='ltr'><strong>ι</strong></span> <span class='ocrx_word' id='word_1_198' title='bbox 214 1396 245 1423; x_wconf 80' lang='lat' dir='ltr'><strong>Et</strong></span> <span class='ocrx_word' id='word_1_199' title='bbox 269 1405 362 1424; x_wconf 85' lang='lat' dir='ltr'><strong>carum</strong></span> <span class='ocrx_word' id='word_1_200' title='bbox 385 1403 512 1433; x_wconf 81' lang='lat' dir='ltr'><strong>past0res</strong></span> <span class='ocrx_word' id='word_1_201' title='bbox 536 1400 640 1428; x_wconf 88' lang='lat' dir='ltr'><strong>nullum</strong></span> <span class='ocrx_word' id='word_1_202' title='bbox 658 1409 721 1436; x_wconf 66' lang='lat' dir='ltr'><strong>erga</strong></span> <span class='ocrx_word' id='word_1_203' title='bbox 739 1409 785 1429; x_wconf 89' lang='lat' dir='ltr'><strong>eas</strong></span> <span class='ocrx_word' id='word_1_204' title='bbox 805 1402 977 1437; x_wconf 89' lang='lat' dir='ltr'><strong>patiebantur</strong></span> 
     </span>
    </p>
   </div>
   <div class='ocr_carea' id='block_1_33' title="bbox 189 1441 976 1484">
    <p class='ocr_par' dir='ltr' id='par_1_33' title="bbox 189 1441 976 1484">
     <span class='ocr_line' id='line_1_33' title="bbox 189 1441 976 1484; baseline 0.011 -16"><span class='ocrx_word' id='word_1_205' title='bbox 189 1441 328 1470; x_wconf 80' lang='lat' dir='ltr'><strong>aﬂ&#39;ectum.</strong></span> <span class='ocrx_word' id='word_1_206' title='bbox 340 1453 350 1469; x_wconf 72' lang='grc' dir='ltr'><strong>ι</strong></span> <span class='ocrx_word' id='word_1_207' title='bbox 369 1443 474 1472; x_wconf 86' lang='lat' dir='ltr'><strong>Tradili</strong></span> <span class='ocrx_word' id='word_1_208' title='bbox 488 1445 522 1472; x_wconf 91' lang='lat' dir='ltr'><strong>ad</strong></span> <span class='ocrx_word' id='word_1_209' title='bbox 539 1447 686 1482; x_wconf 69' lang='lat' dir='ltr'><strong>regendum</strong></span> <span class='ocrx_word' id='word_1_210' title='bbox 708 1448 819 1475; x_wconf 82' lang='lat' dir='ltr'><strong>fuerunt</strong></span> <span class='ocrx_word' id='word_1_211' title='bbox 834 1449 912 1482; x_wconf 90' lang='lat' dir='ltr'><strong>viris,</strong></span> <span class='ocrx_word' id='word_1_212' title='bbox 929 1450 976 1484; x_wconf 89' lang='lat' dir='ltr'><strong>qui</strong></span> 
     </span>
    </p>
   </div>
   <div class='ocr_carea' id='block_1_34' title="bbox 189 1488 881 1524">
    <p class='ocr_par' dir='ltr' id='par_1_34' title="bbox 189 1488 881 1524">
     <span class='ocr_line' id='line_1_34' title="bbox 189 1488 881 1524; baseline 0.009 -10"><span class='ocrx_word' id='word_1_213' title='bbox 189 1488 291 1516; x_wconf 71' lang='lat' dir='ltr'><strong>nullan.</strong></span> <span class='ocrx_word' id='word_1_214' title='bbox 308 1490 349 1517; x_wconf 86' lang='lat' dir='ltr'><strong>eis</strong></span> <span class='ocrx_word' id='word_1_215' title='bbox 361 1490 576 1518; x_wconf 87' lang='lat' dir='ltr'><strong>misericordiam</strong></span> <span class='ocrx_word' id='word_1_216' title='bbox 594 1491 724 1520; x_wconf 74' lang='lat' dir='ltr'><strong>exhibere</strong></span> <span class='ocrx_word' id='word_1_217' title='bbox 740 1493 881 1524; x_wconf 74' lang='lat' dir='ltr'><strong>volebant.</strong></span> 
     </span>
    </p>
   </div>
   <div class='ocr_carea' id='block_1_35' title="bbox 223 1636 977 1674">
    <p class='ocr_par' dir='ltr' id='par_1_35' title="bbox 223 1636 977 1674">
     <span class='ocr_line' id='line_1_35' title="bbox 223 1636 977 1674; baseline 0.004 -10"><span class='ocrx_word' id='word_1_218' title='bbox 223 1636 308 1665; x_wconf 72' lang='lat' dir='ltr'><strong>Vens.</strong></span> <span class='ocrx_word' id='word_1_219' title='bbox 322 1636 348 1664; x_wconf 83' lang='lat'><strong>6.</strong></span> <span class='ocrx_word' id='word_1_220' title='bbox 362 1652 396 1658; x_wconf 90' lang='lat'><strong><em>—</em></strong></span> <span class='ocrx_word' id='word_1_221' title='bbox 412 1647 421 1663; x_wconf 77' lang='grc' dir='ltr'><strong>ι</strong></span> <span class='ocrx_word' id='word_1_222' title='bbox 432 1637 496 1666; x_wconf 89' lang='lat' dir='ltr'><strong>Ideo</strong></span> <span class='ocrx_word' id='word_1_223' title='bbox 515 1645 568 1665; x_wconf 94' lang='lat' dir='ltr'><strong>non</strong></span> <span class='ocrx_word' id='word_1_224' title='bbox 582 1646 692 1674; x_wconf 83' lang='lat' dir='ltr'><strong>parcam</strong></span> <span class='ocrx_word' id='word_1_225' title='bbox 711 1639 827 1667; x_wconf 89' lang='lat' dir='ltr'><strong>ulterius</strong></span> <span class='ocrx_word' id='word_1_226' title='bbox 841 1644 920 1669; x_wconf 75' lang='lat' dir='ltr'><strong>terra:</strong></span> <span class='ocrx_word' id='word_1_227' title='bbox 933 1639 977 1667; x_wconf 93' lang='lat' dir='ltr'><strong>in-</strong></span> 
     </span>
    </p>
   </div>
   <div class='ocr_carea' id='block_1_36' title="bbox 188 1683 976 1719">
    <p class='ocr_par' dir='ltr' id='par_1_36' title="bbox 188 1683 976 1719">
     <span class='ocr_line' id='line_1_36' title="bbox 188 1683 976 1719; baseline 0.004 -10"><span class='ocrx_word' id='word_1_228' title='bbox 188 1683 268 1714; x_wconf 88' lang='lat' dir='ltr'><strong>colis.</strong></span> <span class='ocrx_word' id='word_1_229' title='bbox 298 1683 365 1710; x_wconf 91' lang='lat' dir='ltr'><strong>dicit</strong></span> <span class='ocrx_word' id='word_1_230' title='bbox 394 1683 556 1711; x_wconf 66' lang='lat' dir='ltr'><strong>Dominus.)</strong></span> <span class='ocrx_word' id='word_1_231' title='bbox 589 1683 737 1719; x_wconf 83' lang='lat' dir='ltr'><strong>Propterea</strong></span> <span class='ocrx_word' id='word_1_232' title='bbox 763 1685 814 1713; x_wconf 87' lang='lat' dir='ltr'><strong>hos</strong></span> <span class='ocrx_word' id='word_1_233' title='bbox 840 1685 976 1718; x_wconf 85' lang='lat' dir='ltr'><strong>deseram,</strong></span> 
     </span>
    </p>
   </div>
   <div class='ocr_carea' id='block_1_37' title="bbox 189 1730 977 1766">
    <p class='ocr_par' dir='ltr' id='par_1_37' title="bbox 189 1730 977 1766">
     <span class='ocr_line' id='line_1_37' title="bbox 189 1730 977 1766; baseline 0.005 -10"><span class='ocrx_word' id='word_1_234' title='bbox 189 1730 319 1766; x_wconf 88' lang='lat' dir='ltr'><strong>nullaque</strong></span> <span class='ocrx_word' id='word_1_235' title='bbox 334 1737 393 1757; x_wconf 86' lang='lat' dir='ltr'><strong>mea</strong></span> <span class='ocrx_word' id='word_1_236' title='bbox 410 1731 579 1766; x_wconf 75' lang='lat' dir='ltr'><strong>providentia</strong></span> <span class='ocrx_word' id='word_1_237' title='bbox 591 1731 734 1766; x_wconf 74' lang='lat' dir='ltr'><strong>dignabor.</strong></span> <span class='ocrx_word' id='word_1_238' title='bbox 756 1741 765 1758; x_wconf 80' lang='grc' dir='ltr'><strong>ι</strong></span> <span class='ocrx_word' id='word_1_239' title='bbox 776 1731 810 1759; x_wconf 86' lang='lat' dir='ltr'><strong>Et</strong></span> <span class='ocrx_word' id='word_1_240' title='bbox 821 1740 885 1760; x_wconf 88' lang='lat' dir='ltr'><strong>ecce</strong></span> <span class='ocrx_word' id='word_1_241' title='bbox 899 1733 977 1760; x_wconf 86' lang='lat' dir='ltr'><strong>trado</strong></span> 
     </span>
    </p>
   </div>
   <div class='ocr_carea' id='block_1_38' title="bbox 190 1776 976 1813">
    <p class='ocr_par' dir='ltr' id='par_1_38' title="bbox 190 1776 976 1813">
     <span class='ocr_line' id='line_1_38' title="bbox 190 1776 976 1813; baseline 0.004 -11"><span class='ocrx_word' id='word_1_242' title='bbox 190 1776 327 1807; x_wconf 80' lang='lat' dir='ltr'><strong>homines,</strong></span> <span class='ocrx_word' id='word_1_243' title='bbox 347 1784 570 1812; x_wconf 85' lang='lat' dir='ltr'><strong>unumquemque</strong></span> <span class='ocrx_word' id='word_1_244' title='bbox 595 1777 623 1804; x_wconf 89' lang='lat' dir='ltr'><strong>in</strong></span> <span class='ocrx_word' id='word_1_245' title='bbox 650 1785 759 1805; x_wconf 91' lang='lat' dir='ltr'><strong>manum</strong></span> <span class='ocrx_word' id='word_1_246' title='bbox 779 1778 893 1813; x_wconf 82' lang='lat' dir='ltr'><strong>proximi</strong></span> <span class='ocrx_word' id='word_1_247' title='bbox 922 1779 976 1812; x_wconf 80' lang='lat' dir='ltr'><strong>sui,</strong></span> 
     </span>
    </p>
   </div>
   <div class='ocr_carea' id='block_1_39' title="bbox 190 1822 977 1857">
    <p class='ocr_par' dir='ltr' id='par_1_39' title="bbox 190 1822 977 1857">
     <span class='ocr_line' id='line_1_39' title="bbox 190 1822 977 1857; baseline 0.003 -8"><span class='ocrx_word' id='word_1_248' title='bbox 190 1828 218 1849; x_wconf 82' lang='lat' dir='ltr'><strong>et</strong></span> <span class='ocrx_word' id='word_1_249' title='bbox 233 1822 259 1849; x_wconf 93' lang='lat' dir='ltr'><strong>in</strong></span> <span class='ocrx_word' id='word_1_250' title='bbox 279 1830 377 1850; x_wconf 86' lang='lat' dir='ltr'><strong>manus</strong></span> <span class='ocrx_word' id='word_1_251' title='bbox 392 1823 464 1857; x_wconf 78' lang='lat' dir='ltr'><strong>regis</strong></span> <span class='ocrx_word' id='word_1_252' title='bbox 488 1823 544 1855; x_wconf 86' lang='lat' dir='ltr'><strong>sui,</strong></span> <span class='ocrx_word' id='word_1_253' title='bbox 567 1828 594 1850; x_wconf 85' lang='lat' dir='ltr'><strong>et</strong></span> <span class='ocrx_word' id='word_1_254' title='bbox 609 1823 755 1851; x_wconf 87' lang='lat' dir='ltr'><strong>concident</strong></span> <span class='ocrx_word' id='word_1_255' title='bbox 775 1824 802 1850; x_wconf 92' lang='lat' dir='ltr'><strong>in</strong></span> <span class='ocrx_word' id='word_1_256' title='bbox 818 1828 890 1851; x_wconf 88' lang='lat' dir='ltr'><strong>terra</strong></span> <span class='ocrx_word' id='word_1_257' title='bbox 904 1824 977 1852; x_wconf 88' lang='lat' dir='ltr'><strong>Cha-</strong></span> 
     </span>
    </p>
   </div>
   <div class='ocr_carea' id='block_1_40' title="bbox 191 1867 977 1905">
    <p class='ocr_par' dir='ltr' id='par_1_40' title="bbox 191 1867 977 1905">
     <span class='ocr_line' id='line_1_40' title="bbox 191 1867 977 1905; baseline 0.003 -10"><span class='ocrx_word' id='word_1_258' title='bbox 191 1876 272 1896; x_wconf 79' lang='lat' dir='ltr'><strong>naan.</strong></span> <span class='ocrx_word' id='word_1_259' title='bbox 285 1877 294 1894; x_wconf 73' lang='grc' dir='ltr'><strong>ι</strong></span> <span class='ocrx_word' id='word_1_260' title='bbox 313 1867 405 1895; x_wconf 86' lang='lat' dir='ltr'><strong>Sinam</strong></span> <span class='ocrx_word' id='word_1_261' title='bbox 424 1868 487 1896; x_wconf 85' lang='lat' dir='ltr'><strong>illos</strong></span> <span class='ocrx_word' id='word_1_262' title='bbox 504 1869 559 1904; x_wconf 89' lang='lat' dir='ltr'><strong>pati</strong></span> <span class='ocrx_word' id='word_1_263' title='bbox 579 1870 740 1905; x_wconf 71' lang='lat' dir='ltr'><strong>gravissima</strong></span> <span class='ocrx_word' id='word_1_264' title='bbox 752 1874 809 1896; x_wconf 92' lang='lat' dir='ltr'><strong>tum</strong></span> <span class='ocrx_word' id='word_1_265' title='bbox 823 1877 837 1896; x_wconf 88' lang='lat' dir='ltr'><strong>a</strong></span> <span class='ocrx_word' id='word_1_266' title='bbox 853 1870 977 1898; x_wconf 88' lang='lat' dir='ltr'><strong>scelestis</strong></span> 
     </span>
    </p>
   </div>
   <div class='ocr_carea' id='block_1_41' title="bbox 189 1914 977 1951">
    <p class='ocr_par' dir='ltr' id='par_1_41' title="bbox 189 1914 977 1951">
     <span class='ocr_line' id='line_1_41' title="bbox 189 1914 977 1951; baseline 0.004 -11"><span class='ocrx_word' id='word_1_267' title='bbox 189 1914 262 1941; x_wconf 78' lang='lat' dir='ltr'><strong>inter</strong></span> <span class='ocrx_word' id='word_1_268' title='bbox 280 1922 357 1945; x_wconf 89' lang='lat' dir='ltr'><strong>suos,</strong></span> <span class='ocrx_word' id='word_1_269' title='bbox 375 1918 433 1941; x_wconf 91' lang='lat' dir='ltr'><strong>tum</strong></span> <span class='ocrx_word' id='word_1_270' title='bbox 454 1922 469 1941; x_wconf 91' lang='lat' dir='ltr'><strong>a</strong></span> <span class='ocrx_word' id='word_1_271' title='bbox 485 1914 595 1950; x_wconf 74' lang='lat' dir='ltr'><strong>regibus</strong></span> <span class='ocrx_word' id='word_1_272' title='bbox 612 1915 683 1942; x_wconf 88' lang='lat' dir='ltr'><strong>bello</strong></span> <span class='ocrx_word' id='word_1_273' title='bbox 705 1923 753 1943; x_wconf 88' lang='lat' dir='ltr'><strong>eos</strong></span> <span class='ocrx_word' id='word_1_274' title='bbox 777 1917 977 1951; x_wconf 87' lang='lat' dir='ltr'><strong>appetentibus,</strong></span> 
     </span>
    </p>
   </div>
   <div class='ocr_carea' id='block_1_42' title="bbox 190 1958 980 1995">
    <p class='ocr_par' dir='ltr' id='par_1_42' title="bbox 190 1958 980 1995">
     <span class='ocr_line' id='line_1_42' title="bbox 190 1958 980 1995; baseline 0.004 -10"><span class='ocrx_word' id='word_1_275' title='bbox 190 1958 272 1995; x_wconf 63' lang='lat' dir='ltr'><strong>3M</strong></span> <span class='ocrx_word' id='word_1_276' title='bbox 301 1958 519 1994; x_wconf 81' lang='lat' dir='ltr'><strong>quandoquidem</strong></span> <span class='ocrx_word' id='word_1_277' title='bbox 545 1960 727 1994; x_wconf 82' lang='lat' dir='ltr'><strong>semetipsos,</strong></span> <span class='ocrx_word' id='word_1_278' title='bbox 755 1967 803 1994; x_wconf 90' lang='lat' dir='ltr'><strong>per</strong></span> <span class='ocrx_word' id='word_1_279' title='bbox 830 1960 886 1987; x_wconf 60' lang='lat' dir='ltr'><strong>hate</strong></span> <span class='ocrx_word' id='word_1_280' title='bbox 919 1969 980 1995; x_wconf 72' lang='lat' dir='ltr'><strong>quas</strong></span> 
     </span>
    </p>
   </div>
   <div class='ocr_carea' id='block_1_43' title="bbox 192 2004 980 2042">
    <p class='ocr_par' dir='ltr' id='par_1_43' title="bbox 192 2004 980 2042">
     <span class='ocr_line' id='line_1_43' title="bbox 192 2004 980 2042; baseline 0.004 -11"><span class='ocrx_word' id='word_1_281' title='bbox 192 2009 285 2039; x_wconf 49' lang='lat' dir='ltr'><strong>agunt,</strong></span> <span class='ocrx_word' id='word_1_282' title='bbox 303 2004 401 2039; x_wconf 71' lang='lat' dir='ltr'><strong>dignos</strong></span> <span class='ocrx_word' id='word_1_283' title='bbox 420 2005 484 2031; x_wconf 86' lang='lat' dir='ltr'><strong>talia</strong></span> <span class='ocrx_word' id='word_1_284' title='bbox 501 2005 556 2039; x_wconf 90' lang='lat' dir='ltr'><strong>pati</strong></span> <span class='ocrx_word' id='word_1_285' title='bbox 571 2005 700 2032; x_wconf 86' lang='lat' dir='ltr'><strong>elliciunt.</strong></span> <span class='ocrx_word' id='word_1_286' title='bbox 715 2004 759 2032; x_wconf 89' lang='lat' dir='ltr'><strong>Sic</strong></span> <span class='ocrx_word' id='word_1_287' title='bbox 775 2013 870 2033; x_wconf 89' lang='lat' dir='ltr'><strong>omnes</strong></span> <span class='ocrx_word' id='word_1_288' title='bbox 882 2014 980 2042; x_wconf 89' lang='lat' dir='ltr'><strong>prope-</strong></span> 
     </span>
    </p>
   </div>
   <div class='ocr_carea' id='block_1_44' title="bbox 193 2050 980 2079">
    <p class='ocr_par' dir='ltr' id='par_1_44' title="bbox 193 2050 980 2079">
     <span class='ocr_line' id='line_1_44' title="bbox 193 2050 980 2079; baseline 0.001 -1"><span class='ocrx_word' id='word_1_289' title='bbox 193 2051 304 2078; x_wconf 80' lang='lat' dir='ltr'><strong>modum</strong></span> <span class='ocrx_word' id='word_1_290' title='bbox 315 2050 413 2078; x_wconf 65' lang='lat' dir='ltr'><strong>Judzeae</strong></span> <span class='ocrx_word' id='word_1_291' title='bbox 421 2051 517 2077; x_wconf 68' lang='lat' dir='ltr'><strong>incola:</strong></span> <span class='ocrx_word' id='word_1_292' title='bbox 527 2050 734 2078; x_wconf 79' lang='lat' dir='ltr'><strong>interlicicntur.</strong></span> <span class='ocrx_word' id='word_1_293' title='bbox 743 2050 788 2078; x_wconf 88' lang='lat' dir='ltr'><strong>Sic</strong></span> <span class='ocrx_word' id='word_1_294' title='bbox 797 2052 869 2078; x_wconf 90' lang='lat' dir='ltr'><strong>enim</strong></span> <span class='ocrx_word' id='word_1_295' title='bbox 881 2055 980 2079; x_wconf 91' lang='lat' dir='ltr'><strong>sonant</strong></span> 
     </span>
    </p>
   </div>
   <div class='ocr_carea' id='block_1_45' title="bbox 193 2095 980 2131">
    <p class='ocr_par' dir='ltr' id='par_1_45' title="bbox 193 2095 980 2131">
     <span class='ocr_line' id='line_1_45' title="bbox 193 2095 980 2131; baseline 0.001 -8"><span class='ocrx_word' id='word_1_296' title='bbox 193 2097 295 2123; x_wconf 61' lang='lat' dir='ltr'><strong>Verba:</strong></span> <span class='ocrx_word' id='word_1_297' title='bbox 323 2095 493 2122; x_wconf 73' lang='lat' dir='ltr'><strong>«Concidcut</strong></span> <span class='ocrx_word' id='word_1_298' title='bbox 514 2095 729 2129; x_wconf 61' lang='lat' dir='ltr'><strong>lerrampnullo</strong></span> <span class='ocrx_word' id='word_1_299' title='bbox 751 2102 766 2122; x_wconf 93' lang='lat' dir='ltr'><strong>a</strong></span> <span class='ocrx_word' id='word_1_300' title='bbox 790 2103 834 2123; x_wconf 93' lang='lat' dir='ltr'><strong>me</strong></span> <span class='ocrx_word' id='word_1_301' title='bbox 858 2097 980 2131; x_wconf 68' lang='lat' dir='ltr'><strong>praestita</strong></span> 
     </span>
    </p>
   </div>
   <div class='ocr_carea' id='block_1_46' title="bbox 193 2140 978 2176">
    <p class='ocr_par' dir='ltr' id='par_1_46' title="bbox 193 2140 978 2176">
     <span class='ocr_line' id='line_1_46' title="bbox 193 2140 978 2176; baseline 0.001 -7"><span class='ocrx_word' id='word_1_302' title='bbox 193 2142 228 2169; x_wconf 88' lang='lat' dir='ltr'><strong>iis</strong></span> <span class='ocrx_word' id='word_1_303' title='bbox 248 2141 350 2168; x_wconf 78' lang='lat' dir='ltr'><strong>auxilio</strong></span> <span class='ocrx_word' id='word_1_304' title='bbox 365 2149 420 2176; x_wconf 84' lang='lat' dir='ltr'><strong>quo</strong></span> <span class='ocrx_word' id='word_1_305' title='bbox 435 2149 465 2168; x_wconf 91' lang='lat' dir='ltr'><strong>se</strong></span> <span class='ocrx_word' id='word_1_306' title='bbox 481 2141 601 2168; x_wconf 85' lang='lat' dir='ltr'><strong>hostium</strong></span> <span class='ocrx_word' id='word_1_307' title='bbox 616 2140 978 2170; x_wconf 84' lang='lat' dir='ltr'><strong>dominatuisublraherent.</strong></span> 
     </span>
    </p>
   </div>
   <div class='ocr_carea' id='block_1_47' title="bbox 193 2186 980 2222">
    <p class='ocr_par' dir='ltr' id='par_1_47' title="bbox 193 2186 980 2222">
     <span class='ocr_line' id='line_1_47' title="bbox 193 2186 980 2222; baseline 0.003 -9"><span class='ocrx_word' id='word_1_308' title='bbox 193 2187 350 2221; x_wconf 81' lang='lat' dir='ltr'><strong>Ducamque</strong></span> <span class='ocrx_word' id='word_1_309' title='bbox 361 2194 409 2214; x_wconf 92' lang='lat' dir='ltr'><strong>eos</strong></span> <span class='ocrx_word' id='word_1_310' title='bbox 424 2186 458 2214; x_wconf 88' lang='lat' dir='ltr'><strong>ad</strong></span> <span class='ocrx_word' id='word_1_311' title='bbox 475 2186 588 2218; x_wconf 64' lang='lat' dir='ltr'><strong>caedem,</strong></span> <span class='ocrx_word' id='word_1_312' title='bbox 607 2186 652 2213; x_wconf 89' lang='lat' dir='ltr'><strong>cui</strong></span> <span class='ocrx_word' id='word_1_313' title='bbox 665 2186 699 2213; x_wconf 82' lang='lat' dir='ltr'><strong>ab</strong></span> <span class='ocrx_word' id='word_1_314' title='bbox 712 2186 842 2220; x_wconf 87' lang='lat' dir='ltr'><strong>operibus</strong></span> <span class='ocrx_word' id='word_1_315' title='bbox 859 2187 980 2222; x_wconf 80' lang='lat' dir='ltr'><strong>propriis</strong></span> 
     </span>
    </p>
   </div>
   <div class='ocr_carea' id='block_1_48' title="bbox 192 2231 979 2268">
    <p class='ocr_par' dir='ltr' id='par_1_48' title="bbox 192 2231 979 2268">
     <span class='ocr_line' id='line_1_48' title="bbox 192 2231 979 2268; baseline 0.001 -8"><span class='ocrx_word' id='word_1_316' title='bbox 192 2233 294 2260; x_wconf 88' lang='lat' dir='ltr'><strong>addicti</strong></span> <span class='ocrx_word' id='word_1_317' title='bbox 316 2231 439 2265; x_wconf 78' lang='lat' dir='ltr'><strong>fuerunt,</strong></span> <span class='ocrx_word' id='word_1_318' title='bbox 465 2236 493 2260; x_wconf 90' lang='lat' dir='ltr'><strong>et</strong></span> <span class='ocrx_word' id='word_1_319' title='bbox 506 2232 616 2268; x_wconf 88' lang='lat' dir='ltr'><strong>quidem</strong></span> <span class='ocrx_word' id='word_1_320' title='bbox 634 2237 664 2259; x_wconf 93' lang='lat' dir='ltr'><strong>ut</strong></span> <span class='ocrx_word' id='word_1_321' title='bbox 683 2240 733 2268; x_wconf 90' lang='lat' dir='ltr'><strong>par</strong></span> <span class='ocrx_word' id='word_1_322' title='bbox 748 2237 789 2260; x_wconf 90' lang='lat' dir='ltr'><strong>est</strong></span> <span class='ocrx_word' id='word_1_323' title='bbox 807 2238 869 2260; x_wconf 88' lang='lat' dir='ltr'><strong>ante</strong></span> <span class='ocrx_word' id='word_1_324' title='bbox 884 2234 979 2261; x_wconf 79' lang='lat' dir='ltr'><strong>oculos</strong></span> 
     </span>
    </p>
   </div>
   <div class='ocr_carea' id='block_1_49' title="bbox 191 2277 980 2307">
    <p class='ocr_par' dir='ltr' id='par_1_49' title="bbox 191 2277 980 2307">
     <span class='ocr_line' id='line_1_49' title="bbox 191 2277 980 2307; baseline 0.001 -2"><span class='ocrx_word' id='word_1_325' title='bbox 191 2278 420 2306; x_wconf 68' lang='lat' dir='ltr'><strong>Chananaeorum.</strong></span> <span class='ocrx_word' id='word_1_326' title='bbox 436 2277 504 2305; x_wconf 83' lang='lat' dir='ltr'><strong>Nam</strong></span> <span class='ocrx_word' id='word_1_327' title='bbox 519 2278 617 2305; x_wconf 90' lang='lat' dir='ltr'><strong>verba:</strong></span> <span class='ocrx_word' id='word_1_328' title='bbox 637 2287 646 2304; x_wconf 85' lang='grc'>‹</span> <span class='ocrx_word' id='word_1_329' title='bbox 658 2277 770 2305; x_wconf 86' lang='lat' dir='ltr'><strong>Pascam</strong></span> <span class='ocrx_word' id='word_1_330' title='bbox 788 2286 852 2306; x_wconf 91' lang='lat' dir='ltr'><strong>oves</strong></span> <span class='ocrx_word' id='word_1_331' title='bbox 866 2279 980 2307; x_wconf 86' lang='lat' dir='ltr'><strong>occisio-</strong></span> 
     </span>
    </p>
   </div>
   <div class='ocr_carea' id='block_1_50' title="bbox 192 2323 979 2360">
    <p class='ocr_par' dir='ltr' id='par_1_50' title="bbox 192 2323 979 2360">
     <span class='ocr_line' id='line_1_50' title="bbox 192 2323 979 2360; baseline 0.001 -9"><span class='ocrx_word' id='word_1_332' title='bbox 192 2324 248 2357; x_wconf 86' lang='lat' dir='ltr'><strong>nis,</strong></span> <span class='ocrx_word' id='word_1_333' title='bbox 259 2333 268 2350; x_wconf 71' lang='grc' dir='ltr'><strong>ι</strong></span> <span class='ocrx_word' id='word_1_334' title='bbox 286 2329 424 2360; x_wconf 91' lang='lat' dir='ltr'><strong>ponuntur</strong></span> <span class='ocrx_word' id='word_1_335' title='bbox 439 2331 499 2358; x_wconf 79' lang='lat' dir='ltr'><strong>pro,</strong></span> <span class='ocrx_word' id='word_1_336' title='bbox 515 2323 612 2351; x_wconf 84' lang='lat' dir='ltr'><strong>ducam</strong></span> <span class='ocrx_word' id='word_1_337' title='bbox 627 2331 674 2351; x_wconf 85' lang='lat' dir='ltr'><strong>eas</strong></span> <span class='ocrx_word' id='word_1_338' title='bbox 687 2324 719 2351; x_wconf 89' lang='lat' dir='ltr'><strong>ad</strong></span> <span class='ocrx_word' id='word_1_339' title='bbox 732 2324 909 2355; x_wconf 82' lang='lat' dir='ltr'><strong>occisionem.</strong></span> <span class='ocrx_word' id='word_1_340' title='bbox 923 2332 979 2352; x_wconf 87' lang='lat' dir='ltr'><strong>non</strong></span> 
     </span>
    </p>
   </div>
   <div class='ocr_carea' id='block_1_51' title="bbox 193 2368 980 2404">
    <p class='ocr_par' dir='ltr' id='par_1_51' title="bbox 193 2368 980 2404">
     <span class='ocr_line' id='line_1_51' title="bbox 193 2368 980 2404; baseline 0 -8"><span class='ocrx_word' id='word_1_341' title='bbox 193 2369 266 2403; x_wconf 88' lang='lat' dir='ltr'><strong>quod</strong></span> <span class='ocrx_word' id='word_1_342' title='bbox 280 2369 340 2404; x_wconf 88' lang='lat' dir='ltr'><strong>ipse</strong></span> <span class='ocrx_word' id='word_1_343' title='bbox 356 2368 490 2399; x_wconf 83' lang='lat' dir='ltr'><strong>occidam.</strong></span> <span class='ocrx_word' id='word_1_344' title='bbox 506 2368 554 2396; x_wconf 90' lang='lat' dir='ltr'><strong>sed</strong></span> <span class='ocrx_word' id='word_1_345' title='bbox 569 2368 632 2403; x_wconf 88' lang='lat' dir='ltr'><strong>quia</strong></span> <span class='ocrx_word' id='word_1_346' title='bbox 649 2368 787 2402; x_wconf 86' lang='lat' dir='ltr'><strong>permitto.</strong></span> <span class='ocrx_word' id='word_1_347' title='bbox 805 2368 926 2403; x_wconf 80' lang='lat' dir='ltr'><strong>Namque</strong></span> <span class='ocrx_word' id='word_1_348' title='bbox 952 2373 980 2396; x_wconf 89' lang='lat' dir='ltr'><strong>et</strong></span> 
     </span>
    </p>
   </div>
   <div class='ocr_carea' id='block_1_52' title="bbox 194 2414 980 2450">
    <p class='ocr_par' dir='ltr' id='par_1_52' title="bbox 194 2414 980 2450">
     <span class='ocr_line' id='line_1_52' title="bbox 194 2414 980 2450; baseline 0 -8"><span class='ocrx_word' id='word_1_349' title='bbox 194 2415 246 2442; x_wconf 91' lang='lat' dir='ltr'><strong>hoc</strong></span> <span class='ocrx_word' id='word_1_350' title='bbox 258 2416 375 2450; x_wconf 87' lang='lat' dir='ltr'><strong>positum</strong></span> <span class='ocrx_word' id='word_1_351' title='bbox 391 2419 433 2442; x_wconf 91' lang='lat' dir='ltr'><strong>est</strong></span> <span class='ocrx_word' id='word_1_352' title='bbox 448 2415 476 2441; x_wconf 95' lang='lat' dir='ltr'><strong>in</strong></span> <span class='ocrx_word' id='word_1_353' title='bbox 488 2414 587 2441; x_wconf 64' lang='lat' dir='ltr'><strong>divinae</strong></span> <span class='ocrx_word' id='word_1_354' title='bbox 603 2414 751 2449; x_wconf 69' lang='lat' dir='ltr'><strong>Scriptura:</strong></span> <span class='ocrx_word' id='word_1_355' title='bbox 767 2422 850 2447; x_wconf 84' lang='lat' dir='ltr'><strong>more,</strong></span> <span class='ocrx_word' id='word_1_356' title='bbox 875 2421 903 2442; x_wconf 90' lang='lat' dir='ltr'><strong>ut</strong></span> <span class='ocrx_word' id='word_1_357' title='bbox 917 2423 980 2450; x_wconf 90' lang='lat' dir='ltr'><strong>per-</strong></span> 
     </span>
    </p>
   </div>
   <div class='ocr_carea' id='block_1_53' title="bbox 193 2460 980 2494">
    <p class='ocr_par' dir='ltr' id='par_1_53' title="bbox 193 2460 980 2494">
     <span class='ocr_line' id='line_1_53' title="bbox 193 2460 980 2494; baseline 0.001 -7"><span class='ocrx_word' id='word_1_358' title='bbox 193 2460 354 2487; x_wconf 71' lang='lat' dir='ltr'><strong>missionem</strong></span> <span class='ocrx_word' id='word_1_359' title='bbox 367 2460 487 2487; x_wconf 85' lang='lat' dir='ltr'><strong>divinam</strong></span> <span class='ocrx_word' id='word_1_360' title='bbox 501 2463 630 2494; x_wconf 85' lang='lat' dir='ltr'><strong>tanquam</strong></span> <span class='ocrx_word' id='word_1_361' title='bbox 642 2467 698 2486; x_wconf 87' lang='lat' dir='ltr'><strong>rem</strong></span> <span class='ocrx_word' id='word_1_362' title='bbox 708 2465 794 2487; x_wconf 85' lang='lat' dir='ltr'><strong>actam</strong></span> <span class='ocrx_word' id='word_1_363' title='bbox 806 2460 887 2488; x_wconf 75' lang='lat' dir='ltr'><strong>dicat.</strong></span> <span class='ocrx_word' id='word_1_364' title='bbox 902 2461 980 2488; x_wconf 76' lang='lat' dir='ltr'><strong>Velut</strong></span> 
     </span>
    </p>
   </div>
   <div class='ocr_carea' id='block_1_54' title="bbox 194 2504 976 2534">
    <p class='ocr_par' dir='ltr' id='par_1_54' title="bbox 194 2504 976 2534">
     <span class='ocr_line' id='line_1_54' title="bbox 194 2504 976 2534; baseline 0.004 -3"><span class='ocrx_word' id='word_1_365' title='bbox 194 2504 276 2532; x_wconf 87' lang='lat' dir='ltr'><strong>illud:</strong></span> <span class='ocrx_word' id='word_1_366' title='bbox 300 2504 464 2532; x_wconf 65' lang='lat' dir='ltr'><strong>(Declinasti</strong></span> <span class='ocrx_word' id='word_1_367' title='bbox 487 2504 598 2532; x_wconf 79' lang='lat' dir='ltr'><strong>semitas</strong></span> <span class='ocrx_word' id='word_1_368' title='bbox 621 2508 731 2532; x_wconf 88' lang='lat' dir='ltr'><strong>nostras</strong></span> <span class='ocrx_word' id='word_1_369' title='bbox 758 2513 773 2531; x_wconf 89' lang='lat' dir='ltr'><strong>a</strong></span> <span class='ocrx_word' id='word_1_370' title='bbox 796 2506 840 2532; x_wconf 87' lang='lat' dir='ltr'><strong>via</strong></span> <span class='ocrx_word' id='word_1_371' title='bbox 859 2510 905 2533; x_wconf 83' lang='lat' dir='ltr'><strong>tua</strong></span> <span class='ocrx_word' id='word_1_372' title='bbox 917 2507 976 2534; x_wconf 76' lang='grc'><strong>⁷¹;›</strong></span> 
     </span>
    </p>
   </div>
   <div class='ocr_carea' id='block_1_55' title="bbox 193 2551 980 2587">
    <p class='ocr_par' dir='ltr' id='par_1_55' title="bbox 193 2551 980 2587">
     <span class='ocr_line' id='line_1_55' title="bbox 193 2551 980 2587; baseline 0.004 -9"><span class='ocrx_word' id='word_1_373' title='bbox 193 2559 249 2578; x_wconf 91' lang='lat' dir='ltr'><strong>non</strong></span> <span class='ocrx_word' id='word_1_374' title='bbox 262 2551 332 2586; x_wconf 86' lang='lat' dir='ltr'><strong>quod</strong></span> <span class='ocrx_word' id='word_1_375' title='bbox 350 2551 420 2579; x_wconf 89' lang='lat' dir='ltr'><strong>Deus</strong></span> <span class='ocrx_word' id='word_1_376' title='bbox 441 2559 488 2579; x_wconf 84' lang='lat' dir='ltr'><strong>eas</strong></span> <span class='ocrx_word' id='word_1_377' title='bbox 505 2551 707 2584; x_wconf 86' lang='lat' dir='ltr'><strong>decliuavisset,</strong></span> <span class='ocrx_word' id='word_1_378' title='bbox 727 2551 775 2579; x_wconf 87' lang='lat' dir='ltr'><strong>sed</strong></span> <span class='ocrx_word' id='word_1_379' title='bbox 798 2552 862 2587; x_wconf 88' lang='lat' dir='ltr'><strong>quia</strong></span> <span class='ocrx_word' id='word_1_380' title='bbox 878 2553 980 2581; x_wconf 77' lang='lat' dir='ltr'><strong>siverat</strong></span> 
     </span>
    </p>
   </div>
   <div class='ocr_carea' id='block_1_56' title="bbox 195 2595 979 2632">
    <p class='ocr_par' dir='ltr' id='par_1_56' title="bbox 195 2595 979 2632">
     <span class='ocr_line' id='line_1_56' title="bbox 195 2595 979 2632; baseline 0.005 -10"><span class='ocrx_word' id='word_1_381' title='bbox 195 2595 271 2631; x_wconf 84' lang='lat' dir='ltr'><strong>ipsos</strong></span> <span class='ocrx_word' id='word_1_382' title='bbox 288 2595 321 2623; x_wconf 84' lang='lat' dir='ltr'><strong>iis</strong></span> <span class='ocrx_word' id='word_1_383' title='bbox 336 2596 510 2631; x_wconf 83' lang='lat' dir='ltr'><strong>passionibus</strong></span> <span class='ocrx_word' id='word_1_384' title='bbox 536 2597 649 2632; x_wconf 86' lang='lat' dir='ltr'><strong>corripi,</strong></span> <span class='ocrx_word' id='word_1_385' title='bbox 671 2604 732 2632; x_wconf 75' lang='lat' dir='ltr'><strong>qme</strong></span> <span class='ocrx_word' id='word_1_386' title='bbox 747 2604 762 2623; x_wconf 93' lang='lat' dir='ltr'><strong>a</strong></span> <span class='ocrx_word' id='word_1_387' title='bbox 790 2602 863 2625; x_wconf 88' lang='lat' dir='ltr'><strong>recto</strong></span> <span class='ocrx_word' id='word_1_388' title='bbox 888 2598 979 2626; x_wconf 85' lang='lat' dir='ltr'><strong>ol&#39;licio</strong></span> 
     </span>
    </p>
   </div>
   <div class='ocr_carea' id='block_1_57' title="bbox 195 2642 980 2672">
    <p class='ocr_par' dir='ltr' id='par_1_57' title="bbox 195 2642 980 2672">
     <span class='ocr_line' id='line_1_57' title="bbox 195 2642 980 2672; baseline 0.003 -2"><span class='ocrx_word' id='word_1_389' title='bbox 195 2643 307 2670; x_wconf 88' lang='lat' dir='ltr'><strong>eosdem</strong></span> <span class='ocrx_word' id='word_1_390' title='bbox 335 2642 479 2671; x_wconf 82' lang='lat' dir='ltr'><strong>deﬂectere</strong></span> <span class='ocrx_word' id='word_1_391' title='bbox 511 2643 614 2671; x_wconf 69' lang='lat' dir='ltr'><strong>idoneae</strong></span> <span class='ocrx_word' id='word_1_392' title='bbox 644 2644 792 2671; x_wconf 58' lang='lat' dir='ltr'><strong>erantuln</strong></span> <span class='ocrx_word' id='word_1_393' title='bbox 816 2650 888 2672; x_wconf 86' lang='lat' dir='ltr'><strong>terra</strong></span> <span class='ocrx_word' id='word_1_394' title='bbox 917 2652 980 2672; x_wconf 88' lang='lat' dir='ltr'><strong>vero</strong></span> 
     </span>
    </p>
   </div>
   <div class='ocr_carea' id='block_1_58' title="bbox 197 2689 980 2726">
    <p class='ocr_par' dir='ltr' id='par_1_58' title="bbox 197 2689 980 2726">
     <span class='ocr_line' id='line_1_58' title="bbox 197 2689 980 2726; baseline 0.004 -10"><span class='ocrx_word' id='word_1_395' title='bbox 197 2689 390 2721; x_wconf 54' lang='lat' dir='ltr'><strong>Chanaannid</strong></span> <span class='ocrx_word' id='word_1_396' title='bbox 407 2693 450 2716; x_wconf 88' lang='lat' dir='ltr'><strong>est</strong></span> <span class='ocrx_word' id='word_1_397' title='bbox 464 2689 490 2716; x_wconf 91' lang='lat' dir='ltr'><strong>in</strong></span> <span class='ocrx_word' id='word_1_398' title='bbox 511 2696 658 2725; x_wconf 88' lang='lat' dir='ltr'><strong>conspectu</strong></span> <span class='ocrx_word' id='word_1_399' title='bbox 676 2691 901 2726; x_wconf 77' lang='lat' dir='ltr'><strong>alienigenarum.</strong></span> <span class='ocrx_word' id='word_1_400' title='bbox 921 2691 980 2719; x_wconf 78' lang='lat' dir='ltr'><strong>Mo-</strong></span> 
     </span>
    </p>
   </div>
   <div class='ocr_carea' id='block_1_59' title="bbox 196 2734 981 2772">
    <p class='ocr_par' dir='ltr' id='par_1_59' title="bbox 196 2734 981 2772">
     <span class='ocr_line' id='line_1_59' title="bbox 196 2734 981 2772; baseline 0.003 -9"><span class='ocrx_word' id='word_1_401' title='bbox 196 2734 294 2763; x_wconf 88' lang='lat' dir='ltr'><strong>lestius</strong></span> <span class='ocrx_word' id='word_1_402' title='bbox 309 2734 382 2762; x_wconf 72' lang='lat' dir='ltr'><strong>enim</strong></span> <span class='ocrx_word' id='word_1_403' title='bbox 399 2734 549 2768; x_wconf 84' lang='lat' dir='ltr'><strong>accidebat,</strong></span> <span class='ocrx_word' id='word_1_404' title='bbox 561 2735 623 2764; x_wconf 88' lang='lat' dir='ltr'><strong>illos</strong></span> <span class='ocrx_word' id='word_1_405' title='bbox 637 2737 682 2772; x_wconf 89' lang='lat' dir='ltr'><strong>qui</strong></span> <span class='ocrx_word' id='word_1_406' title='bbox 700 2741 816 2764; x_wconf 82' lang='lat' dir='ltr'><strong>veterem</strong></span> <span class='ocrx_word' id='word_1_407' title='bbox 826 2736 981 2764; x_wconf 73' lang='lat' dir='ltr'><strong>Judaeorum</strong></span> 
     </span>
    </p>
   </div>
   <div class='ocr_carea' id='block_1_60' title="bbox 243 2833 724 2870">
    <p class='ocr_par' dir='ltr' id='par_1_60' title="bbox 243 2833 724 2870">
     <span class='ocr_line' id='line_1_60' title="bbox 243 2833 724 2870; baseline 0 -6"><span class='ocrx_word' id='word_1_408' title='bbox 243 2833 352 2864; x_wconf 68' lang='lat' dir='ltr'><strong>&quot;‘i‘sal.</strong></span> <span class='ocrx_word' id='word_1_409' title='bbox 373 2843 450 2870; x_wconf 75' lang='lat' dir='ltr'><strong>nm,</strong></span> <span class='ocrx_word' id='word_1_410' title='bbox 470 2836 515 2863; x_wconf 74' lang='grc'><strong>22.</strong></span> <span class='ocrx_word' id='word_1_411' title='bbox 554 2837 576 2852; x_wconf 91' lang='lat'><strong>&quot;&#39;</strong></span> <span class='ocrx_word' id='word_1_412' title='bbox 594 2835 660 2864; x_wconf 82' lang='lat' dir='ltr'><strong>Ibid.</strong></span> <span class='ocrx_word' id='word_1_413' title='bbox 687 2837 724 2864; x_wconf 81' lang='lat' dir='ltr'><strong>l9.</strong></span> 
     </span>
    </p>
   </div>
   <div class='ocr_carea' id='block_1_61' title="bbox 1034 254 1813 292">
    <p class='ocr_par' dir='ltr' id='par_1_61' title="bbox 1034 254 1813 292">
     <span class='ocr_line' id='line_1_61' title="bbox 1034 254 1813 292; baseline 0.001 -11"><span class='ocrx_word' id='word_1_414' title='bbox 1034 254 1168 289; x_wconf 80' lang='grc' dir='ltr'>Ἀφθόνως</span> <span class='ocrx_word' id='word_1_415' title='bbox 1194 257 1258 291; x_wconf 80' lang='grc' dir='ltr'>ὑμῖν</span> <span class='ocrx_word' id='word_1_416' title='bbox 1283 257 1330 283; x_wconf 79' lang='grc' dir='ltr'><strong>καὶ</strong></span> <span class='ocrx_word' id='word_1_417' title='bbox 1353 257 1413 284; x_wconf 72' lang='grc' dir='ltr'>καθ’</span> <span class='ocrx_word' id='word_1_418' title='bbox 1438 257 1512 292; x_wconf 81' lang='grc' dir='ltr'>ὥραν</span> <span class='ocrx_word' id='word_1_419' title='bbox 1530 257 1576 283; x_wconf 78' lang='grc' dir='ltr'><strong>τὸν</strong></span> <span class='ocrx_word' id='word_1_420' title='bbox 1599 255 1675 283; x_wconf 74' lang='grc' dir='ltr'>ὑετὸν</span> <span class='ocrx_word' id='word_1_421' title='bbox 1700 255 1813 291; x_wconf 74' lang='grc' dir='ltr'>παρέξει</span> 
     </span>
    </p>
   </div>
   <div class='ocr_carea' id='block_1_62' title="bbox 1026 300 1807 338">
    <p class='ocr_par' dir='ltr' id='par_1_62' title="bbox 1026 300 1807 338">
     <span class='ocr_line' id='line_1_62' title="bbox 1026 300 1807 338; baseline 0.001 -12"><span class='ocrx_word' id='word_1_422' title='bbox 1026 300 1103 332; x_wconf 79' lang='grc' dir='ltr'>Θεὸς,</span> <span class='ocrx_word' id='word_1_423' title='bbox 1119 301 1148 327; x_wconf 77' lang='grc' dir='ltr'>ὲν</span> <span class='ocrx_word' id='word_1_424' title='bbox 1164 302 1283 337; x_wconf 79' lang='grc' dir='ltr'>σχήματι</span> <span class='ocrx_word' id='word_1_425' title='bbox 1300 302 1491 338; x_wconf 81' lang='grc' dir='ltr'>προστακτικῷ</span> <span class='ocrx_word' id='word_1_426' title='bbox 1504 302 1552 337; x_wconf 80' lang='grc' dir='ltr'>τὴν</span> <span class='ocrx_word' id='word_1_427' title='bbox 1569 302 1683 337; x_wconf 83' lang='grc' dir='ltr'><strong>μήνυσιν</strong></span> <span class='ocrx_word' id='word_1_428' title='bbox 1697 302 1807 336; x_wconf 78' lang='grc' dir='ltr'>πεποιη-</span> 
     </span>
    </p>
   </div>
   <div class='ocr_carea' id='block_1_63' title="bbox 1025 345 1826 383">
    <p class='ocr_par' dir='ltr' id='par_1_63' title="bbox 1025 345 1826 383">
     <span class='ocr_line' id='line_1_63' title="bbox 1025 345 1826 383; baseline 0.002 -11"><span class='ocrx_word' id='word_1_429' title='bbox 1025 354 1071 372; x_wconf 89' lang='grc' dir='ltr'><strong>ται</strong></span> <span class='ocrx_word' id='word_1_430' title='bbox 1086 345 1132 372; x_wconf 81' lang='grc' dir='ltr'><strong>τοῦ</strong></span> <span class='ocrx_word' id='word_1_431' title='bbox 1146 347 1285 382; x_wconf 75' lang='grc' dir='ltr'>ἐσομένου.</span> <span class='ocrx_word' id='word_1_432' title='bbox 1302 348 1354 374; x_wconf 84' lang='grc' dir='ltr'><strong>Τὸν</strong></span> <span class='ocrx_word' id='word_1_433' title='bbox 1366 348 1446 374; x_wconf 79' lang='grc' dir='ltr'>αὐτὸν</span> <span class='ocrx_word' id='word_1_434' title='bbox 1462 347 1494 383; x_wconf 82' lang='grc' dir='ltr'>δὴ</span> <span class='ocrx_word' id='word_1_435' title='bbox 1510 347 1612 382; x_wconf 82' lang='grc' dir='ltr'>τρόπον</span> <span class='ocrx_word' id='word_1_436' title='bbox 1627 346 1763 373; x_wconf 79' lang='grc' dir='ltr'>κάνταῦθα</span> <span class='ocrx_word' id='word_1_437' title='bbox 1777 347 1826 380; x_wconf 16' lang='grc' dir='ltr'><strong>τάγ</strong></span> 
     </span>
    </p>
   </div>
   <div class='ocr_carea' id='block_1_64' title="bbox 1027 391 1813 428">
    <p class='ocr_par' dir='ltr' id='par_1_64' title="bbox 1027 391 1813 428">
     <span class='ocr_line' id='line_1_64' title="bbox 1027 391 1813 428; baseline 0.001 -10"><span class='ocrx_word' id='word_1_438' title='bbox 1027 391 1091 427; x_wconf 79' lang='grc' dir='ltr'>περὶ</span> <span class='ocrx_word' id='word_1_439' title='bbox 1104 392 1151 418; x_wconf 70' lang='grc' dir='ltr'><strong>τὸν</strong></span> <span class='ocrx_word' id='word_1_440' title='bbox 1167 391 1231 419; x_wconf 72' lang='grc' dir='ltr'>λαὸν</span> <span class='ocrx_word' id='word_1_441' title='bbox 1244 393 1362 423; x_wconf 78' lang='grc' dir='ltr'><strong>ἐσόμενα</strong></span> <span class='ocrx_word' id='word_1_442' title='bbox 1384 393 1457 420; x_wconf 75' lang='grc' dir='ltr'>κακὰ</span> <span class='ocrx_word' id='word_1_443' title='bbox 1481 391 1673 428; x_wconf 83' lang='grc' dir='ltr'>προστακτικῷ</span> <span class='ocrx_word' id='word_1_444' title='bbox 1691 392 1813 426; x_wconf 76' lang='grc' dir='ltr'>σχήματι</span> 
     </span>
    </p>
   </div>
   <div class='ocr_carea' id='block_1_65' title="bbox 1027 437 1811 473">
    <p class='ocr_par' dir='ltr' id='par_1_65' title="bbox 1027 437 1811 473">
     <span class='ocr_line' id='line_1_65' title="bbox 1027 437 1811 473; baseline 0 -9"><span class='ocrx_word' id='word_1_445' title='bbox 1027 437 1164 473; x_wconf 81' lang='grc' dir='ltr'>προλέγει,</span> <span class='ocrx_word' id='word_1_446' title='bbox 1180 437 1285 466; x_wconf 76' lang='grc' dir='ltr'>τοιοῦτό</span> <span class='ocrx_word' id='word_1_447' title='bbox 1304 447 1332 466; x_wconf 90' lang='grc' dir='ltr'><strong>τι</strong></span> <span class='ocrx_word' id='word_1_448' title='bbox 1354 438 1455 473; x_wconf 86' lang='grc' dir='ltr'>λέγων,</span> <span class='ocrx_word' id='word_1_449' title='bbox 1473 440 1513 466; x_wconf 83' lang='grc' dir='ltr'><strong>ὁτι</strong></span> <span class='ocrx_word' id='word_1_450' title='bbox 1541 438 1581 465; x_wconf 81' lang='grc' dir='ltr'><strong>Τὰ</strong></span> <span class='ocrx_word' id='word_1_451' title='bbox 1597 438 1646 473; x_wconf 81' lang='grc' dir='ltr'>μὲν</span> <span class='ocrx_word' id='word_1_452' title='bbox 1662 438 1727 473; x_wconf 82' lang='grc' dir='ltr'>παρ’</span> <span class='ocrx_word' id='word_1_453' title='bbox 1743 437 1811 473; x_wconf 77' lang='grc' dir='ltr'>ἐμοῦ</span> 
     </span>
    </p>
   </div>
   <div class='ocr_carea' id='block_1_66' title="bbox 1026 481 1812 520">
    <p class='ocr_par' dir='ltr' id='par_1_66' title="bbox 1026 481 1812 520">
     <span class='ocr_line' id='line_1_66' title="bbox 1026 481 1812 520; baseline -0.003 -9"><span class='ocrx_word' id='word_1_454' title='bbox 1026 485 1092 519; x_wconf 83' lang='grc' dir='ltr'>περὶ</span> <span class='ocrx_word' id='word_1_455' title='bbox 1108 484 1154 510; x_wconf 80' lang='grc' dir='ltr'><strong>τὸν</strong></span> <span class='ocrx_word' id='word_1_456' title='bbox 1168 483 1231 511; x_wconf 80' lang='grc' dir='ltr'>λαὸν</span> <span class='ocrx_word' id='word_1_457' title='bbox 1244 483 1319 511; x_wconf 72' lang='grc' dir='ltr'>ἔσται</span> <span class='ocrx_word' id='word_1_458' title='bbox 1334 481 1430 520; x_wconf 81' lang='grc' dir='ltr'>οἷάπερ</span> <span class='ocrx_word' id='word_1_459' title='bbox 1445 483 1529 519; x_wconf 71' lang='grc' dir='ltr'>ἔφθην</span> <span class='ocrx_word' id='word_1_460' title='bbox 1542 483 1625 511; x_wconf 69' lang='grc' dir='ltr'>εἰπών</span> <span class='ocrx_word' id='word_1_461' title='bbox 1635 491 1642 498; x_wconf 94' lang='grc'><strong>·</strong></span> <span class='ocrx_word' id='word_1_462' title='bbox 1658 483 1704 510; x_wconf 78' lang='grc' dir='ltr'>καὶ</span> <span class='ocrx_word' id='word_1_463' title='bbox 1718 483 1812 510; x_wconf 72' lang='lat' dir='ltr'><strong>memi-</strong></span> 
     </span>
    </p>
   </div>
   <div class='ocr_carea' id='block_1_67' title="bbox 1026 529 1811 566">
    <p class='ocr_par' dir='ltr' id='par_1_67' title="bbox 1026 529 1811 566">
     <span class='ocr_line' id='line_1_67' title="bbox 1026 529 1811 566; baseline -0.001 -10"><span class='ocrx_word' id='word_1_464' title='bbox 1026 539 1080 557; x_wconf 91' lang='grc' dir='ltr'><strong>των</strong></span> <span class='ocrx_word' id='word_1_465' title='bbox 1104 530 1154 566; x_wconf 73' lang='grc' dir='ltr'><strong>μὲν</strong></span> <span class='ocrx_word' id='word_1_466' title='bbox 1170 530 1317 558; x_wconf 79' lang='grc' dir='ltr'><strong>ἀπολαύσει</strong></span> <span class='ocrx_word' id='word_1_467' title='bbox 1331 530 1361 557; x_wconf 84' lang='grc' dir='ltr'>τὸ</span> <span class='ocrx_word' id='word_1_468' title='bbox 1375 530 1449 562; x_wconf 75' lang='grc' dir='ltr'>ἔθνος</span> <span class='ocrx_word' id='word_1_469' title='bbox 1463 530 1582 564; x_wconf 79' lang='grc' dir='ltr'>ἀγαθῶν,</span> <span class='ocrx_word' id='word_1_470' title='bbox 1605 530 1634 556; x_wconf 82' lang='grc' dir='ltr'>ὲν</span> <span class='ocrx_word' id='word_1_471' title='bbox 1653 529 1768 565; x_wconf 78' lang='grc' dir='ltr'><strong>τοσαύτῃ</strong></span> <span class='ocrx_word' id='word_1_472' title='bbox 1781 529 1811 556; x_wconf 62' lang='grc' dir='ltr'><strong>δὲ.</strong></span> 
     </span>
    </p>
   </div>
   <div class='ocr_carea' id='block_1_68' title="bbox 1026 574 1810 612">
    <p class='ocr_par' dir='ltr' id='par_1_68' title="bbox 1026 574 1810 612">
     <span class='ocr_line' id='line_1_68' title="bbox 1026 574 1810 612; baseline -0.003 -10"><span class='ocrx_word' id='word_1_473' title='bbox 1026 577 1169 612; x_wconf 84' lang='grc' dir='ltr'>γενήσεται</span> <span class='ocrx_word' id='word_1_474' title='bbox 1184 577 1201 612; x_wconf 77' lang='grc' dir='ltr'><strong>ἡ</strong></span> <span class='ocrx_word' id='word_1_475' title='bbox 1229 576 1403 611; x_wconf 84' lang='grc' dir='ltr'>Ἰερουσαλὴμ</span> <span class='ocrx_word' id='word_1_476' title='bbox 1418 575 1529 611; x_wconf 74' lang='grc' dir='ltr'>εὐθηνίᾳ</span> <span class='ocrx_word' id='word_1_477' title='bbox 1541 596 1549 607; x_wconf 90' lang='grc'>,</span> <span class='ocrx_word' id='word_1_478' title='bbox 1575 574 1810 610; x_wconf 72' lang='grc' dir='ltr'>κατακρατήσουσέ</span> 
     </span>
    </p>
   </div>
   <div class='ocr_carea' id='block_1_69' title="bbox 1026 619 1811 659">
    <p class='ocr_par' dir='ltr' id='par_1_69' title="bbox 1026 619 1811 659">
     <span class='ocr_line' id='line_1_69' title="bbox 1026 619 1811 659; baseline -0.003 -10"><span class='ocrx_word' id='word_1_479' title='bbox 1026 631 1056 650; x_wconf 75' lang='grc' dir='ltr'><strong>τε</strong></span> <span class='ocrx_word' id='word_1_480' title='bbox 1080 624 1135 649; x_wconf 85' lang='grc' dir='ltr'>τῶν</span> <span class='ocrx_word' id='word_1_481' title='bbox 1157 623 1309 657; x_wconf 85' lang='grc' dir='ltr'>πολεμίων,</span> <span class='ocrx_word' id='word_1_482' title='bbox 1326 623 1372 657; x_wconf 74' lang='grc' dir='ltr'>ἀφ’</span> <span class='ocrx_word' id='word_1_483' title='bbox 1384 619 1421 650; x_wconf 81' lang='grc' dir='ltr'>ὧν</span> <span class='ocrx_word' id='word_1_484' title='bbox 1436 623 1468 659; x_wconf 84' lang='grc' dir='ltr'>δὴ</span> <span class='ocrx_word' id='word_1_485' title='bbox 1486 623 1532 649; x_wconf 74' lang='grc' dir='ltr'>καὶ</span> <span class='ocrx_word' id='word_1_486' title='bbox 1551 622 1634 650; x_wconf 78' lang='grc' dir='ltr'>πολὺν</span> <span class='ocrx_word' id='word_1_487' title='bbox 1655 622 1811 658; x_wconf 84' lang='grc' dir='ltr'>ἀθροίσουσι</span> 
     </span>
    </p>
   </div>
   <div class='ocr_carea' id='block_1_70' title="bbox 1026 667 1811 703">
    <p class='ocr_par' dir='ltr' id='par_1_70' title="bbox 1026 667 1811 703">
     <span class='ocr_line' id='line_1_70' title="bbox 1026 667 1811 703; baseline 0.001 -10"><span class='ocrx_word' id='word_1_488' title='bbox 1026 667 1140 694; x_wconf 83' lang='grc' dir='ltr'>πλοῦτον</span> <span class='ocrx_word' id='word_1_489' title='bbox 1153 675 1159 683; x_wconf 91' lang='grc'><strong>·</strong></span> <span class='ocrx_word' id='word_1_490' title='bbox 1184 668 1235 695; x_wconf 81' lang='grc' dir='ltr'>οὐκ</span> <span class='ocrx_word' id='word_1_491' title='bbox 1257 669 1297 699; x_wconf 85' lang='grc' dir='ltr'>εἰς</span> <span class='ocrx_word' id='word_1_492' title='bbox 1317 668 1375 694; x_wconf 81' lang='grc' dir='ltr'>δέον</span> <span class='ocrx_word' id='word_1_493' title='bbox 1386 667 1415 694; x_wconf 76' lang='grc' dir='ltr'>δὲ</span> <span class='ocrx_word' id='word_1_494' title='bbox 1428 669 1461 703; x_wconf 78' lang='grc' dir='ltr'><strong>τῇ</strong></span> <span class='ocrx_word' id='word_1_495' title='bbox 1483 667 1619 703; x_wconf 79' lang='grc' dir='ltr'><strong>εὐπραγίᾳ</strong></span> <span class='ocrx_word' id='word_1_496' title='bbox 1632 667 1811 703; x_wconf 72' lang='grc' dir='ltr'>χρησάμενοι,</span> 
     </span>
    </p>
   </div>
   <div class='ocr_carea' id='block_1_71' title="bbox 1026 713 1810 750">
    <p class='ocr_par' dir='ltr' id='par_1_71' title="bbox 1026 713 1810 750">
     <span class='ocr_line' id='line_1_71' title="bbox 1026 713 1810 750; baseline -0.001 -10"><span class='ocrx_word' id='word_1_497' title='bbox 1026 713 1074 740; x_wconf 72' lang='lat' dir='ltr'><strong>ttat</strong></span> <span class='ocrx_word' id='word_1_498' title='bbox 1085 713 1117 749; x_wconf 84' lang='grc' dir='ltr'>δὴ</span> <span class='ocrx_word' id='word_1_499' title='bbox 1132 713 1199 750; x_wconf 83' lang='grc' dir='ltr'>πρὸς</span> <span class='ocrx_word' id='word_1_500' title='bbox 1211 714 1241 740; x_wconf 77' lang='grc' dir='ltr'>τὸ</span> <span class='ocrx_word' id='word_1_501' title='bbox 1261 715 1351 749; x_wconf 81' lang='grc' dir='ltr'>χεῖρον</span> <span class='ocrx_word' id='word_1_502' title='bbox 1372 714 1480 745; x_wconf 76' lang='grc' dir='ltr'><strong>ἰδόντες,</strong></span> <span class='ocrx_word' id='word_1_503' title='bbox 1494 713 1547 740; x_wconf 77' lang='grc' dir='ltr'><strong>ὑπὸ</strong></span> <span class='ocrx_word' id='word_1_504' title='bbox 1560 713 1690 748; x_wconf 75' lang='grc' dir='ltr'><strong>ποιμένας</strong></span> <span class='ocrx_word' id='word_1_505' title='bbox 1705 713 1810 739; x_wconf 73' lang='grc' dir='ltr'>ἔσονται</span> 
     </span>
    </p>
   </div>
   <div class='ocr_carea' id='block_1_72' title="bbox 1026 759 1810 796">
    <p class='ocr_par' dir='ltr' id='par_1_72' title="bbox 1026 759 1810 796">
     <span class='ocr_line' id='line_1_72' title="bbox 1026 759 1810 796; baseline 0 -11"><span class='ocrx_word' id='word_1_506' title='bbox 1026 759 1163 791; x_wconf 79' lang='grc' dir='ltr'><strong>τοιούτους</strong></span> <span class='ocrx_word' id='word_1_507' title='bbox 1175 760 1246 787; x_wconf 79' lang='grc' dir='ltr'>ὥστε</span> <span class='ocrx_word' id='word_1_508' title='bbox 1259 761 1336 795; x_wconf 88' lang='grc' dir='ltr'>δίκην</span> <span class='ocrx_word' id='word_1_509' title='bbox 1350 760 1493 796; x_wconf 74' lang='grc' dir='ltr'>προϐάτων</span> <span class='ocrx_word' id='word_1_510' title='bbox 1514 759 1628 793; x_wconf 72' lang='grc' dir='ltr'>ἄγεσθαι</span> <span class='ocrx_word' id='word_1_511' title='bbox 1652 759 1699 786; x_wconf 83' lang='grc' dir='ltr'><strong>ὑπ’</strong></span> <span class='ocrx_word' id='word_1_512' title='bbox 1718 759 1810 790; x_wconf 79' lang='grc' dir='ltr'>αὐτοῖς</span> 
     </span>
    </p>
   </div>
   <div class='ocr_carea' id='block_1_73' title="bbox 1026 803 1811 841">
    <p class='ocr_par' dir='ltr' id='par_1_73' title="bbox 1026 803 1811 841">
     <span class='ocr_line' id='line_1_73' title="bbox 1026 803 1811 841; baseline 0 -11"><span class='ocrx_word' id='word_1_513' title='bbox 1026 805 1066 836; x_wconf 77' lang='grc' dir='ltr'>εἰς</span> <span class='ocrx_word' id='word_1_514' title='bbox 1087 805 1193 841; x_wconf 77' lang='grc' dir='ltr'>σφαγὴν</span> <span class='ocrx_word' id='word_1_515' title='bbox 1214 805 1396 841; x_wconf 67' lang='grc' dir='ltr'>ἐκκειμένωνθ</span> <span class='ocrx_word' id='word_1_516' title='bbox 1420 803 1476 832; x_wconf 72' lang='grc' dir='ltr'>οἷόν</span> <span class='ocrx_word' id='word_1_517' title='bbox 1491 807 1548 832; x_wconf 74' lang='grc' dir='ltr'>ἐστι</span> <span class='ocrx_word' id='word_1_518' title='bbox 1562 805 1607 832; x_wconf 74' lang='grc' dir='ltr'>καὶ</span> <span class='ocrx_word' id='word_1_519' title='bbox 1620 805 1695 840; x_wconf 69' lang='grc' dir='ltr'>παρὰ</span> <span class='ocrx_word' id='word_1_520' title='bbox 1706 804 1744 839; x_wconf 87' lang='grc' dir='ltr'>τῷ</span> <span class='ocrx_word' id='word_1_521' title='bbox 1759 813 1811 839; x_wconf 88' lang='grc' dir='ltr'>μα-</span> 
     </span>
    </p>
   </div>
   <div class='ocr_carea' id='block_1_74' title="bbox 1027 851 1813 888">
    <p class='ocr_par' dir='ltr' id='par_1_74' title="bbox 1027 851 1813 888">
     <span class='ocr_line' id='line_1_74' title="bbox 1027 851 1813 888; baseline -0.004 -9"><span class='ocrx_word' id='word_1_522' title='bbox 1027 853 1115 888; x_wconf 84' lang='grc' dir='ltr'>καρίῳ</span> <span class='ocrx_word' id='word_1_523' title='bbox 1134 851 1216 879; x_wconf 75' lang='grc' dir='ltr'>Δαυτδ</span> <span class='ocrx_word' id='word_1_524' title='bbox 1229 852 1269 884; x_wconf 83' lang='grc' dir='ltr'>τὸ,</span> <span class='ocrx_word' id='word_1_525' title='bbox 1297 861 1306 878; x_wconf 83' lang='lat' dir='ltr'><strong>t</strong></span> <span class='ocrx_word' id='word_1_526' title='bbox 1327 851 1519 887; x_wconf 83' lang='grc' dir='ltr'>Ἐλογίσθημεν</span> <span class='ocrx_word' id='word_1_527' title='bbox 1534 851 1572 882; x_wconf 85' lang='grc' dir='ltr'><strong>ὡς</strong></span> <span class='ocrx_word' id='word_1_528' title='bbox 1595 851 1717 886; x_wconf 78' lang='grc' dir='ltr'>πρόϐατα</span> <span class='ocrx_word' id='word_1_529' title='bbox 1739 858 1813 884; x_wconf 79' lang='grc' dir='ltr'>σφα-</span> 
     </span>
    </p>
   </div>
   <div class='ocr_carea' id='block_1_75' title="bbox 1026 895 1810 934">
    <p class='ocr_par' dir='ltr' id='par_1_75' title="bbox 1026 895 1810 934">
     <span class='ocr_line' id='line_1_75' title="bbox 1026 895 1810 934; baseline -0.004 -9"><span class='ocrx_word' id='word_1_530' title='bbox 1026 899 1088 934; x_wconf 84' lang='grc' dir='ltr'>γῆς.</span> <span class='ocrx_word' id='word_1_531' title='bbox 1103 907 1113 924; x_wconf 79' lang='grc'>›</span> <span class='ocrx_word' id='word_1_532' title='bbox 1137 898 1201 933; x_wconf 77' lang='grc' dir='ltr'>περὶ</span> <span class='ocrx_word' id='word_1_533' title='bbox 1220 897 1275 924; x_wconf 86' lang='grc' dir='ltr'><strong>τῶν</strong></span> <span class='ocrx_word' id='word_1_534' title='bbox 1293 897 1382 925; x_wconf 81' lang='grc' dir='ltr'>αὐτῶν</span> <span class='ocrx_word' id='word_1_535' title='bbox 1403 897 1557 933; x_wconf 73' lang='grc' dir='ltr'>εἰρημένον.</span> <span class='ocrx_word' id='word_1_536' title='bbox 1579 896 1706 923; x_wconf 85' lang='grc' dir='ltr'>Βούλεται</span> <span class='ocrx_word' id='word_1_537' title='bbox 1725 895 1753 922; x_wconf 66' lang='grc' dir='ltr'>δὲ</span> <span class='ocrx_word' id='word_1_538' title='bbox 1769 896 1810 922; x_wconf 82' lang='grc' dir='ltr'>εί-</span> 
     </span>
    </p>
   </div>
   <div class='ocr_carea' id='block_1_76' title="bbox 1026 942 1814 980">
    <p class='ocr_par' dir='ltr' id='par_1_76' title="bbox 1026 942 1814 980">
     <span class='ocr_line' id='line_1_76' title="bbox 1026 942 1814 980; baseline -0.005 -8"><span class='ocrx_word' id='word_1_539' title='bbox 1026 946 1096 977; x_wconf 76' lang='grc' dir='ltr'>πετν,</span> <span class='ocrx_word' id='word_1_540' title='bbox 1111 944 1152 972; x_wconf 83' lang='grc' dir='ltr'>ὅτι</span> <span class='ocrx_word' id='word_1_541' title='bbox 1166 944 1301 980; x_wconf 78' lang='grc' dir='ltr'><strong>οὐδεμιᾶς</strong></span> <span class='ocrx_word' id='word_1_542' title='bbox 1320 944 1516 979; x_wconf 82' lang='grc' dir='ltr'>ἀξιωθήοονται</span> <span class='ocrx_word' id='word_1_543' title='bbox 1536 942 1704 978; x_wconf 67' lang='grc' dir='ltr'>ἐπιμελείας,</span> <span class='ocrx_word' id='word_1_544' title='bbox 1720 942 1814 968; x_wconf 66' lang='grc' dir='ltr'>πάντας</span> 
     </span>
    </p>
   </div>
   <div class='ocr_carea' id='block_1_77' title="bbox 1025 987 1810 1024">
    <p class='ocr_par' dir='ltr' id='par_1_77' title="bbox 1025 987 1810 1024">
     <span class='ocr_line' id='line_1_77' title="bbox 1025 987 1810 1024; baseline -0.004 -7"><span class='ocrx_word' id='word_1_545' title='bbox 1025 990 1054 1017; x_wconf 76' lang='grc' dir='ltr'>δὲ</span> <span class='ocrx_word' id='word_1_546' title='bbox 1070 990 1207 1017; x_wconf 86' lang='grc' dir='ltr'>πείσονται</span> <span class='ocrx_word' id='word_1_547' title='bbox 1218 990 1257 1022; x_wconf 86' lang='grc' dir='ltr'>ὼς</span> <span class='ocrx_word' id='word_1_548' title='bbox 1266 991 1306 1022; x_wconf 90' lang='grc' dir='ltr'><strong>είς</strong></span> <span class='ocrx_word' id='word_1_549' title='bbox 1318 990 1348 1016; x_wconf 76' lang='grc' dir='ltr'>τὸ</span> <span class='ocrx_word' id='word_1_550' title='bbox 1364 989 1528 1024; x_wconf 75' lang='grc' dir='ltr'><strong>σφάττεσθαι</strong></span> <span class='ocrx_word' id='word_1_551' title='bbox 1539 988 1618 1023; x_wconf 81' lang='grc' dir='ltr'>μόνον</span> <span class='ocrx_word' id='word_1_552' title='bbox 1631 987 1810 1022; x_wconf 82' lang='grc' dir='ltr'>ὲκδεδομένοι.</span> 
     </span>
    </p>
   </div>
   <div class='ocr_carea' id='block_1_78' title="bbox 1025 1033 1815 1072">
    <p class='ocr_par' dir='ltr' id='par_1_78' title="bbox 1025 1033 1815 1072">
     <span class='ocr_line' id='line_1_78' title="bbox 1025 1033 1815 1072; baseline -0.006 -8"><span class='ocrx_word' id='word_1_553' title='bbox 1025 1038 1081 1064; x_wconf 84' lang='grc' dir='ltr'>Καὶ</span> <span class='ocrx_word' id='word_1_554' title='bbox 1094 1037 1140 1064; x_wconf 86' lang='grc' dir='ltr'><strong>τδν</strong></span> <span class='ocrx_word' id='word_1_555' title='bbox 1155 1037 1254 1072; x_wconf 80' lang='grc' dir='ltr'>τρόπον</span> <span class='ocrx_word' id='word_1_556' title='bbox 1266 1036 1354 1071; x_wconf 86' lang='grc' dir='ltr'>λέγων</span> <span class='ocrx_word' id='word_1_557' title='bbox 1362 1044 1370 1051; x_wconf 90' lang='grc'><strong>·</strong></span> <span class='ocrx_word' id='word_1_558' title='bbox 1393 1045 1403 1062; x_wconf 74' lang='grc' dir='ltr'><strong>ι</strong></span> <span class='ocrx_word' id='word_1_559' title='bbox 1411 1036 1445 1062; x_wconf 84' lang='lat' dir='ltr'><strong>&quot;A</strong></span> <span class='ocrx_word' id='word_1_560' title='bbox 1457 1035 1482 1062; x_wconf 85' lang='grc' dir='ltr'><strong>οί</strong></span> <span class='ocrx_word' id='word_1_561' title='bbox 1499 1034 1663 1069; x_wconf 74' lang='grc' dir='ltr'><strong>κτησάμενοι</strong></span> <span class='ocrx_word' id='word_1_562' title='bbox 1675 1033 1815 1066; x_wconf 82' lang='grc' dir='ltr'>κατέσφα-</span> 
     </span>
    </p>
   </div>
   <div class='ocr_carea' id='block_1_79' title="bbox 1026 1079 1811 1118">
    <p class='ocr_par' dir='ltr' id='par_1_79' title="bbox 1026 1079 1811 1118">
     <span class='ocr_line' id='line_1_79' title="bbox 1026 1079 1811 1118; baseline -0.006 -8"><span class='ocrx_word' id='word_1_563' title='bbox 1026 1083 1082 1116; x_wconf 81' lang='grc' dir='ltr'><strong>ζον,</strong></span> <span class='ocrx_word' id='word_1_564' title='bbox 1099 1083 1147 1110; x_wconf 74' lang='grc' dir='ltr'>καὶ</span> <span class='ocrx_word' id='word_1_565' title='bbox 1161 1084 1191 1109; x_wconf 89' lang='grc' dir='ltr'><strong>οὐ</strong></span> <span class='ocrx_word' id='word_1_566' title='bbox 1214 1082 1401 1118; x_wconf 82' lang='grc' dir='ltr'><strong>μετεμέλοντο.</strong></span> <span class='ocrx_word' id='word_1_567' title='bbox 1421 1091 1430 1108; x_wconf 74' lang='grc' dir='ltr'><strong>ι</strong></span> <span class='ocrx_word' id='word_1_568' title='bbox 1457 1081 1489 1107; x_wconf 83' lang='lat' dir='ltr'><strong>Ol</strong></span> <span class='ocrx_word' id='word_1_569' title='bbox 1507 1080 1557 1116; x_wconf 82' lang='grc' dir='ltr'>μὲν</span> <span class='ocrx_word' id='word_1_570' title='bbox 1578 1079 1633 1115; x_wconf 83' lang='grc' dir='ltr'><strong>γὰρ</strong></span> <span class='ocrx_word' id='word_1_571' title='bbox 1648 1079 1811 1115; x_wconf 80' lang='grc' dir='ltr'>κρατοῦντες</span> 
     </span>
    </p>
   </div>
   <div class='ocr_carea' id='block_1_80' title="bbox 1027 1125 1809 1164">
    <p class='ocr_par' dir='ltr' id='par_1_80' title="bbox 1027 1125 1809 1164">
     <span class='ocr_line' id='line_1_80' title="bbox 1027 1125 1809 1164; baseline -0.006 -8"><span class='ocrx_word' id='word_1_572' title='bbox 1027 1129 1117 1156; x_wconf 81' lang='grc' dir='ltr'>αὐτῶν</span> <span class='ocrx_word' id='word_1_573' title='bbox 1129 1129 1247 1164; x_wconf 77' lang='grc' dir='ltr'>βασιλεῖς</span> <span class='ocrx_word' id='word_1_574' title='bbox 1260 1129 1309 1164; x_wconf 88' lang='grc' dir='ltr'><strong>οὐχ</strong></span> <span class='ocrx_word' id='word_1_575' title='bbox 1321 1128 1359 1160; x_wconf 84' lang='grc' dir='ltr'><strong>ὡς</strong></span> <span class='ocrx_word' id='word_1_576' title='bbox 1374 1128 1447 1155; x_wconf 77' lang='grc' dir='ltr'>ἰδίων</span> <span class='ocrx_word' id='word_1_577' title='bbox 1460 1126 1640 1162; x_wconf 77' lang='grc' dir='ltr'>ἐπεμελοῦντο</span> <span class='ocrx_word' id='word_1_578' title='bbox 1652 1125 1809 1161; x_wconf 83' lang='grc' dir='ltr'>κτημάτων.</span> 
     </span>
    </p>
   </div>
   <div class='ocr_carea' id='block_1_81' title="bbox 1026 1171 1814 1210">
    <p class='ocr_par' dir='ltr' id='par_1_81' title="bbox 1026 1171 1814 1210">
     <span class='ocr_line' id='line_1_81' title="bbox 1026 1171 1814 1210; baseline -0.006 -8"><span class='ocrx_word' id='word_1_579' title='bbox 1026 1175 1064 1207; x_wconf 81' lang='grc' dir='ltr'><strong>ὡς</strong></span> <span class='ocrx_word' id='word_1_580' title='bbox 1079 1176 1107 1202; x_wconf 81' lang='grc' dir='ltr'>δὲ</span> <span class='ocrx_word' id='word_1_581' title='bbox 1123 1174 1270 1210; x_wconf 85' lang='grc' dir='ltr'>πολεμίους</span> <span class='ocrx_word' id='word_1_582' title='bbox 1283 1173 1399 1210; x_wconf 80' lang='grc' dir='ltr'><strong>ἀνῄρουν</strong></span> <span class='ocrx_word' id='word_1_583' title='bbox 1419 1173 1539 1208; x_wconf 80' lang='grc' dir='ltr'>ἀνηλεῶς</span> <span class='ocrx_word' id='word_1_584' title='bbox 1551 1182 1557 1188; x_wconf 94' lang='grc'><strong>·</strong></span> <span class='ocrx_word' id='word_1_585' title='bbox 1574 1171 1654 1199; x_wconf 80' lang='grc' dir='ltr'>τοῦτο</span> <span class='ocrx_word' id='word_1_586' title='bbox 1667 1171 1722 1207; x_wconf 78' lang='grc' dir='ltr'><strong>γὰρ</strong></span> <span class='ocrx_word' id='word_1_587' title='bbox 1737 1171 1814 1206; x_wconf 85' lang='grc' dir='ltr'><strong>δηλοί</strong></span> 
     </span>
    </p>
   </div>
   <div class='ocr_carea' id='block_1_82' title="bbox 1027 1217 1810 1256">
    <p class='ocr_par' dir='ltr' id='par_1_82' title="bbox 1027 1217 1810 1256">
     <span class='ocr_line' id='line_1_82' title="bbox 1027 1217 1810 1256; baseline -0.008 -7"><span class='ocrx_word' id='word_1_588' title='bbox 1027 1222 1067 1253; x_wconf 81' lang='grc' dir='ltr'>τὸ,</span> <span class='ocrx_word' id='word_1_589' title='bbox 1081 1223 1116 1250; x_wconf 83' lang='grc' dir='ltr'><strong>οὐ</strong></span> <span class='ocrx_word' id='word_1_590' title='bbox 1127 1222 1336 1256; x_wconf 77' lang='grc' dir='ltr'>μετεμέλοντο.</span> <span class='ocrx_word' id='word_1_591' title='bbox 1346 1231 1355 1246; x_wconf 75' lang='grc' dir='ltr'><strong>ι</strong></span> <span class='ocrx_word' id='word_1_592' title='bbox 1366 1221 1420 1248; x_wconf 77' lang='lat' dir='ltr'><strong>Kal.</strong></span> <span class='ocrx_word' id='word_1_593' title='bbox 1432 1221 1456 1246; x_wconf 84' lang='grc' dir='ltr'>οἱ</span> <span class='ocrx_word' id='word_1_594' title='bbox 1469 1219 1621 1251; x_wconf 79' lang='grc' dir='ltr'>πωλοῦντες</span> <span class='ocrx_word' id='word_1_595' title='bbox 1631 1217 1700 1245; x_wconf 82' lang='grc' dir='ltr'>αὐτὰ</span> <span class='ocrx_word' id='word_1_596' title='bbox 1709 1217 1810 1251; x_wconf 72' lang='grc' dir='ltr'>ἔλεγον,</span> 
     </span>
    </p>
   </div>
   <div class='ocr_carea' id='block_1_83' title="bbox 1026 1263 1812 1303">
    <p class='ocr_par' dir='ltr' id='par_1_83' title="bbox 1026 1263 1812 1303">
     <span class='ocr_line' id='line_1_83' title="bbox 1026 1263 1812 1303; baseline -0.009 -7"><span class='ocrx_word' id='word_1_597' title='bbox 1026 1269 1178 1303; x_wconf 77' lang='grc' dir='ltr'>Εὐλογητὸς</span> <span class='ocrx_word' id='word_1_598' title='bbox 1194 1267 1305 1302; x_wconf 81' lang='grc' dir='ltr'>Κύριος,</span> <span class='ocrx_word' id='word_1_599' title='bbox 1322 1267 1368 1293; x_wconf 76' lang='grc' dir='ltr'>καὶ</span> <span class='ocrx_word' id='word_1_600' title='bbox 1382 1266 1618 1301; x_wconf 81' lang='grc' dir='ltr'>πεπλουτήκαμεν.</span> <span class='ocrx_word' id='word_1_601' title='bbox 1631 1273 1640 1290; x_wconf 76' lang='grc' dir='ltr'><strong>ι</strong></span> <span class='ocrx_word' id='word_1_602' title='bbox 1657 1264 1689 1290; x_wconf 87' lang='grc' dir='ltr'><strong>Οί</strong></span> <span class='ocrx_word' id='word_1_603' title='bbox 1704 1263 1732 1290; x_wconf 69' lang='grc' dir='ltr'>δὲ</span> <span class='ocrx_word' id='word_1_604' title='bbox 1744 1263 1812 1289; x_wconf 79' lang='grc' dir='ltr'>ἀπο-</span> 
     </span>
    </p>
   </div>
   <div class='ocr_carea' id='block_1_84' title="bbox 1026 1308 1811 1350">
    <p class='ocr_par' dir='ltr' id='par_1_84' title="bbox 1026 1308 1811 1350">
     <span class='ocr_line' id='line_1_84' title="bbox 1026 1308 1811 1350; baseline -0.009 -8"><span class='ocrx_word' id='word_1_605' title='bbox 1026 1315 1158 1350; x_wconf 78' lang='grc' dir='ltr'><strong>διδόμενοι</strong></span> <span class='ocrx_word' id='word_1_606' title='bbox 1172 1315 1228 1345; x_wconf 85' lang='grc' dir='ltr'>τοῖς</span> <span class='ocrx_word' id='word_1_607' title='bbox 1243 1312 1379 1349; x_wconf 81' lang='grc' dir='ltr'>βασιλεῦσι</span> <span class='ocrx_word' id='word_1_608' title='bbox 1391 1313 1421 1339; x_wconf 83' lang='grc' dir='ltr'><strong>τὺ</strong></span> <span class='ocrx_word' id='word_1_609' title='bbox 1435 1312 1520 1343; x_wconf 75' lang='grc' dir='ltr'>ἔθνος,</span> <span class='ocrx_word' id='word_1_610' title='bbox 1538 1311 1584 1338; x_wconf 76' lang='grc' dir='ltr'>καὶ</span> <span class='ocrx_word' id='word_1_611' title='bbox 1598 1310 1697 1345; x_wconf 85' lang='grc' dir='ltr'>πόρους</span> <span class='ocrx_word' id='word_1_612' title='bbox 1707 1310 1738 1336; x_wconf 82' lang='grc' dir='ltr'>ὲκ</span> <span class='ocrx_word' id='word_1_613' title='bbox 1749 1308 1811 1335; x_wconf 87' lang='grc' dir='ltr'>τού-</span> 
     </span>
    </p>
   </div>
   <div class='ocr_carea' id='block_1_85' title="bbox 1026 1354 1812 1393">
    <p class='ocr_par' dir='ltr' id='par_1_85' title="bbox 1026 1354 1812 1393">
     <span class='ocr_line' id='line_1_85' title="bbox 1026 1354 1812 1393; baseline -0.008 -6"><span class='ocrx_word' id='word_1_614' title='bbox 1026 1369 1072 1387; x_wconf 93' lang='grc' dir='ltr'><strong>του</strong></span> <span class='ocrx_word' id='word_1_615' title='bbox 1091 1359 1262 1393; x_wconf 77' lang='grc' dir='ltr'>συλλέγοντες</span> <span class='ocrx_word' id='word_1_616' title='bbox 1273 1378 1280 1390; x_wconf 89' lang='grc'><em>,</em></span> <span class='ocrx_word' id='word_1_617' title='bbox 1302 1357 1427 1384; x_wconf 76' lang='grc' dir='ltr'>τοσοῦτον</span> <span class='ocrx_word' id='word_1_618' title='bbox 1451 1357 1562 1390; x_wconf 80' lang='grc' dir='ltr'>ἀπεῖχον</span> <span class='ocrx_word' id='word_1_619' title='bbox 1578 1355 1624 1382; x_wconf 84' lang='grc' dir='ltr'><strong>τοῦ</strong></span> <span class='ocrx_word' id='word_1_620' title='bbox 1637 1354 1812 1390; x_wconf 68' lang='grc' dir='ltr'>αἰσχύνεσθαι</span> 
     </span>
    </p>
   </div>
   <div class='ocr_carea' id='block_1_86' title="bbox 1028 1400 1813 1440">
    <p class='ocr_par' dir='ltr' id='par_1_86' title="bbox 1028 1400 1813 1440">
     <span class='ocr_line' id='line_1_86' title="bbox 1028 1400 1813 1440; baseline -0.009 -8"><span class='ocrx_word' id='word_1_621' title='bbox 1028 1406 1074 1433; x_wconf 73' lang='grc' dir='ltr'><strong>ἐπὶ</strong></span> <span class='ocrx_word' id='word_1_622' title='bbox 1090 1407 1123 1440; x_wconf 85' lang='grc' dir='ltr'><strong>τῇ</strong></span> <span class='ocrx_word' id='word_1_623' title='bbox 1141 1403 1259 1440; x_wconf 79' lang='grc' dir='ltr'>τοσαύτῃ</span> <span class='ocrx_word' id='word_1_624' title='bbox 1279 1402 1428 1437; x_wconf 72' lang='grc' dir='ltr'>πλεονεξίᾳ,</span> <span class='ocrx_word' id='word_1_625' title='bbox 1451 1402 1488 1436; x_wconf 78' lang='lat' dir='ltr'><strong>(p.</strong></span> <span class='ocrx_word' id='word_1_626' title='bbox 1503 1401 1566 1434; x_wconf 82' lang='lat' dir='ltr'><strong>5H)</strong></span> <span class='ocrx_word' id='word_1_627' title='bbox 1583 1400 1653 1426; x_wconf 84' lang='grc' dir='ltr'>ὥστε</span> <span class='ocrx_word' id='word_1_628' title='bbox 1672 1401 1718 1426; x_wconf 77' lang='grc' dir='ltr'><strong>καὶ</strong></span> <span class='ocrx_word' id='word_1_629' title='bbox 1732 1400 1813 1434; x_wconf 83' lang='grc' dir='ltr'>εὐχα-</span> 
     </span>
    </p>
   </div>
   <div class='ocr_carea' id='block_1_87' title="bbox 1030 1445 1813 1487">
    <p class='ocr_par' dir='ltr' id='par_1_87' title="bbox 1030 1445 1813 1487">
     <span class='ocr_line' id='line_1_87' title="bbox 1030 1445 1813 1487; baseline -0.009 -10"><span class='ocrx_word' id='word_1_630' title='bbox 1030 1451 1134 1487; x_wconf 89' lang='grc' dir='ltr'>ριστίας</span> <span class='ocrx_word' id='word_1_631' title='bbox 1148 1449 1221 1483; x_wconf 72' lang='grc' dir='ltr'>ἄξιον</span> <span class='ocrx_word' id='word_1_632' title='bbox 1234 1448 1360 1484; x_wconf 80' lang='grc' dir='ltr'>ἡγεῖσθαι</span> <span class='ocrx_word' id='word_1_633' title='bbox 1377 1447 1425 1482; x_wconf 83' lang='grc' dir='ltr'><strong>τὴν</strong></span> <span class='ocrx_word' id='word_1_634' title='bbox 1439 1446 1564 1481; x_wconf 79' lang='grc' dir='ltr'>τοιαύτην</span> <span class='ocrx_word' id='word_1_635' title='bbox 1577 1445 1715 1480; x_wconf 75' lang='grc' dir='ltr'>εὐπορίαν.</span> <span class='ocrx_word' id='word_1_636' title='bbox 1737 1455 1745 1470; x_wconf 87' lang='lat' dir='ltr'><strong>I</strong></span> <span class='ocrx_word' id='word_1_637' title='bbox 1758 1445 1813 1471; x_wconf 70' lang='grc' dir='ltr'><strong>Καὶ</strong></span> 
     </span>
    </p>
   </div>
   <div class='ocr_carea' id='block_1_88' title="bbox 1027 1490 1809 1531">
    <p class='ocr_par' dir='ltr' id='par_1_88' title="bbox 1027 1490 1809 1531">
     <span class='ocr_line' id='line_1_88' title="bbox 1027 1490 1809 1531; baseline -0.008 -9"><span class='ocrx_word' id='word_1_638' title='bbox 1027 1497 1050 1523; x_wconf 84' lang='grc' dir='ltr'><strong>οἱ</strong></span> <span class='ocrx_word' id='word_1_639' title='bbox 1067 1497 1194 1531; x_wconf 78' lang='grc' dir='ltr'>ποιμένες</span> <span class='ocrx_word' id='word_1_640' title='bbox 1212 1494 1301 1521; x_wconf 80' lang='grc' dir='ltr'>αὐτῶν</span> <span class='ocrx_word' id='word_1_641' title='bbox 1316 1494 1366 1520; x_wconf 85' lang='grc' dir='ltr'>οὐκ</span> <span class='ocrx_word' id='word_1_642' title='bbox 1388 1493 1505 1528; x_wconf 74' lang='grc' dir='ltr'>ἔπασχον</span> <span class='ocrx_word' id='word_1_643' title='bbox 1519 1492 1594 1518; x_wconf 83' lang='grc' dir='ltr'>οὐδὲν</span> <span class='ocrx_word' id='word_1_644' title='bbox 1617 1492 1660 1517; x_wconf 78' lang='grc' dir='ltr'><strong>ἐπ’</strong></span> <span class='ocrx_word' id='word_1_645' title='bbox 1683 1490 1784 1522; x_wconf 81' lang='grc' dir='ltr'>αὐτοῖς.</span> <span class='ocrx_word' id='word_1_646' title='bbox 1799 1500 1809 1516; x_wconf 74' lang='grc' dir='ltr'><strong>ι</strong></span> 
     </span>
    </p>
   </div>
   <div class='ocr_carea' id='block_1_89' title="bbox 989 1535 1812 1574">
    <p class='ocr_par' dir='ltr' id='par_1_89' title="bbox 989 1535 1812 1574">
     <span class='ocr_line' id='line_1_89' title="bbox 989 1535 1812 1574; baseline -0.007 -6"><span class='ocrx_word' id='word_1_647' title='bbox 989 1545 1010 1574; x_wconf 84' lang='lat' dir='ltr'>c</span> <span class='ocrx_word' id='word_1_648' title='bbox 1033 1541 1221 1568; x_wconf 83' lang='grc' dir='ltr'>Ἐπιστεύοντο</span> <span class='ocrx_word' id='word_1_649' title='bbox 1241 1540 1269 1566; x_wconf 77' lang='grc' dir='ltr'>δὲ</span> <span class='ocrx_word' id='word_1_650' title='bbox 1293 1539 1382 1565; x_wconf 83' lang='grc' dir='ltr'>αὐτῶν</span> <span class='ocrx_word' id='word_1_651' title='bbox 1398 1538 1445 1565; x_wconf 76' lang='grc' dir='ltr'>καὶ</span> <span class='ocrx_word' id='word_1_652' title='bbox 1464 1537 1514 1573; x_wconf 85' lang='grc' dir='ltr'>τὴν</span> <span class='ocrx_word' id='word_1_653' title='bbox 1534 1537 1694 1564; x_wconf 66' lang='grc' dir='ltr'>ἔπιοτασίαν</span> <span class='ocrx_word' id='word_1_654' title='bbox 1717 1535 1812 1571; x_wconf 80' lang='grc' dir='ltr'>ἄνδρες</span> 
     </span>
    </p>
   </div>
   <div class='ocr_carea' id='block_1_90' title="bbox 1029 1583 1634 1615">
    <p class='ocr_par' dir='ltr' id='par_1_90' title="bbox 1029 1583 1634 1615">
     <span class='ocr_line' id='line_1_90' title="bbox 1029 1583 1634 1615; baseline -0.01 0"><span class='ocrx_word' id='word_1_655' title='bbox 1029 1587 1123 1615; x_wconf 78' lang='grc' dir='ltr'><strong>οὐδένα</strong></span> <span class='ocrx_word' id='word_1_656' title='bbox 1141 1587 1214 1614; x_wconf 75' lang='grc' dir='ltr'>ἔλεον</span> <span class='ocrx_word' id='word_1_657' title='bbox 1229 1586 1318 1613; x_wconf 76' lang='grc' dir='ltr'>αὐτῶν</span> <span class='ocrx_word' id='word_1_658' title='bbox 1336 1585 1469 1612; x_wconf 76' lang='grc' dir='ltr'>ποιεῖσθαι</span> <span class='ocrx_word' id='word_1_659' title='bbox 1486 1583 1634 1614; x_wconf 79' lang='grc' dir='ltr'>ἐθέλοντες.</span> 
     </span>
    </p>
   </div>
   <div class='ocr_carea' id='block_1_91' title="bbox 1063 1639 1814 1679">
    <p class='ocr_par' dir='ltr' id='par_1_91' title="bbox 1063 1639 1814 1679">
     <span class='ocr_line' id='line_1_91' title="bbox 1063 1639 1814 1679; baseline -0.008 -8"><span class='ocrx_word' id='word_1_660' title='bbox 1063 1645 1137 1679; x_wconf 83' lang='grc' dir='ltr'>Στίχ.</span> <span class='ocrx_word' id='word_1_661' title='bbox 1155 1647 1191 1676; x_wconf 80' lang='grc' dir='ltr'><strong>ς’.</strong></span> <span class='ocrx_word' id='word_1_662' title='bbox 1217 1658 1251 1664; x_wconf 89' lang='grc'><strong><em>-</em></strong></span> <span class='ocrx_word' id='word_1_663' title='bbox 1277 1653 1286 1668; x_wconf 76' lang='grc' dir='ltr'><strong>ι</strong></span> <span class='ocrx_word' id='word_1_664' title='bbox 1300 1642 1349 1669; x_wconf 82' lang='grc' dir='ltr'>Διά</span> <span class='ocrx_word' id='word_1_665' title='bbox 1363 1642 1442 1669; x_wconf 80' lang='grc' dir='ltr'>τοῦτο</span> <span class='ocrx_word' id='word_1_666' title='bbox 1463 1642 1493 1668; x_wconf 74' lang='grc' dir='ltr'><strong>οὗ</strong></span> <span class='ocrx_word' id='word_1_667' title='bbox 1509 1641 1638 1676; x_wconf 81' lang='grc' dir='ltr'>φείσομαι</span> <span class='ocrx_word' id='word_1_668' title='bbox 1656 1639 1747 1667; x_wconf 79' lang='grc' dir='ltr'>οὐκέτι</span> <span class='ocrx_word' id='word_1_669' title='bbox 1767 1640 1814 1666; x_wconf 65' lang='grc' dir='ltr'><strong>ἐπὶ</strong></span> 
     </span>
    </p>
   </div>
   <div class='ocr_carea' id='block_1_92' title="bbox 1027 1685 1814 1723">
    <p class='ocr_par' dir='ltr' id='par_1_92' title="bbox 1027 1685 1814 1723">
     <span class='ocr_line' id='line_1_92' title="bbox 1027 1685 1814 1723; baseline -0.008 -7"><span class='ocrx_word' id='word_1_670' title='bbox 1027 1689 1090 1721; x_wconf 81' lang='grc' dir='ltr'>τοὺς</span> <span class='ocrx_word' id='word_1_671' title='bbox 1106 1689 1298 1719; x_wconf 82' lang='grc' dir='ltr'>κατοικοῦντας</span> <span class='ocrx_word' id='word_1_672' title='bbox 1316 1688 1366 1723; x_wconf 82' lang='grc' dir='ltr'>τὴν</span> <span class='ocrx_word' id='word_1_673' title='bbox 1389 1687 1459 1721; x_wconf 77' lang='grc' dir='ltr'>γῆν,</span> <span class='ocrx_word' id='word_1_674' title='bbox 1480 1687 1554 1720; x_wconf 84' lang='grc' dir='ltr'>λέγει</span> <span class='ocrx_word' id='word_1_675' title='bbox 1569 1685 1680 1721; x_wconf 77' lang='grc' dir='ltr'>Κύριος.</span> <span class='ocrx_word' id='word_1_676' title='bbox 1695 1694 1704 1710; x_wconf 74' lang='grc' dir='ltr'><strong>ι</strong></span> <span class='ocrx_word' id='word_1_677' title='bbox 1728 1685 1814 1720; x_wconf 84' lang='grc' dir='ltr'>’Υπὲρ</span> 
     </span>
    </p>
   </div>
   <div class='ocr_carea' id='block_1_93' title="bbox 1028 1730 1814 1769">
    <p class='ocr_par' dir='ltr' id='par_1_93' title="bbox 1028 1730 1814 1769">
     <span class='ocr_line' id='line_1_93' title="bbox 1028 1730 1814 1769; baseline -0.008 -7"><span class='ocrx_word' id='word_1_678' title='bbox 1028 1735 1130 1762; x_wconf 84' lang='grc' dir='ltr'>τούτων</span> <span class='ocrx_word' id='word_1_679' title='bbox 1143 1735 1240 1766; x_wconf 77' lang='grc' dir='ltr'>αὐτοὺς</span> <span class='ocrx_word' id='word_1_680' title='bbox 1255 1734 1361 1769; x_wconf 77' lang='grc' dir='ltr'>ἀφήσω,</span> <span class='ocrx_word' id='word_1_681' title='bbox 1380 1733 1514 1768; x_wconf 82' lang='grc' dir='ltr'><strong>μηδεμιᾶς</strong></span> <span class='ocrx_word' id='word_1_682' title='bbox 1527 1731 1609 1764; x_wconf 76' lang='grc' dir='ltr'>ἀξιῶν</span> <span class='ocrx_word' id='word_1_683' title='bbox 1621 1730 1748 1766; x_wconf 84' lang='grc' dir='ltr'>προνοίας</span> <span class='ocrx_word' id='word_1_684' title='bbox 1763 1730 1814 1763; x_wconf 76' lang='grc' dir='ltr'>τῆς</span> 
     </span>
    </p>
   </div>
   <div class='ocr_carea' id='block_1_94' title="bbox 1030 1777 1813 1817">
    <p class='ocr_par' dir='ltr' id='par_1_94' title="bbox 1030 1777 1813 1817">
     <span class='ocr_line' id='line_1_94' title="bbox 1030 1777 1813 1817; baseline -0.008 -8"><span class='ocrx_word' id='word_1_685' title='bbox 1030 1781 1095 1817; x_wconf 85' lang='grc' dir='ltr'>παρ’</span> <span class='ocrx_word' id='word_1_686' title='bbox 1109 1781 1186 1816; x_wconf 78' lang='grc' dir='ltr'>ἐμοῦ.</span> <span class='ocrx_word' id='word_1_687' title='bbox 1202 1780 1271 1808; x_wconf 62' lang='lat' dir='ltr'><strong>«Kal.</strong></span> <span class='ocrx_word' id='word_1_688' title='bbox 1287 1780 1340 1806; x_wconf 78' lang='grc' dir='ltr'>ἰδοὺ</span> <span class='ocrx_word' id='word_1_689' title='bbox 1354 1779 1408 1814; x_wconf 75' lang='grc' dir='ltr'><strong>ἐγὼ</strong></span> <span class='ocrx_word' id='word_1_690' title='bbox 1420 1779 1568 1814; x_wconf 80' lang='grc' dir='ltr'>ἀποδίδωμι</span> <span class='ocrx_word' id='word_1_691' title='bbox 1581 1779 1642 1810; x_wconf 75' lang='grc' dir='ltr'>τοὺς</span> <span class='ocrx_word' id='word_1_692' title='bbox 1655 1777 1813 1813; x_wconf 76' lang='grc' dir='ltr'>ἀνθρώπους</span> 
     </span>
    </p>
   </div>
   <div class='ocr_carea' id='block_1_95' title="bbox 1030 1823 1813 1861">
    <p class='ocr_par' dir='ltr' id='par_1_95' title="bbox 1030 1823 1813 1861">
     <span class='ocr_line' id='line_1_95' title="bbox 1030 1823 1813 1861; baseline -0.008 -7"><span class='ocrx_word' id='word_1_693' title='bbox 1030 1828 1142 1854; x_wconf 75' lang='grc' dir='ltr'>ἕκαστον</span> <span class='ocrx_word' id='word_1_694' title='bbox 1165 1827 1204 1858; x_wconf 75' lang='grc' dir='ltr'><strong>είς</strong></span> <span class='ocrx_word' id='word_1_695' title='bbox 1219 1825 1268 1858; x_wconf 84' lang='grc' dir='ltr'><strong>τὰς</strong></span> <span class='ocrx_word' id='word_1_696' title='bbox 1282 1827 1374 1861; x_wconf 80' lang='grc' dir='ltr'>χεῖρας</span> <span class='ocrx_word' id='word_1_697' title='bbox 1395 1824 1442 1852; x_wconf 83' lang='grc' dir='ltr'><strong>τοῦ</strong></span> <span class='ocrx_word' id='word_1_698' title='bbox 1466 1824 1578 1860; x_wconf 78' lang='grc' dir='ltr'>πλησίον</span> <span class='ocrx_word' id='word_1_699' title='bbox 1603 1823 1696 1855; x_wconf 79' lang='grc' dir='ltr'>αὐτοῦ,</span> <span class='ocrx_word' id='word_1_700' title='bbox 1712 1823 1758 1849; x_wconf 77' lang='grc' dir='ltr'><strong>καὶ</strong></span> <span class='ocrx_word' id='word_1_701' title='bbox 1774 1823 1813 1854; x_wconf 87' lang='grc' dir='ltr'><strong>είς</strong></span> 
     </span>
    </p>
   </div>
   <div class='ocr_carea' id='block_1_96' title="bbox 1030 1867 1814 1909">
    <p class='ocr_par' dir='ltr' id='par_1_96' title="bbox 1030 1867 1814 1909">
     <span class='ocr_line' id='line_1_96' title="bbox 1030 1867 1814 1909; baseline -0.008 -10"><span class='ocrx_word' id='word_1_702' title='bbox 1030 1875 1123 1909; x_wconf 83' lang='grc' dir='ltr'>χεῖρας</span> <span class='ocrx_word' id='word_1_703' title='bbox 1141 1872 1270 1908; x_wconf 85' lang='grc' dir='ltr'>βασιλέως</span> <span class='ocrx_word' id='word_1_704' title='bbox 1286 1871 1366 1898; x_wconf 81' lang='grc' dir='ltr'>αὐτοῦ</span> <span class='ocrx_word' id='word_1_705' title='bbox 1379 1880 1386 1886; x_wconf 88' lang='grc'>·</span> <span class='ocrx_word' id='word_1_706' title='bbox 1412 1870 1458 1897; x_wconf 73' lang='grc' dir='ltr'><strong>καὶ</strong></span> <span class='ocrx_word' id='word_1_707' title='bbox 1481 1869 1680 1904; x_wconf 69' lang='grc' dir='ltr'>κατακόψουσιν</span> <span class='ocrx_word' id='word_1_708' title='bbox 1705 1868 1744 1900; x_wconf 79' lang='grc' dir='ltr'>εἰς</span> <span class='ocrx_word' id='word_1_709' title='bbox 1766 1867 1814 1903; x_wconf 80' lang='grc' dir='ltr'><strong>τὴν</strong></span> 
     </span>
    </p>
   </div>
   <div class='ocr_carea' id='block_1_97' title="bbox 1031 1914 1814 1955">
    <p class='ocr_par' dir='ltr' id='par_1_97' title="bbox 1031 1914 1814 1955">
     <span class='ocr_line' id='line_1_97' title="bbox 1031 1914 1814 1955; baseline -0.009 -9"><span class='ocrx_word' id='word_1_710' title='bbox 1031 1921 1082 1955; x_wconf 81' lang='grc' dir='ltr'>γῆν</span> <span class='ocrx_word' id='word_1_711' title='bbox 1099 1918 1218 1945; x_wconf 84' lang='grc' dir='ltr'>Χαναὰν.</span> <span class='ocrx_word' id='word_1_712' title='bbox 1236 1927 1245 1944; x_wconf 76' lang='grc' dir='ltr'><strong>ι</strong></span> <span class='ocrx_word' id='word_1_713' title='bbox 1272 1916 1476 1951; x_wconf 79' lang='grc' dir='ltr'>Καταλιμπάνω</span> <span class='ocrx_word' id='word_1_714' title='bbox 1496 1915 1523 1942; x_wconf 83' lang='grc' dir='ltr'>δὲ</span> <span class='ocrx_word' id='word_1_715' title='bbox 1548 1915 1645 1946; x_wconf 73' lang='grc' dir='ltr'>αὐτοὺς</span> <span class='ocrx_word' id='word_1_716' title='bbox 1663 1914 1814 1948; x_wconf 83' lang='grc' dir='ltr'>πάσχοντας</span> 
     </span>
    </p>
   </div>
   <div class='ocr_carea' id='block_1_98' title="bbox 1031 1959 1813 2000">
    <p class='ocr_par' dir='ltr' id='par_1_98' title="bbox 1031 1959 1813 2000">
     <span class='ocr_line' id='line_1_98' title="bbox 1031 1959 1813 2000; baseline -0.008 -8"><span class='ocrx_word' id='word_1_717' title='bbox 1031 1966 1064 1993; x_wconf 73' lang='grc' dir='ltr'><strong>τὰ</strong></span> <span class='ocrx_word' id='word_1_718' title='bbox 1079 1966 1214 2000; x_wconf 80' lang='grc' dir='ltr'>ἀνήκεστα</span> <span class='ocrx_word' id='word_1_719' title='bbox 1240 1963 1314 1998; x_wconf 77' lang='grc' dir='ltr'>παρά</span> <span class='ocrx_word' id='word_1_720' title='bbox 1329 1971 1358 1989; x_wconf 91' lang='grc' dir='ltr'><strong>τε</strong></span> <span class='ocrx_word' id='word_1_721' title='bbox 1375 1962 1428 1988; x_wconf 85' lang='grc' dir='ltr'>τῶν</span> <span class='ocrx_word' id='word_1_722' title='bbox 1450 1963 1479 1988; x_wconf 84' lang='grc' dir='ltr'>ὲν</span> <span class='ocrx_word' id='word_1_723' title='bbox 1503 1963 1560 1993; x_wconf 86' lang='grc' dir='ltr'>τοῖς</span> <span class='ocrx_word' id='word_1_724' title='bbox 1580 1961 1690 1991; x_wconf 76' lang='grc' dir='ltr'>οἰκείοις</span> <span class='ocrx_word' id='word_1_725' title='bbox 1708 1959 1813 1995; x_wconf 80' lang='grc' dir='ltr'>μοχθη·</span> 
     </span>
    </p>
   </div>
   <div class='ocr_carea' id='block_1_99' title="bbox 1033 2003 1814 2047">
    <p class='ocr_par' dir='ltr' id='par_1_99' title="bbox 1033 2003 1814 2047">
     <span class='ocr_line' id='line_1_99' title="bbox 1033 2003 1814 2047; baseline -0.012 -10"><span class='ocrx_word' id='word_1_726' title='bbox 1033 2011 1096 2047; x_wconf 82' lang='grc' dir='ltr'><strong>ρῶν,</strong></span> <span class='ocrx_word' id='word_1_727' title='bbox 1115 2010 1162 2036; x_wconf 73' lang='grc' dir='ltr'><strong>καὶ</strong></span> <span class='ocrx_word' id='word_1_728' title='bbox 1184 2009 1258 2044; x_wconf 74' lang='grc' dir='ltr'>παρὰ</span> <span class='ocrx_word' id='word_1_729' title='bbox 1277 2007 1330 2034; x_wconf 79' lang='grc' dir='ltr'>τῶν</span> <span class='ocrx_word' id='word_1_730' title='bbox 1345 2006 1475 2042; x_wconf 76' lang='grc' dir='ltr'>βασιλέων</span> <span class='ocrx_word' id='word_1_731' title='bbox 1492 2004 1738 2040; x_wconf 70' lang='grc' dir='ltr'>ἐπιστρατευόντων</span> <span class='ocrx_word' id='word_1_732' title='bbox 1765 2003 1814 2028; x_wconf 78' lang='grc' dir='ltr'><strong>αὐ-</strong></span> 
     </span>
    </p>
   </div>
   <div class='ocr_carea' id='block_1_100' title="bbox 1031 2048 1819 2090">
    <p class='ocr_par' dir='ltr' id='par_1_100' title="bbox 1031 2048 1819 2090">
     <span class='ocr_line' id='line_1_100' title="bbox 1031 2048 1819 2090; baseline -0.01 -8"><span class='ocrx_word' id='word_1_733' title='bbox 1031 2057 1097 2087; x_wconf 85' lang='grc' dir='ltr'>τοῖς,</span> <span class='ocrx_word' id='word_1_734' title='bbox 1122 2055 1269 2090; x_wconf 79' lang='grc' dir='ltr'>ἐπειδήπερ</span> <span class='ocrx_word' id='word_1_735' title='bbox 1290 2054 1401 2083; x_wconf 68' lang='grc' dir='ltr'>ἑαυτοὺς</span> <span class='ocrx_word' id='word_1_736' title='bbox 1420 2052 1448 2084; x_wconf 81' lang='grc' dir='ltr'><strong>ἐξ</strong></span> <span class='ocrx_word' id='word_1_737' title='bbox 1474 2048 1511 2078; x_wconf 83' lang='grc' dir='ltr'>ὧν</span> <span class='ocrx_word' id='word_1_738' title='bbox 1534 2051 1693 2085; x_wconf 76' lang='grc' dir='ltr'>πράττουσι,</span> <span class='ocrx_word' id='word_1_739' title='bbox 1713 2048 1819 2075; x_wconf 62' lang='grc' dir='ltr'>τούτων</span> 
     </span>
    </p>
   </div>
   <div class='ocr_carea' id='block_1_101' title="bbox 1032 2094 1812 2136">
    <p class='ocr_par' dir='ltr' id='par_1_101' title="bbox 1032 2094 1812 2136">
     <span class='ocr_line' id='line_1_101' title="bbox 1032 2094 1812 2136; baseline -0.012 -7"><span class='ocrx_word' id='word_1_740' title='bbox 1032 2102 1123 2135; x_wconf 76' lang='grc' dir='ltr'>ἀξίους</span> <span class='ocrx_word' id='word_1_741' title='bbox 1139 2101 1299 2136; x_wconf 77' lang='grc' dir='ltr'>ἐργάζονται</span> <span class='ocrx_word' id='word_1_742' title='bbox 1317 2108 1323 2116; x_wconf 94' lang='grc'><strong>·</strong></span> <span class='ocrx_word' id='word_1_743' title='bbox 1348 2099 1419 2126; x_wconf 74' lang='grc' dir='ltr'>οὕτω</span> <span class='ocrx_word' id='word_1_744' title='bbox 1439 2107 1468 2124; x_wconf 88' lang='grc' dir='ltr'><strong>τε</strong></span> <span class='ocrx_word' id='word_1_745' title='bbox 1491 2098 1588 2128; x_wconf 84' lang='grc' dir='ltr'>πάντες</span> <span class='ocrx_word' id='word_1_746' title='bbox 1609 2096 1657 2132; x_wconf 84' lang='grc' dir='ltr'><strong>μὲν</strong></span> <span class='ocrx_word' id='word_1_747' title='bbox 1672 2094 1812 2130; x_wconf 86' lang='grc' dir='ltr'>ἀναιρεθή-</span> 
     </span>
    </p>
   </div>
   <div class='ocr_carea' id='block_1_102' title="bbox 1033 2140 1817 2183">
    <p class='ocr_par' dir='ltr' id='par_1_102' title="bbox 1033 2140 1817 2183">
     <span class='ocr_line' id='line_1_102' title="bbox 1033 2140 1817 2183; baseline -0.011 -8"><span class='ocrx_word' id='word_1_748' title='bbox 1033 2157 1124 2175; x_wconf 88' lang='grc' dir='ltr'>σονται</span> <span class='ocrx_word' id='word_1_749' title='bbox 1141 2145 1238 2183; x_wconf 81' lang='grc' dir='ltr'>μικροῦ</span> <span class='ocrx_word' id='word_1_750' title='bbox 1253 2147 1277 2172; x_wconf 84' lang='grc' dir='ltr'><strong>οι</strong></span> <span class='ocrx_word' id='word_1_751' title='bbox 1292 2145 1340 2181; x_wconf 86' lang='grc' dir='ltr'>τὴν</span> <span class='ocrx_word' id='word_1_752' title='bbox 1363 2144 1490 2171; x_wconf 84' lang='grc' dir='ltr'>Ἰουδαίαν</span> <span class='ocrx_word' id='word_1_753' title='bbox 1505 2142 1641 2174; x_wconf 78' lang='grc' dir='ltr'>οἰκοῦντες</span> <span class='ocrx_word' id='word_1_754' title='bbox 1651 2149 1657 2156; x_wconf 76' lang='grc'><strong><em>⁸</em></strong></span> <span class='ocrx_word' id='word_1_755' title='bbox 1674 2142 1752 2168; x_wconf 86' lang='grc' dir='ltr'>τοῦτο</span> <span class='ocrx_word' id='word_1_756' title='bbox 1762 2140 1817 2175; x_wconf 85' lang='grc' dir='ltr'><strong>γὰρ</strong></span> 
     </span>
    </p>
   </div>
   <div class='ocr_carea' id='block_1_103' title="bbox 1031 2185 1818 2225">
    <p class='ocr_par' dir='ltr' id='par_1_103' title="bbox 1031 2185 1818 2225">
     <span class='ocr_line' id='line_1_103' title="bbox 1031 2185 1818 2225; baseline -0.008 -8"><span class='ocrx_word' id='word_1_757' title='bbox 1031 2191 1115 2225; x_wconf 70' lang='grc' dir='ltr'>λέγει,</span> <span class='ocrx_word' id='word_1_758' title='bbox 1128 2189 1334 2224; x_wconf 69' lang='grc' dir='ltr'>«Κατακόψουσι</span> <span class='ocrx_word' id='word_1_759' title='bbox 1346 2188 1395 2223; x_wconf 83' lang='grc' dir='ltr'>τὴν</span> <span class='ocrx_word' id='word_1_760' title='bbox 1407 2188 1468 2222; x_wconf 80' lang='grc' dir='ltr'>γῆν,</span> <span class='ocrx_word' id='word_1_761' title='bbox 1481 2197 1489 2213; x_wconf 77' lang='grc'><strong>1</strong></span> <span class='ocrx_word' id='word_1_762' title='bbox 1506 2187 1632 2221; x_wconf 77' lang='grc' dir='ltr'>οὐδεμιᾶς</span> <span class='ocrx_word' id='word_1_763' title='bbox 1645 2186 1736 2217; x_wconf 81' lang='grc' dir='ltr'>αὐτοῖς</span> <span class='ocrx_word' id='word_1_764' title='bbox 1750 2185 1818 2220; x_wconf 88' lang='grc' dir='ltr'>παρ“</span> 
     </span>
    </p>
   </div>
   <div class='ocr_carea' id='block_1_104' title="bbox 996 2222 1816 2270">
    <p class='ocr_par' dir='ltr' id='par_1_104' title="bbox 996 2222 1816 2270">
     <span class='ocr_line' id='line_1_104' title="bbox 996 2222 1816 2270; baseline -0.009 -7"><span class='ocrx_word' id='word_1_765' title='bbox 996 2222 1019 2248; x_wconf 69' lang='lat' dir='ltr'><strong>D</strong></span> <span class='ocrx_word' id='word_1_766' title='bbox 1033 2222 1100 2270; x_wconf 68' lang='grc' dir='ltr'>ἐμοῦ</span> <span class='ocrx_word' id='word_1_767' title='bbox 1115 2235 1238 2270; x_wconf 79' lang='grc' dir='ltr'>βοηθείας</span> <span class='ocrx_word' id='word_1_768' title='bbox 1257 2222 1446 2269; x_wconf 78' lang='grc' dir='ltr'>παρεχομένης</span> <span class='ocrx_word' id='word_1_769' title='bbox 1463 2234 1502 2263; x_wconf 80' lang='grc' dir='ltr'>εἰς</span> <span class='ocrx_word' id='word_1_770' title='bbox 1516 2232 1546 2259; x_wconf 73' lang='grc' dir='ltr'>τὸ</span> <span class='ocrx_word' id='word_1_771' title='bbox 1562 2233 1610 2267; x_wconf 81' lang='grc' dir='ltr'>τῆς</span> <span class='ocrx_word' id='word_1_772' title='bbox 1623 2231 1676 2258; x_wconf 85' lang='grc' dir='ltr'>τῶν</span> <span class='ocrx_word' id='word_1_773' title='bbox 1689 2231 1816 2257; x_wconf 79' lang='grc' dir='ltr'>ἐναντίων</span> 
     </span>
    </p>
   </div>
   <div class='ocr_carea' id='block_1_105' title="bbox 1033 2276 1817 2317">
    <p class='ocr_par' dir='ltr' id='par_1_105' title="bbox 1033 2276 1817 2317">
     <span class='ocr_line' id='line_1_105' title="bbox 1033 2276 1817 2317; baseline -0.009 -9"><span class='ocrx_word' id='word_1_774' title='bbox 1033 2281 1208 2317; x_wconf 77' lang='grc' dir='ltr'>ἐπικρατείας</span> <span class='ocrx_word' id='word_1_775' title='bbox 1231 2279 1437 2313; x_wconf 83' lang='grc' dir='ltr'>ἀπαλλαγῆναι·</span> <span class='ocrx_word' id='word_1_776' title='bbox 1466 2278 1522 2310; x_wconf 80' lang='grc' dir='ltr'><strong>ἄξω</strong></span> <span class='ocrx_word' id='word_1_777' title='bbox 1543 2278 1571 2304; x_wconf 71' lang='grc' dir='ltr'>δὲ</span> <span class='ocrx_word' id='word_1_778' title='bbox 1594 2277 1656 2308; x_wconf 81' lang='grc' dir='ltr'>τοὺς</span> <span class='ocrx_word' id='word_1_779' title='bbox 1679 2277 1744 2312; x_wconf 75' lang='grc' dir='ltr'>πρὸς</span> <span class='ocrx_word' id='word_1_780' title='bbox 1766 2276 1817 2310; x_wconf 81' lang='grc' dir='ltr'><strong>τὴν</strong></span> 
     </span>
    </p>
   </div>
   <div class='ocr_carea' id='block_1_106' title="bbox 1034 2321 1818 2362">
    <p class='ocr_par' dir='ltr' id='par_1_106' title="bbox 1034 2321 1818 2362">
     <span class='ocr_line' id='line_1_106' title="bbox 1034 2321 1818 2362; baseline -0.009 -8"><span class='ocrx_word' id='word_1_781' title='bbox 1034 2327 1141 2362; x_wconf 79' lang='grc' dir='ltr'>σφαγὴν</span> <span class='ocrx_word' id='word_1_782' title='bbox 1157 2327 1189 2353; x_wconf 80' lang='grc' dir='ltr'>ὲκ</span> <span class='ocrx_word' id='word_1_783' title='bbox 1203 2326 1255 2352; x_wconf 83' lang='grc' dir='ltr'><strong>τῶν</strong></span> <span class='ocrx_word' id='word_1_784' title='bbox 1269 2325 1376 2352; x_wconf 73' lang='grc' dir='ltr'>οἰκείων</span> <span class='ocrx_word' id='word_1_785' title='bbox 1393 2324 1480 2360; x_wconf 76' lang='grc' dir='ltr'>ἔργων</span> <span class='ocrx_word' id='word_1_786' title='bbox 1496 2323 1679 2358; x_wconf 78' lang='grc' dir='ltr'>ἐκκειμένους,</span> <span class='ocrx_word' id='word_1_787' title='bbox 1695 2322 1732 2353; x_wconf 85' lang='grc' dir='ltr'>ὼς</span> <span class='ocrx_word' id='word_1_788' title='bbox 1745 2321 1818 2352; x_wconf 77' lang='grc' dir='ltr'>εικὺς</span> 
     </span>
    </p>
   </div>
   <div class='ocr_carea' id='block_1_107' title="bbox 1033 2367 1815 2408">
    <p class='ocr_par' dir='ltr' id='par_1_107' title="bbox 1033 2367 1815 2408">
     <span class='ocr_line' id='line_1_107' title="bbox 1033 2367 1815 2408; baseline -0.01 -8"><span class='ocrx_word' id='word_1_789' title='bbox 1033 2372 1147 2408; x_wconf 77' lang='grc' dir='ltr'>ἄγεσθαι</span> <span class='ocrx_word' id='word_1_790' title='bbox 1161 2373 1224 2404; x_wconf 76' lang='grc' dir='ltr'>τοὺς</span> <span class='ocrx_word' id='word_1_791' title='bbox 1241 2371 1376 2402; x_wconf 80' lang='grc' dir='ltr'>τοιούτους</span> <span class='ocrx_word' id='word_1_792' title='bbox 1401 2371 1443 2395; x_wconf 81' lang='grc' dir='ltr'><strong>ἐπ’</strong></span> <span class='ocrx_word' id='word_1_793' title='bbox 1467 2369 1543 2403; x_wconf 65' lang='grc' dir='ltr'>ὕψεσι</span> <span class='ocrx_word' id='word_1_794' title='bbox 1566 2369 1619 2394; x_wconf 85' lang='grc' dir='ltr'><strong>τῶν</strong></span> <span class='ocrx_word' id='word_1_795' title='bbox 1637 2367 1795 2394; x_wconf 88' lang='grc' dir='ltr'>Χαναναίων</span> <span class='ocrx_word' id='word_1_796' title='bbox 1808 2375 1815 2382; x_wconf 93' lang='grc'><strong>·</strong></span> 
     </span>
    </p>
   </div>
   <div class='ocr_carea' id='block_1_108' title="bbox 1033 2410 1815 2453">
    <p class='ocr_par' dir='ltr' id='par_1_108' title="bbox 1033 2410 1815 2453">
     <span class='ocr_line' id='line_1_108' title="bbox 1033 2410 1815 2453; baseline -0.01 -8"><span class='ocrx_word' id='word_1_797' title='bbox 1033 2419 1063 2445; x_wconf 78' lang='grc' dir='ltr'>τὸ</span> <span class='ocrx_word' id='word_1_798' title='bbox 1073 2418 1137 2453; x_wconf 78' lang='grc' dir='ltr'>γὰρ.</span> <span class='ocrx_word' id='word_1_799' title='bbox 1149 2428 1158 2443; x_wconf 74' lang='grc' dir='ltr'><strong>ι</strong></span> <span class='ocrx_word' id='word_1_800' title='bbox 1166 2416 1293 2452; x_wconf 82' lang='grc' dir='ltr'>Ποιμανῶ</span> <span class='ocrx_word' id='word_1_801' title='bbox 1304 2416 1337 2442; x_wconf 74' lang='grc' dir='ltr'><strong>τὰ</strong></span> <span class='ocrx_word' id='word_1_802' title='bbox 1348 2415 1471 2450; x_wconf 66' lang='grc' dir='ltr'>πρόϐατα</span> <span class='ocrx_word' id='word_1_803' title='bbox 1485 2414 1534 2448; x_wconf 75' lang='grc' dir='ltr'>τῆς</span> <span class='ocrx_word' id='word_1_804' title='bbox 1546 2413 1663 2447; x_wconf 69' lang='grc' dir='ltr'>σφαγῆς,</span> <span class='ocrx_word' id='word_1_805' title='bbox 1675 2412 1731 2438; x_wconf 69' lang='grc' dir='ltr'>»ἵνα</span> <span class='ocrx_word' id='word_1_806' title='bbox 1739 2410 1815 2446; x_wconf 81' lang='grc' dir='ltr'>είπῃ,</span> 
     </span>
    </p>
   </div>
   <div class='ocr_carea' id='block_1_109' title="bbox 1033 2455 1817 2497">
    <p class='ocr_par' dir='ltr' id='par_1_109' title="bbox 1033 2455 1817 2497">
     <span class='ocr_line' id='line_1_109' title="bbox 1033 2455 1817 2497; baseline -0.011 -7"><span class='ocrx_word' id='word_1_807' title='bbox 1033 2464 1074 2491; x_wconf 77' lang='grc' dir='ltr'>ὅτι</span> <span class='ocrx_word' id='word_1_808' title='bbox 1108 2463 1168 2489; x_wconf 80' lang='grc' dir='ltr'><strong>Ἐπὶ</strong></span> <span class='ocrx_word' id='word_1_809' title='bbox 1190 2462 1239 2497; x_wconf 88' lang='grc' dir='ltr'><strong>τὴν</strong></span> <span class='ocrx_word' id='word_1_810' title='bbox 1265 2462 1370 2496; x_wconf 75' lang='grc' dir='ltr'>σφαγὴν</span> <span class='ocrx_word' id='word_1_811' title='bbox 1396 2460 1493 2490; x_wconf 73' lang='grc' dir='ltr'>αὐτοὺς</span> <span class='ocrx_word' id='word_1_812' title='bbox 1519 2458 1584 2490; x_wconf 78' lang='grc' dir='ltr'><strong>ἄξω,</strong></span> <span class='ocrx_word' id='word_1_813' title='bbox 1607 2458 1655 2491; x_wconf 81' lang='grc' dir='ltr'><strong>οὐχ</strong></span> <span class='ocrx_word' id='word_1_814' title='bbox 1677 2456 1714 2487; x_wconf 82' lang='grc' dir='ltr'>ὡς</span> <span class='ocrx_word' id='word_1_815' title='bbox 1735 2455 1817 2484; x_wconf 82' lang='grc' dir='ltr'>αὐτὸς</span> 
     </span>
    </p>
   </div>
   <div class='ocr_carea' id='block_1_110' title="bbox 1033 2501 1816 2543">
    <p class='ocr_par' dir='ltr' id='par_1_110' title="bbox 1033 2501 1816 2543">
     <span class='ocr_line' id='line_1_110' title="bbox 1033 2501 1816 2543; baseline -0.011 -7"><span class='ocrx_word' id='word_1_816' title='bbox 1033 2509 1130 2541; x_wconf 84' lang='grc' dir='ltr'>ποιῶν,</span> <span class='ocrx_word' id='word_1_817' title='bbox 1148 2508 1215 2535; x_wconf 72' lang='grc' dir='ltr'>ἀλλὰ</span> <span class='ocrx_word' id='word_1_818' title='bbox 1239 2507 1278 2543; x_wconf 89' lang='grc' dir='ltr'>τῷ</span> <span class='ocrx_word' id='word_1_819' title='bbox 1299 2507 1425 2542; x_wconf 75' lang='grc' dir='ltr'>ἀφιέναισ</span> <span class='ocrx_word' id='word_1_820' title='bbox 1451 2505 1511 2532; x_wconf 74' lang='grc' dir='ltr'>ἐπεὶ</span> <span class='ocrx_word' id='word_1_821' title='bbox 1534 2504 1581 2531; x_wconf 72' lang='grc' dir='ltr'>καὶ</span> <span class='ocrx_word' id='word_1_822' title='bbox 1601 2503 1679 2529; x_wconf 83' lang='grc' dir='ltr'>τοῦτο</span> <span class='ocrx_word' id='word_1_823' title='bbox 1700 2501 1759 2533; x_wconf 74' lang='grc' dir='ltr'>ἔθος</span> <span class='ocrx_word' id='word_1_824' title='bbox 1783 2503 1816 2536; x_wconf 79' lang='grc' dir='ltr'>τῇ</span> 
     </span>
    </p>
   </div>
   <div class='ocr_carea' id='block_1_111' title="bbox 1035 2548 1816 2591">
    <p class='ocr_par' dir='ltr' id='par_1_111' title="bbox 1035 2548 1816 2591">
     <span class='ocr_line' id='line_1_111' title="bbox 1035 2548 1816 2591; baseline -0.012 -9"><span class='ocrx_word' id='word_1_825' title='bbox 1035 2555 1094 2591; x_wconf 74' lang='grc' dir='ltr'>θείᾳ</span> <span class='ocrx_word' id='word_1_826' title='bbox 1108 2555 1203 2590; x_wconf 81' lang='grc' dir='ltr'>Γραφῇ</span> <span class='ocrx_word' id='word_1_827' title='bbox 1213 2554 1243 2580; x_wconf 73' lang='grc' dir='ltr'><strong>τὸ</strong></span> <span class='ocrx_word' id='word_1_828' title='bbox 1257 2553 1306 2588; x_wconf 74' lang='grc' dir='ltr'>τὴν</span> <span class='ocrx_word' id='word_1_829' title='bbox 1321 2551 1493 2588; x_wconf 82' lang='grc' dir='ltr'>συγχώρησιν</span> <span class='ocrx_word' id='word_1_830' title='bbox 1506 2552 1554 2585; x_wconf 84' lang='grc' dir='ltr'>τὴν</span> <span class='ocrx_word' id='word_1_831' title='bbox 1565 2549 1638 2576; x_wconf 80' lang='grc' dir='ltr'>θείαν</span> <span class='ocrx_word' id='word_1_832' title='bbox 1653 2549 1690 2580; x_wconf 81' lang='grc' dir='ltr'>ὡς</span> <span class='ocrx_word' id='word_1_833' title='bbox 1702 2548 1816 2584; x_wconf 81' lang='grc' dir='ltr'>πρᾶγμα</span> 
     </span>
    </p>
   </div>
   <div class='ocr_carea' id='block_1_112' title="bbox 1033 2593 1816 2635">
    <p class='ocr_par' dir='ltr' id='par_1_112' title="bbox 1033 2593 1816 2635">
     <span class='ocr_line' id='line_1_112' title="bbox 1033 2593 1816 2635; baseline -0.011 -8"><span class='ocrx_word' id='word_1_834' title='bbox 1033 2601 1122 2635; x_wconf 86' lang='grc' dir='ltr'>λέγειν</span> <span class='ocrx_word' id='word_1_835' title='bbox 1133 2609 1139 2616; x_wconf 82' lang='grc'><em>’</em></span> <span class='ocrx_word' id='word_1_836' title='bbox 1155 2603 1191 2635; x_wconf 88' lang='lat' dir='ltr'><strong>(p.</strong></span> <span class='ocrx_word' id='word_1_837' title='bbox 1201 2599 1263 2633; x_wconf 75' lang='grc'><strong>512)</strong></span> <span class='ocrx_word' id='word_1_838' title='bbox 1277 2596 1332 2625; x_wconf 73' lang='grc' dir='ltr'>οἷόν</span> <span class='ocrx_word' id='word_1_839' title='bbox 1343 2600 1400 2624; x_wconf 73' lang='grc' dir='ltr'>ἐστι</span> <span class='ocrx_word' id='word_1_840' title='bbox 1412 2597 1452 2628; x_wconf 75' lang='grc' dir='ltr'>τὸ,</span> <span class='ocrx_word' id='word_1_841' title='bbox 1467 2607 1476 2622; x_wconf 72' lang='grc' dir='ltr'><strong>ι</strong></span> <span class='ocrx_word' id='word_1_842' title='bbox 1489 2596 1641 2627; x_wconf 77' lang='grc' dir='ltr'>Ἐξέκλινας</span> <span class='ocrx_word' id='word_1_843' title='bbox 1651 2594 1699 2626; x_wconf 82' lang='grc' dir='ltr'><strong>τὰς</strong></span> <span class='ocrx_word' id='word_1_844' title='bbox 1708 2593 1816 2629; x_wconf 78' lang='grc' dir='ltr'>τρίϐους</span> 
     </span>
    </p>
   </div>
   <div class='ocr_carea' id='block_1_113' title="bbox 1033 2639 1816 2682">
    <p class='ocr_par' dir='ltr' id='par_1_113' title="bbox 1033 2639 1816 2682">
     <span class='ocr_line' id='line_1_113' title="bbox 1033 2639 1816 2682; baseline -0.011 -8"><span class='ocrx_word' id='word_1_845' title='bbox 1033 2647 1112 2682; x_wconf 80' lang='grc' dir='ltr'>ἡμῶν</span> <span class='ocrx_word' id='word_1_846' title='bbox 1125 2646 1177 2673; x_wconf 78' lang='grc' dir='ltr'>ἀπὸ</span> <span class='ocrx_word' id='word_1_847' title='bbox 1188 2646 1238 2680; x_wconf 84' lang='grc' dir='ltr'>τῆς</span> <span class='ocrx_word' id='word_1_848' title='bbox 1250 2644 1309 2672; x_wconf 75' lang='grc' dir='ltr'><strong>6δοῦ</strong></span> <span class='ocrx_word' id='word_1_849' title='bbox 1322 2652 1378 2671; x_wconf 82' lang='grc' dir='ltr'>σου·</span> <span class='ocrx_word' id='word_1_850' title='bbox 1391 2654 1401 2671; x_wconf 82' lang='grc'><strong>›</strong></span> <span class='ocrx_word' id='word_1_851' title='bbox 1414 2645 1463 2679; x_wconf 78' lang='grc' dir='ltr'><strong>οὐχ</strong></span> <span class='ocrx_word' id='word_1_852' title='bbox 1473 2644 1513 2669; x_wconf 82' lang='grc' dir='ltr'>ὅτι</span> <span class='ocrx_word' id='word_1_853' title='bbox 1526 2642 1591 2674; x_wconf 77' lang='grc' dir='ltr'>Θεὸς</span> <span class='ocrx_word' id='word_1_854' title='bbox 1605 2641 1750 2673; x_wconf 75' lang='grc' dir='ltr'>ἐξέκλινεν,</span> <span class='ocrx_word' id='word_1_855' title='bbox 1761 2639 1816 2666; x_wconf 78' lang='grc' dir='ltr'>ἀλλ’</span> 
     </span>
    </p>
   </div>
   <div class='ocr_carea' id='block_1_114' title="bbox 1034 2684 1816 2726">
    <p class='ocr_par' dir='ltr' id='par_1_114' title="bbox 1034 2684 1816 2726">
     <span class='ocr_line' id='line_1_114' title="bbox 1034 2684 1816 2726; baseline -0.009 -9"><span class='ocrx_word' id='word_1_856' title='bbox 1034 2692 1074 2717; x_wconf 82' lang='grc' dir='ltr'>ὅτι</span> <span class='ocrx_word' id='word_1_857' title='bbox 1096 2690 1265 2726; x_wconf 77' lang='grc' dir='ltr'>συνεχώρησε</span> <span class='ocrx_word' id='word_1_858' title='bbox 1292 2689 1386 2717; x_wconf 81' lang='grc' dir='ltr'>παθεῖν</span> <span class='ocrx_word' id='word_1_859' title='bbox 1413 2688 1484 2719; x_wconf 70' lang='grc' dir='ltr'>ἅπερ</span> <span class='ocrx_word' id='word_1_860' title='bbox 1505 2688 1601 2718; x_wconf 72' lang='grc' dir='ltr'>αὐτοὺς</span> <span class='ocrx_word' id='word_1_861' title='bbox 1617 2685 1745 2721; x_wconf 73' lang='grc' dir='ltr'>ἐκτρέψαι</span> <span class='ocrx_word' id='word_1_862' title='bbox 1769 2684 1816 2710; x_wconf 79' lang='grc' dir='ltr'>τοῦ</span> 
     </span>
    </p>
   </div>
   <div class='ocr_carea' id='block_1_115' title="bbox 1037 2730 1816 2772">
    <p class='ocr_par' dir='ltr' id='par_1_115' title="bbox 1037 2730 1816 2772">
     <span class='ocr_line' id='line_1_115' title="bbox 1037 2730 1816 2772; baseline -0.009 -10"><span class='ocrx_word' id='word_1_863' title='bbox 1037 2736 1220 2772; x_wconf 75' lang='grc' dir='ltr'>προσήκοντος</span> <span class='ocrx_word' id='word_1_864' title='bbox 1235 2733 1268 2771; x_wconf 82' lang='grc' dir='ltr'><strong>ἦν</strong></span> <span class='ocrx_word' id='word_1_865' title='bbox 1281 2735 1369 2762; x_wconf 77' lang='grc' dir='ltr'>ἱκανά.</span> <span class='ocrx_word' id='word_1_866' title='bbox 1379 2734 1415 2761; x_wconf 80' lang='grc' dir='ltr'><strong>Τὸ</strong></span> <span class='ocrx_word' id='word_1_867' title='bbox 1427 2733 1465 2767; x_wconf 83' lang='grc' dir='ltr'><strong>δὲ,</strong></span> <span class='ocrx_word' id='word_1_868' title='bbox 1477 2733 1539 2764; x_wconf 77' lang='grc' dir='ltr'><strong>(Εἰς</strong></span> <span class='ocrx_word' id='word_1_869' title='bbox 1549 2733 1598 2766; x_wconf 84' lang='grc' dir='ltr'><strong>τὴν</strong></span> <span class='ocrx_word' id='word_1_870' title='bbox 1612 2731 1665 2766; x_wconf 84' lang='grc' dir='ltr'>γῆν</span> <span class='ocrx_word' id='word_1_871' title='bbox 1680 2730 1816 2762; x_wconf 61' lang='grc' dir='ltr'>Χαναὰνρ</span> 
     </span>
    </p>
   </div>
  </div>
