1966 3069
137 159 191 190 873

596 155 870 186 COMMENTARIUS
886 154 919 182 IN
937 154 1122 183 “CHARIin
1135 154 1211 183 CAP.
1225 154 1272 182 XI.

1711 151 1766 187 δτι

141 219 278 247 τουτέστιν
295 219 339 246 ἐπ’
358 219 435 254 ὂψεσι
447 219 500 246 τῶν
521 218 683 254 ἀλλοτρίων·
710 217 857 254 βαρύτερον
873 216 927 252 γὰρ

985 215 1135 242 Felicitatem
1161 217 1371 249 conspexerant,
1399 219 1474 240 nunc
1499 211 1592 240 subito
1609 209 1699 238 videre
1714 213 1764 238 tios

140 264 172 300 ἦν
187 265 218 292 τὸ
239 266 302 297 τοὺς
323 265 372 301 τὴν
395 264 514 292 παλαιὰν
534 265 624 291 αὐτῶν
639 264 792 299 εὐπραγίαν
812 263 926 295 εἰδότας,

141 312 237 347 ἁθρόον
255 311 319 338 ίδεῖν
332 312 361 338 ἑν
378 311 506 342 τοιούτοις
525 309 738 346 ἐξεταζομένους
753 311 857 341 κακοῖς.

176 356 249 390 Στίχ.
265 355 299 387 ζ’,
310 359 346 391 η’.
361 370 393 376 —
409 356 478 382 ιΚαὶ
490 355 608 392 λήψομαι
622 354 734 390 ἐμαυτῷ
746 354 792 380 δύο
803 354 928 390 ρἁδους,

141 403 191 436 τὴν
207 402 272 437 μίαν
286 403 403 429 ἐκάλεσα
420 402 528 434 κάλλος,
543 401 591 428 καὶ
609 401 658 436 τὴν
679 400 807 436 δευτέραν
827 400 928 427 ἑπεκά-

141 448 207 474 λεσα
221 449 365 483 σχοίνισμα
375 458 382 465 ·
403 449 450 475 καὶ
464 447 590 483 ποιμανῶ
602 447 636 474 τὰ
650 447 783 482 πρόὸατα.
797 456 806 472 ι
827 447 876 477 Ἃς
887 445 929 472 δέ-

141 494 215 521 δωκα
239 495 351 526 αὐτοῖς,
377 493 480 528 φησὶν,
507 494 548 525 είς
573 492 720 528 ἡγεμονίαν
752 491 929 522 συντελούσας

143 539 240 575 ἀρχὰς.
258 539 394 574 βασιλείαν
416 547 445 565 τε
465 539 512 565 καὶ
532 538 690 574 ἱερωσύνην,
705 536 748 569 αἷς
765 537 797 572 δὴ
814 536 930 572 μάλιστα

144 586 305 621 κοσμεῖσϐαί
329 594 359 612 τε
382 585 480 616 αὐτοὺς
503 585 549 612 καὶ
572 583 782 620 συγκρατείσθαι
807 582 874 617 πρὸς
899 581 930 608 τὸ

143 632 202 659 δέον
221 633 315 668 ἑχρῆν,
329 631 440 663 ταύτας,
456 632 548 666 ἑπειδὴ
564 631 695 666 μοχθηροὶ
707 630 754 657 τὸν
767 630 867 665 τρόπον
884 637 931 662 γε-

143 679 263 714 γόνασιν,
285 678 391 713 ἀφελὼν
404 677 434 710 ἑξ
447 677 546 710 αὐτῶν,
564 678 703 713 ἡγήσομαι
724 675 812 703 αὐτῶν
831 675 877 701 ἐπὶ
890 683 930 700 τι-

146 725 236 761 μωρίᾳ
250 724 342 751 λοιπόν
352 731 358 739 ⁸
382 724 397 750 ὃ
409 723 462 759 γὰρ
477 721 554 750 εἶπεν
572 723 710 758 ἀνωτέρω,
732 732 741 748 ι
752 721 882 756 Ποιμανῶ
896 720 929 747 τὰ

144 770 270 806 πρόϐατα
283 771 333 805 τῆς
349 771 466 805 σφαγῆς,
482 779 491 796 ι
514 768 593 795 τοῦτο
612 768 692 794 πάλιν
711 767 826 794 ἐνταῦθα
839 767 930 793 δευτε-

147 816 200 851 ρῶν
224 814 296 849 εἷπε,
316 815 387 842 «Καὶ
404 815 540 850 ποιμαινῶ
559 814 593 841 τὰ
618 814 749 849 πρὸδατα.
773 813 826 840 Καὶ
841 812 930 848 ἑξαρῶ

144 862 208 893 τοὺς
221 863 298 897 τρεῖς
316 861 445 896 ποιμένας
458 862 487 887 ἑν
504 860 568 896 μηνὶ
581 860 631 886 ἑνί.
650 869 659 886 ι
681 859 749 886 Οὺδὲ
769 858 884 885 ἐνταῦθα
899 858 930 885 τὸ

144 907 223 941 τρεῖς
239 906 354 942 ἀριθμὸν
370 906 493 942 βούλεται
513 906 601 941 λέγειν
611 925 617 937 ,
642 905 698 932 ἀλλ’
712 904 862 940 ἑπειδήπερ
876 904 930 931 ἀπὸ

152 952 238 988 Ἰησοῦ
251 952 299 979 τοῦ
316 951 438 978 Ἰωσεδὲκ
454 951 549 987 μέχρις
563 950 674 977 ἐκείνων
694 949 747 977 τῶν
762 949 865 985 καιρῶν
879 949 931 975 ὑπὸ

145 997 317 1034 ἀρχιερεῦσιν
329 996 515 1031 ἐποιμαίνοντο
530 995 661 1030 δοκίμοις,
670 995 820 1026 ’Δπαντας,
837 993 930 1028 φησὶν,

145 1043 267 1074 ἐκείνους
292 1043 355 1074 τοὺς
378 1041 468 1078 ἱερέας
493 1041 557 1073 τοὺς
596 1041 723 1075 δοκίμους
749 1039 793 1073 ὑφ’
817 1039 857 1065 ἑνὶ
891 1038 930 1074 τῷ

145 1087 235 1125 καιρῷ
247 1087 353 1119 παύσω.
364 1088 408 1114 ὅτε
419 1086 450 1122 δὴ
464 1085 532 1121 πρὸς
545 1085 575 1112 τὸ
587 1087 674 1120 χεῖρον
685 1081 758 1111 οὗτοι
769 1083 929 1119 τραπέντες,

146 1135 206 1162 ἀντὶ
219 1134 270 1169 τῆς
283 1133 435 1170 κρείττονος
451 1131 600 1167 ἱερωσύνης
614 1131 660 1158 καὶ
671 1129 797 1165 νομίμου,
814 1129 863 1165 τὴν
875 1129 931 1163 χεί-

147 1190 212 1218 ρονα
233 1180 281 1208 καὶ
297 1180 453 1215 παράνομον
467 1179 574 1209 ἑαυτοῖς
589 1177 766 1210 ἑπιλέξονται.
789 1175 931 1206 Είωθότως

146 1228 201 1263 γὰρ
216 1227 251 1254 τὰ
264 1225 445 1261 συμϐαίνοντα
467 1225 558 1256 αὐτοῖς
578 1223 651 1251 κακὰ
669 1222 707 1258 τῷ
726 1221 863 1258 προσώπῳ
883 1220 930 1248 τοῦ

147 1271 215 1298 θεοῦ
237 1271 392 1306 περιάπτει,
417 1270 454 1301 ὡς
475 1270 508 1296 ἂν
524 1270 553 1296 ἑν
568 1269 702 1304 τιμωρίας
727 1268 790 1294 εῖδει
812 1267 932 1302 φαίνοιτο

147 1319 235 1345 πάντα
250 1318 341 1348 αὐτοῖς
363 1315 557 1351 περιγεγονάια
576 1315 611 1341 τὰ
633 1314 725 1349 χείρω.
750 1313 827 1340 Οῦτω
849 1313 896 1340 καὶ
917 1313 932 1339 ὸ

150 1363 282 1398 μακάριος
295 1362 368 1396 λέγει
382 1360 496 1392 Παῦλος,
519 1359 557 1395 (p.
575 1359 638 1394 5l5)
660 1358 724 1385 ποτὲ
738 1358 798 1393 μὲν,
827 1366 837 1383 ι
858 1357 932 1392 Παρ-

148 1409 248 1434 έὸωκεν
264 1407 362 1438 αὐτοὺς
371 1406 385 1432 ὁ
395 1406 461 1437 Θεὸς
476 1406 514 1437 είς
529 1405 657 1440 ἀδόκιμον
667 1404 739 1436 νοῦν,
756 1412 765 1429 t
780 1403 829 1438 οὐχ
838 1403 876 1434 ὡς
885 1402 931 1429 τοῦ

147 1454 214 1480 Θεοῦ
232 1453 406 1489 παραδόντος,
426 1452 483 1479 ἀλλ’
498 1452 526 1478 ἐν
539 1450 674 1486 τιμωρίας
691 1450 766 1485 μέρει
778 1449 871 1480 τιθεὶς.
886 1448 932 1475 καὶ

149 1501 197 1535 τὴν
209 1500 317 1535 χείρονα
334 1499 437 1534 αἵρεσιν
451 1497 506 1524 τῶν
519 1497 586 1532 πρὸς
602 1496 681 1523 τοῦτο
693 1495 834 1526 νευόντων,
847 1494 884 1526 ὡς
899 1494 932 1521 ἂν

977 267 1017 291 tot
1033 263 1111 290 malis
1125 262 1273 290 exercitos.

1014 354 1096 382 Vens.
1115 353 1141 386 7,
1157 355 1184 381 tt.
1199 367 1235 373 —
1253 353 1306 380 ιΕι
1333 358 1440 380 sumam
1469 350 1535 378 mibi
1568 349 1636 378 duas
1661 348 1762 383 virgas.

981 409 1062 428 unam
1077 399 1210 435 appellavi
1225 398 1364 430 decorem,
1384 401 1412 425 et
1425 397 1537 424 alteram
1554 395 1715 426 funiculum,
1735 399 1764 422 et

980 453 1090 481 pascam
1104 452 1178 472 oves.
1191 453 1200 470 ι
1217 444 1291 476 Quas
1305 441 1366 470 dedi
1382 441 1422 469 eis
1439 440 1564 476 regimini
1580 444 1657 474 aptas
1675 439 1764 473 digni-

980 497 1061 522 tates.
1090 498 1204 525 regnum
1223 496 1254 516 ac
1269 487 1464 518 sacerdotium,
1479 485 1578 521 quibus
1592 484 1763 520 potissimum

980 538 1072 566 ornari
1097 545 1145 564 eos
1169 539 1251 571 atque
1278 533 1311 561 ad
1335 538 1440 561 rectum
1469 539 1571 559 morem
1596 528 1762 557 conformari

981 584 1134 620 oportebat,
1152 582 1202 610 has
1215 588 1266 616 ego
1282 583 1426 615 postquam
1445 585 1529 613 pravo
1541 584 1617 604 more
1631 583 1691 603 esse
1704 582 1762 601 cte-

981 619 1081 665 perunt
1108 628 1203 656 iisdem
1229 626 1359 661 eripiens,
1386 624 1484 652 ducam
1505 630 1554 650 eos
1578 621 1706 655 deinceps
1730 619 1764 646 ad

981 675 1156 711 supplicium.
1183 673 1251 701 Nam
1276 671 1348 707 quod
1375 669 1502 715 sqperius
1526 668 1604 715 dixit.
1631 666 1764 693 «Pascam

980 730 1045 750 oves
1056 720 1221 753 occisionis;
1234 729 1244 745 ι
1254 726 1327 746 nunc
1337 711 1435 746 iterum
1452 717 1509 744 ait:
1534 711 1636 741 «Pasca
1644 719 1719 740 oves.
1734 711 1766 738 Et

981 767 1106 795 auferam
1123 770 1179 793 tres
1197 769 1323 800 pastores
1337 764 1364 791 in
1378 769 1472 790 mense
1484 768 1548 788 uno.
1561 769 1571 786 ›
1588 759 1626 786 Ne
1639 759 1690 785 hoc
1704 758 1766 784 loco

980 813 1092 849 quidem
1109 811 1275 839 vocabulum
1284 810 1369 835 «tres»
1379 807 1516 843 signiﬁcat
1530 813 1690 836 numerum;
1717 803 1765 831 sed

981 860 1044 896 quia
1058 859 1108 886 abs
1119 857 1184 885 Jesu
1194 855 1319 884 Josedeci
1334 862 1421 890 usque
1432 853 1465 880 ad
1479 853 1524 880 illa
1537 856 1660 886 tempora
1675 857 1689 876 a
1701 856 1766 884 pon-

944 888 966 915 B
980 888 1098 932 titicibus
1116 902 1208 938 probis
1222 901 1289 928 recti
1302 888 1540 930 fueruﬁnt,0mnes.
1553 896 1652 931 inquit,
1664 894 1766 930 probos

981 950 1042 978 illos
1063 948 1206 985 pontiﬁces
1223 954 1280 974 uno
1300 951 1421 981 tempore
1441 944 1566 972 desinere
1583 941 1691 973 faciam,
1707 948 1763 975 quo

980 996 1107 1024 videlicet
1134 994 1180 1022 isti
1205 993 1239 1020 ad
1259 992 1379 1020 deterius
1403 989 1542 1020 conversi.
1572 995 1622 1023 pro
1655 986 1767 1014 meliore

981 1042 1156 1076 legitimoque
1190 1037 1356 1069 sacerdotio.
1390 1035 1509 1064 deterius
1538 1038 1565 1061 et
1594 1032 1766 1067 illegitimum

981 1087 1092 1114 malent.
1109 1085 1183 1113 More
1194 1084 1267 1112 enim
1288 1081 1402 1110 solemni
1417 1080 1497 1116 345
1513 1086 1574 1112 suo,
1589 1085 1651 1114 quae
1663 1076 1766 1104 Judaeis

981 1132 1153 1163 eveniebant,
1172 1131 1201 1157 in
1219 1129 1266 1157 Dei
1283 1135 1426 1164 personam
1441 1125 1556 1157 confert,
1571 1129 1600 1152 ut
1619 1123 1670 1152 sub
1681 1129 1768 1158 pinnat

982 1180 1072 1215 specie
1087 1180 1236 1212 appareant
1255 1182 1351 1203 omnes
1367 1181 1428 1208 quae
1443 1172 1498 1200 illis
1512 1170 1676 1204 contingunt
1695 1169 1768 1195 cala-

981 1213 1100 1253 mitates.
1114 1224 1161 1252 Sic
1172 1223 1254 1250 etiam
1272 1221 1368 1248 beatus
1387 1219 1489 1246 Paulus
1505 1217 1586 1244 modo
1603 1216 1657 1242 ait:
1676 1223 1686 1240 ι
1698 1213 1768 1240 Tra-

981 1270 1050 1298 didit
1067 1270 1129 1297 illos
1151 1269 1222 1296 Deus
1241 1265 1414 1302 passionibus
1437 1261 1662 1299 ignominiaa";i
1687 1259 1768 1286 modo

982 1319 1093 1343 autem:
1117 1312 1263 1340 tTradidit
1285 1311 1347 1338 illos
1372 1309 1441 1336 Deus
1461 1307 1578 1342 reprobo
1597 1305 1689 1333 sensui
1702 1303 1765 1337 ⁷³;›

982 1369 1036 1389 non
1051 1360 1123 1396 quod
1145 1359 1216 1386 Deus
1229 1364 1324 1392 reapse
1345 1354 1496 1385 tradiderit,
1523 1359 1615 1380 verum
1632 1350 1659 1378 id
1681 1356 1769 1385 pinna

982 1409 1042 1435 loco
1055 1407 1141 1441 p0nit.
1158 1408 1268 1440 propter
1280 1403 1398 1438 pejorem
1417 1400 1578 1428 electionem
1593 1398 1701 1425 illorum
1720 1396 1768 1430 qui

983 1454 1017 1481 ad
1029 1453 1124 1481 vitium
1139 1451 1315 1486 spectabant;
1333 1447 1411 1483 quasi
1427 1447 1445 1473 ii
1462 1453 1477 1473 a
1488 1445 1578 1472 divina
1590 1443 1672 1471 tutela
1687 1441 1769 1469 alieni

982 1503 1087 1531 essent,
1103 1497 1233 1533 quoniam
1255 1495 1323 1523 adeo
1338 1498 1526 1522 contumacem
1553 1491 1586 1519 ad
1604 1491 1701 1518 vitium
1720 1496 1767 1516 ee-

148 1546 202 1573 τῶν
217 1545 344 1572 τοιούτων
358 1542 587 1579 ἀλλοτριουμένων
611 1541 660 1577 μὲν
683 1541 731 1576 τῆς
757 1541 831 1573 θείας
854 1540 932 1575 κηδε-

985 1549 1079 1581 perant
1093 1543 1306 1572 inclinationem.
1320 1541 1377 1568 H0c
1389 1540 1470 1575 igitur
1480 1539 1561 1566 etiam
1575 1538 1635 1564 loco
1648 1537 1686 1563 ait
1698 1535 1768 1568 fore.

151 1592 255 1627 μονίας,
279 1590 351 1617 οὕτω
369 1589 397 1616 δὲ
418 1588 622 1624 ἀμεταμέλητον
645 1587 694 1622 τὴν
718 1588 747 1613 ἑν
769 1585 808 1621 τῷ
830 1585 932 1621 χείρονι

149 1637 340 1673 λαμϐανόντων
354 1636 448 1671 ῥοπήν.
465 1633 611 1661 Κάνταῦθα
622 1631 668 1659 οὖν
683 1631 762 1658 τοῦτὸ
775 1640 866 1666 φησιν,
879 1631 930 1663 ὅτι,

149 1682 321 1717 Παυθήσεται
337 1681 386 1716 μὲν
401 1680 445 1715 ὑφ’
459 1679 498 1706 ἑνί
510 1688 561 1706 τινι
573 1678 660 1714 καιρῷ
672 1686 678 1693 ·
699 1678 777 1705 τοῦτο
794 1677 848 1713 γὰρ
859 1677 933 1711 λέγει

149 1729 194 1758 τὸ.
221 1729 264 1755 Ἐν
280 1728 344 1763 μηνὶ
361 1727 400 1753 ἑνὶ
415 1727 432 1761 η
448 1726 502 1752 τῶν
522 1725 603 1752 πάλαι
629 1724 720 1756 καλῶς
737 1723 933 1759 ποιμαινόντων

150 1775 247 1806 αὐτοὺς
268 1772 430 1799 ἐπιστασία·
453 1772 558 1798 ἔσονται
573 1771 601 1798 δὲ
621 1770 672 1797 ὑπό
690 1779 766 1802 τινας
782 1769 934 1805 μοχθηροὺς

151 1821 197 1847 καὶ
215 1819 380 1855 παρανόμως
402 1819 435 1852 τῇ
455 1817 606 1852 προστασίᾳ
627 1816 712 1850 ταύτῃ
738 1815 933 1851 κεχρημένους,

153 1876 163 1892 ‹
181 1866 233 1893 Καὶ
248 1864 444 1901 βαρυνθήσεται
458 1864 474 1899 ἡ
487 1863 559 1898 ψυχή
577 1870 626 1898 μου
644 1862 686 1888 ἐπ’
704 1861 811 1892 αὐτούς.
826 1871 834 1887 ι
852 1861 934 1888 Ὅθεν

151 1914 183 1948 δὴ
203 1913 319 1948 μάλιστα
351 1911 476 1946 μέγιστον
506 1909 566 1936 κατ’
596 1907 686 1935 αὐτῶν
716 1907 880 1942 ἀναδέχομαι
905 1907 935 1934 τδ

154 1962 240 1996 μῖσος,
253 1958 324 1993 ὁρῶν
335 1957 432 1988 αὐτοὺς
442 1956 502 1982 ἀντὶ
515 1954 642 1982 τοιούτων
653 1954 765 1981 τοιαῦτα
780 1953 933 1988 ἑλομένους,

152 2005 199 2032 καὶ
214 2004 285 2031 οὕτω
306 2002 504 2036 ἑκὸεὸληκότας
530 2001 578 2036 μὲν
593 2000 628 2026 τὰ
645 1999 771 2035 κρείττω,
793 1999 935 2034 ἑλομένους

152 2052 180 2077 δὲ
195 2051 229 2077 τὰ
246 2050 339 2085 χείρω.
361 2049 416 2075 Καὶ
428 2048 534 2079 δεικνὺς
548 2048 589 2073 ὅτι
608 2046 714 2073 δικαίαν
729 2046 819 2075 αὐτοῖς
834 2045 935 2080 ταύτην

153 2097 276 2132 ἐπήγαγε
292 2095 342 2131 τὴν
358 2093 503 2130 τιμωρίαν,
520 2093 578 2120 ἀνθ’
593 2090 632 2119 ὧν
646 2092 723 2119 αὐτοὶ
739 2091 880 2126 γεγόνασιν
897 2092 936 2117 ot-

153 2142 215 2178 κεία
236 2140 371 2177 μοχθηρίᾳ
394 2139 482 2166 κακοί.
506 2148 515 2165 ‹
539 2138 593 2165 Καὶ
616 2137 672 2174 γὰρ
696 2138 724 2163 αἱ
743 2137 828 2172 ψυχαὶ
847 2136 935 2163 αὐτῶν

153 2187 307 2222 ἑπωρύοντο
317 2186 359 2212 ἐπ’
371 2185 430 2220 sps.
443 2195 453 2212 ι
468 2184 586 2220 Τοιαύτῃ
598 2183 662 2219 γὰρ,
675 2183 765 2218 φησὶν,
777 2183 935 2219 ἐχρησάμην

984 1596 1014 1619 ut
1035 1599 1066 1620 ea
1093 1597 1184 1618 rerum
1205 1588 1324 1616 conditio
1346 1593 1400 1614 uno
1423 1582 1624 1620 quodammodo
1650 1585 1770 1616 tempore

983 1637 1101 1665 desinat.
1120 1634 1166 1662 Sic
1185 1633 1258 1662 enim
1284 1631 1458 1666 intelligenda
1478 1633 1541 1657 sunt
1557 1627 1637 1655 verba
1653 1636 1661 1654 :
1678 1625 1770 1653 Mense

984 1691 1039 1712 uno
1056 1681 1164 1710 desinet
1177 1680 1312 1708 bonorum
1329 1677 1400 1713 apud
1411 1684 1460 1704 eos
1475 1679 1615 1711 pastorum
1631 1673 1768 1708 dignitas;

984 1733 1012 1757 et
1026 1727 1189 1764 quibusdam
1208 1725 1389 1760 subjicientur
1407 1722 1550 1758 improbis,
1567 1721 1613 1754 qui
1630 1719 1770 1754 illegitime

985 1782 1093 1803 sacrum
1105 1774 1178 1800 hunc
1191 1772 1380 1808 magistratum
1394 1768 1534 1797 tenebunt.
1553 1776 1562 1792 ι
1573 1766 1606 1793 Ει
1618 1773 1689 1800 aegre
1702 1764 1770 1792 feret

986 1822 1046 1849 illos
1066 1821 1156 1848 anima
1170 1825 1239 1846 mea.
1254 1827 1263 1843 ι
1282 1816 1350 1843 Hinc
1364 1822 1415 1850 ego
1432 1814 1551 1841 maximo
1567 1819 1614 1839 eas
1627 1811 1690 1838 odio
1706 1817 1769 1845 pro-

985 1873 1095 1901 sequar,
1109 1865 1204 1892 videns
1214 1870 1262 1891 eos
1275 1862 1336 1889 talia
1352 1867 1407 1896 prae
1420 1859 1520 1886 talibus
1534 1857 1676 1886 malentes.
1688 1859 1770 1890 atque

985 1899 1151 1940 ita—dimisso
1166 1908 1286 1937 melioris
1298 1908 1336 1934 rei
1356 1905 1458 1936 studio,
1475 1904 1568 1940 pejora
1591 1902 1678 1937 sequi.
1694 1899 1770 1928 Mox-

985 1965 1039 1992 que
1066 1954 1186 1984 ostendit
1211 1961 1241 1982 se
1264 1953 1366 1987 justam
1393 1951 1448 1977 illis
1471 1949 1619 1976 adduxisse
1648 1953 1768 1982 pmuam,

986 1991 1129 2036 propterea
1156 1999 1228 2034 quod
1257 1998 1309 2032 ipsi
1344 2000 1495 2031 spontanea
1521 1993 1625 2020 malitia
1652 1991 1768 2026 improbi

985 2049 1138 2075 evaserant.
1152 2044 1304 2080 «Siquidem
1314 2043 1410 2070 animae
1420 2048 1513 2069 eorum
1523 2039 1665 2074 rugiebant
1675 2041 1769 2064 contra

986 2101 1057 2121 me.)
1079 2091 1274 2126 Hoc,inquam,
1286 2089 1376 2116 animo
1387 2088 1424 2115 l’ui
1439 2087 1570 2114 adversus
1584 2085 1656 2116 illos,
1666 2083 1728 2118 quia
1742 2085 1770 2108 ct

987 2139 1025 2167 illi
1042 2138 1160 2166 ferarum
1186 2137 1272 2164 instar
1292 2138 1386 2162 contra
1408 2140 1452 2160 me
1476 2133 1594 2159 furorem
1616 2136 1695 2157 suum
1720 2135 1770 2154 ex-

987 2186 1196 2221 prompserunt:
1222 2189 1283 2208 nam
1297 2179 1427 2216 quidquid
1445 2182 1540 2206 contra
1560 2175 1660 2212 probos
1675 2180 1768 2201 sacer-

154 2220 249 2269 γνώμῃ
274 2232 336 2267 περῖ
360 2231 467 2262 αὐτοὺς,
489 2230 583 2264 ἑπειδὴ
605 2229 724 2256 κάκεῖνοι
739 2228 817 2264 δίκην
833 2228 932 2264 θηρίων

986 2220 1064 2259 dotes
1078 2233 1203 2264 egerunt.
1230 2227 1363 2254 adversus
1387 2233 1430 2252 me
1451 2222 1594 2251 manifeste
1616 2220 1675 2247 ausi
1695 2222 1767 2247 sunt.

154 2280 214 2306 κατ’
229 2278 295 2314 ἑμοῦ
310 2277 356 2305 τδν
373 2277 456 2313 θυμὸν
472 2277 561 2304 αὐτῶν
579 2274 714 2308 ἐξέτειναν
727 2283 734 2290 ·
757 2274 849 2309 ἐπειδὴ
864 2274 934 2310 ἅπερ

154 2325 193 2356 ei;
205 2325 267 2355 τοὺς
279 2323 405 2358 δοκίμους
417 2322 550 2357 ἔπραττον
563 2322 662 2356 ἱερέας,
676 2321 715 2352 είς
731 2320 781 2355 ἐμὲ
796 2320 935 2355 προδήλως

154 2367 273 2402 ἀτόλμων
285 2375 291 2383 ·
316 2363 371 2393 οἷόν
393 2367 451 2393 ἑστι
470 2366 501 2392 τὸ
517 2366 585 2402 πρὸς
597 2365 642 2392 τὸν
656 2364 794 2400 Σαμουὴλ,
823 2373 833 2390 ι
848 2365 886 2391 Οὐ
906 2365 935 2391 σὲ

155 2413 371 2446 ἑξουδενώκασιν,
389 2412 446 2439 ἀλλ’
462 2412 521 2447 ἐμέ.
538 2421 548 2437 ι

190 2457 262 2491 Στίχ.
275 2456 308 2488 θ’,
327 2459 352 2483 ι’.
365 2471 399 2476 -
414 2465 424 2482 ι
442 2457 496 2483 Καὶ
520 2454 607 2486 εἶπον.
619 2456 656 2482 οὐ
678 2455 802 2490 ποιμανῶ
821 2455 903 2490 ὑμᾶς,
923 2465 933 2481 ι

162 2503 301 2530 Ἐντεῦθεν
314 2502 362 2530 τοῦ
376 2511 406 2528 τε
425 2503 579 2538 ποιμαίνειν
594 2502 691 2533 αὐτοὺς
704 2502 825 2537 ἀπέστην
833 2502 879 2528 καὶ
888 2501 935 2529 τοῦ

157 2550 203 2583 τὴν
229 2549 420 2586 προσήκουσαν
445 2549 534 2575 αὐτῶν
555 2548 712 2583 ἐπιμέλειαν
738 2548 775 2579 ὼς
794 2547 937 2582 προϐάτων

157 2595 262 2623 οἰκείων
288 2594 432 2621 ποιεῖσθαι.
453 2594 556 2626 Ἔδειξε
580 2594 607 2620 δὲ
623 2594 664 2620 ὅτι
679 2594 707 2619 ἐν
720 2594 777 2624 τοῖς
793 2593 937 2628 ἀνωτέροις

157 2641 187 2667 τὸ
196 2650 206 2666 ι
220 2640 343 2676 ποιμανῶ
353 2649 362 2666 ι
372 2641 418 2667 ἐπὶ
427 2640 483 2672 τοῦ,
495 2639 651 2674 Παραδώσω
663 2640 694 2674 τῇ
707 2639 836 2674 τιμωρίᾳ,
851 2639 935 2672 λέγει.

158 2688 195 2721 (p.
212 2686 274 2722 5M)
295 2685 426 2712 Ἐνταῦθα
441 2686 504 2719 γοῦν
516 2684 608 2719 σαφῶς
624 2685 754 2716 τέθεικεν,
767 2684 796 2710 τὺ
812 2694 820 2709 ι
835 2685 865 2710 οὺ
883 2693 938 2711 ποι-

159 2732 245 2766 μανῶ,
257 2741 267 2758 ι
282 2732 312 2758 τδ
325 2733 380 2767 μετ’
390 2732 545 2768 ἐπιμελείας
561 2731 714 2765 ποιμαίνειν
731 2730 880 2765 σημαίνων,
891 2730 937 2757 καὶ

158 2779 197 2805 te:
212 2777 312 2814 ταύτην
326 2779 416 2811 αὐτοῖς
436 2779 484 2814 οὐχ
497 2778 551 2810 ἕξει
567 2777 616 2813 τὴν
645 2776 803 2812 θεραπείαν.
826 2777 937 2810 Ἐπάγει

193 2854 214 2872 ¹¹
233 2854 300 2885 Rom
329 2863 348 2887 I,
361 2854 405 2882 9.6.
443 2853 465 2870 ⁷³
482 2853 549 2882 Ibid.
565 2853 609 2881 28.
647 2854 670 2870 "
689 2853 697 2881 l
716 2853 780 2890 Reg.
797 2862 855 2888 vm,
874 2854 899 2882 7.

988 2275 1070 2303 Velut
1094 2274 1162 2302 illud
1189 2273 1223 2300 ad
1247 2272 1419 2300 Samuelem:
1450 2269 1529 2297 cl‘ion
1550 2273 1575 2296 te
1599 2269 1768 2302 spreverunt.

987 2322 1035 2350 sed
1051 2328 1094 2348 me
1104 2321 1137 2347 ⁷⁸.
1149 2329 1158 2346 ι

1023 2458 1106 2486 Vens.
1118 2457 1145 2489 9,
1163 2456 1206 2484 to.
1219 2470 1255 2476 —
1272 2454 1326 2481 «Et
1352 2453 1428 2481 dixi:
1457 2451 1518 2480 Non
1547 2457 1656 2486 pascam
1682 2455 1740 2475 vos.
1754 2457 1764 2473 I

987 2504 1093 2532 Abhinc
1109 2511 1160 2538 ego
1180 2501 1265 2529 desivi
1289 2508 1304 2528 a
1323 2498 1460 2535 pascendo
1483 2505 1542 2528 vos,
1560 2499 1596 2527 ,οι
1619 2501 1765 2529 congruam

988 2557 1082 2577 curam
1101 2548 1178 2584 quasi
1203 2547 1300 2575 ovibus
1314 2544 1432 2581 propriis
1445 2541 1635 2578 impertienda.
1654 2540 1767 2567 Denton-

989 2596 1085 2624 stravit
1107 2595 1219 2629 insuper
1237 2587 1604 2626 vocabulumupasoamnin
1621 2584 1769 2621 superiori-

989 2641 1040 2668 bus
1059 2640 1161 2667 dictum
1186 2638 1271 2666 fuisse
1299 2644 1359 2672 pro,
1385 2634 1519 2669 supplicio
1543 2632 1659 2660 tradam.
1692 2629 1769 2656 Nunc

989 2695 1055 2715 vero
1071 2685 1214 2713 manifeste
1232 2683 1324 2719 posuit
1339 2675 1578 2711 dictionem,tNoti
1592 2675 1770 2712 pascam,tsi—

989 2731 1122 2768 gmlicans
1141 2729 1261 2764 regimen
1277 2735 1338 2755 cum
1354 2724 1502 2760 diligentia,
1525 2729 1548 2750 et
1565 2722 1638 2757 quod
1652 2721 1704 2747 hoc
1717 2719 1770 2745 illis

991 2765 1044 2804 non
1055 2775 1192 2804 exhibebit
1204 2773 1330 2801 ollicium.
1341 2770 1424 2799 Addit
1436 2777 1516 2806 ergo:
1534 2777 1543 2794 I
1553 2766 1631 2801 Quod
1641 2765 1768 2796 moritur,
