1983 3072
200 159 253 187 573

799 156 971 186 τιιεοοοιιι
986 157 1229 187 MOPSUESTEM

1773 161 1824 190 576

200 216 350 248 moriatur;
376 219 403 243 et
424 215 497 250 quod
523 216 626 248 deﬂcit,
648 215 778 250 deﬁciat;
800 217 882 254 3‘3
895 222 923 246 et
939 217 985 253 qui

1040 217 1116 252 γοῦν·
1129 227 1139 244 ε
1150 217 1187 245 T6
1195 218 1367 253 ἀποθνῆσκον
1378 218 1583 254 ἀποθνησκέτω,
1597 219 1644 245 καὶ
1657 217 1687 244 τὸ
1701 217 1825 245 ἐκλεῖπον

201 261 299 297 reliqui
314 260 416 288 fuerint
430 261 575 288 comedam
595 263 784 298 unusquisque.
800 271 898 291 carnes
923 270 987 298 pro-

201 309 265 335 ximi
291 308 364 335 sui.»
383 307 488 340 Sinam,
514 308 612 343 inquit.
635 317 856 344 unumquemque
868 317 901 337 ex
925 317 988 344 pro-

201 355 259 389 pria
273 354 375 380 malitia
394 354 534 389 percipere
548 355 728 389 punitionem.
746 355 862 382 invicem
885 363 987 383 consu—

201 399 337 427 mentibus
358 407 406 434 per
424 400 623 431 contentiones,
647 400 847 432 dimicationes.
872 406 900 428 et
921 402 988 429 insi-

201 445 308 472 diarum
343 449 520 472 structuram.
554 445 606 473 «Et
634 453 739 473 sumam
770 446 872 480 virgam
900 455 987 474 meam

201 491 360 526 pulchram,
392 495 419 519 et
451 492 595 527 projiciam
626 499 685 519 eam
715 493 749 520 ob
777 493 987 528 dispergendum

201 541 394 565 testamentum
411 546 512 569 meum.
530 539 603 572 quod
618 543 766 566 statueram
786 546 848 565 cum
861 539 988 567 omnibus

201 587 280 611 terra:
300 584 438 618 populis.»
459 584 588 612 Auferam
613 585 836 620 probatissimum
866 588 893 612 et
917 585 989 620 opti-

202 637 274 657 mum
290 631 485 663 sacerdotium,
501 631 574 658 humi
591 631 645 664 jam
660 636 828 667 prostratum
844 633 877 659 ab
891 633 926 660 iis
941 632 988 668 qui

201 682 423 711 oppugnaverant
442 676 525 704 illud:
543 678 608 712 quin
626 682 653 705 et
675 683 820 705 extraneos
835 678 869 706 ab
889 686 921 706 eo
938 679 989 706 ab-

202 722 335 749 alienabo.
352 721 419 749 Nam
432 723 552 750 extranei
569 723 615 758 qui
630 724 714 750 multo
727 728 806 751 antea
820 732 882 750 cum
897 724 989 751 studio

202 767 235 793 ad
255 768 385 802 templum
399 775 488 794 meum
505 767 679 795 conﬂuebant
696 769 732 795 ob
746 769 846 796 rituum
863 776 990 797 reveren-

201 812 266 840 tiam
283 813 328 847 qui
349 813 404 840 illic
428 814 548 848 legitime
561 814 784 848 perliciebantur,
810 814 861 849 ipsi
879 822 988 850 quoque

202 866 217 886 a
241 860 331 893 priore
344 860 542 888 consuetudine
559 861 685 888 recedent
701 866 813 895 propter
827 866 987 896 regnantem

202 904 259 931 illic
273 904 463 933 confusionem
479 913 510 932 ac
525 906 770 940 perturbationem.
789 914 804 933 a
819 907 901 934 solito
920 911 989 934 tern-

201 951 238 985 pli
262 958 374 979 aceessu
395 952 528 980 deterriti.
546 952 602 979 Hoc
624 952 696 980 enim
718 953 871 987 signiﬁcant
895 953 988 986 verba,

203 997 372 1033 «dispergere
386 1000 579 1024 testamentum
608 1005 711 1030 meum,
737 998 808 1033 quod
839 1002 988 1026 statueram

202 1049 263 1068 rum
277 1043 403 1070 omnibus
416 1046 493 1070 terra:
505 1043 852 1078 populis.ri)icitnimirnm
862 1053 868 1070 :
878 1044 988 1072 Curabo

203 1092 232 1113 ut
252 1087 369 1119 desinat,
393 1089 465 1122 quod
484 1089 518 1115 ab
540 1089 677 1116 extraneis
696 1089 776 1116 etiam
794 1094 873 1117 antea
891 1090 988 1123 liebat;

203 1132 318 1166 propriae.
338 1132 443 1160 scilicet
463 1140 584 1167 personae
606 1133 833 1165 accommodans,
858 1134 930 1169 quod
955 1143 989 1162 ex

202 1178 316 1204 aliorum
342 1178 443 1205 malitia
459 1178 642 1213 contingebat.
668 1178 849 1211 Quamobrem
875 1180 932 1212 iraa,
960 1184 990 1208 ut

202 1224 360 1250 summatim
373 1224 472 1256 dicam,
488 1224 607 1259 pessima
628 1224 704 1260 signa
720 1227 901 1260 apparebunt.

242 1356 326 1385 Vens.
340 1358 383 1390 ll,
397 1358 440 1385 l2.
454 1374 490 1379 —
508 1358 557 1386 «Et
572 1359 618 1387 ﬁet
635 1359 771 1395 dispersio
786 1361 813 1388 in
831 1361 875 1389 die
891 1361 946 1395 illa,
963 1366 990 1390 et

203 1407 369 1438 cognoscent
383 1403 529 1432 Chananaei
545 1412 610 1432 oves
623 1413 683 1440 quae
695 1414 737 1434 me
750 1407 909 1440 observant,
926 1408 989 1443 quia

204 1455 293 1475 sermo
315 1446 423 1475 Domini
449 1454 522 1476 est.»
542 1449 630 1482 Tunc.
653 1451 751 1485 inquit,
774 1451 878 1480 desinet
895 1453 991 1481 adver-

203 1492 339 1520 sariorum
349 1500 413 1527 erga
426 1495 557 1529 templum
569 1503 658 1522 meum
669 1496 842 1532 obsequium,
855 1498 990 1526 dissoluto

203 1539 243 1565 sic
258 1538 361 1566 [cedere
373 1540 446 1573 quod
459 1547 520 1567 cum
537 1541 590 1569 illis
608 1542 779 1577 pepigeram:
798 1545 909 1578 notique
923 1544 988 1572 [ient

203 1583 284 1610 etiam
300 1584 438 1612 extraneis
449 1585 561 1620 quinam
577 1595 639 1614 vere
654 1588 705 1614 mei
719 1588 784 1619 sint.
803 1595 829 1616 et
842 1590 988 1618 voluntatis

204 1636 270 1656 mea:
288 1630 466 1658 observanda!
492 1632 559 1659 satis
579 1633 710 1660 solliciti:
738 1639 765 1661 et
780 1636 852 1670 quod
868 1635 989 1664 divinum

203 1676 342 1703 decretum
363 1677 494 1712 improbis
522 1680 593 1706 mala
619 1679 759 1714 immittit;
789 1682 898 1710 virtutis
925 1690 991 1710 vero

204 1721 346 1752 studiosis.
363 1721 426 1748 licet
439 1723 545 1756 paucis,
561 1731 655 1750 curam
671 1725 783 1751 multam
796 1725 944 1759 impendit;
961 1729 990 1752 ut

206 1772 269 1792 vere
288 1771 417 1801 appareat
442 1775 528 1794 meam
555 1768 624 1802 Ipsis
645 1769 792 1796 amicitiam
817 1770 893 1796 lucro
910 1777 989 1803 esse;

204 1815 340 1845 quatenus
359 1815 461 1838 tantam
481 1812 535 1840 mei
552 1813 750 1847 providentiam
775 1815 936 1848 sortiuntur,
962 1819 990 1842 ut

205 1855 370 1885 advsrsariis
384 1858 476 1885 multis
487 1862 567 1893 atque
580 1860 736 1893 potentibus
748 1859 827 1887 facile
840 1861 988 1895 potiantur.

207 1902 307 1930 Deinde
333 1906 363 1929 ut
386 1904 513 1938 ostendat
538 1905 662 1939 egregios
687 1912 800 1933 suorum
827 1914 927 1939 mores,
957 1907 992 1935 de

206 1947 368 1977 Machabteis
392 1949 498 1976 scilicet
522 1950 649 1986 loquens,
675 1951 721 1986 qui
739 1959 788 1986 pro
804 1956 884 1987 gente
899 1957 926 1980 et
943 1961 991 1988 pro

205 1994 306 2022 divinis
331 1995 436 2030 legibus
462 1996 561 2024 bellum
588 2001 684 2024 contra
710 1997 886 2026 Macedonum
909 1999 990 2036 347

205 2048 283 2076 reges
296 2046 452 2075 gesserunt,
477 2042 572 2070 addit:
601 2052 610 2068 ι
622 2042 654 2069 Et
667 2043 757 2070 dicam
770 2044 827 2072 eis:
843 2044 871 2072 Si
890 2046 991 2073 bonum

204 2091 247 2114 est
260 2087 289 2113 in
303 2091 452 2121 conspectu
467 2091 569 2120 vestro,
586 2088 648 2116 date
661 2089 813 2117 mercedem
829 2098 930 2124 meam,
944 2095 992 2119 aut

207 2132 344 2159 renuite.»
366 2132 529 2168 Tantopere,
551 2133 649 2168 inquit,
669 2136 746 2169 probi
770 2139 852 2163 erunt
867 2144 932 2172 erga
948 2145 991 2165 me

207 2178 340 2214 lirmique,
370 2182 398 2205 ut
421 2187 472 2214 ego
494 2179 657 2208 ﬁducialiler
671 2182 710 2210 eis
724 2182 814 2210 dicere
827 2191 943 2218 queam:
962 2184 990 2212 Si

1039 262 1183 296 ἐκλιπέτω,
1196 264 1243 290 καὶ
1255 263 1289 290 τὰ
1299 263 1451 291 κατάλοιπα
1471 263 1636 290 κατεσθιέτω
1651 263 1764 294 ἕκαστος
1775 272 1824 295 ταν

1039 309 1143 344 σάρκας
1153 309 1200 336 τοῦ
1217 309 1427 344 πλησίοναὺτοῦ.
1442 319 1452 336 ι
1473 309 1585 344 Ἀφίημι
1598 309 1636 340 δὲ,
1654 308 1747 344 φησὶν,
1759 309 1818 335 ἔκα-

1038 363 1101 382 στον
1115 356 1147 382 ἐκ
1167 355 1216 390 τῆς
1231 354 1328 382 ἑαυτοῦ
1352 355 1452 386 κακίας
1470 354 1594 390 δέχεσθαι
1615 354 1664 388 τὴν
1676 354 1823 389 τιμωρίαν,

1038 399 1127 426 αὐτῶν
1141 399 1269 435 ἀλλήλους
1281 399 1486 432 ἀναλισκόντων,
1497 401 1558 430 ταῖς
1566 407 1594 425 τε
1612 399 1682 434 ἐρισι
1697 399 1744 425 καὶ
1756 400 1818 425 ταῖς

1040 445 1142 481 μάχαις
1160 446 1207 472 καὶ
1221 447 1254 482 τῇ
1268 447 1318 482 τῆς
1337 445 1483 479 ἐπιϐουλῆς
1504 445 1648 480 ἐμμελείᾳ,
1667 454 1676 470 ι
1695 445 1749 472 Καὶ
1778 450 1810 481 Αη

1038 491 1124 526 ψομαι
1135 491 1184 526 τὴν
1197 491 1293 525 ῥάϐδον
1303 500 1354 526 μου
1368 492 1417 525 τὴν
1433 490 1517 526 καλὴν
1526 491 1571 517 καὶ
1585 490 1730 526 ἀπορρίψω
1740 491 1823 526 αὐτὴν

1039 537 1086 563 τοῦ
1101 537 1274 564 διασκεδάσαι
1289 537 1337 571 τὴν
1347 536 1479 571 διαθήκην
1489 544 1552 571 μου,
1567 536 1600 571 ἢν
1612 536 1739 571 διεθέμην
1756 536 1821 572 πρὸ,

1039 583 1143 614 πάντας
1154 584 1217 614 τοὺς
1245 582 1326 614 λαοὺς
1344 582 1395 617 τῆς
1411 582 1471 617 γῆς.
1487 592 1496 608 ι
1523 582 1628 616 ’Δερελῶ
1645 582 1676 617 δὴ
1689 583 1739 617 τὴν
1751 582 1808 609 δοκι

1041 629 1167 664 μωτάτην
1181 628 1228 655 καὶ
1243 628 1360 664 ἀρίστην
1371 627 1529 663 ἱερωσύνην,
1546 627 1592 654 καὶ
1606 628 1691 662 χαμαί
1706 636 1756 654 που
1767 636 1810 655 κει

1041 674 1124 709 μένην
1139 673 1192 700 ὑπὸ
1219 673 1274 700 τῶν
1303 673 1511 700 καταϐαλόντων
1526 673 1620 707 αὐτὴν,
1633 673 1679 708 ἀφ’
1693 671 1726 709 ἧς
1742 682 1812 709 μετα

1040 721 1131 754 στήσω
1150 720 1197 746 καὶ
1210 719 1243 746 τὰ
1255 719 1308 746 τῶν
1321 719 1398 750 ἐκτὸς
1410 719 1456 745 τοῦ
1475 719 1568 750 ἔθνους
1581 719 1649 755 πρὸς
1659 719 1825 747 τούναντίον.

1040 767 1071 792 Οἱ
1085 766 1138 801 γὰρ
1157 767 1188 792 ἐκ
1202 765 1255 792 τῶν
1279 765 1426 800 ἀλλοτρίων
1438 765 1507 800 μετὰ
1519 765 1620 799 πολλῆς
1633 766 1764 800 πρότερον
1775 766 1824 801 τῆν,

1039 809 1193 845 προθυμίας
1223 809 1269 836 ἐπὶ
1293 809 1338 836 τὸν
1361 810 1422 836 ναὸν
1444 810 1657 845 κατατρέχοντες
1685 809 1727 836 τὸν
1746 807 1837 845 ἐμὸν,’

1039 855 1110 882 αίδοί
1124 855 1179 881 τῶν
1194 855 1287 882 αὐτόθι
1298 855 1420 890 νομίμως
1431 855 1640 890 ἐκτελουμένων,
1657 855 1823 890 ἀποστήσον.

1039 911 1082 929 ται
1095 903 1140 928 καὶ
1153 899 1224 929 οὗτοι
1241 902 1326 928 ταῦτα
1341 902 1410 929 αὐτὰ
1428 903 1514 929 ποιεῖν
1529 902 1581 928 ὑπὸ
1602 901 1651 937 τῆς
1673 902 1825 938 κρατούσης

1038 948 1073 975 τὰ
1088 947 1182 976 αὐτόθι
1205 947 1361 983 συγχύσεώς
1376 956 1406 975 τε
1423 948 1470 975 καὶ
1483 947 1626 982 ἀκοσμίας.
1642 948 1745 974 ἀνιέναι
1762 955 1824 973 συν-

1039 995 1112 1029 ήθως
1122 995 1162 1026 είς
1173 994 1218 1021 τὸν
1228 994 1291 1021 ναὸν
1305 994 1481 1029 κωλυόμενοι.
1494 993 1578 1020 Τοῦτο
1591 992 1637 1021 οὖν
1647 993 1730 1028 λέγει,
1741 1002 1750 1019 ι
1763 994 1825 1019 Διαο

1040 1041 1168 1067 σκεδάσαι
1183 1039 1370 1075 τὴνδιαθήκην
1385 1049 1446 1074 μου.
1462 1040 1494 1075 ἠν
1510 1039 1636 1075 διεθέμην
1644 1039 1713 1074 πρὸς
1721 1038 1824 1071 πάντας

1039 1087 1101 1118 τοὺς
1127 1085 1207 1117 λαοὺς
1233 1086 1283 1120 τῆς
1304 1085 1356 1120 γῆς
1368 1095 1374 1101 -
1394 1095 1403 1111 ι
1418 1086 1460 1112 ἴνα
1482 1086 1558 1120 εἴπῃ,
1571 1085 1610 1112 ὃτι
1629 1084 1730 1111 Παύσω
1745 1083 1824 1110 τοῦτο

1039 1134 1190 1168 γινόμενον,
1206 1133 1220 1159 ὂ
1236 1133 1282 1159 καὶ
1294 1132 1370 1167 παρά
1386 1132 1439 1158 τῶν
1463 1131 1608 1168 ἀλλοτρίων
1621 1131 1742 1165 ἐγίγνετο
1758 1131 1824 1165 πρό-

1039 1186 1117 1214 τερον
1129 1187 1136 1193 ·
1153 1178 1191 1213 τῷ
1210 1178 1301 1212 οἰκείῳ
1321 1177 1458 1213 προσώπῳ
1481 1177 1562 1203 πάλιν
1590 1177 1736 1212 περιτιθεὶς
1751 1177 1781 1203 1:6
1793 1178 1826 1202 ἐκ

1039 1225 1088 1259 τῆς
1103 1225 1203 1260 ἐτέρων
1217 1224 1363 1259 συμϐαῖνον
1391 1224 1490 1255 κακίας
1503 1231 1509 1237 ”
1525 1223 1594 1249 ὥστε
1615 1223 1699 1258 ὀργῆς
1716 1222 1824 1253 αὐτοὺς.

1040 1271 1180 1306 συντόμως
1204 1271 1300 1303 εἰπεῖν,
1321 1270 1429 1297 ἅπαντα
1453 1269 1487 1296 τὰ
1503 1269 1587 1304 χείρω
1608 1268 1750 1303 φαίνεσθαι
1777 1277 1826 1303 ση-

1062 1317 1113 1343 εἶα.

1041 1325 1150 1397 "agr-ix.
1166 1361 1211 1393 ια’,
1229 1361 1271 1396 ιβ’.
1285 1377 1320 1382 -—-
1342 1370 1352 1388 ι
1368 1361 1424 1388 Καὶ
1450 1360 1707 1395 διασκεδασθήσεται
1734 1360 1763 1386 ἐν
1791 1360 1825 1394 τῇ

1040 1409 1131 1444 ἡμέρᾳ
1148 1407 1249 1443 ἐκείνῃ,
1261 1407 1298 1442 (p.
1311 1406 1373 1441 5l5)
1387 1407 1434 1433 καὶ
1442 1405 1590 1440 γνώσονται
1603 1407 1627 1431 oi
1638 1406 1781 1432 Χαναναῖοι
1793 1404 1827 1430 τά

1039 1453 1164 1489 πρόϐατα
1178 1453 1211 1480 τὰ
1232 1453 1425 1487 φυλασσόμενα
1442 1461 1486 1487 με.
1507 1451 1573 1478 διότι
1598 1452 1612 1478 ὁ
1627 1451 1705 1485 λόγος
1723 1451 1826 1485 Κυρίου

1039 1497 1108 1525 ἐστι.
1125 1508 1135 1523 ι
1154 1498 1230 1529 Τότε,
1251 1497 1327 1532 φησὶ,
1347 1497 1480 1523 παύσεται
1499 1496 1576 1531 μὲνὴ
1593 1496 1668 1531 παρά
1684 1495 1739 1522 τῶν
1751 1496 1826 1522 ἐναν-

1039 1543 1105 1570 τίων
1120 1544 1159 1575 είς
1172 1544 1216 1570 τὸν
1231 1543 1294 1570 ναὸν
1304 1543 1432 1578 γινομένη
1451 1542 1593 1577 θεραπεία,
1606 1541 1826 1576 συγκαταλυομέ-

1040 1598 1089 1624 νης
1098 1589 1136 1621 ὡς
1149 1590 1221 1621 είκδς
1234 1590 1321 1624 τούτῳ
1331 1590 1379 1623 τῆς
1389 1588 1520 1624 διαθήκης
1534 1589 1566 1624 ἦν
1581 1589 1648 1624 πρὸς
1659 1589 1755 1619 αὐτοὺς
1768 1588 1827 1615 ἐθέ-

1043 1643 1109 1670 μην·
1124 1635 1230 1661 ἔσονται
1242 1634 1269 1661 δὲ
1280 1634 1412 1670 γνώριμοι
1424 1635 1471 1662 καὶ
1484 1636 1539 1666 τοῖς
1547 1634 1696 1670 ἀλλοτρίοις
1712 1635 1734 1660 οί
1744 1635 1828 1665 ὅντως

1040 1681 1113 1716 ἐμοὶ,
1136 1681 1182 1707 καὶ
1211 1681 1310 1716 πολλὴν
1329 1682 1378 1715 τῆς
1394 1681 1448 1707 τῶν
1467 1681 1528 1716 ἐμοὶ
1543 1680 1691 1707 δοκούντων
1705 1679 1828 1714 φυλακῆς

1041 1725 1147 1760 ἔχοντες
1165 1725 1213 1760 τὴν
1238 1725 1379 1761 φροντίδα·
1393 1726 1440 1752 καὶ
1461 1725 1501 1751 ὅτι
1519 1725 1581 1760 ὅρος
1599 1724 1640 1756 τίς
1657 1726 1714 1751 ἐστι
1727 1724 1797 1754 θεῖος
1813 1725 1828 1750 ὁ

1040 1772 1103 1803 τοὺς
1120 1771 1169 1806 μὲν
1185 1771 1337 1806 μοχθηροὺς
1363 1771 1457 1802 ἐκδοὺς
1473 1772 1528 1802 τοῖς
1549 1771 1661 1807 χείροσι,
1680 1771 1734 1798 τῶν
1748 1771 1776 1797 δὲ
1796 1771 1827 1797 τὸ

1041 1817 1100 1844 δέον
1125 1817 1299 1852 ζητουμένων
1330 1818 1377 1844 καὶ
1405 1817 1504 1850 ὀλίγων
1527 1817 1611 1843 ὄντων
1637 1817 1708 1844 οὕτω
1727 1817 1827 1851 πολλὴν

1042 1863 1202 1898 ποιούμενος
1215 1863 1263 1897 τῆς
1278 1862 1347 1897 ἐμῆς
1360 1862 1523 1897 οἰκειότητος
1536 1861 1627 1888 αὐτῶν
1643 1862 1766 1895 γίνεσθαι
1780 1861 1828 1896 δῆ-

1041 1909 1100 1936 λον·
1117 1909 1146 1942 ἐξ
1161 1905 1198 1935 ὧν
1217 1909 1351 1943 τοσαύτης
1379 1907 1517 1941 ἀξιοῦνται
1534 1908 1584 1943 τῆς
1597 1909 1659 1944 παρ’
1675 1908 1742 1943 ἐμοῦ
1758 1916 1828 1943 προ-

1041 1955 1124 1988 νοίας,
1152 1956 1190 1987 ὡς
1207 1955 1254 1982 καὶ
1278 1955 1333 1982 τῶν
1350 1955 1480 1982 ἐναντίων
1502 1954 1608 1982 πολλῶν
1623 1963 1653 1982 τε
1666 1954 1750 1982 όντων
1780 1955 1828 1981 καὶ

1041 2000 1160 2027 δυνατῶν
1181 2000 1278 2035 ῥᾳδίως
1305 2001 1424 2035 κρατεῖν.
1439 1999 1505 2026 Εἶτα
1521 1999 1682 2035 βουλόμενος
1697 1999 1780 2031 δεῖξαι
1796 1999 1827 2025 τὸ

1041 2045 1152 2081 δόκιμον
1162 2046 1210 2072 τοῦ
1225 2045 1327 2081 τρόπου
1349 2045 1403 2072 τῶν
1420 2046 1540 2078 οἰκείων,
1555 2045 1628 2080 λέγει
1641 2045 1670 2072 δὲ
1686 2046 1749 2076 τοὺς
1763 2045 1828 2079 περὶ

1041 2091 1096 2118 τῶν
1122 2091 1318 2123 Μακκαϐαίων,
1333 2091 1357 2117 ο¹ί
1382 2090 1428 2117 τὸν
1451 2091 1522 2126 ὑπὲρ
1537 2090 1585 2117 τοῦ
1602 2090 1694 2122 ἔθνους
1711 2090 1758 2116 καὶ
1773 2089 1829 2116 τῶν

1041 2138 1130 2173 νόμων
1144 2137 1197 2164 τῶν
1212 2137 1291 2164 Θείων
1306 2137 1424 2172 πόλεμον
1438 2137 1505 2172 πρὸς
1518 2137 1581 2168 τοὺς
1593 2136 1646 2163 τῶν
1662 2136 1828 2164 Μακεδόνων

1042 2183 1144 2210 εἴλοντο
1166 2182 1302 2218 βασιλέας,
1320 2182 1426 2216 ἐπάγει·
1449 2191 1458 2208 ι
1479 2182 1534 2209 Καὶ
1552 2181 1607 2218 ἐρῶ
1626 2181 1694 2216 πρὸς
1711 2181 1826 2213 αὐτούς·

207 2224 284 2251 vobis
301 2224 388 2260 placet
401 2225 466 2252 mihi
489 2233 550 2253 esse
572 2227 713 2262 subjectis,
741 2232 768 2256 et
790 2236 855 2256 mea;
877 2229 989 2258 subesse

1042 2229 1075 2256 Et
1091 2228 1170 2256 καλὸν
1195 2228 1308 2255 ἐνώπιον
1336 2227 1412 2263 ὑμῶν
1429 2229 1497 2258 ἐστι,
1511 2227 1570 2254 δότε
1584 2227 1630 2253 τὸν
1642 2227 1736 2262 μισθόν
1766 2235 1827 2262 μου,

207 2271 345 2304 potestati.
371 2271 464 2306 utique
487 2272 604 2306 praebete
629 2274 694 2300 mihi
713 2274 906 2303 benevolentiae
923 2276 989 2304 obe-

207 2313 370 2349 dientiaeque
384 2321 481 2343 vestrae
495 2318 754 2345 remunerationem.
769 2317 848 2351 Quod
867 2319 889 2346 si
904 2319 989 2347 mole-

207 2364 280 2387 stum
294 2362 371 2389 vobis
385 2367 437 2394 est,
454 2362 490 2390 ob
503 2367 624 2390 vestrum
639 2371 703 2398 erga
716 2371 760 2391 me
774 2365 935 2400 obsequium
949 2368 989 2392 tot

207 2407 278 2434 mala
301 2409 440 2443 experiri,
467 2413 534 2444 quot
559 2417 633 2437 nunc
661 2410 695 2437 ab
718 2410 842 2437 hostibus
870 2410 991 2445 perferre

205 2452 344 2486 cogimini,
362 2453 499 2488 publicam
514 2462 529 2480 a
552 2453 692 2482 dominatu
710 2463 771 2482 meo
787 2455 868 2483 facite
883 2461 992 2491 aposta-

206 2498 286 2526 siam.
308 2499 430 2535 Namque
454 2501 482 2528 id
503 2501 591 2529 simile
603 2507 645 2529 est
661 2502 767 2530 Domini
783 2503 818 2530 ad
842 2503 992 2538 discipulos

206 2543 299 2571 dicto:
329 2544 417 2572 rNum
443 2554 491 2574 vos
514 2554 623 2582 quoque
646 2548 728 2576 vultis
741 2548 817 2576 abire
828 2549 890 2575 ⁷⁵7»
920 2549 993 2584 quod

207 2597 273 2618 sane
288 2591 360 2618 baud
381 2599 429 2619 eos
443 2593 583 2621 avertendi
600 2601 683 2622 causa
697 2602 713 2622 a
736 2595 874 2622 consortio
891 2596 991 2628 aiebat.

207 2636 254 2664 sed
268 2640 297 2663 ut
311 2637 363 2665 hoc
377 2638 450 2666 dicto
461 2638 595 2668 ﬁrmiores
605 2641 731 2668 ediceret.
747 2641 810 2668 Pari
826 2642 907 2669 modo
919 2650 992 2670 nunc

207 2682 283 2714 dicit,
311 2690 340 2710 se
363 2682 525 2712 ﬁducialiter
541 2685 611 2713 hanc
633 2686 688 2714 illis
714 2688 850 2722 optionem
876 2687 990 2719 oll‘erre;

208 2727 293 2762 probe
317 2728 408 2756 sciens
426 2729 484 2757 fore
498 2735 527 2758 ut
544 2731 640 2758 malint
653 2733 767 2760 molesta
782 2733 895 2768 perpeti.
911 2741 991 2768 quam

208 2773 320 2801 meliore
332 2778 407 2802 sorte
418 2775 541 2805 fruentes
552 2781 629 2805 extra
642 2785 731 2806 meum
742 2779 910 2808 dominatum
922 2779 990 2808 ﬁeri.

244 2863 266 2878 ⁷¹
285 2863 364 2893 Joan.
386 2873 433 2897 vn,
455 2866 497 2892 68.

1042 2276 1059 2311 ἢ
1074 2275 1236 2303 ἀπείπασθε.
1249 2283 1259 2300 ι
1269 2274 1347 2301 Οὖτω
1354 2274 1418 2309 γὰρ,
1434 2274 1526 2308 φησὶν,
1535 2273 1752 2309 ἐσονταιδόκιμοι
1764 2274 1829 2310 περὶ

1043 2323 1094 2358 ἐμὲ
1111 2322 1158 2349 καὶ
1186 2321 1299 2356 βέϐαιοι,
1323 2319 1394 2347 ὥστε
1414 2319 1566 2355 θαρροῦντά
1592 2328 1625 2354 με
1643 2319 1711 2355 πρὸς
1730 2319 1828 2352 αὐτοὺς

1043 2367 1131 2402 λέγειν
1149 2368 1201 2398 ὅτι,
1215 2366 1246 2392 El
1262 2366 1311 2401 μὲν
1325 2366 1439 2400 ἀρεστὸν
1458 2365 1521 2399 ὑμῖν
1535 2365 1566 2391 τὸ
1580 2365 1626 2391 ὑπ’
1645 2365 1706 2401 ἐμοί
1717 2374 1747 2392 τε
1759 2363 1828 2393 εἶναι

1043 2413 1089 2440 καὶ
1101 2414 1151 2448 τῆς
1165 2412 1323 2442 ἐπιστασίας
1337 2410 1476 2445 ἀξιοῦσθαι
1489 2411 1538 2445 τῆς
1554 2411 1633 2446 ἐμῆς,
1649 2412 1696 2438 καὶ
1708 2411 1740 2446 δὴ
1757 2420 1826 2446 παρ-

1042 2459 1118 2494 έχετέ
1134 2467 1178 2494 μοι
1190 2458 1240 2493 τῆς
1256 2457 1361 2487 εὐνοίας
1367 2457 1419 2483 καὶ
1433 2457 1481 2491 τῆς
1493 2457 1616 2492 ὑπακοῆς
1627 2457 1677 2492 τῆς
1693 2456 1827 2492 ὑμετέρας

1041 2505 1087 2531 τὸν
1105 2503 1199 2539 μισθόν
1209 2510 1216 2517 ’
1229 2503 1253 2529 εί
1280 2502 1308 2528 δὲ
1322 2502 1389 2537 βαρὺ
1403 2501 1432 2528 τὸ
1446 2502 1514 2536 πρὸς
1529 2501 1579 2536 ἐμὲ
1592 2501 1718 2533 νεύοντας
1735 2502 1828 2528 τοσού-

1041 2559 1095 2576 των
1110 2548 1256 2583 πειρᾶσθαι
1280 2547 1383 2579 κακῶν,
1401 2546 1487 2573 ὁπόσα
1507 2555 1559 2582 περ
1585 2546 1729 2580 ὑπομένειν
1746 2547 1817 2574 ἀνα-ν

1042 2595 1158 2628 κάζεσθε
1171 2594 1219 2621 νῦν
1236 2593 1310 2629 παρὰ
1319 2593 1375 2619 τῶν
1397 2592 1542 2628 πολεμίων,
1557 2593 1676 2628 φανερὰν
1697 2593 1746 2628 τῆς
1759 2592 1826 2628 ἐμῆ,

1044 2642 1204 2672 ἐπιστασίας
1239 2639 1389 2675 ποιήσασθε
1415 2639 1464 2673 τὴν
1489 2638 1664 2673 παραίτησιν.
1701 2638 1738 2673 (p.
1764 2638 1828 2667 516)

1044 2689 1156 2723 Ὅμοιον
1178 2687 1232 2722 γάρ
1256 2687 1314 2713 ἐστι
1341 2685 1380 2720 τῷ
1400 2685 1474 2720 παρά
1497 2684 1543 2710 τοῦ
1560 2683 1662 2719 Κυρίου
1683 2686 1750 2719 πρὸς
1766 2684 1827 2715 τοὺς

1045 2733 1168 2769 μαθητὰς
1181 2733 1327 2768 εἰρημένῳ,
1342 2740 1351 2757 ι
1365 2732 1410 2766 Μὴ
1424 2731 1470 2757 καὶ
1482 2731 1559 2765 ὑμεῖς
1572 2730 1662 2756 θέλετε
1679 2729 1807 2763 ὑπάγειν;
1816 2739 1824 2755 ι

1043 2780 1112 2815 ὅπερ
1124 2778 1175 2805 οὐκ
1191 2777 1354 2813 ἀποτρέπων
1367 2775 1466 2806 αὐτοὺς
1478 2775 1597 2802 συνεῖναι
1613 2773 1697 2808 λέγει,
1710 2773 1775 2800 ἀλλά
1794 2776 1828 2810 τῇ
