1983 3072
152 158 205 185 οτι
614 161 889 190 COMMENTARIUS
914 162 949 189 IN
968 163 1154 192 ZACHARl/E
1174 166 1250 194 CAP.
1273 166 1319 193 XI.
1724 167 1777 194 ωδ

151 219 230 254 φωνῇ
259 217 447 254 βεϐαιοτέρους
470 219 585 252 δεικνύς.
611 221 663 247 Τδν
686 221 767 248 αὐτὸν
788 221 820 257 δὴ
843 222 934 258 τρόποι

995 223 1092 251 Subdit
1107 232 1171 260 ergo
1183 245 1191 252 .
1214 236 1223 252 ι
1235 225 1266 252 Ει
1279 229 1432 252 statuerunt
1450 225 1600 253 mercedem
1618 233 1704 253 meam
1727 229 1776 253 tri—

152 264 294 292 κὰνταῦθα
309 265 395 299 λέγει,
411 266 452 294 ὅτι
464 266 578 302 Θαρῤὦν
595 268 685 299 αὐτοῖς
705 269 836 304 προτείνω
850 269 935 302 τοῦτο,

994 270 1068 304 ginta
1084 276 1238 305 argenteos.
1251 280 1260 296 ι
1276 270 1314 298 Ne
1326 271 1377 298 hoc
1392 271 1500 306 quidem
1515 272 1574 298 loco
1583 271 1648 299 dicit
1663 272 1775 306 triginta

151 309 231 341 εἰδὼς
245 310 286 337 ὃτι
299 310 418 344 δέξονται
436 312 466 338 τὸ
487 312 521 339 δι’
542 312 592 348 ἐμὲ
607 314 721 349 πάσχειν
736 315 838 347 κακῶς,
865 315 881 350 ἢ
910 317 934 342 ἐι

993 315 1070 349 quasi
1087 323 1241 347 numerum,
1263 315 1309 343 sed
1324 320 1353 342 ut
1367 315 1458 343 dicat:
1476 316 1586 343 Multam
1608 317 1673 344 mihi
1691 317 1775 344 bene-

150 354 300 381 ἀπολαύσει
315 355 368 382 τῶν
379 357 540 391 κρειττόνων
555 356 626 385 εἶναι
647 359 696 394 τῆς
711 360 870 392 ἐπιστασίας
887 360 933 392 ἐξα

994 361 1137 387 volentiam
1152 361 1344 395 rependerunt,
1356 369 1490 396 suumque
1501 367 1657 391 constanter
1674 364 1774 391 bonum

150 400 330 435 τυγχάνοντες
343 401 392 436 τῆς
407 402 487 437 ἐμῆς.
505 401 619 437 Ἐπάγει
635 404 725 431 τοίνυν
737 414 744 422 ·
760 414 770 431 ι
787 406 842 432 Καὶ
858 405 933 441 ἔστη·

714 414 725 430 ν
737 414 744 422 ·
760 414 770 431 ι
787 406 842 432 Καὶ
858 405 938 441 ἔστη·
993 406 1075 433 attimi
1091 406 1215 433 allectum
1231 407 1497 433 demonstraverunt.

151 454 203 473 σαν
216 447 263 474 τὸν
280 448 375 482 μισθόν
390 457 441 483 μου
455 449 601 484 τριάκοντα
615 451 758 487 ἀργυρίου.
777 462 786 478 ι
802 453 859 479 Οὐκ
872 452 987 488 ἀριθμὸν
1009 452 1068 478 οὐδὲ
1088 452 1204 479 ἐνταῦθα
1226 453 1312 486 λέγων
1336 452 1371 478 τὰ
1393 453 1547 487 τριάκοντα,
1570 453 1627 480 ἀλλ’
1649 454 1690 479 ἵνα
1710 453 1776 489 εἴπῃ

149 493 202 525 ὃτι,
218 493 322 529 Πολλὴν
346 502 390 529 μοι
413 495 463 530 τὴν
486 495 592 524 εὖνοιαν
611 497 754 540 ἀπέδωκαν
775 498 823 534 τὴν
843 499 956 531 οἰκείαν,
984 499 1030 525 καὶ
1056 498 1192 533 διέμειναν
1212 499 1261 534 τὴν
1288 498 1495 533 εὐγνωμοσύνην
1513 498 1708 529 ἐπιδεικνύντες
1728 499 1774 533 τὴν

150 539 266 568 ἑαυτῶν.

184 587 258 622 Στίχ.
271 589 422 621 ιγ’-ιε¹.-‹
441 588 496 614 Καὶ
509 587 569 614 εἷπε
581 588 682 624 Κύριος
696 590 763 625 πρός
782 599 831 625 με’
845 590 936 622 Κάθες

1023 589 1260 618 Vens.15-15.——c
1273 587 1470 622 Dixitquemihi
1485 587 1631 615 Dominus:
1644 588 1717 615 Pone
1726 597 1773 618 eos

149 632 246 664 αὐτοὺς
267 633 307 665 εἰς
327 634 358 660 τὸ
381 635 570 669 χωνευτήριον,
600 635 647 661 καὶ
662 635 757 669 σκέψαι
784 636 807 661 εί
827 635 932 670 δόκιμόν

990 638 1014 664 in
1030 637 1199 667 conﬂatorio,
1217 641 1244 662 et
1257 635 1318 661 vide
1334 643 1397 661 num
1417 634 1561 669 probatum
1580 635 1624 664 sit,
1640 635 1711 661 sicut
1724 643 1773 670 ego

148 678 234 711 ἐστιν,
253 678 283 705 ὃν
303 679 402 715 τρόπον
419 679 599 715 ἐδοκιμάσθην
611 681 681 715 ὺπέρ
696 680 800 707 αὐτῶν·
816 681 862 708 καὶ
876 681 931 707 ἔλα⁴

988 683 1118 718 probatus
1129 689 1188 709 sum
1199 688 1262 715 erga
1273 688 1329 707 eos.
1344 679 1374 706 Et
1387 680 1478 714 accepi
1496 679 1606 714 triginta
1619 684 1771 715 argenteos,

149 722 198 749 ϐον
219 724 365 759 τριάκοντα
388 725 546 761 ἁργυρίους,
568 726 615 752 καὶ
633 726 758 753 ἐνέϐαλον
778 727 875 759 αὐτοὺς
896 727 932 759 είς

986 733 1013 755 et
1032 728 1112 762 injeci
1129 735 1176 755 eos
1193 727 1220 753 in
1245 726 1354 753 domum
1373 725 1478 752 Domini
1497 725 1524 752 in
1549 725 1749 753 conﬂatorium.
1761 736 1769 752 ι

148 768 195 795 τδν
211 766 285 796 οἷκον
299 770 402 805 Κυρίου
415 771 455 802 είς
471 771 502 797 τὺ
517 771 708 807 χωνευτήριον.
730 782 739 799 ι
758 773 885 799 Βούλεται
907 773 931 798 δὲ

990 773 1082 801 Dicere
1096 773 1166 800 vult:
1185 772 1239 807 Ego
1256 779 1303 799 ceu
1323 771 1471 798 coltﬂatura
1487 771 1606 806 quadam
1622 773 1773 799 tentatione

149 815 251 848 είπεϊν,
265 814 304 841 ὅτι
326 816 430 850 Ὥσπερ
456 817 556 852 χωνείᾳ
574 817 628 843 τινὶ
649 817 687 853 τῷ
715 818 861 854 πειρασμῷ
883 819 932 845 τῶι

989 819 1121 846 malorum
1139 817 1276 853 exploravi
1294 818 1401 844 illm-um
1419 824 1482 851 erga
1495 825 1538 844 me
1547 817 1726 851 propositum,
1743 822 1772 844 ut

149 859 243 886 κακῶν
256 868 289 885 πε
293 860 442 896 ριὸέϐληκα
453 861 541 888 αὐτῶν
555 862 604 897 τὴν
623 863 688 897 περὶ
701 863 751 898 ἐμὲ
767 863 932 899 προαίρεσιν,

988 873 1181 900 cognoscerem
1209 872 1242 890 an
1261 865 1297 890 ita
1314 864 1368 890 sint
1388 871 1451 898 crga
1469 871 1512 890 me
1535 863 1658 897 probati,
1677 871 1771 898 quern-

149 905 219 932 ὥστε
245 914 278 941 με
307 907 371 932 ίδείν
397 907 421 933 εί
442 906 527 939 οὕτως
542 908 595 934 stat
615 907 839 944 δεδοκιμασμένοι
870 909 932 944 περὶ

989 911 1134 938 admodum
1159 918 1208 945 ego
1222 910 1294 942 illis;
1311 909 1335 935 id
1349 914 1399 941 est,
1421 917 1484 935 num
1500 908 1568 935 adeo
1587 908 1690 935 [inuam
1708 909 1770 935 mihi

149 951 209 987 ἐμὲ,
225 952 317 987 ὥσπερ
334 951 389 986 ἐγὼ
412 953 474 988 περὶ
490 953 589 985 αὐτῶν,
607 953 755 984 τουτέστιν,
768 955 793 980 εί
807 954 877 980 οὕτω
890 954 932 990 ps.

988 962 1096 985 servent
1111 957 1339 987 benevolentiam,
1357 960 1386 982 ut
1400 963 1450 990 ego
1468 955 1501 981 iis
1518 959 1648 982 constans
1666 955 1771 989 praebeo

148 997 230 1025 σαίαν
243 998 333 1033 ἔχουσι
348 999 410 1034 περὶ
425 1000 474 1035 ἐμὲ
483 1001 532 1035 τὴν
541 999 657 1031 εὔνοιαν,
667 1001 703 1032 ὡς
718 999 772 1034 ἐγὼ
783 1000 814 1035 δὴ
825 1000 931 1035 βεϐαίαν

986 1002 1167 1038 patrocinium
1193 1009 1293 1029 meum.
1312 1001 1422 1034 Conjeci
1447 1008 1512 1033 ergo
1538 1007 1588 1027 eos
1612 1002 1638 1027 in
1660 1001 1769 1027 domum

147 1044 239 1076 αὐτοῖς
254 1045 302 1080 τὴν
312 1045 470 1072 ἐπιστασίαν
479 1046 591 1081 παρέχω
605 1046 654 1081 τὴν
667 1047 745 1082 ἐμήν.
765 1046 930 1082 Ἐμϐέϐληκσ

987 1046 1092 1074 Domini
1109 1047 1135 1073 iu
1150 1046 1350 1073 conﬂatorium.
1367 1045 1462 1072 Merito
1475 1044 1713 1072 dixittiudomum
1725 1046 1770 1072 Do-

147 1090 238 1117 τοίνυν
250 1091 349 1123 αὐτοὺς
375 1092 414 1123 είς
427 1091 472 1118 τὸν
490 1090 564 1118 οἷκον
583 1093 686 1128 Κυρίου
701 1093 740 1124 είς
756 1093 785 1119 τὸ
799 1094 930 1129 χωνευτή-

987 1093 1132 1127 mini,lpro
1143 1099 1197 1127 qua
1218 1093 1251 1118 ab
1273 1092 1396 1118 hostibus
1413 1091 1512 1117 violata
1533 1096 1670 1118 certamen
1690 1099 1770 1118 omne

149 1145 207 1172 ριον
220 1144 227 1153 ’
245 1136 356 1168 είκότως
375 1137 406 1164 τὸ
424 1146 433 1162 ι
454 1138 494 1169 είς
511 1138 558 1164 τὸν
582 1135 655 1164 οἷκον
675 1148 684 1163 ι
703 1138 797 1170 είπὼν,
816 1140 885 1174 ὑπὲρ
904 1137 932 1167 οὗ

986 1142 1173 1172 susceperant.
1192 1138 1236 1164 Ait
1250 1138 1379 1164 nimirum
1395 1137 1456 1163 illos
1473 1137 1500 1162 in
1514 1136 1675 1163 conﬂalorio
1688 1138 1769 1163 malo-

148 1182 181 1218 δὴ
196 1182 302 1209 ἅπαντα
321 1183 367 1210 τὸν
380 1183 473 1217 ἀγῶνα
495 1183 672 1220 ὑϐριζομένου
692 1184 767 1220 παρὰ
780 1184 833 1211 τῶν
858 1186 931 1212 πολε-

985 1192 1044 1211 rum
1060 1183 1142 1218 358
1154 1184 1226 1210 visos
1241 1191 1302 1211 esse
1319 1183 1460 1218 probatos.
1471 1182 1529 1209 Jam
1544 1186 1686 1217 postquam
1704 1190 1768 1209 suo-

150 1227 219 1263 μίων
244 1225 327 1262 εἶχον,
342 1228 395 1255 εἴνα
415 1228 479 1264 ετπῃ
497 1229 538 1255 ὅτι
564 1230 609 1255 καὶ
624 1229 666 1256 διὰ
684 1230 732 1265 τῆς
751 1230 865 1265 χωνείας
880 1231 933 1258 τῶν

986 1237 1044 1257 rum
1068 1229 1283 1256 benevolentiam
1306 1228 1542 1260 commemoravit,
1565 1228 1668 1262 reliqua
1688 1228 1769 1255 verba

147 1274 240 1301 κακῶν
265 1274 393 1310 ὤφθησαν
417 1275 531 1311 δόκιμοι.
550 1276 588 1311 (ρ.
607 1276 670 1312 517)
686 1275 751 1304 Εἶτα
769 1278 882 1313 τὴντῶν
896 1280 930 1306 oi-

985 1275 1018 1302 ad
1035 1275 1149 1310 priores,
1168 1274 1193 1301 id
1208 1279 1249 1302 est
1264 1274 1297 1300 ad
1314 1278 1469 1304 extraneos,
1489 1272 1583 1300 refert.
1603 1272 1635 1300 Et
1649 1273 1768 1310 quia_re-

147 1320 230 1347 κείων
242 1320 347 1347 εὔνοιαν
362 1321 490 1356 εἰρηκὼς,
514 1322 658 1349 ἀποδίδωσι
675 1325 731 1355 τοῖς
747 1325 888 1360 προτέροις
903 1325 930 1351 τὸ

984 1325 1025 1348 tro
1034 1320 1152 1347 dixerat:
1165 1330 1172 1344 ι
1181 1319 1396 1353 Sumpisvirgam
1408 1326 1495 1347 meam
1504 1319 1654 1354 pulchram,
1668 1324 1695 1347 et
1708 1327 1767 1347 eam

145 1365 239 1392 λεῖπον
250 1374 258 1382 ο
273 1366 321 1392 καί⁸
336 1367 484 1402 ἐπειδήπερ
508 1365 584 1393 εἶπεν
604 1367 633 1394 ὲν
646 1369 702 1399 τοῖς
719 1368 876 1404 ἀνωτέροις,
892 1370 928 1397 ὃτι

983 1366 1094 1401 projeci.
1117 1365 1271 1394 naddituEt
1289 1365 1390 1400 projeci
1406 1365 1510 1399 virgam
1529 1373 1615 1392 mcam
1634 1366 1766 1399 alteram;

148 1420 158 1437 ι
179 1410 294 1438 Ἔλαϐον
318 1410 367 1446 τὴν
391 1411 487 1446 ῥάϐδον
508 1421 558 1447 μου
576 1412 625 1447 τὴν
642 1413 727 1447 καλὴν
741 1413 786 1440 καὶ
798 1413 931 1449 ἐπέρριψα

984 1411 1145 1441 funiculum,
1164 1415 1193 1437 ut
1206 1410 1391 1444 dispergerem
1409 1408 1500 1436 foedus
1517 1417 1607 1436 meum
1621 1417 1683 1436 cum
1699 1408 1767 1437 Jutla

145 1457 242 1493 αὐτὴν.
256 1467 265 1483 ι
287 1457 398 1492 ἐπάγει·
413 1467 422 1483 ι
437 1457 490 1484 Καὶ
502 1458 641 1494 ἀπέρριψαι
651 1459 700 1494 τὴν
713 1459 809 1493 ῥάϐδον
816 1460 865 1494 τὴν
872 1459 928 1486 δευ‹

985 1461 1009 1484 et
1025 1464 1087 1483 cum
1104 1456 1211 1483 lsruele.
1226 1466 1235 1482 ι
1255 1455 1281 1483 Id
1298 1460 1350 1486 est,
1362 1456 1484 1490 Regnum
1500 1459 1527 1482 et
1545 1455 1628 1489 hujus
1647 1456 1718 1482 bona
1734 1456 1768 1483 iis

144 1503 228 1538 τέραν
252 1502 282 1529 τὺ
309 1502 462 1537 σχοίνισμα,
481 1503 528 1529 τοῦ
548 1503 721 1530 διασκεδάσαι
734 1504 783 1538 τὴν
801 1503 927 1538 διαθήκην

982 1503 1069 1537 eripui
1089 1505 1200 1536 propter
1220 1509 1325 1528 morum
1349 1500 1562 1535 improbitatem.
1584 1500 1765 1528 Pulchritudi—

144 1548 195 1583 τὴν
205 1548 258 1575 ἀνὰ
274 1548 354 1584 μέσον
378 1548 463 1575 Ἰούδα
482 1549 529 1576 καὶ
549 1550 598 1576 ἀνὰ
615 1550 694 1585 μέσον
714 1551 830 1586 Ἰσραήλ.
846 1560 855 1577 ι
874 1551 927 1577 Ἵνα

986 1555 1044 1575 nem
1070 1547 1142 1574 enim
1169 1547 1315 1582 appellavit
1340 1546 1533 1575 sacerdotium.
1557 1546 1629 1580 quod
1654 1546 1769 1574 decoros

144 1594 220 1630 εἴπῃ,
233 1595 274 1621 ὅτι
287 1595 341 1620 Καὶ
351 1594 400 1630 τὴν
412 1595 549 1629 βασιλείαν
567 1596 615 1622 καὶ
628 1596 661 1622 τὰ
679 1596 710 1623 ὲκ
725 1596 827 1632 ταύτης
842 1597 927 1631 ἀγαθὰ

986 1593 1168 1628 probatosque
1194 1593 1257 1619 facit
1283 1591 1337 1618 Deo
1360 1591 1500 1618 homines:
1527 1589 1678 1617 funiculum
1704 1599 1769 1617 vero

144 1638 278 1674 περιεῖλον
291 1640 378 1666 αὐτῶν
390 1640 433 1667 διὰ
450 1640 498 1675 τὴν
517 1641 666 1677 μοχθηρίαν
678 1643 725 1668 τοῦ
733 1642 832 1678 τρόπου
842 1651 849 1658 ·
867 1642 927 1669 κάλ-

985 1645 1107 1672 regnum,
1117 1636 1188 1671 quod
1205 1636 1344 1663 dimetitur
1361 1636 1508 1671 deﬂnitque
1523 1636 1641 1663 subditis
1657 1643 1768 1670 aequum

142 1682 189 1715 λος
207 1684 256 1718 μὲν
274 1684 329 1720 γὰρ
354 1685 470 1720 κέκληκε
489 1686 538 1721 τὴν
553 1687 710 1722 ἱερωσύνην,
728 1687 765 1719 ὡς
784 1688 925 1722 εὐπρεπεῖς

982 1684 1037 1718 jus.
1054 1682 1144 1710 Veluti
1161 1687 1203 1710 est
1220 1681 1303 1709 illud:
1323 1691 1332 1707 ι
1353 1681 1414 1709 Tibi
1431 1682 1502 1709 dabo
1519 1686 1620 1708 terram
1637 1681 1765 1708 Chanaan

143 1730 191 1755 καὶ
202 1729 330 1765 δοκίμους
349 1731 534 1767 ἐργαζομένην
559 1732 635 1768 Θεῷ·
658 1733 800 1769 σχοίνισμα
825 1734 864 1767 δὲ,
880 1734 926 1770 τὴν

986 1729 1132 1758 funiculum
1147 1729 1313 1756 luereditatis
1333 1728 1552 1762 vestrae";»pro,
1565 1727 1676 1754 Terram
1698 1728 1769 1755 Cha-

144 1774 291 1810 βασιλείαν,
324 1776 363 1808 ὡς
384 1776 582 1812 διαμετροῢσαν
605 1779 653 1805 καὶ
674 1779 845 1816 διορίζουσαν
872 1781 927 1811 τοίς

984 1783 1062 1808 naan,
1079 1775 1156 1802 vobis
1168 1774 1337 1801 distribuens
1350 1778 1431 1808 atque
1453 1773 1501 1800 abs
1521 1773 1640 1807 qualibet
1657 1773 1767 1808 regione

143 1820 273 1857 ὑπηκόοις
283 1820 314 1849 ab
328 1822 442 1859 πρέπον.
460 1820 526 1851 Οέόν
537 1823 595 1851 ἐστι
608 1824 638 1851 τὺ
651 1824 740 1859 λέγον,
761 1835 771 1851 ‹
787 1826 832 1852 Σοι
849 1825 926 1852 δώσω

787 1826 832 1852 Σοι
849 1825 926 1852 δώσω
979 1822 1182 1853 disterminans.
1197 1820 1275 1848 vobis
1290 1820 1482 1855 possidendam
1499 1819 1570 1847 dedi.

142 1870 192 1905 τὴν
201 1870 252 1905 γῆν
263 1870 372 1896 Χαναὰν
389 1871 530 1906 σχοίνισμα
545 1872 726 1908 κληρονομίας
742 1873 830 1909 ὑμῶν,
843 1882 852 1898 ι
867 1872 929 1900 ἀντὶ
942 1869 988 1897 τοῦ
1001 1889 1008 1902 ,
1030 1867 1085 1904 Τὴν
1110 1868 1161 1904 γῆν
1184 1868 1293 1895 Χαναὰν
1315 1867 1378 1903 ὑμῖν
1400 1867 1493 1894 διελών
1511 1875 1540 1894 τε
1563 1867 1610 1894 καὶ
1633 1868 1778 1904 ἀφορίσας

142 1915 192 1950 τῆς
202 1915 254 1950 γῆς
269 1916 387 1951 ἁπάσης.
399 1917 500 1944 δέδωκα
511 1918 551 1949 είς
565 1918 760 1954 κληρονομίαν,

179 1961 251 1996 Στίχ.
271 1965 311 1993 ιε’,
330 1965 377 1994 ις’.
387 1978 420 1982 -—
431 1961 496 1990 Εἶτα
510 1964 557 1990 καὶ
569 1963 676 1996 δεικνὺς
689 1965 729 1990 ὅτι
743 1965 788 1991 ἐπὶ
804 1965 929 1990 πλεῖστον

1017 1958 1100 1985 Vens.
1116 1955 1348 1988 {5,16.——Postea
1365 1958 1396 1982 ut
1409 1955 1535 1982 ostendat
1550 1955 1596 1982 diu
1607 1955 1668 1984 illos
1679 1956 1705 1983 in
1721 1957 1766 1984 his

144 2008 172 2033 ἐν
185 2007 288 2039 τούτοις
314 2009 514 2048 στραφήσονται
529 2010 585 2040 τοῖς
599 2011 703 2042 κακοῖς,
721 2010 828 2044 ἐπάγεισ
843 2019 852 2035 ι
874 2009 927 2036 Καὶ

981 2005 1039 2032 fore
1051 2003 1140 2034 malis,
1159 2001 1248 2028 addit:
1261 2011 1269 2026 ι
1284 2000 1408 2035 Dixitque
1424 2000 1489 2026 mihi
1505 2000 1652 2028 Dominus:
1667 2001 1762 2029 Adhuc

143 2051 203 2079 εἷπε
218 2054 318 2089 Κύριος
333 2046 404 2090 πρός
422 2063 454 2086 με
465 2063 471 2070 ·
490 2055 551 2082 Ἔτι
562 2056 628 2083 λάϐε
645 2056 749 2091 σεαυτῷ
766 2056 850 2091 σκεύη
867 2064 926 2082 ποι-

981 2057 1058 2078 sume
1074 2048 1122 2075 tibi
1136 2055 1200 2074 vasa
1223 2046 1369 2082 pastoralia
1394 2047 1514 2081 pastoris
1538 2047 1669 2081 imperiti.
1694 2048 1764 2081 Quia

145 2098 242 2133 μενικὰ
254 2099 381 2133 ποιμένος
411 2099 539 2135 ἀπείρου*
562 2100 628 2127 διότι
651 2100 704 2127 ἰδοὺ
733 2100 788 2132 ἐγὼ
809 2100 927 2136 ἐξεγερῶ

980 2103 1044 2123 ecce
1056 2101 1106 2130 ego
1120 2093 1258 2122 suscitabo
1280 2097 1417 2128 pastorem
1434 2093 1588 2127 imperitum
1604 2101 1687 2128 super
1705 2098 1759 2121 ter-

143 2144 260 2178 ποιμένα
274 2145 386 2180 ἄπειρον
399 2146 445 2172 ἐπὶ
473 2146 522 2182 τὴν
533 2146 585 2182 γῆν
596 2155 602 2162 ι
620 2147 650 2173 τὸ
670 2147 792 2173 ἐκλεῖπον
802 2147 852 2173 οὐκ
867 2147 926 2173 ἐπι-

979 2149 1052 2169 ram:
1069 2139 1141 2176 quod
1157 2139 1246 2167 deﬁcit
1264 2146 1318 2166 non
1335 2138 1465 2168 visitabit.
1481 2142 1508 2165 et
1529 2138 1683 2174 dispersum
1708 2148 1761 2167 non

143 2189 281 2223 σκέψεται,
304 2192 351 2217 καὶ
365 2191 395 2217 τὸ
422 2192 633 2227 ὲσχορπισμένον
646 2193 676 2220 οὐ
693 2193 731 2228 μὴ
748 2192 862 2229 ζητήσῃ,
879 2193 925 2219 καὶ

978 2188 1107 2224 requiret,
1118 2191 1144 2214 et
1156 2186 1323 2213 confractum
1335 2193 1388 2211 non
1399 2185 1520 2212 sanabit:
1534 2193 1642 2213 carnem
1659 2186 1754 2214 electo-

142 2234 173 2260 τὺ
188 2235 416 2270 συντετριμμένον
439 2236 470 2262 οὐ
493 2237 530 2272 μὴ
549 2238 698 2274 κατευθύνῃ
708 2245 715 2253 ·
741 2238 774 2264 τὰ
789 2238 857 2273 κρέα
872 2237 925 2264 τῶν

979 2242 1037 2261 rum
1060 2232 1182 2261 vorabit.
1198 2235 1225 2258 et
1249 2231 1319 2258 talos
1336 2231 1444 2257 illortnn
1462 2231 1611 2258 subvertet.
1624 2241 1633 2257 ι
1656 2232 1762 2260 Rursus

143 2278 276 2306 ἐκλεκτῶν
287 2279 484 2314 καταφάγεται,
497 2281 544 2308 καὶ
557 2282 620 2314 τοὺς
634 2283 823 2318 ἀστραγάλους
835 2282 926 2309 αὐτῶν

978 2280 1022 2307 hic
1036 2278 1194 2313 imperativa
1208 2277 1292 2312 ﬁgura
1307 2283 1363 2303 rem
1379 2275 1498 2303 futuram
1507 2277 1583 2303 dicit.
1591 2276 1759 2312 Perseverat,

142 2323 295 2358 ἐκστρέφει.
315 2333 325 2349 ι
344 2324 475 2351 Ἐνταῦθα
489 2325 570 2352 πάλιν
585 2327 613 2352 ἐν
629 2325 802 2361 προστατικῷ
809 2327 925 2361 σχήματι

978 2325 1078 2360 inquit,
1097 2324 1206 2351 miseria
1225 2322 1327 2357 populi,
1340 2322 1473 2349 malorum
1496 2328 1636 2357 pastorum
1662 2331 1759 2354 causa.

141 2368 173 2394 τὸ
197 2369 323 2404 ἐσόμενον
352 2369 436 2404 λέγει.
459 2371 596 2406 Ἐπιμένει
624 2372 688 2407 γὰρ,
718 2371 809 2406 φησὶν,
832 2371 924 2406 ἡπερὶ

977 2371 1023 2406 qui
1040 2370 1118 2397 malis
1134 2369 1239 2396 artibus
1255 2368 1437 2395 sacerdotium
1455 2368 1595 2402 arripient.
1615 2369 1679 2396 Nam
1695 2377 1758 2396 vasa

141 2412 187 2439 τὸν
198 2413 261 2440 λαδν
276 2415 308 2441 ἐκ
323 2415 378 2441 τῶν
392 2415 484 2447 κακῶς
494 2417 690 2451 ποιμαινόντων
703 2417 883 2453 ταλαιπωρία,
900 2416 924 2443 οἳ

977 2416 1141 2452 pastoralia,
1162 2414 1352 2442 convenientia
1377 2414 1541 2441 sacerdotali
1567 2414 1655 2442 ollicio
1677 2423 1759 2450 opera

144 2458 375 2494 μεταχειριοῦνται
405 2460 454 2495 τὴν
466 2460 615 2496 ἱερωσύνην
636 2462 743 2493 κακῶς’
766 2462 850 2497 σκεύη
871 2461 926 2497 γὰρ

977 2462 1119 2493 denotant,
1137 2461 1236 2496 quibus
1247 2460 1316 2487 solet
1335 2459 1444 2494 liturgia
1459 2460 1563 2494 peragi.
1581 2459 1758 2494 Occupabunt

143 2504 297 2539 ποιμενικὰ,
312 2505 446 2540 ἀνήκοντα
459 2508 491 2542 τῇ
501 2506 618 2542 προϐολῇ
634 2507 683 2542 τῆς
700 2507 847 2543 ἱερωσύνης
857 2507 926 2543 ἔργα

977 2508 1079 2542 itaque,
1095 2507 1144 2539 ait,
1169 2505 1352 2533 sacerdotium
1373 2505 1424 2531 viri
1450 2505 1552 2532 nullam
1575 2506 1612 2533 rei
1635 2506 1756 2540 peritiam

142 2549 225 2584 δηλοῖ,
251 2550 284 2576 δι’
308 2547 346 2578 ὧν
363 2551 465 2588 ταύτην
481 2552 541 2585 ἔθος
555 2553 720 2580 ἐκτελεῖσθαι
740 2555 789 2589 τὴν
804 2554 925 2589 λειτουρ-

977 2554 1118 2584 habentes,
1134 2553 1234 2580 bonum
1246 2550 1385 2586 quodlibet
1401 2550 1489 2578 facere
1499 2551 1600 2584 nescii;
1613 2552 1658 2585 qui
1672 2559 1758 2587 nequc.

143 2595 215 2630 γίαν.
238 2596 430 2632 Ἐπιλήψονιαι
441 2598 538 2631 τοίνυν,
555 2600 593 2634 (p.
609 2599 671 2635 518)
685 2600 762 2636 φησὶ,
778 2600 829 2635 τῆς
845 2595 925 2635 ἱερω-

979 2597 1116 2624 inlirmum
1132 2596 1292 2628 visitabunt,
1302 2603 1390 2630 neque
1406 2595 1532 2623 absentes
1547 2597 1697 2630 requirent,
1712 2604 1758 2623 ne-

147 2641 225 2677 τύνης
252 2643 347 2678 ἄνδρες
367 2643 493 2680 οὐδεμίαν
523 2644 569 2671 τοῦ
600 2645 760 2681 πράγματος
779 2646 923 2682 ἐμπειρίαν

977 2651 1030 2678 que
1046 2642 1178 2670 medelam
1193 2642 1272 2676 aegris
1286 2642 1369 2668 ullam
1383 2641 1495 2669 aﬂ‘erent
1506 2651 1512 2668 :
1523 2642 1570 2668 sed
1583 2650 1671 2676 neque
1685 2643 1757 2669 inco-

143 2686 257 2722 ἑχοντες,
290 2688 351 2715 οὐδέ
369 2697 395 2715 τι
418 2689 547 2724 πράττειν
570 2690 624 2716 τῶν
643 2691 757 2717 δεόντων
773 2691 882 2723 εἰδότες,
898 2691 923 2718 οἳ

976 2689 1090 2716 lumium
1107 2695 1172 2715 cura
1189 2687 1244 2715 illis
1267 2688 1329 2718 erit,
1347 2691 1378 2714 ιιι
1400 2688 1426 2714 iu
1444 2695 1494 2715 sua
1509 2687 1626 2715 sanitate
1646 2695 1758 2715 conser-

143 2730 203 2758 οὔτε
214 2731 245 2758 τὸ
258 2733 408 2768 ἡσθενηκὸς
431 2734 651 2765 ἐπισκέπτονται,
666 2734 726 2761 οὔτε
739 2734 793 2761 τῶν
808 2735 923 2769 ἀφιστα-

973 2739 1080 2762 ventur.
1096 2734 1196 2762 Contra
1210 2741 1275 2761 vero
1290 2733 1398 2761 illorum
1421 2733 1468 2768 qui
1489 2733 1628 2760 meliorem
1652 2732 1756 2768 frugem

144 2776 229 2812 μένων
241 2776 353 2814 ζήτησιν
365 2778 511 2811 ποιοῦνται,
526 2778 673 2814 θεραπείαν
684 2787 714 2806 τε
733 2780 788 2806 τοῖς
799 2787 924 2806 κεκακω-

973 2784 1128 2813 sectantur,
1151 2787 1249 2807 carnes
1264 2779 1353 2815 ipsas,
1377 2779 1400 2807 si
1424 2779 1481 2807 ﬁeri
1503 2782 1607 2814 potest,
1633 2779 1754 2814 talosque

180 2863 203 2880 η
219 2862 290 2893 Psal.
309 2872 363 2898 civ,
384 2866 426 2893 Η.
