1966 3069
215 142 268 170 579

802 139 979 169 THEODORI
997 134 1240 169 MOPSUESTENI

1787 147 1845 175 580

215 201 372 232 comedunl,
386 199 589 235 quomodolibet
602 206 651 227 eos
665 202 812 227 vexantes:
825 203 852 226 et
867 199 948 226 modo
961 199 1002 234 ip—

1057 198 1144 234 μένοις
1158 199 1306 233 ἐπάγουσιν
1320 199 1447 234 οὐδεμίαν
1461 208 1467 215 ·
1483 200 1540 227 ἀλλ’
1553 200 1613 227 οὐδὲ
1624 199 1679 228 τῶν
1695 201 1780 235 ὑγιῶν
1794 203 1844 229 λό-

214 249 264 280 eis,
282 247 362 275 modo
379 246 537 275 earumdem
557 246 636 273 bonis
663 249 808 277 nocentes;
833 245 898 280 quia
923 245 1000 272 mala:

215 295 278 321 vitae
293 293 418 321 homines
433 292 515 328 349
530 292 620 320 hostili
633 292 725 319 animo
738 294 802 319 sunt
812 298 876 325 erga
890 290 1000 318 virtutis

216 344 361 368 amatores.
378 339 484 372 Quibus
508 338 584 373 gravi
608 345 671 365 cum
694 336 837 365 stomacho
860 337 999 368 inclamat,

216 385 262 413 Dei
271 384 415 420 plurimam
427 383 463 411 ob
477 391 521 410 res
533 386 608 410 actas
617 381 830 417 indignationem
839 381 999 408 declarans:

219 429 255 456 ιο
261 429 307 464 qui
318 430 430 464 pascitis
442 435 523 459 vana,
534 428 581 463 qui
594 426 784 461 derelinquitis
794 426 874 453 ores!
888 425 1000 453 Gladius

215 483 296 509 super
309 475 451 502 brachium
462 474 533 508 ejus,
545 477 572 500 et
582 480 664 507 super
674 472 784 499 oculum
795 471 856 506 ejus
864 471 1000 499 dextrum.

215 520 361 548 Brachium
376 520 437 554 ejus
456 519 583 546 dextrum
599 525 728 546 arescens
745 517 848 549 areliet,
864 520 891 544 et
905 516 1001 544 oculus

214 566 274 600 ejus
290 565 385 592 dexter
399 569 553 592 excaecatus
568 563 759 591 excrcabitur.
772 571 781 588 ι
794 562 829 588 At
843 562 916 589 enim
930 561 1001 588 haud

214 612 347 646 impunita
358 611 426 643 haec,
437 610 536 644 inquit,
546 609 623 636 vobis
636 612 727 640 erunt,
739 607 786 642 qui
803 606 932 642 pastorali
946 605 1002 633 om-

214 655 258 684 cio
270 655 303 682 ad
322 655 471 690 nequitiam
487 653 607 686 utimini,
621 657 648 681 et
663 652 709 680 Dei
725 652 854 687 populum
868 650 1002 678 occisioni

214 700 389 727 contraditis.
408 698 530 734 Namque
547 698 575 725 in
599 696 720 725 brachiis
742 697 884 730 oculisque
905 702 1003 730 poenas

216 743 308 775 luetis,
327 743 382 770 illis
397 743 506 778 quidem
520 749 635 777 prorsus
652 741 799 771 enervatis,
816 741 858 767 his
873 747 937 766 vero
953 747 1002 766 ex-

214 789 333 817 cawatis.
358 788 453 816 Dicere
471 795 553 824 porro
574 788 632 814 vult
654 787 727 814 vires
746 787 852 813 illorum
870 793 965 812 omnes
987 792 1001 812 a

214 835 307 863 divina
330 835 471 870 punitione
491 833 610 862 deletum
631 833 684 865 iri,
714 839 820 859 necnon
841 830 1002 866 inspiciendi

1050 251 1098 277 γος
1110 243 1201 275 αὐτοῖς
1211 264 1220 275 ,
1241 243 1314 275 ὅπως
1334 243 1367 270 ἃν
1389 245 1436 271 ἐπὶ
1457 245 1506 280 τῆς
1521 245 1623 277 οίκείας
1637 245 1743 280 μένοιεν
1757 247 1845 282 εὑρω-

1052 288 1143 321 στίας·
1173 289 1327 316 τούναντίον
1356 289 1406 324 μὲν
1431 287 1478 316 οὖν
1500 290 1554 316 τῶν
1578 291 1645 326 πρὸς
1665 291 1694 318 τὸ
1717 294 1845 326 κρεῖττον

1051 333 1187 368 ὁρώντων,
1203 335 1250 361 καὶ
1261 334 1309 374 τὰς
1323 335 1427 370 σάρκας
1441 336 1465 362 εί
1481 333 1535 362 οἷόν
1548 345 1588 369 τε,
1603 337 1650 362 κα)⁸
1659 337 1725 368 τοὺς
1740 337 1845 372 ἀστρα-

1051 378 1152 410 γάλους
1167 379 1348 412 κατεσθίουσι,
1362 381 1443 407 παντὶ
1460 381 1552 416 τρόπῳ
1567 381 1660 413 κακῶς
1673 381 1770 414 αὐτοὺς
1785 382 1845 409 δια-

1050 424 1183 456 τιθέντες·
1200 425 1247 452 καὶ
1261 425 1295 452 τὰ
1313 426 1363 461 μὲν
1375 426 1477 458 αὐτοῖς,
1491 427 1526 453 τὰ
1542 427 1570 454 δὲ
1584 428 1641 459 τοῖς
1654 428 1843 462 προσήκουσιν

1052 469 1142 501 αὐτοῖς
1151 469 1352 506 λυμαινόμενοι,
1372 472 1465 508 ἐπειδὴ
1483 473 1550 508 πρὸς
1564 473 1594 499 τὸ
1609 474 1699 508 χεῖρον
1711 474 1842 509 ρέποντε,

1052 515 1126 542 αὐτοὶ
1153 515 1289 551 πολεμίως
1311 516 1404 553 έχουσι
1428 518 1496 553 πρὸς
1510 519 1572 550 τοὺς
1592 518 1639 544 τοῦ
1654 519 1758 550 δέοντος
1774 519 1828 554 ὲρα

1053 560 1118 591 στάς
1126 569 1132 575 ο
1147 558 1187 592 οἷς
1199 561 1288 594 καλῶς
1299 562 1368 597 μετὰ
1374 563 1618 600 ἀποδυσπετήσεως
1625 564 1722 598 ἐπάγει
1729 564 1842 599 πολλῆς,

1052 605 1192 640 ἐμφαίνων
1220 607 1268 642 τὴν
1293 608 1337 634 ἐπὶ
1354 610 1409 640 τοῖς
1425 609 1577 644 γινομένοις
1591 609 1776 645 ἀγανάκτησιν
1793 609 1842 636 τοῦ

1052 651 1119 677 Θεοῦ
1133 651 1261 688 πλείστην
1275 652 1367 681 οὖσαν.
1383 664 1392 680 ‹
1409 655 1441 680 Ὢ
1450 656 1475 681 οἱ
1489 655 1677 690 ποιμαίνοντες
1684 656 1717 681 τὰ
1727 655 1842 690 μάταια,

1053 695 1100 722 καὶ
1114 697 1338 731 καταλελοιπότες
1361 699 1396 725 τὰ
1420 699 1562 735 πρόϐαταυ
1587 700 1708 736 μάχαιρα
1732 700 1779 726 ἐπὶ
1792 709 1843 726 του

1053 740 1194 776 βραχίονος
1206 744 1301 775 αὐτοῦ.
1321 745 1368 772 καὶ
1384 745 1429 771 ἐπὶ
1456 745 1502 772 τὸν
1531 745 1670 781 ὀφθαλμὸν
1692 746 1773 772 αὑτοῦ
1794 746 1843 772 τὸν

1052 785 1138 818 δεξιόν
1148 795 1154 801 ·
1170 788 1184 813 ὁ
1196 787 1316 823 βραχίων
1331 790 1413 816 αὑτοῦ
1425 790 1618 826 ξηραινόμενος
1629 791 1842 827 ξηρανθήσεται.

1053 831 1099 858 καὶ
1111 833 1125 858 ὁ
1143 833 1279 869 ὀφθαλμὸς
1294 836 1376 862 αὑτοῦ
1394 838 1408 863 ὁ
1424 836 1510 869 δεξιὸς
1528 837 1743 872 ἑκτυφλούμενος
1760 838 1828 863 ὲκτυ

214 885 328 909 caeteros
347 880 516 908 facultatem.
532 879 579 907 His
594 879 736 914 subiungit
750 888 756 906 :

1057 877 1231 914 ρλωθήσεται.
1246 890 1255 906 ι
1267 881 1405 918 Ἀλλὰγὰρ
1418 883 1468 909 οὐκ
1481 882 1642 918 ἀτιμώρητα
1656 871 1740 910 ταῦτα
1750 882 1842 913 ἔσται.

214 930 307 964 φησὶν,
322 929 385 964 ὑμῖν
401 929 456 960 τοῖς
469 927 515 954 ἐπὶ
527 927 642 962 κακῷτῇ
658 927 792 962 ποιμασίᾳ.
804 925 991 962 κεχρημένοις.
1011 924 1059 950 καὶ
1078 925 1147 960 πρὸς
1174 927 1280 963 σφαγὴν
1307 928 1468 956 ὲκδεδωκὸσι
1478 929 1525 956 τοῦ
1541 929 1608 956 Θεοῦ
1623 930 1669 957 τὸν
1690 929 1752 956 λαόν
1762 937 1769 943 ·
1799 930 1843 961 είς

219 977 268 1012 γὰρ
284 977 348 1008 τοὺς
358 975 503 1010 βραχίονας
518 975 566 1001 καὶ
583 974 646 1006 τοὺς
656 973 811 1008 ὀφθαλμοὺς
825 972 924 999 δώσετε
946 971 1034 1005 δίκην,
1052 971 1106 998 τῶν
1130 973 1179 1008 μὲν
1194 976 1401 1010 μαραινομένων
1419 977 1566 1009 παντελῶς,
1581 977 1634 1003 τῶν
1650 977 1678 1003 δὲ
1694 976 1828 1011 ὲκτυφλου

215 1023 315 1058 μένων·
348 1022 472 1057 βούλεται
494 1021 523 1046 δὲ
550 1020 637 1047 εἰπεῖν
657 1020 697 1046 ὅτι
717 1019 763 1046 καὶ
779 1019 795 1054 ἡ
814 1019 890 1053 ἰσχὺς
910 1016 999 1043 αὐτῶν
1013 1016 1089 1043 πᾶσα
1106 1017 1151 1045 διὰ
1173 1019 1222 1054 τῆς
1232 1021 1365 1057 τιμωρίας
1393 1022 1604 1058 ἀφαιρεθήσεται
1625 1022 1675 1058 τῆς
1690 1022 1774 1055 θείας,
1791 1021 1843 1049 καὶ

215 1072 229 1107 ἡ
245 1070 353 1104 ἐξουσία
367 1068 415 1095 τοῦ
431 1068 518 1095 δοκεῖν
538 1068 638 1103 ὲφορᾷν
659 1066 771 1103 ἑτέροις.
788 1065 896 1098 Τούτοις
913 1064 1029 1098 ἐπάγει·

528 1113 605 1141 CAP.
622 1113 682 1140 XII.

1376 1116 1454 1143 ΚΕΦ.
1464 1117 1514 1145 IB’.

247 1162 332 1189 Vsns.
348 1161 407 1189 1-5.
416 1175 451 1181 -
464 1169 473 1186 ι
483 1159 642 1194 Assumptio
652 1158 727 1186 verbi
751 1158 857 1185 Domini
868 1164 949 1193 super
959 1157 999 1184 ls-

1088 1157 1162 1193 Στίχ.
1193 1162 1264 1194 α’-γ¹.
1280 1176 1315 1181 -
1332 1169 1342 1187 ι
1362 1162 1465 1197 Λῆμμα
1489 1161 1567 1196 λόγου
1589 1162 1691 1198 Κυρίου
1718 1161 1764 1188 ἐπὶ
1794 1161 1841 1188 τδν

215 1208 281 1235 rael.
294 1207 364 1235 Dicit
374 1206 502 1234 Dominus
510 1205 555 1240 qui
567 1204 688 1232 extendit
701 1205 811 1236 coelum,
822 1203 1002 1231 fundavitter-

1060 1202 1183 1240 Ἰσραήλι
1209 1205 1281 1240 λέγει
1312 1207 1412 1242 Κύριος
1435 1208 1563 1234 ἐκτείνων
1583 1208 1629 1234 τὸν
1647 1207 1770 1243 οὐρανὸν,
1794 1207 1843 1234 καὶ

215 1262 286 1285 ram,
294 1257 322 1280 et
328 1252 404 1279 tinxit
413 1251 540 1286 spiritum
549 1249 700 1277 hominisin
708 1257 752 1276 eo.
759 1258 768 1274 ι
785 1248 812 1275 Id
821 1253 873 1278 est.
882 1247 943 1275 “RCC
954 1255 1002 1282 per

1057 1248 1186 1284 θεμελιῶν
1211 1252 1261 1287 τὴν
1290 1252 1352 1287 γῆν,
1381 1253 1508 1280 πλάσσων
1533 1253 1642 1289 πνεῦμα
1654 1253 1798 1288 ἀνθρώπου
1812 1253 1841 1279 ἑν

216 1299 410 1328 revelationem
424 1305 439 1324 a
453 1296 508 1324 Deo
523 1295 588 1323 mihi
601 1295 737 1330 patefacta
752 1295 849 1327 recito,
865 1294 910 1328 qui
926 1301 1002 1320 crea-

1057 1295 1137 1331 αὐτῷ.
1159 1306 1168 1322 ι
1188 1298 1246 1324 ’Ὶνα
1261 1299 1335 1334 εἴπῃ.
1351 1300 1389 1334 (p.
1405 1300 1466 1334 519)
1482 1299 1574 1326 Ταῦτα
1585 1300 1656 1327 κατὰ
1670 1299 1841 1333 ἀποκάλυψίν

215 1351 259 1373 tor
272 1352 361 1373 rerum
370 1343 491 1371 omnium
500 1345 551 1374 est,
563 1341 689 1376 idemque
698 1341 833 1368 hominem
845 1340 1001 1374 fecit,eique

1057 1353 1101 1379 μοι
1119 1343 1258 1379 δειχθέντα
1276 1344 1352 1380 παρὰ
1375 1345 1422 1372 τοῦ
1440 1345 1507 1372 Θεοῦ
1521 1345 1602 1380 λέγω,
1618 1345 1648 1378 ὃς
1664 1345 1779 1381 ποιητὴς
1791 1345 1842 1380 μὲν

218 1392 335 1419 animam
352 1393 379 1417 et
397 1387 577 1416 ratiocinandi
599 1387 653 1414 vim
678 1386 832 1419 impertitus
850 1390 902 1413 est.
919 1385 1001 1418 Quasi

1057 1390 1181 1417 ἁπάντων
1192 1390 1250 1416 ἐστὶ
1263 1389 1316 1417 τῶν
1327 1390 1422 1420 ὅντων.
1437 1391 1517 1422 αὐτὸς
1527 1391 1556 1417 δὲ
1570 1391 1618 1418 καὶ
1634 1390 1775 1426 ἄνθρωπον
1791 1399 1842 1418 πε-

217 1438 291 1465 dicat
317 1436 400 1463 Deum
420 1438 451 1461 ut
469 1434 555 1461 voluit
571 1432 747 1460 c0nsensisse
766 1436 795 1458 ut
807 1433 866 1458 haec
894 1430 1002 1463 lierent,

1057 1436 1164 1472 ποίηκε,
1177 1436 1264 1471 ψυχῆς
1282 1445 1312 1462 τε
1324 1436 1397 1471 αὐτῷ
1411 1437 1458 1464 καὶ
1465 1437 1620 1472 προθέσεως
1631 1437 1743 1472 λογικῆς
1759 1446 1843 1472 μετα-

217 1483 265 1519 qui
288 1485 381 1516 utpote
402 1479 524 1507 omnium
545 1478 678 1505 Dominus
692 1477 816 1505 concedit
836 1477 1003 1508 hominibus,

1057 1482 1129 1514 Βοῦς·
1158 1482 1202 1508 ἵνα
1224 1481 1289 1517 εἴπῃ
1315 1482 1356 1508 ὅτι
1373 1482 1410 1514 ὡς
1427 1481 1564 1517 ὴὸουλήθη
1588 1482 1653 1514 Θεὸς
1670 1482 1841 1517 συνεχώρησε

218 1537 281 1557 cum
295 1528 319 1555 ei
335 1526 455 1558 libuerit,
467 1525 539 1560 quod
555 1524 690 1551 voluerint
700 1524 840 1559 perlicere.
856 1523 926 1556 Quid
940 1530 1005 1557 ergo

1057 1528 1138 1554 ταῦτα
1147 1527 1283 1562 γενέσθαι,
1300 1527 1329 1559 ὃς
1345 1527 1392 1554 ἅτε
1403 1527 1511 1554 πάντων
1528 1527 1629 1563 Κύριος
1645 1529 1782 1563 συγχωρεῖ
1795 1528 1843 1554 καὶ

219 1576 274 1608 hic,
294 1574 371 1610 quid,
390 1573 508 1606 inquam,
525 1570 673 1598 dicitTtEn
683 1577 733 1604 ego
749 1576 820 1604 pono
835 1567 1003 1597 Hierusalem

1057 1572 1206 1608 ἀνθρώποις
1220 1573 1294 1599 ὁπότ’
1309 1573 1342 1600 ἃν
1359 1573 1485 1600 ὲθέλοιτὰ
1500 1573 1629 1600 δοκοῦντα
1639 1574 1729 1605 αὐτοῖς
1744 1575 1841 1600 ποιεῖν.

220 1627 250 1650 ιιι
263 1620 398 1658 propylaea
411 1617 606 1646 commovenda
621 1617 730 1644 cunctis
745 1616 772 1643 in
789 1615 906 1643 circuitu
920 1623 1006 1651 popu-

220 1669 265 1699 lis,
281 1671 308 1694 et
322 1666 348 1693 in
363 1664 454 1692 Judaaa
467 1663 520 1691 erit
536 1662 643 1690 obsidio
656 1661 786 1689 adversus
801 1661 981 1689 Hierusalem.
992 1670 1003 1686 ι

223 1713 277 1749 Ego
289 1713 390 1747 itaque,
404 1709 503 1744 inquit,
520 1711 631 1743 propter
646 1706 799 1734 incolarum
817 1705 947 1733 malitiam
962 1705 1005 1732 in-

221 1757 342 1785 ﬁrmitati
356 1754 456 1783 tradidi
470 1753 594 1790 plurimae
603 1752 785 1784 Hierusalem,
800 1756 830 1778 ut
840 1751 948 1779 cunctis
959 1758 1007 1778 vo-

221 1803 341 1831 lentibus
356 1801 435 1829 liceat
452 1801 538 1834 ipsam
552 1799 663 1835 aggredi
683 1804 708 1826 et
722 1801 802 1833 prout
817 1797 927 1825 libuerit
940 1804 1007 1825 con-

220 1853 315 1876 cutere
325 1857 334 1882 ;
345 1846 417 1874 unde
427 1846 509 1873 etiam
523 1853 537 1872 a
553 1844 748 1872 Macedonibus
759 1844 868 1879 regibus
882 1848 1006 1871 coortum

221 1893 303 1929 350
315 1895 357 1920 est
371 1891 482 1919 bellum.
504 1899 513 1916 I
523 1891 556 1917 Et
569 1890 621 1918 erit
635 1890 679 1917 die
695 1890 740 1916 ilia
761 1897 859 1924 ponam
878 1889 1007 1918 Hierusa-

222 1939 274 1966 lem
288 1936 404 1972 lapidem
415 1935 604 1963 conculcatum
612 1935 647 1962 ab
657 1934 786 1962 omnibus
794 1934 930 1969 gentibus.
942 1934 1008 1967 Qui-

221 1990 329 2018 cunque
343 1981 545 2009 conculcaverit
557 1987 629 2012 eam,
645 1979 762 2008 illudens
781 1979 886 2011 illudet,
901 1984 928 2007 et
942 1987 1008 2007 con-

222 2028 408 2063 gregabuntur
432 2026 562 2053 adversus
585 2032 645 2052 eam
671 2031 767 2052 omnes
787 2029 881 2060 gentes
895 2028 1004 2052 terra.»

223 2073 293 2100 Ilinc
299 2080 357 2100 eam
365 2071 493 2099 invadent
500 2070 658 2106 alienigenae
666 2078 673 2102 ;
681 2070 844 2106 cunctisque
858 2071 1008 2098 invadenti-

224 2119 275 2146 lus
297 2118 412 2145 facultas
432 2117 484 2145 erit
507 2115 622 2143 faciendi
647 2115 673 2142 ei
697 2116 829 2150 quidquid
853 2116 1006 2151 voluerint;

222 2173 286 2194 nam
302 2165 390 2196 multi,
407 2163 445 2190 rei
462 2162 545 2197 hujus
558 2169 652 2194 causa,
671 2168 765 2189 contra
781 2171 841 2190 earn
858 2164 1007 2198 congloba-

223 2212 335 2240 buntur.
358 2209 459 2237 Deinde
481 2207 604 2236 recitatis
629 2208 842 2240 calamitatibus,
867 2216 928 2243 quae
952 2209 1008 2236 Deo

1055 1618 1088 1644 Τί
1102 1615 1148 1645 οὖν
1164 1615 1255 1650 οὖτοςς
1268 1618 1295 1645 τί
1311 1626 1409 1652 φησιν;
1429 1627 1438 1643 ι
1464 1618 1529 1645 Ἰδοὺ
1549 1617 1603 1652 ἐγὼ
1619 1618 1713 1653 τίθημι
1726 1617 1776 1653 τὴν
1796 1618 1844 1644 Ἰε-

1056 1662 1197 1698 ρουσαλὴμ
1225 1662 1261 1694 ὡς
1287 1662 1411 1698 πρόθυρα
1432 1663 1597 1697 σαλευόμενα
1612 1663 1678 1689 πᾶσι
1695 1663 1750 1693 τοῖς
1768 1662 1843 1694 λαοῖς

1055 1708 1158 1743 κύκλῳ⁹
1173 1708 1219 1735 καὶ
1232 1708 1260 1734 ὲν
1273 1709 1306 1743 τῇ
1325 1708 1439 1744 Ἰουδαίᾳ
1465 1709 1541 1736 ἔσται
1557 1709 1670 1744 περιοχὴ
1681 1708 1726 1735 ὲπὶ
1745 1709 1843 1743 Ἰερου-

1056 1754 1156 1789 σαλήμ.
1179 1763 1188 1780 ι
1209 1753 1280 1788 Ἐγὼ
1293 1754 1394 1785 τοίνυν,
1417 1755 1493 1789 φησὶ,
1506 1755 1551 1782 διὰ
1565 1754 1614 1790 τὴν
1628 1754 1680 1781 τῶν
1697 1754 1843 1781 οἰκούντων

1055 1800 1153 1827 κακίαν
1170 1799 1295 1834 ἀσθενείᾳ
1313 1799 1492 1835 παραδέδωκα
1511 1800 1625 1836 πλείστῃ
1640 1799 1689 1836 τὴν
1709 1800 1843 1835 Ἰερουσα-

1055 1845 1121 1881 λὴμ,
1138 1845 1208 1872 ὥστε
1228 1847 1311 1873 πᾶσιν
1326 1846 1425 1879 ἐξεῖναι
1438 1847 1494 1877 τοῖς
1510 1845 1680 1880 βουλομένοις
1693 1845 1798 1872 ἐπιέναι
1812 1853 1841 1872 τε

1056 1892 1124 1926 αὐτῇ
1139 1892 1185 1918 καὶ
1199 1891 1320 1919 σαλεύειν
1332 1892 1370 1924 ὼς
1380 1892 1413 1919 ἂν
1432 1891 1558 1925 ἐθέλοιεν,
1568 1891 1629 1918 ὅθεν
1640 1891 1672 1926 δὴ
1688 1891 1735 1918 καὶ
1744 1891 1758 1917 ὁ
1768 1891 1844 1927 παρὰ

1055 1938 1109 1965 τῶν
1126 1938 1292 1970 Μακεδονίας
1318 1937 1449 1973 βασιλέων
1462 1937 1552 1968 αὐτοῖς
1567 1937 1750 1971 ἐπεγήγερται
1763 1936 1842 1963 πόλε-

1057 1993 1117 2019 μος.
1135 1993 1143 2009 ι
1162 1984 1216 2011 Καὶ
1243 1984 1318 2010 ἔσται
1334 1984 1363 2010 ὲν
1385 1984 1418 2019 τῇ
1438 1983 1529 2019 ἡμέρᾳ.
1550 1982 1642 2018 έκείνῃ
1660 1982 1777 2017 θήσομαι
1792 1981 1843 2018 τὴν

1062 2029 1235 2066 Ἰερουσαλὴμ
1250 2029 1322 2056 λίθον
1341 2029 1581 2064 καταπατούμενον
1590 2029 1655 2055 πᾶσι
1673 2029 1727 2059 τοῖς
1738 2027 1840 2054 ἔθνεσι·

1056 2077 1110 2108 πᾶς
1129 2077 1144 2102 ὁ
1171 2075 1338 2102 καταπατῶν
1351 2075 1434 2109 αὐτὴν
1451 2074 1591 2110 ὲμπαίζων
1609 2073 1780 2108 ὲμπαίξεται.
1795 2073 1841 2100 καὶ

1057 2120 1298 2155 ὲπισυναχθήσεται
1312 2119 1354 2146 ἐπ’
1370 2119 1454 2154 αὐτὴν
1467 2119 1553 2145 πάντα
1569 2119 1602 2145 τὰ
1617 2118 1680 2153 ἔθνη
1693 2117 1742 2151 τῆς
1754 2119 1814 2152 γῆς.
1828 2127 1838 2143 ›

1063 2165 1201 2192 Ἐντεῦθεν
1215 2164 1300 2200 αὐτὴν
1317 2164 1492 2199 ὲπιϐήσονται
1513 2164 1560 2199 μὲν
1573 2163 1717 2198 ἀλλότριοι.
1733 2163 1800 2188 πᾶσι
1814 2162 1842 2189 δὲ

1056 2213 1112 2243 τοῖς
1135 2211 1319 2238 ἐπιϐαίνουσιν
1348 2210 1424 2237 ἄδεια
1439 2211 1581 2245 γενήσεται
1600 2209 1646 2236 τοῦ
1661 2208 1789 2244 πράττειν
1803 2209 1842 2240 εἰς

224 2257 396 2293 permittente
407 2257 563 2285 evenerant,
575 2253 641 2281 dicit
655 2254 774 2280 futuram
790 2254 816 2281 in
831 2255 928 2284 melius
941 2263 1004 2282 con-

1060 2257 1143 2293 αὐτὴν
1160 2257 1230 2293 ἅπερ
1241 2257 1273 2284 ἂν
1287 2257 1414 2288 ὲθέλοιεν,
1430 2256 1477 2283 ἅτε
1492 2256 1538 2282 καὶ
1550 2255 1652 2282 πολλῶν
1665 2254 1841 2290 ἀθροισθησο-

225 2302 488 2335 vcrsionem,-quatu
504 2298 558 2326 Deo
571 2299 678 2326 volente
693 2299 882 2333 experientur.

1062 2304 1149 2339 μένων
1161 2303 1203 2329 ἐπ’
1217 2303 1312 2338 αὐτὴν,
1322 2303 1416 2329 τούτου
1431 2311 1462 2336 γε
1472 2302 1563 2329 ¹ἐνειιεν
1572 2309 1579 2316 ·
1595 2298 1653 2327 εἶτα
1668 2300 1785 2336 εἰρηκὼς
1794 2301 1842 2332 τας

225 2346 367 2382 συμφορὰς
381 2345 418 2376 ὡς
439 2343 510 2371 κατὰ
532 2342 703 2378 συγχώρησιν
723 2342 769 2369 τοῦ
789 2343 855 2370 Θεοῦ
875 2346 1035 2381 γενομένας,
1050 2347 1124 2382 λέγει
1145 2347 1237 2374 λοιπὸν
1253 2347 1300 2375 καὶ
1324 2348 1373 2383 τὴν
1392 2347 1438 2374 ἐπὶ
1451 2347 1481 2374 τὸ
1493 2347 1616 2383 κρεῖττον
1630 2345 1790 2382 μεταϐολὴν,
1810 2346 1842 2382 ἢν

225 2393 314 2426 ἕξουσι
323 2392 370 2419 τοῦ
386 2390 452 2418 Θεοῦ
466 2389 650 2426 βουληθέντος.

265 2439 347 2467 Vens.
357 2439 467 2472 l,5.—t
481 2437 528 2465 Die
538 2436 593 2470 illa,
602 2436 668 2463 dicit
678 2435 809 2465 Dominus
823 2438 1009 2474 omnipotens,

225 2484 375 2520 percutiam
394 2490 502 2510 omnem
526 2489 627 2517 equum
646 2485 769 2517 stupore,
790 2487 817 2510 et
835 2491 1008 2513 ascensorem

227 2532 288 2566 ejus
302 2530 428 2557 amentia.
452 2529 540 2564 Super
558 2528 668 2556 domum
686 2531 776 2556 autem
797 2527 874 2557 Iudae
889 2532 1009 2566 aperiam

227 2576 321 2604 oculos
333 2583 418 2607 meos,
433 2579 461 2602 et
476 2583 570 2603 omnes
584 2583 669 2610 equos
683 2575 844 2610 populorum
859 2578 1009 2612 percutiam

228 2623 360 2649 excitate.
378 2620 409 2647 Et
424 2620 515 2648 dicent
528 2621 630 2650 tribuni
641 2619 718 2648 Iudae
730 2628 826 2649 omnes
840 2622 868 2649 in
880 2624 1010 2652 cordibus

227 2669 302 2695 suis:
320 2665 490 2692 Inveniemus
505 2666 583 2694 nobis
601 2665 708 2693 incolas
720 2665 889 2694 Hierusalem
907 2669 934 2695 in
955 2669 1010 2696 Do-

228 2713 303 2740 mino
329 2710 513 2746 omnipotente
540 2711 594 2738 Deo
619 2712 752 2746 Ipsorum.
773 2721 782 2738 ι
818 2711 1010 2742 Verumtamen

229 2756 301 2785 haud
319 2764 405 2792 usque
420 2755 452 2783 ad
473 2756 670 2783 extremitatem
691 2756 732 2783 eis
746 2757 879 2784 malorum
900 2765 1010 2786 sensum

230 2800 332 2829 intendi
361 2802 459 2833 sinam,
477 2800 524 2829 sed
537 2801 655 2828 subitum
669 2801 776 2828 cunctis
791 2802 916 2836 praebebo
931 2804 1010 2831 auxi-

228 2848 313 2882 lium;
338 2855 434 2883 nempe
455 2854 502 2883 per
524 2845 583 2874 illos
597 2846 642 2882 qui
661 2852 721 2872 meo
738 2846 878 2876 confidunt
892 2849 1007 2882 auxilio,

1095 2439 1169 2474 Στίχ.
1184 2438 1217 2470 δ’,
1225 2441 1256 2465 ε’.
1269 2452 1305 2458 --
1319 2447 1328 2463 ι
1345 2438 1390 2464 Ἐν
1405 2439 1438 2473 τῇ
1449 2437 1540 2472 ἡμέρᾳ
1547 2436 1646 2472 ἐκείνῃ,
1655 2435 1728 2469 λέγει
1741 2435 1842 2472 Κύριος

1059 2485 1266 2520 παντοκράτωρ.
1283 2483 1394 2515 πατάξω
1411 2483 1498 2509 πάντα
1512 2482 1594 2508 ἵππον
1607 2482 1636 2507 ὲν
1647 2481 1784 2511 ἐκστάσει,
1797 2481 1842 2507 καὶ

1059 2531 1105 2557 τὸν
1121 2529 1260 2565 ἀναὸἀτην
1284 2528 1365 2555 αὺτοῦ
1391 2529 1419 2555 ὲν
1448 2527 1670 2564 παραφρονήσει⁸
1688 2527 1735 2554 ἐπὶ
1757 2527 1785 2553 δὲ
1797 2527 1842 2554 τὸν

1059 2574 1133 2603 οἶκον
1149 2575 1234 2603 Ἰούδα
1249 2574 1346 2607 ἅνοίξω
1359 2574 1420 2606 τοὺς
1431 2572 1586 2609 ὀφθαλμούς
1601 2581 1661 2608 μοι),
1677 2573 1725 2599 καὶ⁸
1740 2573 1842 2605 πάντας

1059 2623 1122 2654 τοὺς
1133 2622 1233 2652 ἵππους
1248 2620 1301 2646 τῶν
1313 2620 1383 2646 λαῶν
1399 2620 1510 2652 πατάξω
1531 2619 1560 2646 ὲν
1576 2617 1762 2653 ἀποτυφλώσει
1774 2626 1782 2633 ·
1796 2619 1841 2645 καὶ

1060 2667 1168 2702 ὲροῦσιν
1190 2667 1214 2694 οἱ
1237 2666 1370 2701 χιλίαρχοι
1389 2665 1473 2692 Ἰούδα
1487 2665 1585 2697 πάντες
1599 2665 1628 2691 ὲν
1641 2665 1699 2695 ταῖς
1718 2663 1841 2698 καρδίαις

1061 2713 1161 2745 αὐτῶν,
1177 2713 1214 2747 (ι).
1227 2710 1453 2747 520)Εὺρήσομεν
1462 2711 1565 2742 ἑαυτοῖς
1576 2710 1638 2740 τοὺς
1652 2708 1841 2740 κατοικοῦντας

1067 2757 1244 2794 Ἰερουσαλὴμ.
1260 2759 1289 2785 ὲν
1304 2757 1398 2792 Κυρίῳ
1421 2756 1617 2791 παντοκράτορι
1636 2754 1695 2789 Θεῷ
1715 2753 1816 2780 αὐτῶν.
1830 2763 1840 2780 ι

1067 2804 1146 2831 vim
1171 2804 1226 2839 γὰρ
1255 2803 1304 2830 οὐκ
1325 2804 1365 2834 εἰς
1380 2803 1454 2834 τέλος
1468 2803 1558 2834 αὐτοῖς
1572 2799 1750 2828 ἐπιτείνεσθαι
1771 2800 1842 2826 ἐάσω

1060 2849 1114 2876 τῶν
1132 2849 1225 2876 κακῶν
1250 2848 1298 2884 τὴν
1329 2849 1437 2883 πεῖραν,
1465 2847 1566 2883 ἁθρόαν
1589 2846 1616 2872 δὲ
1633 2845 1732 2872 ἅπασιν
1751 2843 1840 2877 αὐτοῖς
