1966 3069
127 165 177 194 681

603 161 882 190 COMMENTARIUS
898 160 932 188 IN
952 160 1140 189 ZACHARIIE
1155 161 1233 189 CAP.
1251 161 1309 189 XII.

1699 163 1754 193 δεε

127 220 238 257 παρέξω
262 220 313 256 τὴν
335 219 470 255 βοήθειαν,
492 219 538 246 καὶ
554 219 597 246 διὰ
621 220 675 245 τῶν
691 219 758 255 πρὸς
772 220 823 254 τὴν
843 219 907 255 ὲμὴι

965 219 1088 254 intelligit
1104 222 1195 246 autem
1209 218 1390 250 Machabaos,
1404 223 1533 246 cunctam
1555 218 1664 247 hostilis
1676 221 1754 255 equi-

125 266 250 302 ὁρώντων
278 266 404 302 βοήθειαν
435 265 570 300 (βούλεται
595 265 623 292 δὲ
643 265 698 292 τῶν
723 265 911 292 Μακκαδαίων

125 312 222 347 εἰπεῖν)
239 313 328 339 πᾶσαν
339 312 388 347 τὴν
407 310 523 346 ἱππικὴν
533 311 589 338 τῶν
601 311 729 338 ἐναντίων
746 311 912 344 καταπλήξω

124 359 248 394 δύναμιν,
274 359 343 385 ὥστε
374 358 421 384 καὶ
445 358 509 390 τοὺς
532 357 730 393 ὲπιὸεσηκότας
752 357 842 385 αὐτῶν
871 357 912 389 εἰς

125 406 240 441 παντελῆ
254 405 467 441 παραφροσύνην
480 404 518 440 τῷ
535 404 643 440 μεγέθει
657 405 710 431 τῶν
721 404 812 431 κακῶν
825 404 912 439 ἐμπε-

124 453 191 478 σεῖν.
205 451 260 477 Καὶ
273 450 358 478 ταῦτα
371 451 419 485 μὲν
433 451 499 486 περὶ
509 451 572 482 τοὺς
587 450 724 482 ἐναντίους
739 450 892 486 ἐργάσομαι
901 458 909 466 ·

121 498 177 529 τοῖς
190 496 218 524 δὲ
233 496 265 524 ὲκ
279 497 328 532 τῆς
349 495 433 523 Ἰούδα
459 495 556 531 φυλῆς,
570 495 599 529 ἐξ
613 493 703 532 ἧσπερ
731 493 801 531 ἦσαν
824 495 870 522 καὶ
886 495 911 521 οἱ

120 541 268 578 ἡγούμενοι
285 541 332 569 τοῦ
348 541 467 578 πολέμου
484 541 669 573 Μακκαὸαῑοι,
685 540 735 577 τήν
753 549 783 568 τε
798 541 912 576 ὲποψίαν

121 588 167 616 καὶ
178 587 229 624 τὴν
239 587 403 623 κηδεμονίαν
414 587 525 624 παρέξω
535 588 585 623 τὴν
596 586 676 622 ἐμὴν,
689 587 762 614 ἅπαν
776 587 830 614 τῶν
838 588 912 614 ὲναν-

102 662 107 669 _
120 633 184 661 τίων
197 633 230 660 τὸ
243 634 355 661 ἱππικὸν
370 634 408 666 ὡς
416 634 449 661 ἂν
458 633 593 669 τυφλώσει
607 635 660 661 τινὶ
670 634 852 670 περιϐάλλων,
865 633 912 661 καὶ

119 678 204 711 οὕτως
221 679 362 715 ἄπρακτον
375 679 447 706 κατά
456 679 510 707 τῶν
521 680 583 715 ἐμοὶ
596 680 789 716 προσηκόντων
801 679 886 706 ποιῶν
899 687 907 695 ⁸

119 724 218 760 τότεδὴ
231 724 326 752 λοιπὸν
339 726 364 752 οἰ
377 725 523 761 ἡγούμενοι
533 726 580 753 τοῦ
594 725 677 753 Ἰούδα
690 726 852 762 ᾑσθήσονται
867 726 908 752 ὅτι

120 777 171 806 περ
185 770 279 802 αὐτοῖς
290 770 364 797 ἄδεια
378 770 482 798 δέδοται
506 771 582 807 παρά
606 771 653 798 τοῦ
668 770 736 798 Θεοῦ
755 771 803 797 τοῦ
827 770 906 797 πάλιν

966 264 1046 292 tatus'
1053 265 1201 299 potentiam
1216 264 1400 296 terret‘aciam.
1410 266 1446 292 ita
1459 270 1488 292 ut
1499 266 1606 300 equites
1620 267 1754 294 omnimo-

964 310 1000 338 do
1015 315 1128 345 stupore
1139 310 1174 337 ob
1186 311 1320 337 malorum
1331 311 1546 345 magnitudinem
1559 312 1754 347 percellantur.

965 361 1047 392 atque
1068 357 1126 383 haec
1141 356 1250 391 quidem
1266 356 1386 384 inimicis
1398 356 1514 384 faciam:
1533 362 1560 384 at
1570 357 1646 385 Juda:
1659 358 1754 391 tribui,

964 411 997 431 ex
1010 410 1064 438 qua
1079 402 1189 430 oriundi
1203 406 1281 430 erant
1291 403 1338 438 qui
1353 403 1438 430 duces
1445 403 1508 431 belli
1522 403 1634 432 fuerunt
1647 405 1742 432 Macha

965 447 1027 481 basi,
1040 447 1238 482 providentiam
1253 455 1403 483 curamque
1415 456 1501 476 meam
1516 449 1681 484 impendant.
1696 451 1756 478 uni-

961 501 1071 522 versum
1080 494 1200 520 hostium
1211 494 1364 529 equitatum
1375 494 1455 529 quasi
1463 496 1586 523 caecitate
1595 497 1753 524 obstruens.

961 545 1042 575 atque
1058 542 1095 566 ita
1116 540 1418 571 invalidum‘advcrsus
1434 548 1510 568 meos
1527 540 1679 569 familiares
1693 541 1755 569 elﬁ-

961 585 1049 613 ciens.
1065 583 1144 611 Tunc
1156 592 1222 611 vero
1236 583 1320 612 duces
1334 583 1412 612 Juda:
1426 584 1583 620 gaudebunt
1595 585 1687 612 datam
1702 586 1752 613 sibi

961 639 976 658 a
992 630 1047 659 Deo
1060 630 1218 658 facultatem
1239 629 1370 658 redeundi
1386 630 1557 659 Hierusalem
1574 631 1753 664 conﬁdenter,

961 677 1055 712 ibique
1069 685 1131 705 cum
1147 679 1238 712 priore
1257 678 1440 713 prosperitate
1463 678 1618 710 habitandi,
1638 679 1754 706 servatis

959 724 1088 751 omnibus
1103 731 1164 759 quae
1181 724 1236 751 illic
1256 725 1359 751 servari
1375 724 1453 752 decet
1474 725 1587 758 otllciis,
1604 725 1639 753 ab
1655 725 1690 753 iis
1706 725 1754 761 qui

960 770 1017 798 Deo
1032 771 1087 798 sint
1101 771 1242 807 placituri.
1257 770 1355 798 Postea
1371 772 1566 807 prosequitur:

118 817 239 844 ἀνελθεῖν
265 824 296 843 τε
310 817 350 849 εἰς
361 816 409 853 τὴν
425 816 603 852 Ἰερουσαλὴμ
627 815 696 852 μετά
717 816 874 852 παρρησίας
891 815 939 842 καὶ
960 816 1030 851 μετὰ
1053 816 1102 851 τῆς
1122 815 1240 851 πρόσθεν
1256 815 1341 850 αὐτὴν
1370 816 1454 842 οἰκεῖν
1470 816 1608 851 εὐθηνίας,
1626 816 1754 844 ἁπάντων

118 863 331 900 ἐπιμελομένους
345 861 383 891 ὧν
407 864 545 900 προσῆκόν
564 864 638 891 ἐστιν
658 863 845 899 ἐπιμελεῖσθαι
866 863 929 895 τοὺς
949 863 1090 895 οἰκοῦντας
1110 863 1215 896 αὐτόθι,
1230 863 1255 890 εἰ
1273 862 1305 898 δὴ
1329 862 1451 898 μέλλοιεν
1472 863 1600 900 ἀρέσκειν
1615 865 1686 901 Θεῷ.
1698 864 1755 892 Καὶ

117 910 234 945 καθεξῆς
250 910 350 945 ἐπάγει
360 918 368 926 ·

151 957 225 993 Στίχ.
243 960 322 992 ς’-η’.
337 971 372 978 -·
387 967 397 984 ι
407 958 452 984 Ἐν
462 959 495 994 τῇ
506 957 599 994 ἡμέρᾳ
609 957 701 995 ἐκείνῃ
715 957 833 994 θήσομαι
846 957 907 989 τοὺς

999 955 1078 991 351
1093 953 1179 982 Vsus.
1200 953 1262 982 6-8.
1282 968 1318 975 —
1340 964 1349 980 ‹
1362 953 1410 982 Die
1432 953 1478 981 illa
1502 960 1602 989 ponam
1627 953 1754 983 tribunos

117 1003 274 1040 χιλιάρχους
287 1003 371 1031 Ἰούδα
383 1003 422 1036 ὡς
431 1004 510 1031 δαλὸν
521 1005 606 1041 πυρὸς
617 1006 645 1031 ὲν
656 1005 766 1041 καλάμῃ
777 1013 783 1020 ·
799 1005 846 1031 καὶ
859 1012 908 1031 κα-

116 1050 285 1085 ταφάγονται
298 1050 330 1077 ὲκ
343 1049 439 1082 δεξιῶν
459 1051 506 1078 καὶ
521 1050 552 1083 ἐξ
565 1050 713 1086 εὐωνύμων
727 1051 830 1081 πάντας
845 1050 908 1081 τοὺς

116 1096 195 1128 λαοὺς
206 1095 341 1123 κύκλοθεν
351 1103 358 1110 ·
371 1096 419 1123 καὶ
430 1097 587 1132 κατοικήσει
609 1096 786 1132 Ἰερουσαλὴμ
795 1096 835 1122 ἔτι
846 1095 908 1122 καθ’

117 1141 214 1177 ἑαυτὴν
225 1142 255 1168 ἐν
279 1141 458 1177 Ἰερουσαλήμ
468 1149 474 1156 ·
494 1141 539 1176 (p.
557 1141 605 1168 521
620 1145 629 1176 )
647 1142 693 1168 καὶ
709 1141 790 1168 σώσει
805 1140 907 1176 Κύριος

116 1189 150 1216 τὰ
176 1186 347 1223 σκηνώματα
365 1186 449 1214 ’ἰούδα
471 1187 563 1219 καθὼς
584 1188 632 1214 ἀπ’
647 1188 752 1223 ἀρχῆς·
769 1189 843 1220 ὅπως
870 1187 908 1223 μὴ

119 1232 304 1269 μεγαλύνῃ-ται
319 1231 450 1267 καύχημα
465 1231 540 1258 οῐκου
551 1230 644 1264 Δαυῒδ,
660 1232 707 1258 καὶ
724 1231 839 1266 ἔπαρσις
853 1230 908 1257 τῶν

118 1277 318 1305 κατοικούντων
333 1273 516 1313 ’Ἰερουσαλὴμ
535 1277 582 1303 ἐπὶ
604 1277 650 1304 τὸν
674 1276 784 1304 Ἰούδαν.
805 1286 815 1303 ι
841 1276 907 1303 Τότε

118 1323 258 1359 δὴ,φησὶν,
268 1322 357 1355 οὕτως
368 1323 494 1359 ἰσχυροὺς
505 1323 657 1359 ἐργάσομαι
666 1323 729 1355 τοὺς
740 1322 908 1358 ἡγουμένους

118 1370 167 1405 τῆς
188 1369 274 1397 Ἰούδα
290 1369 377 1404 φυλῆς
389 1369 462 1395 κατὰ
477 1368 532 1396 τῶν
548 1369 703 1404 πολεμίων,
717 1368 788 1395 ὥστε
803 1369 907 1400 πάντας

119 1415 214 1446 αὐτοὺς
236 1415 300 1446 ταῖς
313 1414 431 1450 πληγαῖς
447 1414 494 1441 καὶ
507 1414 546 1450 τῷ
563 1415 636 1450 φόνῳ
648 1415 726 1451 δίκην
745 1414 830 1451 πυρὸς
845 1415 907 1441 ἐπι-

118 1461 246 1498 νέμεσθαι
265 1461 357 1495 ξύλοις
382 1460 634 1496 ἐπιπεπτωκότοςῆ
659 1461 770 1496 καλάμῃ
785 1468 792 1476 ·
821 1460 907 1492 οὕτως

118 1508 200 1535 πολὺν
216 1508 344 1536 ἐντεῦθέν
356 1516 386 1535 τε
396 1507 524 1535 κάκεῖθεν
538 1508 585 1534 καὶ
596 1508 764 1544 πανταχόθεν
777 1509 908 1545 ἐργάσον-

118 1563 160 1582 ται
178 1555 258 1590 φόνον
270 1555 328 1582 τῶν
338 1554 465 1582 ἐναντίων
477 1561 484 1569 ·
501 1555 709 1590 περιγενήσεται
723 1554 752 1581 δὲ
765 1556 798 1590 τῇ
812 1555 908 1590 Ἰερου-

120 1601 209 1637 σαλὴμ
219 1601 251 1628 τδ
262 1602 293 1628 ὲν
306 1601 402 1637 εἰρήνῃ
418 1601 521 1635 διάγειν
532 1601 634 1634 λοιπὸν,
652 1600 787 1636 μηδεμίαν
797 1600 908 1636 ὄχλησιν

958 1001 1034 1029 Judaa
1043 1002 1113 1028 sicut
1120 1005 1220 1028 torrem
1232 1000 1304 1036 ignis
1318 1000 1346 1027 in
1354 1001 1472 1036 stipula;
1486 1000 1656 1027 vorabuntnr
1664 1008 1678 1026 a
1687 999 1755 1028 dex-

960 1048 1009 1075 tris
1019 1052 1047 1075 et
1058 1055 1073 1074 a
1089 1047 1212 1075 sinistris
1223 1053 1319 1074 omnes
1330 1047 1403 1074 circa
1415 1047 1542 1082 populos.
1569 1045 1602 1072 Et
1619 1046 1754 1075 habitabit

959 1093 1128 1121 Hierusalem
1155 1093 1244 1120 adhuc
1257 1101 1306 1128 per
1322 1100 1352 1121 se
1363 1093 1390 1120 in
1402 1092 1617 1126 Hierusalem,et
1625 1093 1752 1122 servabit

959 1139 1093 1168 Dominus
1111 1140 1286 1167 tabernacula
1299 1138 1378 1167 Judae
1393 1140 1465 1167 sicut
1477 1139 1512 1166 ab
1523 1139 1602 1167 initio
1616 1160 1624 1172 ,
1637 1147 1672 1168 ne
1691 1147 1754 1168 am-

959 1185 1238 1221 pliﬁceturjactantia
1255 1187 1355 1213 domus
1372 1185 1494 1217 Davidis.
1515 1190 1542 1212 et
1565 1186 1649 1212 elatio
1670 1185 1754 1214 habi-

959 1237 1077 1261 tatorum
1093 1232 1262 1261 Hierusalem
1284 1239 1368 1268 super
1381 1231 1489 1269 ludam.
1503 1242 1513 1258 ι
1530 1231 1609 1260 Tune
1621 1239 1699 1264 sane,
1711 1233 1754 1260 in-

959 1280 1029 1314 quit,
1050 1284 1105 1306 tam
1130 1279 1236 1307 validos
1253 1278 1368 1306 elﬁciam
1394 1279 1480 1306 duces
1501 1279 1591 1307 tribus
1606 1278 1684 1307 ludat
1700 1279 1753 1307 ad-

958 1332 1056 1352 versus
1071 1325 1174 1357 hostes,
1187 1328 1216 1351 ut
1234 1324 1284 1351 lios
1297 1331 1394 1351 omnes
1406 1324 1567 1352 vulneribus
1576 1324 1753 1359 sudibusque

959 1374 1139 1403 consumant;
1156 1368 1273 1396 ﬂammae
1289 1370 1378 1396 instar
1389 1377 1451 1403 quas
1466 1370 1495 1396 in
1513 1368 1586 1404 ligna
1600 1369 1641 1396 vel
1665 1370 1755 1404 stipu-

960 1416 1014 1443 lam
1032 1415 1139 1443 incidit.
1154 1415 1230 1443 Adeo
1247 1415 1360 1442 multam
1374 1415 1438 1442 hinc
1454 1418 1482 1443 et
1497 1415 1612 1443 illincet
1633 1415 1754 1443 ubicun-

959 1469 1013 1497 que
1027 1465 1147 1496 stragem
1160 1461 1442 1489 edentinimicoruml
1460 1460 1538 1489 Tunc
1549 1461 1611 1489 urbi
1619 1460 1754 1491 Hierusa-

959 1507 1011 1534 lem
1026 1506 1054 1534 in
1066 1514 1133 1542 pace
1145 1506 1244 1542 degere
1259 1506 1363 1539 licebit,
1383 1507 1487 1534 nullam
1505 1507 1539 1534 ab
1554 1507 1682 1535 hostibus
1693 1514 1754 1535 mo-

960 1553 1065 1581 lestiam
1081 1553 1217 1588 patienti;
1230 1560 1273 1579 me
1285 1553 1391 1580 scilicet
1403 1551 1480 1580 Judae
1496 1553 1598 1581 tribum
1615 1554 1696 1589 eique
1705 1553 1754 1581 ad-

959 1598 1048 1626 dictos
1071 1599 1204 1629 salvante,
1232 1602 1260 1626 et
1285 1598 1312 1625 in
1337 1599 1458 1634 priorem
1483 1598 1756 1628 felicitatem‘vindi-

117 1647 169 1674 ὑπὸ
183 1647 238 1674 τῶν
261 1647 392 1674 ὶναντίων
415 1646 562 1683 δεχομένῃ,
575 1646 624 1674 ἀτε
640 1647 744 1679 πάντας
760 1645 828 1682 ἐμοῦ
846 1647 907 1678 τοὺς

961 1649 1051 1673 caute.
1083 1644 1161 1672 Tunc
1186 1652 1252 1672 vero
1273 1645 1353 1673 bonis
1377 1645 1436 1673 suis
1464 1646 1619 1680 superbire.
1642 1645 1753 1675 Davidis

117 1690 166 1728 τῆς
181 1693 268 1720 Ἰούδα
293 1692 396 1729 φυλῆς,
414 1692 478 1724 τούς
492 1701 522 1720 τε
539 1693 728 1728 προσήκοντας
743 1693 833 1724 αὐτοῖς
856 1701 906 1719 πε-

121 1738 278 1775 ρισὼζοντος
295 1739 342 1766 καὶ
354 1739 400 1766 ἀπὶ
413 1739 463 1775 τὴν
475 1738 593 1774 πρόσθεν
608 1738 792 1772 ὲπανάγοντος
802 1738 907 1774 εὐπρα-

119 1784 194 1818 γίανι
209 1784 272 1811 τότε
288 1783 318 1810 δὲ
332 1783 380 1811 τοῦ
399 1783 449 1819 μὲν
464 1783 570 1819 μεγάλα
586 1784 694 1818 φρονεῖν
713 1783 759 1810 ἐπὶ
771 1785 827 1815 τοῖς
842 1783 906 1809 ἑαυ-

119 1829 171 1856 τῶν
185 1829 299 1864 ἀγαθοῖς
309 1849 317 1862 ,
331 1829 358 1856 οῖ
370 1838 400 1856 τε
415 1830 447 1856 εκ
467 1828 516 1855 τοῦ
534 1827 616 1855 Δαυῒδ
634 1828 682 1855 καὶ
699 1828 800 1860 πάντες
815 1829 840 1855 οἱ
857 1828 907 1863 τὴν

124 1874 302 1911 Ἰερουσαλὴμ
326 1874 465 1907 οἰκοῦντες
482 1874 604 1902 Ἰουδαῖοι
625 1873 794 1901 παύσονται·
811 1873 907 1909 αἰσθή-

121 1927 210 1947 σονται
227 1920 256 1947 δὲ
276 1919 307 1953 ἐξ
316 1919 406 1947 αὐτῶν
422 1919 476 1946 τῶν
488 1919 658 1955 πραγμάτων
671 1920 712 1946 ὅτι
730 1918 863 1955 πρότερόν
877 1926 907 1945 τε

121 1966 148 1992 ιν
165 1965 330 2001 εὐπραγίαις
343 1963 414 2002 ἦσαν
427 1959 497 2002 ἱμοῦ
521 1964 682 2002 βουλομένου
693 1985 701 1997 ,
715 1965 794 1992 οὐθὲν
809 1966 842 1992 ὲκ
856 1965 908 2000 τῆς

121 2012 219 2044 οἰκείας
234 2012 343 2044 εαυτοϊς
368 2013 520 2048 περιποιεῖν
545 2012 685 2048 δυνάμεως
699 2009 751 2039 οἷοί
774 2019 804 2038 τε
818 2011 906 2044 δντες,

122 2057 166 2084 καὶ
182 2058 232 2094 τῆς
244 2058 316 2094 ιμῆς
329 2057 528 2093 ἀποδληθέντες
546 2058 708 2094 κηδεμονίας
721 2058 764 2086 διὰ
778 2057 826 2093 τὴν
843 2058 907 2085 ἑαυ-

121 2103 173 2130 τῶν
185 2103 335 2140 μοχθηρίαν
347 2103 518 2141 ήλέγχθησαν
528 2104 717 2132 ἀσθενέστατοί
730 2113 760 2131 τε
774 2104 849 2136 ὅντες
860 2104 907 2131 καὶ

121 2149 247 2185 οὐδεμίαν
261 2150 367 2182 ἑαυτοῖς
390 2149 515 2186 βοήθειαν
529 2151 660 2187 παρέχειν
678 2150 836 2185 δυνάμενοι·
859 2150 906 2176 καὶ

121 2195 195 2227 ὅπως
202 2194 283 2231 τοῦτο
294 2196 437 2231 γενήσεται
449 2196 546 2230 λέγων,
566 2197 635 2223 (Kal
648 2196 723 2223 ἔσται
733 2197 761 2223 ἐν
771 2198 804 2231 τῇ
816 2196 906 2231 ἡμέρᾳ

122 2241 210 2278 δκείνῃ
237 2241 404 2278 ὑπερασπιεῖ
418 2241 520 2277 Κύριος
546 2242 616 2277 ὑπὲρ
637 2242 692 2269 τῶν
709 2241 906 2269 κατοικούντων

128 2283 304 2322 Ἰερουσαλήμ
319 2293 326 2302 ⁸
355 2286 403 2313 καὶ
426 2285 502 2313 ἔσται
526 2286 541 2312 ὁ
563 2286 685 2313 ἀσθενῶν
707 2287 735 2313 ὲν
760 2286 851 2318 αὐτοῖς
877 2287 906 2313 ὲν

959 1690 1063 1726 posteri
1093 1694 1120 1718 et
1147 1690 1246 1718 incolae
1268 1690 1440 1718 Hierusalem
1468 1690 1568 1725 Judaei,
1596 1692 1750 1720 desinent:

957 1737 1078 1764 sentient
1094 1736 1168 1764 enim
1183 1743 1216 1764 ex
1236 1737 1320 1766 rebus
1338 1737 1417 1773 ipsis,
1436 1745 1467 1765 se
1481 1741 1561 1765 antea
1583 1746 1627 1766 me
1642 1739 1752 1766 volente

958 1782 1056 1810 felices
1072 1782 1169 1814 fuisse,
1193 1782 1262 1809 nihil
1278 1786 1371 1810 tamen
1392 1783 1500 1811 viribus
1523 1784 1642 1819 propriis
1658 1792 1690 1813 se
1703 1792 1751 1812 ac-

957 1829 1068 1863 quirere
1075 1828 1211 1864 potuisse:
1227 1833 1255 1856 et
1263 1836 1324 1855 mox
1334 1836 1348 1856 a
1362 1836 1421 1856 mea
1444 1829 1529 1857 tutela
1544 1830 1668 1858 desertos
1687 1837 1752 1866 pro-

959 1877 1020 1910 pter
1033 1881 1111 1901 suam
1124 1875 1286 1909 nequitiam,
1295 1874 1499 1902 inﬁrmissimos
1513 1882 1575 1903 esse
1585 1881 1749 1911 compertos,

958 1920 1119 1954 nullumque
1133 1919 1244 1947 sibimet
1265 1919 1420 1947 subsidium
1440 1920 1512 1948 ferre
1529 1921 1660 1949 valentes.
1677 1921 1751 1955 Quo-

958 1965 1040 1992 modo
1053 1969 1143 1992 autem
1162 1965 1189 1993 id
1210 1966 1246 1993 sit
1271 1966 1395 1993 futurum
1425 1967 1530 1998 dicens.
1554 1977 1564 1992 ε
1576 1968 1609 1994 Et
1628 1967 1691 1999 erit.
1707 1968 1750 1995 iu-

957 2011 1026 2046 quit,
1044 2011 1088 2038 die
1104 2011 1149 2038 illa
1163 2016 1286 2047 proteget
1306 2011 1439 2040 Dominus
1459 2013 1629 2042 habitatores
1650 2013 1749 2042 Hieru-

958 2057 1054 2084 salem.
1072 2055 1104 2083 Et
1119 2056 1170 2084 erit
1182 2057 1307 2085 inﬁrmus
1325 2058 1396 2085 inter
1421 2058 1484 2087 illos
1497 2063 1629 2094 tanquam
1648 2059 1746 2092 David,

957 2107 984 2129 et
996 2102 1094 2129 domus
1104 2101 1215 2130 Davidis
1231 2107 1361 2138 tanquam
1379 2104 1478 2132 donius
1501 2104 1559 2136 Dei.
1584 2109 1614 2132 ut
1631 2105 1748 2141 angelus

958 2147 1066 2175 Domini
1082 2155 1176 2175 coram
1193 2149 1264 2184 ipso.
1280 2160 1289 2176 ι
1318 2150 1443 2178 Sentian
1466 2155 1532 2178 tunc
1557 2152 1593 2178 ob
1616 2152 1747 2179 auxilium

957 2202 1048 2221 meum
1061 2198 1202 2230 tantopere
1215 2203 1311 2224 omnes
1326 2204 1356 2224 se
1371 2197 1463 2224 valere
1480 2197 1614 2225 adversus
1643 2198 1746 2229 hostes.

958 2243 988 2266 ut
1004 2240 1051 2275 qui
1068 2245 1147 2267 antea
1169 2241 1269 2269 inﬁrmi
1293 2246 1382 2274 erant,
1397 2247 1504 2270 tantum
1528 2252 1601 2270 nunc
1618 2249 1748 2271 exserant

957 2289 1053 2313 contra
1070 2286 1163 2315 hostes
1175 2288 1306 2322 vigorem,
1321 2294 1453 2323 quantum
1469 2289 1544 2317 visus
1553 2294 1595 2317 est
1606 2293 1685 2317 aetate
1698 2297 1748 2317 sua

124 2331 211 2368 ἐκείνῃ
223 2333 257 2368 τῇ
271 2332 364 2368 ἡμέρα
377 2331 415 2364 ὼς
428 2331 510 2359 Δαυῒδ
518 2339 525 2347 ·
542 2332 558 2358 ὁ
570 2331 598 2358 δὲ
610 2329 682 2363 οῐκος
693 2331 773 2358 Δαυῗδ
782 2332 821 2363 ὼς
832 2329 905 2362 οἰκος

959 2332 1042 2360 David
1069 2333 1170 2361 habere
1193 2341 1208 2361 a
1231 2322 1488 2363 divinoiinstinctu.
1514 2336 1626 2371 Eritque
1648 2335 1747 2364 iterum

123 2376 187 2404 Θεοῦ
198 2397 205 2409 ,
228 2378 266 2410 ὡς
280 2377 395 2412 ἄγγελος
407 2377 510 2414 Κυρίου
534 2377 648 2404 ἐνώπιον
663 2377 756 2405 αὐτοῦ,
774 2387 783 2403 ι
806 2377 905 2413 Δίσθή-

124 2431 211 2451 σονται
223 2424 279 2460 γὰρ
303 2424 364 2451 τότε
379 2425 411 2459 τῇ
434 2425 488 2460 ὲμῇ
503 2423 614 2460 βοηθείᾳ
626 2423 752 2451 τοσοῦτον
768 2424 838 2451 κατὰ
851 2424 906 2451 τῶν

123 2468 248 2496 ιναντίων
266 2469 410 2505 δυνάμενοι
433 2469 552 2502 πάντες,
578 2469 617 2505 (p.
628 2469 692 2505 522)
709 2469 748 2501 ὡς
766 2470 819 2505 πρὸ
842 2470 907 2507 βρα-

111 2513 192 2548 εχὲως
204 2514 337 2547 ἀσθενεῖς,
346 2515 376 2542 εν
390 2514 507 2551 τοσαύτῃ
516 2514 696 2550 γνωρίζεσθαι
709 2515 821 2551 δυνάμει
834 2516 905 2542 κατά

123 2559 178 2586 τῶν
202 2559 337 2596 πολεμίων
347 2581 355 2594 ,
375 2561 405 2588 ιν
420 2561 471 2598 ὅσῃ
493 2570 546 2598 περ
570 2559 658 2589 ὦπται
674 2561 756 2589 Δαυτδ
771 2562 843 2589 κατά
859 2562 905 2588 τὸν

124 2607 223 2633 οἰκεῖον
234 2607 368 2644 καιρδντῇ
387 2609 458 2644 ῥοπῇ
475 2610 508 2644 τῇ
528 2608 605 2645 θείαι
622 2608 699 2635 ἔσται
710 2616 740 2635 τε
756 2606 876 2644 ζηλωτὸς
891 2609 906 2634 ὀ

124 2649 196 2684 οἶκος
210 2652 256 2680 τοῦ
266 2653 346 2681 Δαυτδ
361 2654 451 2685 πάλιν,
464 2655 511 2682 καὶ
521 2653 742 2690 θαυμαζόμενος,
762 2650 812 2689 ἀφ’
826 2651 864 2680 ὢν
879 2654 905 2680 οἰ

123 2697 225 2725 ἐκεῖθεν
242 2700 290 2726 καὶ
299 2699 347 2736 τῆς
360 2700 463 2728 ἑκείνου
479 2700 566 2736 φυλῆς
579 2700 627 2727 τοῦ
641 2699 708 2727 λαοῦ
724 2699 904 2736 προεστῶτες,

124 2744 246 2772 τοσοῦτον
266 2744 396 2781 ὤφθησαν
419 2746 558 2782 ἰσχύοντες
574 2746 644 2773 κατά
669 2745 723 2773 τῶν
747 2746 905 2782 ἀλλοτρίων,

126 2789 162 2822 ὡς
184 2790 307 2823 ἃπαντας
327 2792 509 2827 καταφεύγειν
525 2792 569 2820 ἐπ’
592 2792 691 2823 αὐτοὺς
715 2792 752 2824 ὡς
767 2792 811 2819 ἐπ’
833 2789 906 2818 οἶκον

127 2835 201 2868 θεοῦ,
215 2834 316 2872 πολλὴν
330 2838 386 2870 τοῖς
404 2837 590 2873 καταφυγοῦσι
605 2837 759 2873 παρέχοντα
781 2837 830 2873 τὴν
843 2837 908 2873 βοή-

958 2378 1087 2412 optabilis
1097 2378 1321 2414 admirabilisque
1332 2380 1430 2408 domus
1452 2381 1572 2415 Davtdis,
1599 2382 1664 2416 quia
1683 2389 1748 2417 pos-

958 2424 1008 2451 teri
1027 2423 1119 2458 hujus,
1139 2428 1166 2451 et
1187 2424 1234 2459 qui
1248 2425 1282 2452 de
1299 2424 1376 2453 Judas
1396 2426 1468 2453 tribu
1485 2426 1586 2462 populo
1599 2431 1746 2462 praeerant,

958 2473 1100 2505 tantopere
1127 2470 1253 2498 hostibus
1275 2472 1431 2507 superiores
1447 2471 1570 2505 fuerunt,
1589 2478 1619 2500 ut
1643 2474 1746 2508 passim

958 2515 1083 2543 homines
1099 2516 1132 2544 ad
1149 2523 1197 2544 eos
1210 2518 1383 2545 accurrerint
1398 2524 1529 2554 tanquam
1541 2519 1623 2556 352
1647 2520 1680 2548 ad
1698 2519 1747 2548 do-

959 2569 1034 2588 mum
1054 2561 1112 2595 Dei,
1145 2563 1257 2590 multam
1284 2563 1505 2599 confugientibus
1523 2565 1556 2593 ad
1578 2574 1608 2594 se
1633 2566 1745 2594 tutelam

959 2607 1123 2642 pnebenlem
1137 2617 1145 2641 ;
1164 2608 1206 2635 vel
1222 2613 1351 2644 tanquam
1367 2609 1401 2637 ad
1414 2610 1559 2645 quemdam
1573 2611 1701 2646 angelum
1712 2611 1746 2638 ad

958 2653 1058 2681 caedem
1089 2654 1210 2682 hostium
1237 2655 1363 2689 missum,
1395 2656 1625 2691 quemadmodum
1641 2657 1747 2685 scilicet

957 2701 1079 2736 Assyriis
1097 2700 1269 2728 Hierusalem
1287 2701 1489 2734 obsidentibus,
1515 2702 1549 2730 ad
1571 2702 1619 2730 Dei
1632 2703 1745 2730 domum

957 2753 1052 2773 omnes
1061 2746 1252 2781 confugerunt,
1261 2748 1404 2783 atqueillic
1415 2749 1529 2784 contigit
1539 2749 1665 2785 angelum
1677 2749 1746 2777 πήδη

959 2799 1017 2820 sum
1029 2796 1132 2820 tantam
1148 2794 1267 2822 hostium
1278 2794 1480 2823 multitudinem
1493 2797 1661 2825 interimere.
1672 2795 1746 2829 Quo-

959 2838 1040 2865 modo
1057 2844 1145 2866 autem
1164 2840 1192 2867 id
1210 2840 1324 2873 accidet,
1341 2848 1404 2868 mox
1419 2841 1487 2869 dicit
1501 2850 1508 2869 :

127 2884 208 2919 θειαν,
222 2884 241 2921 ἢ
251 2883 344 2921 ὥσπερ
361 2885 407 2913 hri
415 2894 475 2914 τινα
491 2887 606 2922 ἄγγελον
615 2887 664 2914 ἐπὶ
682 2886 773 2923 πληγῇ
783 2886 942 2922 πεμφθέντα
961 2887 1015 2915 τῶν
1030 2888 1173 2916 ἰναντίωνο
1189 2889 1272 2924 ὅνπερ
1286 2888 1318 2924 δὴ
1337 2888 1435 2925 τρόπον
1450 2889 1500 2924 ’ήδη
1520 2888 1575 2917 τῶν
1598 2887 1745 2922 Ἀσσυρίων

1807 2953 1923 2981 sumis.
