1983 3072
210 151 263 180 585

789 151 965 179 THEODUBI
987 149 1230 179 MOPSUESTENI

1779 148 1835 176 5-35

209 208 410 243 ιπεληλυθότων
429 210 461 244 τῇ
481 209 665 245 Ἰερουσαλὴμ,
683 210 728 236 ἐπὶ
753 209 797 236 τὸν
824 207 896 236 οἶκόν
920 218 949 236 τε
967 209 1117 243 κατέφυγον
1136 209 1253 240 ἅπαντες
1270 208 1316 235 τοῦ
1332 208 1418 241 Θεοῦ,
1448 207 1573 235 κάκεῖθεν
1599 207 1689 239 αὒτοῖς
1721 208 1833 243 mqu

208 263 271 289 γονε
298 255 329 282 τδ
350 255 395 282 τὸν
416 256 530 290 ἄγγελον
557 257 738 291 ὲπεληλυϐότα
763 257 873 283 τοσοῦτο
891 256 991 292 πλῆθος
1014 257 1118 283 ἀνελεῖν
1137 257 1191 283 τῶν
1214 256 1359 291 πολεμίων,
1390 256 1444 282 Καὶ
1466 256 1527 282 τίνα
1540 255 1638 291 τρόπον
1655 255 1730 282 ἐσται
1753 255 1833 281 τοῦ-,ι

208 300 295 334 λέγων
311 308 318 315 ’

243 345 326 373 Vens.
346 345 372 378 9,
392 346 434 374 10.
448 361 482 366 -
496 356 505 372 ι
517 347 549 373 Et
563 347 615 374 erit
631 347 675 374 die
690 347 737 374 illa
751 355 870 382 quaeram
890 347 992 374 auferre

1084 347 1157 381 Στίχ.
1174 346 1206 379 θ’,
1220 349 1246 373 ι’.
1258 361 1293 367 -
1309 355 1318 371 ι
1330 346 1383 373 Καὶ
1395 346 1472 372 ἔσται
1485 346 1513 372 ἐν
1525 346 1557 380 τῇ
1572 344 1663 380 ἡμέρᾳ
1679 344 1770 380 ἐκείνῃ
1784 345 1831 379 ζη-

208 399 304 419 ornnes
325 396 419 426 gentes
436 400 497 427 qua:
511 393 626 420 veniunt
641 398 736 421 contra
754 394 936 422 Hierusalem.
962 393 996 421 Et

207 436 343 464 ell'undam
359 446 442 474 super
457 439 568 467 domum
591 439 686 472 David,
709 444 737 467 et.
757 448 839 475 super
860 441 996 468 habitato-

208 489 252 509 res
273 482 441 510 Hierusalem
460 485 587 519 spiritum
609 485 703 520 gratia;
719 489 746 512 et
763 486 968 514 misericordiae.
982 496 992 513 ι

208 526 286 554 Tunc
307 527 416 561 quidem
434 536 528 556 omnes
544 528 714 557 Hierusalem
741 537 916 566 aggressores
934 538 997 566 per-

210 573 285 600 dam.
310 573 399 608 Super
416 574 527 601 domum
544 580 634 602 autem
656 575 778 609 Davidis,
803 576 830 603 id
849 581 892 604 est
914 585 996 612 super

207 619 338 646 oriundos
354 620 417 647 inde
429 620 512 647 duces
526 621 628 655 populi,
644 629 794 657 omnesque
809 622 843 649 ad
863 622 994 650 Hierusa-

208 663 260 691 lem
275 664 408 692 ditionem
435 667 613 700 pertinentes,
641 668 756 694 multam
774 676 862 696 meam
881 669 995 703 gratiam

207 717 240 737 ac
256 711 449 747 benignitatem
473 713 622 746 eﬂ'undam,
645 721 725 742 omne
747 722 834 749 genus
856 715 922 749 ipsis
941 715 996 741 lar-

207 758 284 792 giens
308 759 464 793 patrocinii.
488 758 526 786 Ex
541 767 596 794 quo
622 760 686 794 quid
703 761 823 788 accidet?
848 770 858 786 ι
871 760 903 787 Et
922 761 996 795 aspi-

207 804 281 831 cient
295 806 328 831 ad
344 812 386 832 me
397 813 477 840 quem
499 805 706 833 transﬁxerunt.
719 807 752 832 Et
766 807 894 842 plangant
914 815 996 842 super

207 857 270 876 cum
290 850 400 885 planctu
422 858 522 885 magno
539 855 670 886 tanquam
697 861 779 888 super
804 853 946 883 dilectum.
968 857 996 881 et

206 894 336 922 dolebunt
348 895 440 924 dolore
454 900 582 931 tanquam
597 904 680 932 super
690 898 883 934 primogenita.
897 909 906 924 ι
918 898 996 926 'l‘unc

205 941 253 975 qui
277 947 356 969 antea
379 946 434 969 tam
456 943 595 970 contraria
616 944 749 971 voluntati
773 952 840 971 mea;
860 944 997 971 factitave-

206 991 279 1019 rant.
301 991 431 1023 tantaque
455 989 570 1016 audacia
589 990 720 1018 adversus
745 998 788 1018 me
809 991 852 1018 usi
877 990 993 1022 fuerant,

206 1033 464 1061 inconsiderantiam
493 1042 571 1062 suam
595 1039 623 1063 et
637 1036 810 1071 iniquitatem
826 1041 993 1072 agnoscent;

204 1078 275 1105 adeo
295 1081 325 1105 ut
347 1079 511 1113 pmnitentes
535 1080 665 1114 grandem
685 1081 787 1108 luctum
816 1083 872 1109 sint
895 1083 993 1113 acturi,

203 1123 278 1157 quali
293 1124 397 1151 scilicet
425 1125 448 1152 is
466 1128 589 1152 uteretur
612 1126 658 1160 qui
686 1127 894 1161 primogenitum
912 1135 995 1155 suum

205 1170 317 1205 lugeret.
345 1169 447 1197 Deinde
464 1170 502 1196 ait
516 1171 615 1198 multos
635 1170 806 1199 Hierusalem
828 1173 995 1206 pmnitentes

203 1215 280 1243 cives
301 1215 425 1250 planctum
442 1215 502 1249 ejus
520 1215 578 1243 fore
601 1217 761 1252 participes,
792 1219 838 1252 qui
858 1219 995 1246 contraria

204 1260 319 1288 honesto
336 1261 413 1296 prius
424 1261 563 1294 fecerant;
575 1262 622 1289 sed
635 1270 708 1289 nunc
718 1263 805 1296 gentis
818 1265 851 1289 all
864 1264 994 1290 virtutem

203 1307 414 1334 conversionem
433 1311 589 1338 cernentes,
615 1307 778 1340 resipiscere
795 1311 824 1334 ut
839 1315 888 1342 par
905 1312 994 1335 erata

204 1351 264 1378 suis
279 1351 471 1385 iniquitatibus
487 1352 586 1378 volent.
597 1350 690 1386 Pergit
700 1359 762 1379 mox
774 1359 937 1381 enumerare
947 1354 996 1381 tri-

203 1397 267 1427 bus.
280 1397 429 1425 ostendens
440 1405 660 1433 unamquamque
677 1397 784 1424 illarum
797 1398 824 1425 in
834 1399 908 1426 luctu
926 1398 994 1432 fore;

203 1443 362 1471 summatim
386 1451 451 1471 vero
462 1452 558 1471 omnes
577 1444 623 1479 qui
650 1444 743 1479 peiora
763 1445 849 1471 secuti
875 1444 995 1478 fuerant,

204 1497 278 1517 nunc
297 1490 485 1524 paenitentiam
506 1494 628 1518 acturos.
639 1489 706 1516 Nam
723 1494 825 1524 quanta
847 1490 995 1519 fueratan-

203 1540 247 1562 tea
264 1535 353 1570 gentis
369 1535 402 1562 ad
418 1535 555 1562 deteriora
570 1535 729 1567 declinatio,
742 1540 817 1563 tanta
835 1541 928 1571 postea
944 1538 996 1565 sub

205 1581 421 1608 Machabreorum
449 1582 551 1609 ducatu
571 1582 600 1609 in
626 1583 725 1610 melius
745 1584 890 1610 conversio
915 1584 995 1619 353

208 1627 325 1657 exstitit.
341 1634 374 1654 ex
399 1634 455 1661 quo
477 1627 600 1654 divinum
629 1626 718 1662 adepti
745 1631 824 1654 erant
853 1628 993 1656 auxilium.

1045 393 1119 428 τήσω
1129 393 1223 427 ἐξᾶραι
1239 392 1326 419 πάντα
1345 392 1378 419 τὰ
1394 392 1457 427 ἔθνη
1467 391 1502 418 τὰ
1521 391 1654 426 ἐρχόμενα
1667 392 1712 417 ὲπὶ
1733 391 1817 426 Ἰερου

1047 437 1146 472 σαλὴμ,
1159 437 1205 464 καὶ
1220 438 1307 472 ὲκχεῶ
1321 438 1368 464 ἐπὶ
1383 437 1428 464 τὸν
1442 434 1515 463 οἷκον
1537 436 1617 462 Aa.ch
1637 437 1684 463 καὶ
1703 437 1749 462 ἐπὶ
1767 437 1832 467 τοὺς

1046 484 1186 515 οἰκοῦντας
1205 483 1381 518 Ἰερουσαλὴμ
1397 481 1505 516 πνεῦμα
1527 481 1637 516 χάριτος
1662 481 1707 507 καὶ
1731 483 1819 516 οἰκτιρ

1048 530 1108 566 μοῦ.
1121 540 1130 556 ι
1147 530 1213 556 Τότε
1228 529 1283 564 γὰρ
1299 529 1330 564 δὴ
1348 529 1411 560 τοὺς
1429 528 1477 564 μὲν
1499 528 1570 555 κατὰ
1586 528 1636 563 τῆς
1654 528 1832 563 Ἰερουσαλὴμ

1046 575 1288 611 ιπικεχειρηκότας
1311 574 1414 606 πάντας
1429 574 1552 608 ἀφανιῶ·
1570 574 1616 600 ἐπὶ
1644 574 1673 600 δὲ
1699 574 1743 600 τὸν
1758 572 1832 602 οἷκον

1046 621 1127 649 Δαυῖδ
1139 642 1145 650 .
1169 622 1211 648 ἵνα
1229 621 1293 658 εἴπῃ
1305 621 1368 652 τοὺς
1387 620 1492 647 ἐκεῖθεν
1513 620 1678 655 ἡγουμένους
1694 620 1820 648 τοῦ-λαοιι

1047 667 1168 698 ἅπαντας
1182 675 1212 693 τε
1226 667 1289 698 τοὺς
1305 667 1337 702 τῇ
1357 666 1534 701 Ἰερουσαλὴμ
1551 667 1738 701 προσήκοντας
1750 686 1757 697 ,
1771 666 1819 693 πολ

1046 713 1095 748 λὴν
1111 713 1160 748 τήν
1179 721 1209 739 τε
1225 712 1304 747 χάριν
1319 712 1364 738 καὶ
1380 711 1429 746 τὴν
1447 711 1649 746 φιλανθρωπίαν
1665 711 1832 746 ὲπιδείξομα.

1046 759 1094 793 τὴν
1108 759 1187 794 ἐμὴν,
1203 759 1256 784 πᾶν
1267 755 1336 789 εἶδος
1347 758 1437 789 αὐτοῖς
1452 757 1579 792 παρέχων
1592 757 1754 792 κηδεμονίας
1763 766 1769 772 ·
1784 757 1831 792 ἀφ’

1046 803 1076 831 οὖ
1086 805 1118 840 δὴ
1139 804 1164 830 τί
1180 805 1337 839 γενήσεταις
1357 814 1366 829 ι
1377 804 1431 829 Καὶ
1447 803 1637 837 ἐπιϐλέψονται
1655 804 1721 838 πρός
1738 812 1772 838 με
1791 805 1830 835 εἰς

1046 850 1075 877 ὃν
1091 849 1268 884 ἐξεκέντησαν
1279 870 1287 881 ,
1302 850 1348 876 καὶ
1361 849 1489 884 κόψονται
1512 849 1555 875 ἐπ’
1571 849 1645 884 αὐτῷ
1663 849 1775 875 κοπετὺν
1794 849 1831 880 ὡς

1047 896 1092 922 ἐπὶ
1104 895 1247 930 ἀγαπητῷ,
1261 896 1307 921 καὶ
1321 895 1529 929 όδυνηθήσονται
1546 895 1590 921 ἐπ’
1600 894 1672 929 αὑτῷ
1683 894 1779 930 ὀδύνην
1793 894 1832 926 ὡς

1046 942 1092 968 ἐπὶ
1108 941 1282 976 πρωτοτὸκῳ.
1298 951 1307 966 ι
1325 941 1391 968 Τότε
1405 941 1434 967 δὲ
1451 942 1476 967 ot
1499 940 1627 967 τάναντία
1643 941 1696 967 τῶν
1716 941 1776 975 ἐμοὶ
1789 941 1831 967 ὁο-

1047 987 1164 1014 κούντων
1181 987 1302 1021 ἑλόμενοι
1330 986 1475 1021 πρότερον,
1499 986 1537 1021 (p.
1554 986 1615 1020 525)
1642 986 1688 1013 κα)⁸
1712 986 1831 1021 τοσαύτῃ

1046 1033 1129 1068 τόλμῃ
1145 1034 1312 1069 χρησάμενοι
1332 1033 1390 1059 κατ’
1407 1033 1473 1067 ἐμοῦ
1485 1053 1492 1065 ,
1513 1032 1563 1066 τῆς
1582 1032 1707 1064 ἀϐουλίας
1722 1032 1768 1058 καὶ
1782 1033 1830 1067 τῆς

1046 1079 1216 1114 παρανομίας
1231 1078 1403 1113 αἰσθήσονται
1417 1078 1466 1113 τῆς
1490 1077 1570 1109 ἰδίας·
1590 1077 1660 1104 ὥστε
1685 1078 1731 1104 καὶ
1748 1086 1830 1112 μετα-

1047 1125 1208 1161 μελομένους
1220 1125 1319 1156 αὐτοὺς
1333 1124 1441 1159 μεγάλῳ
1455 1123 1573 1159 χρῆσθαι
1584 1124 1699 1159 κοπετῷ,
1709 1125 1755 1150 καὶ
1766 1124 1830 1159 οἴῳ-

1046 1180 1098 1207 περ
1115 1172 1146 1199 ἄν
1161 1179 1201 1202 τις
1216 1171 1347 1206 χρήσαιτο
1360 1170 1525 1205 ὀδυνώμενος
1542 1170 1587 1197 ἐπὶ
1599 1170 1709 1205 τελευτῇ
1724 1179 1831 1205 πρωτο-

1046 1217 1135 1244 τόκου.
1151 1214 1217 1243 Εἶτα
1231 1216 1304 1250 λέγει
1321 1216 1369 1251 μὲν
1392 1216 1434 1242 ὅτι
1449 1216 1541 1242 πολλοὶ
1557 1216 1610 1242 τῶν
1626 1217 1674 1251 τῆς
1695 1216 1829 1251 Ἰερουσα-

1045 1263 1101 1298 λὴμ
1117 1262 1329 1298 μεταμελόμενοι
1350 1261 1398 1288 τοῦ
1417 1261 1533 1288 κοπετοῦ
1561 1260 1702 1296 μεθέξουσι
1723 1262 1829 1291 τούτου,

1045 1310 1070 1336 οἳ
1085 1309 1212 1336 τάναντία
1235 1309 1290 1335 τῶν
1305 1308 1419 1335 δεόντων
1434 1308 1590 1344 αἱρούμενοι
1610 1309 1741 1344 πρότερον
1754 1328 1761 1339 ,
1781 1309 1831 1343 τὴν

1045 1355 1091 1380 ἐπὶ
1107 1353 1136 1380 τδ
1164 1355 1287 1389 κρεῖττον
1314 1352 1463 1388 μεταϐολὴν
1479 1352 1526 1379 τοῦ
1551 1352 1642 1383 ἔθνους
1658 1352 1830 1388 θεασάμενοι,

1047 1399 1246 1434 μεταμέλεσθαι
1261 1399 1299 1430 ὼς
1315 1398 1388 1429 εἰκὸς
1407 1398 1452 1424 ἐπὶ
1467 1399 1526 1428 ταῖς
1542 1397 1724 1432 παρανομίαις
1745 1397 1830 1432 ἠμελ-

1045 1445 1089 1472 λον
1106 1446 1166 1476 ταῖς
1181 1444 1269 1476 ίδίαις.
1285 1444 1365 1477 Λέγει
1380 1444 1408 1470 δὲ
1422 1444 1468 1470 καὶ
1490 1443 1607 1478 καθεξῆς
1623 1443 1831 1479 ἀπαριθμούμε-

1045 1499 1090 1522 νος
1105 1490 1154 1521 τὰς
1171 1490 1257 1524 φυλὰς
1269 1509 1277 1521 ,
1298 1489 1384 1524 δηλῶν
1403 1489 1444 1515 ὃτι
1459 1488 1560 1524 ἑκάστη
1577 1488 1637 1515 καθ’
1652 1489 1751 1524 ἑαυτὴν
1763 1489 1831 1524 χρή-

1046 1535 1170 1570 σεταιτῷ
1189 1535 1291 1567 πένθει,
1306 1535 1349 1561 ἵνα
1366 1535 1503 1569 συντόμως
1515 1535 1579 1571 εἴπῃ
1594 1535 1635 1562 ὅτι
1651 1534 1754 1566 πάντας
1767 1535 1831 1566 τοὺς

1044 1582 1078 1609 τὰ
1091 1582 1200 1617 χείρονα
1223 1581 1364 1616 ἑλομένους
1392 1573 1565 1616 μεταμέλεια
1580 1581 1691 1615 λήψεται
1705 1590 1712 1596 ·
1737 1581 1830 1616 ἐπειδὴ

1045 1627 1098 1662 γὰρ
1111 1627 1193 1661 πολλὴ
1210 1626 1258 1662 μέν
1273 1635 1315 1659 τις
1326 1626 1456 1662 πρότερον
1473 1628 1489 1661 ἡ
1505 1627 1550 1653 ὲπὶ
1566 1626 1596 1653 τὸ
1607 1628 1697 1662 χεῖρον
1710 1627 1830 1661 ἐγεγόνει

203 1671 384 1704 Quamobrem
402 1677 429 1700 et
441 1672 532 1700 hostes
544 1680 609 1701 suos
626 1673 829 1705 exstinxerunt,
847 1678 875 1701 et
888 1673 914 1701 in
928 1675 992 1702 urbe

1047 1673 1116 1709 ῥοπὴ
1133 1672 1179 1699 τοῦ
1194 1671 1286 1703 ἔθνους
1296 1692 1303 1704 ,
1318 1671 1403 1707 πολλὴ
1421 1671 1533 1707 ὕστερον
1548 1673 1564 1707 ὴ
1577 1672 1608 1698 ἐκ
1625 1672 1672 1707 τῆς
1683 1671 1735 1698 τῶν
1752 1673 1831 1700 Μακ-

208 1725 243 1745 ac
288 1717 335 1745 Dei
371 1718 473 1753 templo
507 1718 627 1753 legitima
658 1726 691 1746 ac
726 1719 897 1746 sacerdotale
935 1719 997 1746 olli-

202 1763 276 1790 cium
291 1765 405 1791 decente
422 1771 487 1791 cura
503 1765 615 1792 tractari
632 1769 793 1800 cmperuut;
813 1773 845 1792 ac
862 1769 920 1792 tum
940 1765 991 1792 de-

204 1817 278 1836 mum
294 1808 380 1836 Judrei
396 1811 554 1838 necessario
569 1811 747 1846 resipuerunt
768 1813 803 1839 ab
820 1819 851 1839 ea
870 1813 897 1839 in
913 1820 995 1847 quam

204 1859 283 1880 antea
297 1854 468 1882 incurrerent
487 1856 626 1890 impietate
640 1864 672 1883 ac
689 1857 776 1891 legum
800 1857 992 1884 inobedientia.

202 1898 262 1927 lam
281 1901 327 1935 qui
356 1901 494 1936 planctum
518 1902 625 1929 dixerat
646 1906 674 1929 et
701 1903 899 1938 pmnitentiam,
922 1902 992 1930 idem

203 1946 410 1973 conversionem
436 1954 545 1981 quoque
568 1955 660 1974 rerum
685 1948 711 1974 in
728 1948 825 1975 melius
849 1956 902 1975 non
927 1949 993 1975 reti-

203 1991 270 2024 cuit,
293 1999 354 2026 qua
374 1992 504 2019 nimirum
531 1997 633 2020 tantam
658 1993 733 2020 illam
757 1993 946 2028 ptenitentiam
963 1993 992 2020 in

203 2039 309 2065 cunctis
324 2042 520 2066 commoverat.

1044 1719 1165 1746 καϐαίων
1177 1719 1342 1754 προστασίας
1360 1718 1407 1744 ἐπὶ
1421 1717 1452 1744 τὺ
1464 1719 1585 1754 κρεῖττον
1601 1717 1733 1752 μεταϐολὴ
1750 1727 1813 1744 τετυ
1822 1732 1831 1738 -

1044 1765 1166 1800 χηκότων
1181 1764 1231 1799 τῆς
1248 1764 1323 1796 θείας
1335 1763 1421 1799 ῥοπῆς
1436 1772 1441 1778 ·
1458 1764 1496 1795 ὡς
1510 1763 1683 1799 ἀναιρεθῆναι
1703 1764 1752 1799 μὲν
1767 1765 1830 1795 τοὺς

1044 1811 1180 1842 ἐναντίους
1192 1811 1238 1836 ὑπ’
1255 1810 1355 1841 αὐτῶν,
1371 1810 1594 1844 ἀποκαταστῆναι
1604 1810 1631 1836 δὲ
1643 1811 1676 1845 τῇ
1693 1809 1767 1836 πόλει
1783 1810 1829 1836 καὶ

1043 1857 1082 1892 τῷ
1093 1857 1140 1884 τοὺ
1156 1857 1222 1883 Θεοῦ
1238 1856 1294 1891 ναῷ
1307 1856 1356 1891 τὴν
1372 1856 1533 1891 εὐκοσμίαν,
1546 1857 1608 1887 τοὺς
1625 1855 1722 1890 νόμους
1734 1864 1763 1881 τε
1779 1855 1830 1882 πά-

1043 1903 1085 1930 λιν
1102 1903 1164 1934 τοὺς
1177 1902 1263 1935 θείους
1278 1903 1326 1937 τήν
1339 1910 1369 1928 τε
1384 1903 1432 1937 τῆς
1448 1901 1596 1937 ἱερωσύνης
1608 1901 1764 1936 ἐπιμέλειαν
1778 1901 1828 1935 τῆς

1045 1948 1237 1984 προσηκούσης
1253 1948 1396 1982 τυγχάνειν
1412 1947 1529 1981 σπουδῆς
1541 1967 1548 1978 .
1565 1946 1721 1981 ἀναγκαίως
1731 1946 1784 1980 ἄρα
1795 1946 1827 1972 ἐκ

1042 1995 1091 2029 τῆς
1106 1993 1256 2029 μεταϐολῆς
1272 1993 1449 2029 μετεμέλοντο
1460 2013 1467 2025 ,
1485 1993 1527 2026 ἐφ’
1541 1989 1581 2023 οἷς
1602 1991 1715 2026 πρόσθεν
1733 1992 1769 2022 είς
1785 1999 1828 2016 το-

1044 2039 1146 2071 σαύτας
1160 2039 1287 2072 ἀσεϐείας
1306 2048 1336 2066 τε
1352 2040 1397 2066 καὶ
1419 2039 1588 2074 παρανομίας
1604 2037 1757 2069 ἐξώκειλαν.
1774 2038 1827 2072 Δη‹

202 2081 292 2113 λῶσας
313 2083 342 2109 δὲ
355 2083 400 2109 τὸν
422 2084 535 2110 κοπετὸν
557 2085 605 2110 καὶ
627 2084 677 2119 τὴν
695 2084 896 2119 μεταμέλειαν,
922 2084 996 2118 λέγει
1012 2084 1061 2119 τὴν
1081 2085 1128 2111 ἐπὶ
1151 2085 1181 2111 τὸ
1196 2086 1318 2119 κρεῖττον
1341 2083 1510 2119 μεταϐολὴν,
1535 2084 1581 2118 ἀφ’
1600 2081 1634 2118 ἦς
1652 2083 1684 2118 δὴ
1711 2083 1827 2118 μάλιστα

202 2127 238 2155 τὰ
246 2128 295 2163 τῆς
309 2128 444 2164 τοσαύτης
463 2129 643 2164 μεταμελείας
659 2130 794 2164 ἑνεγίνετο
809 2131 901 2157 πᾶσιν.

514 2172 591 2200 CAP.
613 2172 684 2200 XIII.

236 2216 322 2245 Vens.
347 2217 403 2244 I-7.
423 2232 458 2237 —
480 2227 489 2243 ι
504 2217 551 2244 Illa
564 2219 647 2249 enim,
664 2219 762 2253 inquit,
783 2218 827 2245 die
846 2217 937 2246 omnis
950 2217 991 2245 lo-

202 2271 252 2291 cus
267 2267 378 2298 apertus
391 2263 443 2290 crit
457 2263 550 2291 domui
570 2263 692 2291 Davidis.
711 2274 720 2290 ι
740 2263 768 2291 Id
782 2268 834 2297 est,
845 2264 936 2292 cuncti
955 2264 990 2291 li-

203 2310 300 2338 benter
311 2310 373 2337 illos
384 2309 469 2336 duces
481 2310 627 2344 excipient,
642 2318 704 2337 cum
727 2311 800 2337 omni
819 2310 854 2337 ad
869 2318 916 2338 eos
931 2311 989 2336 ala-

203 2356 300 2382 critate
320 2355 521 2389 confugientes,
546 2359 576 2382 ut
592 2355 651 2390 pios
677 2360 705 2382 et
733 2356 865 2383 adversus
894 2356 987 2384 hostes

203 2400 294 2428 divina
314 2400 401 2435 palam
423 2407 474 2435 ope
494 2400 611 2435 adjutos.
631 2400 733 2428 Deinde
751 2402 900 2429 ostendens
915 2410 988 2436 quo-

205 2446 286 2473 modo
303 2454 347 2474 res
364 2447 500 2480 religiosa:
517 2447 550 2474 ad
575 2451 680 2474 rectum
705 2451 805 2475 statum
822 2455 870 2482 per
885 2448 990 2475 Macha-

205 2493 323 2519 bazorum
353 2492 501 2527 potentiam
530 2496 712 2524 revertentur,
751 2493 910 2520 curantibus
936 2494 989 2521 illis

203 2538 301 2565 vitiosa
313 2539 404 2565 omnia
417 2538 569 2570 destruere,
582 2542 608 2566 et
624 2537 679 2566 Deo
696 2539 795 2574 placita
821 2539 987 2572 instaurare,

206 2593 216 2608 ι
229 2583 261 2609 lit
274 2583 336 2616 erit,
349 2583 449 2617 inquit,
467 2584 511 2612 die
527 2584 585 2615 illa,
597 2584 664 2611 dicit
678 2583 820 2615 Dominus,
835 2584 931 2612 delebo
941 2593 989 2612 no—

204 2628 277 2654 mina
291 2628 426 2655 idolorum
442 2629 475 2655 de
492 2633 575 2659 terra,
593 2636 681 2664 neque
701 2629 817 2657 ulterius
833 2631 934 2657 mentio
952 2630 986 2657 il-

204 2674 291 2700 lormn
307 2673 369 2700 erit.
386 2674 417 2699 Et
433 2674 688 2709 pseudoprophctas
700 2682 732 2702 ac
749 2675 877 2710 spiritum
896 2676 985 2710 impu-

202 2727 263 2746 rum
279 2719 313 2746 de
330 2723 402 2746 terra
427 2720 587 2747 auferant.-r
606 2720 682 2748 Tunc
711 2728 777 2748 sane
800 2721 852 2748 sub
875 2721 984 2748 illorum

203 2765 364 2802 praefectura
394 2766 483 2793 omnis
502 2766 637 2793 idolorum
667 2767 758 2801 cultus
781 2767 931 2798 auferetur,
959 2771 985 2794 et

202 2811 293 2839 ninnis
316 2811 618 2845 pseudoprophetarum
641 2811 717 2839 fraus
738 2812 914 2844 dissolvetur,
936 2820 984 2839 nc-

203 2857 275 2884 tnine
288 2855 405 2883 audente
416 2856 561 2887 quidquam
573 2857 725 2889 hnjusmodi
742 2861 885 2893 attentare.
896 2858 984 2893 Atque

1361 2171 1439 2198 ΚΕΦ.
1452 2171 1503 2199 ll".

1076 2219 1151 2254 Στίχ.
1165 2217 1239 2250 α’-ζ’.
1256 2233 1291 2238 --
1310 2227 1318 2243 ι
1331 2218 1373 2245 Ἐν
1388 2218 1479 2253 ἐκείνῃ
1498 2217 1552 2253 γὰρ
1562 2237 1569 2249 ,
1588 2218 1653 2252 φησὶ
1665 2237 1672 2249 ,
1685 2219 1717 2253 τῇ
1735 2217 1827 2253 ἡμέρᾳ

1042 2266 1095 2297 πᾶς
1108 2265 1188 2297 τόπος
1205 2264 1279 2291 ἔσται
1293 2264 1492 2298 διανοιγόμενος
1503 2263 1542 2298 τῷ
1557 2264 1622 2298 οἴκῳ
1632 2264 1723 2291 Δαυῖδ.
1740 2273 1748 2289 ι
1768 2263 1827 2291 Ἵνα

1041 2312 1106 2347 εἴπῃ
1120 2312 1161 2338 ὅτι
1180 2311 1279 2341 πάντες
1295 2310 1410 2345 ἑτοίμως
1429 2310 1466 2340 ὡς
1481 2310 1647 2345 ἡγουμένους
1664 2309 1827 2344 προσδέξον-

1040 2366 1095 2389 ται,
1111 2357 1217 2392 (p.524)
1237 2356 1304 2391 μετὰ
1317 2355 1406 2390 πάσης
1422 2355 1513 2387 αὐτοῖς
1525 2355 1676 2391 προθυμίας
1689 2355 1823 2390 προστρέα

1039 2411 1146 2438 χοντες,
1164 2402 1202 2433 ὼς
1221 2401 1344 2428 εὐσεϐέσι
1369 2409 1398 2427 τε
1425 2401 1473 2427 καὶ
1488 2402 1606 2436 ἰσχυροῖς
1630 2402 1663 2435 τῇ
1681 2400 1740 2435 θείᾳ
1754 2401 1823 2435 ῥοπῇ

1039 2446 1109 2474 κατὰ
1122 2446 1176 2472 τῶν
1188 2446 1316 2472 ἐναντίων
1336 2446 1468 2479 φανεῖσιν.
1484 2442 1550 2471 Εἶτα
1568 2444 1673 2475 δεικνὺς
1691 2444 1764 2475 ὃπως
1778 2443 1825 2470 καὶ

1039 2492 1073 2519 τὰ
1094 2492 1141 2526 τῆς
1157 2491 1308 2522 θεοσεϐείας
1328 2490 1374 2517 ὲπὶ
1396 2490 1426 2516 τὺ
1440 2490 1498 2517 δέον
1520 2490 1564 2517 διὰ
1577 2489 1626 2524 τῆς
1638 2490 1691 2516 τῶν
1710 2490 1824 2516 Μακκα-

1039 2537 1123 2564 ϐαίων
1138 2536 1314 2573 ἐπικρατείας
1331 2537 1528 2571 μεταστήσεται
1540 2556 1546 2565 .
1561 2535 1824 2570 παρασκευαζόντων

1039 2582 1217 2617 ἀφανίζεσθαι
1231 2582 1279 2617 μὲν
1291 2582 1399 2609 ἅπαντα
1414 2581 1448 2608 τὰ
1460 2581 1552 2616 χείρω,
1568 2582 1677 2616 κρατεῖν
1691 2580 1719 2606 δὲ
1733 2579 1768 2606 τὰ
1785 2580 1823 2615 τῷ

1038 2629 1097 2663 Θεῷ
1109 2628 1247 2659 δοκοῦντα,
1268 2637 1278 2653 ι
1289 2628 1344 2655 Καὶ
1360 2627 1435 2654 ἔσται
1447 2628 1475 2653 ὲν
1489 2628 1521 2662 τῇ
1533 2627 1623 2662 ἡμέρᾳ
1633 2627 1734 2663 ἐκείνῃ,
1750 2626 1823 2660 λέγει

1039 2675 1139 2711 Κύριος
1156 2674 1280 2707 Σαϐαὼθ,
1292 2673 1473 2708 ἐξολοθρεύσω
1485 2673 1520 2700 τὰ
1535 2673 1653 2708 ὀνόματα
1667 2673 1722 2699 τῶν
1746 2671 1822 2699 είδώ-

1039 2721 1092 2747 λων
1103 2720 1157 2747 ἀπὸ
1173 2720 1222 2754 τῆς
1234 2720 1295 2754 γῆς,
1312 2720 1359 2746 καὶ
1370 2719 1458 2745 οὐκέτι
1472 2717 1547 2745 ἔσται
1562 2718 1650 2744 αὐτῶν
1663 2717 1742 2752 μνεία
1752 2725 1759 2732 ⁸
1775 2717 1822 2744 καὶ

1039 2766 1103 2798 τοὺς
1116 2766 1338 2800 ψευδοπροφήτας
1358 2765 1405 2791 καὶ
1430 2764 1460 2790 τὸ
1485 2763 1594 2799 πνεῦμα
1616 2763 1646 2790 τὸ
1667 2763 1822 2797 ἀκάθαρτον

1037 2812 1125 2848 ἐξαρῶ
1137 2812 1191 2838 ἀπὸ
1205 2812 1253 2847 τῆς
1267 2811 1328 2845 γῆς.
1342 2821 1350 2837 ι
1369 2810 1434 2837 Τότε
1447 2810 1501 2846 γὰρ
1520 2810 1551 2844 δὴ
1574 2809 1616 2836 διὰ
1640 2809 1689 2843 τῆς
1709 2809 1821 2835 ἐκείνων

1038 2858 1197 2890 ἐπιστασίας
1211 2859 1283 2885 πᾶσα
1297 2858 1346 2894 μὲν
1361 2858 1377 2893 ή
1393 2857 1447 2885 τῶν
1471 2858 1586 2885 εἰδώλων
1606 2856 1820 2892 ἁφαιρεθήσετριι
