1983 3072
139 167 195 196 585

576 164 889 194 COMMENTARIUSIN
905 164 1089 192 ZACIIARIE
1107 165 1184 193 CAP.
1201 165 1268 193 XIII.

1708 165 1761 194 586

141 224 286 260 θεραπεία,
297 225 372 252 πᾶσα
391 225 420 252 δέ
431 224 646 260 καταλυθήσεται
666 225 720 251 τῶν
743 224 923 260 ψευδοπροφη-

982 230 1010 250 ut
1024 224 1192 252 demonstret
1203 231 1285 259 quam
1300 225 1354 252 late
1371 224 1500 252 h0nestas
1517 223 1692 251 dominatum
1712 223 1760 254 sit,

139 270 196 296 τῶν
211 271 228 305 ἡ
240 271 342 306 ,ἀπάτη
353 291 361 304 ,
382 271 489 302 οὐδενὸς
505 271 703 305 ἐπιτολμῶντος
727 270 804 297 οὐδὲν
831 271 925 304 ἐπιτη-

123 312 229 342 Τδεύειν
248 316 362 342 τοιοῦτο.
382 316 437 343 Καὶ
453 316 560 347 δεικνὺς
579 316 663 351 ὁπόση
677 324 716 347 τις
731 317 747 350 ἡ
767 316 925 351 ἐπικράτεια

139 361 285 396 γενήσεται
295 361 343 387 τοῦ
358 361 451 392 καλοῦ,
462 362 543 396 φησὶν
555 362 595 388 ὅτι
605 362 629 388 εἰ
641 361 784 397 τολμήσειέ
799 370 840 392 τις
854 370 925 396 παρ-

140 406 227 432 ελθὼν
242 407 311 433 κατὰ
332 406 378 433 τὸν
397 407 491 442 καιρὸν
517 408 618 434 ἐκεῖνον
641 407 874 442 προσποιήσασθαί
899 416 925 433 τι

139 451 196 478 τῶν
216 452 352 487 ἐσομένων
375 453 487 488 μηνύειν
511 454 542 479 ἐκ
560 453 712 488 πνεύματος
734 453 925 488 ἐνεργούμενος

125 496 294 532 ““ἀλλοτρίου,
312 498 417 528 οὐδενὸς
436 498 482 524 ἐπὶ
496 497 535 532 τῷ
556 497 711 533 τολμήματι
725 499 812 533 τούτῳ
825 498 871 524 καὶ
886 498 925 533 τῷ

140 544 355 579 παρανομήματι
366 543 427 570 οὐδὲ
441 543 516 578 παρὰ
541 543 596 570 τῶν
617 543 824 579 γεννησαμένων
845 545 925 570 αὐτὸν

140 590 306 625 συγγνώμης
320 590 336 625 ἢ
353 590 428 616 ἐλέου
442 589 564 622 τεύξεται
584 590 623 616 έτι
632 598 640 605 ·
659 591 749 622 αὐτοῖς
762 590 816 626 γὰρ
829 592 924 617 ἐκεῖνοι

142 635 284 670 μονονουχὶ
298 636 475 670 συνδήσαντες
499 635 581 661 αὑτὸν
594 655 601 666 ,
627 635 698 670 ὑπὲρ
714 635 745 670 δὴ
773 635 864 665 ψευδεί
879 636 925 662 καὶ

140 681 337 718 πεπλανημένη
351 682 504 717 προφητείᾳ
523 682 672 717 κεχρῆσθαι
685 682 781 717 τολμᾷ,
799 682 926 718 παραδώ-

141 735 218 753 σουσι
231 727 351 762 τιμωρία
361 735 368 741 ·
380 727 466 759 οὓτως
483 727 598 763 αἰσχύνῃ
619 728 668 762 μὲν
684 728 925 763 περιϐληθήσονται

140 773 242 804 πάντες
265 774 289 799 οἱ
306 773 454 807 τηνικαῦτα
478 773 607 805 τοιούτοις
623 773 839 809 ἐπιχειροῦντες,
857 774 925 809 πρὸς

142 819 324 854 μεταμέλειαν
337 819 366 845 δέ
381 819 504 845 νεύσουσι
518 819 564 845 καὶ
579 819 674 850 πένθος
693 820 725 846 ὲκ
738 818 791 846 τῶν
805 819 925 853 ἐπιγινο-

142 865 230 900 μένων
252 866 343 896 αὺτοῖς
358 865 459 891 κακῶν.
484 866 522 900 (ρ.
536 865 599 900 525)
616 865 702 892 Τοῦτο
724 865 778 901 γὰρ
799 865 871 898 λέγει
884 866 925 896 τὸ,

977 266 1174 301 Nemo,inquit,
1193 269 1240 296 illo
1253 273 1373 303 tempore
1387 269 1508 300 audebit,
1523 268 1550 295 in
1569 268 1687 295 medium
1696 274 1761 303 pro-

975 314 1085 344 cedens,
1104 314 1234 341 simulare
1248 313 1357 348 aliquod
1380 315 1538 342 vaticinium
1556 315 1646 341 alieno
1662 314 1760 348 spiritu

975 359 1140 393 instinctus;
1163 367 1252 394 neque
1271 361 1343 388 enim
1367 361 1512 396 quisquam
1544 361 1578 389 ob
1594 361 1620 388 id
1652 361 1760 388 facinus

974 409 1056 440 atque
1068 407 1159 435 scelus
1174 409 1217 435 vel
1233 409 1267 436 ab
1281 409 1349 444 ipsis
1361 409 1519 443 parentibus
1535 407 1641 435 veniam
1657 410 1704 434 aut
1712 406 1760 433 mi-

974 451 1152 479 sericordiam
1162 457 1384 488 consequeretur.
1405 453 1457 488 Ipsi
1469 453 1540 480 enim
1553 453 1590 479 illi
1604 453 1678 479 hunc
1693 460 1758 487 pro--

974 498 1118 531 pemodum
1133 499 1257 534 ligentes.
1274 499 1341 526 falsa
1359 498 1584 532 fraudulentaque
1599 497 1681 533 35‘.
1695 506 1757 532 pro-

975 543 1064 577 phetia
1079 544 1154 572 abuti
1167 553 1274 578 ausum,
1284 545 1417 580 supplicio
1425 544 1571 572 traderent.
1581 543 1627 570 Sic
1642 544 1758 578 ignomi-

976 587 1020 614 nia
1039 589 1149 622 quidem
1169 590 1321 617 obruentur
1337 597 1432 618 omnes
1447 589 1492 625 qui
1506 593 1571 616 tunc
1581 589 1638 616 hac
1654 589 1757 616 scelera

975 634 1136 662 admiserint
1152 646 1158 663 :
1174 636 1209 663 de
1225 637 1385 671 poenitentia
1404 640 1494 663 autem
1509 635 1638 669 luctuque
1654 635 1758 669 cogita—

975 679 1042 707 bunt
1061 685 1171 716 propter
1189 682 1347 717 ingruentes
1363 682 1428 716 ipsis
1442 681 1622 708 calamitates.
1642 678 1671 706 Id
1684 680 1756 707 enim

975 726 1129 759 signiﬁcant
1145 728 1227 754 verba
1242 738 1248 754 :
1271 737 1279 753 ι
1291 727 1438 755 Induentur
1453 727 1521 761 pelle
1540 725 1657 752 ciliciua.
1671 734 1681 750 ι
1697 724 1758 751 Sic-

975 775 1004 798 ut
1020 776 1061 799 est
1080 773 1150 806 apttd
1171 773 1277 800 beatum
1305 773 1432 800 Davidem
1450 782 1456 800 :
1476 782 1485 798 (
1502 771 1666 799 Conscidisti
1695 778 1756 797 sac-

974 823 1036 843 cum
1058 825 1157 848 meum,
1178 822 1205 844 et
1219 817 1424 845 circumdedisti
1441 824 1483 844 me
1491 814 1585 842 ltetitia
1593 813 1615 828 "
1626 821 1633 845 ;
1646 823 1655 838 ι
1666 812 1694 839 id
1705 817 1758 842 est.

975 862 1049 889 luctu
1076 862 1200 897 depulso,
1226 863 1325 898 gaudio
1348 871 1391 890 me
1405 862 1584 896 complevisti.
1602 862 1636 887 At
1656 861 1695 891 hi,
1716 860 1757 887 in-

143 919 151 935 t
164 909 317 936 ἐνδύσονται
329 909 418 945 δέῤῥιν
429 910 551 945 τριχίνην
560 918 567 924 ·
579 920 587 935 ι
601 907 656 936 οἷόν
669 911 726 936 ἐστι
734 910 810 945 παρὰ
822 910 860 946 τῷ
871 919 923 946 μα-

975 908 1043 942 quit,
1061 909 1094 936 ad
1116 910 1301 943 pmnitentiam
1324 909 1460 940 conversi,
1486 913 1513 935 et
1534 907 1641 941 lugubri
1666 906 1756 933 induti

140 954 228 989 καρίῳ
244 953 324 980 Δαυῖδ
339 953 379 985 τὺ,
399 962 408 978 ε
420 953 571 989 Διέῤῥηξας
584 953 612 980 δὲ
623 953 667 980 τὸν
677 953 778 980 σάκκον
792 962 842 988 μου
853 974 860 985 ,
877 954 924 980 καὶ

140 998 311 1034 περιέζωσάς
328 1007 361 1033 με
387 998 571 1034 εὐφροσύνην·
590 1008 599 1023 ι
628 998 670 1024 ἵνα
694 999 757 1034 εἴπῃ
770 1019 778 1029 ,
807 998 844 1024 Τὸ
859 998 924 1024 πέν-

139 1045 185 1076 θος
212 1043 346 1080 περιελὼν
372 1043 540 1079 εὐφροσύνης
570 1052 603 1078 με
629 1044 823 1079 πεπλήρωκας.
845 1044 877 1070 Οἱ
893 1043 924 1078 δὴ

138 1089 266 1121 τοιοῦτοι,
282 1090 357 1124 φησὶ,
374 1089 441 1124 πρὸς
455 1089 637 1124 μεταμέλειαν
648 1089 799 1121 νεύσαντες,
809 1090 854 1116 καὶ
864 1098 927 1116 πεν-

138 1136 215 1163 θικὸν
229 1135 403 1171 περιθέμενοι
418 1135 521 1170 σχῆμα,
538 1136 742 1171 ἀπαρνήσονται
758 1135 808 1171 τὴν
819 1136 926 1170 ἀπάτην

139 1182 190 1216 τὴν
202 1182 316 1213 οἰκείαν,
325 1181 458 1215 λέγοντες,
470 1181 508 1213 ὼς
518 1180 580 1207 οὗτε
594 1181 665 1207 ἴσασί
680 1189 717 1212 τι,
733 1180 794 1208 οὔτε
810 1182 926 1217 χρήσον-

139 1235 184 1254 ται
198 1227 244 1253 ἐπὶ
254 1227 379 1261 τοιούτῳ,
400 1226 631 1262 ἀσχοληθήσονται
654 1226 682 1253 δέ
694 1227 740 1253 τοῦ
755 1226 848 1253 λοιποῦ
863 1227 926 1262 περ)¹

139 1273 189 1306 τὴν
205 1271 334 1307 ἐργασίαν
346 1271 395 1306 τῆς
412 1271 478 1306 γῆς,
491 1271 560 1306 ὅπερ
578 1269 624 1297 οὖν
638 1271 685 1297 καὶ
700 1270 868 1305 ἐπιτηδεύειν
882 1270 926 1296 εὑ-

140 1318 189 1349 θὺς
203 1319 235 1344 ἐκ
249 1317 360 1353 πρώτης
374 1316 474 1352 ἔμαθον
486 1317 592 1352 ἡμέρας
605 1316 680 1352 παρὰ
691 1316 744 1343 τῶν
757 1318 923 1352 γεννησαμέ-

139 1372 194 1390 νων
210 1362 317 1393 αὐτούς.
334 1361 393 1389 Κᾶν
409 1361 436 1388 εἴ
456 1369 528 1392 τινες
546 1360 574 1387 δὲ
590 1361 687 1392 αὐτοὺς
702 1361 742 1387 ἔτι
764 1361 863 1396 νεαρὰς
876 1361 924 1395 φέ-

139 1417 236 1444 ροντας
254 1408 308 1434 τῶν
324 1406 515 1442 τυπτησάντων
538 1407 636 1438 αὐτοὺς
662 1406 711 1438 τὰς
728 1406 833 1441 πληγὰς
855 1407 923 1441 ἐρω-

138 1455 218 1489 τῷεν,
235 1454 296 1481 ὅθεν
310 1454 341 1488 δὴ
356 1453 456 1485 ταύτας
470 1452 641 1488 ἐπιφέροιντο
653 1472 660 1483 ,
674 1452 854 1486 ἐπαγγελοῦσι
872 1460 922 1478 σα-

972 953 1080 984 habitu,
1096 954 1254 988 imputatum
1268 954 1318 981 sibi
1337 954 1458 981 fraudem
1473 953 1646 988 denegabunt
1662 952 1757 979 dicen-

972 1003 1023 1030 tes,
1038 1006 1068 1026 se
1084 999 1149 1025 nihil
1172 999 1328 1033 hujusmodi
1350 998 1432 1030 scire,
1455 1006 1542 1032 neque
1555 997 1617 1024 talia
1636 1004 1756 1032 unquam

972 1045 1178 1076 commissuros,
1198 1045 1243 1072 sed
1261 1045 1380 1072 colendae
1399 1045 1528 1079 deinceps
1543 1047 1623 1070 terrae
1644 1047 1756 1069 vacatu-

974 1097 1019 1116 ros
1033 1098 1039 1122 ;
1055 1089 1126 1124 quod
1147 1090 1207 1117 vim
1224 1098 1310 1125 genus
1328 1092 1421 1117 statim
1435 1097 1450 1116 a
1461 1089 1579 1124 pueritia
1592 1088 1642 1116 abs
1663 1095 1756 1122 paren-

976 1135 1048 1162 tibus
1060 1135 1118 1162 suis
1128 1134 1290 1162 didicerant.
1306 1135 1382 1168 Quod
1406 1135 1428 1162 si
1445 1135 1507 1170 quis
1527 1134 1588 1162 illos
1603 1133 1692 1160 adhuc
1710 1140 1755 1160 re-

974 1179 1102 1207 centibus
1117 1180 1203 1215 plagis
1217 1185 1354 1208 tumentes
1368 1182 1513 1216 rogaverit,
1529 1181 1602 1208 unde
1617 1188 1664 1207 eas
1681 1183 1756 1207 retu-

975 1223 1086 1255 lissent,
1120 1224 1275 1253 fatebuntur
1301 1231 1393 1260 aperte
1409 1226 1475 1252 nihil
1505 1230 1646 1261 negantes,
1676 1225 1750 1261 quod

974 1269 1092 1297 alienum
1109 1270 1160 1297 sibi
1183 1270 1299 1298 oﬂicium
1314 1275 1487 1306 usurpantes,
1509 1272 1616 1307 propria
1630 1271 1658 1299 in
1675 1272 1755 1299 domo

975 1315 1086 1343 verbera
1102 1317 1145 1343 illa
1159 1317 1193 1344 ab
1210 1317 1244 1345 iis
1261 1319 1426 1352 acceperint,
1438 1318 1537 1353 quibus
1550 1318 1687 1353 praecipue
1696 1318 1753 1345 cari

975 1369 1035 1389 esse
1047 1362 1217 1395 videbantur,
1230 1371 1279 1390 ceu
1293 1363 1369 1391 liberi
1391 1364 1561 1399 parentibus,
1579 1365 1625 1399 qui
1641 1372 1756 1400 peccan-

975 1407 1048 1435 tibus
1068 1415 1121 1434 non
1138 1414 1328 1442 pepercerunt,
1353 1413 1495 1444 propterea
1522 1410 1593 1445 quod
1617 1410 1756 1445 religionis

975 1460 1068 1480 curant
1088 1455 1205 1481 naturali
1222 1456 1405 1490 compassioui
1428 1457 1614 1490 praetulerunt.

140 1503 198 1535 φῶς
225 1501 301 1528 οὐδὲν
325 1500 507 1536 ἀρνησάμενοι
536 1499 576 1526 ὅτι
602 1498 801 1534 ἐπιχειροῦντες
829 1496 868 1530 οἷς
892 1499 922 1524 οὺ
947 1500 1082 1535 προσῆκον
1110 1498 1160 1535 ἦν,
1179 1501 1225 1527 ἐπὶ
1248 1503 1297 1536 τῆς
1322 1502 1408 1534 οἰκίας
1434 1502 1483 1537 τῆς
1504 1503 1606 1529 ἑαυτῶν
1634 1501 1687 1529 εἷεν
1713 1503 1755 1529 δε-

137 1548 264 1584 δεγμένοι
280 1548 328 1574 τὰς
354 1547 489 1582 μάστιγας
512 1547 575 1582 παρ’
596 1546 707 1573 ἐκείνων
725 1543 766 1577 οἷς
784 1547 816 1582 δὴ
839 1546 953 1581 μάλιστα
971 1547 1077 1574 πάντων
1096 1548 1232 1583 ἀγαπητοὶ
1253 1550 1396 1583 τυγχάνειν
1411 1550 1537 1582 ἐδόκουν,
1560 1551 1608 1577 ἅτε
1634 1552 1756 1585 γονεῦσιν

139 1594 211 1627 υἱοὶ,
235 1594 260 1620 οἳ
282 1593 414 1629 μηδεμίαν
440 1592 530 1620 αὐτῶν
554 1592 637 1627 φειδὼ
660 1592 820 1628 πεποίηνται
844 1593 1063 1628 ἁμαρτανόντων.
1085 1594 1177 1629 ἐπειδὴ
1193 1595 1241 1630 τῆς
1263 1595 1401 1627 εὐσεϐείας
1417 1596 1467 1630 τὴν
1487 1596 1642 1632 ἐπιμέλειαν
1656 1597 1756 1625 ἀνωτέ-

140 1648 192 1676 ραν
205 1640 255 1675 τῆς
267 1639 385 1675 φυσικῆς
398 1639 490 1666 ἔθεντο
507 1638 686 1674 συμπαθείας.

177 1685 250 1720 Στίχ.
260 1687 292 1717 ζ’.
304 1684 402 1712 -Ἂλλὰ
412 1686 466 1720 γὰρ
482 1685 531 1720 τὴν
544 1684 589 1710 ἐπὶ
599 1684 629 1711 τὸ
642 1685 763 1719 κρεῖττον
779 1683 923 1719 μεταϐολὴν

1013 1682 1097 1709 Vens.
1120 1681 1145 1708 7.
1165 1695 1200 1701 -—
1218 1680 1274 1716 Age
1293 1688 1356 1708 vero
1371 1685 1432 1716 post
1448 1682 1598 1709 nuntiatam
1617 1691 1708 1710 rerum
1727 1684 1754 1711 in

140 1731 195 1758 τῶν
204 1731 372 1767 πραγμάτων
382 1729 499 1766 εἰρηκὼς
511 1731 526 1756 ό
541 1732 691 1765 προφήτης,
700 1730 772 1761 ὅπως
785 1738 814 1756 τε
826 1731 858 1765 τῇ
869 1731 923 1756 τῶν

141 1777 327 1803 Μακκαὸαίων
343 1776 494 1812 προστασίᾳ
519 1775 708 1811 καθῃρέθησαν
735 1776 783 1810 μὲν
804 1775 828 1802 oi
848 1777 923 1802 ἐναν-

140 1823 204 1854 τίοι,
219 1822 313 1857 γέγονε
324 1823 352 1850 δὲ
369 1824 398 1848 ἐν
426 1822 559 1857 εὐκοσμίᾳ
580 1821 611 1848 τὸ
627 1821 701 1853 ἔθνος
725 1821 807 1857 πολλῇ
821 1841 828 1853 ,
845 1821 922 1847 κῶστε

142 1870 232 1896 πᾶσαν
257 1869 306 1904 μὲν
328 1868 454 1895 ἀσέϐειαν
471 1867 500 1900 ἐξ
517 1867 606 1894 αὐτῶν
628 1868 674 1894 καὶ
688 1868 858 1903 παρανομίαν
874 1868 922 1894 ἀν-

140 1914 259 1950 ῃρῆσθαι
269 1934 276 1945 ,
292 1915 401 1948 κρατεῖν
415 1913 444 1939 δὲ
458 1913 545 1940 πάντα
561 1921 593 1946 γε
616 1913 701 1939 ὁπόσα
716 1914 766 1944 τοῖς
782 1913 861 1945 θείοις
879 1913 922 1940 νό-

142 1967 204 1993 μοις
219 1958 350 1984 ἀκόλουθα
365 1958 518 1985 συνέϐαινεν
531 1955 609 1990 εἶναι,
619 1957 712 1993 ὥσπερ
724 1959 756 1985 ὲκ
769 1959 817 1993 τῆς
830 1959 922 1986 τοιαύ-

140 2012 189 2037 της
206 2003 415 2038 άποκαλύψεως,
432 2003 465 2038 ἢν
482 2004 514 2029 ἐκ
535 2003 584 2038 τῆς
603 2003 650 2029 τοῦ
670 2003 747 2037 ἁγίου
764 2004 923 2040 Πνεύματος

139 2050 262 2077 ὲδέδεκτο
281 2050 420 2085 ἐνεργείας
431 2071 437 2082 ,
453 2050 547 2081 ἔνθους
560 2058 589 2076 τε
601 2049 728 2084 γεγονὼς,
745 2050 792 2077 καὶ
806 2050 921 2077 κατιδὼν

109 2122 111 2124 τ
140 2095 261 2131 άκριὸὦς
277 2095 311 2123 τὰ
332 2095 449 2130 ἐσόμενα
463 2115 471 2126 ,
487 2093 531 2122 οἶά
546 2103 575 2122 τε
600 2095 630 2127 ἐξ
644 2095 706 2122 οἴων
730 2096 871 2131 γενήσεται
887 2096 922 2122 τὰ

148 2141 279 2168 Ἰουδαίων
293 2162 300 2174 ,
318 2142 364 2167 καὶ
387 2141 444 2167 οἵαν
470 2141 518 2176 μὲν
540 2142 572 2167 ὲκ
588 2142 637 2176 τῆς
658 2141 712 2168 τῶν
734 2142 920 2168 Μακκαὸαίων

141 2187 305 2222 προστασίας
327 2186 468 2222 διόρθωσιν
495 2186 600 2219 δέξεται
625 2187 660 2214 τὰ
685 2188 745 2213 κατ’
762 2187 875 2219 αὐτοὺς,
891 2188 921 2214 ἐν

140 2233 190 2269 ὅσῃ
213 2233 241 2259 δὲ
266 2232 375 2267 γέγονεν
391 2233 510 2268 ἀκοσμίᾳ.
532 2237 574 2268 (p.
594 2233 662 2267 526)
687 2234 719 2259 ἐκ
738 2233 785 2269 τῆς
810 2234 920 2260 ἐκείνων

142 2278 290 2313 μοχθηρίας
304 2279 328 2304 οἱ
344 2278 417 2313 παρὰ
431 2278 485 2304 τῶν
502 2277 631 2312 βασιλέων
645 2278 719 2314 παρά
732 2287 761 2304 τε
775 2278 805 2304 τὸ
817 2279 920 2314 πρέπον

140 2324 187 2350 καὶ
198 2323 229 2349 τὸ
244 2324 299 2354 τοῖς
310 2323 400 2358 νόμοις
415 2323 560 2350 ἀκόλουθον
577 2324 632 2355 τοῖς
642 2323 723 2354 θείοις
735 2323 785 2358 τήν
798 2331 828 2350 τε
842 2325 920 2358 ἱερω-

975 1728 1073 1756 melius
1096 1727 1313 1759 conversionem,
1329 1730 1353 1753 et
1374 1727 1510 1761 quomodo
1525 1727 1552 1754 in
1574 1727 1757 1756 Macchabaeo-

975 1781 1033 1801 rum
1049 1773 1200 1808 principatu
1218 1772 1299 1800 deleti
1314 1772 1414 1799 fuerint
1432 1773 1534 1805 hostes,
1558 1777 1586 1801 et
1605 1781 1671 1808 gens
1686 1775 1754 1801 bene

974 1819 1119 1845 admodum
1135 1817 1298 1851 composita,
1326 1817 1430 1852 abjecta
1446 1818 1550 1845 scilicet
1566 1819 1640 1845 omni
1659 1819 1755 1853 impie-

974 1868 1030 1891 tate
1045 1871 1077 1890 ac
1091 1864 1221 1897 nequitia,
1236 1867 1417 1898 revocatoque
1432 1864 1585 1891 divinarum
1597 1865 1685 1899 legum
1697 1868 1754 1892 stu-

974 1910 1037 1942 dio;
1054 1917 1086 1937 ex
1103 1909 1258 1943 huiusmodi
1277 1910 1451 1941 revelatione.
1475 1917 1554 1944 quam
1572 1909 1674 1944 Spiritu
1690 1919 1754 1938 san-

975 1961 1021 1983 cto
1038 1960 1169 1990 operante
1183 1960 1336 1990 acceperat,
1358 1961 1446 1983 mente
1470 1956 1590 1990 percitus
1611 1957 1752 1992 pmpheta,

973 2009 1006 2030 ac
1016 2002 1108 2029 futura
1125 2002 1264 2030 evidenter
1278 2010 1403 2035 cernens,
1417 2008 1444 2030 et.
1458 2011 1580 2037 quaenam
1594 2008 1621 2030 et
1633 2011 1666 2030 ex
1685 2010 1753 2038 qua-

973 2048 1045 2075 libus
1061 2055 1105 2074 res
1123 2048 1278 2075 Judaaorutn
1299 2048 1397 2079 forent,
1419 2052 1446 2076 et
1460 2053 1589 2083 quantam
1606 2050 1658 2076 sub
1678 2049 1752 2076 Mac-

972 2093 1145 2119 chabaeorum
1161 2093 1312 2127 principatu
1328 2093 1542 2120 emendationem
1568 2099 1687 2121 nactum
1708 2103 1752 2121 es-

973 2142 1216 2173 seut;quantaque
1229 2146 1326 2166 rursus
1350 2139 1516 2173 perturbatio
1535 2139 1625 2167 futura
1641 2141 1676 2168 ob
1695 2141 1752 2169 illo-

973 2191 1033 2211 rum
1048 2183 1260 2219 improbitatem,
1275 2184 1322 2218 qui
1337 2191 1352 2210 a
1369 2185 1487 2219 regibus,
1511 2189 1608 2220 prteter
1631 2186 1672 2214 fas
1683 2187 1751 2221 legi-

971 2231 1067 2256 timum
1076 2237 1107 2256 ac
1114 2228 1247 2261 divinum,
1256 2233 1312 2256 tum
1319 2231 1509 2257 sacerdotalem
1517 2231 1684 2266 dignitatem,
1694 2237 1751 2260 tum

971 2274 1052 2301 etiam
1071 2274 1160 2309 populi
1174 2273 1302 2301 ducatum
1318 2275 1492 2309 aecipieutes,
1515 2276 1631 2302 maxima
1654 2277 1751 2304 confu-

972 2320 1048 2347 sione
1056 2321 1144 2347 omnia
1156 2321 1342 2355 repleverunt;
1352 2328 1458 2348 summa
1466 2321 1648 2356 indignatione
1655 2322 1752 2350 advers

140 2368 224 2404 σύνην
231 2368 419 2403 ἀναδεχόμεναι
428 2369 475 2396 καὶ
486 2369 534 2404 τὴν
544 2369 591 2395 τοῦ
600 2368 664 2395 λαοῦ
674 2369 848 2404 προστασίαν.
859 2377 921 2403 συγ-

973 2374 1019 2393 sus
1033 2354 1218 2401 355horuin
1235 2366 1434 2401 improbitatem
1449 2354 1611 2400 commotus,
1627 2368 1671 2401 qui
1690 2371 1751 2394 tan-

140 2413 244 2449 χύσεως
266 2414 396 2449 μεγίστης
417 2414 628 2450 πεπληρώκασιν
643 2414 767 2446 ἅπαντα,
791 2415 921 2450 μεγίστην

139 2459 200 2486 τινὰ
213 2460 262 2495 τὴν
276 2459 462 2494 ἀγανάκτησιν
480 2460 526 2486 ἐπὶ
546 2461 578 2495 τῇ
595 2460 728 2496 μοχθηρίᾳ,
744 2460 797 2487 τῶν
812 2460 859 2487 τοῦ
874 2469 920 2486 το-

141 2503 236 2531 σούτου
250 2504 335 2531 κακοῦ
360 2504 510 2538 γεγονότων
535 2504 626 2531 αἰτίων
647 2504 810 2540 δεξάμενος,
833 2505 921 2532 τοιάδε

140 2549 222 2585 φησιν
237 2558 244 2564 ·
271 2559 280 2575 ι
292 2550 437 2584 Ῥομφαίιλ,
456 2549 612 2586 ἐξεγέρθητι
625 2551 670 2576 ἐπὶ
682 2550 727 2577 τὸν
743 2551 859 2585 ποιμένα
874 2551 922 2577 καὶ

140 2596 183 2621 ἐπ’
199 2594 282 2629 ἄνδρα
308 2595 420 2629 πολίτην
437 2595 518 2622 αὺτοῦ
532 2615 539 2625 .
561 2595 635 2630 λέγει
652 2596 752 2631 Κύριος
768 2596 921 2631 παντοκρά-

138 2647 206 2674 τωρ.
221 2648 229 2663 ι
246 2638 454 2674 Προστακτικῶς
483 2639 564 2665 πάλιν
582 2638 720 2666 κάνταῦθα
737 2638 768 2665 τὺ
793 2638 921 2673 ἐσόμενον

140 2684 237 2721 μηνύει
248 2693 255 2699 ·
273 2685 320 2711 καὶ
335 2683 428 2719 ὥσπερ
448 2684 515 2719 πρὸς
531 2684 597 2710 αὐτὸ
616 2684 646 2710 τδ
666 2684 740 2719 ξίφος
753 2684 855 2720 τρέψας
876 2684 921 2710 τὸν

139 2730 227 2765 λόγον,
244 2730 376 2765 Κινήθητι
390 2730 433 2765 δὴ,
448 2731 539 2766 φησὶν,
554 2727 577 2757 ὦ
592 2729 712 2766 μάχαιρα
725 2730 795 2758 κατά
805 2739 834 2756 τε
848 2730 920 2757 ἐκεί-

139 2784 192 2803 νων
205 2776 259 2802 τῶν
269 2775 340 2802 οὕτω
355 2775 446 2807 κακῶς
458 2777 490 2810 τῇ
506 2775 658 2811 προστασίᾳ
670 2775 859 2812 χρησαμένων,
875 2776 920 2802 καὶ

174 2864 199 2881 ’³
218 2863 289 2890 Psal.
311 2871 386 2893 χχιι.
407 2862 449 2889 I2.

281 2911 413 2940 Pnuou
430 2909 487 2940 GR.
505 2909 612 2940 LXVI.

972 2415 1061 2439 torum
1082 2412 1214 2438 malorum
1225 2419 1308 2442 causa
1323 2411 1443 2444 fuerunt,
1460 2413 1487 2439 in
1503 2412 1559 2439 haec
1569 2413 1650 2440 verba
1662 2420 1751 2439 erum-

972 2457 1028 2491 pit:
1041 2466 1050 2482 ι
1062 2456 1187 2488 Framea,
1204 2465 1336 2492 consurge
1352 2457 1484 2485 adversus
1501 2462 1648 2493 pastorem,
1662 2462 1690 2485 et
1703 2466 1751 2486 su-

972 2509 1020 2537 per
1033 2502 1119 2528 virtun
1134 2503 1220 2530 civem
1233 2503 1303 2537 ejus,
1315 2503 1381 2530 dicit
1397 2503 1528 2531 Dominus
1544 2503 1746 2538 omnipotens.»

972 2546 1078 2574 Rursus
1092 2547 1143 2575 hoc
1167 2548 1248 2575 etiam
1273 2549 1333 2576 loco
1361 2549 1520 2584 imperative
1547 2556 1603 2576 rem
1630 2550 1749 2577 futuram

970 2592 1158 2627 signiﬁcul;et
1171 2594 1250 2628 quasi
1272 2594 1305 2622 ad
1320 2595 1406 2629 ipsum
1428 2595 1546 2630 gladium
1569 2595 1658 2623 verbis
1680 2602 1748 2622 con-

969 2638 1065 2671 versis,
1083 2638 1286 2671 Commovetor,
1301 2640 1398 2675 inquit,
1419 2649 1435 2668 o
1448 2641 1546 2675 gladio,
1567 2645 1625 2668 tum
1648 2644 1746 2668 contra

969 2683 1031 2710 illos
1045 2683 1091 2718 qui
1109 2688 1163 2710 tam
1176 2685 1245 2712 male
1261 2685 1413 2720 principatu
1430 2689 1556 2718 utuntur,
1584 2691 1642 2713 tum
1666 2685 1750 2713 etiam

969 2735 1065 2757 contra
1080 2738 1175 2758 omnes
1189 2731 1236 2766 qui
1253 2732 1327 2767 genti
1350 2735 1449 2759 nostra:
1471 2732 1532 2766 jure
1548 2731 1689 2760 societatis
1706 2731 1752 2758 ad-

970 2775 1046 2809 dicti,
1077 2775 1168 2804 i‘averc
1187 2777 1294 2805 illorum
1321 2777 1486 2813 improbitati
1506 2782 1648 2806 curarunt.
1667 2777 1753 2805 «Per-

1599 2911 1635 2940 19
