1966 3069
216 171 270 198 58⁵1

797 166 969 195 τιιεοοοιιι
985 163 1226 195 MOPSUESTENI

215 234 277 256 cute
293 232 438 262 pastorem.
454 229 479 253 et
490 225 683 261 dispergantur
695 232 771 252 ovcs.
789 234 797 249 ι
813 224 873 252 Τιιο
886 225 998 252 verbere

1051 224 1120 251 κατὰ
1137 224 1244 250 πάντων
1262 223 1314 249 τῶν
1328 223 1383 249 ὅσοι
1401 223 1440 257 τῷ
1462 222 1532 249 Ξθνει
1559 222 1742 258 προσήκοντες
1769 232 1840 260 συμ-

213 280 306 301 necem
322 271 393 299 infer
417 272 459 298 his
473 272 518 306 qui
543 275 599 298 tam
621 271 691 297 male
708 271 800 305 populi
826 270 926 297 ducatur
956 270 997 297 usi

213 318 329 349 fuerant,
350 320 491 352 totumque
513 315 661 342 faventium
686 316 742 343 illis
768 319 879 347 emtum,
904 314 998 342 eodem

214 370 274 389 rum
302 361 358 388 illis
373 361 427 388 ictu
453 368 588 395 pomaque
609 360 742 396 disperge.
766 360 814 388 His
843 360 1002 395 imperative

212 407 304 437 dictis.
328 407 361 433 ad
377 407 415 433 rei
436 406 533 433 inturze
559 407 776 441 praedictionem,
802 407 888 442 pergit
915 406 1002 441 loqui,

213 456 423 479 consentaneum
453 452 622 486 prmdictioni
651 451 764 479 formam
796 451 932 479 sermonis
959 455 1000 478 te-

214 504 282 524 nens
296 505 322 523 Σ(
334 496 366 523 ΕΙ.
382 501 538 524 convertam
558 504 668 523 manum
687 505 773 524 meam
789 502 886 524 contra
910 498 1000 524 minu-

212 546 256 570 tos
267 547 400 575 pastores.
413 551 423 567 ι
441 542 469 569 Si
483 543 529 577 qui
545 543 598 569 sub
615 543 769 578 principum
787 546 923 577 potestate
941 541 1001 569 fue-

213 588 278 620 rint,
292 593 318 615 et
332 588 414 622 impio
429 588 536 614 illorum
552 588 668 622 imperio
691 588 781 615 favere
800 589 946 620 voluerint,
973 591 1001 616 et

213 634 265 668 ipsi
292 641 401 669 quoque
431 639 507 668 parte
529 634 621 668 aliqua
645 633 727 661 cilicii
753 634 804 662 sibi
827 635 998 666 concredita,

214 685 296 712 prave
309 685 339 706 se
355 686 448 713 gerere
458 679 600 713 coeperint,
620 679 669 705 hos
687 679 749 705 item
771 679 893 713 puniant.
911 678 994 705 Nam-

213 729 266 757 que
282 722 331 750 hos
349 723 465 758 appellat
479 724 599 750 minutos
615 726 749 758 pastores.

1047 271 1176 306 πράττειν
1194 270 1283 296 αὐτῶν
1313 269 1441 295 ἔσπευδον
1460 270 1492 304 τῇ
1519 269 1663 304 μοχθηρίᾳ.
1692 270 1839 302 σΠάταξον
1873 274 1878 278 “

1049 317 1094 342 τὸν
1112 316 1238 351 ποιμένα,
1255 315 1301 341 καὶ
1317 314 1554 349 διασκορπισθήτω
1570 314 1603 340 τὰ
1619 314 1752 350 πρόϐατα.
1769 323 1778 340 ι
1796 315 1837 350 Τῇ
1860 315 1874 354 ξ

1049 362 1104 396 γὰρ
1119 362 1208 396 πληγῇ
1222 362 1255 396 τῇ
1266 361 1353 396 οἰκεία
1369 360 1482 387 θάνατον
1498 361 1548 396 μὲν
1561 361 1684 394 ἐπάγαγε
1696 362 1752 392 τοῖς
1765 360 1839 387 οὕτω
1863 358 1868 372 ί

1053 407 1144 438 κακῶς
1160 408 1193 442 τῇ
1215 406 1364 441 προστασίᾳ
1387 406 1433 432 τοῦ
1460 405 1525 432 λαοῦ
1551 405 1747 441 χρησαμένοις,
1764 407 1836 432 ἆπων

1054 453 1082 479 δὲ
1098 453 1152 478 τῶν
1167 453 1395 487 συμπραττόντων
1418 451 1508 483 αὐτοῖς
1531 451 1561 478 τὸ
1575 450 1700 486 σύστημα
1724 452 1782 487 ἅμα
1801 452 1836 487 τῇ

1049 498 1162 524 ἐκείνων
1172 497 1262 532 πληγῇ
1274 497 1447 524 διασκέδασον
1462 497 1493 532 τῇ
1506 496 1635 531 τιμωρία.
1648 496 1740 523 Ταῦτα
1750 505 1836 532 προσ-

1048 543 1186 575 τακτικῶς
1217 543 1334 578 εἰρηκὼς
1350 544 1388 575 εἰς
1407 543 1456 578 τὴν
1471 542 1525 568 τῶν
1548 542 1685 577 ἐσομένων
1708 543 1835 577 μήνυσιν.

1049 588 1146 623 ἐπάγει
1161 589 1196 616 τὰ
1219 589 1283 624 ἑξῆς
1296 609 1303 621 ,
1322 589 1469 616 ἀκόλουθον
1491 587 1640 622 ἐπαγαγὼν
1655 589 1711 619 τοῖς
1733 596 1838 623 μηνυο-

1050 635 1142 670 μένοις
1155 635 1202 661 τοῦ
1225 635 1307 670 λόγου
1321 635 1350 662 τὸ
1378 635 1486 670 σχῆμα·
1506 643 1515 659 ι
1533 634 1587 660 Καὶ
1606 633 1763 669 ἐπιστρέψω
1785 634 1836 669 τὴν

1048 681 1126 714 χεῖρά
1136 689 1186 716 μου
1202 681 1248 708 ἐπὶ
1260 682 1323 712 τοὺς
1340 681 1452 716 μικροὺς
1466 679 1607 715 ποιμένας.
1619 689 1628 705 ι
1645 679 1701 706 Καὶ
1716 679 1770 714 γὰρ
1785 680 1836 706 καὶ

1048 725 1074 751 εἰ
1089 735 1160 758 τινες
1182 727 1235 753 ὑπὸ
1249 728 1304 758 τοῖς
1325 726 1484 761 ἡγουμένοις
1500 723 1554 752 εἶεν
1566 746 1573 757 ,
1591 725 1778 761 συμπράττειν
1804 733 1836 751 τε

213 768 302 795 αὐτῶν
326 769 359 804 τῇ
380 769 503 804 μοχθηρᾷ
523 769 673 804 προστασίᾳ
698 768 870 804 βουλόμενοι,
891 770 937 796 καὶ
957 770 989 804 δὴ
1012 770 1058 797 καὶ
1080 772 1156 799 αὐτοὶ
1179 773 1248 800 κατά
1270 781 1331 800 τινα
1351 773 1426 805 τάξιν
1451 773 1499 808 τὴν
1522 772 1651 800 δοκοῦσαν
1673 772 1763 802 αὐτοῖς
1784 772 1836 806 ἐμ-

214 812 417 845 πεπιστεῦσθαι,
441 813 585 849 κατάρχειν
602 814 796 846 ἐσπουδακότες
814 814 862 840 τοῦ
879 814 1008 850 χείρονος,
1035 819 1224 853 τιμωρήσομαι
1242 817 1392 849 κάκείνους.
1423 819 1544 855 Μικροίις
1558 818 1612 854 γὰρ
1627 817 1758 852 ποιμένας
1772 818 1836 848 τοὺς

214 859 352 890 τοιούτους
365 858 452 884 καλεῖ.

251 904 332 932 Vsus.
347 904 374 935 8.
392 907 417 931 9.
436 920 469 925 —-
484 904 579 932 Postea
602 913 687 940 pteme
711 906 863 940 a-quitatem
889 906 1001 934 demon-

1089 906 1163 941 Στίχ.
1175 905 1210 940 η’,
1223 906 1255 932 θ’.
1268 921 1300 927 —
1315 904 1380 931 Εἶτα
1403 905 1508 936 δεικνὺς
1520 905 1551 932 τὺ
1571 905 1621 939 τῆς
1643 904 1778 939 τιμωρίας
1796 903 1836 930 δί-

214 954 321 981 strans,
336 959 346 975 ο
361 949 392 976 Et
405 950 466 981 erit,
479 950 624 985 inquit,die
636 951 679 977 illa
698 951 724 977 in
739 951 811 978 onmi
827 956 909 983 terra,
936 952 999 980 dicit

1052 961 1146 980 καιον-
1176 962 1184 978 ι
1205 952 1260 979 Καὶ
1277 952 1354 979 ἔσται
1379 952 1407 978 ἐν
1421 953 1454 986 τῇ
1469 951 1562 987 ἡμέρᾳ
1587 951 1696 986 ἐκείνῃ,
1713 951 1742 976 ὲν
1760 949 1836 986 πάσῃ

215 994 356 1027 Dominus,
371 995 430 1022 duzc
441 995 527 1030 ipsius
539 1001 629 1030 partes
642 997 768 1044 peribunt
778 1001 806 1024 ct
821 998 958 1029 deﬁcient.
970 1003 997 1026 et

214 1041 293 1068 tertia
309 1041 478 1075 rclinquetur
493 1042 519 1068 in
534 1049 577 1069 ea.
595 1041 627 1069 Et
647 1041 786 1070 traducam
814 1046 919 1071 tertiam
940 1052 999 1080 par-

214 1089 267 1112 tem
280 1093 327 1121 per
340 1087 429 1120 ignem
440 1094 448 1119 ;
458 1091 486 1113 et.
500 1085 674 1114 inﬂammabo
690 1095 736 1114 cos
752 1095 800 1114 ceu
815 1088 999 1116 inﬂammatur

213 1136 367 1166 argentum,
384 1136 411 1158 et
442 1132 564 1167 probabo
579 1140 626 1159 eos
640 1133 712 1159 sicut
736 1133 866 1167 probatur
891 1142 997 1162 aurum.

215 1178 274 1212 Ipse
286 1178 421 1205 invocabit
436 1186 534 1205 nomen
553 1186 652 1210 meum,
668 1183 694 1206 et
705 1186 756 1213 ego
770 1181 911 1207 exaudiant
926 1189 997 1208 eum.

216 1224 377 1259 Dicamque:
396 1224 514 1260 Populus
526 1233 601 1252 mens
617 1225 661 1252 hic
674 1229 726 1252 est.
743 1234 753 1251 ›
772 1225 848 1258 Quod
862 1227 999 1261 bijustam

214 1270 351 1304 patientur
379 1277 496 1305 poenam,
522 1278 566 1297 res
587 1271 645 1305 ipsa
673 1270 852 1303 demonstrat,
871 1273 998 1306 quoniam

214 1319 316 1342 tantam
344 1315 465 1342 fecerunt
493 1317 583 1350 populi
598 1316 630 1342 ad
644 1316 720 1350 pejus
735 1316 954 1349 declinationem,
971 1323 999 1345 ιιι

215 1363 274 1388 «iure
301 1361 390 1395 populi
416 1367 505 1395 partes
531 1361 564 1388 ad
590 1362 683 1389 vitimn
708 1363 839 1398 prolapsz'e
867 1365 1000 1399 supplicio

215 1406 319 1432 tradita,-
336 1405 400 1432 siut.
425 1406 557 1432 Ca‘tcrum
582 1406 651 1434 duas
667 1412 757 1442 partes
777 1409 853 1441 (lit-it,
878 1417 925 1443 pro
944 1411 1001 1444 plu-

216 1451 302 1478 rimis.
325 1450 506 1478 Nihilominus
534 1452 604 1479 haud
627 1453 704 1487 pauci
724 1453 812 1481 adhuc
838 1461 1000 1489 supererunt

217 1497 367 1524 honestatis
383 1496 465 1532 356
482 1501 628 1528 amatores.
645 1506 800 1533 quanquam
815 1500 842 1527 bi
858 1502 1000 1535 pauciores

216 1543 287 1570 illis:
303 1542 329 1569 id
347 1543 417 1569 enim
434 1544 575 1570 denotatur
599 1547 716 1574 mtertia
725 1552 832 1582 parte»:
857 1547 903 1582 qui
919 1548 1000 1575 veluti

217 1590 278 1625 igne
290 1589 418 1624 quodam.
436 1589 598 1617 indictorum
613 1591 746 1618 malorum
760 1593 893 1626 gravitate
907 1594 1002 1628 proba-

1048 1000 1081 1034 τῇ
1098 1000 1150 1034 γῇ,
1161 999 1233 1032 λέγει
1251 998 1351 1033 Κύριος
1363 1018 1370 1026 .
1388 997 1422 1024 τὰ
1435 997 1482 1024 δύο
1496 997 1579 1032 αὐτῆς
1591 996 1662 1032 μέρη
1678 995 1835 1035 ἐξολοθρευ-

1050 1045 1161 1080 θήσεται
1174 1044 1221 1071 καὶ
1244 1043 1377 1077 ἐκλείψει.
1395 1044 1442 1078 (ρ,
1458 1043 1529 1074 527)
1552 1042 1583 1068 τὸ
1605 1042 1633 1068 δὲ
1654 1042 1746 1076 τρίτον
1766 1041 1834 1067 ὑπο-

1049 1091 1223 1126 λειφθήσεταί
1239 1091 1267 1116 ἐν
1280 1090 1347 1125 αὐτῇ
1356 1098 1363 1105 ο
1376 1089 1424 1115 καὶ
1434 1088 1517 1120 διάξω
1531 1088 1560 1114 τὸ
1575 1089 1664 1123 τρίτον
1678 1087 1721 1113 διὰ
1736 1087 1834 1122 πυρός·

1050 1135 1097 1161 καὶ
1112 1134 1230 1170 πυρώσω
1243 1135 1341 1165 αὐτοὺς
1365 1134 1403 1165 ὡς
1419 1133 1552 1169 πυροῦται
1574 1133 1605 1159 τὸ
1621 1133 1752 1167 ἀργύριον
1763 1151 1770 1161 .
1786 1132 1834 1158 καὶ

1049 1181 1153 1216 δοκιμῶ
1174 1181 1272 1212 αὐτοὺς
1288 1180 1326 1212 ὡς
1348 1179 1523 1214 δοκιμάζεται
1544 1178 1574 1205 τὸ
1601 1178 1727 1214 χρυσίον·
1752 1177 1835 1209 αὐτὸς

1049 1226 1240 1253 ἐπικαλέσεται
1264 1226 1295 1253 τὸ
1318 1225 1401 1260 ὕνομά
1416 1233 1465 1260 μου
1478 1243 1486 1256 ,
1500 1224 1547 1251 καὶ
1572 1223 1628 1258 ἐγὼ
1647 1223 1835 1258 ἐπακούσομαι

1049 1273 1138 1308 αὐτῷ’
1151 1273 1198 1299 καὶ
1209 1271 1272 1307 ἐρῶ,
1287 1271 1357 1302 Λαός
1370 1279 1421 1305 μου
1434 1268 1510 1301 οὗτός
1521 1270 1579 1296 ἐστι
1590 1277 1596 1285 ·
1611 1269 1658 1296 καὶ
1670 1269 1750 1300 αὐτὸς
1764 1269 1833 1304 ἐρεὲ,

1050 1319 1151 1354 Κύριος
1162 1319 1176 1344 ὁ
1191 1318 1256 1349 Θεός
1275 1326 1334 1352 μου.
1349 1328 1358 1343 ›
1375 1317 1435 1342 ’Ὁτι
1450 1316 1503 1351 γὰρ
1513 1335 1521 1347 ,
1542 1315 1608 1351 φησι
1618 1335 1626 1348 ,
1640 1315 1745 1341 δικαίαν
1767 1314 1834 1340 ὑπο-

1052 1364 1177 1400 μενοῦσιν
1199 1365 1223 1390 οἱ
1248 1364 1362 1389 τοιοῦτοι
1387 1363 1437 1398 τὴν
1461 1362 1605 1398 τιμωρίαν,
1625 1361 1690 1388 αὐτὸ
1716 1359 1836 1395 δηλοῖτδ

1050 1410 1184 1445 πρᾶγμα,
1205 1408 1229 1435 οἳ
1245 1408 1378 1443 τοσαύτην
1405 1407 1535 1443 ἐποίησαν
1552 1407 1597 1433 ἐπὶ
1619 1406 1650 1432 τδ
1672 1407 1761 1441 χεῖρον
1785 1405 1835 1432 τοῦ

1051 1455 1142 1486 ἔθνους
1157 1455 1204 1489 τὴν
1220 1454 1356 1489 ἐκτροπὴν
1370 1473 1376 1485 ,
1393 1453 1462 1479 ὥστε
1479 1452 1513 1479 τὰ
1533 1452 1579 1479 δύο
1603 1451 1671 1487 μέρη
1694 1451 1743 1478 τοῦ
1766 1450 1834 1477 λαοῦ

1052 1501 1171 1536 ῥέψαντα
1195 1499 1263 1534 πρὸς
1286 1499 1315 1525 τὸ
1341 1499 1431 1534 χεῖρον
1449 1498 1567 1534 τιμωρία
1586 1497 1783 1533 παραδοθῆναι’
1798 1496 1834 1522 τά

1051 1546 1078 1572 δὲ
1092 1546 1138 1572 δύο
1164 1545 1234 1581 μέρη
1250 1545 1330 1579 φησὶν
1340 1565 1347 1576 ,
1368 1545 1411 1571 ἵνα
1424 1544 1488 1581 εἴπῃ
1501 1544 1563 1575 τοὺς
1577 1543 1731 1576 πλείστους.
1754 1542 1834 1569 Ἀλλὰ

1052 1593 1105 1628 γὰρ
1121 1591 1207 1623 οὕτως
1228 1590 1468 1626 ἰνπολειφθήσονται
1488 1590 1537 1616 οὐκ
1553 1589 1636 1624 ὀλίγοι
1658 1588 1704 1615 τοῦ
1727 1588 1835 1620 δέοντος

216 1635 248 1667 ti,
264 1635 352 1669 majus
364 1635 472 1662 virtutis
489 1635 605 1670 propriae
626 1636 762 1670 specimen
779 1637 921 1671 dederunt,
937 1640 998 1675 plu-

1052 1637 1181 1673 ἐρασταὶ,
1197 1638 1221 1664 εί
1240 1638 1287 1663 καὶ
1309 1636 1435 1667 ἐλάττους
1457 1636 1568 1662 ἐκείνων
1583 1633 1654 1662 οὗτοι
1667 1643 1673 1649 ·
1688 1634 1765 1661 τοῦτο
1779 1635 1837 1669 γὰρ

215 1680 285 1707 rima
301 1681 374 1714 passi
386 1680 466 1711 mala,
490 1688 577 1714 neque
602 1680 702 1708 idcirco
730 1688 744 1707 a
760 1689 821 1708 meo
843 1682 999 1712 deﬁcicmtes

215 1733 308 1754 amore
325 1735 332 1753 :
351 1727 396 1761 qui
421 1726 453 1753 ad
474 1726 602 1752 auxilium
632 1727 720 1754 meum
753 1728 939 1762 respicientes,
966 1737 999 1758 eo

216 1771 291 1806 digiti
304 1770 424 1799 fuerunt.
445 1771 500 1807 Ego
531 1779 595 1800 vero
625 1779 672 1799 eos
699 1772 726 1799 in
741 1781 855 1801 numero
876 1782 998 1803 meorum

216 1817 356 1848 collocavi,
374 1824 459 1844 meam
485 1817 622 1852 spendens
637 1824 746 1851 curam;
762 1818 856 1854 illique
876 1819 999 1848 vicissim

217 1869 282 1890 suas
293 1870 338 1890 res
356 1870 450 1890 omnes
470 1862 620 1890 dominatui
640 1863 846 1899 patrocinioque
859 1872 919 1892 meo
935 1873 1000 1893 con-

216 1907 400 1935 crediderunt.
418 1907 485 1935 Exin
498 1908 588 1935 denuo
601 1907 707 1935 locutus
719 1908 753 1936 de
769 1908 927 1938 dominante
941 1919 999 1938 ma-

216 1952 286 1985 litia,
302 1953 381 1987 culpa
393 1960 487 1980 eorum
514 1954 559 1988 qui
576 1954 646 1982 male
659 1953 743 1981 rebus
753 1960 896 1990 praeerant,
913 1960 939 1983 ct
967 1957 1000 1984 de

217 1998 319 2026 inﬂicta
335 1999 436 2026 ideirco
459 1999 512 2026 illis
534 2007 627 2034 poma,
658 2004 791 2027 memorat
818 2002 937 2030 vicissim
957 2007 1000 2030 tu-

218 2045 297 2070 telam
315 2052 391 2071 suam
408 2052 487 2079 quam
503 2044 554 2072 sibi
579 2045 654 2071 ﬁrme
668 2045 867 2074 adhmreutibus
887 2048 1001 2083 largitu-

216 2098 276 2116 rum
293 2090 463 2124 promiserat.

1050 1683 1123 1717 λέγει
1143 1692 1151 1708 ι
1163 1683 1194 1709 τὸ
1202 1682 1292 1718 τρίτον
1303 1691 1310 1699 ·
1321 1692 1329 1708 ι
1346 1682 1371 1708 οἳ
1388 1682 1481 1717 ὥσπερ
1493 1681 1537 1708 διὰ
1552 1681 1634 1716 πυρός
1648 1690 1720 1712 τινος
1734 1680 1772 1715 τῷ
1785 1688 1834 1716 με·

1051 1730 1125 1765 γέθει
1147 1729 1200 1755 τῶν
1213 1727 1383 1764 ἐπαχθέντων
1397 1728 1487 1759 αὐτοῖς
1501 1727 1593 1755 κακῶν
1613 1726 1835 1762 δοκιμασθέντες,

1053 1772 1162 1809 μείζονα
1173 1772 1223 1807 τῆς
1236 1772 1334 1808 ἀρετῆς
1346 1772 1395 1807 τῆς
1410 1771 1510 1802 οἰκείας
1528 1771 1693 1807 παρέσχοντο
1703 1771 1752 1806 τὴν
1765 1770 1837 1797 ἀπό-

1050 1817 1147 1851 δειξιν,
1171 1818 1281 1845 πλεῖστα
1300 1818 1349 1853 μέν
1363 1817 1412 1844 ὅσα
1431 1816 1666 1852 ὑπομεμενηκότες
1681 1815 1769 1846 κακὰ,
1787 1816 1833 1842 of;-

1047 1864 1132 1899 δαμοῦ
1150 1864 1177 1890 δὲ
1187 1863 1237 1898 τῆς
1249 1863 1312 1898 περὶ
1324 1863 1375 1898 ἐμὲ
1390 1862 1535 1894 ἐκστάντες
1554 1861 1659 1893 εὐνοίας
1670 1870 1678 1877 ’
1695 1861 1722 1887 οἳ
1740 1861 1769 1888 δέ
1785 1861 1834 1888 καὶ

1048 1910 1117 1945 πρὸς
1134 1908 1182 1944 τὴν
1206 1908 1276 1944 ἐμὴν
1298 1908 1421 1944 βοήθειαν
1437 1907 1506 1934 εἶδον
1525 1907 1573 1934 καὶ
1584 1908 1748 1942 τετυχήκασι
1765 1906 1832 1933 ταὺ-

1047 1964 1097 1991 της
1106 1964 1113 1971 ο
1126 1955 1181 1988 ἐγώ
1199 1963 1227 1981 τε
1242 1954 1295 1990 γὰρ
1308 1954 1406 1985 αὐτοὺς
1418 1953 1533 1984 οἰκείους
1551 1953 1650 1988 ἐθέμην
1660 1974 1668 1986 ,
1681 1952 1730 1989 τὴν
1749 1952 1832 1987 κηδε-

1050 2001 1143 2037 μονίαν
1157 2000 1340 2035 ὑποσχόμενος
1355 2000 1403 2035 τὴν
1429 1999 1498 2035 ἐμὴν
1509 2020 1516 2030 ,
1535 1999 1653 2026 κάκεῖνοι
1672 1999 1700 2026 δὲ
1716 1999 1745 2026 ἐν
1768 1999 1833 2034 ἐμοὶ

1050 2048 1081 2074 τὸ
1096 2048 1149 2074 πᾶν
1167 2046 1270 2077 ἔθεντο,
1284 2047 1317 2081 τῇ
1331 2054 1360 2072 τε
1378 2046 1519 2080 δεσποτεία
1536 2045 1582 2072 καὶ
1593 2047 1625 2079 τῇ
1642 2045 1790 2081 προστασίᾳ
1800 2045 1833 2072 τδ

1053 2094 1106 2120 πᾶν
1123 2092 1314 2123 πιστεύσαντες
1328 2092 1361 2126 τῇ
1375 2092 1440 2126 ἐμῇ.
1457 2091 1512 2117 Καὶ
1529 2090 1561 2126 δὴ
1583 2090 1663 2117 πάλιν
1678 2090 1760 2117 εἰπὼν
1781 2091 1834 2126 τήν

216 2145 247 2163 τε
266 2136 448 2171 γεγενημένην
476 2135 653 2171 ἐπικράτειαν
675 2135 721 2162 τοῦ
750 2137 853 2170 κακοῦ,
880 2140 913 2174 τῇ
937 2139 990 2166 τῶν
1017 2139 1109 2171 κακῶς
1134 2137 1310 2174 προεστώτων
1333 2137 1490 2172 μοχθηρία,
1509 2137 1556 2163 καὶ
1573 2136 1622 2172 τὴν
1642 2137 1765 2164 ἐντεῦθεν
1783 2138 1833 2164 ἐπ-

218 2182 343 2217 αχθεῖταν
366 2182 457 2213 αὐτοῖς
473 2181 616 2217 τιμωρίαν,
636 2182 861 2218 ἀντιπαρατεθησι
878 2185 925 2219 τὴν
955 2185 1119 2220 κηδεμονίαν
1139 2184 1172 2219 ἦν
1195 2184 1251 2214 τοῖς
1271 2183 1333 2218 περὶ
1353 2183 1416 2209 αὐτὸ
1437 2182 1603 2217 μεμενηκόσι
1628 2181 1742 2216 βεὸαίως
1761 2191 1832 2218 παρ-

217 2229 320 2263 ἔσχετο.

527 2271 603 2299 CAP.
619 2271 690 2298 XIV.

253 2317 335 2345 Vens.
350 2318 405 2345 l4.
418 2333 451 2341 -η-
476 2326 487 2342 ι
500 2318 568 2345 Ecce
581 2318 639 2345 dies
663 2317 769 2344 Domini
789 2318 871 2348 venit.
890 2322 917 2344 et
931 2318 999 2344 divi-

218 2365 318 2392 dentur
326 2363 412 2400 spolia
424 2368 468 2390 tua
483 2364 510 2391 in
527 2368 561 2390 te.
577 2363 610 2390 Et
621 2363 789 2399 congregabo
799 2371 893 2391 omnes
904 2367 998 2399 gentes

219 2410 351 2438 adversus
364 2409 531 2437 Hierusalem
544 2410 577 2437 ad
589 2409 688 2437 bellum
699 2418 706 2442 ;
717 2415 741 2436 et
757 2409 879 2445 capietur
890 2409 996 2441 civitas,

219 2455 381 2490 diripientur
393 2455 501 2488 domus,
516 2459 543 2483 ct
557 2455 684 2483 mulieres
695 2455 848 2490 polluentur
863 2464 869 2481 :
890 2459 916 2482 et
925 2463 998 2490 egre-

220 2502 310 2530 dietur
329 2502 440 2530 dimidia
471 2509 533 2536 pars
558 2501 679 2528 civitatis
702 2501 729 2528 in
746 2500 930 2536 captivitatem
949 2505 998 2529 :et

219 2555 284 2584 pars
310 2547 410 2582 reliqua
438 2548 529 2582 populi
543 2547 594 2574 mei
618 2555 673 2575 non
687 2546 787 2582 peribit
797 2546 831 2574 de
852 2547 970 2574 civitate.
987 2558 996 2573 ι

222 2592 316 2622 Adest.
330 2591 428 2627 inquit,
447 2596 561 2627 tempus.
581 2599 636 2627 quo
660 2592 775 2626 plurima
786 2591 998 2627 alienigenarum

221 2633 368 2661 multitudo
378 2633 576 2667 expeditionem
588 2633 668 2660 faciet
679 2633 810 2660 adversus
820 2632 999 2664 Hierusalem,

222 2682 361 2713 totamque
375 2678 447 2706 intus
462 2679 624 2714 spoliabunt.
641 2678 674 2705 Et
697 2678 755 2714 ipsa
767 2678 875 2713 quidem
901 2679 936 2706 ab
954 2679 1001 2705 bo-

220 2723 308 2752 stibus
322 2723 455 2759 capietur,
470 2724 631 2758 diripientur
643 2731 706 2751 vero
717 2724 806 2752 omnia
823 2732 883 2759 qum
895 2725 922 2751 in
938 2723 1002 2751 aedi-

221 2771 274 2797 bus
286 2768 406 2800 fuerint;
420 2773 548 2804 tantaque
562 2769 678 2797 victores
692 2770 871 2805 percellentur
884 2769 1000 2801 insania,

220 2820 251 2843 ut
265 2823 299 2844 ne
309 2822 324 2843 a
338 2814 482 2843 mulierum
497 2814 606 2850 quidem
614 2815 773 2850 corporibus
788 2815 921 2843 violandis
940 2815 1000 2842 abs-

221 2863 335 2896 tineant,
360 2861 546 2897 plurimosque
581 2861 655 2889 cives
698 2861 837 2888 abducant
862 2862 994 2896 captivos.

1364 2271 1445 2301 ΚΕΦ.
1467 2273 1516 2299 ΙΔ’.

1087 2316 1160 2350 Στίχ.
1180 2315 1248 2343 α’-δ,
1264 2331 1296 2335 -
1317 2316 1396 2343 «Ἰδοὺ
1415 2317 1506 2353 ἡμέρα
1522 2318 1630 2354 ἔρχεται
1647 2319 1766 2354 Κυρίου·
1784 2320 1832 2346 καὶ

1051 2360 1289 2396 διαμερισθήσεται
1302 2360 1336 2386 τὰ
1350 2361 1435 2388 σκῦλα
1449 2371 1496 2388 που
1509 2363 1538 2389 ἐν
1553 2363 1605 2395 σοὶ,
1615 2362 1662 2390 καὶ
1677 2364 1831 2395 ἐπισυνάξω

1051 2406 1139 2432 πάντα
1162 2406 1195 2432 τὰ
1212 2406 1274 2442 ἔθνη
1291 2407 1338 2433 ἐπὶ
1358 2407 1533 2444 Ἰερουσαλὴμ
1559 2410 1599 2440 είς
1625 2409 1760 2445 πόλεμον,
1783 2411 1832 2437 καὶ

1050 2451 1182 2489 ἁλώσεται
1198 2453 1215 2488 ἡ
1231 2453 1322 2486 πόλις,
1339 2455 1376 2487 (p.
1400 2453 1464 2489 5‘28)
1487 2455 1532 2481 καὶ
1551 2455 1781 2491 διαρπαγήσονται
1802 2457 1830 2483 αι

1049 2498 1132 2524 οἰκίαι
1143 2518 1150 2528 ,
1166 2499 1214 2524 καὶ
1227 2499 1255 2525 αι
1275 2500 1401 2532 γυναῖκες
1421 2499 1629 2535 μολυνθήσονται
1641 2520 1649 2532 ,
1664 2500 1712 2527 καὶ
1726 2501 1831 2534 ἐξελεύ-

1051 2551 1127 2570 σεται
1143 2543 1173 2569 τὸ
1183 2544 1268 2578 ἥμισυ
1282 2544 1332 2578 τῆς
1348 2544 1451 2576 πόλεως
1467 2545 1496 2571 ἐν
1509 2545 1690 2581 αἰχμαλωσίᾳ,
1706 2546 1731 2573 οι
1745 2546 1774 2573 δὲ
1785 2555 1831 2573 κα-

1050 2588 1172 2615 τάλοιποι
1184 2589 1230 2615 τοῦ
1245 2589 1311 2615 λαοῦ
1325 2598 1375 2624 μου
1391 2590 1421 2616 οὐ
1436 2590 1474 2625 μὴ
1484 2590 1710 2626 ἐξολοθρευθῶσιν
1725 2592 1758 2618 ἐκ
1780 2592 1831 2626 τῆς

1051 2634 1164 2666 πόλεως.
1180 2644 1188 2659 ι
1217 2634 1402 2670 Παραγένεται
1426 2636 1495 2671 γὰρ,
1527 2636 1615 2670 φησι,
1639 2637 1734 2672 καιρὸς
1758 2638 1786 2664 ἐν
1808 2633 1832 2671 ᾧ
1858 2635 1866 2660 ἶ

1050 2681 1169 2708 πλεῖστοι
1180 2681 1233 2708 τῶν
1244 2681 1389 2717 ἀλλοτρίων
1399 2683 1658 2717 ἐπιστρατεύσαντες
1673 2685 1708 2719 τῇ
1729 2684 1831 2720 Ἰερου-

1051 2727 1150 2762 σαλὴμ,
1165 2727 1272 2753 ἃπασαν
1283 2727 1367 2762 αὐτὴν
1383 2727 1573 2755 σκυλεὺσουσιν
1584 2728 1656 2756 ἔνδον
1666 2737 1673 2744 ·
1689 2730 1734 2755 καὶ
1749 2730 1765 2764 ἡ
1782 2729 1831 2764 μὲν

1049 2772 1103 2798 ὑπὸ
1131 2772 1185 2798 τῶν
1213 2772 1348 2808 πολεμίων
1370 2773 1556 2808 ληφθήσεται,
1574 2774 1787 2810 διαρπαγήσεται
1803 2774 1831 2801 δὲ

1054 2817 1141 2844 πάντα
1161 2817 1196 2844 τὰ
1207 2819 1266 2849 ταῖς
1283 2818 1381 2850 οἰκίαις
1397 2818 1489 2845 ἐνόντα
1502 2840 1510 2852 ,
1521 2819 1638 2854 τοσαύτῃ
1653 2827 1682 2846 τε
1698 2820 1722 2846 οἱ
1740 2819 1832 2846 ἐπεισ-

1052 2863 1207 2898 εληλυθότες
1219 2865 1253 2899 τῇ
1267 2863 1341 2891 πόλει
1352 2865 1495 2900 χρήσονται
1508 2866 1540 2901 τῇ
1553 2865 1694 2901 παροινίᾳ,
1701 2864 1742 2896 ὡς
1760 2865 1833 2899 μήτε
