1983 3072
556 180 827 211 COMMENTARIUS
846 179 877 208 IN
893 179 1079 208 ZACHARUE
1097 180 1173 209 CAP.
1193 180 1265 209 XIV.

1694 182 1747 209 £90

108 243 164 278 τῆς
186 242 226 274 είς
242 242 276 269 τὰ
291 241 405 277 σώματα
427 243 482 269 τῶν
504 241 641 276 γυναικῶν
661 241 766 277 ὕϐρεως
787 239 903 274 ἀποσχέ-

960 237 1003 266 llis
1015 239 1195 266 nihilominus
1210 239 1247 266 ita
1263 240 1382 275 peractis
1398 240 1433 268 ab
1444 240 1560 268 aliorum
1577 239 1700 272 malitia,
1719 239 1746 266 lii

111 290 177 316 σθαι
189 309 197 322 ,
213 289 261 316 καὶ
272 288 414 320 πλείστους
431 288 510 320 ὅσους
523 288 573 322 τῆς
596 287 700 318 πόλεως
713 285 902 322 αἰχμαλώτους

110 333 223 360 λαϐεῖν·
243 333 312 361 ἀλλά
330 334 376 360 καὶ
398 334 500 360 τούτων
516 333 588 360 οὕτω
609 332 760 368 γινομένων
786 331 832 358 διὰ
855 330 903 366 τὴν

110 379 216 415 ἐτέρων
242 379 342 406 κακίαν
364 379 389 406 οἱ
413 379 462 414 τῆς
486 379 556 414 ἐμῆς
582 378 688 410 εὐνοίας
716 377 901 413 ἀπεχόμενοι,

111 425 242 457 ἀϐλαϐεῖς
263 426 308 452 ἐπὶ
321 427 370 460 τῆς
390 425 493 457 πόλεως
505 426 538 461 τῇ
562 423 710 460 κηδεμονίᾳ
725 422 903 458 διεφυλάχθη-

113 479 166 498 σαν
180 470 213 506 τῇ
229 472 295 506 ἐμῇ.
308 469 374 497 Εἶτα
388 470 481 497 λοιπὸν
504 470 604 505 ἐφεξῆς
627 469 676 506 τὴν
691 469 816 506 βοήθειαν
830 468 904 503 λέγει

112 515 164 550 τὴν
178 515 252 542 θείαν
263 516 309 551 ἀφ’
324 513 358 552 ἦς
374 515 482 542 ἅπαντα
495 516 586 547 αὐτοῖς
601 515 647 542 ἐπὶ
671 514 702 541 τὺ
724 515 847 549 κρεῖττον
868 515 903 550 τῇ

112 559 170 586 τῶν
186 560 376 588 Μακκαῦαίων
395 561 548 597 προστασίᾳ
563 560 678 596 μετέστη
689 568 696 574 ·
715 560 903 596 Προηγήσεται

116 606 168 641 μὲν
183 606 238 642 γὰρ
251 627 257 635 .
273 607 349 642 φησὶ,
361 606 415 633 τῶν
432 606 540 633 οἰκείων
562 607 576 633 ὁ
588 606 654 637 Θεὸς
667 606 761 641 ὥσπερ
775 606 804 632 ὲν
818 613 904 641 παρα-

114 651 192 684 τάξει
208 652 325 688 πολέμου
337 652 422 688 νόμῳ,
442 651 601 687 στρατηγῶν
621 660 652 678 τε
665 652 757 683 αὐτοῖς
772 651 818 678 καὶ
833 651 904 678 κατὰ

114 698 170 724 τῶν
194 698 323 726 ἐναντίων
344 698 591 734 παραταττόμενος.
616 697 729 729 Σταθεὶς
753 697 781 725 δὲ
794 719 801 732 ,
824 699 901 734 φησὶ,

114 743 163 770 ἐπὶ
176 743 206 769 τὺ
215 743 269 769 τῶν
287 743 400 770 Ἐλαιῶν
413 743 475 778 ὄρος
489 743 629 770 κατέναντι
648 743 696 778 τῆς
716 743 902 778 Ἰερουσαλὴμ,

115 789 244 825 κλονήσει
261 790 310 825 μὲν
325 789 356 816 τὸ
374 789 447 825 ὅρος,
462 790 618 824 συγκινήσει
632 790 659 816 δὲ
680 790 787 817 ἃπαντα
802 790 836 816 τὰ
851 791 904 826 πρὸ

115 835 166 871 τῆς
179 835 281 867 πόλεως
305 835 352 862 καὶ
379 835 429 870 τὴν
456 834 533 862 πόλιν
547 835 631 870 αὑτήν
642 843 648 850 ·
666 835 736 861 ὥστε
750 835 837 862 δοκεῖν
855 836 903 871 μὲν

116 881 247 913 ποικίλως
262 880 453 916 διατέμνεσθαι
469 881 499 907 τὸ
513 880 575 915 δρος
592 880 631 916 τῷ
643 880 717 916 φόϐῳ
729 880 776 907 τοῦ
787 882 902 916 κινήμα-

114 934 177 958 τος,
191 925 279 952 δοκεῖν
302 925 329 952 δὲ
353 926 387 952 τὰ
403 925 463 952 τότε
484 926 634 961 πράγματα
650 925 767 953 ἐοικέναι
789 928 844 958 τοῖς
858 927 906 954 ἐπὶ
921 919 942 947 Π

115 972 163 998 τοῦ
180 971 291 1007 σεισμοῦ
306 971 446 1006 γεγονόσιν
457 991 465 1003 ,
479 971 509 999 όν
528 971 575 998 ἐπὶ
592 971 641 1007 τῆς
662 971 750 1004 Ὀζίου
770 972 906 1007 βασιλείας

117 1017 188 1044 κατὰ
201 1017 275 1044 θείαν
294 1017 378 1053 ὀργὴν
398 1017 612 1052 ἀποτελεσθῆναι
631 1017 742 1053 συνέϐη.
757 1019 837 1052 Λέγει
856 1019 905 1054 μὲν

114 1062 165 1091 οὖν
181 1064 289 1091 ἅπαντα
303 1064 491 1100 ὑπερϐολικῶς
501 1063 539 1095 ὡς
553 1063 631 1090 εἴωθε
646 1084 654 1097 ,
671 1066 708 1099 (p.
722 1064 784 1099 529)
802 1064 849 1090 καὶ
865 1065 905 1091 ὅτι

117 1109 156 1145 τῷ
173 1109 285 1145 μεγέθει
297 1110 348 1144 τῆς
363 1109 488 1145 βοηθείας
507 1109 540 1144 ἢν
563 1109 712 1144 παρέχεται
729 1111 784 1141 τοῖς
798 1110 909 1143 οἰκείοις

117 1157 150 1192 τῇ
166 1165 195 1183 τε
215 1156 284 1183 κατὰ
307 1156 361 1182 τῶν
380 1156 510 1183 ἐναντίων
521 1156 708 1190 ἀγανακτήσει
722 1155 844 1192 ὡσπερεὶ
858 1165 908 1183 σα-

116 1201 207 1228 λεύειν
222 1202 329 1229 ᾶπαντα
340 1201 428 1234 δόξει-
442 1202 578 1237 ἐχρήσατο
589 1201 618 1228 δὲ
633 1202 666 1237 τῇ
678 1201 747 1237 πρὸς
758 1200 804 1228 τὸν
817 1200 908 1233 Ὀζίαν

115 1246 265 1282 ὁμοιότητι,
282 1247 377 1282 ἐπειδὴ
392 1247 518 1278 κάκεῖνος
540 1246 617 1274 οὐθὲν
628 1248 660 1282 τῇ
676 1246 809 1282 ἱερωσύνῃ
824 1255 909 1283 προσ-

116 1292 213 1327 ήκων,
236 1292 412 1327 ἐπεχείρησεν
439 1292 525 1327 αὐτῆς
551 1292 744 1319 ἐπιλαϐέσθαι·
774 1293 816 1327 ἐφ’
832 1289 855 1326 ᾧ
875 1293 908 1329 δὴ

117 1339 166 1364 καὶ
175 1337 213 1373 τῷ
228 1337 335 1374 μεγέθει
346 1337 392 1365 τοῦ
408 1338 520 1373 σεισμοῦ
534 1339 584 1372 τὴν
601 1338 789 1374 ἀγανάκτησιν
805 1338 854 1374 τὴν
868 1339 909 1365 οι-

954 287 1043 311 tamen
1056 284 1143 319 quiin
1158 285 1210 312 niei
1233 292 1327 312 amore
1357 286 1568 320 permanserint,
1593 285 1746 313 incolumes

954 328 980 356 in
996 328 1106 357 civitate
1120 329 1273 364 patrocinio
1284 337 1343 357 meo
1357 331 1556 358 custodientur.
1567 329 1670 357 Deinde
1682 336 1746 364 per-

953 375 992 409 git
1002 374 1093 402 dicere
1105 375 1224 402 divinam
1244 383 1334 411 opem,
1348 385 1401 411 qua
1417 377 1509 404 omnia
1524 377 1591 411 ipsis
1602 376 1630 404 in
1647 376 1746 403 melius

954 420 1006 448 sub
1031 420 1266 448 Macchabaeorum
1290 422 1444 457 principatu
1471 430 1549 450 versa
1571 425 1646 450 sunt.
1663 420 1745 457 357

954 465 1102 499 Praecedet,
1130 467 1230 502 inquit,
1246 467 1305 495 suis
1320 467 1392 495 Deus
1407 471 1537 502 tanquam
1555 467 1582 508 in
1598 467 1667 498 acie,
1687 466 1746 501 lege

953 512 1027 545 belli,
1053 514 1108 540 dux
1137 513 1227 541 factus
1263 518 1291 542 et
1316 518 1412 541 contra
1436 514 1529 541 hostes
1561 514 1711 540 instructus
1735 523 1743 540 :

954 563 1096 594 stansque,
1112 559 1211 595 inquit,
1225 567 1308 594 super
1322 563 1415 587 monte
1427 558 1562 594 .Olearum
1578 567 1611 586 ex
1628 558 1746 586 adverso

955 604 1135 638 Hierusalem,
1150 606 1289 633 concutiet
1318 609 1450 636 montem.
1481 604 1665 632 connuovebit
1684 607 1746 630 ante

954 649 1049 677 urbem
1064 650 1167 683 omnia,
1195 650 1339 686 ipsamque
1365 651 1476 677 urbem:
1505 650 1542 676 ita
1570 653 1599 676 ut
1624 648 1747 676 videatur

954 695 1029 722 varie
1038 695 1173 731 confringi
1190 703 1270 724 mons
1284 701 1358 723 mutu
1373 703 1405 723 eo
1424 694 1583 731 pavefactus
1600 701 1747 729 rerumque

954 749 1048 769 casum
1062 742 1177 770 similem
1191 750 1252 769 esse
1266 746 1345 769 terra:
1360 742 1444 769 motui
1462 741 1510 773 illi,
1522 748 1602 776 quem
1615 740 1667 768 sub
1681 740 1747 767 Ozia

955 795 1017 822 rege
1027 795 1043 815 a
1056 787 1148 814 divina
1163 787 1203 815 ira
1217 787 1350 814 concitari
1361 787 1486 822 contigit.
1497 786 1569 814 Dicit
1578 793 1643 822 ergo
1654 785 1746 814 omnia

954 833 1140 868 hyperbolice,
1157 837 1187 861 ut
1202 833 1283 866 solet,
1311 837 1338 860 et
1353 832 1426 868 quod
1442 832 1628 868 magnitudine
1651 830 1748 860 auxilii

955 879 1013 907 suis
1028 879 1151 914 praebiti,
1164 883 1192 906 et
1213 879 1345 907 adversus
1362 879 1455 907 hostes
1477 879 1672 914 indignatione,
1685 887 1747 908 om-

957 925 1001 951 nia
1013 931 1097 959 prope
1106 932 1238 960 quassare
1252 925 1399 952 videbitur.
1419 924 1492 954 Usus
1503 929 1546 953 est
1564 930 1654 953 autem
1673 924 1748 954 Ozias

959 971 1149 1002 similitudine,
1165 971 1295 1006 quoniam
1321 971 1366 999 ille
1385 980 1494 1007 quoque
1521 973 1679 1001 nullatenus
1703 980 1749 1001 sa—

958 1017 1072 1044 cerdotii
1094 1017 1242 1053 particeps,
1267 1018 1318 1046 hoc
1343 1026 1477 1054 usurpare
1493 1019 1598 1047 voluit:
1616 1019 1697 1055 cujus
1708 1019 1749 1048 rei

957 1070 1041 1090 causa
1053 1062 1125 1091 Deus
1138 1067 1308 1091 terrzemotus
1329 1064 1516 1100 magnitudine
1530 1064 1747 1100 indignationem

959 1116 1036 1137 suam
1052 1108 1210 1136 declaravit.
1229 1109 1291 1136 Pari
1317 1110 1397 1138 modo
1422 1118 1494 1138 nunc
1510 1118 1630 1146 quoque,
1647 1111 1748 1146 inquit,

961 1159 1072 1190 propter
1093 1162 1141 1183 eos
1162 1156 1208 1190 qui
1227 1160 1319 1183 mente
1343 1156 1425 1192 impia
1451 1156 1600 1193 legitimum
1624 1157 1749 1186 Ordinem

961 1201 1232 1237 pratergrediunlur,
1257 1205 1285 1229 et
1299 1202 1487 1230 sacerdotium
1504 1207 1599 1230 contra
1614 1202 1656 1231 fas
1667 1211 1751 1231 usur-

963 1251 1038 1282 pant,
1056 1248 1169 1275 multam
1190 1248 1261 1276 Deus
1272 1248 1399 1276 ostendet
1422 1249 1636 1284 indignationem
1659 1257 1751 1283 suam,

962 1293 1095 1320 elementa
1126 1293 1218 1321 omnia
1236 1301 1411 1322 commovens
1437 1294 1469 1322 ad
1488 1295 1608 1324 hostium
1630 1303 1750 1331 poenam.

963 1346 1075 1366 suorum
1091 1347 1156 1367 vero
1174 1341 1299 1367 salutem.
1313 1339 1361 1367 His
1375 1340 1467 1368 addit:

117 1384 196 1411 κείαν
219 1384 234 1410 6
251 1384 317 1416 Θεὸς
338 1383 504 1416 ἐπεδείξατο.
525 1383 577 1410 Τὸν
597 1384 679 1411 αὐτὸν
701 1384 733 1420 δὴ
755 1384 855 1420 τρόπον
877 1384 923 1411 καὶ
939 1384 1004 1417 νῦν,
1034 1385 1135 1420 φησὶν,
1163 1385 1208 1412 διὰ
1232 1385 1295 1417 τοὺς
1317 1385 1411 1412 ἀσεϐεῖ
1426 1385 1522 1422 γνώμῃ
1538 1387 1752 1423 παρωσαμένους

118 1431 170 1467 μὲν
185 1430 234 1466 τὴν
252 1430 366 1466 νομικὴν
385 1430 526 1463 εὐταξίαν,
556 1431 588 1466 τῇ
613 1430 747 1467 ἱερωσύνῃ
763 1431 791 1457 δὲ
817 1431 893 1466 παρὰ
913 1430 943 1456 τὸ
968 1430 1072 1466 πρέπον
1098 1431 1343 1468 ἐπικεχειρηκότος
1357 1450 1366 1463 ,
1393 1431 1493 1467 πολλὴν
1516 1432 1678 1466 ἐπιδείξεται
1702 1432 1753 1469 τὴν

117 1478 303 1514 ἀγανάκτησιν
317 1478 332 1504 6
347 1478 413 1510 Θεὸς
425 1479 474 1515 τὴν
487 1478 590 1505 οἰκείαν
602 1500 609 1510 ,
636 1478 769 1505 συστείιον
792 1479 916 1510 ἅπαντα,
938 1479 984 1505 ἐπὶ
1005 1479 1125 1516 τιμωρίᾳ
1145 1479 1195 1516 μὲν
1219 1480 1273 1507 τῶν
1292 1480 1432 1513 ἐναντίων,
1454 1481 1577 1517 σωτηρίᾳ
1596 1481 1626 1508 δέ
1642 1481 1698 1509 τῶν
1712 1482 1753 1509 ol-

117 1524 211 1552 κείων.
225 1523 272 1556 Οἷς
284 1524 380 1559 ὲπάγει
392 1533 399 1540 ·

155 1571 230 1606 Στίχ.
245 1570 314 1602 ε’-ζ¹.
329 1585 364 1591 —
379 1579 388 1596 ι
407 1569 458 1597 Καὶ
471 1570 531 1606 ἣξει
550 1570 651 1606 Κύριος
666 1570 680 1596 6
694 1569 760 1601 Θεός
778 1578 827 1604 μου
838 1589 845 1601 ,
858 1569 904 1595 καὶ

994 1568 1075 1595 Vens.
1090 1568 1151 1595 5-7.
1166 1583 1200 1588 —
1216 1577 1225 1594 ι
1247 1568 1280 1595 Ει
1295 1569 1382 1597 veniet
1410 1569 1541 1598 Dominus
1566 1570 1638 1599 Deus
1663 1580 1751 1605 meus,

118 1618 221 1649 πάντες
244 1618 268 1644 οί
285 1617 356 1651 ἆγιοι
380 1617 438 1652 μετ’
464 1616 556 1643 αὑτοῦ.
578 1625 587 1641 ι
611 1616 671 1642 Ἀπ’
699 1615 782 1642 αὑτοῦ
797 1615 850 1651 γὰρ
866 1615 908 1650 δὴ,

118 1664 204 1699 φησὶ,
222 1663 270 1690 τοῦ
295 1662 425 1698 μεγέθους
446 1662 500 1689 τῶν
527 1661 698 1697 πραγμάτων
720 1661 820 1688 ὡσανεὶ
844 1661 911 1697 πόρ-

119 1709 208 1745 ρωθέν
235 1707 317 1735 ποθεν
340 1708 379 1739 είς
404 1706 531 1742 βοήθειαν
554 1706 632 1742 ήμῶν
657 1705 792 1742 ἐληλυθὼς
814 1706 829 1732 6
844 1705 910 1737 Θεὸς

119 1755 261 1788 φανεῖται,
289 1753 364 1787 ἄγων
386 1753 416 1779 τὸ
437 1753 535 1779 οἰκεῖον
557 1752 738 1788 στρατόπεδον
763 1752 835 1779 ἅπαν
862 1752 910 1778 σὺν

121 1798 222 1834 ἑαυτῷ.
247 1797 329 1832 Λέγει
354 1797 383 1824 δὲ
403 1797 453 1828 τὰς
478 1797 611 1832 ἀοράτους
635 1795 778 1831 δυνάμεις·
807 1794 911 1825 ταύτας

121 1845 176 1878 γὰρ
196 1842 273 1870 καλεῖ
295 1843 357 1874 τοὺς
383 1842 496 1876 ἁγίους,
520 1841 548 1868 αἶ
575 1841 644 1877 πρὸς
665 1840 772 1868 ἅπαντα
790 1839 864 1874 αὑτῷ
877 1839 911 1866 τὰ

121 1888 255 1916 δοκοῦντα
269 1889 298 1914 ἐν
318 1889 374 1919 τοῖς
398 1887 462 1923 περὶ
482 1888 544 1919 τοὺς
570 1886 729 1922 ἀνθρώπους
755 1885 910 1920 γινομένοις

123 1934 320 1971 ὑπηρετεῖσθαι
344 1933 480 1961 εἰώθασιν.
510 1943 519 1958 ι
548 1933 604 1959 Καὶ
627 1933 703 1959 ἔσται
715 1934 744 1959 ἐν
763 1932 855 1968 ἐκείνῃ
876 1932 909 1967 τῇ

121 1981 233 2017 ἡμέρᾳ,
248 1980 298 2007 οὐκ
314 1979 390 2006 ἔσται
407 1979 475 2014 φῶς,
491 1978 560 2006 ἀλλὰ
576 1978 661 2014 ψύχος
673 1978 719 2005 καὶ
735 1978 822 2012 πάγος
834 1978 910 2004 ἔσται

125 2027 176 2063 μιᾷ
186 2027 317 2062 ἡμέρα..)
343 2025 381 2052 Οὐ
404 2025 463 2059 φῶς
485 2024 568 2056 δντως
583 2024 629 2050 καὶ
643 2023 728 2059 ψύχος
754 2023 802 2049 καὶ
824 2022 911 2056 πάγος

123 2073 210 2107 λέγει,
225 2071 281 2098 ἁλλ’
303 2071 398 2107 ὥσπερ
413 2070 507 2097 εἴωθεν
522 2069 628 2104 λέγειν,
645 2069 686 2095 ὃτι
705 2069 720 2094 6
733 2067 808 2103 ἥλιος
823 2075 912 2094 σκοτι-

126 2117 265 2153 σθήσεται,
279 2116 326 2144 καὶ
334 2116 441 2144 δύσεται
449 2115 539 2147 αὐτοῖς
545 2114 649 2149 ὁῆλιος,
664 2114 711 2142 καὶ
723 2115 772 2141 ὅσα
781 2113 892 2140 τοιαῦτα
901 2121 909 2128 υ

123 2163 163 2194 ὼς
179 2161 233 2188 τῶν
250 2162 279 2189 ἐν
296 2161 450 2197 συμφοραῖς
465 2160 551 2187 ὄντων
571 2159 698 2195 οὐδεμίαν
723 2158 849 2194 αἴσθησιν
863 2157 911 2184 τοῦ

124 2208 215 2242 φωτὸς
230 2207 431 2243 λαμὸανόντων,
454 2205 512 2233 ἀλλ’
530 2205 624 2240 ὥσπερ
637 2206 666 2231 ἐν
681 2204 770 2239 σκότῳ
785 2203 838 2230 τινὶ
852 2203 911 2230 τότε

962 1617 990 1641 et
1003 1622 1098 1642 omnes
1106 1614 1195 1641 sancti
1211 1621 1273 1641 cum
1293 1622 1334 1642 eo.
1347 1623 1357 1640 ι
1374 1613 1412 1642 Ex
1428 1615 1628 1650 magnitudine,
1647 1616 1748 1652 inquit,

960 1667 1051 1687 rerum
1067 1663 1217 1695 gestarum,
1235 1659 1268 1687 de
1290 1660 1439 1696 longinquo
1453 1661 1536 1688 veluti
1566 1661 1637 1696 loco,
1652 1663 1687 1690 ad
1701 1670 1753 1691 au-

961 1706 1055 1733 xilium
1081 1710 1205 1734 nostrum
1231 1706 1344 1733 veniens
1368 1706 1440 1734 Deus
1456 1707 1608 1742 apparebit,
1622 1713 1752 1737 cunctum

960 1759 1040 1780 suum
1056 1759 1148 1779 secum
1162 1759 1248 1787 agens
1260 1752 1423 1785 exercitum,
1436 1753 1462 1780 id
1476 1757 1519 1780 est
1538 1753 1688 1782 invisibiles
1701 1762 1753 1789 po-

961 1802 1092 1831 testates;
1120 1797 1171 1825 has
1201 1798 1273 1825 enim
1298 1801 1457 1826 sanctorum
1490 1799 1601 1827 nomine
1615 1800 1751 1835 appellat;

961 1851 1021 1879 qua:
1041 1843 1074 1871 ad
1095 1851 1175 1871 omne
1190 1844 1250 1878 ejus
1269 1843 1388 1878 libitum,
1407 1845 1434 1872 in
1449 1844 1577 1874 humanis
1589 1845 1672 1874 rebus
1698 1847 1751 1874 mi-

962 1889 1077 1916 nistrare
1093 1888 1191 1916 solent.
1212 1897 1222 1914 σ
1254 1889 1286 1915 Et
1300 1889 1352 1917 erit
1367 1889 1411 1917 die
1424 1889 1480 1923 illa,
1492 1898 1546 1918 non
1561 1890 1605 1918 lux
1621 1891 1684 1925 erit,
1703 1891 1752 1920 sed

963 1935 1047 1970 frigus
1058 1938 1085 1962 et
1098 1935 1159 1970 gelu
1171 1935 1224 1962 erit
1243 1943 1297 1962 una
1312 1935 1367 1963 die.
1384 1945 1393 1962 ι
1409 1935 1486 1963 Haud
1505 1944 1600 1972 reapse
1611 1938 1697 1966 lucem
1710 1939 1753 1967 vel

962 1980 1048 2015 frigus
1063 1980 1158 2015 geluve
1177 1979 1253 2011 dicit,
1278 1980 1325 2007 sed
1352 1980 1444 2015 potius
1463 1988 1538 2008 more
1563 1989 1626 2016 suo,
1649 1982 1707 2011 fore
1722 1987 1754 2011 ut

961 2026 1002 2053 sol
1016 2025 1190 2056 obscuretur,
1205 2025 1247 2052 vel
1269 2026 1414 2053 occumbat
1431 2025 1495 2057 illis;
1513 2030 1560 2054 aut
1575 2027 1630 2055 alia
1658 2028 1754 2064 hujus-

961 2070 1034 2099 modi
1045 2081 1052 2098 :
1064 2071 1142 2106 quasi
1155 2070 1278 2099 homines
1290 2072 1316 2099 in
1329 2072 1529 2100 calamitatibus
1541 2079 1681 2103 versantes
1692 2076 1754 2103 nul-

962 2117 1017 2144 lum
1033 2116 1101 2144 lucis
1125 2124 1237 2144 sensum
1252 2116 1379 2149 habeant.
1395 2117 1443 2145 sed
1458 2118 1621 2152 quibusdam
1633 2120 1754 2149 tenebris

961 2162 1132 2196 circumsepti
1144 2162 1295 2189 videantur.
1311 2162 1350 2189 lta
1367 2163 1410 2190 hic
1438 2163 1521 2190 etiam
1550 2164 1604 2192 ait:
1632 2164 1754 2194 Casuum

961 2206 1148 2242 magnitudine
1175 2205 1338 2234 videbuntur
1358 2206 1481 2235 homines
1501 2215 1535 2235 ne
1560 2208 1650 2237 lucem
1670 2209 1755 2246 358

124 2251 196 2281 εἶναι
210 2253 369 2280 δοκούντων.
387 2252 466 2279 Οὕτω
481 2251 620 2279 κάνταῦθὰ
640 2259 722 2287 φησι·
737 2251 850 2284 Δόεουσι
864 2250 908 2286 μὲι

963 2252 1072 2288 quidem
1081 2252 1215 2288 aspicere,
1231 2252 1279 2280 sed
1291 2252 1392 2289 frigore
1405 2254 1522 2290 geluque
1532 2255 1642 2290 pulsati,
1659 2255 1688 2284 in
1699 2260 1754 2285 tre-

124 2299 182 2335 γὰρ
204 2299 257 2326 ὑπὸ
277 2298 324 2325 τοῦ
342 2297 473 2334 μεγέθους
487 2297 541 2324 τῶν
557 2297 708 2333 γινομένων
722 2297 748 2323 οἱ
763 2296 911 2331 ἄνθρωποι,

127 2346 210 2381 φησὶν
221 2365 229 2378 ,
242 2345 302 2372 οὐδὲ
316 2345 374 2380 φῶς
395 2345 472 2380 όρᾷν,
487 2343 582 2379 ὥσπερ
595 2343 623 2370 δέ
636 2344 665 2370 ἐν
676 2343 756 2378 ψύχει
771 2343 819 2370 καὶ
833 2343 912 2378 πάγῳ

125 2390 324 2427 ταραττόμενοι
336 2390 365 2416 ἐν
377 2389 469 2424 τρόμῳ
482 2397 513 2415 τε
531 2388 576 2415 καὶ
589 2387 676 2422 κλόνῳ
702 2386 829 2422 μενοῦσι,
848 2394 912 2413 συνο

126 2438 289 2473 αράττοντις
296 2436 359 2467 τοὺς
368 2435 479 2466 ὀδόντας
490 2434 528 2470 τῷ
541 2434 650 2470 μεγέθει
661 2433 717 2476 τῶν
722 2432 912 2476 γενησομένων

128 2483 221 2511 κακῶν
237 2484 269 2510 ἐκ
289 2482 339 2517 τῆς
354 2481 514 2515 ἐπιφανείας
528 2480 575 2515 τῆς
594 2479 667 2512 θείας
679 2488 686 2495 ·
701 2478 748 2515 (p.
762 2478 832 2513 530)
854 2475 911 2505 οἷόν

126 2530 186 2555 ἐστι
200 2528 285 2555 καὶτὸ
296 2527 370 2564 παρὰ
381 2525 428 2554 τοῦ
436 2526 538 2563 Κυρίου
549 2526 704 2561 λεγόμενον,
717 2534 726 2550 ι
750 2525 823 2551 Ἐκεῖ
835 2524 911 2550 ἔσται

126 2576 142 2602 6
151 2575 273 2611 βρυγμδς
281 2574 335 2601 τῶν
341 2573 465 2601 ὀδόντων.
478 2583 487 2599 ι
495 2582 540 2598 -ι
550 2573 605 2600 Καὶ
617 2574 634 2608 ὴ
642 2572 732 2608 ἡμέρα
741 2571 834 2607 ἐκείνη
841 2579 912 2605 γνω-

127 2621 178 2656 στὴ
195 2620 234 2656 τῷ
247 2620 351 2657 Κυρίῳ.
368 2629 378 2646 ι
391 2618 448 2646 ’Ίνα
460 2619 524 2655 εἴπῃ
537 2618 578 2645 ὅτι
592 2617 663 2645 κατὰ
675 2617 786 2653 γνώμην
794 2617 862 2644 Θεοῦ
874 2625 915 2651 γε-

126 2667 238 2702 νήσεται
247 2665 370 2696 τοιαῦτα,
382 2665 496 2700 ἐπείπερ
509 2664 621 2700 ἀρεστὸν
632 2664 705 2699 αὐτῷ
714 2663 744 2690 τὺ
751 2663 822 2690 οὕτω
829 2663 915 2690 ταῦτα

126 2713 187 2740 τότε
197 2712 335 2748 συμσῆναι
344 2720 351 2727 ·
360 2708 414 2738 οἶόν
425 2711 483 2738 ἐστι
490 2711 546 2742 τὸ,ι
553 2710 642 2745 Ἔγνω
655 2709 756 2745 Κύριος
765 2710 828 2741 τοὺς
836 2709 916 2740 ὄντας

119 2758 213 2786 αὑτοῦ
223 2768 230 2774 ·
250 2768 260 2784 ι
281 2758 342 2784 ἀντὶ
352 2757 410 2790 τοῦ,
432 2756 594 2792 ’ῼκειώσατο
608 2756 706 2787 αὐτοὺς
725 2755 771 2781 καὶ
783 2755 915 2790 ἀρεστοὺς

131 2804 257 2840 ἐνόμισεν
269 2802 368 2839 ἐαυτίξι.
381 2802 458 2830 Οὕτω
469 2803 516 2829 καὶ
530 2802 580 2838 τὴν
593 2802 700 2838 ἡμέραν
711 2800 784 2836 λέγει
794 2800 916 2836 γνωστὴν

164 2896 186 2911 ⁷⁵
205 2894 302 2922 latIh.
324 2901 386 2925 vm,
407 2894 451 2922 ﬁ.
488 2892 549 2920 “‘ll
570 2891 638 2919 Tim.
659 2900 689 2925 ll,
709 2892 751 2919 l9.

965 2305 1040 2326 more
1047 2302 1074 2325 et
1085 2298 1266 2326 concussione
1283 2299 1441 2334 manebunt,
1454 2300 1585 2329 dentibus
1601 2301 1755 2330 infrenden-

965 2350 1016 2376 tes,
1035 2344 1070 2371 ob
1089 2344 1272 2380 ingruentium
1288 2345 1421 2372 malorum
1433 2346 1646 2382 magnitudinem
1663 2347 1691 2375 in
1706 2347 1754 2376 Dei

965 2389 1082 2416 adventu
1104 2388 1184 2424 juxta
1210 2388 1319 2416 Domini
1339 2390 1462 2419 dictum:
1489 2400 1498 2417 ι
1520 2392 1558 2419 lbi
1586 2393 1638 2420 erit
1654 2393 1755 2421 stridor

965 2435 1088 2464 dentium
1105 2436 1137 2463 ⁷³.
1159 2446 1169 2461 ›
1177 2449 1213 2456 -
1224 2445 1232 2461 ι
1245 2436 1280 2465 Et
1292 2436 1353 2464 dies
1365 2435 1411 2465 illa
1423 2439 1489 2466 nota
1497 2436 1624 2466 Domino.
1636 2447 1647 2464 ι
1657 2437 1688 2466 Id
1696 2444 1750 2471 est.

961 2482 1039 2517 juxta
1054 2483 1100 2511 Dei
1115 2483 1278 2511 sententiam
1299 2477 1365 2510 talia
1382 2481 1458 2516 ﬂent,
1485 2484 1613 2518 quoniam
1631 2484 1656 2512 ei
1675 2484 1756 2513 libuit

965 2530 1022 2557 haec
1033 2534 1098 2557 tunc
1113 2530 1232 2557 evenire.
1251 2528 1338 2556 Veluti
1354 2527 1421 2554 illud
1431 2536 1453 2554 τι
1469 2529 1548 2557 Novit
1562 2529 1693 2559 Dominus
1707 2532 1755 2567 qui

965 2578 1030 2602 sunt
1053 2574 1113 2609 ejus
1123 2574 1146 2590 '°
1161 2584 1168 2607 ;
1183 2587 1192 2599 -
1216 2574 1243 2601 id
1262 2574 1470 2607 est,familiares
1495 2583 1560 2604 suos
1580 2575 1654 2610 fecit,
1676 2581 1707 2604 et
1726 2578 1754 2604 in

967 2620 1112 2646 cbarorum
1129 2627 1243 2647 numero
1260 2619 1413 2646 babuit.Sic
1430 2620 1500 2647 diem
1509 2621 1547 2647 ait
1556 2625 1647 2648 notam
1664 2621 1756 2649 Domi-

968 2671 1014 2696 no,
1036 2671 1132 2698 nempe
1146 2663 1197 2698 ipsi
1221 2667 1336 2699 gratam,
1360 2664 1425 2699 quia
1439 2672 1473 2692 ex
1489 2664 1549 2699 ejus
1561 2666 1694 2695 sententia
1710 2666 1756 2694 die

969 2710 1014 2736 illa
1029 2710 1092 2736 ﬁent
1111 2710 1185 2742 talia,
1199 2709 1233 2737 ad
1257 2709 1376 2736 hostium
1407 2710 1584 2745 punitionem,
1605 2712 1755 2739 amicorum

969 2761 1059 2784 autem
1073 2760 1198 2784 salutem.
1217 2765 1226 2782 ι
1245 2756 1277 2783 Et
1296 2764 1351 2784 non
1371 2756 1430 2784 dies
1451 2765 1539 2792 neque
1561 2765 1626 2790 nox,
1649 2762 1677 2786 et
1694 2764 1755 2793 post

971 2809 1111 2837 vesperam
1133 2802 1177 2829 lux
1194 2802 1256 2830 erit.
1282 2811 1291 2829 ι
1320 2802 1543 2831 lncumbentibus
1565 2803 1654 2837 malis,
1673 2807 1755 2831 tantae
