1983 3072
117 149 173 178 ενδ

575 147 849 177 COMMENTARIUS
869 147 902 174 iN
922 146 1109 176 ZACHARIIE
1128 148 1204 177 CAP.
1225 149 1294 177 XW.

1698 150 1752 179 504

126 205 203 232 leuat
227 205 274 232 τὸν
296 205 407 241 χρόνον,
434 206 505 240 λέγω
524 207 554 234 δὲ
584 209 640 239 ταῖς
665 207 886 238 Μακκαϐαῑκοῖς,
913 205 1005 238 πίστις
1025 205 1041 242 ᾖ
1064 207 1099 234 τὰ
1116 208 1272 243 πρόσφατον
1293 208 1357 243 περὶ
1381 208 1426 235 τὸν
1452 207 1513 243 Γὼγ
1534 208 1680 245 γινόμενα,
1707 213 1754 238 και

125 251 167 286 τῷ
183 252 309 287 προφήτῃ
321 251 349 278 δὲ
363 252 506 286 ἐγγένηται
519 253 569 288 τὴν
583 253 686 280 οἰκείαν
707 252 874 288 προφητείαν
895 251 935 283 εἰς
954 253 1139 288 χρηστοτέραν
1157 254 1270 289 μήνυσιν
1286 255 1466 288 συμπερᾶναι.
1483 254 1565 288 Λέγει
1581 255 1687 283 τοίνυν

163 299 239 334 Στίχ.
256 298 392 334 ιβ’-ιθ¹.-
409 308 419 325 ι
439 300 493 326 Καὶ
515 300 584 336 αὕτη
609 300 685 327 ἔσται
712 302 729 336 ὴ
755 301 858 331 πτῶσις
879 299 913 335 ἢν

1001 298 1082 328 Vens.
1096 301 1188 328 ηιιο.
1209 315 1243 320 -
1260 310 1269 325 ι
1288 300 1319 326 Et
1345 301 1402 328 haec
1431 302 1484 328 erit
1494 302 1571 329 ruina
1588 310 1643 338 qua
1657 310 1753 337 percu-

125 345 207 379 >όψει
221 344 321 380 Κύριος
333 345 436 376 πάντας
446 346 510 377 τοὺς
526 346 615 379 λαοὺς,
626 347 682 373 ὅσοι
694 346 912 381 ἐπεστράτευσαν

127 390 176 416 ἐπὶ
195 389 382 425 Ἰερουσαλήμ.
404 400 413 416 ι
436 390 488 416 Τοῦ
503 391 557 426 γὰρ
573 391 678 423 ἔθνους,
698 391 790 426 φησιν,
808 390 923 417 ὲκείνουῖ

126 435 176 461 τοῦ
200 435 327 470 μεγίστου
348 443 378 462 τε
404 437 450 462 καὶ
475 437 656 472 ἀμαχωτάτου
679 437 850 472 περιέσονται
878 438 912 472 τῇ

128 481 189 516 θεῖα
211 481 340 516 δυνάμειΔ
357 482 395 513 ὡς
415 481 540 509 ἑστώτων
557 483 606 518 μὲν
618 483 708 509 αὐτῶν
726 484 842 519 τακῆναι
862 483 913 515 τὰς

129 527 245 560 σάρκας,
262 526 322 553 οὐδὲ
342 527 498 562 προϐαίνειν
510 528 556 554 ἐπὶ
572 528 617 554 τον
638 528 754 564 πόλεμον
769 529 912 564 ἐωμένων,

124 572 168 607 τῷ
189 572 299 607 φθάνειν
321 572 408 599 αὐτῶν
428 573 476 608 τὴν
491 574 578 609 ὁρμὴν
591 575 635 600 τὸν
649 574 715 600 Θεὸν
730 574 773 602 διὰ
793 575 842 610 τῆς
865 577 913 602 ἑπ-

128 619 267 654 αγομένης
286 618 376 649 αὐτοῖς
386 618 521 654 τιμωρίας
531 626 538 634 ’
552 619 764 655 ἀφαιρεθήσεται
780 620 809 646 δὲ
825 620 914 647 αὐτῶν

128 665 207 700 καὶὴ
229 664 276 690 τοῦ
298 663 407 699 βλέπειν
432 665 525 700 ἰσχὺς,
543 667 575 692 ὲκ
591 666 636 692 τοῦ
652 666 783 701 μεγέθους
793 666 848 693 τῶν
866 675 915 694 κα-

129 709 355 744 ταλαμϐανόντων
379 710 476 741 αὐτοὺς
494 711 601 742 κακῶν,
627 711 736 746 μενοῦσί
761 720 791 738 τε
813 712 914 747 ἄφωνοι

127 755 173 781 διὰ
185 755 233 788 τὴν
245 754 298 781 τῶν
308 763 338 781 συ
343 755 466 790 μϐᾱιντων
478 757 592 792 ἀπορίαν
602 765 608 772 ·
620 758 667 784 κα¹ι
675 757 824 793 συντόμως,
837 759 913 793 φησὶ,

128 801 247 837 τοσαύτη
271 803 369 834 αὐτοὺς
389 802 474 838 ἀθρόα
495 804 565 830 κατὰ
582 804 655 831 θείαν
679 804 763 840 ὀργὴν
788 805 915 836 ἔκστασις

129 847 259 882 λήψεται,
285 847 355 874 ὥστε
377 848 491 875 ’ἑκαστον
516 850 561 876 ἐπὶ
577 850 622 876 τὸν
647 850 759 885 πλησίον
781 851 915 886 τρέποντα

129 894 178 929 τὴν
190 893 291 920 οἰκείαν
306 896 398 929 χεῖρα,
423 895 488 930 μηδὲ
504 896 581 922 τοῦτο
597 896 712 929 εἰδέναι,
740 896 796 923 ἀλλ’
813 896 915 922 οἴεσθαι

123 940 278 975 ’ἀλλοτρίων
306 940 491 973 ἐφάπτεσθαι,
519 941 558 973 ὡς
581 941 651 968 κατά
675 950 706 976 γε
734 942 764 968 τὺ
789 941 913 968 πλεῖστον

127 984 210 1018 ἔργον
232 983 329 1014 αὐτοὺς
350 984 471 1019 ἀλλήλων
486 984 622 1019 γενέσθαι,
641 986 764 1017 πλείονάς
777 995 807 1012 τε
823 985 912 1012 αὐτῶν

128 1029 185 1055 ὑπὸ
197 1029 252 1055 τῶν
272 1029 378 1055 οἰκείων
394 1030 410 1064 ἢ
427 1030 480 1056 ὑπὸ
493 1030 546 1056 τῶν
565 1030 698 1058 Ἰουδαίων
714 1031 914 1066 πληττομένους

130 1077 232 1102 πεσεῖν.
256 1080 299 1109 (p.
316 1075 385 1109 555)
420 1075 501 1102 Ἀλλὰ
526 1075 579 1111 γὰρ
607 1077 636 1102 ὲν
662 1077 791 1109 τοιούτοις
820 1079 914 1110 κακοῖς

130 1120 329 1156 ἐξεταζομένων
349 1121 470 1152 ἐκείνων,
481 1122 677 1157 παρατάξεται,
692 1123 770 1158 φησὶ,
783 1123 829 1150 καὶ
849 1124 914 1151 Ίού-

129 1167 176 1198 ὄις
191 1167 219 1193 ὲν
246 1167 437 1202 Ἰερουσαλήμ·
463 1167 504 1193 ἵνα
521 1166 595 1203 εἴπῃ,
610 1169 650 1194 ὅτι
676 1167 783 1204 θαρρῶν
806 1169 851 1196 ἐπὶ
869 1170 913 1196 τὸν

129 1212 191 1238 κατ’
206 1212 294 1238 αὐτῶν
315 1211 483 1244 ἐξελεύσεται
500 1211 616 1247 πόλεμον
632 1213 684 1239 ὑπὸ
708 1213 747 1248 τῷ
763 1214 914 1250 Ζοροϐάϐελ

130 1257 382 1292 στρατηγούμενος,
404 1257 433 1289 ὃς
448 1259 480 1284 ἐκ
494 1258 543 1292 τῆς
564 1258 610 1285 τοῦ
631 1258 715 1285 Ἰούδα
737 1259 822 1294 φυλῆς
837 1259 913 1294 βασι-

129 1303 193 1334 λεὺς
215 1304 304 1330 αὐτῶν
323 1304 393 1330 κατὰ
413 1303 488 1330 θείαν
513 1304 697 1331 ἁναδέὸεικται
718 1305 824 1339 κρίσιν·
844 1306 914 1332 οὕτω

126 1357 159 1374 τε
174 1349 341 1384 κρατήσουσι
353 1349 407 1375 τῶν
424 1350 552 1376 ἐναντίων
562 1370 568 1377 .
579 1349 648 1376 ὥστε
663 1350 752 1377 πάντα
772 1351 862 1382 αὐτοῖς
881 1352 915 1378 τὰ

129 1395 267 1430 προσόντα
277 1415 283 1426 ,
304 1395 402 1430 χρυσόν
423 1403 453 1421 τε
468 1397 515 1422 καὶ
531 1397 649 1432 ἄργυρον
670 1397 716 1422 καὶ
731 1397 829 1430 ἐσθῆτα
839 1417 845 1427 ,
868 1398 914 1424 καὶ

125 1442 144 1467 ὅ
158 1440 185 1466 τί
200 1441 261 1466 ποτ’
278 1441 310 1466 ἂν
334 1441 420 1475 ἔχοιεν
439 1442 502 1476 παρ’
519 1442 623 1473 ἑαυτοῖς
647 1442 748 1476 ἀγαθὸν
759 1462 765 1473 ,
780 1442 867 1469 ταῦτα
882 1443 914 1478 δὴ

130 1486 221 1512 πάντα
245 1486 427 1521 ἀφελομένους
449 1488 495 1514 τὸν
522 1488 619 1514 οἰκεῖον
646 1487 759 1522 αὐξῆσαι
790 1486 912 1515 πλοῦτον.

129 1532 217 1558 Τοῦτο
238 1532 292 1567 γὰρ
314 1531 390 1563 εἷπε,
408 1542 418 1558 ‹
439 1534 494 1559 Καὶ
519 1534 626 1566 συνάξει
647 1533 696 1568 τὴν
711 1534 786 1569 ἰσχὺν
807 1535 914 1561 πάντων

129 1579 185 1604 τῶν
200 1577 272 1605 λαῶν
287 1579 415 1605 κυκλόθεν
425 1588 432 1594 ·
454 1589 463 1604 ι
482 1580 557 1614 ἰσχὺν
572 1579 661 1606 αὐτῶν
676 1579 760 1607 εἰπὼν
777 1580 811 1607 τὰ
827 1589 913 1616 προσ-

963 345 1011 372 tiet
1028 345 1158 374 Dominus
1182 354 1277 373 omnes
1298 346 1424 381 populos,
1444 347 1602 382 quicunque
1618 348 1753 376 militave-

963 395 1127 419 runtcontra
1142 391 1323 420 Hierusalem.
1343 402 1352 418 ι
1368 392 1462 420 Gemis
1486 393 1570 426 illius,
1585 394 1683 430 inquit,
1695 402 1754 421 rna-

963 436 1043 464 ximaa
1067 442 1095 464 et
1120 438 1339 473 inexpugnabilis
1372 438 1490 466 victores
1521 440 1636 468 evadent
1659 441 1751 468 divina

963 482 1063 510 virtute
1078 493 1084 510 :
1104 488 1231 519 tanquam
1249 486 1272 512 si
1301 485 1432 513 stantium
1456 485 1565 513 illorum
1582 486 1753 517 tabescerent.

962 536 1071 561 carnes,
1085 538 1172 565 neque
1183 530 1264 566 πο
1274 530 1305 557 ad
1321 539 1436 566 pugnam
1453 531 1599 566 procedere
1620 532 1758 565 sinerent,

965 576 1019 603 Deo
1036 577 1158 611 ipsorum
1176 577 1307 612 impetum
1326 578 1507 612 praeveniente
1530 585 1616 613 ptenae
1639 578 1752 614 imposi-

964 626 1047 650 ttone.
1072 623 1218 650 Auferetur
1233 631 1341 658 quoque
1373 624 1440 659 ipsis
1454 624 1583 652 cernendi
1611 624 1650 652 vis
1665 632 1679 651 a
1695 631 1754 652 ma—

964 669 1107 705 gnitudine
1141 670 1357 697 incumbentium
1380 670 1524 700 malorum.
1544 670 1666 705 mutique
1689 670 1753 698 fient

964 715 1000 742 ob
1009 719 1154 742 eventuum
1171 715 1325 749 angustias.
1342 716 1372 741 In
1387 722 1504 746 summa.
1521 719 1595 742 tanta
1610 715 1666 743 illis
1676 722 1692 742 ιι
1706 715 1752 743 Dei

965 759 1006 786 ira
1022 760 1122 788 mentis
1135 759 1302 795 perturbatio
1319 759 1430 792 incidet,
1454 765 1485 787 ut
1503 760 1603 795 singuli
1635 761 1753 788 invicem

965 811 1062 832 manus
1070 803 1221 836 afferentes,
1235 804 1308 831 haud
1319 805 1449 838 sentiant,
1462 805 1510 832 sed
1531 809 1675 833 extraneos
1692 805 1753 840 pul-

966 857 1026 877 sare
1040 857 1070 877 se
1083 854 1189 884 putent,
1206 850 1326 885 ﬁantque
1337 856 1438 878 mutuae
1451 851 1533 879 caedis
1545 855 1681 884 auctores,
1695 859 1753 878 maa

963 895 1061 930 jorque
1073 895 1181 922 illorum
1192 901 1257 930 pars
1278 903 1292 922 a
1307 896 1365 924 suis
1380 904 1462 931 quam
1479 904 1495 923 a
1507 895 1609 924 Iudaeis
1622 904 1752 931 percussa

966 940 1055 967 cadat.
1069 939 1170 967 Verum
1188 941 1251 967 dum
1263 940 1300 967 illi
1320 940 1362 967 his
1372 940 1452 968 malis
1469 941 1653 974 implicantur,
1678 947 1755 968 com-

963 986 1070 1020 parabit
1086 993 1115 1013 se
1131 985 1164 1012 ad
1177 985 1301 1020 prtelium
1315 985 1399 1013 ludas
1415 986 1442 1013 in
1458 986 1524 1013 urbe
1537 985 1714 1018 Hierusalem,
1726 985 1752 1012 id

963 1035 1006 1058 est
1017 1049 1025 1062 ,
1034 1027 1295 1056 audacterexiditad
1309 1031 1428 1057 hostium
1444 1031 1672 1065 oppugnationem
1683 1029 1753 1057 duce

963 1076 1140 1106 Zorobabele,
1156 1076 1202 1110 qui
1219 1084 1266 1103 rex
1282 1077 1350 1111 ipsis
1365 1077 1459 1104 divino
1470 1077 1574 1112 judicio
1586 1077 1752 1104 constitutus

962 1126 1014 1150 est.
1030 1122 1118 1156 Atque
1133 1122 1169 1147 ita
1196 1121 1334 1156 potientur
1346 1122 1480 1154 lmstihus,
1494 1126 1525 1149 ut
1542 1129 1637 1149 omnes
1657 1129 1752 1149 eorum

963 1176 1040 1203 opes,
1066 1175 1173 1200 aurum,
1185 1171 1339 1202 argentum.
1354 1172 1468 1199 vestem,
1486 1172 1513 1194 et
1539 1166 1671 1203 quidquid
1688 1166 1751 1194 boni

962 1221 1056 1241 secum
1072 1213 1227 1244 habuerint,
1255 1213 1307 1240 diri
1313 1215 1417 1248 pientes
1432 1213 1466 1241 ad
1480 1221 1591 1241 suarum
1611 1220 1692 1248 opum
1704 1220 1752 1240 cu-

965 1261 1067 1288 mulum
1084 1261 1237 1288 conferant.
1250 1259 1375 1286 Sicenim
1384 1258 1628 1294 significantverba
1639 1265 1645 1282 ι
1658 1264 1667 1280 ί
1679 1256 1752 1286 Con-

964 1307 1084 1342 gvegabit
1095 1306 1283 1333 fortitudinem
1302 1305 1463 1340 populorum
1477 1305 1598 1331 omnium
1614 1303 1642 1330 in
1652 1303 1752 1329 circui-

965 1357 1008 1384 tu,
1031 1362 1039 1377 ι
1057 1352 1244 1379 fortitudinem
1265 1351 1372 1378 illorqu
1401 1350 1494 1376 dicens
1518 1356 1623 1385 opes~a
1653 1348 1752 1382 quibus
1772 1384 1775 1387 Ι

964 1399 1035 1425 vires
1051 1397 1230 1432 accipiebant.
1240 1395 1317 1428 Quod
1325 1395 1478 1425 declarans,
1488 1393 1525 1420 ait
1534 1394 1718 1428 :rAurumquc
1725 1397 1753 1421 et

965 1448 1108 1480 argentum
1134 1448 1161 1471 et
1187 1448 1288 1475 vestem
1317 1443 1394 1468 vnlde
1421 1439 1646 1475 plurimam.»His
1666 1438 1750 1469 addit,

965 1492 1079 1518 imtltum
1091 1490 1150 1517 fore
1158 1497 1290 1524 equorum
1307 1489 1511 1519 detrimentum,
1524 1491 1552 1514 et
1568 1486 1715 1516 mulorum,
1725 1489 1753 1511 et

964 1537 1140 1568 camelorum,
1156 1540 1239 1570 atque
1256 1534 1406 1565 asinorum,
1423 1533 1601 1567 ontniumque
1617 1530 1689 1566 apud
1703 1538 1751 1557 eos

963 1583 1300 1617 jutncntorum,quotqu0t
1328 1580 1398 1606 bello
1420 1579 1496 1605 utilia
1515 1578 1691 1608 aestimantes.
1706 1583 1752 1603 se-

112 1625 196 1651 dvtat
215 1624 262 1659 ἀφ’
281 1621 318 1651 ὧν
334 1623 406 1660 εἶχον
420 1625 450 1652 τὸ
473 1625 608 1652 δύνασθαι.
624 1625 705 1652 Ὅθεν
731 1627 778 1652 καὶ
798 1627 913 1662 σαφηνί-

966 1634 1028 1654 cum
1040 1626 1221 1653 adducebant.
1236 1625 1268 1652 Et
1279 1625 1405 1652 interitus
1429 1624 1537 1659 quidem
1553 1623 1660 1650 illorum
1671 1625 1753 1672 atque

130 1669 186 1701 ζων
205 1670 286 1702 αὐτὸ,
303 1672 442 1705 ἐπήγαγε·
467 1680 476 1696 ι
497 1671 603 1706 Χρυσόν
617 1680 646 1697 τε
663 1672 709 1697 καὶ
735 1672 852 1707 ἄργυρον
867 1673 913 1699 καὶ

120 1714 279 1751 ’ῗματισμὺν
309 1718 346 1748 είς
375 1717 474 1751 πλῆθος
493 1717 608 1753 σεόδρα.
627 1726 636 1742 ι
664 1717 773 1749 Τούτοις
806 1718 913 1752 ἐπάγει,

127 1763 174 1789 ὅτι
198 1762 279 1798 πολλή
297 1771 337 1794 τις
360 1763 480 1789 ἀπώλεια
502 1764 548 1790 καὶ
570 1763 660 1789 ἵππων
679 1763 754 1790 ἔσται
776 1764 822 1790 καί
835 1764 915 1799 ἡμιό-

110 1818 113 1819 ν
131 1817 186 1835 νων
206 1808 252 1834 καὶ
268 1807 396 1843 καμήλων
422 1809 468 1835 καὶ
485 1809 551 1835 ὄνων
573 1810 619 1836 καὶ
635 1809 744 1836 πάντων
759 1809 813 1836 τῶν
830 1818 915 1845 προσ-

127 1854 216 1880 ιόντων
244 1854 334 1885 αὐτοῖς
357 1855 477 1888 κτηνῶν,
504 1855 589 1881 ὁπόσα
613 1863 667 1890 περ
694 1855 834 1890 ἐπιτήδειά
857 1863 914 1887 πως

100 1894 105 1900 ’
132 1901 240 1931 ἑαυτοῖς
256 1901 294 1931 εἰς
305 1901 349 1926 τὸν
366 1901 481 1936 πόλεμον
496 1901 655 1935 νομίσαντες
669 1898 737 1927 εἶναι
748 1921 755 1933 ,
773 1901 916 1928 συλλαϐόν-

132 1954 178 1977 τες
186 1944 251 1981 ἦγον
261 1946 318 1981 μεθ’
333 1946 445 1972 ἑαυτῶν.
461 1947 490 1973 ὐ
502 1947 552 1982 μὲν
562 1947 593 1982 δὴ
609 1947 721 1978 θάνατος
730 1947 826 1980 αὐτῶν,
838 1949 914 1983 φησὶ,

133 1992 181 2018 καὶ
194 1993 210 2027 ὴ
223 1991 343 2018 ἀπώλεια
355 1992 471 2027 τοσαύτη
479 2001 520 2023 τις
531 1992 605 2019 ἕσται
617 1993 664 2019 καὶ
674 1993 784 2029 τοιαύτη
794 2003 800 2009 ·
822 1994 916 2021 ὁπόσοι

132 2038 156 2063 δ’
166 2037 199 2064 ἂν
212 2038 299 2064 αὐτῶν
311 2039 498 2073 περισωθεῖεν,
512 2038 667 2071 ἐπιγνόντες
676 2039 722 2065 τοῦ
733 2040 800 2066 Θεοῦ
809 2040 858 2076 τὴν
871 2040 916 2067 δύ-

129 2092 215 2118 ναμιν
232 2083 260 2115 ἐξ
271 2079 308 2110 ὧν
319 2083 477 2114 πεπόνθασι,
489 2085 569 2118 νόμον
583 2084 708 2119 θήσονται
718 2086 782 2120 παρ’
798 2085 915 2120 ἑαυτοῖς,

134 2128 264 2163 διηνεκῶς
275 2129 392 2159 ἀνιόντες
406 2129 450 2155 ἐπὶ
462 2129 509 2164 τὴν
531 2129 706 2165 Ἰερουσαλὴμ
719 2131 768 2166 τὴν
781 2131 916 2167 καθήκου-

109 2183 112 2186 ·
135 2182 185 2200 σαν
203 2174 376 2201 ἀποτιννύναι
392 2174 431 2209 τῷ
449 2173 508 2209 Θεῷ
523 2175 716 2210 προσκύνησιν,
739 2177 869 2203 ἐπιτελεῖν
888 2177 915 2204 δὲ

134 2220 183 2246 καὶ
190 2220 239 2255 τὴν
247 2220 342 2255 ἑορτὴν
349 2220 398 2254 τῆς
408 2221 603 2256 σκηνοπηγίας,
610 2222 701 2258 ἐπειδὴ
712 2224 766 2254 τοῖς
776 2223 915 2258 πόρρωθεν

134 2266 363 2300 παραγινομένοις
374 2265 522 2301 ἐπιτήδειος
536 2267 550 2293 ὁ
557 2267 650 2302 καιρὸς
659 2267 762 2302 θερινὸς
769 2269 897 2304 ὑπάρχων
906 2279 912 2285 ·

964 1673 1077 1700 exitium
1103 1672 1157 1699 tale
1175 1672 1235 1698 erit.
1256 1670 1395 1705 Quotquot
1417 1673 1507 1696 autem
1528 1676 1560 1695 ex
1582 1668 1650 1703 ipsis
1684 1663 1754 1694 salvi

966 1721 1138 1753 supererunt,
1152 1720 1332 1753 agnoscentes
1352 1715 1397 1743 Dei
1422 1714 1568 1751 potentiam
1590 1721 1623 1742 ex
1637 1713 1680 1742 his
1692 1719 1753 1748 qua:

966 1768 1029 1791 sunt
1043 1763 1128 1797 passi,
1150 1763 1234 1796 legem
1259 1761 1368 1789 sibimet
1382 1764 1503 1788 statuent
1513 1759 1677 1788 ascendendi
1692 1766 1754 1795 per-

966 1813 1047 1844 petuo
1061 1809 1094 1835 ad
1120 1808 1215 1835 urbem
1243 1807 1424 1838 Hierusalem,
1445 1805 1537 1840 ibique
1559 1804 1680 1832 debitum
1699 1803 1753 1830 Deo

966 1855 1126 1889 obsequium
1155 1852 1337 1888 persolvendi,
1363 1859 1412 1879 nec
1436 1859 1489 1878 non
1517 1850 1752 1878 tabernaculorum

967 1901 1068 1929 festum
1084 1900 1191 1935 agendi,
1205 1898 1423 1934 quandoquidem
1441 1897 1475 1924 iis
1492 1897 1539 1931 qui
1555 1896 1588 1923 de
1605 1895 1754 1930 longinquo

967 1947 1080 1975 veniunt
1091 1953 1206 1973 vernum
1220 1949 1328 1979 tempus
1350 1944 1476 1971 idoneum
1491 1946 1542 1970 est.
1556 1941 1648 1969 Multis
1662 1945 1753 1968 autem

967 1993 1084 2028 superbe
1100 1991 1158 2019 lucc
1167 1990 1367 2025 negligentibus
1380 1995 1474 2023 poenas
1494 1987 1620 2019 inferam,
1636 1986 1754 2022 pluviam

966 2043 994 2066 et
1026 2037 1176 2065 ubertatem
1204 2035 1313 2070 frugum
1339 2034 1474 2069 negando,
1499 2037 1528 2061 ut
1545 2037 1695 2068 agnoscant
1725 2039 1755 2060 se

966 2083 1130 2112 universalis
1143 2082 1221 2117 361
1236 2080 1338 2109 domini
1360 2080 1490 2108 honorem
1513 2079 1675 2114 neglexisse.
1690 2078 1753 2105 Etsi

967 2130 1076 2166 Egypti
1091 2129 1197 2159 incolae,
1210 2131 1237 2155 et
1252 2127 1275 2154 si
1287 2126 1396 2161 quidam
1422 2126 1467 2152 alii
1496 2125 1547 2152 hac
1567 2132 1649 2160 prava
1665 2128 1756 2151 mente

966 2177 1077 2207 fuerint,
1094 2181 1202 2209 poenam
1223 2172 1339 2201 similem
1361 2171 1509 2207 perferent.
1527 2170 1591 2198 Vult
1611 2175 1700 2198 autem
1713 2169 1756 2196 di-

965 2229 1038 2252 cere,
1052 2224 1198 2248 extraneos
1215 2219 1316 2246 multos
1332 2217 1520 2252 magnitudine
1545 2220 1689 2244 eventuum
1703 2221 1754 2243 ter

965 2269 1042 2299 ritos,
1059 2266 1142 2294 variis
1156 2273 1188 2292 ex
1213 2265 1281 2292 locis
1293 2264 1326 2291 ad
1340 2264 1434 2291 urbem
1452 2263 1620 2291 Hierusalem
1642 2269 1756 2289 concur-

136 2311 183 2336 καὶ
192 2310 298 2342 πολλοῖς
310 2311 339 2337 δὲ
349 2310 404 2337 τῶν
418 2311 451 2337 δι’
466 2311 614 2346 ὑπεροψίαν
627 2313 677 2339 οὐκ
691 2313 914 2348 ὰποπληρούντων

972 2321 1062 2346 suros,
1078 2313 1199 2340 debitum
1214 2311 1271 2340 Deo
1292 2311 1453 2346 obsequium
1478 2310 1636 2343 oblaturos;
1659 2313 1688 2337 σι
1700 2308 1754 2336 nisi

135 2356 238 2385 ταῦτα,
258 2357 392 2392 τιμωρίαν
416 2357 525 2390 ἐπάξω,
550 2358 664 2393 ἀϐροχία
683 2359 729 2385 καὶ
744 2361 775 2394 τῇ
796 2361 918 2388 ἐντεῦθεν

972 2360 1097 2391 fecerint,
1112 2365 1218 2394 pmnam
1230 2358 1376 2386 relaturos.
1389 2357 1437 2385 His
1446 2356 1521 2384 addit
1536 2365 1544 2384 :

134 2403 260 2439 ἀκαρπία
286 2403 474 2435 καταδικάζων
498 2403 613 2435 αὐτοὺς,
646 2406 689 2439 (p.
718 2405 785 2440 εδει)
814 2407 852 2439 ὡς
878 2409 911 2435 ἂν
937 2409 1072 2437 αῐσθοιντο
1093 2405 1143 2440 τῆς
1163 2404 1210 2431 τοῦ
1231 2405 1339 2431 πάντων
1353 2403 1457 2439 Κυρίου
1478 2403 1560 2438 τιμῆς
1581 2402 1756 2438 ἀμελοῦντες.

136 2448 195 2474 Κᾶν
211 2449 235 2474 οἱ
251 2449 300 2483 τῆς
314 2448 450 2482 Αἰγύπτου
461 2448 499 2480 δὲ,
514 2449 565 2475 κᾶν
581 2449 607 2475 εἴ
615 2457 684 2481 τινες
698 2450 729 2485 δή
744 2459 807 2477 ποτε
821 2453 922 2489 ταύτην
933 2453 1112 2485 ἀναδέξωνται
1129 2450 1177 2486 τὴν
1187 2449 1308 2484 γνώμην,
1317 2449 1366 2484 τὴν
1381 2448 1465 2484 αὐτὴν
1478 2448 1591 2475 δώσουσι
1604 2448 1739 2485 τιμωρίαν
1748 2457 1755 2465 ·

138 2495 170 2529 βο
176 2495 261 2521 ὓλεται
274 2495 303 2521 δὲ
317 2496 402 2521 εἰπεῖν
417 2495 466 2526 ὅτι,
480 2494 570 2521 πολλοὶ¹
583 2495 638 2522 τῶν
648 2496 795 2532 ἀλλοτρίων
807 2499 990 2535 ἐκπλαγέντες
1001 2501 1047 2526 ἐπὶ
1057 2498 1096 2534 τῷ
1115 2496 1223 2533 μεγέθει
1239 2496 1293 2522 τῶν
1307 2496 1456 2530 γεγονότων
1466 2496 1629 2531 πολλαχόθεν
1643 2496 1690 2522 ἐπὶ
1703 2496 1754 2530 τὴν

143 2542 319 2576 Ἰερουσαλὴμ
334 2541 526 2577 συῤῥεύσουσι,
542 2541 590 2577 τὴν
605 2543 775 2578 καθήκουσαν
790 2545 828 2579 τῷ
842 2546 902 2582 Θεῷ
915 2547 1102 2582 προσκύνησιν
1113 2543 1292 2574 ἀποδιδόντες,
1304 2542 1340 2574 ὡς
1355 2542 1401 2568 καὶ
1412 2542 1547 2578 τιμωρίαν
1557 2541 1754 2577 ἀπικδέχεσθαι

138 2589 163 2614 εἰ
183 2588 221 2623 μὴ
241 2587 319 2614 τοῦτο
343 2590 453 2615 ποιοῖεν.
472 2589 581 2621 Τούτοις
599 2590 695 2624 ἐπάγει
707 2600 713 2605 ·

173 2634 246 2669 Στίχ.
261 2634 295 2660 κ’.
313 2649 346 2654 -
365 2644 373 2660 ι
401 2635 444 2661 Ἐν
458 2637 491 2670 τῇ
514 2635 604 2671 ἡμέρᾳ
630 2637 720 2673 ἐκείνῃ
735 2638 810 2665 ἔσται
828 2639 857 2665 τὸ
874 2640 920 2666 ἐπὶ

137 2681 184 2708 τὸν
196 2680 301 2715 χαλινὸν
316 2680 361 2707 τοῦ
373 2681 455 2707 ἵππου
468 2682 543 2715 ᾰγιον
551 2681 589 2716 τῷ
603 2683 696 2717 Κυρίῳ
710 2685 916 2719 παντοκράτορι·

140 2726 188 2753 καὶ
199 2725 304 2752 ἔσονται
316 2727 340 2752 οἱ
352 2726 462 2761 λέϐητες
481 2727 509 2753 ἐν
521 2726 560 2761 τῷ
571 2727 637 2762 οἴκῳ
652 2729 754 2764 Κυρίου
770 2729 808 2760 ὡς
827 2731 920 2764 φιάλαι

138 2772 194 2807 πρὸ
218 2771 363 2808 προσώπου
385 2771 432 2799 τοῦ
457 2773 659 2809 θυσιαστηρίου.
689 2785 698 2801 ι
721 2775 847 2802 Βούλεται
873 2777 921 2810 μὲν

141 2819 228 2844 εἰπεῖν
237 2819 279 2845 ὃτι
297 2819 381 2845 πολλὰ
395 2819 440 2845 καὶ
456 2819 494 2854 τῷ
505 2819 564 2855 Θεῷ
575 2820 768 2855 ἀνατεθήσεται
782 2822 857 2857 παρὰ
868 2822 921 2848 τῶν

147 2863 320 2899 Ἰσραηλιτῶν
332 2865 385 2892 ἀπὸ
395 2866 447 2892 τῶν
463 2865 530 2899 λαφύ
536 2875 598 2898 οων,
608 2868 626 2894 ξι
636 2868 707 2901 παρὰ
719 2867 772 2894 τῶν
788 2868 922 2901 πολεμίων

1007 2638 1089 2666 Vens.
1107 2636 1152 2665 20.
1168 2651 1202 2656 —
1217 2645 1227 2662 ‹
1246 2635 1294 2662 Die
1315 2635 1361 2662 illa
1381 2635 1434 2661 erit
1450 2633 1521 2670 quod
1545 2641 1628 2669 super
1647 2633 1753 2662 frenum

971 2686 1034 2720 equi
1056 2688 1107 2716 est,
1132 2687 1256 2711 sanctum
1278 2681 1392 2708 Domino
1408 2681 1599 2715 omnipotenti.
1622 2680 1657 2708 Et
1674 2685 1754 2708 erunt

972 2731 1073 2758 lebetes
1093 2730 1120 2756 in
1138 2728 1218 2756 domo
1234 2726 1341 2754 Domini
1362 2726 1434 2753 sicut
1456 2726 1552 2760 phialae
1573 2728 1637 2754 ante
1656 2724 1752 2753 faciem

972 2776 1075 2803 altaris.
1093 2784 1102 2800 ι
1121 2774 1189 2801 Fore
1203 2773 1278 2804 dicit,
1294 2775 1322 2799 ut
1336 2771 1475 2806 complura
1489 2771 1543 2798 Deo
1557 2770 1705 2799 offerantur
1718 2771 1753 2798 ab

972 2819 1102 2847 lsraelitis
1117 2819 1150 2846 de
1174 2817 1309 2845 manubiis
1332 2822 1392 2849 qua:
1401 2822 1435 2842 cx
1446 2815 1572 2843 hostibus
1599 2815 1751 2847 retulerim,

973 2865 1056 2892 multa
1081 2872 1146 2892 sane
1174 2867 1200 2892 ct
1225 2862 1445 2891 innumerabilia.
1458 2862 1544 2890 Sicuti
1570 2861 1634 2889 fecit
1656 2862 1752 2889 beatus
