1966 3069
207 147 261 176 505

783 146 961 176 THEODORI
979 148 1226 178 MOPSUESTENI

1791 146 1846 175 596

206 199 294 229 David
309 204 371 237 post
382 199 502 228 Goliathi
523 200 625 229 caedem
643 201 763 237 gladium
788 202 844 230 Deo
858 203 999 232 dedicans.

1062 207 1195 242 λήψονται,
1211 205 1297 233 πολλά
1309 213 1338 232 τε
1355 204 1421 231 ὅντα
1436 204 1483 231 καὶ
1499 202 1617 240 ἀριθμὸν
1636 202 1753 231 νικῶντα
1764 211 1771 218 ·
1787 200 1846 230 οἷον

207 246 281 274 Idem
291 246 338 273 hic
350 253 459 281 quoque
469 246 548 278 dicit,
565 253 665 281 nempe
674 246 747 281 quod
763 254 896 282 equorum
910 248 1003 277 frenos

208 293 381 328 interemptis
402 293 510 320 ablatos
533 292 589 320 Deo
607 292 730 320 ederent.
752 293 875 330 Namque
891 302 906 321 a
926 294 1004 323 l‘reno

207 343 340 374 tanquam
363 347 379 366 a
395 342 481 374 parte,
502 339 607 374 reliqua
630 346 705 366 arma
722 343 749 367 et
770 340 857 375 spolia
880 340 1004 374 denotat,

210 393 272 422 quat
293 385 414 413 oblaturi
434 389 523 418 erant.
547 385 663 421 singulis
679 393 730 421 pro
744 394 796 413 suo
809 387 951 422 proposito
969 396 1004 416 ex

209 431 350 464 manubiis
376 431 449 466 quod
479 431 568 458 visum
600 430 681 458 fuerit
709 431 896 461 aﬂ‘erentibus.
926 431 1004 460 Unde

209 477 296 510 addit,
319 476 422 504 lebetes
439 475 574 511 plurimos
596 475 743 503 adductum
769 476 802 504 iri
824 483 894 511 quos
908 476 1005 505 hostes

210 517 305 551 secum
324 522 487 555 habuerant,
512 525 606 556 utpote
623 522 774 557 coquendis
796 523 928 551 carnibus
944 523 1005 551 ido-

209 576 290 600 neos,
308 575 427 603 quorum
452 566 600 594 multitudo
620 566 771 602 phialarum
792 568 852 596 vice
876 568 1006 604 fungetur

211 614 240 641 in
253 613 335 641 domo
349 612 396 640 Dei
412 613 546 648 exposita.
565 611 628 639 Vult
641 617 732 640 autem
749 612 844 645 frenis,
861 621 1001 641 armorum

212 659 382 687 oblationem
395 659 559 694 designare;
574 658 720 690 lebetibus,
738 658 910 692 divitiarum;
930 667 1007 688 more

205 704 368 740 'Scripturae
394 707 529 732 consueto
547 711 562 730 a
588 708 666 739 parte
691 703 896 732 multitudinem
923 705 1008 733 deno-

212 752 300 784 tandi,
322 751 541 786 quotiescunque
564 757 797 785 supervacaneam
817 750 923 786 judicat
944 758 1007 787 par-

213 798 282 824 tium
303 801 460 824 accuratam
480 796 724 825 enumerationem.
745 795 826 824 Certe
842 796 887 824 hic
909 804 1008 832 super-

212 844 298 872 ﬂuum
321 849 381 872 erat
401 850 563 872 enumerare
582 842 741 878 singillatim
760 842 864 875 hastas,
886 842 1005 878 gladios,

1056 250 1207 286 πεποίηκεν
1222 251 1238 276 ό
1253 249 1387 285 μακάριος
1414 248 1496 275 Δαυτδ
1523 247 1593 283 μετὰ
1616 247 1666 283 τὴν
1684 247 1732 274 τοῦ
1748 247 1846 274 Γολιὰθ

1055 296 1196 331 ἀναίρεσιν
1209 295 1241 322 τδ
1255 295 1331 330 ξίφος
1341 294 1451 326 ἀναθεὶς
1469 293 1508 328 τῷ
1520 293 1636 329 Θεῷ.Τδ
1648 293 1757 328 αὑτὸ-δὲ
1772 293 1846 327 λέγει

1055 341 1205 373 κάνταῦθα,
1217 342 1258 368 ὅτι
1275 341 1323 368 καὶ¹
1347 341 1473 376 χαλινοὺς
1489 340 1591 371 ἵππων,
1609 338 1656 371 οὒς
1665 338 1720 365 τῶν
1740 339 1847 373 ἀναιρε-

1056 386 1157 413 θέντων
1169 386 1319 421 άφείλοντο,
1331 386 1507 421 προσοίσουσι
1523 384 1584 411 τότε
1597 384 1636 419 τῷ
1647 383 1721 419 Θεῷ’
1731 383 1784 411 ἀπὺ
1793 383 1847 418 γὰρ

1055 432 1102 459 τοῦ
1115 432 1222 467 χαλινοῦ
1236 431 1274 464 ὡς
1290 431 1345 458 άπὸ
1362 431 1462 467 μέρους
1478 430 1614 466 ἠϐουλήθη
1631 430 1667 457 τὰ
1680 430 1762 456 λοιπά
1777 429 1849 456 ὅπλα

1057 487 1087 505 τε
1105 478 1153 506 καὶ
1169 477 1279 513 λάφυρα
1290 477 1387 510 εἰπεῖν,
1401 477 1473 512 ἆπερ
1487 474 1533 503 οὗν
1547 476 1703 503 ἀνατιθέναι
1719 475 1847 511 ἠμελλον,

1057 523 1173 550 ἑκάστου
1190 522 1262 550 κατά
1275 522 1325 558 τὴν
1342 522 1445 549 οἰκείαν
1467 521 1596 557 πρόθεσιν
1615 521 1800 557 προσάγοντος
1817 521 1849 547 τὸ

1056 568 1151 596 δοκοῦν
1165 570 1197 596 ὲκ
1211 569 1266 595 τῶν
1277 568 1415 605 λαφύρων.
1427 568 1507 595 ’Ὁθεν
1518 568 1627 602 ἐπάγει,
1640 568 1681 594 ὅτι
1695 566 1816 603 προσαχθ
1823 567 1849 602 η-

1058 623 1150 642 σονται
1164 614 1212 641 καὶ
1231 614 1345 650 λέϐητες
1372 613 1492 640 πλεῖστοι
1512 613 1559 646 οὒς
1581 614 1717 649 ἐπήγοντο
1731 614 1756 640 οί
1770 613 1848 640 πολέ-

1060 670 1126 697 μιοι,
1149 660 1319 696 ἐπιτηδείους
1346 660 1454 692 ἑαυτοῖς
1479 657 1548 687 εἶναι
1565 659 1723 695 νομίζοντες
1742 660 1782 691 είς
1796 659 1848 695 τὴν

1057 707 1156 742 ἕψησιν
1171 706 1227 733 τῶν
1246 705 1347 742 κρεῶν,
1362 705 1388 732 οἶ
1402 705 1446 733 διὰ
1465 706 1496 732 τὸ
1509 705 1626 741 πλῆθος,
1641 705 1744 740 φιαλῶν
1757 705 1847 739 δίκην,

1057 751 1164 779 ἔσονται
1179 751 1227 779 τοῦ
1243 751 1319 778 οἴκου
1336 751 1512 787 προκείμενοι
1526 750 1574 778 τοῦ
1591 751 1680 777 Θείου.
1694 750 1849 786 Ἦϐουλήθη

1058 799 1087 826 δὲ
1102 798 1157 825 ἀπὸ
1171 798 1221 834 μὲν
1242 798 1290 824 τοῦ
1307 797 1416 833 χαλινοῦ
1433 797 1466 824 τὰ
1481 797 1535 824 ἀπὸ
1551 796 1604 824 τῶν
1619 796 1708 823 ὃπλων
1724 795 1850 823 ἀνατιθέ-

1060 852 1128 879 μενα
1153 844 1250 875 είπεῖν,
1265 842 1304 878 (p.
1321 842 1383 878 555)
1404 841 1458 869 ἀπὺ
1474 842 1503 868 δὲ
1528 841 1583 868 τῶν
1604 841 1725 876 λεϐήτων
1741 841 1775 868 τὰ
1794 841 1852 868 ἀπὸ

213 891 326 922 loricas.
354 891 467 921 lebetes,
496 893 524 917 et
550 887 683 924 quidquid
709 888 743 916 ad
766 896 846 917 usum
870 888 1009 916 hominum

1062 889 1116 916 τῶν
1130 889 1287 924 κτημάτων,
1305 888 1343 920 ὡς
1363 887 1459 915 εἴωθεν
1481 887 1535 915 άπὸ
1555 887 1656 923 μέρους
1677 887 1712 914 τά
1736 887 1850 914 πλεῖστα

213 941 266 968 est,
282 936 359 964 verbi
383 935 469 970 gratia
486 934 603 966 catinos,
623 934 732 969 pocula,
750 939 778 962 et
804 934 827 962 si
843 934 908 969 quid
933 934 1006 961 aliud

214 980 372 1016 hujusmodi
386 984 438 1008 est.
452 979 506 1007 Sed
526 987 542 1007 a
560 984 646 1015 parte.
660 984 689 1007 ut
707 987 794 1015 nuper
812 980 880 1012 dixi,
895 984 922 1008 et
935 987 1008 1016 saepe

214 1026 352 1058 adnotavi,
374 1033 404 1054 se
428 1029 515 1053 totum
537 1025 681 1060 designare
703 1024 957 1053 demonstratJam
979 1030 1009 1052 ut

213 1072 340 1100 ostendat
353 1071 507 1099 oblatorum
519 1071 637 1099 lebetum
651 1078 742 1103 usum,
756 1071 796 1099 sic
813 1071 1005 1107 prosequitur:

1059 935 1155 971 δηλοῦν
1173 936 1190 970 ή
1217 934 1278 962 θεία
1302 934 1407 970 Γραφὴ,
1425 934 1462 960 ὅτ’
1481 934 1515 962 ἂν
1537 933 1666 968 περιττὴν
1678 933 1780 969 ἡγῆται
1799 933 1850 968 τὴν

1060 980 1131 1007 κατὰ
1154 980 1237 1016 μέρος
1262 979 1452 1015 ἀκριϐολογίαν
1464 987 1471 994 ·
1489 979 1550 1005 ἐπεὶ
1565 977 1703 1005 κάνταῦθα
1723 978 1850 1014 περιττὸν

1059 1023 1134 1060 ἦντὸ
1147 1024 1275 1060 ἀριθμεῖν
1288 1023 1388 1059 δόρατα
1403 1024 1449 1050 καὶ
1465 1023 1531 1059 ξίφη
1551 1023 1599 1050 καὶ
1616 1022 1753 1058 θώρακας,
1770 1023 1851 1059 λέϐη-

1060 1071 1110 1103 τάς
1130 1079 1161 1098 τε
1183 1071 1231 1098 καὶ
1250 1069 1286 1097 τά
1309 1070 1338 1096 ὲν
1356 1069 1508 1106 ἀνθρώπων
1533 1070 1646 1105 κείμενα
1664 1069 1772 1105 χρήσει,
1792 1067 1851 1096 οἷον

214 1119 302 1146 εἰπεῖν
326 1117 448 1150 πινάκια,
471 1118 599 1153 ποτήρια,
622 1118 639 1152 ἢ
655 1118 702 1144 καὶ
721 1118 748 1144 εί
769 1126 796 1145 τι
812 1117 933 1144 τοιοῦτο·
955 1118 988 1144 ἐκ
1004 1117 1032 1144 δὲ
1050 1118 1097 1145 τοῦ
1120 1118 1229 1154 μέρους,
1243 1117 1281 1149 ὡς
1308 1115 1384 1143 εἶπόν
1407 1125 1437 1144 τε
1460 1116 1531 1152 ήδη,
1557 1117 1604 1143 καὶ
1631 1116 1852 1153 ὲπεσημηνάμην

215 1163 353 1196 πολλάκις,
368 1162 487 1199 ἐδήλωσε
503 1163 534 1190 τὸ
556 1163 611 1190 πᾶν
632 1163 729 1190 εἰπεῖν.
745 1165 858 1196 Δεικνὺς
880 1163 935 1190 τῶν
960 1158 1083 1200 λεϐήτων
1105 1164 1158 1191 τῶν
1170 1163 1370 1198 ἀνατιθεμένων
1384 1163 1434 1199 τὴν
1448 1163 1552 1199 χρείαν,
1566 1163 1664 1196 ὲπάγει
1674 1171 1680 1177 ·

250 1208 334 1237 Vsus.
350 1209 396 1236 2L
410 1224 445 1229 -—
465 1217 474 1233 ε
493 1208 604 1244 Eritque
617 1210 708 1237 omnis
727 1210 800 1238 lebes
816 1211 843 1238 in
862 1210 929 1238 urbe
943 1209 1008 1238 Hio-

215 1255 333 1283 rusalem
348 1259 375 1282 et
394 1254 466 1289 apud
486 1253 585 1282 ludam
610 1260 724 1284 sanctus
748 1256 862 1284 Domino
882 1257 1008 1292 omnipo—

214 1300 294 1328 tenti.
312 1299 393 1335 362
410 1299 444 1326 Et
463 1299 573 1326 venient
592 1300 684 1327 cuncti
709 1301 893 1333 immolantes,
916 1306 944 1328 et
964 1309 1008 1329 su-

215 1350 290 1374 ment
312 1345 386 1377 inde,
411 1348 439 1372 et
469 1349 589 1380 coquent
613 1345 640 1372 in
669 1345 720 1373 eis.
741 1355 750 1372 ι
782 1345 871 1374 Oblati
896 1347 1006 1382 quidem

216 1391 332 1422 lebetes.
359 1389 449 1417 sancti
475 1393 568 1419 erunt,
586 1394 680 1425 utpote
701 1390 785 1418 oblati
817 1391 845 1418 in
871 1396 1010 1426 posterum

218 1436 286 1465 Deo.
315 1434 501 1464 Commoditas
534 1443 598 1463 vero
626 1435 690 1463 hinc
726 1436 778 1464 erit
809 1437 1012 1465 adducentibus

215 1482 355 1513 victimas.
370 1481 476 1516 copiam
499 1480 615 1508 habendi
633 1481 679 1508 ubi
694 1489 815 1517 coquere
827 1486 964 1518 oporteat.
984 1488 1012 1511 et

217 1526 354 1556 sacriﬁcia
364 1525 494 1554 decenter
510 1525 650 1561 perﬁcere.
672 1526 767 1554 Nonne
780 1527 853 1554 enim
875 1527 902 1555 in
921 1528 1011 1564 primo

216 1573 374 1611 Regnorum
386 1572 427 1601 sic
439 1572 559 1608 loquitur
572 1572 665 1600 divina
688 1572 842 1609 Scriptura,
857 1573 922 1601 dum
946 1581 1011 1602 nar-
1024 1573 1046 1601 (Ξ

217 1625 262 1650 rat
275 1620 396 1649 ﬁliorum
411 1619 470 1647 Heli
485 1619 656 1654 iniquitatem
665 1619 678 1646 ί
690 1627 787 1654 nempe
799 1620 873 1656 quod
887 1620 1014 1648 veniebat

218 1674 288 1704 puer
309 1665 473 1697 sacerdotis,
497 1663 662 1692 fuscinulam
690 1665 837 1693 tridentem
857 1665 961 1694 habens
985 1667 1013 1693 in

219 1718 303 1739 manu
319 1717 380 1743 sua,
397 1709 576 1743 mittebatque
594 1708 760 1736 fuscinulam
783 1708 811 1736 in
827 1709 942 1737 lebetem
962 1717 1011 1738 seu

219 1755 353 1783 cacabum
384 1761 433 1783 seu
458 1754 625 1786 caldariam;
649 1758 678 1782 et
706 1761 787 1782 omne
807 1755 880 1789 quod
908 1755 1014 1783 levabat

220 1800 374 1833 luscinula,
399 1799 511 1827 tollebat
524 1798 655 1827 sacerdos
675 1799 728 1826 sibi
740 1799 775 1827 ⁸³.
805 1798 869 1826 Vult
883 1807 949 1835 ergo
966 1799 1011 1827 di-

221 1854 293 1881 cere,
313 1845 538 1875 convenientibus
565 1845 599 1872 ad
619 1844 666 1872 Dei
689 1845 793 1872 cultum
818 1845 845 1872 in
866 1846 933 1872 urbe
951 1844 1011 1873 Ilie-

221 1893 340 1922 rusalem
363 1892 471 1927 copiam
496 1891 555 1919 fore
587 1890 716 1922 Iebetum,
743 1890 845 1926 quibus
867 1898 938 1926 opus
957 1895 1016 1918 erat

222 1939 289 1975 ipsis
301 1937 335 1966 ad
348 1937 512 1973 explendum
535 1937 735 1965 sacriﬁciorum
749 1937 842 1964 ritum.
857 1936 904 1964 His
917 1935 993 1964 addit
1005 1945 1013 1965 ε

225 1995 235 2011 ι
249 1985 283 2012 Ει
297 1992 352 2012 non
371 1984 424 2011 erit
442 1982 618 2011 Chananeus
631 1983 747 2010 ulterius
760 1983 789 2010 in
810 1982 892 2011 domo
908 1981 1014 2010 Domini

221 2029 418 2065 omnipotentis
439 2029 484 2057 die
499 2029 555 2057 illa.
571 2039 582 2055 ι
602 2028 672 2062 Quia
686 2028 803 2056 infames
818 2032 897 2056 erant
913 2027 1016 2055 Chana-

223 2076 275 2105 na:i
308 2076 344 2104 ob
372 2075 600 2110 irreligiositatem
635 2082 798 2109 morumque
827 2074 1012 2110 pravitatem,

223 2122 313 2151 innuit
333 2121 374 2149 sic
394 2122 526 2157 propheta
544 2121 681 2149 desituros
702 2121 831 2157 deinceps
848 2125 964 2149 cunctos
979 2121 1014 2149 de

222 2168 324 2205 populo
335 2167 486 2196 Israelitico
504 2167 539 2195 ab
552 2167 692 2202 impietate
706 2172 753 2195 aut
766 2167 888 2203 qualibet
906 2174 1013 2195 morum

223 2214 340 2248 malitia,
356 2213 499 2242 eventibus
517 2213 585 2249 ipsis
602 2213 691 2241 edocti
705 2217 838 2248 quantum
859 2213 962 2241 bonum
978 2213 1014 2241 sit

223 2260 313 2297 pietas
326 2263 354 2287 et
367 2259 475 2287 virtutis
491 2258 623 2286 studium.
651 2257 696 2285 Sic
716 2258 799 2286 etiam
816 2258 912 2286 beatus
926 2258 1012 2287 Oseas
1028 2252 1050 2280 D

223 2306 265 2334 ait
281 2306 322 2333 "2
337 2313 346 2330 ι
360 2303 499 2333 Chanaan,
510 2302 538 2330 in
548 2310 630 2331 manu
647 2304 708 2338 ejus
726 2308 828 2332 statera
848 2304 1012 2340 iniquitatis,

225 2352 383 2389 opprimere
402 2354 584 2387 praepotenter
595 2350 699 2378 dilexit.
716 2349 842 2385 Dixitque
860 2349 989 2386 Ephraim
1005 2361 1011 2380 :

229 2398 424 2427 Verumtamen
443 2397 519 2426 dives
544 2396 633 2425 factus
656 2403 728 2430 sum,
747 2397 839 2424 inveni
859 2397 924 2424 mihi
942 2398 1014 2425 sola-

224 2446 313 2475 tium.
346 2455 356 2472 ι
385 2444 496 2475 Scilicet
520 2445 736 2474 Chananaaorum
780 2443 892 2471 nomine
909 2443 1015 2472 Israeli-

226 2497 270 2522 ωε
293 2493 356 2521 illos
375 2492 494 2529 appellat
513 2491 562 2528 qui
582 2490 680 2519 illicita
705 2491 831 2528 agebant,
849 2491 1014 2520 Chananaeo-

226 2546 290 2567 rum
302 2545 393 2567 mores
405 2538 559 2567 imitantes.

1094 1211 1266 1247 Στίχ.ια’.-‹
1272 1212 1327 1239 Καὶ
1333 1211 1408 1239 ἔσται
1416 1212 1469 1243 πᾶς
1475 1210 1574 1247 ὁλέϐης
1580 1211 1608 1237 έν
1617 1209 1700 1244 Ὶερου
1704 1208 1770 1242 σαλὴ
1774 1217 1794 1243 μ
1802 1207 1850 1234 καὶ

1060 1259 1089 1286 ἐν
1097 1257 1136 1294 τῷ
1148 1257 1232 1293 Ἰούδᾳ
1243 1257 1320 1291 ἅγιος
1327 1256 1366 1292 τῷ
1377 1257 1472 1292 Κυρίῳ
1480 1255 1689 1291 παντοκράτορι’
1701 1255 1748 1282 καὶ
1756 1255 1851 1290 ἥξουσι

1061 1304 1161 1334 πάντες
1176 1303 1199 1329 οἱ
1221 1301 1393 1333 θυσιάζοντες
1404 1321 1412 1333 ,
1428 1301 1474 1328 καὶ
1494 1301 1624 1336 λήψονται
1639 1300 1668 1334 ἐξ
1684 1299 1784 1331 αὐτῶν,
1799 1299 1848 1326 καὶ

1061 1349 1207 1383 έψήσουσιν
1220 1348 1249 1374 ὲν
1265 1348 1366 1379 αὐτοῖς.
1388 1357 1398 1373 ι
1415 1347 1447 1374 Οἱ
1462 1347 1511 1382 μὲν
1530 1347 1584 1382 γάρ
1600 1345 1848 1381 προσκομισθέντες

1062 1394 1184 1428 λέϐητες,
1201 1393 1295 1428 φησὶν,
1309 1392 1381 1430 ᾃγιοι
1393 1391 1561 1424 ἐσονται,ἃτε
1576 1390 1749 1425 ἀνακείμενοι
1759 1389 1851 1416 λοιπὸν

1060 1439 1100 1475 τῷ
1114 1439 1188 1474 Θεῷ·
1203 1438 1319 1473 ἀφθονία
1335 1439 1364 1466 δὲ
1380 1437 1506 1465 ἐντεῦθεν
1519 1437 1595 1464 ἔσται
1609 1438 1665 1469 τοῖς
1682 1437 1849 1472 προσάγουσι

1061 1485 1110 1517 τὰς
1133 1484 1282 1517 θυσιάσεις,
1299 1484 1338 1520 τῷ
1364 1483 1437 1519 ἔχειν
1458 1483 1519 1510 ὅποι
1535 1483 1674 1519 προσῆκεν
1697 1482 1852 1518 ἑψήσαντας

1061 1531 1095 1559 τὰ
1115 1531 1169 1558 τῶν
1190 1531 1291 1558 θυσιῶν
1314 1530 1458 1566 πληρῶσαι
1480 1530 1511 1556 τὺ
1535 1529 1640 1565 πρέπον
1655 1537 1662 1543 ·
1685 1529 1702 1564 ἢ
1727 1528 1781 1564 γὰρ
1801 1527 1852 1562 οὐχ

1062 1578 1148 1610 οὕτως
1160 1579 1188 1605 ἐν
1202 1579 1236 1613 τῇ
1250 1577 1345 1614 πρώτῃ
1355 1577 1408 1604 τῶν
1416 1576 1564 1604 Βασιλειῶν
1574 1577 1591 1611 ἡ
1600 1575 1660 1602 θεία
1670 1575 1744 1610 λέγει
1756 1575 1775 1601 Γ
1778 1574 1851 1610 ραφὴ

1062 1623 1228 1660 διηγουμένη
1251 1623 1305 1650 τῶν
1319 1623 1385 1650 υἱῶν
1408 1623 1467 1650 Ἠλὶ
1480 1622 1529 1658 τὴν
1546 1621 1735 1658 παρανομίαν;
1747 1621 1788 1647 ὃτι
1801 1621 1853 1656 ἧρ-

1064 1678 1127 1705 χετο
1135 1670 1166 1697 τὸ
1180 1669 1321 1706 παιδάριον
1336 1669 1382 1696 τοῦ
1400 1669 1494 1703 ἱερέως
1512 1668 1550 1700 ὡς
1562 1668 1595 1695 ἂν
1607 1666 1698 1703 ἡψήθη
1714 1667 1746 1693 τὸ
1757 1666 1851 1702 κρέας,

1065 1717 1113 1744 καὶ
1135 1716 1259 1753 κρεάγρα
1277 1715 1398 1751 τριόδους
1411 1717 1440 1742 ὲν
1456 1716 1490 1750 τῇ
1505 1715 1577 1751 χειρὶ
1591 1713 1685 1745 αὑτοῦ,
1700 1713 1747 1741 καὶ
1762 1712 1852 1740 καθίει

1064 1762 1149 1797 αὐτὴν
1165 1763 1204 1794 εἰς
1220 1762 1266 1788 τὸν
1280 1761 1419 1796 λέϐητα,ἢ
1444 1761 1483 1792 εἰς
1509 1760 1559 1795 τὴν
1585 1759 1699 1795 χύτραν,
1721 1759 1738 1794 ἦ
1767 1759 1807 1790 είς
1821 1758 1853 1784 τὸ

1064 1807 1176 1842 χαλκίον
1188 1815 1196 1823 ⁸
1208 1807 1254 1834 καὶ
1270 1808 1324 1834 πᾶν
1340 1807 1354 1832 ὃ
1373 1806 1512 1833 ἀνέϐαινεν
1532 1806 1560 1832 ὲν
1574 1807 1608 1841 τῇ
1627 1805 1752 1840 κρεάγρᾳ⁴
1771 1804 1854 1839 ἐλάμ-

1064 1853 1144 1879 ϐανεν
1171 1851 1260 1887 ἑαυτῷ
1284 1852 1299 1878 ὁ
1314 1851 1422 1887 ίερεύς;
1439 1850 1524 1878 Τοῦτο
1541 1848 1589 1877 οὖν
1602 1851 1688 1876 εἰπεῖν
1703 1849 1852 1884 ἠϐουλήθη,

1065 1899 1106 1925 ὄτι
1123 1897 1237 1933 ἀφθονία
1249 1897 1342 1924 λοιπὸν
1357 1898 1416 1928 τοῖς
1441 1897 1487 1923 ἐπὶ
1500 1897 1534 1932 τῇ
1557 1895 1691 1930 θεραπείᾳ
1713 1893 1760 1921 τοῦ
1782 1894 1852 1921 Θεοῦ

1066 1942 1186 1970 συνιοῦσι
1201 1943 1240 1974 εἰς
1254 1942 1304 1977 τὴν
1325 1941 1502 1977 Ἰερουσαλὴμ
1516 1940 1592 1967 ἔσται
1607 1940 1739 1976 λεϐήτων,
1759 1940 1788 1965 ὲν
1811 1937 1852 1970 οἷς

1065 1988 1204 2024 προσῆκεν
1218 1988 1315 2019 αὐτοὺς
1328 1988 1377 2024 τὴν
1391 1987 1437 2014 ἐπὶ
1451 1988 1510 2019 ταῖς
1523 1986 1628 2018 θυσίαις
1642 1985 1735 2022 χρείαν
1749 1985 1853 2012 ἑαυτῶν

1066 2034 1229 2070 ἐκπληροῦν.
1257 2033 1368 2066 Τούτοις
1384 2033 1483 2067 ὲπάγει
1494 2041 1501 2048 ·
1519 2041 1528 2058 α
1543 2032 1598 2059 Καὶ
1616 2032 1666 2058 οὐκ
1688 2031 1747 2058 ἐστι
1762 2031 1854 2058 Χαναρ

1066 2081 1138 2112 ναίος
1153 2079 1194 2107 ἔτι
1203 2080 1231 2106 ὲν
1242 2079 1280 2115 τῷ
1292 2079 1359 2115 οἴκῳ
1371 2079 1473 2114 Κυρίου
1488 2077 1718 2114 παντοκράτορος,
1734 2077 1773 2112 (p.
1787 2076 1852 2111 556)

1065 2127 1096 2153 έν
1113 2127 1147 2162 τῇ
1163 2125 1256 2162 ἡμέρα
1269 2125 1371 2161 ὲκείνῃ.
1383 2133 1394 2150 ι
1417 2123 1526 2159 Ἐπειδὴ
1540 2122 1748 2158 ὲπιϐεϐλημένοι
1762 2122 1852 2148 Χανα-

1065 2173 1135 2199 νατοι
1151 2171 1196 2198 τὸν
1208 2171 1309 2207 τρόπον
1324 2168 1394 2206 ἦσαν
1413 2170 1459 2196 ὲπί
1475 2178 1506 2197 τε
1526 2169 1639 2204 ἀσεϐείᾳ.
1658 2168 1705 2194 ἐπί
1724 2176 1752 2195 τε
1778 2167 1852 2202 ὴθῶν

1068 2215 1214 2251 μοχθηρίᾳ,
1227 2214 1307 2241 τοῦτο
1325 2214 1447 2250 βούλεται
1464 2213 1606 2246 είπείν,ὃτι
1622 2212 1772 2240 παύσονται
1784 2212 1853 2240 πάν-

1063 2270 1109 2294 τες
1118 2261 1210 2288 λοιπὸν
1226 2262 1250 2288 οί
1271 2261 1319 2288 τοῦ
1341 2260 1449 2297 Ἰσραὴλ
1461 2260 1509 2287 τοῦ
1528 2259 1595 2296 πρὸς
1618 2259 1745 2286 ἀσέϐειαν
1761 2259 1778 2295 ἦ
1792 2268 1852 2286 τινα

1067 2308 1219 2344 μοχθηρίαν
1241 2307 1330 2334 νεύειν
1351 2306 1434 2342 ὴθῶν,
1451 2306 1480 2340 ὲξ
1494 2305 1583 2334 αὐτῶν
1599 2305 1786 2340 δεδιδαγμένοι
1797 2304 1853 2332 τῶν

1065 2353 1236 2390 πραγμάτων
1255 2353 1347 2388 ἡλίκον
1372 2353 1474 2388 ἀγαθὸν
1488 2352 1628 2384 εὐσεϐείας
1643 2359 1673 2378 τε
1689 2352 1737 2378 καὶ
1753 2352 1853 2387 ἀρετῆς

1066 2399 1306 2435 έπιμέλεια.οῦτω
1320 2399 1367 2426 καὶ
1380 2400 1395 2426 ὸ
1411 2399 1545 2434 μακάριος
1567 2398 1645 2433 Ὠσηὲ
1664 2396 1754 2432 λέγει·
1768 2405 1776 2422 ι
1797 2397 1853 2424 Χα-

1065 2446 1132 2473 ναὰν
1142 2465 1150 2478 ,
1160 2446 1189 2472 ὲν
1205 2446 1239 2481 τῇ
1264 2444 1336 2480 χειρὶ
1361 2443 1444 2472 αὐτοῦ
1468 2443 1550 2478 ζυγὸς
1568 2442 1684 2474 ἀδικίας,
1699 2442 1854 2469 καταδυνα-

1067 2490 1172 2518 στεύειν
1185 2491 1326 2526 ἠγάπησεο
1344 2491 1391 2518 καὶ
1407 2488 1484 2518 εἶπεν
1505 2488 1635 2525 Ἐφραῒμ,
1650 2488 1724 2524 Πλὴν
1739 2487 1856 2514 πεπλού-

1066 2545 1149 2573 τηκα,
1168 2536 1276 2572 εὕρηκα
1293 2536 1434 2572 ἀναψυχὴν
1450 2534 1576 2571 ἐμαυτῷ·
1599 2544 1608 2561 ι
1624 2535 1658 2570 τῇ
1672 2533 1727 2560 τῶν
1743 2532 1854 2560 Χαναὰν

226 2584 413 2622 προσηγορίᾳ,
437 2584 502 2617 τοὺς
527 2583 694 2621 Ἰσραηλίτας
709 2583 740 2611 τὸ
766 2583 803 2620 μὴ
821 2582 881 2611 δέον
901 2583 1150 2620 διαπραττομένους
1174 2582 1309 2616 καλέσας,
1338 2582 1376 2615 ὡς
1391 2582 1425 2609 ἂν
1436 2581 1482 2608 τὸν
1507 2580 1621 2609 ἐκείνων
1648 2579 1749 2616 τρόπον
1769 2588 1854 2615 μεμιυ

231 2630 382 2666 μημινουςι

266 2718 291 2736 ⁸·
303 2716 314 2746 l
325 2717 392 2755 Reg.
407 2724 437 2752 ιι,
453 2717 498 2747 t3.
536 2718 560 2734 "
573 2717 696 2751 Oscam,
714 2717 742 2745 7.
