1983 3072
171 145 227 176 597
629 154 905 184 COMMENTARIUS
923 156 956 185 IN
977 157 1166 186 MALACIIIA‘J
1186 159 1262 189 CAP.
1283 159 1305 188 Ι.

1572 244 1782 252 —_—_

629 154 905 184 COMMENTARIUS
923 156 956 185 IN,
977 157 1166 186 ιιλιιΑοιιιΑς
1186 159 1262 189 CAP.
1283 159 1305 188 Ι.

179 227 1569 249 ..Ἥ-Ἢ

408 306 688 351 ΕΡΜΗΝΕΙΛ
731 311 1025 354 ΜΑΛΑΧΙΟΥ
1079 313 1193 357 ΤΟΥ
1236 314 1556 361 ΠΡΟΦΗΤΟΥ.

169 526 739 595 COMMENTARIUS
773 540 841 595 IN
876 539 1300 596 MALACHIAM
1333 496 1660 597 PROPHET
1666 545 1788 599 AM.

204 715 267 742 Τῶν
289 717 434 765 μακαρίων
446 722 594 757 προφητῶν
617 723 742 759 Ἀγγαίου
756 735 784 753 τε
801 728 848 754 καὶ
862 727 952 763 Ζαχα-

1038 728 1119 764 363
1135 728 1204 756 Cum
1226 728 1297 756 beati
1314 729 1451 765 prophetaa
1466 729 1581 764 Aggzeus
1597 736 1629 756 ac
1647 722 1794 756 Zacharias

167 759 229 795 pinu
256 761 325 796 μετὰ
352 762 400 798 τὴν
424 764 478 791 ἀπὸ
505 766 665 802 Βαϐυλῶνος
681 771 808 798 ἐπάνοδον
823 773 868 799 τοῦ
889 759 953 800 λαοῦ

166 805 240 851 κατὰ
270 806 343 833 θείαν
376 812 622 845 προφητευσάντων
650 815 806 850 ἐνέργειαν,
829 818 955 851 ’.Δγγαῖος

167 850 221 885 μὲν
233 852 247 878 ὁ
258 852 394 889 μακάριος
415 856 480 891 περί
501 865 530 883 τε
550 858 599 893 τῆς
615 861 681 887 ναοῦ
696 862 841 897 οἰκοδομῆς
857 850 953 890 διείλε-

166 898 367 946 aeneam},
384 901 431 927 καὶ
449 901 480 938 δὴ
501 904 548 930 καὶ
562 905 616 932 τῶν
631 908 694 943 περὶ
719 908 763 934 τὸν
781 909 841 943 Γὼγ
858 911 954 946 μηνύει

167 943 217 979 τὴν
230 944 384 972 ἀπώλειαν·
404 949 418 974 ὁ
430 947 458 974 δὲ
474 951 608 986 μακάριος
622 953 759 989 Ζαχαρίας
768 943 897 983 ταῦτά-τε
909 956 954 984 λέ-

167 997 228 1037 γει,
242 991 397 1035 προστιίιεὶς
410 994 459 1020 καὶ
480 995 514 1021 τὰ
525 996 594 1024 κατὰ
605 998 668 1029 τοὺς
682 1000 874 1033 Μακκαὸαίους
885 1003 955 1037 μετὰ

166 1034 254 1083 πολίιν
268 1034 397 1071 γεγονότα
413 1039 459 1066 τὸν
472 1041 576 1076 χρόνον,
593 1044 639 1070 καὶ
655 1044 686 1079 δὴ
710 1046 756 1072 καὶ
770 1034 954 1083 ἀποκαλέψεις

166 1081 269 1113 πολλὰς
287 1084 335 1110 καὶ
354 1083 499 1121 διαφόρους
517 1088 663 1119 ἐκτίθεται,
679 1091 712 1116 δι’
727 1088 763 1117 ὧν
778 1092 808 1118 τό
822 1101 850 1119 τε
870 1081 955 1120 ποικί-

163 1127 213 1154 λον
225 1128 275 1163 τῆς
297 1130 360 1164 περὶ
377 1131 475 1164 αὐτοὺς
489 1133 650 1169 εὐεργεσίας
667 1136 783 1171 ἐδήλωσε
801 1138 847 1164 τοῦ
876 1139 952 1172 Θεοῦ,

166 1173 217 1219 καλ
245 1174 420 1203 διδασκαλίαν
439 1179 602 1215 παρέσχετο,
624 1181 763 1219 θεοσεϐείᾳ
783 1193 812 1210 τε
828 1186 875 1212 καὶ
898 1187 955 1213 ἐπι-

166 1217 266 1254 μελείᾳ
279 1219 337 1254 βίον
356 1223 504 1257 προσάγειν
519 1225 618 1257 αὐτοὺς
636 1217 785 1263 δυναμένην
800 1230 953 1266 αὐτάρκως.

166 1264 208 1298 (p.
224 1265 288 1300 557)
314 1266 422 1303 Ἐπειδὴ
437 1268 465 1295 δὲ
488 1270 538 1305 τῆς
558 1270 633 1303 Θείας
651 1274 778 1308 προνοίας
795 1264 954 1309 ἀξιωθέντες

169 1309 305 1341 Ἰουδαῖοι,
331 1313 378 1339 καὶ
404 1315 454 1349 τῆς
470 1316 525 1342 ἀπὸ
542 1317 700 1351 Βαϐυλῶνος
716 1320 857 1354 ἐπανόδου,
878 1322 954 1349 πλεί-

166 1363 240 1403 στων
262 1365 291 1403 τε
310 1358 381 1385 ὅσων
408 1362 589 1396 τετυχηκότες
609 1363 729 1398 ἀγαθῶν,
745 1366 791 1393 καὶ
810 1366 842 1403 δὴ
859 1368 906 1395 καὶ
925 1369 954 1395 ὲν

1003 779 1066 810 post
1077 774 1169 810 populi
1184 774 1321 809 Babylone
1340 775 1456 802 reditum
1472 775 1565 802 divino
1586 774 1716 801 instinctu
1735 781 1797 808 pro—

1005 821 1157 856 phetnrent,
1175 821 1384 855 beatusquidem
1399 821 1513 856 Aggmns
1529 820 1661 855 delcmpli
1673 819 1792 847 aediﬁca-

1004 867 1079 894 tione
1094 867 1224 895 disseruit
1246 874 1308 893 cum
1329 867 1438 902 populo,
1454 871 1481 894 et
1500 867 1566 901 ὒοεί
1581 867 1662 893 etiam
1677 866 1790 893 exitium

1004 912 1146 948 praedixit;
1175 912 1270 939 beatus
1295 916 1385 940 autem
1412 911 1560 939 Zacharias
1595 911 1690 940 eadem
1712 912 1791 943 dixit,

1003 958 1118 992 adjectis
1141 958 1223 985 etiam
1253 958 1484 986 Macchabaeorum
1511 959 1592 986 rebus
1618 966 1678 993 qua:
1706 959 1791 984 multo

1003 1008 1126 1038 tempore
1150 1007 1212 1038 post
1228 1010 1378 1032 evenerunt
1394 1013 1400 1031 :
1418 1009 1474 1031 tum
1492 1008 1518 1031 et
1541 1005 1640 1031 nmltas
1655 1005 1792 1032 diversas—

1003 1057 1056 1085 que
1081 1050 1262 1077 revelationes
1287 1050 1401 1081 addidit,
1426 1051 1525 1086 quibus
1546 1054 1573 1078 et
1597 1050 1791 1078 beneﬁciorum

1006 1097 1050 1124 Dei
1072 1104 1136 1131 erga
1159 1095 1268 1124 Judaaos
1286 1097 1442 1124 varietatem
1459 1097 1618 1128 declaravit,
1639 1101 1668 1123 et
1687 1096 1790 1123 doctri-

1003 1149 1066 1169 nam
1096 1141 1208 1169 tradidit
1242 1142 1414 1169 admovendo
1441 1142 1505 1169 illos
1540 1142 1665 1169 idoneam
1699 1142 1792 1176 pietati

1005 1195 1165 1222 morumque
1188 1187 1328 1222 probitati.
1355 1187 1407 1215 Sed
1430 1188 1493 1223 quia
1511 1187 1630 1214 divinam
1651 1188 1791 1222 providen-

1004 1232 1069 1259 tiam
1095 1233 1186 1269 adepti
1201 1232 1287 1260 Judaei
1305 1241 1354 1261 nec
1380 1241 1434 1260 non
1458 1233 1596 1269 Babylone
1618 1233 1744 1266 reditum,
1763 1238 1791 1260 ct

1002 1279 1121 1314 plurima
1150 1280 1213 1306 (lein
1237 1279 1308 1306 bona
1326 1280 1480 1312 consecuti,
1504 1280 1643 1315 multaque
1670 1279 1791 1306 fruentes

1003 1325 1144 1357 felicitate,
1165 1324 1238 1352 haud
1259 1326 1328 1352 bene
1348 1325 1399 1352 hoc
1415 1326 1512 1353 solatio
1529 1329 1593 1353 sunt
1614 1326 1676 1359 usi;
1698 1333 1791 1354 sacer-

1005 1371 1115 1398 dotibus
1134 1370 1263 1397 nimirum
1282 1378 1318 1398 ac
1338 1371 1437 1405 populo
1456 1371 1585 1399 universo
1601 1375 1739 1406 peccante,
1754 1370 1791 1398 ita

162 1400 305 1438 εὐπραγίᾳ
329 1406 515 1438 καταστάντες
540 1407 634 1444 πολλῇ,
655 1411 704 1437 οὐκ
731 1413 772 1444 είς
788 1400 846 1439 δέον
870 1414 952 1449 ἐχρή-

1005 1420 1034 1443 ut
1050 1423 1083 1444 ne
1095 1419 1196 1443 statuta
1211 1415 1322 1450 quidem
1347 1415 1482 1443 sacriﬁcia
1498 1400 1694 1444 convenienter
1715 1416 1790 1443 face-

167 1455 251 1474 σαντο
266 1449 299 1484 τῇ
321 1449 422 1483 ἀνέσει,
441 1451 476 1478 τὰ
495 1453 543 1487 μὲν
557 1454 611 1481 τῶν
631 1456 786 1491 ίερέων,τὰ
798 1458 826 1485 δὲ
844 1460 890 1485 καὶ
905 1459 951 1486 τοῦ

164 1491 233 1539 λαοῦ
248 1493 471 1530 πλημμελοῦντος
488 1499 597 1532 παντὸς,
615 1501 653 1532 ὡς
669 1503 716 1529 καὶ
730 1502 779 1534 τὰς
790 1504 860 1530 κατὰ
872 1505 954 1539 νόμον

162 1538 324 1574 ὡρισμένας
335 1541 430 1574 θυσίας
439 1544 476 1578 μὴ
487 1545 555 1579 μετὰ
569 1546 616 1573 τοῦ
629 1548 811 1583 προσήκοντος
823 1538 952 1582 ἐκτελεῖν,

167 1583 325 1618 ἀναγκαίως
344 1588 358 1613 ὁ
381 1588 476 1623 παρὼν
504 1591 594 1618 οὑτοσὶ
618 1594 761 1630 προφήτης
785 1596 854 1622 κατὰ
879 1596 953 1624 θείαν

165 1630 307 1676 ενέργειαν
323 1633 369 1659 ἐπὶ
387 1634 466 1661 τοῦτο
480 1637 654 1673 προϐληθεὶς,
668 1640 774 1675 ἐλέγχει
792 1641 841 1676 μὲν
852 1642 907 1669 τῶν
923 1652 953 1669 τε

164 1675 263 1711 Ξερέων
286 1677 396 1705 καὶτοῦ
418 1679 483 1708 λαοῦ
506 1682 556 1714 τὰς
579 1684 778 1720 πλημμελείας,
793 1675 827 1719 ἃς
852 1688 952 1720 αἵτινές

165 1722 247 1755 εἰσιν,
260 1723 290 1755 ἐξ
301 1725 392 1752 αὐτῶν
401 1727 455 1754 τῶν
467 1730 668 1765 γεγραμμένων
688 1732 799 1767 ἄμεινον
815 1733 896 1768 μάθοι
910 1743 952 1766 τις

240 1770 336 1805 μηνύει
357 1771 387 1799 δὲ
409 1773 456 1800 καί
480 1783 541 1801 τινα
558 1776 612 1802 τῶν
640 1778 786 1813 ἐσομένων.
807 1779 911 1815 Ὄνομα
924 1781 951 1807 δὲ

165 1813 206 1849 τῷ
218 1817 354 1855 προφήτῃ,
367 1819 437 1846 κατὰ
453 1820 501 1855 μὲν
517 1822 566 1857 τὴν
586 1822 718 1859 Ἐλλήνων
741 1813 953 1861 γλῶττανξἊγ-

1003 1466 1081 1489 rent:
1108 1461 1265 1489 necessario
1289 1462 1334 1488 hic
1349 1465 1442 1489 noster
1466 1461 1597 1497 propheta
1619 1462 1709 1489 divina
1725 1469 1791 1497 ope-

1004 1509 1111 1535 ratione
1138 1508 1172 1534 ad
1190 1508 1242 1535 hoc
1265 1508 1378 1539 electus.
1399 1508 1571 1535 sacerdotum
1592 1509 1693 1543 pariter
1710 1512 1792 1543 atque

1005 1553 1097 1588 populi
1122 1558 1231 1588 peccata
1257 1554 1413 1589 redarguit:
1430 1561 1490 1589 qua:
1511 1553 1665 1589 cujusmodi
1679 1554 1789 1587 fuerint.

1005 1607 1037 1626 ex
1053 1599 1120 1634 ipsis
1140 1599 1250 1634 scriptis
1273 1600 1371 1627 melius
1391 1600 1525 1635 quispiam
1541 1604 1696 1635 cognoscet.
1712 1599 1792 1633 Quae-

1005 1643 1067 1671 dam
1087 1644 1167 1671 etiam
1187 1644 1278 1670 futura
1294 1644 1426 1679 praedicit.
1443 1643 1547 1672 Nomen
1571 1649 1662 1672 autem
1675 1646 1791 1680 prophe-

1005 1695 1039 1717 ta:
1063 1694 1105 1717 est
1121 1689 1278 1717 Graecorum
1296 1690 1405 1724 quidem
1429 1690 1523 1726 lingua
1538 1690 1666 1725 angelus,
1691 1695 1717 1717 at
1739 1689 1791 1717 He-

1005 1735 1138 1762 braeorum
1159 1735 1321 1768 Malachias;
1339 1736 1469 1771 quoniam
1493 1736 1620 1771 angelum
1644 1736 1680 1764 ila
1700 1737 1791 1764 dicere
1820 1764 1822 1768 ,

1005 1782 1093 1809 solent
1113 1781 1229 1810 llebrmi.
1246 1781 1427 1814 Quamobrem
1450 1781 1477 1808 in
1492 1781 1648 1809 Graacorum
1666 1789 1792 1810 sermone

1004 1828 1116 1863 angelus
1141 1828 1294 1863 appellatur
1318 1836 1366 1862 pro
1382 1827 1524 1855 Malachia.
1542 1826 1587 1855 Sic
1602 1831 1691 1855 autem
1706 1827 1790 1855 dicit:

165 1861 262 1909 γελοςρ
284 1863 356 1891 κατὰ
379 1865 409 1892 δὲ
432 1866 480 1902 τὴν
503 1868 655 1904 Ἐὄραίων,
673 1871 834 1907 Μαλαχίαςσ
862 1873 957 1908 ἐπειδὴ
981 1874 1025 1901 τὸν
1038 1861 1248 1908 (imm-bam
1276 1861 1368 1901 καλεῖν
1387 1873 1522 1909 Ἑϐραίοις
1549 1873 1625 1906 ἔθος·
1655 1871 1716 1900 ὅθεν
1743 1875 1791 1902 καὶ

163 1908 301 1946 μταὸολῇ
324 1911 357 1947 τῇ
377 1913 417 1944 εἰς
431 1913 480 1949 τὴν
505 1914 638 1951 Ἐλλήνων
665 1917 789 1951 γλῶτταν
813 1919 927 1953 ἄγγελος
951 1921 1082 1957 κέκληται
1093 1921 1154 1947 ἀντὶ
1164 1920 1316 1956 Μαλαχίου.
1334 1921 1415 1955 Λέγει
1428 1908 1457 1947 δὲ
1469 1920 1570 1953 οὖτως’

494 1960 573 1987 ΚΕΦ.
588 1961 628 1988 A'.

202 1999 277 2036 Στιχ.
298 2004 332 2035 α’,
347 2001 380 2037 β’.
398 2018 432 2023 ——
451 2013 461 2030 ι
484 2004 589 2041 Λῆμμα
616 2007 695 2041 λόγου
723 2009 825 2042 Κυρίου
847 2010 893 2036 ὲπὶ
906 2010 951 2036 τὸν
966 2003 987 2032 C

173 2045 281 2092 :lqpa'hl
293 2047 322 2074 ὲν
337 2049 408 2084 χειρὶ
422 2050 539 2085 ἀγγέλου
554 2052 647 2079 αὐτοῦ.
656 2063 666 2079 ι
680 2054 738 2081 Ἵνα
753 2055 818 2092 εἴπῃ
828 2056 868 2082 ὄτι
882 2056 953 2082 κατὰ

166 2090 244 2118 θείαν
256 2092 397 2128 ἐνέργειαν
409 2095 588 2133 ὲνεπιστεύθη
608 2099 638 2125 τὸ
655 2100 704 2132 τῆς
722 2090 888 2136 προφητείας
908 2102 952 2137 ἕρ-

166 2145 216 2171 γον
232 2138 246 2164 6
261 2138 375 2173 ἄγγελος
386 2141 425 2173 εις
438 2141 548 2178 ἔλεγχον
564 2143 611 2171 τοῦ
638 2143 752 2180 Ἰσραὴλ,
767 2146 860 2182 ἐπειδὴ
876 2149 950 2183 κοινῇ

161 2183 252 2220 ταύτῃ
268 2187 438 2223 προσηγορίᾳ
460 2189 523 2221 τούς
547 2198 576 2216 τε
593 2190 684 2226 ἱερέας
704 2191 752 2218 καὶ
767 2192 813 2219 τὸν
828 2192 891 2220 λαὸν
907 2202 953 2228 ση-

166 2230 275 2265 μαίνειν
287 2231 403 2267 ἧμελλεν
420 2242 427 2249 ·
449 2234 613 2272 Ἰσραηλῖται
629 2237 684 2272 γὰρ
700 2237 816 2270 ἅπαντες
830 2239 953 2274 ἐλέγοντο

165 2276 280 2310 κοινῶς·
298 2276 358 2306 εἶτα
374 2280 442 2314 μετὰ
455 2280 504 2316 τὴν
525 2281 651 2309 εἰωθυῖαν
674 2283 776 2319 ταύτην
792 2286 952 2321 προγραφὴν

166 2323 222 2350 τῶν
237 2325 414 2360 προφητικῶν
436 2326 556 2361 βιϐλίων,
578 2330 689 2364 ἄρχεται
709 2331 762 2357 τῶν
781 2332 888 2359 οἰκείων
908 2333 952 2359 λό-

167 2377 224 2403 γων
239 2371 254 2397 ό
269 2372 412 2408 προφήτης
424 2372 526 2405 οὕτως’
547 2383 556 2399 ι
571 2374 655 2401 Θέσθε
667 2376 694 2402 δὲ
711 2377 757 2403 ἐπὶ
773 2376 823 2409 τὰς
839 2377 952 2413 καρδίας

167 2414 255 2450 ὑμῶν.
277 2425 286 2442 ι
302 2417 441 2444 Κάλλιστα
462 2418 501 2450 ὡς
521 2418 555 2445 ἂν
577 2419 803 2454 παραλελοιπόσιν
825 2421 889 2457 ἄχρι
906 2422 951 2448 τοῦ

165 2460 247 2496 δεῦρο
265 2460 284 2489 ἃ
305 2463 392 2489 ποιεῖν
415 2458 526 2496 αὑτοὺς’
538 2465 677 2500 προσῆκον
695 2464 729 2502 ἦν
748 2476 755 2483 ·
767 2467 874 2494 κελεύει
904 2468 952 2495 νῦν

167 2506 199 2551 τὲ
213 2505 272 2534 δέον
297 2505 328 2535 εὖ
352 2508 522 2543 λογίσασθαι,
550 2511 588 2546 (β.
612 2511 675 2547 558)
696 2513 744 2540 καὶ
762 2515 878 2542 συνιδεῖν
904 2516 952 2551 μὲν

168 2549 240 2586 ἅπερ
256 2551 401 2588 ἔπραττον.
415 2555 561 2591 δοκιμάσαι
577 2557 606 2583 δὲ
630 2557 729 2585 ὁπόσον
744 2559 882 2592 ἐξέϐαινον
904 2549 951 2587 τοῦ

169 2598 363 2634 προσήκοντος,
376 2599 414 2632 ὡς
429 2600 462 2628 ἄν
474 2610 535 2628 τινα
554 2603 601 2629 καὶ
614 2602 757 2638 διόρθωσιν
771 2607 831 2637 ταῖς
848 2606 951 2634 ἑαυτῶν

167 2643 369 2677 προσαγάγοιεν
396 2644 609 2681 πλημμελείαις.
633 2646 699 2675 Εἶτα
724 2650 793 2684 μετὰ
809 2651 860 2686 τὴν
884 2660 952 2687 προ-

167 2687 273 2723 τροπὴν
290 2690 337 2716 καὶ
359 2689 410 2725 τὴν
423 2691 584 2726 παραίνεσιν
600 2693 661 2720 καθ’
672 2694 705 2729 ἢν
723 2695 951 2731 ἐπιμελεστέρους

166 2733 267 2765 αὐτοὺς
280 2735 345 2770 περὶ
360 2735 392 2762 τὺ
401 2735 459 2763 δέον
474 2738 623 2773 εἰργάζετο,
639 2740 754 2774 ἐπάγει·
772 2750 781 2766 ι
807 2742 951 2778 Ἠγάπησα

168 2779 252 2824 ὑμᾶς,
263 2779 338 2815 λέγει
351 2781 460 2817 Κύριος.
472 2792 482 2808 ι
499 2784 598 2816 Καλῶς
610 2785 664 2821 γὰρ
677 2788 733 2818 τοῖς
749 2787 887 2823 ἀγνώμοσι
899 2789 951 2824 πρὸ

166 2822 279 2869 πάντων
293 2825 343 2861 τὴν
361 2826 471 2862 ἀγάπην
484 2828 558 2863 λέγει
571 2829 620 2865 τὴν
635 2831 749 2864 οἰκείαν,
770 2822 869 2860 ὡσανεὶ
883 2822 951 2869 προς

165 2867 272 2905 ταύτην
290 2870 424 2907 κρίνοιντο
437 2873 555 2909 μάλιστα
578 2875 765 2912 ἐλεγχομένοις
776 2879 822 2906 ἐπὶ
835 2881 868 2916 τῇ
882 2867 950 2915 φαυ-

1339 1963 1416 1992 CAP.
1438 1965 1457 1991 1.

1041 2011 1123 2040 Vens.
1146 2013 1172 2044 ‘l,
1188 2013 1215 2039 2.
1230 2027 1264 2032 —
1287 2022 1295 2037 ι
1313 2012 1471 2047 Assumptio
1490 2011 1566 2039 verbi
1586 2011 1691 2040 Domini
1710 2020 1790 2047 super

1001 2057 1129 2086 lsraelem
1147 2057 1173 2085 in
1195 2065 1275 2085 manu
1299 2058 1385 2092 angeli
1404 2058 1500 2093 ipsius.
1517 2067 1526 2083 ι
1553 2056 1583 2086 Id
1598 2061 1640 2086 est
1657 2057 1738 2094 365
1750 2059 1786 2085 di-

1003 2104 1067 2131 vina
1094 2104 1251 2139 operatione
1274 2103 1460 2130 concreditum
1481 2107 1523 2130 est
1546 2104 1695 2138 prophetia:
1721 2112 1790 2139 opus

1004 2150 1109 2185 angelo,
1135 2149 1169 2177 ad
1191 2149 1301 2177 lsraelis
1319 2149 1557 2184 reprehensionem
1574 2160 1580 2178 :
1600 2156 1717 2185 namque
1739 2150 1790 2178 hoc

1003 2196 1113 2223 nomine
1145 2195 1301 2223 sacerdotes
1333 2196 1418 2223 simul
1446 2200 1474 2223 et
1502 2196 1632 2231 populum
1661 2196 1790 2224 denotare

1003 2241 1131 2268 volebat:
1146 2241 1238 2269 (iuncti
1263 2240 1425 2268 dicebantur
1444 2241 1627 2269 communiter
1648 2241 1788 2268 lsraelitae.

1006 2286 1109 2315 Deinde
1127 2291 1189 2322 post
1213 2287 1265 2314 hoc
1279 2287 1389 2315 solitum
1416 2287 1638 2322 propheticorum
1656 2287 1788 2315 librorum

1002 2333 1166 2368 prommium
1179 2340 1226 2360 seu
1240 2333 1363 2365 titulum,
1379 2333 1419 2360 sic
1436 2333 1543 2360 initium
1555 2332 1621 2360 facit
1633 2340 1789 2361 sermonum

1005 2386 1116 2406 suorum
1139 2378 1310 2413 prophetam
1329 2377 1425 2406 Ponite
1449 2378 1476 2405 in
1495 2377 1625 2405 cordibus
1649 2377 1757 2405 vestris.
1776 2386 1786 2403 ι

1004 2425 1116 2460 Egregie
1137 2425 1178 2452 sic
1207 2425 1357 2460 alloquitur
1380 2426 1441 2453 illos
1466 2425 1513 2460 qui
1539 2425 1672 2452 hactenus
1696 2424 1788 2452 debita

1005 2471 1092 2498 cilicia
1105 2471 1291 2506 neglexerant.
1304 2471 1386 2499 Iubet
1400 2479 1464 2507 ergo
1477 2479 1550 2499 nunc
1558 2471 1623 2505 quid
1635 2479 1705 2506 opus
1716 2471 1789 2498 laeto

1005 2517 1041 2545 sit
1055 2518 1186 2553 cogitare,
1205 2521 1232 2545 et
1247 2517 1312 2553 quid
1337 2519 1441 2552 egerint
1455 2517 1640 2550 considerare,
1659 2521 1686 2545 et
1702 2525 1789 2552 quan-

969 2582 991 2610 Β
1006 2568 1061 2589 ιιιιτι
1078 2570 1092 2589 a
1111 2562 1274 2590 rectitudine
1296 2563 1521 2593 exorbitaverint,
1539 2567 1567 2590 ut
1589 2563 1709 2598 aliquam
1726 2570 1789 2598 pec-
1816 2580 1820 2587 .

1005 2611 1129 2634 catorum
1149 2615 1261 2634 suorum
1276 2607 1495 2635 emendationem
1513 2612 1620 2636 curent.
1646 2607 1707 2635 Mox
1727 2612 1788 2643 post.

1005 2654 1151 2688 impulsum
1166 2659 1193 2681 et
1210 2653 1438 2686 adhortationem,
1464 2661 1517 2689 qua
1535 2662 1583 2682 eos
1605 2655 1788 2690 diligentiores

1005 2698 1038 2725 ad
1067 2698 1183 2726 ollicium
1212 2698 1341 2733 reddidit,
1365 2700 1541 2734 prosequitur
1561 2709 1568 2727 :
1588 2709 1597 2726 ι
1615 2700 1698 2727 Dilexi
1727 2707 1787 2732 vos,

1004 2745 1071 2772 dicit
1086 2745 1225 2772 Dominus.
1246 2754 1255 2770 ι
1274 2743 1348 2772 Bene
1368 2745 1482 2780 ingratis
1497 2749 1559 2774 ante
1573 2746 1664 2773 omnia
1684 2753 1788 2773 memo-

1003 2794 1046 2818 rat
1069 2797 1189 2818 amorem
1209 2798 1299 2822 suum.
1318 2794 1348 2817 ut
1370 2791 1432 2818 inde
1440 2791 1607 2827 judicentur,
1625 2792 1658 2819 de
1675 2799 1787 2820 suorum

1005 2843 1110 2863 morum
1130 2837 1263 2871 pravitate
1290 2836 1418 2864 convicti.
1449 2847 1459 2863 ‹
1474 2837 1506 2864 Et
1530 2838 1638 2865 dixistis
1656 2837 1704 2864 :ln
1732 2844 1787 2871 quo

1003 2881 1120 2910 dilexisti
1147 2882 1216 2910 nos?
1233 2893 1242 2908 ι
1260 2882 1340 2918 Atqui
1368 2884 1496 2913 omnibus
1521 2884 1689 2913 cxoloratum
1715 2885 1785 2914 erat.
