1983 3072
752 147 755 150 ·
783 138 956 167 THEODOBI
971 138 1209 167 MOPSUESTENI

1765 136 1816 166 σω

206 199 369 230 quantorum
390 195 457 230 ipsis
472 195 605 223 bonorum
633 201 729 225 auctor
744 199 906 230 exstitisset,
927 199 985 226 sive

1048 197 1126 232 ,ότητι
1140 197 1194 224 τῶν
1205 197 1312 232 τρόπων
1331 197 1384 223 τῶν
1403 195 1522 223 οἰκείων.
1541 204 1551 221 ι
1571 195 1626 222 Καὶ
1647 195 1753 226 εἴπατε,
1773 195 1817 221 Ἐν

206 245 286 268 antea
302 241 397 275 gestis,
414 241 472 269 sive
491 247 584 276 postea
605 250 675 278 saepe
691 252 813 277 numero,
828 245 886 272 sive
904 245 986 272 etiam

209 294 295 321 nuper
323 287 448 321 patratis.
481 287 536 315 Sed
562 296 620 316 mos
645 293 687 317 est
715 288 814 317 divinae
842 289 989 324 Scriptum

209 338 300 358 vocem
323 338 375 366 pro
398 339 427 359 re
453 332 593 364 adhibere,
617 337 644 360 et
668 334 807 361 hominum
831 338 931 362 statum
947 334 988 362 vel

209 376 334 403 all‘ectum
354 385 420 405 voce
435 378 587 413 designare.
603 379 681 406 Velut
708 380 791 407 illud:
807 389 816 404 ι
834 379 966 407 Dixerunt
980 390 986 406 :

208 421 277 457 Quis
290 423 391 451 videbit
402 432 449 452 eos
459 425 501 452 ³⁸⁸2
512 435 521 451 ι
537 425 565 453 id
579 430 632 457 est,
641 426 678 453 ita
692 434 721 453 se
732 427 895 456 habuerunt,
910 426 989 461 quasi

209 477 256 497 eos
278 477 357 497 nemo
373 474 517 506 spectaret.
540 471 622 506 Atqui
648 472 716 498 nihil
744 471 897 506 hujusmodi
918 472 990 499 dixe-

209 519 281 542 rant.
312 514 375 542 ltem
400 526 406 543 ι
430 525 440 542 ι
457 515 527 543 Dixit
561 517 632 544 enim
661 517 687 543 in
716 517 798 544 corde
830 525 880 544 suo
904 516 988 544 :Non

209 559 340 587 movebor
374 567 389 587 a
418 561 591 596 generatione
619 561 646 588 in
675 562 898 596 generationem,
931 561 990 587 sine

211 605 282 632 malo
293 606 328 633 ".
345 615 355 632 ι
386 606 431 633 Sic
454 608 525 634 enim
548 614 609 634 sese
636 607 788 639 habebant,
814 606 892 641 quasi
923 606 990 633 nihil

212 659 332 686 unquam
358 652 421 678 mali
447 656 539 680 essent
560 652 678 687 passuri.
703 652 839 686 Multaque
857 651 990 686 ejusmodi

211 697 274 732 quis
288 697 416 730 inveniet,
433 705 493 733 quae
511 705 674 725 coacervare
694 706 748 725 non
767 698 848 732 hujus
862 698 992 732 temporis

211 747 263 770 est.
283 742 329 770 Sic
348 751 414 779 ergo
432 752 506 771 nunc
528 744 610 771 etiam
635 744 701 771 dicit
716 753 722 771 :
737 753 746 769 ε
763 744 795 770 Et
815 743 923 771 dixistis
943 743 992 770 :In

211 797 266 823 quo
279 789 399 817 dilexisti
413 791 481 818 nos?
500 799 510 817 ι
528 790 612 823 Quasi
634 790 708 817 dicat
723 800 729 816 :
747 791 769 816 Α
789 797 832 817 me
846 789 948 821 dilecti,
965 792 993 816 et

213 835 352 863 beneﬁciis
374 843 445 870 s:epe
466 835 565 867 allecti,
586 836 708 870 improba
725 835 883 870 ingrataque
903 839 993 861 mente

1037 243 1088 269 τίνι
1101 242 1246 277 ἠγάπησας
1257 242 1330 276 ἡμᾶς
1345 250 1352 273 ;
1371 251 1380 266 ι
1401 240 1481 275 δήλου
1502 241 1576 274 παρὰ
1591 241 1657 266 πᾶσι
1673 239 1814 273 τυγχάνον-

1037 297 1082 320 τος
1098 289 1204 314 ὁπόσων
1230 287 1321 318 αὐτοῖς
1345 285 1453 320 ἀγαθῶν
1470 286 1554 317 αἴτιος
1575 285 1705 320 ἐγεγόνει,
1719 284 1774 311 εἴτε
1787 285 1819 310 ὲκ

1037 334 1090 360 τῶν
1119 332 1236 368 πρόσθεν
1261 331 1449 367 ὑπαρξάντων,
1477 332 1531 357 εττε
1556 331 1603 357 καὶ
1632 329 1683 356 τῶν
1706 329 1818 364 ὕστερον

1039 376 1176 408 πολλάκις,
1193 376 1240 402 καὶ
1261 376 1293 410 δὴ
1320 376 1365 402 καὶ
1386 375 1440 401 τῶν
1463 375 1618 410 πρόσφατον
1646 374 1797 408 γεγονότων
1810 381 1817 389 ·

1039 422 1105 449 ἀλλὰ
1120 422 1174 457 γὰρ
1198 422 1257 453 ἔθος
1271 423 1303 457 τῇ
1320 421 1378 456 θείᾳ
1391 421 1486 456 Γραφῇ
1502 420 1551 456 τὴν
1575 420 1665 455 φωνὴν
1685 420 1732 446 ἐπὶ
1748 420 1819 455 πρά-

1039 476 1141 503 γματος
1153 467 1252 501 λέγειν,
1274 467 1320 493 καὶ
1337 466 1385 501 τὴν
1400 466 1453 493 τῶν
1475 474 1502 492 τι
1527 465 1675 492 ποιούντων
1699 465 1819 492 διάθεσιν

1040 515 1114 549 φωνῇ
1130 513 1271 548 σημαίνειν
1281 522 1287 528 ·
1302 510 1358 538 οἷον
1372 512 1402 539 τό
1416 520 1422 527 ·
1442 521 1452 537 ι
1469 509 1550 538 Εἶπον
1562 518 1570 527 ·
1584 511 1632 542 Τίς
1654 511 1747 545 ὖψεται
1768 511 1818 537 αὐ-

1039 557 1118 591 τούς;
1138 567 1147 584 ι
1164 558 1224 584 ἀντὶ
1236 557 1435 589 τοῦ,Διέκειντο
1450 557 1486 588 ὡς
1502 556 1607 587 οὐδενὸς
1623 555 1773 591 ἐφορῶντος
1786 555 1820 581 τὰ

1040 604 1182 639 γινόμενα·
1198 603 1228 629 οὺ
1248 603 1300 638 γὰρ
1311 602 1343 637 δὴ
1358 602 1448 636 ἔλεγον
1460 601 1545 633 οὕτως
1557 609 1564 616 '
1579 602 1635 633 καὶ,
1657 610 1666 627 ι
1687 599 1753 627 Εἷπε
1768 601 1820 635 γὰρ

1041 651 1069 676 ὲν
1081 649 1178 684 καρδίᾳ
1189 648 1281 679 αὑτοῦ,
1296 648 1332 674 Οὐ
1348 648 1385 683 μὴ
1404 647 1524 674 σαλευθῶ
1543 647 1597 674 ἀπὸ
1609 647 1704 681 γενεᾶς
1717 647 1756 677 εἰς
1773 654 1820 679 γε-

1041 693 1103 720 νεὰν
1118 693 1180 720 ἄνευ
1198 692 1298 720 κακοῦ.
1318 700 1327 716 ι
1339 691 1483 723 Διέκειντο,
1498 691 1562 727 γὰρ,
1583 691 1675 726 φησὶν,
1691 691 1728 722 ὡς
1742 690 1821 716 οὐθὲν

1042 738 1238 774 ὑπομενοῦντες
1251 737 1360 763 πώποτε
1372 737 1469 763 κακόν·
1489 736 1537 763 καὶ
1551 736 1635 763 πολλὰ
1653 735 1762 762 τοιαῦτα
1781 735 1821 760 ετ-

1043 793 1088 811 ποι
1098 793 1140 815 τις
1155 783 1198 815 ἂν.
1211 783 1230 810 ἃ
1242 783 1278 818 μὴ
1291 782 1337 809 τοῦ
1348 782 1478 817 παρόντος
1494 782 1552 808 ἐστὶ
1566 781 1704 815 συλλέγειν
1714 779 1821 816 καιροῦ’

1042 830 1127 860 οὕτως
1139 827 1185 855 οὖν
1200 827 1336 855 κάνταῦθα
1348 827 1421 862 λέγει
1437 828 1476 858 τὸ,
1493 837 1501 853 ι
1521 828 1574 854 Καὶ
1587 827 1690 858 εἴπατε,
1715 827 1759 853 Ἐν
1769 826 1822 852 τίνι

213 879 314 912 fuistis,
330 880 407 915 quasi
425 888 474 908 nec
490 889 505 907 a
528 889 570 908 me
583 880 685 911 dilecti,
705 887 791 915 neque
807 879 862 906 ullo
873 886 991 913 unquam

1048 875 1188 910 ὴγάπ-ησας
1215 875 1304 909 mm;
1329 883 1338 899 ι
1357 874 1417 900 rimi
1445 873 1509 907 τοῦ,
1530 872 1729 908 Ἀγαπηθέντες
1757 871 1824 906 παρ’

214 926 344 953 beneﬁcio
357 927 460 954 donati.
484 926 549 954 Dein
573 926 644 953 facta
659 926 735 958 dicit,
752 925 822 952 unde
842 925 869 952 hi
890 932 991 960 cogno.

213 977 289 997 scere
301 974 423 1004 possent,
439 974 541 1005 quanta
555 977 571 996 a
589 969 642 997 Deo
657 970 728 997 bona
741 968 922 1004 accepissent.

1044 923 1122 958 ὲμοῦ,
1146 923 1193 950 καὶ
1217 920 1246 949 εὖ
1274 923 1435 954 πεπονθότες
1461 922 1607 955 πολλάκις,
1626 921 1747 957 μοχθηρᾷ
1776 920 1824 946 καὶ

1044 968 1181 1004 ἀγνώμονι
1202 968 1364 1003 κεχρημένοι
1389 970 1421 1004 τῇ
1442 968 1544 1003 διανοίᾳ
1564 966 1713 997 διέκεισθε,
1736 965 1772 997 ὼς
1789 966 1823 992 ἂν

211 1013 273 1042 οὔτε
289 1016 458 1051 ἠγαπημένοι
475 1017 539 1051 παρ’
561 1015 637 1050 ἐμοῦ,
654 1014 714 1042 οὒτε
731 1014 803 1046 τινὸς
822 1014 999 1049 τετυχηκότες
1015 1013 1123 1041 πώποτε
1139 1012 1250 1048 ἀγαθοῦ.
1283 1012 1328 1049 (p.
1342 1011 1416 1047 559)
1434 1010 1500 1039 Εἶτα
1520 1011 1592 1045 λέγει
1616 1009 1649 1036 τὰ
1673 1009 1824 1046 πράγματα

210 1057 302 1092 ἀφ’ὧν
312 1057 481 1093 ὲξῆναὺτοὺς
499 1059 612 1094 συνορᾷν
633 1058 732 1093 ἡλίκων
756 1055 849 1091 ἔτυχον
872 1056 948 1091 παρὰ
969 1056 1032 1088 τοὺς
1048 1055 1142 1088 ἄλλους
1168 1057 1287 1091 ἀγαθῶν.

246 1099 326 1134 365
344 1098 425 1127 Vens.
446 1099 505 1127 5-5.
524 1115 559 1121 —
581 1109 590 1125 ι
613 1100 707 1128 Nonne
727 1101 811 1128 frater
833 1105 892 1128 erat
908 1099 994 1128 Iacob

214 1144 305 1172 Esau?
323 1145 389 1172 dicit
406 1146 553 1179 Dominus;
569 1150 595 1174 et
612 1152 701 1174 tamen
713 1146 794 1174 dilexi
811 1146 905 1178 Iacob,
923 1146 992 1174 Esau

213 1197 302 1218 autem
318 1192 382 1219 odio
397 1192 488 1220 habui.
507 1193 540 1219 Et
554 1192 635 1219 statui
651 1193 780 1220 terminos
795 1193 854 1226 ejus
872 1193 899 1220 in
913 1192 995 1220 deso-

214 1235 352 1267 lationem,
377 1241 404 1264 et
430 1235 615 1264 hereditatem
639 1237 700 1271 ejus
724 1237 750 1263 iu
769 1236 865 1264 domos
882 1236 994 1264 deserti.

214 1281 282 1313 Quia
298 1281 320 1308 si
336 1281 434 1308 dixerit
454 1291 461 1308 :
480 1281 596 1308 ldumaaa
610 1289 704 1309 eversa
722 1286 774 1314 est,
789 1286 815 1309 et
830 1286 997 1310 revertemur

215 1331 296 1362 atque
313 1327 509 1355 aadiﬁcabimus
523 1327 633 1355 deserta
651 1328 728 1362 ejus:
745 1327 802 1355 haec
815 1328 853 1354 ait
868 1327 997 1355 Dominus

215 1373 388 1407 omnipotens
402 1382 408 1400 :
425 1372 478 1407 lpsi
491 1373 675 1405 rediticabunt,
692 1378 719 1400 et
732 1381 782 1408 ego
801 1373 950 1400 dcstruam.
965 1373 998 1400 Et

214 1418 385 1445 vocabuntur
399 1418 466 1453 ipsis
481 1418 590 1445 termini
609 1419 771 1453 iniquitatis,
785 1424 810 1445 et
822 1419 939 1453 populus
954 1418 998 1445 ad-

215 1472 311 1491 versus
329 1472 408 1498 quem
424 1468 478 1491 stat
495 1465 522 1491 in
536 1464 594 1491 acie
608 1463 741 1491 Dominus
758 1471 844 1498 usque
867 1464 892 1491 ill
907 1471 994 1492 szecuv

1081 1103 1231 1137 Στίχ.γ’-ε’.
1240 1118 1276 1123 ——-
1292 1113 1300 1128 ι
1312 1103 1367 1130 Οὐκ
1377 1102 1487 1137 ἀδελφὸς
1497 1101 1529 1138 ἦν
1542 1102 1625 1129 Ἡσαῦ
1638 1100 1684 1128 τοῦ
1703 1099 1798 1128 ἰακὼὃ
1815 1107 1823 1131 ς

1047 1146 1122 1180 λέγει
1145 1147 1265 1182 Κύριοςθ
1289 1147 1334 1173 καὶ
1363 1147 1493 1182 ἠγάπησα
1520 1147 1564 1173 τὺν
1594 1145 1707 1178 Ἰακὼϐ,
1726 1145 1771 1171 τδν
1793 1144 1823 1170 δὲ

1052 1191 1138 1218 Ἦσαῦ
1153 1192 1287 1228 ἐμίσησα·
1303 1192 1350 1219 καὶ
1365 1192 1446 1225 ἔταξα
1465 1192 1499 1219 τά
1515 1192 1576 1227 ὅρια
1603 1190 1683 1218 αὑτοῦ
1703 1190 1742 1220 εἰς
1753 1189 1824 1223 ἀφα-

1047 1238 1151 1274 νισμὸν,
1168 1238 1215 1264 καὶ
1229 1238 1278 1273 τὴν
1295 1238 1474 1274 κληρονομίαν
1487 1237 1568 1264 αὑτοῦ
1586 1237 1625 1268 είς
1641 1235 1751 1270 δώματα
1763 1234 1825 1269 ἐρή-

1047 1292 1098 1319 μου
1117 1291 1124 1298 ·
1139 1283 1205 1310 διότι
1221 1283 1269 1310 ἐὰν
1276 1283 1350 1319 εἴπῃ,
1362 1278 1593 1318 ἯἹδουμαίαίῦΒ)
1611 1280 1825 1315 κατέστραπται,

1047 1329 1092 1355 καὶ
1115 1328 1312 1363 ἐπιστρέψομεν
1330 1329 1377 1355 καὶ
1392 1327 1636 1362 άνοικοδομήσομεν
1649 1325 1697 1357 τάς
1713 1326 1826 1360 ὴρημυ-

1049 1374 1130 1409 μένας
1151 1374 1245 1409 αὐτῆς,
1260 1373 1323 1400 τάδε
1341 1373 1414 1407 λέγει
1429 1373 1529 1408 Κύριος
1554 1370 1757 1406 παντοκράτωρ,
1773 1371 1826 1396 Αὑ-

1046 1420 1087 1446 τοὶ
1110 1419 1326 1455 οἰκοδομήσουσι,
1341 1418 1388 1445 καὶ
1410 1418 1466 1452 ὲγὼ
1486 1417 1681 1452 καταστρέψω-
1699 1416 1744 1442 καὶ
1767 1416 1827 1441 ὲπι-

1048 1464 1210 1499 κληθήσεται
1238 1464 1328 1495 αὐτοῖς
1350 1463 1411 1498 ὅρια
1439 1462 1563 1497 ἀνομίας,
1587 1461 1634 1489 καὶ
1656 1460 1717 1491 λαὸς
1741 1460 1782 1493 ἐφ’
1798 1459 1827 1485 ὃν

215 1511 281 1538 lum.
297 1510 328 1537 Et
345 1511 415 1538 oculi
431 1511 513 1538 vestri
527 1511 675 1543 videbunt;
693 1515 719 1538 et
734 1517 784 1538 vos
802 1511 897 1538 dicetis
911 1521 917 1538 :
938 1511 992 1538 Ma-

1048 1510 1249 1545 παρατέτακται
1263 1509 1364 1544 Κύριος
1380 1509 1431 1540 ἕως
1457 1508 1553 1539 αἰῶνος
1563 1516 1569 1522 “
1583 1507 1630 1534 καὶ
1653 1507 1677 1533 οί
1696 1505 1829 1540 ὀφθαλμοὶ

215 1555 360 1589 gniﬁcatus
382 1559 424 1582 est
438 1554 572 1582 Dominus
597 1562 678 1589 super
695 1556 826 1582 terminos
845 1554 964 1583 lsraelis.
983 1565 993 1581 ι

216 1600 307 1635 Nuper
323 1600 428 1628 fuerant
444 1601 553 1627 ldtluuei
574 1601 672 1636 puniti,
692 1605 718 1628 et
737 1601 868 1636 plurimas
891 1601 996 1635 experti

216 1645 395 1677 calamitates.
411 1649 522 1680 propter
538 1646 608 1672 mala
624 1645 823 1680 quaelsraelitis
837 1645 995 1677 intulerant,

216 1699 271 1726 quo
289 1694 411 1726 tempore
435 1691 540 1725 Assyrii
563 1691 679 1726 primum
696 1695 722 1718 et
743 1695 836 1725 postea
858 1690 996 1726 Babylonii

217 1737 309 1765 hostes
333 1741 552 1772 supervenerant.
575 1736 687 1772 Jamque
712 1737 769 1764 haec
790 1736 916 1771 praedicta
940 1735 998 1762 fue-

217 1785 280 1808 rant
298 1789 313 1808 a
331 1781 410 1809 beato
426 1781 524 1809 Davide
541 1782 567 1808 in
583 1782 708 1812 Psalmis,
727 1782 772 1809 ubi
788 1781 846 1808 ait:
868 1790 876 1805 ι
896 1779 998 1807 Memor

217 1831 288 1858 esto,
301 1826 425 1857 Domine.
441 1827 557 1854 ﬁliorum
569 1826 663 1858 Edoni,
677 1827 703 1853 in
720 1826 763 1854 die
777 1825 938 1854 Jerusalem.
952 1825 997 1859 qui

218 1872 314 1900 dicunt
339 1882 345 1898 :
370 1872 529 1905 Exinanite,
555 1873 692 1900 exinanite
717 1879 808 1907 usque
834 1871 867 1897 ad
900 1870 998 1897 funda—

219 1922 311 1945 menta
334 1918 404 1952 ejus.
429 1917 497 1945 Filia
523 1918 668 1954 Babylonis
692 1918 792 1945 misera
809 1916 847 1943 "l
868 1925 877 1942 ›
895 1915 999 1948 Quibus

219 1963 309 1990 verbis
321 1964 449 1994 ostendit,
466 1964 629 1999 Babylonios
642 1971 735 1998 poenas
749 1963 874 1995 daturos,
890 1965 1000 1996 propter

220 2009 293 2036 illata
317 2009 445 2037 lsraelitis
470 2009 551 2036 mala.
577 2009 687 2036 ldumaai
711 2009 792 2036 etiam
814 2015 875 2035 cum
896 2007 929 2035 iis
948 2015 999 2041 pu-

220 2054 340 2085 nientur,
360 2055 406 2089 qui
423 2055 448 2082 in
473 2055 621 2090 allligendis
647 2055 775 2082 lsraelitis
797 2055 863 2082 socii
879 2055 999 2089 ipsorum

221 2100 340 2127 fuerunt.
358 2100 429 2128 Idem
446 2105 538 2136 postea
556 2101 717 2136 praedixerat
735 2100 817 2127 etiam
835 2100 928 2127 beatus
944 2099 1000 2126 Ab-

220 2146 280 2173 dias
303 2146 442 2182 propheta.
466 2145 543 2174 Nunc
561 2147 625 2181 quia
645 2146 691 2172 illa
712 2146 814 2173 exitum
840 2145 999 2176 habuerant,

1049 1555 1125 1590 ὐμὼν
1145 1555 1264 1589 ὄψονται.
1288 1555 1334 1582 καὶ
1351 1555 1429 1589 ὑμεῖς
1448 1555 1544 1589 ἐρεῖτε,
1569 1551 1752 1587 Ἐμεγαλύνθη
1777 1551 1830 1577 Κύ-

1050 1610 1106 1636 ριος
1126 1601 1252 1636 ὑπεράνω
1263 1601 1315 1627 τῶν
1339 1601 1418 1636 ὁρίων
1435 1599 1551 1634 Ἰσραήλ.
1565 1608 1573 1624 ι
1589 1598 1745 1633 Πρόσφατον
1760 1594 1830 1631 ἦσαν

1057 1647 1196 1682 Ἰδουμαῖοι
1222 1646 1450 1682 τετιμωρημένοι,
1474 1645 1520 1671 καὶ
1540 1644 1672 1671 πλείστων
1699 1643 1768 1669 ὅσων
1800 1643 1830 1669 ὲν

1050 1693 1133 1729 πείρᾳ
1146 1693 1286 1727 γεγονότες
1300 1692 1392 1719 κακῶν
1401 1712 1408 1724 ,
1422 1692 1490 1727 ὑπὲρ
1505 1687 1541 1717 ὧν
1557 1689 1754 1718 διατεθείκεσαν
1767 1688 1831 1720 τοὺς

1057 1739 1222 1774 Ἰσραηλίτας
1239 1738 1308 1765 κατὰ
1321 1738 1366 1765 τὸν
1379 1737 1474 1772 καιρὸν
1488 1737 1590 1763 ἐκεῖνον
1614 1735 1674 1762 καθ’
1687 1735 1716 1761 ὃν
1734 1733 1830 1761 ’Δσσύ-

1052 1785 1103 1819 ριοί
1115 1793 1144 1810 τε
1164 1784 1254 1816 αὐτοῖς
1271 1783 1401 1819 πρότερον
1415 1784 1461 1809 καὶ
1476 1780 1639 1808 Βαϐυλώνιοι
1660 1780 1728 1815 μετὰ
1753 1778 1832 1805 τοῦτο

1052 1830 1177 1865 ἐπῆλθον.
1187 1830 1279 1856 Ταῦτα
1295 1830 1322 1855 δὲ
1338 1829 1483 1864 προείρητο
1502 1827 1549 1862 μὲν
1561 1826 1600 1862 τῷ
1614 1825 1739 1862 μακαρίῳ
1752 1823 1832 1851 Δαυῒδ

1052 1876 1080 1901 ἐν
1103 1876 1226 1910 Ψαλμοῖς
1242 1884 1249 1890 ·
1266 1875 1339 1908 λέγει
1358 1874 1430 1909 γὰρ,
1451 1882 1461 1898 ι
1487 1871 1638 1907 Μνήσθητι,
1657 1871 1753 1906 Κύριε,
1777 1869 1834 1896 τῶν

1053 1922 1117 1948 υῑῶν
1136 1921 1224 1956 Ἐδὼμ
1237 1921 1284 1955 τὴν
1299 1921 1404 1956 ἡμέραν
1421 1919 1606 1955 Ἰερουσαλὴμ,
1619 1918 1673 1944 τῶν
1689 1916 1831 1950 λεγόντων,

1059 1967 1226 1999 Ἐκκενοῦτε,
1240 1966 1380 1993 ἐκκενοῦτε
1395 1966 1446 1996 ἕως
1462 1964 1515 1991 τῶν
1531 1964 1661 1999 θεμελίων
1675 1962 1774 1997 αὐτῆς·
1786 1961 1833 1987 θυ-

1053 2014 1142 2048 γάτηρ
1171 2012 1361 2047 Βαϐυλῶνοςή
1388 2011 1573 2046 ταλαίπωρος¹
1590 2019 1598 2036 ι
1615 2010 1644 2035 ὲν
1672 2006 1712 2040 οἷς
1736 2006 1834 2039 ἔδειξεν

1054 2061 1094 2086 ὅτι
1110 2059 1156 2086 καὶ
1170 2058 1333 2085 Βαϐυλώνιοι
1355 2057 1469 2084 δώσουσι
1491 2057 1568 2087 δίκας
1595 2055 1664 2090 ὑπὲρ
1684 2050 1721 2081 ὧν
1736 2054 1833 2084 αὐτοὺς

1053 2104 1233 2132 διατεθείκασι
1258 2104 1350 2130 κακῶν
1371 2112 1377 2119 ³
1394 2103 1441 2130 καὶ
1466 2103 1606 2137 Ἰδουμαῖοι
1630 2100 1658 2127 δὲ
1679 2098 1831 2135 τιμωρηθή-

1055 2159 1143 2178 σονται
1157 2149 1365 2185 συμπράξαντες
1373 2149 1463 2180 αὐτοῖς
1474 2150 1503 2175 ὲν
1515 2148 1570 2179 τοῖς
1585 2146 1654 2174 κατὰ
1663 2146 1717 2172 τῶν
1730 2146 1836 2181 Ἰσραη-

221 2198 398 2227 recentesque
421 2192 493 2228 apud
508 2199 603 2220 omnes
620 2196 697 2220 erant
716 2191 824 2218 inﬂictae
844 2190 970 2218 ldumazis
987 2198 997 2216 a

1053 2196 1132 2222 λιτῶν
1152 2197 1255 2227 κακοῖς.
1274 2196 1390 2231 Προεῖπε
1407 2194 1434 2221 δὲ
1451 2195 1497 2221 καὶ
1518 2195 1532 2220 ὁ
1551 2193 1685 2229 μακάριος
1705 2192 1808 2218 ’Δϐδιοὺ
1820 2192 1835 2217 ὀ

223 2237 277 2265 Deo
292 2245 388 2273 pan-ce,
410 2239 505 2265 merito
530 2246 562 2265 ex
582 2238 786 2272 comparatione
802 2245 863 2265 cum
881 2237 935 2264 illis
956 2236 1003 2263 de-

221 2288 356 2311 monstrat
370 2292 450 2311 suum
465 2291 528 2319 erga
544 2285 681 2311 lsraelitas
698 2291 829 2314 amorem,
848 2283 882 2311 ab
906 2283 1002 2310 horum

222 2330 441 2365 progenitoribus
471 2335 554 2364 atque
580 2330 614 2357 ah
635 2329 758 2357 ldumaﬁs
783 2334 891 2364 sumpto
915 2329 1002 2356 initio.

222 2375 286 2403 Erat
301 2378 373 2404 enim
387 2377 495 2403 illorum
508 2376 664 2411 progenitor
673 2375 775 2409 Jacob;
792 2375 888 2402 horum
901 2379 1003 2407 autent,

223 2421 305 2450 Esau.
328 2422 399 2449 Dicit
421 2429 504 2458 ergo,
529 2422 622 2450 ambos
646 2421 730 2449 fuisse
752 2421 865 2454 fratres;
888 2427 1005 2455 cumque

224 2473 328 2494 natura:
347 2468 390 2495 lex
411 2467 566 2495 communia
582 2467 650 2502 ipsis
674 2467 765 2494 omnia
783 2466 896 2499 faceret,
910 2474 1005 2501 proge—

224 2513 339 2541 nitorem
353 2513 461 2549 quidem
477 2518 609 2545 vestrum,
626 2513 724 2547 inquit,
742 2512 836 2544 dilexi,
853 2516 880 2539 at
897 2512 1005 2539 illorum

225 2559 271 2587 odi
284 2560 355 2587 Esau
369 2568 376 2586 :
397 2563 424 2586 et
439 2567 526 2594 usque
543 2559 571 2586 in
584 2559 745 2586 hodiernum
761 2558 833 2585 diem
849 2564 1006 2592 persevera-

224 2605 262 2637 vi,
278 2605 378 2632 amoris
397 2605 479 2640 366
492 2612 556 2640 erga
572 2612 630 2637 vos,
646 2604 701 2631 odii
717 2611 782 2631 vero
797 2610 861 2638 erga
885 2603 946 2630 illos
960 2610 1005 2629 ar-

225 2653 352 2685 gumenta
367 2649 504 2678 exhibere.
529 2649 651 2685 Namque
667 2650 822 2677 universam
839 2649 946 2676 illorum
964 2655 1007 2676 re-

259 2718 284 2735 “
297 2717 371 2746 Psal.
383 2726 459 2751 um,
477 2719 504 2747 6.
539 2719 564 2735 “
575 2717 648 2746 Psal.
666 2726 692 2751 ι,
705 2717 731 2745 6.
769 2717 792 2733 ⁸⁸
804 2716 876 2744 Psal.
894 2723 994 2747 cxxxv,
1011 2715 1035 2741 7.

265 2789 320 2824 (68)
335 2789 428 2817 Variat
439 2789 483 2817 hic
496 2789 680 2824 interpunctio
694 2788 766 2823 apud
778 2788 905 2822 antiquos
919 2787 1004 2824 inter-

229 2823 333 2860 pretes,
345 2825 406 2854 aliis
414 2829 479 2855 ante
500 2823 658 2856 ldurriwam,
668 2824 727 2852 aliis
740 2827 801 2859 post
817 2823 1004 2859 pausantibus.

1053 2242 1194 2276 προφήτης
1213 2242 1280 2276 μετὰ
1299 2240 1392 2267 τοῦτο·
1409 2240 1465 2266 ἀλλ’
1486 2240 1578 2274 ἐπειδὴ
1595 2238 1642 2265 νῦν
1659 2238 1762 2277 εἰλήφει
1785 2237 1835 2272 τὴν

1053 2286 1164 2312 ἔκῦασιν
1188 2288 1288 2318 ἐκεῖνα,
1301 2287 1348 2312 καὶ
1365 2285 1447 2320 νεαρὰ
1468 2285 1541 2320 παρὰ
1558 2285 1639 2312 πᾶσιν
1660 2282 1723 2319 ἦνὴ
1742 2283 1834 2318 μνήμη

1053 2332 1101 2365 τῆς
1119 2332 1313 2366 ἐπιγενομένης
1339 2331 1408 2357 κατὰ
1435 2330 1489 2357 τῶν
1509 2330 1663 2365 Ἰδουμαίων
1689 2329 1764 2364 παρὰ
1788 2327 1834 2354 τοῦ

1053 2376 1120 2402 Θεοῦ
1141 2376 1283 2411 τιμωρίας,
1296 2376 1333 2411 (p.
1346 2376 1407 2412 540)
1423 2376 1532 2407 εἰκότως
1552 2376 1583 2401 ὲκ
1600 2375 1774 2410 παραθέσεως
1786 2374 1834 2408 τῆς

1055 2421 1121 2456 πρὸς
1132 2421 1250 2452 ἐκείνους
1260 2421 1423 2448 ἐνδείκνυται
1431 2420 1478 2456 τὴν
1485 2421 1593 2455 ἀγάπην
1604 2419 1697 2446 ἑαυτοῦ
1708 2420 1757 2454 τὴν
1771 2418 1835 2453 περὶ

1054 2466 1180 2498 τούτους,
1195 2465 1249 2493 άπὸ
1268 2466 1321 2493 τῶν
1340 2466 1519 2502 προπατόρων
1543 2466 1644 2493 τούτων
1666 2474 1696 2492 τε
1712 2465 1759 2492 καὶ
1780 2464 1835 2490 τῶν

1061 2511 1218 2546 Ἰδουμαίων
1228 2511 1278 2547 τὴν
1292 2512 1378 2547 ἀρχὴν
1392 2512 1583 2547 ποιησάμενος,
1596 2509 1650 2537 Ἦν
1666 2510 1719 2546 γὰρ
1733 2510 1836 2537 τούτων

1057 2557 1107 2592 μὲν
1138 2557 1245 2590 Ἰακὼ6,
1270 2558 1354 2585 Ἡσαῦ
1380 2558 1408 2585 δὲ
1439 2559 1560 2585 ἐκείνων.
1580 2557 1659 2592 Λέγει
1675 2557 1774 2588 τοίνυν,
1794 2556 1836 2583 ὅτι

1058 2602 1179 2637 Ἀδελφοὶ
1195 2603 1244 2638 μὲν
1259 2601 1328 2638 ἦσαν
1345 2603 1507 2639 ἀμφότεροι·
1523 2602 1569 2629 τοῦ
1591 2603 1672 2639 νόμου
1687 2602 1715 2630 δὲ
1726 2602 1774 2637 τῆς
1786 2601 1838 2636 φύ-

1060 2657 1128 2679 σεως
1152 2649 1228 2676 κοινά
1253 2650 1341 2676 πάντα
1358 2650 1449 2682 αὐτοῖς
1465 2649 1614 2682 ποιοῦντος,
1634 2649 1765 2685 ⁴ἠγάπησα
1787 2647 1836 2684 μὲν

1058 2787 1125 2849 Cu‘m
1138 2787 1232 2849 {iraa-.0
1245 2786 1382 2823 conspirat
1396 2785 1493 2818 Arabs.
1507 2793 1568 2813 cum
1585 2784 1714 2813 Hebraico
1727 2785 1840 2815 Latinus

1059 2831 1092 2849 νυ
1105 2830 1138 2849 aa
1152 2830 1195 2849 us.

1059 2830 1195 2858 vulgatus.
