1966 3069
131 137 181 166 SOI

585 141 861 171 COMMENTARIUS
880 142 913 169 IN
932 142 1121 171 ΜΑΙιΜἸΗ-ΙᾹΞ
1140 143 1216 172 CAP.
1238 146 1259 172 Ι.

1704 145 1758 174 602

134 199 179 224 τὸν
191 197 326 235 ὁμέτερον
341 201 512 238 προπάτορα,
523 202 643 238 ἐμίσησα
654 203 683 230 δὲ
695 203 740 230 τὸν
755 203 867 230 ἐκείνων
878 204 923 231 τὸν

983 204 1082 238 tionem
1099 205 1182 232 vestri
1202 204 1288 240 gratia
1304 204 1436 236 desolavi,
1461 211 1557 239 poenas
1574 203 1610 232 ab
1626 203 1660 232 iis
1680 212 1762 240 repo-

140 245 239 272 Ἠσαῦ·
253 246 300 273 καὶ
318 247 350 282 δὴ
364 247 554 284 διαμεμένηκα
572 249 621 285 μὲν
635 250 699 285 ἄχρι
713 250 759 277 τοῦ
775 250 864 286 δεῦρο.
873 251 924 286 τῆς

135 299 164 317 τε
184 292 249 326 περὶ
263 292 336 327 ὑμᾶς
353 293 472 329 ἀγάπης,
489 295 536 321 καὶ
557 295 603 322 τοῦ
618 295 683 330 περὶ
696 295 807 322 ἐκείνων
831 296 925 331 μίσους

132 337 184 371 ⁴ιίγν
200 337 338 372 ἀπόδειξιν
363 340 550 375 παρεχόμενος
560 349 567 356 ⁵
582 342 673 368 πᾶσαν
691 342 740 376 μὲν
755 341 810 378 γὰρ
834 342 925 369 αὐτῶν

138 380 187 412 τὴν
199 380 292 417 χώραν
306 383 426 417 ἠφάνισα
443 384 476 410 δι’
490 385 572 420 ὑμᾶς,
586 385 664 417 δίκας
682 385 779 417 αὐτοὺς
795 387 926 422 εἰσπρατ-

138 426 249 461 τόμενος
266 425 304 454 ὢν
316 428 376 454 καθ’
388 429 465 464 ὑμῶν
483 430 664 466 τετολμήκασι
673 438 681 446 ·
694 431 783 457 πᾶσαν
795 431 823 457 δὲ
836 431 925 458 αὐτῶν

136 471 186 507 τὴν
209 474 305 507 κτῆσιν
335 476 488 511 μετέστησα
514 478 554 508 εἰς
590 476 726 511 ἐρημίαν,
742 476 776 511 ἢν
791 477 924 511 τοσαύτην

137 519 229 551 αὐτοῖς
251 520 390 556 ἐπήγαγον
415 522 461 548 καὶ
485 522 556 549 οὕτω
581 522 719 558 χαλεπὴν,
734 522 803 549 ὥστε
823 524 875 550 κᾶν
900 525 924 550 εἰ

139 566 352 602 μεταδαλόμενοί
366 577 430 594 ποτε
449 568 608 604 βουληθεῖεν
628 569 826 605 διορθώσασθαι
840 570 875 596 τὰ
891 571 926 596 οἰ-

138 613 210 643 κεῖα.
226 613 272 639 καὶ
283 614 492 650 ἀνοικοδομῆσαι
508 615 557 646 τὰς
572 617 757 652 ἠρημωμένας
768 616 857 644 αὐτῶν
874 616 924 642 πό-

137 656 194 689 λεις
201 667 232 684 τε
243 659 291 685 καὶ
307 660 407 695 χώρας,
424 661 508 696 μηθὲν
522 661 650 689 δύνασθαι
662 663 741 690 τοῦτο
755 664 841 690 ποιεῖν
851 671 858 678 ·
870 663 923 688 ἀπ-

138 704 280 740 εφηνάμην
289 706 342 740 γὰρ
361 707 420 733 κατ’
433 707 521 734 αὐτῶν
538 708 586 743 ὲρη
592 708 666 743 μίαν,
674 709 721 735 καὶ
737 707 861 743 οὐδαμῶς
869 705 925 734 οἷόν

137 756 167 774 τε
181 751 312 786 συστῆναι
334 752 368 778 τὰ
387 753 498 779 ἐκείνων
515 753 613 780 πάλιν·
631 754 725 790 ἐπειδὴ
744 754 796 781 κᾶν
823 754 926 788 ἐπιχει-

140 795 258 830 ρήσωσιν
271 797 454 834 οἰκοδομῆσαι,
467 799 647 835 καταστρέψω
660 799 741 826 πάλιν
753 809 760 816 ·
772 799 842 826 ὥστε
856 798 927 825 ἐκεί-

971 257 1054 278 scens
1070 249 1105 277 ob
1118 257 1150 277 ea
1167 258 1228 285 qua:
1241 250 1269 277 in
1285 257 1334 278 vos
1350 250 1411 278 ausi
1428 255 1513 278 sunt:
1530 255 1587 278 tum
1606 254 1634 279 et
1651 250 1761 279 illorum

972 295 1073 330 pmdia
1092 296 1227 324 omniain
1252 296 1427 324 solitudinem
1446 297 1527 328 verti,
1551 304 1634 332 quam
1656 301 1761 325 tantam

973 346 1084 376 tamque
1099 342 1237 369 horridam
1260 342 1294 369 iis
1312 342 1402 374 intuli.
1426 346 1456 369 ut
1477 342 1586 369 etiamsi
1606 341 1677 370 forte
1695 350 1763 370 con-

973 387 1044 415 versi
1059 387 1195 414 volueriut
1214 388 1362 422 aliquando
1382 392 1469 415 semet
1489 389 1646 420 emendare,
1671 393 1698 416 et
1713 389 1763 416 de-

977 437 1065 460 sertas
1081 433 1162 461 urbes
1187 434 1368 469 regionesque
1389 437 1554 466 restaurare.
1570 435 1637 462 nihil
1652 435 1707 463 sint
1721 435 1762 462 ef-

978 478 1085 505 fecturi.
1102 477 1213 506 Decrevi
1228 479 1301 506 enim
1322 479 1432 506 illorum
1457 479 1580 506 locorum
1595 480 1763 513 vastitatem,

978 531 1028 550 nec
1040 524 1153 550 omnino
1167 524 1224 551 fieri
1241 524 1340 558 poterit
1354 527 1383 551 ut
1399 531 1443 551 res
1454 523 1576 559 ipsorum
1591 528 1762 559 reparentur.

978 568 1044 595 Nam
1061 569 1084 596 si
1103 569 1240 596 aediﬁcare
1255 570 1414 601 moliantur.
1431 577 1481 604 ego
1502 577 1598 596 rursus
1618 574 1738 597 evertam
1754 578 1761 596 :

976 615 1013 642 ita
1028 619 1058 642 ut
1080 615 1114 642 iis
1132 615 1201 643 locis
1215 615 1359 650 appellatio
1378 615 1491 647 hmreat.
1499 614 1618 642 Termini
1635 615 1765 649 iniquita-

977 661 1024 692 tis,
1050 665 1146 696 utpote
1168 661 1203 688 ab
1227 661 1371 695 iniquitate
1398 661 1540 689 desolatis.
1564 661 1598 688 At
1624 660 1701 687 vobis
1727 661 1767 687 ita

979 706 1048 734 bene
1066 706 1155 734 facere
1177 706 1319 738 constitui,
1335 710 1365 734 ut
1387 710 1556 741 spectatores
1574 706 1683 741 ipsimet
1701 705 1767 732 facti

978 753 1111 780 bonorum
1123 752 1202 780 vobis
1216 753 1390 785 collatorum,
1411 752 1458 779 Dei
1475 752 1620 787 potentiam
1635 759 1768 787 agnosca-

979 798 1026 829 tis,
1043 798 1089 833 qui
1105 799 1187 826 tantis
1204 799 1283 825 bonis
1297 799 1379 825 vitam
1394 803 1513 825 vestram
1530 797 1658 825 laetiﬁcat.

139 849 194 872 V9":
217 843 265 876 μὲν
288 842 373 878 ὄνομα
399 845 593 880 ἐπικεκλῆσθαι
624 845 749 881 Ἀνομίας
771 845 858 881 ὂριον,
886 843 933 870 ἆτε
951 843 1002 870 ὑπὸ
1023 843 1194 879 παρανομίας
1215 843 1423 879 ὴρημωμένοις*
1450 843 1514 879 περὶ
1536 843 1607 878 ὑμᾶς
1630 842 1657 869 δὲ
1681 842 1769 873 οὕτως

141 885 288 921 ἐδοκίμασα
302 889 356 915 πᾶν
366 889 380 915 ὅ
393 898 418 915 τι
432 890 513 917 καλὺν
526 891 734 926 διαπράξασθαι,
748 891 818 917 ὥστε
833 890 930 920 αὐτοὺς
951 889 1020 924 ὑμᾶς
1035 889 1132 920 θεατὰς
1148 890 1291 923 γεγονότας
1303 889 1357 916 τῶν
1375 889 1552 924 δωρουμένων
1566 889 1630 923 ὑμῖν
1645 886 1768 922 ἀγαθῶν,

142 930 286 965 ἐπιγνῶναι
300 934 347 960 τοῦ
363 935 428 962 Θεοῦ
445 937 494 972 τὴν
508 936 621 972 δύναμιν
635 938 770 969 τοσούτοις
783 936 976 972 φαιδρύναντος
993 935 1103 969 ἀγαθοῖς
1113 935 1146 962 τὰ
1160 936 1289 971 ὑμέτερα.

175 979 248 1014 Στίχ-
265 983 302 1012 ς’-
318 996 351 1001 -
376 982 413 1016 (p.
428 982 491 1018 541)
508 982 574 1010 Εἶτα
590 984 728 1011 ἐπιτείνων
742 985 771 1011 τὸ
784 984 908 1019 ἔγκλημα
918 1003 925 1015 ,

1015 982 1096 1010 Vens.
1105 982 1272 1009 6.——-Deinde
1281 982 1528 1017 expostulationem
1537 981 1691 1012 intendens,
1702 989 1712 1006 ι
1721 979 1752 1007 Fi

143 1033 154 1050 ί
166 1025 230 1056 Υἱὸς
244 1026 351 1058 δοξάζει
373 1029 488 1065 πατέρα,
504 1031 551 1057 καὶ
566 1030 657 1062 δοῦλος
670 1031 715 1057 τὸν
737 1031 831 1067 κύριον
843 1031 925 1058 αὐτοῦ

142 1070 324 1106 φοῆηθήσεται
341 1081 348 1088 ·
365 1073 411 1099 καὶ
428 1075 452 1100 εἰ
477 1076 568 1111 πατήρ
594 1077 651 1111 εἰμι
669 1076 724 1110 ἐγὼ
736 1098 743 1109 ,
758 1077 809 1104 ποῦ
824 1078 926 1112 ἐστινὴ

141 1116 203 1148 δόξα
220 1125 287 1151 μου;
304 1118 350 1144 καὶ
367 1119 391 1144 εί
404 1119 504 1155 Κύριός
520 1122 577 1156 εἰμι
592 1121 656 1155 ἐγὼ,
666 1121 717 1148 ποῦ
729 1123 802 1148 ἐστιν
815 1123 829 1148 ό
846 1122 927 1156 φόϐος

145 1170 214 1195 μους
231 1162 305 1196 λέγει
330 1164 431 1199 Κύριος
456 1167 665 1202 παντοκράτωρ.
694 1178 702 1193 ι
723 1167 794 1194 Υῐῶν
819 1168 867 1202 μὲν
881 1166 928 1195 οὖν

143 1207 217 1239 ἴδιον,
232 1210 308 1243 φησὶ,
322 1210 433 1237 τοιαῦτα
457 1211 671 1248 διαπράττεσθαι
681 1234 688 1245 ,
705 1213 752 1248 ἀφ’
776 1210 813 1240 ὧν
827 1215 928 1250 κόσμος

142 1261 182 1284 τις
200 1254 247 1279 καὶ
262 1255 421 1289 σεμνολογία
449 1258 590 1292 περιέσται
607 1260 662 1290 τοῖς
677 1260 811 1294 πατράσι³
827 1260 927 1288 δούλων

141 1297 169 1323 δὲ
184 1298 214 1324 τὸ
229 1299 298 1333 μετὰ
314 1300 411 1326 πολλοῦ
432 1301 477 1327 τοῦ
503 1301 579 1334 δέους
602 1303 796 1338 ὑπηρετεῖσθαι
814 1305 870 1336 τοῖς
886 1305 929 1331 δε-

144 1346 279 1376 σποτικῶς
307 1346 488 1382 ἐπιτάγμασιν
508 1356 514 1361 ·
529 1348 584 1381 ἐγὼ
605 1349 645 1380 δὲ,
674 1351 765 1384 φησὶν,
793 1351 850 1385 εὶμὶ
880 1351 928 1385 μὲν

144 1389 220 1424 ὑμῶν
235 1390 346 1425 Κύριος,
359 1392 405 1417 ᾶτε
417 1393 450 1424 ἐκ
463 1392 511 1419 τοῦ
531 1393 568 1428 μὴ
591 1394 666 1425 ὄντος
684 1395 754 1429 ὑμᾶς
766 1396 806 1426 εἰς
819 1395 849 1421 τὸ
859 1393 928 1422 εἶναι

143 1435 313 1470 ’παραγαγών
331 1444 337 1450 ·
350 1436 383 1463 δι’
395 1438 618 1473 ὑπερϐάλλουσαν
635 1439 662 1465 δὲ
683 1440 885 1476 φιλανθρωπίαν
899 1450 929 1468 τε

143 1480 190 1506 καὶ
205 1482 375 1517 χρηστότητα
390 1483 572 1519 ᾠκειωσάμην
597 1493 626 1511 τε
642 1485 713 1520 ὑμᾶς
736 1486 783 1512 καὶ
797 1486 929 1523 ἐδεξάμην

145 1526 218 1558 υἱοὺς
233 1527 316 1562 ἐμοὺς
327 1527 467 1555 καλεῖσθαι
482 1537 488 1544 ·
504 1530 677 1564 μεταδέδωκά
693 1539 723 1557 τε
745 1532 808 1566 ὑμῖν
824 1534 930 1567 mpm-

145 1571 206 1602 σίας
218 1571 265 1598 τοῦ
279 1573 386 1608 πατέρα
402 1573 479 1608 ὑμῶν
494 1574 637 1609 ὀνομάζειν
658 1575 707 1609 ἐμέ
719 1583 726 1590 ·
743 1574 799 1611 ὁρῶ
815 1575 842 1601 δὲ
864 1575 930 1611 πρὸς

144 1619 283 1654 οὐδέτερον
309 1621 381 1655 ὑμᾶς
400 1621 637 1656 εὐγνωμονοῦντας
649 1630 656 1637 ·
671 1621 733 1648 οὔτε
756 1622 810 1657 γὰρ
825 1622 862 1654 ὠς
880 1631 930 1649 πα-

145 1665 211 1700 τέρα
219 1667 251 1700 τῇ
260 1666 446 1702 καλοκαγαθία
461 1667 513 1693 τῶν
525 1668 747 1703 ἐπιτηδευμάτων
761 1669 814 1695 τῶν
826 1669 932 1696 οἰκείων

146 1710 287 1745 σεμνύνειν
301 1712 494 1744 ἐσπουδάκατε,
510 1713 572 1739 οὔτε
585 1713 623 1745 ὼς
637 1714 774 1749 Δεσπότην
788 1714 933 1746 δεδοικότες

147 1756 200 1783 τῶν
228 1757 422 1793 ἐπιταγμάτων
447 1758 603 1794 φροντίζετε
628 1759 682 1785 τῶν
700 1760 784 1795 ὲμῶν.
803 1759 880 1786 Οὕτω
902 1761 933 1796 δὴ

148 1802 235 1828 κοινὸν
249 1803 319 1830 κατὰ
334 1803 443 1830 πάντων
460 1805 505 1830 τὸν
519 1804 630 1840 ἔλεγχον
643 1805 836 1840 ποιησάμενος,
850 1805 934 1840 διορί-

150 1847 191 1878 ζει
211 1849 258 1875 καὶ
272 1848 306 1875 τὰ
329 1850 463 1885 πρόσωπα
482 1851 527 1876 καὶ
541 1851 575 1877 τὰ
591 1851 751 1886 πράγματα,
772 1851 818 1878 καὶ
830 1851 861 1887 δὴ
876 1852 935 1878 δια-

149 1894 292 1930 λεγόμενος
307 1896 374 1931 πρὸς
398 1897 461 1927 τοὺς
478 1897 566 1932 ἱερέας
588 1897 659 1924 οὕτω
680 1897 775 1932 φησίν·
800 1908 808 1923 ε
831 1897 934 1933 Ὑμεῖς,

149 1940 174 1966 οἱ
189 1941 280 1976 ἱερεῖς,
292 1943 317 1967 οἱ
334 1942 508 1976 φαυλίζοντες
523 1944 551 1970 τὸ
564 1944 647 1978 ὄνομά
668 1952 729 1978 μου.
740 1953 748 1969 ι
768 1944 870 1978 Ὑμεῖς,
883 1953 935 1979 φη-

152 1987 203 2017 σὶν,
220 1988 244 2013 οἱ
263 1988 312 2023 τὴν
334 1988 505 2024 λειτουργίαν
528 1990 776 2025 ὲμπεπιστευμένοι
789 1991 838 2026 τὴν
849 1989 934 2020 θείαν,

152 2033 198 2060 καὶ
211 2034 302 2070 ὣηγοὶ
323 2036 379 2066 τοῖς
398 2035 499 2068 λοιποῖς
515 2037 666 2070 ὀφείλοντες
692 2035 761 2063 εἶναι
778 2037 831 2063 τῶν
848 2045 935 2072 κρειτ-

153 2079 245 2112 τόνων,
260 2080 372 2107 τοιαῦτα
394 2080 590 2117 διαπράττεσθε
604 2083 649 2116 ἀφ’
671 2080 708 2108 ὧν
734 2081 839 2113 οὐδενδς
862 2082 936 2114 ἄξιον

152 2125 214 2152 ὄντα
233 2135 266 2161 με
281 2127 360 2161 λόγου
374 2127 496 2154 δείκνυτε
518 2130 574 2160 τοῖς
591 2128 625 2154 τὰ
642 2128 707 2163 παρ’
730 2128 806 2162 ὑμῶν
820 2128 937 2163 πραττό-

155 2180 221 2205 μενα
234 2173 327 2208 ὁρῶσι.
344 2182 354 2198 ‹
375 2174 429 2200 Καὶ
443 2174 549 2205 εἴπατε,
571 2175 615 2200 Ἐν
633 2174 685 2201 τίνι
707 2175 891 2210 ὲφαυλίσαμεν
907 2175 938 2201 τὸ

153 2217 237 2252 ὄνομά
249 2226 316 2250 σου;
338 2228 348 2244 ι
373 2218 488 2254 Ὁμοίως
513 2219 651 2246 κάνταῦθα
674 2221 761 2254 λέγων
778 2221 808 2247 τὸ
823 2221 936 2251 εἴπατε,

155 2263 196 2289 ἵνα
221 2264 285 2299 εῖπῃ
300 2264 352 2295 ὅτι,
372 2265 418 2290 Ἐκ
439 2265 538 2300 πολλῆς
563 2267 610 2301 τῆς
630 2266 794 2302 ἁπροτεξίας
814 2267 873 2293 οὐδὲ
897 2267 939 2293 αἴ-

978 1028 1041 1059 lius,
1060 1028 1158 1063 inquit.
1183 1028 1298 1055 honorat
1318 1032 1432 1062 patrem,
1457 1031 1484 1055 et
1507 1034 1604 1054 servus
1625 1026 1766 1054 dominum

977 1081 1058 1101 suum
1073 1074 1188 1103 timebit.
1209 1074 1286 1106 Quod
1304 1075 1326 1101 si
1340 1078 1415 1108 pater
1425 1081 1476 1108 ego
1488 1081 1560 1104 sum.
1571 1073 1617 1100 ubi
1625 1077 1666 1100 est
1680 1072 1768 1099 honor

977 1119 1072 1147 meus?
1084 1123 1112 1147 et
1127 1120 1150 1147 si
1163 1119 1295 1147 Dominus
1305 1127 1356 1155 ego
1370 1127 1442 1150 sum,
1456 1119 1501 1146 ubi
1516 1122 1559 1146 est
1573 1118 1656 1145 timor
1669 1117 1767 1144 meus?

978 1167 1016 1192 ait
1035 1166 1166 1194 Dominus
1189 1167 1375 1202 omnipotens.
1397 1176 1406 1191 |
1425 1165 1556 1192 Filiorum
1575 1165 1686 1200 quidem
1710 1163 1768 1191 oﬂi-

977 1213 1049 1239 eium
1063 1216 1115 1243 est.
1128 1212 1226 1247 inquit,
1242 1220 1273 1240 ea
1286 1219 1366 1247 agere
1383 1211 1455 1238 unde.
1474 1216 1664 1238 ornamentum
1679 1209 1768 1245 quod-

978 1257 1039 1283 dam
1055 1261 1082 1284 et
1095 1257 1180 1284 decus
1203 1257 1364 1291 parentibus
1385 1256 1540 1283 eonlletur:
1563 1262 1705 1282 servorum
1721 1262 1770 1281 au-

977 1307 1031 1330 tem
1044 1303 1130 1330 multo
1146 1311 1207 1330 cum
1224 1307 1297 1330 metu
1312 1302 1446 1330 herilibus
1459 1301 1617 1329 subservire
1630 1300 1767 1335 jussibus.

979 1348 1034 1384 Ego
1045 1357 1120 1381 vero,
1136 1349 1234 1383 inquit.
1249 1348 1381 1376 Dominus
1402 1352 1494 1376 vester
1514 1355 1587 1380 sum,
1604 1354 1653 1373 ceu
1674 1347 1720 1381 qui
1735 1354 1770 1374 ex

979 1394 1066 1421 nihilo
1079 1401 1127 1421 vos
1141 1394 1175 1421 ad
1192 1393 1380 1421 exsistendum
1396 1392 1528 1428 produxi;
1545 1396 1572 1419 et
1583 1399 1691 1419 summa
1710 1398 1770 1418 mea

978 1439 1144 1474 benignitate
1159 1447 1191 1466 ac
1205 1439 1327 1467 bonitate
1341 1440 1370 1466 in
1386 1447 1474 1466 meam
1490 1438 1707 1465 familiaritatem
1728 1445 1771 1464 re-

979 1486 1049 1520 cepi,
1072 1489 1099 1512 et
1124 1492 1199 1512 ntcos
1222 1484 1294 1512 ﬁlios
1319 1484 1456 1519 appellare
1470 1491 1520 1511 vos
1545 1490 1605 1510 sum
1630 1482 1770 1517 dignatus,

980 1532 1162 1566 ﬁduciamque
1178 1530 1257 1558 vobis
1270 1530 1372 1558 indulsi
1403 1533 1433 1556 ut
1455 1529 1564 1556 Patrem
1587 1536 1632 1556 me
1659 1535 1772 1556 vocare-

981 1580 1026 1607 tis.
1047 1579 1180 1606 Cmterum
1198 1585 1246 1605 vos
1265 1577 1342 1605 nulla
1368 1577 1396 1604 in
1420 1585 1451 1604 re
1475 1580 1568 1611 gratos
1582 1575 1683 1603 video:
1707 1582 1771 1602 nam

984 1633 1071 1660 neque
1085 1631 1113 1652 ut
1129 1630 1245 1660 patrem,
1264 1628 1419 1650 vestrorum
1435 1628 1546 1659 actuum
1563 1622 1706 1650 honestate
1727 1627 1772 1647 me

984 1672 1118 1698 honorare
1137 1670 1280 1705 satagitis;
1298 1677 1387 1704 neque
1418 1674 1448 1696 ut
1465 1669 1608 1695 Dominum
1622 1671 1748 1695 verentes
1763 1686 1772 1697 .

984 1719 1110 1746 mandata
1126 1725 1185 1744 utea
1200 1717 1276 1751 pensi
1299 1716 1415 1743 habetis.
1438 1716 1483 1742 Sic
1505 1723 1571 1750 ergo
1589 1713 1774 1741 communiter

984 1766 1093 1793 cunctis
1105 1765 1267 1800 objurgatis,
1281 1771 1343 1791 mox
1359 1771 1491 1798 personas
1503 1761 1663 1797 singillatim
1675 1761 1774 1788 distin-

985 1812 1082 1846 guitet
1094 1815 1190 1843 actus;
1212 1815 1240 1837 et
1256 1810 1414 1837 sacerdotes
1429 1809 1538 1843 quidem
1559 1808 1711 1841 alloquens.
1732 1805 1774 1833 sic

986 1857 1041 1883 ait:
1064 1865 1072 1881 ι
1093 1855 1148 1882 Vos
1169 1853 1389 1888 sacerdotes,qui
1412 1853 1552 1887 despicitis
1572 1851 1652 1886 367
1673 1857 1774 1878 nomen

986 1910 1087 1929 meum.
1110 1911 1119 1927 ›
1135 1900 1200 1934 Vos,
1223 1899 1324 1935 quibus
1345 1900 1467 1927 divinum
1493 1897 1677 1925 ministerium
1698 1904 1775 1924 com-

986 1950 1099 1976 missum
1112 1951 1164 1978 est,
1185 1947 1288 1981 quique
1302 1947 1386 1974 duces
1399 1945 1505 1973 cmteris
1524 1944 1557 1971 ad
1570 1944 1696 1971 virtutem
1713 1950 1776 1970 esse

986 1994 1102 2023 debetis.
1127 1993 1165 2020 ita
1187 1993 1289 2025 vivitis,
1316 1996 1345 2018 ut
1369 1991 1444 2020 nullo
1464 1997 1507 2017 me
1523 1989 1633 2024 dignum
1648 1991 1775 2022 respectu

986 2038 1139 2066 ostendatis
1162 2037 1206 2068 iis,
1222 2036 1268 2071 qui
1297 2043 1387 2063 mores
1402 2039 1507 2062 vestros
1529 2034 1688 2061 observant.
1714 2041 1723 2058 ι
1742 2031 1776 2059 Et

986 2085 1095 2112 dixistis
1108 2093 1116 2109 :
1133 2083 1162 2110 In
1176 2091 1231 2118 quo
1246 2082 1423 2117 despeximus
1441 2089 1540 2108 nomen
1555 2080 1648 2108 tuum?
1663 2088 1672 2106 ι
1692 2077 1777 2106 Simi-

987 2131 1049 2158 liter
1066 2130 1118 2157 hoc
1134 2129 1215 2157 etiam
1241 2129 1302 2155 loco
1326 2129 1365 2156 ait
1382 2138 1391 2154 ι
1418 2127 1538 2158 dixistis,
1557 2136 1566 2153 ι
1588 2133 1648 2161 pro,
1660 2124 1702 2154 οι)
1714 2132 1777 2160 gra-

989 2184 1046 2203 vem
1067 2175 1219 2202 socordiam
1237 2179 1366 2206 vestram.
1388 2182 1423 2201 ne
1445 2180 1556 2201 sensum
1579 2171 1688 2207 quidem
1708 2169 1775 2197 tanti

990 2222 1093 2258 peccati
1116 2221 1232 2252 hahetis,
1251 2220 1298 2248 sed
1321 2221 1358 2247 ita
1374 2220 1466 2247 animo
1487 2218 1578 2246 affecti
1594 2218 1672 2250 estis,
1695 2216 1776 2252 quasi

989 2269 1056 2296 nihil
1087 2269 1266 2301 incongruum
1302 2266 1456 2301 gesseritis,
1488 2272 1645 2301 quanquam
1673 2266 1777 2290 tantam

156 2309 249 2345 σθησιν
267 2310 341 2345 ἔχετε
356 2312 402 2338 ἐπὶ
428 2312 467 2346 τῷ
492 2313 610 2348 τοσούτῳ
624 2313 849 2349 πλημμελήματι,
873 2313 932 2340 ἁλλέ

991 2314 1077 2349 culpae
1089 2313 1186 2340 malent
1203 2312 1356 2340 sustinetis.

152 2356 283 2383 διέκεισθε
297 2357 335 2388 ὡς
347 2357 421 2384 οὐδὲν
436 2358 533 2385 ἄτοπον
545 2358 788 2395 διαπραττόμενοι,
801 2360 887 2386 καίτοι
906 2368 937 2394 γε

154 2402 279 2429 τοσοῦτον
290 2402 467 2438 ἐργαζόμενοι
483 2405 576 2432 κακόν.

189 2449 263 2484 Στίχ.
281 2449 313 2482 ζ’.
331 2465 368 2469 -
380 2448 446 2476 Εἶτα
458 2450 532 2485 λέγει
547 2451 594 2477 καὶ
607 2451 637 2477 τὸ
650 2451 789 2486 γινόμενον
800 2459 806 2465 ·
824 2460 833 2476 ι
851 2451 938 2486 Προσ-

156 2495 266 2529 ἀγῡντες
293 2496 361 2532 πρὸς
396 2496 427 2523 τὸ
451 2496 641 2532 θυσιαστήριον
670 2498 768 2532 ἄρτους
793 2497 938 2532 ὴλιογημέ-

156 2549 227 2572 νους.
245 2550 255 2567 ι
272 2541 309 2567 οὐ
321 2541 376 2577 γὰρ
388 2542 458 2568 κατὰ
469 2542 517 2577 τὴν
532 2541 579 2568 τοῦ
593 2542 674 2577 νόμου
688 2542 870 2573 διδασκαλίαν,
882 2542 941 2568 οὐδὲ

158 2587 228 2614 κατὰ
243 2587 292 2619 τὰς
308 2588 459 2620 Μωσαῖκὰς
475 2589 620 2621 διατάξεις,
643 2589 680 2623 (p.
696 2589 759 2623 542)
784 2589 832 2615 σὺν
847 2589 944 2623 ἐπιμε-

157 2632 216 2668 λείᾳ
235 2633 355 2660 ποιεῖσθε
369 2633 423 2660 τῶν
434 2634 524 2670 ἄρτων
536 2635 585 2669 τὴν
597 2634 735 2669 πρόθεσιν,
756 2633 823 2660 ἀλλὰ
839 2634 943 2665 κοινοὺς

157 2679 204 2705 καὶ
215 2679 253 2711 ὡς
269 2679 364 2715 ἔτυχεν
383 2680 528 2714 γεγονότας
542 2680 617 2716 παρὰ
627 2671 656 2706 ἰδ
668 2680 877 2714 διατεταγμένον
894 2678 943 2706 λα-

157 2725 258 2760 ϐόντες,
272 2727 372 2759 αὐτοὺς
385 2728 520 2754 ὲπιτίθετε
533 2729 565 2763 τῇ
575 2728 698 2763 τραπέζῃ
710 2737 716 2743 ·
730 2727 802 2761 λέγει
812 2726 840 2753 δὲ
859 2735 869 2751 ι
886 2725 944 2760 ηλι-

160 2772 311 2808 σγημένους
326 2783 336 2800 ι
349 2774 411 2805 τοὺς
425 2773 575 2808 ζυμωτοὺς,
594 2773 608 2800 δ
624 2773 762 2809 προδήλως
781 2771 898 2798 ἐναντίον
910 2768 944 2806 ἦν

158 2817 196 2852 τῷ
216 2819 290 2853 νόμῳ
311 2817 433 2853 ἀζύμους
457 2819 503 2844 ἐπὶ
519 2818 565 2845 τοῦ
592 2817 783 2853 θυσιαστηρίου
808 2817 944 2844 κελεύοντι

161 2865 345 2899 προσάγεσθαι
364 2866 425 2897 τοὺς
436 2864 544 2900 ἄρτους,
558 2865 679 2899 ζυμωτὺν
693 2864 721 2891 δὲ
737 2863 867 2900 μηδόλως.
886 2863 942 2890 Πᾶ-

1029 2451 1111 2478 Vens.
1127 2452 1154 2478 7.
1172 2466 1206 2470 —
1218 2450 1279 2477 Mox
1295 2454 1322 2477 et
1336 2457 1392 2477 rem
1408 2452 1509 2484 gestam
1524 2450 1633 2474 narrat:
1646 2455 1656 2472 ι
1673 2445 1779 2473 Obtuli—

994 2498 1044 2525 slis
1062 2498 1140 2525 altari
1167 2504 1228 2524 meo
1244 2503 1329 2531 panes
1350 2495 1480 2530 pollutos.
1504 2503 1513 2519 ι
1531 2492 1608 2520 Haud
1620 2492 1697 2527 juxta
1712 2491 1780 2527 legis

992 2544 1155 2574 doctrinam,
1168 2542 1342 2577 nequejuxta
1352 2540 1488 2568 Mosaicae
1500 2537 1723 2568 constitutiones,
1734 2543 1780 2564 ac-

993 2593 1086 2616 curate
1095 2587 1199 2615 fecistis
1209 2595 1308 2621 panmn
1325 2585 1550 2622 propositionem,
1566 2583 1781 2611 sedcommuncs

994 2637 1021 2660 et
1044 2636 1126 2667 prout
1150 2632 1228 2659 vobis
1245 2633 1426 2659 occurrerunt
1446 2634 1545 2665 praeter
1565 2629 1608 2656 fas
1629 2631 1780 2658 sumentes.

994 2686 1095 2706 mensa:
1110 2677 1291 2712 imposuistis.
1310 2675 1433 2703 Pollutos
1454 2680 1545 2702 autem
1567 2673 1685 2709 appellat
1698 2679 1782 2707 panes

994 2725 1190 2757 fermentatoa;
1207 2722 1351 2751 manifeste
1361 2722 1387 2750 id
1396 2722 1470 2750 enim
1480 2720 1649 2749 contrarium
1661 2719 1712 2755 legi
1724 2725 1783 2747 erat

995 2778 1105 2806 azymos
1123 2769 1228 2805 jubenti
1252 2777 1338 2804 panes
1352 2768 1460 2800 oﬂ'erre,
1483 2768 1675 2795 fermentatum
1702 2764 1781 2793 nihil.

995 2817 1108 2844 Omnem
1128 2816 1212 2848 enim,
1226 2816 1324 2850 inquit.
1339 2815 1503 2842 oblationem
1516 2821 1598 2849 quam
1614 2811 1668 2840 Deo
1687 2809 1783 2838 allere-

999 2862 1111 2891 tis.siur.
1133 2869 1229 2898 azymo
1247 2861 1364 2890 facit-tis.
1391 2861 1469 2894 Quod
1485 2866 1547 2888 cum
1564 2863 1618 2887 tam
1640 2855 1784 2894 perspiwe
