1983 3072
221 150 275 179 σοι

805 151 981 182 THEODORI
995 151 1236 182 MOPSUESTENI

1797 151 1852 180 θοι

224 208 384 237 mandabam
395 207 504 240 ruisset,
519 207 687 236 contrarium
701 212 761 236 erat
779 217 879 245 panum
894 211 1011 238 fermen-

1068 219 1112 237 ταν
1127 210 1181 246 γὰρ
1199 209 1304 241 θυσίαν,
1320 209 1412 245 φησὶν,
1427 208 1461 244 ἢν
1474 209 1509 237 ἂν
1522 207 1696 244 προσφέρητε
1710 205 1806 243 Κυρίῳ
1819 208 1851 233 οὐ

224 259 345 282 tatorum
360 254 504 286 oblationi,
518 254 598 289 cujus
611 262 695 281 causa
709 254 785 290 juste
803 263 865 283 cum
881 257 915 284 iis
929 264 1012 292 expo-

224 301 319 331 stulat.
337 305 367 327 ut
382 300 435 336 legi
448 308 560 335 prorsus
579 301 844 330 contradicentibus.
869 312 878 328 I
897 302 930 330 Et
942 303 1012 330 dixi-

225 347 297 375 stis:
314 346 343 374 In
360 354 416 382 quo
432 346 582 381 polluimus
597 347 691 382 ipsos?
707 357 716 374 ι
733 349 822 384 Atque
841 349 889 381 ita,
912 350 1011 384 inquit,

225 399 339 429 agentes
362 402 397 422 ne
409 393 586 422 considerare
607 395 717 430 quidem
741 395 866 423 voluistis
883 396 922 423 rei
945 400 1014 423 actae

227 439 438 467 absurditatem.
473 439 541 466 Nam
577 440 740 467 vocabulum
763 450 773 466 ι
789 441 909 474 dixistis,
928 451 938 467 ι
970 443 1014 469 hic

225 485 309 512 etiam
329 492 378 519 pro
394 485 479 512 animi
493 484 639 513 affectione
664 486 760 521 ponit:
779 486 805 514 id
821 487 956 522 est,quasi
972 488 1014 514 ni-

228 529 266 556 hil
284 529 414 561 feceritis,
439 530 476 557 ita
500 530 594 557 animo
611 530 699 557 allecti
722 531 801 563 estis,
819 532 970 560 socorditer
986 538 1014 560 et

227 573 332 609 absque
346 582 428 603 sensu
443 576 546 602 tantam
560 579 700 610 patrantes
712 576 893 611 iniquitatem.
915 587 926 602 ι
943 579 969 604 In
981 586 1014 605 co

227 619 301 656 quod
314 620 423 648 dicitis:
439 620 533 648 Mensa
546 620 655 649 Domini
669 621 797 657 despecta
812 627 864 654 est,
887 627 914 650 et
931 631 974 650 res
989 623 1014 650 ei

228 665 371 701 impositas
389 665 566 701 despexistis.
586 676 595 693 I
623 666 730 695 Rursus
751 667 795 694 hic
819 676 929 703 quoque
951 669 1014 695 dum

227 711 278 744 ait,
293 721 302 737 ι
321 711 348 738 in
361 719 394 738 eo
409 711 482 746 quod
497 712 600 744 dicitis,
619 721 629 738 ι
647 719 698 748 pro
714 717 776 739 actu
790 712 917 740 allectum
932 713 1015 740 animi

228 756 296 783 dicit
310 765 316 783 :
337 757 362 783 id
377 761 431 789 est,
444 758 508 785 dum
525 758 562 785 ita
576 765 626 785 vos
640 757 732 792 agitis,
747 758 816 786 nihil
837 759 912 785 aliud
927 763 1016 786 mente

229 801 335 836 agitare
345 801 552 834 demonstratis,
564 811 653 838 neque
663 803 743 830 aliter
753 811 802 831 vos
816 811 876 831 esse
887 804 1014 835 allectos;

227 847 271 874 vel
285 846 358 882 quod
374 855 468 876 mensa
484 856 543 876 mea
554 849 629 876 nullo
642 848 678 876 sit
695 848 777 884 digna
792 853 927 884 respectu.
944 849 1017 876 ideo-

227 901 283 929 que
308 901 342 921 ne
365 893 591 929 lmponendorum
619 895 730 930 quidem
756 902 856 929 panum
883 895 1015 922 delectum

231 939 316 967 ullum
336 939 460 968 habeatis
476 950 482 967 :
503 941 584 975 cujus
599 941 637 968 rei
651 941 783 968 indicium
797 941 880 976 368
890 945 932 968 est
944 940 1017 976 quod

230 986 383 1014 socorditer
394 994 495 1022 panum
506 987 707 1022 imposilionem
717 987 818 1019 facitis,
831 988 933 1015 nullius
940 987 1017 1022 pcusi

229 1031 363 1060 habentes
379 1032 507 1066 legitima:
522 1033 704 1060 institutionis
719 1033 932 1065 observantiam,
949 1041 1018 1068 quo-

231 1077 305 1104 niam
325 1077 387 1105 illos
409 1077 582 1112 potissimum
602 1086 703 1106 mensae
726 1078 905 1114 imponendos
935 1087 1018 1114 panes

230 1130 330 1150 curare
344 1127 492 1158 oporteret.
509 1132 559 1152 ceu
575 1132 625 1159 pro
639 1125 767 1152 universo
783 1125 884 1160 populo
899 1125 1015 1152 oblatos.

231 1168 299 1196 Nam
311 1168 382 1196 Deus
395 1169 582 1202 mandaverat,
596 1175 626 1198 ut
637 1178 684 1198 sex
701 1177 815 1197 numero
827 1174 931 1200 essent,
946 1170 1015 1196 duas

229 1215 320 1242 tribus
338 1215 364 1242 in
379 1215 493 1250 singulis
517 1215 701 1251 agnoscwdo.
727 1222 756 1243 ut
780 1216 807 1243 in
827 1224 875 1244 sex
900 1216 1017 1251 panibus

231 1259 375 1288 duodecim
400 1261 488 1288 tribus
505 1266 709 1296 reputarentur,
732 1269 781 1296 pro
800 1262 900 1296 quibus
916 1269 1015 1296 panum

232 1306 446 1342 propositionem
464 1307 521 1334 ﬁeri
536 1308 660 1342 jubebat.

1062 257 1188 292 ποιήσετε
1208 255 1346 290 ζυμωτόν·
1363 252 1450 291 οὗπερ
1464 255 1535 282 οὕτω
1558 254 1652 290 σαφῶς
1669 254 1850 289 διατεταγμέ-

1062 310 1107 328 νου
1120 301 1238 328 ἐναντίον
1246 298 1280 336 ἦν
1290 300 1330 336 τῷ
1339 299 1480 335 ξυμωτοῦς
1491 300 1655 335 προσφέρειν
1665 299 1727 330 τοὺς
1740 299 1850 334 ἄρτους,

1062 346 1133 384 ὑπὲρ
1145 344 1176 374 οὗ
1191 346 1224 382 δὴ
1239 347 1358 373 αἰτιᾶται
1371 346 1482 378 δικαίως
1500 345 1598 377 αὐτοὺς
1612 345 1650 377 ὡς
1668 344 1797 371 τάναντία
1811 344 1853 379 τῷ

1062 392 1137 428 νόμῳ
1152 392 1399 427 διαπραττομένους
1416 392 1566 428 προδήλως.
1584 400 1593 416 ι
1612 390 1664 417 Καὶ
1678 391 1784 422 εἴπατε,
1805 390 1852 416 Ἐν

1062 438 1116 465 τίνι
1148 437 1335 473 ὴλισγήσαμεν
1369 437 1486 470 αὐτούς;
1508 447 1517 463 ι
1546 437 1601 464 Καὶ
1625 436 1720 468 τοῦτο,
1750 435 1850 471 φησὶν,

1063 484 1213 518 ποιοῦντες,
1224 484 1284 512 οὐδὲ
1299 483 1501 518 συλλογίζεσθαι
1515 483 1641 518 βούλεσθε
1653 482 1699 509 τοῦ
1709 482 1851 518 γινομένου

1063 530 1114 566 τὴν
1130 530 1260 557 ἀτοπίαν·
1275 530 1306 556 τὸ
1319 529 1384 565 γὰρ,
1400 540 1408 555 ι
1428 529 1484 556 Καὶ
1497 529 1602 561 εἴπατε,
1620 538 1629 554 ι
1650 527 1787 555 κάνταῦθα
1800 528 1853 554 πάι-

1064 577 1106 603 λιν
1119 576 1168 612 τὴν
1180 576 1298 603 διάθεσιν
1316 576 1389 610 λέγει
1401 583 1407 590 ·
1423 575 1466 602 ἴνα
1486 576 1567 611 εἴπῃ,
1579 575 1620 602 ὅτι
1639 574 1682 605 Ὠς
1703 573 1780 600 οὐθὲν
1793 573 1852 599 δια-

1065 623 1247 658 πραττόμενοι
1271 620 1417 652 διάκεισθε,
1445 620 1608 656 ἀναισθησίᾳ
1631 619 1679 646 καὶ
1703 618 1854 654 ἀπροσεξίᾳ

1063 668 1114 704 τὴν
1134 667 1270 702 τοσαύτην
1293 665 1470 699 ἐργαζόμενοι
1493 664 1690 700 πλημμέλειαν.
1710 673 1719 689 ι
1744 664 1788 690 Ἐν
1813 663 1854 697 τῷ

1065 713 1153 747 λέγειν
1166 713 1248 747 ὑμᾶς,
1259 710 1389 747 Τράπεζα
1400 710 1501 746 Κυρίου
1513 710 1711 745 ὲξουδενωμένη
1723 709 1792 738 ἐστὶ.
1804 709 1853 735 καὶ

1066 758 1100 785 τὰ
1121 757 1297 793 ἐπιτιθέμενα
1321 756 1524 790 ἐξουδενώσατε.
1541 765 1550 782 ι
1566 756 1649 782 Πάλιν
1666 754 1804 782 κάνταῦθα
1823 754 1854 780 τὸ

1070 812 1079 829 ι
1097 805 1125 830 ἐν
1139 802 1177 838 τῷ
1187 802 1275 836 λέγειν
1291 812 1300 828 ι
1315 802 1384 828 οὕτω
1397 802 1487 836 φησὶν,
1499 801 1535 832 ὼς
1553 801 1613 827 ἀντὶ
1626 800 1785 835 πράγματος
1803 799 1854 833 τὴν

1067 848 1186 874 διάθεσιν
1199 847 1286 883 δηλῶν
1296 855 1302 862 ”
1321 846 1445 881 βούλεται
1468 846 1522 881 γὰρ
1538 847 1635 877 εἰπεῖν,
1647 846 1688 872 ὃτι
1715 845 1751 871 Τὸ
1767 843 1854 871 ταῦτα

1033 883 1053 910 Β
1067 896 1153 920 ποιεῖν
1170 894 1252 929 ὑμᾶς,
1277 894 1326 928 οὐχ
1341 892 1432 927 ἕτερόν
1456 901 1482 918 τι
1503 892 1572 918 κατὰ
1597 891 1714 918 διάνοιαν
1742 890 1855 926 ἔχοντας

1064 939 1208 970 δείκνυσιν,
1227 937 1282 965 οὐδ’
1297 938 1397 973 ἑτέρως
1412 945 1472 969 πως
1487 937 1685 972 διακειμένους,
1705 936 1762 963 ἀλλ’
1778 936 1794 971 ἢ
1816 936 1855 967 ὡς

1065 985 1126 1012 οὔτε
1140 985 1190 1019 τῆς
1203 984 1341 1020 τραπέζης
1354 984 1404 1017 τῆς
1415 984 1483 1020 ἐμῆς
1496 984 1639 1018 τυγχάνειν
1653 982 1724 1014 τινὸς
1736 982 1856 1016 ὀφειλού-

1067 1039 1117 1066 σης
1142 1031 1270 1066 σπουδῆς,
1291 1031 1447 1064 ἀναγκαίως
1471 1038 1501 1056 τε
1522 1030 1569 1056 καὶ
1582 1029 1636 1055 τῶν
1659 1028 1856 1063 ἐπιτιθεμένων

1065 1078 1172 1110 οὐδενὸς
1183 1077 1343 1113 ὀφειλόντων
1358 1077 1440 1109 ἀξίων
1454 1074 1523 1103 εἶναι
1535 1076 1615 1110 λόγου
1625 1084 1632 1090 ·
1648 1079 1685 1111 (ι).
1698 1075 1761 1109 545)
1776 1074 1856 1102 τοῦτο

1069 1125 1144 1160 δηλοῖ
1154 1124 1183 1150 τὺ
1195 1123 1322 1159 ῥᾳθύμως
1334 1124 1406 1159 ὑμᾶς
1419 1123 1552 1149 ποιεῖσθαι
1563 1122 1617 1148 τῶν
1631 1122 1720 1157 ἄρτων
1732 1120 1781 1155 τὴν
1791 1120 1857 1155 πρό-

1068 1170 1153 1202 θεσιν,
1170 1169 1199 1195 οὺ
1227 1168 1416 1204 φροντίζοντας
1440 1168 1514 1199 ὅπως
1536 1168 1568 1194 ἂν
1583 1167 1653 1193 κατὰ
1676 1167 1725 1201 τὴν
1741 1166 1856 1201 νομικὴν

1069 1214 1254 1250 ἐπιτελεσθείη
1269 1214 1399 1246 διάταξιν.
1414 1214 1470 1240 Καὶ
1487 1213 1594 1247 πρῶτον
1613 1213 1662 1248 μὲν
1677 1210 1736 1238 εἷπε
1757 1212 1788 1238 τὺ
1801 1211 1856 1237 τῶν

1069 1262 1169 1297 ἄρτων,
1184 1261 1221 1292 ὡς
1237 1261 1270 1288 ἂν
1293 1260 1400 1295 πρῶτον
1422 1259 1591 1295 ὰμάρτημα’
1614 1258 1759 1294 ἐπειδήπερ
1782 1257 1856 1284 ὲκείυ

1071 1316 1132 1339 νους
1149 1307 1266 1342 μάλιστα
1286 1307 1349 1338 τοὺς
1365 1305 1411 1332 ἐπὶ
1425 1306 1474 1340 τῆς
1487 1305 1625 1340 τραπέζης
1647 1303 1856 1340 προτιθεμένους

231 1356 330 1391 ἄρτους
349 1357 508 1392 ἐπιμελείας
527 1356 671 1391 τυγχάνειν
693 1355 787 1390 ἐχρῆν,
809 1355 847 1388 ὡς
874 1355 974 1391 τρόπον
996 1355 1057 1381 τινὰ
1076 1355 1144 1390 ὑπὲρ
1168 1354 1268 1385 παντὸς
1291 1353 1338 1380 τοῦ
1361 1352 1425 1379 λαοῦ
1450 1352 1684 1387 προσαγομένους·
1709 1351 1856 1386 ἐπειδήπερ

230 1402 374 1429 ἐκέλευσεν
386 1403 484 1433 αὐτοὺς
501 1403 516 1428 ό
534 1402 609 1433 Θεὸς,
623 1401 670 1428 καὶ
682 1401 712 1434 ἒξ
723 1399 791 1428 εἶναι
809 1401 854 1428 τδν
873 1400 1047 1436 ἀριθμὸν,δύο
1064 1401 1155 1435 φυλῶν
1176 1401 1204 1427 ὲν
1217 1399 1324 1433 ἑκάστῳ
1337 1398 1554 1434 γνωριζομένων,
1571 1398 1609 1429 ὡς
1628 1397 1660 1424 ἂν
1675 1398 1702 1423 ὲν
1717 1399 1773 1428 τοῖς
1789 1397 1818 1428 ἓξ
1828 1397 1856 1423 αἱ

231 1447 335 1476 δώδεκα
346 1448 567 1484 παραλογίζοιντο
581 1448 672 1482 φυλαὶ,
685 1448 756 1484 ὑπὲρ
767 1445 804 1475 ὧν
814 1449 846 1484 δὴ
858 1449 908 1484 τὴν
922 1447 1049 1483 πρόθεσιν
1064 1447 1188 1474 ἐκέλευσε
1207 1446 1346 1481 γίγνεσθαι
1362 1445 1416 1471 τῶν
1431 1445 1530 1479 ἄρτων.

268 1534 352 1562 Vens.
369 1535 431 1567 8,9.
449 1551 485 1555 —-
499 1535 577 1563 Aliud
592 1544 701 1570 quoque
720 1544 782 1564 mox
795 1536 887 1564 subdit
905 1537 1013 1564 illorum

1102 1538 1175 1573 Στίχ.
1189 1541 1224 1572 η’,
1238 1537 1270 1564 θ’.
1284 1552 1319 1556 -
1340 1536 1420 1570 Ἑξῆς
1436 1535 1464 1561 δὲ
1479 1534 1577 1568 ἐπάγει
1592 1533 1638 1560 καὶ
1655 1532 1751 1568 ἑτέραν
1767 1531 1857 1558 αὐτῶν

233 1585 386 1616 peccatum.
410 1590 420 1607 ι
440 1581 574 1614 Quoniam
599 1582 622 1609 si
647 1582 800 1609 obtuleritis
822 1589 921 1609 caecam
940 1583 1021 1610 victi-

234 1633 318 1656 mam.
334 1634 389 1653 non
410 1630 453 1654 est
474 1626 588 1653 malum.
611 1626 643 1653 Et
669 1627 691 1654 si
716 1626 872 1654 obtuleritis
896 1627 1020 1654 claudam

235 1672 277 1700 vel
291 1675 478 1706 aegrotantem,
495 1679 549 1699 non
568 1676 610 1700 est
624 1673 736 1699 malum.
757 1682 766 1698 ι
786 1672 856 1700 Dum
875 1673 1020 1707 ejusmodi,

234 1716 335 1751 inquit,
350 1716 478 1744 victimas
499 1716 614 1749 oll‘ertis,
641 1725 753 1752 peccare
777 1726 829 1745 non
845 1718 1019 1746 existimatis.

235 1761 270 1789 Et
283 1762 322 1790 rei
331 1767 399 1790 acta:
414 1762 610 1790 absurditatem
624 1764 791 1791 ostendens:
810 1773 820 1789 ι
841 1763 914 1792 Oller
924 1764 961 1795 id.
979 1765 1022 1791 in-

233 1808 305 1843 quit,
316 1808 380 1836 duci
394 1813 450 1840 tuo,
468 1809 492 1836 si
503 1809 631 1844 excipiet,
645 1809 667 1836 si
679 1810 809 1845 suscipiet
824 1810 919 1838 faciem
935 1815 1020 1844 tuam,

234 1854 302 1882 dicit
311 1853 444 1882 Dominus
457 1855 642 1890 omnipotens.
658 1864 668 1881 ι
686 1856 792 1890 Agesis.
807 1856 829 1883 si
841 1864 889 1890 per
903 1857 940 1883 rei
954 1861 1022 1884 acta:

234 1898 434 1935 absurditatem
457 1907 510 1927 non
530 1902 668 1935 agnoscis,
683 1899 727 1927 fac
743 1901 891 1935 periculum
909 1902 936 1928 in
956 1902 1022 1930 olle-

235 1944 322 1972 rendo
335 1944 452 1979 principi
470 1945 560 1979 gentis
577 1949 640 1977 tuae,
658 1949 685 1972 et
698 1945 799 1973 videsis
816 1953 880 1972 num
892 1947 1020 1981 excipiat,

207 2003 209 2005 -
236 1998 302 2018 num
319 1989 358 2017 tui
376 1997 503 2018 reverens
527 1990 597 2018 hanc
617 1990 746 2025 injuriam
763 1991 927 2019 dissimulet.
946 1993 1020 2020 Nun-

236 2043 272 2064 ηε
291 2041 387 2064 eontra
411 2040 471 2064 ate
495 2036 583 2071 magis
606 2036 728 2065 offensus
753 2045 834 2072 quam
859 2037 1020 2070 honoratus,

235 2082 434 2110 contumeliose
458 2086 485 2110 te
509 2082 616 2117 rejiciet
635 2091 698 2110 cum
724 2083 771 2110 tali
795 2083 934 2112 oblatione
958 2086 1023 2112 tua?

237 2126 428 2155 Demonstrata
442 2134 507 2154 vero
525 2132 641 2162 utraque
655 2127 824 2155 absurditate
846 2132 903 2155 tum
922 2136 1021 2164 panum

237 2176 296 2200 tum
310 2173 492 2205 victimarum,
503 2172 578 2199 addit
593 2181 600 2198 :
618 2183 626 2198 ι
637 2172 715 2200 Nunc
726 2180 791 2200 vero
807 2173 912 2208 placate
926 2174 1020 2202 faciem

1071 1583 1269 1618 πλημμέλειαν.
1287 1592 1296 1608 ι
1321 1582 1392 1608 Διότι
1417 1580 1464 1607 ἐὰν
1483 1579 1676 1615 προσαγάγητε
1698 1578 1796 1612 τυφλὸν
1817 1578 1858 1608 είς

1071 1629 1174 1661 θυσίαν,
1198 1629 1228 1655 οὑ
1253 1629 1355 1655 κακόν·
1374 1628 1420 1654 καὶ
1445 1627 1491 1654 ἐὰν
1520 1625 1714 1661 προσαγάγητε
1737 1623 1821 1658 χωλὸν
1839 1623 1856 1658 ἢ

1070 1675 1210 1710 ἇρῥωστον
1223 1694 1230 1705 ,
1251 1674 1281 1700 οὐ
1303 1674 1396 1701 κακόν.
1417 1682 1426 1698 ι
1458 1673 1501 1699 Ἐν
1518 1672 1547 1698 δὲ
1564 1671 1603 1706 τῷ
1619 1670 1747 1701 τοιαῦτα,
1772 1668 1856 1704 φησὶ,

1072 1721 1236 1756 προσφέρειν
1259 1719 1297 1754 τῷ
1313 1719 1372 1754 Θεῴ
1388 1718 1481 1750 θυσίας
1502 1718 1602 1749 ἕνεκεν,
1618 1717 1666 1752 οὐχ
1693 1715 1858 1752 ἁμαρτάνειν

1069 1766 1174 1793 οἴεσθε·
1201 1767 1248 1793 καὶ
1275 1766 1380 1798 δεικνὺς
1413 1765 1460 1792 τοῦ
1486 1765 1626 1801 γινομένου
1651 1764 1700 1800 τὴν
1726 1761 1857 1789 ἀτοπίαν·

1074 1821 1083 1837 ι
1101 1813 1262 1848 Προσάγαγε
1275 1811 1307 1847 δὴ
1321 1812 1385 1838 αὐτὸ
1400 1811 1438 1846 τῷ
1449 1811 1590 1846 ἡγουμένῳ
1602 1818 1659 1838 σου.
1675 1810 1699 1835 εἰ
1715 1806 1858 1843 προσδέξε-

1070 1866 1126 1890 ται,
1143 1859 1167 1884 εί
1188 1858 1303 1893 λήψεται
1325 1857 1470 1893 πρόσωπόν
1487 1866 1545 1888 σου,
1570 1856 1642 1890 λέγει
1665 1855 1765 1890 Κύριος
1790 1861 1858 1879 παν-

1070 1903 1221 1939 τοκράτωρ.
1235 1912 1244 1928 ι
1259 1902 1339 1929 Ἀλλὰ
1349 1902 1403 1938 γὰρ
1414 1903 1437 1929 εἰ
1451 1902 1487 1938 μὴ
1501 1902 1571 1929 κατὰ
1585 1901 1680 1928 σαυτὸν
1690 1899 1801 1934 συνορᾷς
1811 1898 1857 1925 τοῦ

1071 1949 1213 1984 γινομένου
1229 1948 1260 1974 τὸ
1274 1948 1383 1980 ἄτοπον,
1404 1947 1565 1983 πειράσθητι
1590 1947 1655 1974 αὐτὸ
1675 1945 1858 1981 προσαγαγεῖν

1071 1995 1110 2030 τῷ
1124 1995 1172 2030 τὴν
1192 1995 1340 2030 ἡγεμονίαν
1360 1994 1436 2029 ὑμῶν
1457 1993 1676 2028 πεπιστευμένῳ·
1700 1992 1746 2018 καὶ
1762 1991 1858 2017 θέασαι

1070 2040 1103 2076 δὴ
1113 2041 1138 2066 εί
1151 2039 1265 2073 δέξεται,
1277 2041 1302 2066 εί
1314 2040 1382 2066 αἰδοῖ
1391 2041 1424 2075 τῇ
1437 2040 1505 2075 πρὸς
1518 2040 1547 2066 σὲ
1559 2041 1693 2074 κομιεῖται
1706 2038 1754 2073 τὴν
1768 2036 1855 2071 ὕϐριν·

1071 2087 1130 2122 οὐχ).
1142 2086 1171 2113 δὲ
1187 2087 1341 2113 τούναντίον
1355 2086 1393 2118 ὡς
1411 2086 1443 2114 ἂν
1458 2086 1619 2121 ὑϐρισμένος
1639 2083 1714 2120 παρὰ
1729 2082 1774 2110 σοῦ
1790 2082 1858 2118 μᾶλ-

1071 2132 1116 2159 λον
1132 2132 1149 2167 ἢ
1163 2132 1353 2168 τετιμημένος,
1368 2132 1554 2168 προσυδρίσας
1569 2140 1598 2157 σε
1612 2129 1768 2164 ἀποπέμψει
1789 2128 1859 2163 μετὰ

1071 2177 1118 2204 τοῦ
1140 2178 1386 2213 προσκομισθέντπ
1400 2178 1476 2210 ὄντος
1498 2177 1636 2210 τοιούτους
1656 2176 1750 2209 Δείξας
1770 2174 1859 2201 αὐτῶν

236 2217 287 2246 Dei
305 2218 398 2252 vestri,
416 2225 533 2253 eumque
548 2218 743 2254 deprecemini,
757 2222 786 2246 ut
797 2219 881 2246 vestri
895 2220 1018 2247 miserea-

1074 2211 1232 2258 ἀμφοτέρας
1247 2211 1303 2262 τᾲς
1323 2224 1436 2255 ἀτοπίας
1452 2225 1500 2258 τήν
1525 2231 1553 2250 τε
1573 2222 1619 2248 ἐπὶ
1634 2221 1688 2248 τῶν
1711 2221 1800 2256 ἄρτων
1813 2219 1859 2246 καὶ

235 2268 292 2292 tur.
312 2274 323 2291 ι
342 2264 396 2300 Age
409 2264 465 2300 jam
483 2265 584 2292 abhinc
601 2265 692 2300 priora
705 2265 848 2293 emendate
862 2271 982 2301 peccata.
996 2272 1023 2294 et

236 2310 280 2339 his
299 2311 422 2343 omissis,
446 2311 648 2346 praeteritorum
662 2311 744 2338 etiam
770 2312 906 2346 postulate
925 2320 940 2339 a
967 2312 1022 2341 Deo

236 2357 354 2385 veniam.
363 2357 452 2393 lisque
460 2358 557 2385 merito
566 2358 690 2385 timorem
702 2358 862 2391 incutiens;
875 2358 901 2386 In
911 2360 1022 2394 vestris,

238 2402 339 2438 inquit,
362 2403 489 2430 manibus
505 2403 563 2430 haec
578 2407 651 2430 sunt.
670 2412 679 2429 ι
701 2402 808 2430 Recens
822 2407 864 2431 est
880 2405 1021 2432 calamita-

237 2453 295 2476 tum
317 2449 496 2484 experientia,
517 2449 545 2476 in
568 2456 639 2484 quas
653 2449 735 2484 paulo
758 2453 822 2477 ante
839 2450 974 2478 incidistis
990 2452 1025 2480 ob

238 2494 321 2522 debiti
336 2495 416 2522 ollicii
438 2495 641 2531 negligentiam.
664 2503 781 2531 quorum
807 2497 941 2532 pracipue
965 2505 1022 2525 me-

239 2547 329 2568 mores
343 2540 462 2567 studium
483 2547 564 2568 omne
581 2541 718 2568 honestati
733 2540 839 2569 debelis
856 2542 1022 2577 impendere.

242 2594 252 2611 ι
275 2586 316 2612 An
328 2593 362 2612 ex
381 2586 461 2613 vobis
482 2585 630 2620 suspiciam
645 2586 729 2613 facies
749 2587 872 2614 vestras?
891 2589 958 2615 dicit
970 2588 1023 2616 Do-

241 2631 331 2660 minus
344 2632 528 2668 omnipotens.
547 2642 557 2658 ι
572 2631 642 2659 Hinc
657 2632 740 2668 369
753 2632 859 2661 debetis
877 2641 1023 2670 cognosce-

241 2685 280 2709 re,
298 2686 341 2706 me
357 2686 391 2706 ne
411 2686 484 2706 nunc
511 2678 621 2714 quidem
646 2686 695 2706 vos
713 2683 868 2714 peccantes,
897 2685 1022 2716 respectu

240 2723 337 2758 dignos
365 2723 531 2757 habiturum,
552 2724 605 2752 nisi
627 2723 784 2760 paenitendo
807 2724 906 2753 delicta
933 2731 1024 2754 veSIra

238 2769 398 2797 emendetis.

1074 2269 1122 2304 τὴν
1130 2269 1239 2296 ἐπὶτῶν
1247 2270 1382 2304 θυμάτων,
1391 2270 1497 2303 ὲπάγει.
1510 2278 1519 2293 ι
1533 2269 1588 2295 Καὶ
1595 2267 1642 2295 νῦν
1650 2265 1820 2300 ὲξιλάσκεσθε
1829 2265 1859 2291 τὺ

1075 2315 1218 2350 πρόσωπον
1226 2314 1272 2341 τοῦ
1283 2314 1349 2341 Θεοῦ
1360 2314 1447 2349 ὑμῶν,
1462 2315 1508 2341 καὶ
1518 2313 1630 2349 δεήθητε
1644 2312 1736 2346 αὑτοῦ,
1746 2313 1782 2346 (p.
1795 2310 1858 2344 5M)

1075 2360 1118 2387 ἴνα
1133 2360 1230 2395 ἐλεήσῃ
1244 2361 1325 2396 ὑμᾶς.
1347 2370 1356 2386 ι
1381 2359 1460 2386 Ἀλλὰ
1474 2359 1529 2394 γὰρ
1547 2358 1599 2385 κᾶν
1617 2359 1673 2389 τοῖς
1691 2357 1760 2393 μετὰ
1773 2356 1859 2383 ταῦτα

1073 2405 1262 2441 διωρθώσασθε
1272 2407 1305 2433 τὰ
1316 2405 1432 2441 πρόσθεν
1443 2405 1519 2440 ὑμῶν
1531 2405 1726 2440 ἁμαρτήματα,
1737 2402 1784 2429 καὶ
1795 2409 1859 2428 παυ-

1075 2452 1186 2488 σάμενοι
1209 2452 1255 2478 τοῦ
1278 2452 1390 2478 τοιαῦτα
1412 2451 1632 2488 διαπράττεσθαι,
1652 2450 1691 2476 ἔτι
1715 2450 1783 2484 ὑπὲρ
1804 2449 1859 2475 τῶν

1073 2497 1296 2533 παρεληλυθότων
1309 2499 1440 2533 αἰτήσατε
1451 2498 1612 2532 συγγνώμης
1624 2498 1714 2531 τυχεῖν
1726 2495 1801 2529 παρὰ
1812 2494 1858 2521 τοῦ

1071 2544 1149 2570 Θεοῦ.
1163 2544 1216 2570 Καὶ
1235 2544 1324 2578 φοϐῶν
1335 2544 1447 2576 εἰκότως
1457 2553 1463 2559 ·
1481 2554 1491 2570 ι
1512 2544 1556 2571 Ἐν
1569 2543 1660 2579 χερσὶν
1675 2542 1751 2577 ὑμῶν
1764 2541 1857 2576 γέγονε

1072 2590 1167 2616 ταῦτα.
1184 2600 1194 2616 ι
1218 2590 1346 2624 Ἐγγὺθεν
1359 2591 1413 2626 γὰρ
1424 2591 1499 2626 ἔχετε
1511 2591 1565 2616 τῶν
1579 2589 1672 2616 κακῶν
1685 2589 1733 2623 τὴν
1745 2589 1841 2620 πεῖραν
1850 2595 1857 2602 ·

1071 2633 1112 2668 οἷς
1126 2636 1156 2663 οὺ
1171 2637 1225 2672 πρὸ
1233 2636 1329 2663 πολλοῦ
1342 2636 1567 2672 περιπεπτώκατε
1586 2635 1628 2662 διὰ
1644 2635 1692 2670 τὴν
1708 2633 1755 2660 τοῦ
1775 2641 1858 2668 προσ-

1072 2682 1184 2717 ήκοντος
1207 2682 1345 2717 ἀμέλειαν,
1363 2679 1400 2709 ὧν
1409 2683 1441 2718 τῇ
1456 2683 1548 2718 μνήμῃ
1565 2682 1680 2717 μάλιστα
1688 2681 1776 2706 πᾶσαν
1786 2678 1858 2713 ἔχειν

1075 2728 1147 2762 ὑμᾶς
1165 2728 1324 2763 ἐπιμέλειαν
1338 2729 1468 2763 προσήκει
1485 2727 1532 2754 τοῦ
1552 2727 1645 2754 καλοῦ.
1662 2736 1671 2752 ι
1692 2726 1724 2752 Εἰ
1738 2725 1858 2760 λήψομαι

1076 2773 1106 2805 ἐξ
1116 2774 1193 2809 ὑμῶν
1201 2775 1332 2808 πρόσωπα
1343 2773 1429 2808 ὑμῶν,
1438 2774 1510 2808 λέγει
1520 2773 1561 2800 Κύ
1567 2770 1832 2808 ριοςπαντοκράτωρ.
1845 2778 1855 2795 ι

246 2815 304 2850 Ἀφ’
318 2812 356 2842 ὧν
371 2815 493 2850 ὀφείλετε
514 2815 620 2848 εἰδέναι.
634 2815 673 2846 ὡς
692 2815 753 2842 οὐδὲ
768 2815 815 2842 νῦν
827 2816 898 2851 ὑμεῖς
916 2817 1120 2854 ἁμαρτάνοντας
1135 2819 1338 2855 αἰδεσθήσομαι,
1367 2820 1391 2846 εἰ
1414 2820 1450 2854 μὴ
1465 2817 1629 2855 μεταμελεία
1643 2817 1703 2844 τινὰ
1716 2815 1857 2851 διόρθωσιν

240 2859 406 2895 ὲπαγάγοιτε
419 2863 474 2895 τοῖς
492 2860 742 2897 πλημμελουμένοις
759 2862 823 2899 παρ’
839 2862 926 2898 ὑμῶν.
