1983 3072
154 153 213 181 ωδ

623 153 899 183 COMMENTARIUS
915 152 947 180 IN
964 152 1153 181 ηΑιΑωιιΑι
1171 148 1249 181 CAP.
1267 153 1288 180 ι.

1739 148 1794 177 σοσ

192 210 268 246 falx.
286 210 413 246 ι’-ιβ’.-ι
425 211 496 238 Διότι
508 212 555 239 καὶ
565 212 594 238 ὲν
609 212 673 248 ὑμῖν
692 213 946 248 συγκλεισθήσονται

1024 209 1119 248 γης.
1143 209 1234 236 1042.
1263 224 1298 228 —
1317 217 1327 235 ι
1348 207 1483 242 Quoniam
1505 209 1534 235 et
1560 205 1589 234 in
1614 205 1691 234 vobis
1715 205 1794 233 clau-

156 256 251 293 θύραι,
261 258 309 285 καὶ
320 258 370 285 οὐκ
379 258 496 293 evasere
505 258 536 285 τὸ
550 258 742 295 θυσιαστήριόν
756 267 806 294 μου
818 258 948 294 δωρεάν.»

156 304 195 331 Οὐ
213 304 269 341 γὰρ
280 305 398 341 χαλεπόν
415 314 460 342 μοι
474 305 520 332 καὶ
533 306 580 333 νῦν
592 306 692 333 ἄϐατον
704 306 768 341 ὑμῖν
784 306 895 341 ποιῆσαι
906 305 951 331 τὸν

156 351 223 378 ναὸν
235 350 281 378 τὸν
295 351 371 387 ὲμὺν,
385 351 433 378 καὶ
449 351 551 379 παῦσαι
569 352 649 379 πάλιν
659 352 732 387 ὑμᾶς
743 351 790 378 τοῦ
802 351 842 387 τῷ
859 351 951 378 θυσια-

158 397 262 432 στηρίῳ
274 397 468 433 ὑπηρετεῖσθαι
485 397 524 432 τῷ
543 396 612 433 ἐμῷ,
629 396 878 433 διαπραττομένους
893 404 949 422 τοι-

157 443 247 470 αῦτα·
261 443 330 479 ὅπερ
351 441 397 470 οὖν
415 444 467 479 ἤδη
490 443 639 479 πεποίηκα,
661 443 798 479 παραδοὺς
821 443 870 478 μὲν
883 442 951 477 πυρὶ

157 489 233 521 ναὸν,
256 488 350 525 ἐπειδὴ
365 488 595 524 πλημμελοῦντας
613 489 684 525 ὑμᾶς
703 489 840 524 ἀνήκεστα
857 487 950 524 ἐώρων

157 535 188 561 ὲν
203 535 278 570 αὐτῷ
288 543 296 550 ο
315 535 489 571 αἰχμαλωσίᾳ
508 535 536 562 δὲ
551 536 623 571 ὑμᾶς
639 535 783 572 παραδοὺς,
808 538 837 562 έν
884 534 949 562 καθ-

156 580 285 613 εστῶτες,
299 581 376 608 οὐδὲν
382 581 436 608 τῶν
448 582 489 613 είς
503 581 641 618 ἱερατικὴν
651 581 819 617 λειτουργίαν
829 581 949 617 ἡκόντων

158 627 246 653 ποιεῖν
262 623 314 653 οἷοί
328 635 358 653 τε
373 624 433 662 ἦτε.
451 637 461 652 ‹
478 627 536 654 υὺκ
550 627 623 654 ἔστιν
642 627 748 663 θέλημά
763 635 814 663 μου
827 628 856 653 ὲν
873 627 947 662 ὑμῖν,

157 672 233 707 λέγει
249 672 353 708 Κύριος
377 673 585 708 παντοκράτωρ,
608 673 655 700 καὶ
674 673 770 699 θυσίαν
789 673 819 699 οὐ
836 672 949 708 προσδέο

157 717 240 753 ξομαι
255 717 352 744 ἐκτῶν
367 717 466 753 χειρῶν
488 717 574 754 ὑμῶν.
598 727 607 744 ι
625 716 661 745 Εὖ
678 717 730 753 γὰρ
744 718 800 744 ἴστε
817 718 858 744 δτι
870 717 948 752 ἄχρις

157 762 192 790 ἂν
207 762 320 790 τοιαῦτα
339 762 546 799 διαπράττεσθε,
565 763 773 798 ἀποστρέφομαί
789 771 820 789 τε
836 763 870 789 τὰ
884 763 947 798 παρ’

157 807 237 844 ὑμῶν
250 808 390 844 γινόμενα,
407 809 454 835 καὶ
472 808 520 840 τὰς
533 808 629 840 θυσίας
644 808 721 844 ὑμῶν
733 808 763 835 οὐ
785 809 946 844 προσίεμαι·

156 853 228 881 ὥστε
245 854 306 881 οὐδὲ
320 854 352 881 τὸ
377 854 473 889 κέρδος
489 854 645 886 ἀποίσεσθε,
663 854 700 890 (p.
717 854 780 888 545)
795 852 879 891 οὗπερ
902 852 948 882 οὗν

157 899 246 926 ἑλπίδι
260 899 315 926 τῶν
330 899 430 926 θυσιῶν
440 900 489 936 τὴν
502 900 687 936 προσκομιδὴν
701 900 829 927 ποιεῖσθε.
848 910 858 926 Ι
876 901 947 927 Διότι

156 945 212 972 ἀπὸ
222 945 359 972 ἀνατολῶν
373 945 448 981 ἡλίου
464 945 512 972 καὶ
526 946 579 977 ἕως
593 945 702 981 δυσμῶν
717 946 800 973 αὑτοῦ
816 946 846 973 τὸ
863 946 949 982 ὀνομά

158 999 211 1025 μου
223 990 359 1024 δοξάσειεν
371 991 426 1022 τοῖς
437 990 535 1022 ἔθνεσι,
549 991 597 1018 καὶ
608 991 637 1017 ὲν
645 992 726 1018 παντὶ
739 991 813 1028 τόπῳ
822 992 948 1027 θυμίαμα

156 1035 325 1072 προσάγεται
337 1035 375 1071 τῷ
387 1035 498 1071 ὀνόματί
510 1044 573 1071 μου,
586 1036 633 1062 καὶ
646 1036 725 1063 θυσία
739 1036 847 1071 καθαρά
857 1045 864 1052 ·
880 1038 947 1064 διότι

158 1082 232 1118 μέγα
248 1082 279 1109 τὸ
293 1082 378 1118 ὕνομά
390 1090 440 1117 μου
456 1082 485 1108 ἐν
498 1083 555 1114 τοῖς
565 1081 664 1114 έθνεσι,
678 1082 753 1117 λέγει
763 1082 863 1118 Κύριος
877 1092 947 1110 παν-

156 1129 311 1166 τοκράτωρ.
336 1138 346 1155 ι
370 1128 551 1164 ’Δπανταχοῦ,
567 1129 644 1164 φησὶ,
659 1129 711 1164 γῆς
732 1130 781 1165 τὴν
800 1129 947 1166 ὀνομασίαν

156 1176 208 1212 τὴν
219 1176 288 1212 ἐμὴν
303 1175 422 1208 ἅπαντες
432 1175 576 1202 διώκουσιν
589 1176 613 1202 οι
625 1177 690 1203 ὅπου
702 1176 765 1202 ποτὲ
778 1176 947 1209 καθεστῶτες

155 1220 212 1247 τῶν
224 1220 373 1256 ἀνθρώπων
383 1228 390 1235 ⁸
399 1220 465 1247 Θεὸν
480 1220 534 1257 γὰρ
548 1220 637 1248 σέϐειν
654 1221 820 1248 ἐσπούδακεν
833 1221 947 1255 ἕκαστος

156 1267 205 1294 καὶ
217 1267 266 1304 τὴν
280 1267 373 1294 τούτου
388 1267 529 1303 περιέπειν
541 1267 697 1303 ὀνομασίαν,
711 1268 749 1300 ὼς
765 1267 799 1295 ἂν
812 1269 946 1296 Δεσπότου

155 1322 188 1341 τε
203 1315 251 1341 καὶ
272 1314 389 1350 Κυρίου·
406 1315 475 1349 ὅπερ
497 1312 544 1341 οὖν
558 1315 642 1346 ὅντως
663 1315 721 1350 εἰμὶ
743 1315 798 1349 ἐγώ
809 1323 817 1331 ·
839 1315 909 1342 ὥστε
922 1316 946 1342 εἱ

157 1359 207 1386 καὶ
237 1360 440 1395 πεπλανημένοι
461 1357 502 1392 οἷς
525 1360 555 1387 οὐ
578 1360 698 1396 προσῆκε
724 1361 775 1396 τὴν
799 1360 947 1396 ὀνομασίαν

157 1405 327 1441 περιτιθέασι
351 1405 402 1441 τὴν
415 1406 496 1442 ἐμὴν,
519 1405 587 1433 ἀλλὰ
604 1406 653 1442 τὴν
668 1406 737 1442 ἐμήν
753 1414 786 1441 γε
799 1407 873 1438 ὅπως
896 1415 947 1433 πε-

157 1451 300 1485 ριέπουσιν
329 1451 458 1484 ἅπαντες,
482 1452 529 1479 καὶ
553 1453 596 1479 ἐπ’
620 1452 730 1488 ὀνόματι
756 1452 795 1488 τῷ
818 1451 877 1488 ἐμῷ
896 1451 947 1485 τὰς

156 1495 254 1528 θυσίας
266 1497 429 1530 ἐπιτελοῦσι,
444 1497 552 1525 πάντων
575 1498 700 1534 μέγιστον
718 1498 763 1524 καὶ
777 1499 886 1526 πάντων
899 1498 947 1525 ὑπ-

156 1542 254 1578 ερέχον
268 1542 430 1578 νομιζόντων
439 1544 471 1571 τὺ
484 1544 576 1579 Θεῖοψ
591 1544 668 1580 ὑμεῖς
684 1544 713 1571 δὲ
729 1544 758 1571 τὸ
773 1544 849 1580 παρὰ
863 1545 946 1572 πᾶσιν

155 1587 229 1615 οὕτω
247 1588 317 1624 μέγα
333 1597 362 1616 τε
380 1589 556 1626 νομιζόμενον
569 1590 616 1617 καὶ
639 1589 737 1617 σεπτὸν
758 1590 945 1626 ἐξυϐρίζοντες

156 1634 287 1669 φαίνεσθε
298 1642 304 1649 ·
318 1635 410 1671 ἐπειδὴ
423 1636 452 1662 έν
461 1636 500 1671 τῷ
511 1636 560 1671 τὴν
575 1635 715 1671 τράπεζαν
734 1636 783 1673 τὴν
802 1637 871 1672 ἐμὴν
886 1645 945 1664 κοι-

155 1680 206 1716 νὴν
222 1680 357 1716 ἡγεῖσθαι,
373 1682 419 1708 καὶ
441 1682 523 1718 μηδὲν
537 1682 652 1717 ἔχουσαν
666 1682 745 1709 πλέον
763 1682 818 1710 τῶν
831 1683 944 1716 λοιπῶν,

155 1727 192 1753 τά
209 1735 238 1753 τε
252 1727 427 1762 ἐπιτιθέμενα
443 1728 577 1764 μηδεμιᾶς
594 1728 657 1761 ἄξια
677 1729 799 1765 νομίζειν
817 1729 944 1765 σπουδῆς,

155 1772 270 1800 τοιαῦτά
285 1773 314 1800 τέ
331 1782 376 1809 μοι
389 1774 564 1810 προσφέρειν,
576 1775 625 1811 τὴν
638 1775 708 1811 ἐμὴν
721 1775 868 1811 ὀνομασίαν
878 1784 945 1812 προ-

156 1818 245 1853 δήλως
256 1819 452 1855 ὲνυϐρίζοντες,
472 1820 599 1854 φαίνεσθε
617 1821 646 1847 ὲν
661 1821 767 1853 οὐδενὸς
783 1821 861 1857 μέρει
875 1821 946 1848 τιθέ-

158 1870 234 1897 μενοι
250 1862 281 1889 τὸ
298 1863 384 1894 Θεῖον.
395 1863 410 1891 ὀ
425 1863 500 1900 παρὰ
521 1865 603 1892 πᾶσιν
616 1865 687 1892 οὕτω
700 1874 729 1892 τε
752 1866 824 1900 μέγα
838 1866 885 1893 καὶ
899 1875 946 1901 φο-

157 1907 237 1943 ϐερὸν
253 1909 418 1945 ὑπείληπται
440 1910 487 1937 καὶ
501 1910 647 1946 σεϐάσμιον
667 1912 713 1938 καὶ
734 1912 842 1939 πάντων
859 1912 945 1948 ὑπερ-

156 1952 218 1988 έχον
229 1953 350 1986 δικαίως.

193 1999 266 2035 Στίχ.
286 1999 330 2035 ιγ’,
346 2000 386 2031 is.
398 2016 434 2021 —-
448 2010 458 2027 ι
476 2000 530 2028 Καὶ
543 2002 647 2036 εἴπατε,
665 2001 757 2029 Ταῦτα
769 2002 802 2029 ἐκ
821 2011 946 2030 κακοπα-

157 2045 233 2078 θείας
248 2047 306 2073 ἐστι
317 2054 324 2062 '
339 2048 385 2074 καὶ
401 2047 554 2084 ὲξεφύσησα
573 2048 652 2080 αὐτὰ,
669 2048 743 2083 λέγει
762 2049 863 2084 Κύριος
879 2058 946 2076 παν-

155 2093 311 2129 τοκράτωρ.
331 2102 340 2120 ι
355 2091 422 2120 Εῐτα
433 2094 511 2130 ὑμεῖς
523 2093 583 2129 μὲν,
597 2094 673 2130 φησὶ,
689 2095 852 2130 σεμνύνεσθε
864 2095 902 2128 ὡς
913 2096 945 2123 ἐκ

157 2138 240 2165 πόνου
263 2139 310 2166 καὶ
331 2139 451 2175 ἱδρώτων
469 2139 516 2167 καὶ
537 2140 722 2172 κακοπαθείας
746 2141 945 2177 προσφέροντες

159 2185 239 2217 ίδίας,
254 2185 290 2221 (p.
306 2185 368 2221 546)
383 2186 439 2220 ἐγὼ
450 2186 478 2213 δὲ
494 2186 564 2213 αὐτὰ
585 2186 734 2223 ἁπέρῥιψα,
751 2186 884 2223 τοσαύτην
898 2184 945 2214 οὖ-

1002 255 1101 283 dentur
1122 255 1201 288 ostia,
1221 262 1309 289 neque
1325 253 1503 281 succendetisa
1521 253 1608 280 altare
1626 259 1717 279 meum
1734 259 1793 287 gra-

1002 301 1048 328 tis.
1068 310 1078 328 »
1095 300 1154 328 Νοη
1174 304 1217 328 est
1233 300 1306 327 enim
1322 299 1387 326 mihi
1404 299 1531 331 arduum,
1549 298 1678 334 templum
1701 305 1792 325 meum

1001 346 1079 374 vobis
1095 347 1266 374 inaccessum
1285 345 1401 377 ellicere,
1422 345 1554 380 vobisque
1576 343 1729 372 ministerio
1752 343 1792 370 al-

1001 391 1069 419 taris
1086 391 1140 418 mei
1161 390 1335 422 interdicere,
1351 390 1414 417 talia
1426 391 1588 425 agentibus:
1604 391 1678 426 quod
1693 397 1791 425 reapse

999 437 1055 472 jam
1077 436 1140 468 feci,
1165 437 1221 472 igni
1247 436 1377 471 templum
1409 436 1550 468 tradendo,
1577 441 1721 471 postquam
1740 443 1790 463 vos

1001 482 1208 510 intolerabiliter
1231 489 1345 517 peccare
1363 481 1391 508 in
1404 489 1437 509 eo
1450 481 1640 514 animadverti,
1665 488 1716 509 nec
1733 489 1788 508 non

1001 529 1030 557 in
1045 529 1234 564 captivitatem
1247 529 1429 561 amandando,
1442 529 1471 556 in
1489 536 1543 564 qua
1558 529 1700 556 constituti
1720 528 1788 555 nihil

1000 576 1035 604 ad
1057 576 1227 604 sacerdotale
1250 575 1432 603 ministerium
1450 575 1592 610 pertinens
1613 581 1693 609 agere
1715 579 1789 609 pote-

999 623 1077 650 ratis.
1097 631 1106 648 ι
1124 622 1183 650 Non
1203 626 1246 650 est
1259 623 1386 650 voluntas
1402 628 1461 649 mea
1483 620 1510 648 in
1530 620 1621 653 vobis,
1645 619 1713 647 dicit
1737 619 1789 646 Do-

1000 668 1092 696 minus
1111 668 1306 703 omnipotens;
1323 675 1413 703 neque
1433 667 1571 694 victimam
1602 666 1735 702 accipiam
1755 666 1790 693 de

999 714 1126 742 manibus
1143 714 1252 742 vestris.
1270 723 1280 740 ›
1297 713 1386 741 Probe
1412 713 1520 745 scitote,
1538 720 1582 740 me
1602 712 1724 748 quandiu
1751 711 1789 738 ita

999 767 1049 787 vos
1061 759 1167 795 geritis,
1188 763 1382 786 aversaturum
1400 759 1532 794 quidquid
1553 759 1582 786 nt
1604 766 1619 785 a
1633 758 1722 789 vobis.
1743 765 1790 785 ne-

998 811 1052 838 que
1067 803 1202 831 sacriﬁcia
1222 808 1314 831 vostra
1337 803 1523 831 admissurum
1537 812 1545 831 τ
1562 803 1740 838 quamobrem
1756 810 1791 830 ne

998 850 1212 877 emolumentum
1235 850 1345 885 quidem
1363 849 1556 885 reportabitis,
1574 851 1654 883 cujus
1677 856 1726 884 spe
1747 856 1791 876 sa-

964 890 986 918 B
1001 895 1104 922 crincia
1129 894 1277 923 adducitis.
1295 903 1305 921 ι
1321 895 1455 928 Quoniam
1475 895 1509 923 ab
1523 899 1585 922 ortu
1612 895 1679 923 solis
1703 902 1791 930 usque

1001 941 1035 967 ad
1051 948 1180 969 occasum
1203 940 1274 976 ejus,
1299 948 1398 969 nomen
1421 948 1511 969 meum
1536 940 1744 974 honoriﬁcatur,
1761 944 1790 968 et

1002 985 1028 1010 in
1055 985 1127 1012 omni
1153 986 1213 1012 loco
1235 987 1377 1014 incensum
1399 985 1512 1014 oll‘ertur
1534 985 1639 1013 nomini
1663 993 1735 1017 meo,
1761 989 1790 1013 et

1001 1032 1133 1058 mundqu
1159 1032 1337 1059 sacriﬁcium.
1369 1032 1438 1065 Quia
1464 1040 1591 1068 magnum
1619 1037 1662 1060 est
1689 1039 1787 1060 nomen

1001 1083 1091 1104 meum
1117 1077 1144 1104 in
1171 1077 1308 1112 gentibus,
1328 1078 1396 1105 dicit
1419 1077 1551 1106 Dominus
1575 1078 1757 1112 omnipotens.
1775 1088 1785 1104 ι

1002 1121 1117 1159 Ubique,
1132 1123 1231 1160 inquit,
1247 1128 1382 1152 terrarum
1398 1132 1497 1152 nomen
1516 1133 1606 1153 meum
1629 1126 1720 1153 cuncti
1743 1134 1786 1154 se-

1001 1174 1112 1197 ctantur
1144 1170 1278 1206 cujusque
1309 1171 1429 1206 regionis
1460 1171 1567 1199 incolat.
1597 1171 1663 1198 Nam
1687 1172 1787 1207 singuli

1002 1213 1087 1243 Deum
1119 1216 1209 1244 colere
1235 1220 1373 1252 satagunt,
1402 1217 1516 1252 ejuSque
1537 1225 1635 1244 nomen
1662 1218 1786 1244 venerari

1002 1267 1053 1288 ceu
1077 1260 1207 1296 principis
1239 1267 1321 1297 atque
1345 1262 1449 1290 domini
1463 1271 1470 1290 :
1484 1261 1670 1297 cujuscemodi
1694 1269 1788 1290 revera

1000 1314 1051 1342 ego
1070 1314 1132 1334 sum
1150 1307 1241 1335 :adeo
1258 1311 1298 1340 ut,
1326 1309 1434 1336 etiamsi
1458 1316 1550 1336 errore
1564 1308 1668 1343 decepti
1688 1315 1788 1335 nomen

1000 1351 1036 1380 iis
1054 1359 1125 1387 quos
1148 1360 1203 1380 non
1224 1352 1301 1380 decet
1317 1353 1472 1389 imponunt.
1489 1354 1667 1381 nihilominus
1689 1361 1788 1381 nomen

1001 1397 1090 1425 adhuc
1119 1405 1210 1425 meum
1240 1398 1442 1433 quodammodo
1469 1399 1605 1426 honorant
1629 1407 1736 1431 omnes,
1761 1403 1788 1426 et

1002 1443 1030 1470 in
1049 1444 1161 1472 nomine
1179 1451 1240 1472 meo
1259 1445 1393 1472 sacriticia
1415 1445 1568 1480 perficiunt,
1585 1445 1648 1472 dum
1665 1445 1788 1472 omnium

1000 1496 1091 1517 rerum
1112 1489 1259 1516 maximam
1277 1494 1305 1517 et
1322 1490 1579 1518 excellentissimam
1595 1490 1721 1525 judicant
1747 1491 1788 1518 di-

1001 1534 1151 1562 vinitatem.
1171 1534 1224 1562 Vos
1241 1539 1332 1562 tamen
1351 1543 1407 1563 rem
1429 1536 1553 1563 omnium
1577 1536 1706 1571 opinione
1729 1544 1788 1563 ma-

958 1568 980 1598 c
996 1585 1080 1613 3mm
1104 1587 1137 1607 ac
1162 1581 1344 1608 venerabilem
1368 1582 1533 1609 contumelia
1560 1568 1690 1617 prosequi
1706 1582 1784 1610 vide-

999 1625 1076 1658 mini,
1089 1626 1153 1661 quia
1168 1626 1232 1654 dum
1250 1634 1374 1654 mensam
1395 1635 1483 1655 meam
1507 1628 1672 1656 existimatis
1695 1629 1787 1663 profa-

998 1679 1073 1705 nam,
1094 1676 1122 1699 et
1149 1672 1237 1699 nihilo
1264 1673 1351 1708 pluris
1372 1680 1454 1708 quam
1485 1674 1564 1706 alias,
1590 1679 1618 1701 et
1643 1682 1704 1709 quae
1733 1675 1788 1703 illic

997 1716 1139 1752 imponitis
1161 1718 1236 1745 nullo
1257 1717 1365 1745 delectu
1389 1718 1560 1753 diguamini,
1583 1723 1611 1746 et
1635 1719 1692 1746 haec
1721 1719 1787 1747 mibi

997 1762 1142 1790 olIerenles
1160 1763 1265 1790 nomini
1277 1770 1337 1791 meo
1346 1763 1488 1791 manifeste
1503 1763 1597 1798 injurii
1612 1765 1688 1795 estis,
1706 1764 1784 1796 hinc,

998 1808 1121 1844 inquam,
1139 1807 1223 1836 Deum
1237 1808 1320 1844 37o
1340 1808 1418 1836 ﬂocci
1436 1808 1493 1837 fieri
1511 1816 1526 1836 a
1553 1809 1632 1836 vobis
1658 1814 1778 1841 constat,

989 1855 1047 1888 .qui
1069 1855 1190 1882 omnium
1210 1855 1315 1891 judicio
1339 1863 1453 1890 magnus
1481 1859 1525 1883 est
1552 1860 1579 1883 et
1606 1856 1736 1884 terribilis
1759 1859 1787 1883 et

999 1905 1132 1937 angustus
1152 1904 1179 1928 et
1191 1908 1236 1928 res
1251 1908 1346 1928 omnes
1363 1901 1461 1928 merito
1472 1900 1616 1928 excedens.

1034 2008 1117 2037 Vens.
1137 2009 1180 2041 15,
1197 2008 1238 2035 id.
1257 2023 1293 2029 ——
1311 2017 1321 2034 ι
1339 2007 1372 2034 Et
1386 2008 1494 2036 dixistis
1512 2017 1518 2035 :
1540 2008 1602 2036 Hmc
1618 2009 1652 2037 ab
1665 2016 1787 2036 aerumna

998 2059 1072 2083 sunt.
1090 2055 1122 2082 Et
1137 2054 1278 2082 cxsuﬂ'lavi
1293 2061 1336 2086 ea,
1351 2054 1418 2081 dicit
1432 2053 1563 2082 Dominus
1577 2055 1758 2090 omnipotens.
1774 2064 1783 2080 ι

999 2099 1103 2128 Deinde
1131 2109 1190 2135 vos,
1214 2101 1313 2137 inquit,
1344 2100 1497 2136 gloriamini
1522 2101 1600 2135 quasi
1626 2109 1659 2129 ex
1682 2101 1786 2134 labore,

999 2146 1157 2180 sudoribus,
1173 2154 1348 2182 aerumnaque
1360 2147 1470 2182 propria
1488 2145 1652 2180 oﬂ‘erentes;
1667 2151 1786 2175 attamen

1001 2200 1050 2228 ego
1073 2192 1130 2220 haec
1146 2193 1240 2227 rejeci,
1260 2197 1364 2220 tantum
1380 2197 1500 2220 vestrum
1525 2192 1551 2220 in
1565 2192 1703 2220 oll‘erendo
1720 2201 1787 2220 con-

158 2239 209 2258 σαν
222 2231 298 2267 ὑμῶν
315 2231 363 2267 τὴν
377 2232 406 2258 ὲν
426 2233 459 2267 τῇ
475 2233 644 2268 προσκομιδῇ
661 2233 863 2269 καταφρόνησιν
877 2233 944 2260 θεω-

1000 2242 1133 2273 templum
1146 2239 1251 2266 videns.
1265 2248 1274 2265 ι
1288 2238 1321 2266 Ει
1335 2238 1496 2267 inferebatis
1509 2238 1628 2274 rapinas,
1640 2243 1667 2266 et
1678 2239 1786 2272 clauda,

157 2278 224 2314 ρῶν.
245 2287 255 2304 ‹
273 2279 329 2305 Καὶ
339 2278 480 2314 είσφέρετε
493 2279 673 2315 ἁρπάγματα,
689 2280 736 2306 καὶ
755 2279 840 2315 χωλὰ,
854 2279 901 2307 καὶ
912 2279 946 2307 τὰ

156 2323 355 2359 ὲνοχλούμενα·
380 2325 426 2351 καὶ
449 2325 616 2360 προσφέρετε
640 2325 709 2352 αὐτὰ
728 2326 768 2357 εἰς
793 2325 904 2352 θυσίαν·
921 2326 947 2352 εί

156 2370 339 2406 προσδέξομαι
356 2370 426 2397 αὐτὰ
438 2371 470 2397 ὲκ
483 2370 536 2397 τῶν
551 2370 650 2406 χειρῶν
660 2370 747 2406 ὑμῶν,
760 2371 833 2406 λέγει
846 2371 946 2408 Κύριος

156 2417 379 2453 παντοκράτωρ.)
387 2416 496 2453 Ἐπειδὴ
507 2417 536 2443 δὲ
546 2417 593 2444 καὶ
606 2418 636 2444 ἐν
644 2419 704 2450 ταῖς
718 2418 822 2450 θυσίαις
833 2418 946 2445 τοιαῦτα

157 2463 367 2499 προσκομίζετε,
395 2463 436 2490 ἔτι
463 2462 563 2499 μᾶλλον
588 2463 659 2490 αὐτὰ
683 2464 887 2500 ἀπεπεμπόμην
909 2465 947 2497 ὡς

157 2508 249 2544 φαῦλα
265 2509 313 2536 καὶ
334 2510 367 2536 ὲκ
386 2508 491 2545 φαύλης
512 2509 721 2545 προσφερόμενα
735 2509 857 2545 γνώμης.
880 2507 947 2537 Εἶτα

157 2555 207 2582 καὶ
219 2555 299 2590 νόμον
313 2554 407 2588 τιθεὶς,
426 2565 435 2581 ι
453 2555 509 2582 Καὶ
525 2555 724 2590 ἐπικατάρατος
740 2554 770 2587 ὃς
782 2553 817 2591 ἦν
835 2555 947 2588 δυνατὸς

157 2601 206 2628 καὶ
219 2600 340 2637 ὑπῆρχεν
354 2599 383 2626 ἐν
396 2600 436 2636 τῷ
449 2600 566 2636 ποιμνίῳ
578 2600 660 2628 αὑτοῦ
678 2600 761 2636 ἄρσεν
771 2609 778 2616 ο
791 2599 839 2627 καὶ
851 2601 868 2636 ἡ
879 2600 946 2636 εὐχὴ

157 2643 241 2671 αὐτοῦ
258 2645 287 2672 ὲν
308 2643 397 2681 αὐτῷ·
410 2646 458 2672 καὶ
486 2645 545 2672 θύει
567 2645 753 2681 διεφθαρμένα
773 2644 813 2681 τῷ
832 2646 945 2682 Κυρίῳ·

156 2691 226 2718 διότι
244 2690 371 2726 βασιλεὺς
393 2691 478 2726 μέγας
498 2690 553 2726 ἐγώ
574 2692 642 2727 εἰμι,
661 2692 735 2726 λέγει
753 2692 854 2728 Κύριος
879 2701 947 2720 παν-

156 2736 319 2772 τοκράτωρ’
349 2737 396 2764 καὶ
426 2736 456 2763 τὸ
485 2737 571 2773 ὀνομά
604 2746 654 2773 μου
680 2737 811 2772 ἐπιφανὲς
837 2738 866 2764 ὲν
891 2739 947 2770 τοῖς

158 2781 258 2810 ιθνεσι.
276 2792 287 2809 ›
306 2782 365 2814 Πᾶς
379 2781 423 2814 δὴ,
440 2782 532 2818 φησὶν,
552 2782 633 2819 εὐχὴν
643 2783 688 2810 ἐπὶ
703 2783 783 2819 θυσίᾳ
800 2784 948 2820 πεποιημέ-

159 2836 216 2862 νος,
230 2828 292 2856 εἶτα
306 2828 430 2864 εὺπιιρῶν
445 2829 490 2855 καὶ
510 2829 657 2865 δυνάμενος
672 2831 705 2857 ἐκ
719 2830 773 2856 τῶν
791 2831 947 2867 προσόντων

161 2875 235 2912 αὐτῷ
254 2876 389 2912 ποιμνίων
410 2876 593 2913 προσαγαγεῖν
615 2876 698 2912 ἄρσεν
720 2885 749 2904 τε
767 2877 814 2904 κα)⁵
835 2877 946 2914 δίαιμον

998 2289 1024 2312 et
1039 2284 1179 2320 languida,
1200 2289 1227 2311 et
1239 2292 1270 2312 ea
1288 2284 1415 2312 sacrilicii
1436 2284 1497 2312 loco
1514 2285 1632 2311 dabatis.
1648 2283 1716 2311 Num
1735 2292 1786 2321 ego

996 2339 1027 2359 ea
1056 2332 1183 2367 recipiatn
1213 2331 1247 2358 de
1275 2331 1402 2358 tutantibus
1422 2329 1545 2359 vestris?
1561 2331 1628 2358 dicit
1653 2330 1786 2358 Dominus

997 2377 1183 2412 omnipotens.
1207 2386 1216 2403 ›
1232 2375 1366 2410 Quoniam
1392 2377 1450 2404 haec
1474 2376 1590 2403 victima
1614 2383 1697 2403 causa
1722 2375 1786 2402 aﬂ‘e-

997 2423 1110 2455 rebatis,
1127 2421 1253 2458 equidem
1280 2426 1309 2449 ut
1324 2422 1388 2449 vilia
1410 2421 1511 2456 vilique
1528 2428 1561 2448 ex
1587 2425 1679 2448 menti.
1694 2420 1785 2448 oblata

997 2469 1170 2503 respuebam.
1199 2467 1259 2495 Mox
1294 2473 1322 2495 et
1351 2468 1436 2503 legem
1470 2468 1589 2495 recitans
1618 2476 1623 2494 :
1651 2466 1786 2494 «Maledi-

996 2518 1069 2546 ctus,
1088 2525 1097 2540 ι
1130 2513 1236 2549 inquit,
1265 2521 1274 2538 ι
1293 2513 1339 2548 qui
1361 2513 1437 2540 dives
1461 2516 1536 2545 erat,
1564 2511 1733 2546 habebatque
1757 2511 1785 2538 in

996 2567 1078 2595 grege
1100 2567 1151 2587 suo
1176 2559 1327 2586 masculum
1355 2567 1362 2586 :
1388 2562 1415 2586 et
1439 2559 1528 2586 oratio
1554 2558 1614 2592 ejus
1642 2558 1668 2585 in
1692 2558 1751 2593 ipso
1776 2567 1783 2585 :

996 2607 1024 2632 et
1049 2604 1186 2631 sacriﬁcat
1206 2607 1336 2639 corrupta
1358 2602 1485 2630 Domino.
1509 2603 1577 2636 Quia
1602 2610 1649 2630 rex
1670 2610 1785 2638 magnus

997 2658 1047 2686 ego
1068 2658 1139 2682 sum.
1168 2651 1235 2678 dicit
1261 2649 1394 2677 Dominus
1419 2649 1604 2684 omnipotens,
1633 2657 1786 2685 nomenque

997 2704 1086 2724 meum
1109 2696 1215 2724 illustre
1239 2696 1266 2723 in
1289 2696 1424 2731 gentibus.
1444 2705 1454 2722 ›
1483 2695 1664 2731 Quicumque,
1685 2696 1785 2731 inquit.

997 2751 1103 2779 precem
1120 2742 1186 2770 facit
1200 2742 1396 2775 sacriﬁcando,
1417 2746 1444 2770 et
1461 2751 1523 2770 cum
1538 2743 1574 2771 sit
1589 2743 1665 2771 dives
1685 2743 1786 2778 possit-

996 2796 1050 2824 que
1067 2796 1101 2816 ει
1117 2788 1176 2816 suis
1194 2787 1324 2824 gregibus
1341 2788 1438 2816 ollerre
1461 2788 1623 2821 masculum,
1643 2792 1670 2815 et
1685 2788 1784 2823 proba-

997 2839 1066 2864 tum.
1083 2837 1110 2861 et
1126 2834 1198 2869 quod
1217 2833 1274 2862 Deo
1296 2833 1427 2862 oﬂ'eratur
1446 2833 1578 2870 dignum;
1603 2834 1625 2862 si
1644 2833 1670 2861 id
1692 2838 1783 2861 tamen

997 2880 1110 2909 minime
1125 2881 1232 2916 olIerat,
1248 2880 1295 2910 sed
1315 2880 1367 2909 vile
1384 2879 1485 2917 aliquid
1501 2884 1530 2908 et
1550 2884 1713 2915 corruptum
1724 2881 1779 2907 Deo
