1966 3069
203 124 258 152 607

785 127 960 156 THEODORI
973 127 1213 156 MOPSUESTENI

1773 129 1827 156 ωε

205 179 356 211 sacriﬁcet,
376 180 410 213 is,
434 181 555 216 inquam,
580 189 686 210 summa
715 183 813 218 dignus
829 192 909 219 poma
924 190 966 213 est
983 195 989 212 :

1051 185 1090 212 ιαὶ
1103 181 1159 212 οἷον
1178 185 1363 221 προσάγεσθαι
1385 185 1489 221 πρέπον
1507 185 1583 220 Θεῷ·
1607 191 1653 212 και
1676 186 1754 211 τοῦτο
1775 185 1828 220 μὲν

205 227 271 262 quia
292 226 347 254 Deo
363 227 484 254 omnium
500 226 676 260 dominatori,
699 233 728 256 et
742 232 849 258 cunctis
872 231 991 258 homini-

206 271 259 299 bus
282 271 320 299 ob
347 272 462 306 propria
485 276 590 300 naturae
618 275 831 309 magnitudinem
862 276 990 312 cognito,

202 317 312 352 copiam
329 317 368 345 rei
381 317 470 353 digne
487 318 601 351 habens,
619 319 781 348 deteriorem
796 321 884 350 oﬂ‘ert.

535 482 612 510 CAP.
634 483 666 510 ll.

242 546 325 575 Vens.
343 549 367 579 Ι,
383 548 410 575 2.
427 565 460 570 -
477 558 487 575 ι
507 549 540 576 Et
555 558 629 578 nunc
645 551 801 579 mandatum
817 552 868 580 hoc
885 553 918 580 ad
932 562 991 586 vos,

209 601 226 620 o
247 595 424 623 sacerdotes:
440 595 500 623 Nisi
517 597 670 629 audieritis,
695 603 722 625 et
735 599 788 626 nisi
806 600 951 634 posueritis
966 601 993 628 in

208 640 291 667 corde
304 644 394 668 vestro
410 641 473 669 dare
494 643 607 677 gloriam
629 644 732 671 nomini
752 653 822 676 meo.
843 647 881 672 ait
901 646 994 674 Domi-

209 693 261 713 nus
280 686 451 721 omnipotens
461 707 468 719 ,
485 688 591 715 mittam
607 696 690 723 super
703 697 751 717 vos
763 690 991 723 maledictioncm,

208 734 236 756 ct
251 731 409 758 maledicam
422 732 607 760 benedictioni
622 737 727 766 vestrae,
741 740 768 762 et
778 736 936 763 mali-dicam
952 737 992 764 ei:

210 779 235 802 et
248 775 327 810 371
344 777 486 812 dissipabo
507 779 723 807 benedictionem
742 785 871 814 vestram,
893 787 920 810 et
939 790 993 811 non

210 821 263 848 erit
283 822 310 849 in
333 823 421 855 vobis,
440 825 504 859 quia
525 833 574 852 vos
599 833 653 853 non
670 827 772 861 ponitis
798 827 824 854 in
848 829 932 856 corde
945 838 991 856 re»

209 871 278 895 stro.
299 877 310 894 ι
329 866 368 895 En
382 877 433 904 ego
447 870 503 896 huic
517 869 551 897 de
569 871 645 898 vobis
660 871 789 903 decerno.
805 873 851 907 qui
866 874 992 900 sacerdo-

212 914 258 940 tali
283 913 435 942 ministerio
458 915 618 951 fungimini;
643 917 716 952 quod
737 918 789 945 nisi
811 926 884 945 nunc
904 919 994 947 velitis

210 959 306 987 sedulo
328 960 409 988 dictis
431 962 498 989 meis
518 963 669 995 attendere,
690 967 717 990 et
732 964 876 991 ministerii
894 964 995 992 seduli-

211 1009 267 1032 tate
277 1006 395 1033 debitam
407 1009 668 1043 convenientemque
679 1008 734 1037 Deo
745 1010 858 1044 gloriam
870 1012 993 1044 reddere,

212 1051 357 1078 maximam
371 1052 448 1079 vobis
462 1060 568 1087 poenam
586 1053 701 1080 inl'eram
715 1063 723 1087 ;
735 1060 762 1081 et
777 1055 849 1082 hunc
864 1056 994 1085 honorem

211 1103 266 1130 quo
286 1097 394 1132 interim
418 1098 552 1131 iruimini,
575 1100 602 1126 in
631 1099 751 1128 dedecus
770 1106 796 1128 et
812 1109 995 1130 aerumnarum

210 1144 427 1177 experimentum
441 1150 597 1173 convertam
610 1156 618 1179 ;
632 1147 764 1182 vobisque
778 1155 886 1175 omnem
902 1157 994 1176 sacer-

213 1189 330 1216 dotalem
350 1190 489 1218 detraham
511 1192 655 1224 honorem,
674 1194 711 1220 ita
735 1198 765 1220 ut
780 1201 860 1221 nemo
875 1199 995 1222 vestrum

209 1234 337 1270 dignitati
354 1236 418 1264 huic
438 1238 575 1265 succedat.
593 1237 668 1265 Patet
689 1239 761 1266 enim
780 1240 996 1267 maledictioneui

209 1280 268 1308 dici
281 1289 331 1315 pro
346 1289 426 1316 pmna
447 1286 474 1310 et
488 1291 673 1311 a-rumuarum
693 1285 878 1319 experimento
894 1296 900 1313 :
916 1287 996 1314 bene-

210 1326 360 1355 dictionem
386 1335 462 1359 vero.
491 1337 541 1363 pro
571 1329 705 1356 bonorum
731 1330 869 1358 I'ruitionc.
898 1332 998 1364 Quam-

213 1372 308 1399 obrcm
327 1373 367 1400 sic
378 1374 561 1402 sacerdotium
578 1383 687 1410 quoque
699 1377 826 1410 appellat,
842 1385 891 1403 ceu
913 1377 998 1404 bono-

215 1425 276 1444 rum
291 1418 440 1446 mnltorum
453 1427 564 1446 causam
581 1425 637 1446 tum
654 1421 695 1448 his
706 1422 752 1455 qui
767 1422 831 1448 illud
848 1424 996 1457 possident,

212 1466 273 1489 tum
294 1464 376 1491 etlam
403 1465 458 1492 illis
482 1473 599 1500 quorum
625 1467 712 1501 gratia
734 1467 761 1494 id
788 1469 906 1495 exerceri
932 1479 998 1496 ιἰιιι-

212 1510 306 1546 tingit.

250 1599 334 1629 Vens.
351 1601 378 1633 3,
395 1602 422 1629 ι.
436 1617 472 1622 --
488 1601 589 1630 Deinde
605 1603 640 1630 ob
656 1603 743 1639 magis
757 1604 998 1633 demonstrandam

214 1647 429 1682 indignationem
459 1656 547 1681 suam,
566 1657 575 1674 ι
594 1649 664 1676 Ecce
693 1657 753 1685 ego,
782 1650 830 1684 ait,
856 1651 998 1686 projiciaui

216 1691 378 1723 humerum.
409 1696 435 1719 et
455 1693 608 1729 dispergam
641 1696 822 1722 ventriculum
856 1697 884 1723 in
914 1695 1000 1724 facies

217 1742 333 1771 vestras,
345 1743 372 1766 ct
386 1739 533 1774 suscipiam
552 1748 600 1767 vos
614 1741 640 1767 in
654 1741 678 1768 id
697 1742 798 1776 ipsum.
817 1752 827 1768 ι
843 1742 999 1771 Mandatum

215 1787 275 1810 erat
290 1791 304 1810 a
320 1784 387 1819 lege.
409 1788 437 1811 ut
457 1785 534 1819 quasi
556 1786 673 1813 electum
687 1788 808 1822 aliquod,
826 1794 1001 1824 separaretur

217 1829 273 1857 Deo
289 1830 430 1858 humerus.
453 1831 532 1858 Haud
554 1832 625 1858 ultra
648 1833 729 1867 igitur
746 1842 780 1861 ne
794 1834 845 1862 hoc
861 1835 970 1869 quidem
985 1843 1001 1862 a

219 1876 296 1904 vobis
326 1877 475 1912 recipiam;
505 1879 605 1905 etenim
635 1879 710 1906 nulla
737 1886 766 1907 re
789 1887 839 1915 ego
863 1880 1000 1915 indigens.

217 1924 346 1952 utilitatis
363 1930 462 1952 vestrze
477 1927 563 1960 gratia
577 1927 616 1954 sic
633 1926 690 1954 ﬁeri
706 1927 910 1955 constitueram.
923 1927 1002 1954 Nunc

217 1974 308 1998 autem
324 1971 387 2005 quia
402 1975 507 1999 tantum
522 1972 575 1999 mei
596 1977 782 2008 contemptum
802 1973 958 2005 ostenditis,
974 1978 1003 1999 ut

217 2025 262 2044 me
282 2024 314 2045 re
342 2018 389 2044 tali
415 2018 549 2046 honorare
571 2019 682 2054 putetis,
707 2019 851 2047 humerum
872 2019 1001 2047 nimirum

219 2063 287 2090 mihi
308 2063 455 2096 oﬂ‘erendo,
478 2065 555 2092 vobis
576 2065 649 2092 hunc
671 2069 807 2100 retroago,
826 2069 856 2092 ut
880 2065 1004 2099 indigna-

217 2109 302 2136 tionis
323 2117 389 2136 mca‘.
415 2111 606 2144 argumentum
634 2110 712 2138 vobis
731 2111 884 2139 exhibeam.
909 2109 1003 2137 Sinam

219 2162 285 2182 vero
300 2163 349 2182 vos
364 2155 416 2182 hoc
429 2155 511 2182 etiam
523 2156 598 2183 vesci
615 2164 676 2184 cum
692 2156 850 2183 animalium
866 2161 1003 2189 stercore;

1042 235 1072 261 οὑ
1090 234 1246 270 προσάγων,
1266 233 1365 268 φαῦλον
1380 233 1410 260 δέ
1429 242 1455 260 τι
1477 233 1523 260 καὶ
1539 232 1736 268 διεφθαρμένον
1755 232 1829 259 θύων

1042 280 1082 315 τῷ
1097 280 1166 315 Θεῷ,
1185 280 1236 315 τῆς
1257 280 1375 315 ἐσχάτης
1395 279 1468 312 ἄξιός
1489 280 1547 306 ἐστι
1568 279 1716 314 τιμωρίας·
1731 279 1827 314 ἐπειδὴ

1041 326 1101 360 Θεῷ
1117 326 1226 353 πάντων
1241 326 1416 361 βασιλεύοντι,
1433 326 1480 352 καὶ
1494 324 1569 359 παρὰ
1578 325 1660 350 πᾶσιν
1673 322 1828 359 ἀνθρώποις

1043 372 1144 407 ὁμοίως
1167 371 1214 398 ἐπὶ
1228 371 1267 406 τῷ
1282 371 1391 406 μεγέθει
1408 371 1456 405 τῆς
1475 371 1578 402 οἰκείας
1599 369 1762 405 ἐγνωσμένῳ
1774 371 1827 405 φύ-

1043 426 1122 448 σεως.
1140 416 1262 452 εὐπορῶν
1277 413 1314 443 ὧν
1332 416 1381 448 δεῖ,
1402 415 1532 450 προσάγει
1548 416 1583 442 τὰ
1598 415 1636 451 μὴ
1651 415 1774 442 τοιαῦτα.

1355 485 1433 511 ΚΕΦ.
1454 484 1491 510 B'.

1082 551 1157 586 Στίχ.
1178 555 1214 583 α’,
1230 551 1262 586 β’.
1277 565 1312 571 -
1332 560 1342 576 ι
1362 550 1418 577 Καὶ
1440 549 1487 576 νῦν
1510 547 1530 585 ἡ
1550 548 1643 584 ἐντολὴ
1666 548 1734 583 αὖτη
1759 549 1827 584 πρὸς

1045 598 1116 633 ὑμᾶς
1127 617 1135 630 ,
1144 597 1169 624 οἱ
1176 596 1267 632 ἱερεῖς·
1277 596 1339 624 Ἐὰν
1346 596 1383 632 μὴ
1388 594 1523 630 ἀκούσητε
1528 594 1575 620 καὶ
1582 593 1629 620 ἐὰν
1639 592 1675 628 μὴ
1697 593 1774 621 θέσθε
1787 595 1827 625 εἰς

1043 644 1093 679 τὴν
1109 643 1223 679 καρδίαν
1244 642 1322 678 ὑμῶν
1341 641 1373 668 τὸ
1387 641 1478 668 δοῦναι
1492 640 1570 673 δόξαν
1583 640 1621 675 τῷ
1639 639 1750 675 ὀνόματί
1764 648 1827 674 μου,

1044 690 1117 724 λέγει
1144 690 1246 725 Κύριος
1277 688 1486 724 παντοκράτωρ·
1515 687 1562 713 καὶ
1587 685 1757 719 ἐξαποστελῶ
1784 686 1828 719 ἐφ’

1044 736 1116 770 ὑμᾶς
1135 735 1184 770 τὴν
1208 734 1340 769 κατάραν,
1362 734 1409 760 καί
1433 732 1666 767 ἐπικαταράσομαι
1687 730 1736 765 τὴν
1751 730 1827 756 εὐλο-

1044 782 1105 816 γίαν
1119 781 1205 816 ὑμῶν,
1221 781 1267 807 καὶ
1282 780 1470 816 καταράσομαι
1486 778 1580 813 αὐτὴν,
1595 779 1642 804 καὶ
1660 776 1829 803 διασκεδάσω

1044 830 1093 862 τὴν
1109 827 1232 860 εὐλογίαν
1246 827 1322 861 ὑμῶν
1333 835 1340 842 ·
1354 826 1401 852 καὶ
1416 826 1466 851 οὐκ
1476 825 1591 851 ἕσταιέν
1602 823 1677 858 ὑμῖν,
1693 823 1734 848 ὅτι
1749 822 1828 857 ὑμεῖς

1045 873 1075 898 ού
1092 871 1197 898 τίθεσθε
1212 871 1256 898 ἐπὶ
1277 870 1386 906 καρδίας
1406 870 1491 904 ὑμῶν.
1513 879 1522 896 ι
1540 873 1578 904 (ρ.
1596 869 1658 902 547)
1679 867 1760 894 Ἀλλὰ
1774 867 1830 902 γάρ

1047 917 1100 943 ἰδοὺ
1126 916 1212 943 ταῦτα.
1233 917 1295 951 περὶ
1320 915 1396 951 ὑμῶν
1423 914 1606 950 ἀποφαίνομαι
1628 913 1682 940 τῶν
1708 913 1756 939 ἐπὶ
1777 913 1830 946 τῆς

1045 962 1186 997 ἱερατικῆς
1211 960 1387 988 καθεστώτων
1414 959 1599 994 λειτουργίας·
1618 958 1658 984 ὅτι
1678 958 1702 984 εί
1720 957 1757 992 μὴ
1781 955 1830 983 νῦν

1045 1008 1110 1042 γοῦν
1126 1007 1297 1043 βουληθείητε
1312 1006 1413 1041 σπουδῇ
1435 1007 1490 1037 τοῖς
1512 1005 1576 1040 παρ’
1589 1003 1656 1039 ἐμοῦ
1674 1003 1830 1038 λεγομένοις

1046 1054 1199 1089 προσέχειν,
1215 1053 1262 1080 καὶ
1288 1054 1321 1088 τῇ
1343 1052 1391 1086 τῆς
1412 1050 1580 1086 λειτουργίας
1610 1048 1753 1084 ἐπιμελείᾳ
1780 1048 1830 1082 τὴν

1046 1099 1234 1134 προσήκουσαν
1258 1107 1287 1124 τε
1304 1098 1351 1124 καὶ
1373 1097 1549 1132 ὀφειλομένην
1572 1094 1752 1129 ἀποτῖσαιτῷ
1770 1093 1831 1127 Θεῷ

1046 1145 1133 1177 δόξαν,
1153 1144 1281 1180 μεγίστην
1293 1145 1356 1179 ὑμῖν
1367 1144 1459 1176 ἐπάξω
1467 1142 1611 1178 τιμωρίαν,
1626 1142 1672 1168 καὶ
1689 1140 1737 1176 τὴν
1748 1141 1830 1175 τιμὴν

1046 1191 1075 1217 δέ
1093 1190 1194 1225 ταύτην
1217 1188 1249 1225 ἧς
1275 1189 1425 1216 ἀπολαύετε
1444 1188 1501 1221 νῦν,
1526 1189 1568 1220 είς
1592 1188 1703 1222 ἀτιμίαν
1727 1195 1757 1213 τε
1783 1187 1831 1213 καὶ

1047 1238 1144 1272 πεῖραν
1163 1237 1323 1272 μεταστήσω
1340 1237 1443 1267 κακῶν,
1462 1233 1553 1262 πᾶσάν
1563 1243 1592 1261 τε
1608 1234 1684 1268 ὑμῶν
1698 1234 1748 1268 τὴν
1761 1233 1832 1268 ἱερσι⁴

1046 1284 1125 1318 τικὴν
1137 1282 1229 1316 ἀφελῶ
1244 1283 1336 1317 τιμὴν,
1349 1282 1386 1313 ὡς
1404 1281 1505 1316 μηδένα
1521 1281 1550 1312 ἐξ
1564 1281 1641 1316 ὑμῶν
1658 1280 1696 1307 ἔτι
1711 1280 1833 1315 διάδοχον

1047 1330 1096 1364 τῆς
1114 1328 1191 1360 ἀξίας
1207 1328 1332 1362 γενέσθαι
1348 1327 1450 1361 ταύτης
1463 1335 1469 1341 ”
1485 1326 1595 1362 εὔδηλον
1624 1325 1678 1362 γὰρ
1697 1326 1738 1352 ὅτι
1766 1334 1833 1352 κατ-

1048 1375 1115 1410 άραν
1125 1374 1174 1409 μὲν
1186 1373 1234 1408 τὴν
1246 1373 1379 1408 τιμωρίαν
1395 1372 1478 1406 λέγει,
1487 1372 1532 1398 καὶ
1548 1373 1595 1407 τὴν
1608 1373 1702 1407 πεῖραν
1716 1371 1770 1398 τῶν
1782 1379 1833 1398 κα-

1049 1421 1118 1447 κῶν·
1138 1419 1260 1453 εὐλογίαν
1274 1418 1314 1452 δὲ,
1331 1418 1386 1444 τῶν
1405 1418 1514 1452 ἀγαθῶν
1528 1418 1577 1453 τὴν
1592 1417 1739 1444 ἀπόλαυσιν
1749 1425 1756 1432 ⁸
1771 1417 1833 1443 ὅθεν

1047 1467 1118 1493 οὓτω
1132 1466 1179 1492 καὶ
1194 1465 1242 1501 τὴν
1260 1464 1408 1500 ἱερωσύνην
1429 1464 1566 1498 ὀνομάζει.
1582 1464 1620 1494 ὡς
1635 1463 1741 1489 πολλῶν
1762 1463 1827 1496 ἀγα-

1013 1527 1034 1555 c
1050 1513 1103 1540 θῶν
1117 1513 1205 1540 αἰτίαν
1221 1514 1276 1544 τοῖς
1291 1521 1322 1538 τε
1332 1512 1422 1546 ἔχουσι
1438 1511 1484 1538 καὶ¹
1500 1512 1554 1542 τοῖς
1569 1510 1638 1545 ὑπὲρ
1649 1507 1686 1537 ὧν
1702 1509 1834 1536 ἐπιτελεῖ-

1051 1559 1111 1586 σθαι
1127 1559 1283 1594 συμδέὸηκε
1297 1558 1407 1593 ταύτην.

1086 1604 1158 1638 Στίχ.
1174 1603 1208 1638 γ’,
1219 1604 1292 1630 δ¹.-
1306 1601 1372 1629 Εἶτα
1388 1603 1428 1633 εἰς
1445 1602 1553 1637 μείζονα
1567 1600 1676 1633 ἔνδειξιν
1686 1601 1735 1635 τῆς
1751 1601 1835 1635 ἀγανο

1050 1651 1190 1686 ακτήσεως
1205 1650 1253 1684 τῆς
1268 1649 1370 1680 οἰκείας
1380 1658 1401 1674 -ι
1421 1648 1487 1675 Ἰδοὺ
1512 1647 1566 1682 ἐγὼ
1577 1648 1697 1682 ἀφορίζω
1712 1647 1776 1682 ὑμῖν
1789 1647 1835 1674 τὸν

1050 1693 1135 1730 ὦμον,
1152 1695 1198 1722 καὶ
1211 1694 1332 1730 σκορπιῶ
1348 1694 1476 1730 ἐνυστρον
1488 1693 1534 1719 ἐπὶ
1551 1694 1584 1720 τὰ
1600 1693 1732 1728 πρόσωπα
1747 1693 1834 1727 ὑμῶν,

1042 1742 1098 1768 ’καὶ
1107 1741 1226 1776 λήψομαι
1235 1741 1307 1776 ὑμᾶς
1322 1741 1362 1771 εἰς
1370 1740 1400 1766 τὺ
1413 1739 1488 1766 αὐτό.
1502 1748 1512 1765 ι
1523 1738 1741 1773 Κεκελευσμένον
1756 1735 1790 1773 ἦν
1807 1739 1836 1764 ἐν

1051 1787 1090 1821 τῷ
1107 1788 1181 1822 νόμῳ
1193 1786 1230 1818 ὦς
1245 1795 1272 1813 τι
1287 1786 1424 1822 ἐξαίρετον
1439 1786 1471 1812 ἐκ
1483 1785 1537 1812 τῶν
1547 1784 1648 1811 θυσιῶν
1661 1783 1836 1819 ἀφαιρεῖσθαι

1051 1833 1090 1869 τῷ
1098 1833 1156 1867 Θεῷ
1164 1833 1208 1860 τὸν
1217 1829 1302 1868 ὦμον·
1312 1831 1564 1867 Οὐκέτιιῦν,φησὶν,
1575 1830 1635 1856 οὺδέ
1645 1828 1837 1864 τοῦτοδέξομαι

1053 1880 1116 1914 παρ’
1125 1879 1211 1914 ὑμῶν,
1219 1879 1281 1904 ἐπεὶ
1291 1877 1371 1913 μηδὲν
1378 1877 1503 1913 δεόμενος
1513 1877 1552 1908 εὶς
1560 1875 1693 1911 ὠφέλειαν
1702 1873 1837 1910 ὑμετέραν

1052 1925 1216 1960 διεταξάμην
1240 1923 1312 1950 οὕτω
1332 1922 1468 1957 γίνεσθαι·
1490 1921 1583 1956 ἐπειδὴ
1598 1921 1626 1947 δέ
1644 1920 1673 1946 ἐν
1701 1919 1838 1949 τοσούτοις

1052 1971 1101 2006 τὴν
1116 1971 1179 2006 περὶ
1196 1970 1246 2004 ἐμὲ
1261 1969 1414 2000 δεικνύντες
1436 1968 1575 2003 ἀμέλειαν,
1591 1966 1678 2001 τούτῳ
1694 1974 1728 1997 με
1748 1963 1838 1991 οῐεσθε

1053 2017 1145 2052 τιμᾷν,
1160 2015 1199 2050 τῷ
1216 2015 1262 2042 τὸν
1276 2011 1351 2049 ὦμον
1369 2014 1496 2049 ἀφαιρεῖν
1513 2021 1568 2048 μοι.
1586 2013 1649 2048 ὑμῖν
1669 2012 1750 2038 αὑτὸν
1768 2011 1835 2038 ἀπο-

1055 2063 1172 2097 στρέφω,
1185 2061 1234 2096 τῆς
1245 2061 1458 2096 ἀγανακτήσεως
1469 2059 1578 2094 ἔλεγχον
1593 2057 1778 2092 παρεχόμενος
1789 2057 1839 2092 τῆς

1054 2108 1136 2143 ἐμῆςο
1154 2107 1226 2134 ἐάσω
1243 2106 1270 2133 δὲ
1286 2107 1357 2141 ὑμᾶς
1372 2104 1543 2140 καρποῦσθαι
1557 2104 1604 2130 καὶ
1616 2102 1694 2129 τοῦτο
1708 2102 1778 2137 μετὰ
1788 2102 1839 2137 τῆς

1054 2154 1156 2189 κόπρου
1170 2152 1223 2179 τῶν
1237 2151 1328 2184 ζώων·
1347 2151 1439 2186 ἐπειδὴ
1452 2150 1530 2177 τοῦτο
1540 2150 1604 2184 ὑμῖν
1618 2149 1647 2175 ἐν
1664 2149 1723 2179 ταῖς
1733 2148 1839 2182 ἑορταῖς

218 2202 349 2236 quoniam
380 2201 432 2229 hoc
455 2208 469 2228 a
497 2201 576 2229 vobis
608 2202 635 2228 in
667 2201 887 2229 solemnitatibus
916 2201 997 2228 olTerr

1059 2198 1242 2234 προσάγεσθαι
1254 2198 1368 2233 πρέπον,
1380 2197 1417 2231 (p.
1430 2196 1492 2231 548)
1503 2195 1536 2227 ἃς
1548 2196 1580 2230 τῇ
1593 2194 1677 2230 κακίᾳ
1686 2192 1740 2220 τῶν
1753 2201 1840 2230 πρατ-

218 2247 333 2283 dignum
344 2253 396 2279 est,
413 2255 483 2283 quas
494 2247 616 2282 nequitia
628 2247 749 2282 polluitis
759 2256 766 2280 ;
778 2255 1005 2282 communemque

220 2293 256 2319 ob
281 2300 313 2320 ea
342 2300 403 2327 quae
422 2292 518 2328 egistis
544 2299 652 2327 ptenam
670 2291 815 2319 adducam.
833 2291 861 2318 id
876 2292 947 2319 enim
967 2292 1005 2318 si-

219 2339 348 2374 gnificant
374 2338 656 2372 verbaususcipiam
688 2345 736 2365 vos
763 2337 790 2364 in
816 2337 843 2364 id
869 2338 968 2372 ipsum.
989 2348 998 2364 ι

223 2394 234 2410 ι
253 2385 283 2411 lit
309 2385 411 2415 scietis.
429 2384 503 2419 quod
525 2391 575 2419 ego
600 2383 732 2410 Dominus
756 2382 877 2410 miserim
905 2382 939 2410 ad
958 2390 1005 2410 vos

222 2436 387 2467 praeceptum
410 2431 472 2462 hOC,
491 2434 521 2457 ιιι
546 2434 620 2458 esset
646 2433 842 2456 testamentum
865 2436 954 2457 meum
973 2430 1006 2456 ad

223 2478 329 2509 levitas,
345 2477 413 2504 dicit
430 2477 560 2504 Dominus
574 2476 758 2510 omnipotens.
779 2485 788 2501 ι
805 2475 881 2503 Tunc
895 2483 928 2503 ex
945 2483 1006 2503 cor-

223 2523 338 2558 ripiente
348 2523 429 2558 372
443 2530 490 2549 vos
507 2522 655 2558 ignominia
675 2529 810 2556 poenaque
823 2526 951 2549 accurate
965 2529 1009 2548 co-

223 2568 361 2604 gnoscetis
373 2572 542 2603 potentatum
558 2568 741 2603 virtutemque
763 2575 865 2599 meam;
889 2572 916 2595 et
934 2567 1006 2602 quod

225 2621 275 2648 ego
288 2614 356 2641 bene
375 2613 492 2641 faciendi
511 2614 589 2641 vobis
604 2621 687 2641 causa
707 2614 762 2648 jam
786 2613 848 2640 inde
873 2613 906 2640 ab
929 2613 1008 2640 initio

226 2659 259 2686 ad
276 2657 473 2686 sacerdotalem
495 2658 770 2693 extulidignitatem;
795 2658 851 2685 haec
868 2658 1006 2685 vobiscum

226 2703 330 2732 foedera
354 2710 532 2738 componens,
559 2710 588 2730 ut
613 2711 746 2731 concesso
774 2711 789 2730 a
818 2711 859 2730 me
889 2704 1009 2730 fruentes

227 2749 343 2780 honore,
358 2751 457 2775 cuncta
473 2747 506 2775 ad
523 2747 668 2774 utilitatem
687 2747 804 2782 ageretis
824 2747 932 2774 illorum
947 2754 1009 2781 pro.

229 2799 287 2830 pter
306 2801 375 2830 quos
398 2793 583 2822 sacerdotium
604 2793 712 2820 tenetis.
743 2791 797 2819 \‘os
820 2800 884 2820 vero
908 2791 1009 2819 nullius

228 2842 286 2869 haic
305 2840 382 2877 pensi
399 2839 544 2871 habuistis.
559 2840 606 2868 scd
623 2840 714 2866 datum
733 2838 807 2866 vobis
829 2838 1010 2866 conculcastis

1054 2245 1173 2279 τομένων
1190 2243 1328 2279 μολύνετε,
1345 2243 1438 2277 κοινήν
1453 2250 1484 2268 τε
1501 2241 1603 2268 ἆπασιν
1619 2241 1682 2275 ύμῖν
1699 2239 1748 2274 τὴν
1768 2239 1839 2274 ὑπὲρ

1054 2291 1108 2318 τῶν
1124 2290 1316 2326 πραττομένων
1339 2288 1432 2320 ἐπάξω
1446 2288 1594 2323 τιμωρίαν·
1612 2286 1691 2313 τοῦτο
1712 2285 1766 2321 γάρ
1781 2286 1839 2311 ἐστι

1055 2337 1110 2368 τδ,«
1125 2335 1244 2371 λήψομαι
1257 2335 1329 2370 ὑμᾶς
1339 2335 1378 2366 εἰς
1389 2334 1421 2360 τὺ
1434 2333 1508 2360 αὑτό.
1521 2342 1529 2358 ι
1537 2342 1582 2358 -ι
1593 2332 1648 2359 Καὶ
1656 2330 1839 2365 ἐπιγνώσεσθε

1055 2381 1121 2407 διότι
1137 2380 1192 2414 ἐγὼ
1210 2380 1310 2416 Κύριος
1334 2378 1522 2412 ἐξαπέσταλκα
1538 2378 1605 2414 πρὸς
1619 2377 1692 2413 ὑμᾶς
1705 2377 1754 2412 τὴν
1766 2376 1840 2402 ἐντο-

1056 2427 1104 2462 λὴν
1118 2426 1228 2461 ταύτην,
1246 2425 1293 2452 τοῦ
1313 2423 1382 2452 εἶναι
1401 2425 1451 2460 τὴν
1472 2423 1603 2459 διαθήκην
1619 2431 1669 2457 μου
1689 2422 1756 2458 πρὸς
1776 2421 1839 2452 τοὺς

1056 2473 1179 2504 Δευΐτας,
1197 2472 1271 2505 λέγει
1287 2471 1388 2507 Κύριος
1402 2470 1607 2505 παντοκράτωρ.
1624 2478 1633 2494 ι
1655 2468 1722 2494 Τότε
1741 2468 1774 2494 ἐκ
1791 2466 1840 2502 τῆς

1057 2519 1265 2554 περιγινομένης
1281 2518 1345 2553 ὑμῖν
1361 2516 1473 2552 ἀτιμίας
1486 2524 1516 2542 τε
1536 2515 1582 2541 καὶ
1595 2513 1729 2549 τιμωρίας
1744 2513 1840 2548 αἰσθή-

1059 2564 1135 2591 σεσθε
1150 2563 1269 2599 ἀκριϐῶς
1282 2563 1330 2598 τῆς
1340 2572 1370 2589 τε
1380 2562 1503 2595 ἐξουσίας
1518 2560 1624 2595 καὶτῆς
1637 2559 1777 2595 δυνάμεως
1791 2559 1840 2594 τῆς

1057 2612 1139 2646 ἐμῆς·
1157 2611 1203 2637 καὶ
1213 2611 1255 2636 ὅτι
1274 2609 1330 2644 ἐγὼ
1346 2609 1395 2644 μὲν
1412 2608 1529 2635 εὐποιεῑν
1550 2607 1622 2642 ὑμᾶς
1638 2605 1796 2641 βουλόμενος
1811 2605 1840 2638 ἐξ

1057 2657 1143 2692 ἀρχῆς
1161 2657 1200 2687 είς
1216 2655 1265 2691 τὴν
1282 2654 1420 2690 ἱερατικὴν
1436 2654 1594 2689 παρήγαγον
1608 2652 1697 2684 ἀξίαν,
1714 2650 1841 2682 τοιαύτας

1058 2702 1133 2733 τινὰς
1147 2701 1258 2736 θέμενος
1271 2700 1340 2736 πρὸς
1353 2700 1425 2735 ὑμᾶς
1436 2699 1485 2731 τὰς
1500 2698 1644 2734 συνθήκας,
1660 2698 1703 2724 ἶνα
1714 2695 1763 2732 τῆς
1775 2696 1840 2731 παρ’

1059 2746 1126 2782 ἐμοῦ
1142 2746 1264 2781 δοθείσης
1278 2745 1456 2777 ἀπολαύοντες
1474 2744 1567 2780 τιμῆς,
1583 2744 1690 2771 ἅπαντα
1706 2743 1774 2778 πρὸς
1792 2741 1840 2776 τὴν

1060 2792 1170 2819 ἐκείνων
1184 2793 1316 2828 ὠφέλειαν
1336 2792 1429 2827 ποιῆτε
1447 2790 1518 2826 ὑπὲρ
1532 2785 1569 2818 ὧν
1587 2789 1678 2824 μέτιτε
1691 2788 1740 2823 τὴν
1763 2788 1842 2822 ἱερω-

1062 2837 1156 2873 σύνην·
1175 2838 1252 2873 ὑμεῖς
1276 2837 1304 2864 δὲ
1323 2837 1416 2864 οὐδένα
1440 2835 1540 2863 τούτων
1565 2833 1727 2871 ἐποιήσασθε
1753 2830 1841 2864 λόγον.
