1983 3072
143 162 197 188 60⁸)

619 162 894 191 COMMENTARIUS
914 161 947 189 IN
958 161 1145 189 MALACHIE
1159 162 1236 189 CAP.
1258 161 1289 189 ll.

1717 161 1777 188 σιν

141 219 212 246 ἀλλὰ
223 219 272 253 τῆς
287 227 315 245 τε
330 218 451 253 δοθείσης
464 219 527 254 ὑμῖν
541 219 681 255 ὑπερίδετε
696 222 790 255 τιμῆς.
803 223 849 247 καὶ
863 220 929 255 ἀμε-

991 226 1123 249 mnorem,
1148 226 1294 252 nit-umque
1327 218 1509 246 ministerium
1538 218 1664 246 socordia
1697 220 1774 243 tanta

141 265 203 300 λείᾳ
217 264 336 300 τοσαύτῃ
349 265 397 300 τὴν
410 265 479 300 ἐμὴν
493 265 700 300 παραδεδώκατε
715 266 895 301 λειτουργίαν.

179 310 254 345 Στίχ.
267 310 335 342 ε’-ξ,
351 325 386 329 -
400 308 464 336 Εἶτα
491 309 584 345 ἐπειδὴ
602 310 637 337 τὰ
659 311 709 345 τῆς
730 311 877 346 ἱερωσύνης
900 311 933 336 ἐκ

142 355 192 382 τοῦ
212 355 317 391 Ἀαρὼν
335 355 429 390 εἴληφε
445 355 494 390 τὴν
505 355 607 391 ἀρχὴν,
623 355 653 387 ὃς
665 355 773 391 πρῶτος
790 356 933 390 ἀρχιερεὺς

145 402 216 429 κατὰ
230 401 304 428 θείαν
326 401 459 436 προϐολὴν
483 402 639 437 ἀπεδείχθη,
657 402 770 436 ἐπάγει·
790 412 799 427 ι
824 403 855 428 'H
874 402 933 428 δια-

145 448 218 482 θήκη
236 456 286 482 μου
300 445 334 483 ἦν
352 447 409 482 μετ’
420 447 502 473 αὐτοῦ
517 447 567 482 τῆς
584 447 654 481 ζωῆς
676 448 722 474 καὶ
736 447 787 482 τῆς
804 448 914 482 εἰρήνης
924 455 931 462 ⁸

146 493 194 518 καὶ
216 492 303 518 ἔδωκα
316 491 390 526 αὐτῷ
403 492 484 527 φόϐον
500 491 639 526 φοϐεῖσθαί
654 501 698 526 με.
715 493 762 519 καί
777 492 830 519 ἀπὸ
850 501 934 528 προσ-

148 538 226 564 ώπου
246 537 376 572 ὀνόματός
407 546 457 572 μου
480 538 634 564 στέλλεσθαι
654 538 750 564 αὐτόν·
772 538 852 573 νόμος
866 539 933 573 ἀλη-

147 584 223 615 θείας
237 581 270 618 ἦν
280 585 308 610 ἐν
322 582 360 617 τῷ
372 583 484 617 στόματι
498 583 591 614 αὑτοῦ,
607 584 653 610 καὶ
665 584 756 610 ἀδικία
768 584 816 618 οὐχ
831 584 934 619 ηὑρέθη

148 632 177 656 ἐν
196 630 312 665 χείλεσιν
328 629 424 656 αὐτοῦ’
440 630 469 654 ἐν
491 629 584 664 εἰρήνῃ
610 629 779 656 κατευθύνων
800 630 933 665 ἐπορεύθη

150 675 209 710 μετ’
224 674 302 709 ἐμοῦ,
316 674 361 700 καὶ
375 673 487 705 πολλοὺς
500 674 671 709 ἀπέστρεψεν
687 675 741 700 ἀπὸ
756 675 863 706 ἀδικίας
873 684 880 690 ·
895 676 935 702 ὅτι

148 718 225 753 χείλη
242 718 335 753 ἱερέως
353 717 500 752 φυλάξεται
521 718 631 752 γνῶσιν,
652 722 688 753 (p.
703 720 765 749 549)
786 721 833 747 καὶ
855 721 935 756 νόμον

149 765 346 799 ἐκζητήσουσιν
369 764 402 790 ἐκ
417 763 464 790 τοῦ
487 764 620 799 στόματος
644 765 736 797 αὑτοῦ,
760 766 801 792 ὅτι
823 766 936 800 ἄγγελος

149 809 252 844 Κυρίου
266 808 484 843 παντοκράτορός
496 810 564 835 ἐστι.
582 821 591 835 ι
612 809 729 837 Ἐκεῖνον
739 810 804 844 γοῦν
818 812 935 846 πρῶτον,

149 857 243 892 φησὶν,
260 855 462 890 ἐπιλεξάμενος,
477 855 613 890 συνθήκας
636 856 704 891 πρὸς
722 857 803 883 αὐτὸν
823 857 935 893 ἐθέμην,

981 264 1116 300 gessistis.

1018 309 1101 338 νιος.
1122 310 1178 337 5-7.
1197 325 1230 329 -
1245 309 1311 336 Exin
1329 311 1393 345 quia
1411 311 1594 338 sacerdotium
1611 319 1644 338 ex
1659 310 1770 338 Aarone

985 356 1093 384 initium
1116 360 1234 391 ceperat,
1259 357 1304 390 qui
1332 357 1435 391 primus
1455 358 1576 391 pontifex
1596 357 1688 385 divina
1716 358 1771 384 ele-

983 401 1072 428 ctione
1087 402 1231 436 processit,
1252 402 1428 436 prosequitur
1443 409 1448 426 :
1467 410 1476 426 ι
1496 401 1595 428 l’mdus
1613 409 1702 428 meum
1719 401 1770 428 fuit

983 455 1044 474 cum
1064 455 1097 475 eo
1119 448 1181 474 vitm
1207 452 1234 474 et
1262 447 1348 482 pacis,
1377 451 1403 473 et
1429 447 1513 473 indidi
1538 448 1562 473 ei
1589 448 1713 474 timorem
1739 452 1770 474 ut

984 493 1092 520 timeret
1107 501 1161 522 me.
1174 498 1200 520 et
1214 501 1229 520 a
1243 492 1312 519 facie
1323 492 1443 520 nominis
1458 492 1510 518 mei
1526 492 1695 519 formidaret.
1714 492 1770 519 Lex

984 539 1110 566 veritatis
1128 538 1178 565 fuit
1205 539 1232 565 in
1260 546 1307 565 ore
1333 538 1404 572 ejus,
1434 542 1460 564 et
1487 537 1618 571 iniquitas
1646 545 1700 564 non
1727 542 1770 564 est

984 584 1093 610 inventa
1109 583 1135 610 in
1159 583 1240 610 labiis
1259 583 1319 616 ejus
1335 592 1341 609 :
1359 583 1385 609 in
1401 589 1468 617 pace
1484 582 1605 615 dirigens
1621 582 1770 608 ambulavit

984 635 1102 660 mecum,
1115 632 1142 655 et
1155 628 1255 655 multos
1268 628 1402 654 convertit
1416 627 1452 654 ab
1467 628 1620 662 iniquitate.
1635 627 1770 659 Quoniam

984 674 1056 700 labia
1084 674 1234 701 sacerdotis
1263 673 1419 701 custodient
1444 674 1602 705 scientiam,
1630 678 1656 699 et
1685 673 1769 708 legem

985 721 1125 754 requirent
1140 728 1173 747 ex
1190 727 1238 747 ore
1257 721 1328 752 ejus,
1346 721 1407 754 quia
1423 721 1537 754 angelus
1557 719 1665 746 Domini
1683 720 1770 746 omni-

985 766 1104 801 potentis
1130 771 1182 794 est.
1200 776 1209 791 ι
1241 766 1308 793 Cum
1339 767 1386 794 illo
1414 766 1506 800 itaque
1535 766 1622 800 primo
1648 765 1769 791 omnium

985 812 1072 839 electo
1090 812 1178 839 fmdus
1193 812 1293 846 pepigi.
1312 811 1474 846 promittens
1493 811 1518 837 ci
1542 811 1629 845 longae
1646 810 1707 836 vita‘
1722 818 1770 844 pa-

987 859 1082 892 cisque
1102 865 1193 897 usum,
1212 857 1398 891 mandatisque
1421 857 1508 883 eidem
1527 860 1556 883 ut
1572 857 1623 883 mei
1643 856 1770 882 tinmrcln

149 902 383 938 ἐπαγγειλάμενος
405 901 455 938 μὲν
470 900 544 936 αύτῷ
561 901 606 927 καὶ
621 901 694 937 ζωῆς
710 904 818 938 μακρᾶς
838 904 884 930 καὶ
899 905 937 930 εξ-

991 908 1079 930 mente
1092 903 1231 935 retineret,
1249 903 1388 937 multaque
1404 910 1466 928 cum
1483 902 1632 929 reverentia
1655 903 1772 928 Ineiuio-

150 949 236 984 ρήνης
263 948 420 977 ἀπόλαυσιν,
446 946 575 978 κελεύσας
597 946 625 972 δὲ
646 948 691 973 τὸν
717 948 798 981 φόϐον
816 949 862 975 ἐπὶ
887 951 936 984 τῆς

149 994 268 1026 διανοίας
285 993 358 1029 ἔχειν
372 995 418 1019 τὸν
432 993 508 1028 ἐμὸν,
528 994 574 1020 καὶ
595 992 663 1028 μετὰ
685 993 780 1020 πολλοῦ
798 994 844 1020 τοῦ
862 995 937 1026 δέους

149 1041 198 1067 καὶ
212 1039 262 1075 τὴν
281 1041 391 1074 μνήμην
409 1038 541 1065 ποιεῖσθαι
558 1039 606 1074 τὴν
625 1040 708 1075 ἐμήν·
727 1039 891 1075 ἠκολούθησε
909 1041 937 1066 δὲ

149 1087 205 1122 ἄρα
221 1086 268 1113 καὶ.
281 1085 316 1113 τὰ
332 1085 396 1120 παρ’
415 1085 518 1112 ἐκείνου
538 1086 674 1120 πρέποντα
691 1086 723 1120 τῇ
743 1087 809 1120 τιμῇ
825 1087 856 1120 τῇ
871 1087 936 1122 παρ’

150 1131 235 1167 ἐμοῦ·
251 1130 345 1166 ἐπειδὴ
362 1129 468 1156 τέθεικε
493 1130 542 1164 μὲν
563 1129 651 1164 ἑαυτῷ
671 1130 752 1164 νόμον
774 1130 822 1156 τοῦ
844 1130 893 1165 ζῇν
907 1139 937 1156 τε

152 1178 202 1205 σὺν
215 1177 337 1212 ἀληθείᾳ.
349 1176 395 1202 καὶ
409 1175 480 1202 ἅπαν
490 1175 708 1211 ἀποστρέφεσθαι
722 1175 831 1209 ψεῦδος·
841 1176 937 1210 ἐιρθέγ-

152 1223 217 1256 ξατο
226 1222 253 1249 δὲ
266 1221 433 1248 οὐδεπώποτε
444 1220 535 1247 ἄδικον
544 1220 630 1249 οὐθὲν.
647 1220 702 1246 οὗθ’
713 1220 727 1246 ὃ
739 1220 839 1255 βλάϐης
852 1221 937 1247 αἴτιον

150 1270 208 1299 τοῖς
217 1267 268 1294 ὑπὸ
275 1267 323 1301 τὴν
336 1264 484 1302 ἱερωσύνην
494 1265 616 1299 ἐγίγνετο
625 1272 632 1279 ⁸
643 1264 711 1296 ὑπὲρ
718 1264 745 1290 δὲ
757 1263 860 1290 τούτων
874 1264 938 1291 ἀκε-

151 1314 255 1345 λούθως
269 1314 328 1344 ταῖς
344 1311 516 1345 ἐπαγγελίαις
530 1311 589 1342 ταῖς
605 1311 695 1344 ἐμαῖς,
711 1309 791 1341 αὑτός
805 1318 835 1336 τε
849 1311 878 1336 ἐν
897 1311 936 1336 εἰ-

155 1361 225 1396 ρήνῃ
237 1358 370 1393 διῆγεν,ἐν
382 1357 470 1384 οὐδενὶ
479 1356 587 1382 πώποτε
595 1356 662 1390 πρός
673 1364 706 1390 με
714 1355 871 1390 διενεχθεὶς,
878 1355 937 1382 οὐδέ

152 1413 180 1432 τι
196 1405 251 1431 τῶν
264 1403 325 1439 ἐμοὶ
337 1402 554 1438 διαπραξάμενος
564 1401 693 1428 ἐναντίων
715 1401 793 1427 τοῦτο
803 1401 857 1436 γὰρ
865 1401 938 1435 λέγει

151 1453 210 1483 τὺ,«
220 1451 250 1478 ἐν
259 1450 352 1486 εἰρήνῃ
364 1447 536 1476 κατευθύνων
551 1446 685 1482 ἐπορεύθη
699 1447 758 1482 μετ’
775 1447 841 1482 ἐμοῦ
853 1456 860 1462 ·
873 1457 881 1473 ι
892 1447 938 1474 καὶ

153 1497 267 1528 πολλοὺς
281 1495 309 1521 δὲ
325 1495 403 1526 ὅσους
418 1494 464 1520 ἐπὶ
474 1494 504 1520 τὸ
516 1494 638 1528 κρεῖττον
654 1494 686 1519 ὲκ
701 1493 748 1519 τοῦ
756 1493 877 1528 χείρονος
893 1494 939 1519 ἐπ-

152 1542 254 1578 ανῆγεν
265 1549 271 1556 ·
289 1540 428 1574 συντόμως
444 1548 474 1565 τε
501 1538 618 1568 εἰπεῖν,ὃ
647 1538 762 1573 μάλιστα
785 1538 887 1573 πρέπον
903 1537 936 1574 ἧν

155 1589 224 1624 ίερεῖ
240 1587 423 1622 διεπράττετο,
447 1584 579 1611 διδάσκων
601 1583 649 1618 μὲν
671 1584 721 1618 τῆς
742 1584 870 1619 ἀληθείας
891 1584 938 1620 τὴν

153 1635 265 1669 γνῶσιν,
285 1633 353 1668 πρὸς
373 1632 400 1659 δὲ
418 1632 463 1658 τὸν
478 1632 559 1665 νόμον
573 1631 618 1656 τὸν
641 1630 713 1656 θεῖον
736 1631 857 1662 ἅπαντας
877 1632 939 1663 τοὺς

155 1681 201 1706 ὑπ’
224 1679 304 1707 αὑτὸν
330 1678 484 1712 ἐπανάγων,
505 1677 553 1703 καὶ
570 1676 701 1703 διδάσκων
721 1676 794 1708 ὅπως
813 1676 847 1702 ἂν
859 1677 940 1711 ἀσχο-

155 1726 242 1752 λοίντο
256 1724 371 1751 πάντοτε
386 1723 450 1759 περὶ
466 1723 546 1749 αὐτόν
555 1731 562 1737 ·
577 1721 655 1748 τοῦτο
668 1722 723 1757 γὰρ
736 1721 830 1757 ἱερέως
849 1722 939 1757 ἔργον,

155 1770 272 1804 ἀγγέλου
287 1769 356 1800 τινδς
374 1767 450 1801 τάξιν
464 1767 571 1802 ἐπέχειν
586 1767 750 1800 τεταγμένου
767 1768 822 1798 τοῖς
838 1767 940 1799 λοιποῖς

155 1813 318 1850 ἀνθρώποις,
332 1813 379 1839 καὶ
391 1812 493 1843 πάντας
507 1812 552 1837 ἐπὶ
567 1812 615 1846 τὴν
629 1811 729 1846 ἀρετὴν
746 1811 937 1844 ἐπανάγοντος,

155 1861 224 1896 ὅπερ
236 1857 282 1887 οὖν
297 1859 344 1885 καὶ
357 1859 413 1890 τοῖς
433 1857 557 1892 ἀγγέλοις
573 1857 637 1892 περὶ
653 1858 725 1892 ἡμᾶς
743 1857 823 1894 ἔργον
841 1860 937 1886 ποιεῖν.

156 1906 265 1938 Ταύτας
281 1906 329 1941 μὲν
342 1905 374 1940 δὴ
388 1904 456 1940 πρὸς
471 1904 516 1930 τὸν
540 1903 647 1938 ’Λαρὼν
666 1903 766 1939 ἐθέμην
783 1904 832 1936 τὰς
845 1905 943 1940 συνθή-

987 958 1047 976 nem
1071 950 1122 976 mei
1152 949 1263 976 faceret.
1289 948 1321 974 Et
1349 948 1458 982 quidem
1485 948 1530 974 ille
1559 948 1643 982 legi-n1
1663 947 1770 974 sibimet

986 994 1138 1025 constituit,
1152 994 1292 1021 veritatem
1307 1001 1355 1027 per
1371 1001 1477 1020 omnem
1492 993 1576 1018 vitam
1592 991 1730 1023 servandi,
1744 996 1771 1018 et

986 1048 1068 1067 omne
1094 1047 1179 1074 genus
1205 1040 1340 1067 mendacii
1370 1039 1485 1066 vitandi.
1509 1038 1582 1065 Nihil
1610 1044 1697 1065 autem
1720 1045 1771 1064 utI-

987 1093 1067 1121 quam
1093 1086 1225 1120 iujuslum
1243 1086 1352 1113 locutus
1369 1091 1422 1116 est,
1440 1086 1481 1112 vel
1505 1085 1577 1119 quod
1593 1084 1771 1118 vituperatio-

988 1133 1030 1159 nis
1041 1132 1149 1159 occasio
1163 1131 1355 1158 sacerdotibus
1367 1131 1452 1157 ﬁeret.
1466 1130 1613 1165 Propterea
1629 1130 1772 1164 promissis

987 1179 1055 1206 meis
1074 1182 1268 1208 consentanee.
1289 1182 1315 1203 et
1338 1177 1396 1212 ipse
1411 1177 1550 1210 pacilicmn
1573 1177 1662 1211 exegit
1678 1177 1770 1205 vitam,

988 1225 1061 1251 nulla
1092 1232 1198 1251 mecum
1228 1224 1369 1250 inimicitia
1393 1229 1531 1257 suscepta.
1559 1224 1680 1258 nihilque
1706 1223 1771 1249 mihi

987 1271 1154 1297 contrarium
1175 1277 1268 1304 agens.
1301 1270 1345 1295 Sic
1369 1270 1440 1296 enim
1466 1269 1523 1296 fere
1547 1273 1646 1296 sonant
1669 1269 1771 1295 verba:

990 1324 1000 1340 ‹
1019 1316 1044 1342 in
1064 1323 1130 1350 pace
1154 1315 1274 1350 dirigens
1300 1315 1448 1341 ambulavit
1470 1323 1584 1342 mecum.
1602 1323 1613 1340 ι
1637 1314 1773 1342 Plurimos

989 1363 1052 1389 item
1071 1361 1104 1388 ad
1125 1361 1265 1387 meliorem
1289 1360 1392 1393 frugem
1414 1367 1445 1386 ex
1466 1359 1600 1386 deteriore
1622 1359 1772 1387 transtulit.

988 1407 1016 1434 In
1033 1414 1149 1436 summa,
1169 1405 1302 1440 quidquid
1320 1405 1457 1439 przecipue
1473 1404 1643 1431 sacerdotem
1659 1403 1774 1430 decebat

991 1454 1056 1488 egit,
1073 1452 1197 1479 veritatis
1206 1451 1286 1486 373
1302 1451 1414 1477 tradens
1429 1450 1564 1482 notitiam,
1581 1454 1664 1484 atque
1680 1450 1712 1476 ad
1726 1449 1773 1476 Dei

990 1500 1075 1534 legem
1097 1502 1213 1524 cunctos
1236 1497 1288 1524 sibi
1310 1497 1448 1531 subjectos
1471 1495 1641 1531 pertrahens,
1661 1500 1687 1523 et
1707 1503 1776 1531 quo-

990 1543 1070 1570 modo
1100 1550 1159 1569 eam
1198 1542 1375 1569 observarent
1405 1541 1516 1568 docens.
1543 1540 1600 1568 Hoc
1629 1544 1670 1567 est
1701 1541 1774 1567 enim

992 1588 1143 1616 sacerdotis
1173 1595 1262 1622 opus.
1294 1592 1323 1614 ut
1351 1589 1386 1615 sit
1418 1588 1546 1614 nimirum
1572 1587 1660 1621 angeli
1689 1587 1777 1613 instar

993 1633 1101 1661 caeteris
1122 1633 1279 1660 hominibus
1307 1633 1398 1662 datus.
1428 1637 1457 1659 ut
1479 1640 1575 1660 omnes
1598 1632 1631 1659 ad
1650 1633 1776 1660 virtutem

992 1679 1119 1710 deducat,
1141 1680 1213 1714 quod
1231 1680 1352 1714 ipsorum
1377 1679 1535 1714 angelorum
1561 1686 1625 1713 erga
1649 1686 1699 1705 nos
1720 1677 1780 1704 otti-

994 1726 1067 1752 cium
1080 1730 1130 1752 est.
1151 1725 1214 1752 llzec
1233 1733 1284 1760 ego
1299 1733 1360 1752 cum
1378 1726 1484 1752 Aarone
1501 1724 1602 1752 hedera
1616 1725 1716 1759 pepigi.
1730 1725 1780 1758 qui.

992 1779 1090 1806 reapse
1105 1775 1305 1799 conscntanoos
1325 1771 1376 1806 legi
1395 1778 1461 1798 mea:
1475 1778 1565 1797 mores
1585 1778 1639 1804 pra:
1658 1779 1687 1797 se
1705 1771 1776 1797 tulit.

992 1817 1026 1843 At
1041 1817 1113 1844 enim
1127 1824 1175 1844 vos
1192 1817 1378 1844 sacerdotium
1394 1816 1468 1844 illius
1489 1817 1662 1844 successione
1676 1816 1777 1845 sortiti,

993 1863 1092 1889 mirum
1119 1867 1251 1894 quantum
1273 1869 1288 1889 a
1315 1861 1452 1897 praedictis
1469 1862 1592 1889 moribus
1614 1862 1780 1893 abhorretis,

995 1907 1136 1940 Quomodo
1150 1908 1188 1939 id,
1206 1908 1335 1943 inquam?

156 1961 218 1984 κας,
236 1953 274 1986 (p.
289 1951 351 1986 550)
365 1950 394 1982 ὃς
419 1949 466 1976 καὶ
489 1948 622 1975 ἀκόλουθα
640 1949 695 1980 τοῖς
716 1949 792 1984 ἐμοῖς
813 1949 988 1986 διεπράττετο
1019 1953 1128 1988 νόμοις·
1152 1953 1232 1988 ὑμεῖς
1258 1953 1286 1980 δὲ
1299 1954 1324 1979 οἱ
1341 1952 1391 1988 τὴν
1412 1953 1561 1988 ἱερωσύνην
1590 1951 1780 1987 διαδεξαμένοι-

155 1999 206 2034 τὴν
230 1997 344 2029 ἐκείνου,
361 1995 489 2031 πάμπολυ
512 1993 613 2021 τούτων
636 1994 697 2020 ἐστέ
721 1996 926 2030 κεχωρισμένοι.
941 1996 1002 2028 Πῶς
1019 1997 1065 2023 καὶ
1080 1997 1140 2024 τίνα
1157 1997 1203 2024 τὸν
1219 1997 1334 2032 τρόπονς

192 2045 266 2080 Στίχ.
282 2047 350 2079 η’-ι’.
363 2058 397 2063 --
412 2052 421 2067 ι
442 2042 534 2077 Ὑμεῖς
550 2041 577 2068 δὲ
591 2041 742 2075 ἐξεχλίνατε
759 2043 791 2068 ἐκ
802 2041 852 2076 τῆς
865 2042 936 2073 ὁδοῦ.

156 2091 204 2119 καὶ
223 2090 389 2126 ὴσθενήσατε
413 2088 527 2118 πολλοὺς
549 2088 578 2113 ἐν
596 2087 686 2122 νόμῳ,
705 2087 874 2123 διεφθείρατε
889 2089 939 2124 τὴν

156 2138 291 2172 διαθήκην
312 2135 358 2162 τοῦ
388 2135 465 2164 Λευῖ,
490 2134 562 2168 λέγει
579 2134 680 2169 Κύριος
702 2134 908 2170 παντοκράτωρ.
927 2145 937 2161 ›

162 2183 346 2219 Ἐξετράπητε
359 2181 413 2216 γὰρ
424 2180 473 2216 τῆς
486 2180 549 2215 περὶ
559 2180 644 2206 ταῦτα
659 2180 774 2215 σπουδῆς
787 2188 794 2194 ·
811 2179 880 2207 ὥστε
893 2181 942 2208 καὶ

156 2231 220 2263 τοὺς
234 2229 352 2261 λοιποὺς,
360 2228 495 2264 ῥᾳθύμους
506 2226 570 2262 περὶ
581 2226 627 2252 τὸν
639 2226 719 2261 νόμον
730 2227 852 2262 ποιῆσαι·
869 2226 941 2254 οὓτω

156 2284 188 2302 τε
203 2275 292 2306 πάσας
312 2273 450 2308 συντόμως
472 2272 560 2297 εἰπεῖν
580 2271 629 2301 τὰς
652 2271 800 2306 συνθήκας,
817 2271 851 2303 ἃς
873 2271 942 2307 πρὸς

157 2322 261 2349 ἐκεῖνον
278 2319 389 2354 ἐθέμην,
405 2318 564 2353 βουλόμενος
577 2317 661 2349 αὐτὰς
678 2317 725 2344 καὶ
740 2317 787 2343 ἐπὶ
804 2317 858 2344 τῶν
874 2317 944 2344 ὲκεί-

158 2375 206 2392 νου
219 2364 348 2399 διαδόχων
370 2364 491 2398 κρατεῖν,
504 2363 538 2397 τῇ
554 2361 641 2397 οἰκεία
661 2361 831 2398 διεφθείρατε
848 2362 941 2398 κακίᾳ.

160 2422 171 2437 ε
192 2410 249 2438 Καὶ
265 2409 321 2444 ἐγὼ
336 2409 441 2436 δέδωκα
458 2408 529 2443 ὑμᾶς
545 2407 772 2443 ἐξουδενωμένους
787 2409 834 2436 καὶ
848 2418 944 2445 παρει-

160 2457 259 2492 μένους
276 2456 316 2487 είς
334 2454 422 2481 πάντα
435 2453 471 2481 τὰ
483 2453 547 2488 ἔθνη
560 2461 567 2469 ⁸
585 2453 642 2480 ἀνθ’
657 2450 694 2480 ὧν
715 2454 793 2489 ὑμεῖς
808 2455 859 2482 οὐκ
879 2456 943 2490 ἐφυ-

157 2502 277 2534 λάξασθε
293 2501 343 2532 τὰς
366 2499 443 2531 ὁδούς
458 2507 508 2534 μου
523 2519 530 2531 ,
546 2498 603 2526 ἀλλ’
622 2499 788 2535 ἐλαμϐάνετε
810 2501 945 2536 πρόσωπα

161 2549 192 2574 ἐν
206 2547 290 2582 νόμῳ.
311 2555 320 2572 ι
345 2544 441 2577 Καλῶς
457 2545 489 2571 ἐκ
505 2543 562 2571 τῶν
581 2544 634 2580 πρὸ
657 2544 779 2580 βραχέως
796 2546 946 2580 γεγονότων

159 2594 259 2625 αὐτοὺς
278 2591 454 2627 σωφρονίζει·
470 2589 590 2617 Τοιαῦτα
605 2590 670 2625 γὰρ,
687 2591 778 2626 φησὶν,
793 2591 865 2626 ὑμᾶς
884 2591 943 2619 δια-

161 2638 362 2674 πραττομένους
386 2635 483 2672 εύρὼν,
511 2635 683 2671 αἰχμαλωσίᾳ
714 2636 890 2671 παραδέδωκα
915 2637 945 2664 τὸ

162 2685 247 2721 μηδὲν
265 2683 407 2715 ἀποδείξας
419 2702 427 2714 ,
443 2682 490 2709 καὶ
505 2682 593 2716 πάντη
605 2681 655 2716 τῆς
675 2682 812 2717 ἱερατικῆς
827 2682 880 2716 ἔξω
893 2691 940 2710 κα⁴

159 2731 300 2766 ταστήσας
327 2729 408 2764 τιμῆς
440 2728 498 2754 ἀνθ’
521 2724 559 2754 ὧν
588 2726 682 2753 οὐδένα
707 2727 784 2761 λόγον
805 2728 939 2755 ποιεῖσθαι

159 2777 216 2805 τῶν
226 2774 444 2810 προσταγμάτων
461 2772 601 2800 ἐϐούλεσθε
618 2773 671 2799 τῶν
688 2773 771 2808 ἐμῶν,
789 2775 942 2810 συνεπράτ-

161 2831 223 2850 τετε
249 2822 278 2849 δὲ
304 2821 421 2852 καὶτοῖς
440 2820 542 2851 λοιποῖς
568 2819 677 2854 ἀμελεῖν
701 2819 754 2846 τῶν
775 2820 881 2855 νόμων,
898 2820 943 2851 οὓς

163 2867 378 2904 σωφρονίζεσθαι
404 2866 467 2901 παρ’
489 2865 563 2900 ὑμῶν
592 2864 693 2892 δίκαιον
708 2863 759 2900 ἦν·
785 2866 863 2892 τοῦτο
891 2866 944 2901 γὰρ

1028 2045 1108 2073 Vens.
1125 2042 1313 2072 8.t0.—¢Vos
1326 2047 1416 2070 autem
1431 2043 1592 2070 declinastis
1604 2050 1619 2069 ι
1631 2043 1673 2070 via
1685 2063 1693 2075 ,
1709 2045 1783 2071 mul~

993 2096 1090 2126 tosque
1105 2091 1131 2118 in
1147 2090 1205 2125 lege
1221 2089 1396 2121 inﬁrmastis,
1416 2089 1577 2123 corrupistis
1596 2089 1657 2116 Levi
1673 2089 1780 2123 fmdus,

994 2139 1033 2165 ait
1050 2137 1180 2164 Dominus
1199 2135 1382 2170 omnipotens.
1397 2145 1406 2161 ι
1417 2135 1569 2170 Tantopere
1586 2136 1621 2163 ab
1638 2137 1719 2170 hujus
1735 2138 1778 2163 nf-

996 2183 1048 2213 ﬁcii
1065 2182 1237 2211 observantia
1251 2181 1411 2209 declinaslis
1421 2202 1428 2214 ,
1439 2185 1466 2208 ut
1480 2185 1593 2208 czeteros
1606 2182 1687 2209 etiam
1701 2182 1780 2210 circa

997 2230 1081 2265 legem
1096 2229 1226 2256 socordes
1240 2227 1360 2256 feceritis
1375 2236 1382 2254 :
1396 2232 1478 2262 atque
1492 2227 1528 2254 ita
1538 2247 1546 2260 ,
1557 2231 1588 2254 ut
1603 2227 1721 2254 breviter
1733 2227 1778 2254 di-

994 2281 1065 2306 cam,
1076 2273 1178 2300 malitia
1192 2276 1281 2301 vestra
1293 2272 1455 2307 corrupistis
1468 2272 1568 2300 hedera
1580 2279 1640 2307 quae
1653 2280 1714 2299 cum
1725 2273 1782 2300 Aa-

996 2327 1062 2348 rone
1080 2319 1234 2355 pepigeram
1248 2339 1255 2351 ,
1269 2318 1364 2345 volens
1381 2325 1412 2344 ea
1425 2325 1488 2344 cum
1504 2317 1579 2345 illius
1593 2325 1702 2353 quoque
1717 2326 1780 2346 suc-

996 2365 1154 2393 cessoribus
1165 2363 1390 2399 permanereuEt
1402 2371 1453 2398 ego
1467 2363 1529 2390 dedi
1542 2370 1592 2391 vos
1609 2367 1782 2399 contemptus

996 2417 1024 2439 et
1039 2411 1162 2446 abiectos
1179 2410 1207 2437 in
1231 2417 1326 2437 omnes
1341 2414 1434 2444 gentes
1447 2429 1455 2442 ,
1477 2414 1618 2444 propterea
1633 2411 1705 2444 quod
1721 2410 1784 2438 vias

997 2464 1072 2484 meas
1094 2463 1148 2483 non
1173 2454 1351 2486 custodistis,
1374 2453 1422 2481 sed
1445 2453 1621 2490 accipiebatis
1647 2462 1782 2489 personas

996 2501 1024 2528 in
1043 2501 1111 2536 lege.
1127 2510 1137 2527 ι
1151 2499 1284 2527 Praaclare
1303 2507 1338 2526 ex
1354 2499 1390 2527 iis
1409 2507 1470 2534 quae
1488 2499 1570 2534 paulo
1588 2503 1651 2526 ante
1670 2501 1780 2527 accide-

995 2550 1058 2572 rant
1085 2545 1146 2572 illos
1172 2547 1346 2571 commonet:
1363 2544 1438 2572 Talia
1464 2543 1557 2575 enim,
1581 2543 1688 2579 inquit,
1717 2552 1779 2571 ι-ιιιιι

995 2598 1046 2619 vos
1069 2595 1179 2626 patrare
1203 2590 1397 2625 comperissem
1410 2610 1417 2622 ,
1439 2589 1590 2624 captivitati
1610 2590 1726 2620 tradidi.
1746 2590 1783 2617 ad

997 2637 1111 2664 nihilum
1129 2635 1255 2663 redactos
1266 2655 1273 2665 .
1289 2639 1316 2662 et
1330 2635 1404 2662 omni
1420 2634 1580 2662 sacerdotali
1597 2634 1700 2663 honore
1717 2643 1781 2670 spoo

998 2682 1098 2708 liatos:
1117 2679 1338 2715 quandoquidem
1364 2679 1466 2706 nullam
1492 2679 1682 2707 mandatorum
1708 2687 1781 2707 meo-

998 2734 1059 2754 rum
1075 2726 1207 2753 rationcm
1230 2725 1332 2753 habere
1348 2726 1492 2757 voluistis,
1511 2725 1564 2753 imo
1579 2730 1608 2754 et
1628 2726 1689 2753 aliis
1704 2734 1782 2761 aeque

995 2774 1080 2809 legem
1107 2771 1308 2807 negligentibus
1338 2777 1531 2807 cooperatores
1563 2771 1676 2803 fuistis.
1708 2777 1782 2806 quos

998 2820 1090 2855 potius
1108 2827 1122 2845 a
1140 2819 1218 2847 vobis
1235 2819 1374 2846 emendari
1398 2818 1553 2853 oportebat.
1577 2818 1623 2845 Sic
1645 2818 1719 2845 enim
1735 2817 1779 2844 in-

998 2866 1143 2901 telligenda
1171 2869 1236 2893 sunt
1257 2865 1362 2894 verbaa
1380 2864 1558 2900 accipiebatis
1588 2870 1720 2899 personas
1749 2862 1782 2889 ἰν»
