1966 3069
191 181 242 208 διι

787 171 961 200 TllEODORI
976 170 1090 199 MOPSU
1096 169 1218 198 ESTENI

1770 164 1825 192 6i!

194 238 273 269 tege;
292 241 301 256 ι
315 229 343 259 id
370 233 421 260 est,
431 228 635 266 reprehendere
656 227 789 255 adversus
810 227 894 262 legem
914 234 979 262 pee-

1040 227 1102 260 λέγει
1121 226 1161 259 τὸ,
1186 234 1195 251 ι
1222 224 1388 259 ἐλαμϐάνετε
1407 224 1539 258 πρόσωπα
1556 223 1583 250 ὲν
1608 223 1682 258 νόμῳ
1695 243 1702 254 ,
1727 233 1737 249 ι
1759 224 1824 251 ἀντὶ

194 282 291 305 cautes
309 277 448 304 noluistis.
474 284 483 301 ι
498 274 593 302 Nonne
611 273 683 301 Deus
699 281 770 300 unus
789 280 838 301 vos
859 272 983 300 creavit?

194 331 286 351 nonne
312 322 393 349 Pater
420 330 491 349 unus
518 320 639 348 omnium
667 319 810 346 vestrum?
837 318 893 345 Cur
917 325 983 353 ergo

196 368 387 404 unusquisque
418 367 523 395 sivistis
549 366 661 393 fratrem
689 369 809 392 vestrum
836 364 984 399 profanare

194 418 389 441 testamentum
410 417 518 447 patrulu
544 414 698 438 vestrorum
711 410 722 436 ’ί
736 419 745 434 ι
760 410 841 444 Atqui
865 413 892 435 et
916 416 965 436 vos
976 429 982 439 ι

197 460 305 494 inquit,
326 463 354 486 et
371 459 433 488 ille.
454 458 480 484 id
502 460 544 484 est
565 456 673 486 Aaron,
695 456 729 482 ab
750 463 805 482 uno
826 454 880 482 Deo
900 455 984 482 creati

195 506 262 532 estis
273 527 280 538 ,
295 512 364 540 quos
381 504 463 531 etiam
480 503 537 538 pari
556 508 622 528 cura
639 505 720 535 atque
738 500 841 528 honore
856 499 985 534 dignatus

197 550 269 577 fuit:
294 558 370 581 :eqne
397 549 470 576 enim
499 548 536 574 illi
565 547 697 581 vobisque
719 544 887 580 dixit-.tEgo
903 545 982 572 dixi:

197 596 240 624 Dii
268 595 336 621 estis
353 612 360 623 ,
390 596 418 619 et
455 593 502 620 lilii
528 590 815 621 Altissimiomnes”;
831 600 840 616 ι
856 590 928 625 quod
943 590 985 616 di-

197 645 274 668 ctum
293 648 341 667 eos
358 640 480 675 apprime
496 639 610 675 respicit
627 638 673 674 qui
690 637 888 665 sacerdotalem
905 635 987 672 374

197 686 374 721 dignitatem,
391 686 432 713 vel
445 686 575 713 ducatum
588 684 680 720 populi
695 687 797 710 tenent.
813 682 892 709 Unde
903 682 987 716 igitur

198 737 300 760 tantam
318 739 425 759 morum
445 731 628 767 corruptelam
649 730 772 758 traxistis
784 749 790 760 ,
811 732 841 755 ιιι
859 729 904 755 ille
923 729 986 762 qui-

198 778 257 805 dem
275 778 316 805 sui
334 778 463 812 temporis
484 777 608 804 homines
627 775 831 805 emendaverit,
852 777 934 808 atque
953 773 987 800 ad

199 825 315 852 officium
335 824 480 859 diligenter
497 823 657 858 impulerit;
672 829 721 850 vos
738 825 829 848 autem
846 820 986 855 subjectos

199 870 352 898 sacerdotio
382 870 481 898 fratres
511 874 621 898 vestros
653 867 817 904 negligatis,
846 870 988 900 tantopere

1033 270 1091 303 τοῦ,
1105 272 1240 307 Ἐλέγχειν
1253 272 1315 302 τοὺς
1329 271 1532 306 ἁμαρτάνοντας
1554 269 1629 304 παρὰ
1647 269 1677 295 τὸ
1690 267 1729 304 τῷ
1745 269 1822 305 νόμῳ

1034 317 1130 343 δοκοῦν
1152 317 1202 342 οὐκ
1234 315 1388 343 ἐϐούλεσθε.
1424 324 1433 340 ι
1465 314 1532 349 Οὐχὶ
1557 313 1622 345 Θεὸς
1648 311 1690 345 εἷς
1713 314 1822 341 ἔκτισεν

1035 363 1125 398 ὑμᾶς;
1142 362 1204 397 οὐχὶ
1230 361 1325 396 Πατὴρ
1347 358 1387 392 εἷς
1402 360 1510 386 πάντων
1537 359 1634 394 Opim;
1663 358 1688 386 τί
1712 359 1753 386 ὅτι
1777 360 1824 394 ἐγ»

1035 408 1196 434 κατελίπετε
1227 406 1343 438 ἕκαστος
1360 406 1406 433 τὸν
1429 405 1541 439 ἀδελφὸν
1559 405 1640 431 αὐτοῦ
1665 404 1711 432 τοῦ
1740 405 1824 440 βεϐη-

1035 453 1120 480 λῶσαι
1146 453 1194 489 τὴν
1210 452 1340 488 διαθήκην
1360 452 1414 478 τῶν
1434 452 1559 486 πατέρων
1575 451 1668 485 ὺμῶνς
1698 460 1708 477 ι
1727 451 1823 478 Καίτοι

1035 507 1077 533 γε,
1093 500 1182 534 φησὶν,
1199 499 1246 525 καὶ
1258 499 1337 534 ὑμεῖς
1353 499 1477 529 κάκεῖνος
1500 497 1584 533 (λέγει
1599 497 1628 524 δὲ
1640 497 1686 524 τὸν
1706 497 1822 532 ⁹Λαρὼν)

1037 547 1075 580 (p.
1094 545 1156 579 551)
1178 545 1222 579 ὑφ’
1239 545 1298 576 ἑνός
1313 553 1343 571 τε
1359 544 1487 579 γεγόνατε
1507 543 1574 570 Θεοῦ
1588 565 1595 576 ,
1614 543 1776 579 κηδεμονίας
1791 550 1822 569 τε

1037 591 1082 616 καὶ
1096 591 1179 625 τιμῆς
1200 590 1333 626 ἡξιὼθητε
1349 590 1397 625 τῆς
1410 589 1494 624 αὐτῆς
1506 597 1513 605 ·
1532 590 1606 624 κοινῇ
1621 589 1675 624 γὰρ
1692 590 1738 615 καὶ
1754 589 1824 624 πρὸς

1037 637 1110 672 ὑμᾶς
1133 637 1200 672 ἔφην
1215 637 1245 663 τὸ
1259 657 1266 668 ,
1286 647 1295 662 ι
1329 636 1400 670 Ἐγὼ
1416 634 1503 666 εἶπον.
1528 636 1589 662 Θεοὶ
1604 636 1664 662 ἐστὲ
1676 657 1683 668 ,
1703 636 1750 662 καὶ
1769 635 1823 662 υἱοὶ

1042 683 1170 717 Ὑψίστου
1185 683 1304 714 πάντες·
1330 694 1339 708 ι
1357 683 1424 717 ὅπερ
1434 681 1466 716 δὴ
1482 681 1599 717 μάλιστα
1610 683 1666 713 τοῖς
1684 681 1733 716 τῆς
1748 682 1824 716 ἱερα-

1037 728 1116 763 τικῆς
1135 728 1280 764 προεδρίας
1302 727 1523 763 ἐπειλημμέναις,
1540 727 1588 754 καὶ
1606 727 1767 762 ἡγουμένοις
1782 728 1825 754 ἐν·

1037 774 1132 801 τεῦθεν
1155 773 1201 801 τοῦ
1226 774 1291 801 λαοῦ
1313 774 1458 810 ἁρμόττον.
1478 773 1563 800 Πόθεν
1582 773 1669 800 τοίνυν
1691 773 1825 807 τοσαύτην

1037 820 1084 846 ἐπὶ
1110 819 1164 846 τῶν
1190 820 1299 855 τρόπων
1322 819 1456 855 ἐσχήκατε
1487 818 1536 854 τὴν
1561 818 1728 854 διαφθοράνς
1753 818 1824 845 ὥστε

1039 866 1143 892 ἐκεῖνον
1163 865 1213 900 μὲν
1237 865 1452 900 ἐπανορθοῦσθαι
1468 864 1531 898 τοὺς
1552 865 1614 891 καθ’
1639 865 1751 896 ἑαυτὸν,
1777 865 1825 892 καὶ

199 921 362 951 peccantes,
380 923 411 943 ac
429 915 626 951 propemodum
644 915 734 949 legum
752 920 874 940 mearum
895 911 988 939 obser-

1041 911 1108 947 πρὸς
1123 911 1153 937 τὸ
1173 911 1232 938 δέον
1248 911 1395 946 ἐπανάγειν
1418 912 1537 947 σπουδῇ.
1560 911 1632 946 ὑμᾶς
1657 911 1686 938 δέ
1701 912 1825 946 παρορᾷν

200 962 317 989 vantiam
333 962 447 996 pedibus
461 961 681 989 conenlcantes?
697 959 767 993 Quid
783 966 849 993 ergo
866 957 988 985 accidit?

1040 956 1102 988 τοὺς
1115 956 1168 983 ὑπὸ
1181 956 1230 992 τὴν
1242 957 1390 993 ἱερωσύνην
1400 957 1621 991 δντας,ι⁷ιδελφοὺς
1634 957 1714 988 ὄντας
1727 957 1823 989 ἰδίους,

200 1006 434 1042 εξαμαρτάνοντάς
453 1014 484 1033 τε
505 1005 601 1037 οὕτως,
627 1004 674 1031 καὶ
696 1003 835 1039 μονονουχὶ
853 1001 1004 1033 πατοῦντας
1027 1001 1081 1028 τῶν
1105 1002 1195 1037 νόμων
1216 1002 1271 1030 τῶν
1289 1002 1363 1038 ἐμῶν
1378 1002 1427 1038 τὴν
1450 1001 1602 1038 ἀκρίὸειαν,
1632 1001 1782 1038 Τοιγαροῦν
1798 1001 1825 1028 τί

218 1052 311 1084 έγονεν
323 1060 331 1084 ;

200 1060 331 1087 γεγονεν;

234 1099 317 1127 Vens.
336 1100 380 1132 Η,
395 1099 439 1127 l2.
451 1114 487 1120 -—
500 1108 510 1126 ι
526 1098 679 1127 Derelictus
695 1102 738 1126 est
749 1097 834 1125 Judas
845 1117 852 1128 .
875 1100 901 1124 et
919 1095 985 1122 abo-

1070 1092 1144 1128 Στίχ.
1159 1096 1204 1124 ια’,
1225 1093 1268 1128 ιβ’.
1290 1109 1325 1113 -
1343 1104 1352 1120 ι
1386 1093 1597 1129 Ἐγκατελείφθη
1631 1093 1730 1125 Ἰούδας
1743 1112 1750 1125 ,
1776 1094 1824 1122 καὶ

200 1145 312 1172 utinatio
338 1145 410 1172 facta
429 1151 472 1172 est
492 1145 519 1172 in
542 1144 640 1173 Israele
660 1148 687 1172 et
705 1143 895 1173 Hierusalem.
921 1141 984 1176 quia

1040 1138 1172 1174 Βδέλυγμα
1191 1139 1299 1173 ἐγένετο
1312 1140 1341 1166 ἐν
1351 1140 1389 1175 τῷ
1403 1139 1510 1175 Ἰσραὴλ
1524 1139 1570 1166 καὶ
1590 1140 1619 1166 ἐν
1635 1138 1824 1174 Ἰερουσαλήμ·

200 1192 395 1218 contaminavit
414 1191 499 1219 Judas
519 1195 614 1219 saneta
633 1189 741 1217 Domini
760 1197 821 1225 qua:
836 1188 986 1219 dilexerat,

202 1245 229 1266 et
248 1239 345 1266 alienis
365 1238 419 1266 diis
439 1238 560 1266 studium
581 1236 723 1272 impendit.
741 1246 749 1262 ι
764 1235 859 1270 Igitur,
877 1234 940 1269 quia
959 1237 986 1261 et

202 1285 320 1320 populus
348 1285 444 1312 illicita
473 1283 615 1319 patrabat,
643 1287 670 1310 et
695 1281 771 1308 vobis
798 1280 986 1308 sacerdotibus

201 1332 277 1358 nulla
303 1331 355 1358 fuit
378 1329 533 1366 corrigendi
564 1329 639 1356 illum
667 1327 837 1359 sollicitudo,
863 1324 986 1353 destituti

203 1377 372 1412 providentia
402 1384 460 1403 mea
488 1376 515 1403 in
540 1374 726 1409 captivitatem
759 1373 889 1400 abiistis:
921 1371 986 1406 quia

203 1423 332 1450 nimirum
349 1422 422 1449 cultu
439 1421 483 1448 Dei
501 1422 623 1456 neglecto
635 1440 642 1450 .
661 1426 740 1454 quem
766 1426 780 1444 a
801 1417 878 1444 vobis
900 1417 985 1451 potis-

203 1470 301 1498 simum
328 1468 481 1496 vehementi
509 1473 575 1493 cura
601 1464 741 1492 observari
768 1462 929 1497 oportebat,
954 1461 988 1488 ad

204 1518 338 1546 idolorum
367 1515 531 1550 obsequium
555 1513 680 1541 conversi
706 1512 783 1539 estis.
807 1511 894 1545 Atque
916 1510 952 1536 ita
974 1516 989 1536 a

204 1563 395 1591 sacerdotibus
413 1562 446 1589 ad
463 1569 558 1588 omnes
585 1560 666 1587 verba
697 1557 884 1590 transferens,
910 1556 987 1591 quasi

1033 1185 1100 1211 διότι
1117 1185 1284 1220 ἐὸεΰήλωσεν
1299 1184 1396 1217 Ἰούδας
1410 1185 1445 1212 τὰ
1461 1185 1525 1220 ἆγια
1539 1185 1640 1221 Κυρίου
1656 1186 1686 1212 ἐν
1699 1182 1740 1217 οἷς
1754 1185 1826 1221 ἠγά-

1034 1237 1115 1266 πησε,
1134 1231 1180 1257 καὶ
1195 1231 1374 1266 ἐπετήδευσεν
1387 1231 1427 1263 εις
1442 1231 1519 1262 θεοὺς
1543 1230 1711 1267 ἀλλοτρίους.
1729 1241 1739 1257 ι
1756 1231 1823 1257 Τοι-

1039 1277 1141 1311 γαροῦν
1154 1277 1246 1312 ἐπειδὴ
1261 1277 1308 1303 καὶ
1321 1278 1346 1303 οἱ
1362 1276 1409 1304 τοῦ
1421 1277 1486 1303 λαοῦ
1501 1277 1531 1304 τὸ
1547 1277 1584 1313 μὴ
1601 1277 1662 1304 δέον
1674 1277 1821 1312 ἔπραττον,

1039 1322 1086 1348 καὶ
1106 1322 1169 1356 ὑμῖν
1188 1323 1244 1353 τοῖς
1261 1321 1364 1357 ἱερεῦσι
1385 1322 1463 1356 λόγος
1478 1321 1568 1353 οὐθεὶς
1583 1320 1617 1358 ἦν
1639 1322 1688 1358 τῆς
1708 1322 1820 1348 ἐκείνων

1038 1366 1224 1402 διορθώσεως,
1245 1367 1389 1402 ἀφεθέντες
1412 1369 1461 1403 τῆς
1482 1367 1608 1402 προνοίας
1628 1367 1678 1402 τῆς
1700 1367 1771 1403 ἐμῆς
1784 1368 1826 1399 είς

1038 1412 1226 1447 αἰχμαλωσίαν
1249 1412 1454 1448 ἀπεληλύθατε·
1474 1412 1544 1447 ὑπὲρ
1568 1408 1606 1438 ὧν
1626 1412 1658 1447 δὴ
1674 1411 1723 1447 τῆς
1740 1411 1822 1447 θερα-

1041 1459 1120 1489 πείας
1137 1458 1322 1494 ἀμελήσαντες
1336 1457 1382 1485 τοῦ
1406 1457 1473 1484 Θεοῦ
1484 1477 1492 1490 ,
1514 1457 1548 1493 ἢν
1570 1457 1603 1493 δὴ
1621 1458 1739 1493 μάλιστα
1755 1458 1826 1493 μετά

1041 1503 1140 1538 πολλῆς
1158 1504 1230 1538 ὑμᾶς
1248 1503 1366 1538 μετιέναι
1392 1502 1531 1538 προσῆκον
1558 1500 1592 1538 ἦν
1611 1502 1659 1538 τῆς
1688 1502 1824 1538 σπουδῆς.

1042 1549 1082 1580 είς
1097 1548 1214 1575 εἰδώλων
1229 1548 1396 1584 ἐξετράπητε
1411 1547 1558 1582 θεραπείαν
1569 1555 1576 1563 ’
1594 1546 1680 1579 οὓτως
1696 1547 1751 1574 ἀπὸ
1769 1547 1826 1573 τῶν

203 1616 230 1638 et
247 1609 346 1645 reliqui
373 1609 400 1635 in
426 1607 519 1635 eadem
546 1605 721 1633 Sacerdotutu
748 1603 870 1638 nequitia
896 1610 988 1630 versa-

1043 1595 1137 1630 ἱερέων
1160 1596 1200 1625 εἰς
1216 1594 1339 1625 ἅπαντας
1363 1593 1484 1620 ἐκϐαλὼν
1500 1593 1544 1620 τὸν
1561 1593 1640 1627 λόγον
1654 1614 1662 1625 ,
1676 1593 1713 1625 ὡς
1737 1594 1771 1620 ἂν
1790 1595 1825 1630 τῇ

204 1661 311 1688 rentur,
332 1654 485 1682 communis
509 1651 699 1687 castigationis
729 1658 794 1685 ergo
820 1650 875 1677 haec
893 1649 987 1676 addit:

207 1711 217 1728 ι
231 1701 330 1729 Perdet
352 1701 482 1728 Dominus
504 1699 640 1725 hominem
659 1698 705 1732 qui
729 1697 786 1724 baac
808 1695 920 1728 fecerit,
939 1695 990 1722 do-

204 1753 255 1773 nec
269 1746 428 1773 humilietur
442 1744 475 1771 de
491 1742 676 1770 tabernaculis
695 1741 779 1768 Jaeob
790 1762 797 1774 ,
821 1745 848 1768 et
869 1741 902 1767 de
923 1740 990 1767 olfe-

205 1792 330 1819 rentihus
343 1789 523 1825 omnipotenti
540 1789 655 1816 Domino
670 1787 844 1816 sacrificium.
859 1796 868 1812 ι
883 1785 940 1813 Nisi
956 1786 990 1812 ab

206 1837 257 1863 hoc
273 1836 335 1863 vitae
350 1842 450 1870 genere
467 1834 637 1862 recesseritis
650 1853 656 1865 ,
672 1832 828 1861 omnimoda
846 1839 894 1858 vos
911 1832 989 1858 ruina

206 1885 320 1908 cunctos
344 1880 494 1915 corripiet,
514 1880 551 1907 ita
581 1883 610 1907 ut
635 1879 664 1906 in
686 1883 834 1906 extremam
860 1877 991 1912 abjectio-

207 1934 268 1954 nem
284 1931 340 1953 tum
360 1926 457 1960 reliqui
473 1925 617 1953 deveniant
631 1935 637 1952 :
654 1929 712 1952 tum
730 1928 757 1952 et
771 1932 820 1951 vos
841 1931 875 1950 ex
899 1930 991 1950 sacer-

208 1973 274 2000 dotii
294 1972 434 1999 functione
450 1976 477 1999 et
492 1971 635 1999 sacriﬁciis
658 1977 718 2006 qua:
742 1977 792 2005 pro
813 1969 873 1996 aliis
892 1968 991 1996 offerre

208 2018 362 2050 simulatis,
380 2018 484 2045 nullam
503 2025 551 2045 seu
569 2024 618 2044 vos
642 2024 690 2044 seu
711 2016 750 2043 illi
775 2015 919 2042 utilitatem
943 2021 990 2041 ca—

208 2063 301 2098 pietis.
317 2061 446 2090 Posthinc
462 2061 495 2088 ad
512 2062 584 2089 aliud
601 2061 709 2088 illorum
726 2059 824 2087 transit
838 2062 989 2094 peccatum.

208 2108 330 2144 Namque
346 2116 361 2135 a
378 2108 536 2142 captivitate
554 2107 672 2138 reversi,
689 2111 717 2134 et
733 2106 796 2132 data
816 2113 831 2132 a
856 2104 912 2132 Deo
933 2104 992 2131 feli-

208 2155 290 2182 citate
303 2154 378 2189 putiti
391 2173 398 2185 ,
413 2154 446 2180 ad
462 2154 590 2180 lascivam
605 2152 677 2180 versi
692 2153 774 2179 vitam
784 2171 791 2183 ,
807 2151 913 2186 priores
927 2157 991 2178 snas

210 2208 310 2228 uxores
329 2199 506 2230 dimiserant,
527 2203 609 2233 atque
629 2197 690 2225 aliis
709 2197 818 2224 oculum
836 2196 992 2232 cupiditatis

209 2246 385 2281 adiecerant:
411 2248 438 2272 et
461 2245 522 2272 illas
548 2244 657 2279 quidem
683 2251 743 2279 qua:
763 2243 844 2279 longo
866 2250 928 2270 cum
951 2243 991 2270 eis

210 2297 331 2327 tempore
353 2291 497 2323 vixerant,
521 2294 548 2317 et
567 2290 701 2316 malorum
724 2276 992 2323 etiam'captivitalis
1008 2276 1030 2304 θ

210 2338 356 2373 participes
376 2336 431 2363 illic
452 2335 579 2367 fuerant,
596 2334 677 2369 375
692 2341 766 2361 nunc
785 2338 887 2360 temere
905 2332 993 2367 ejeee-

211 2387 289 2415 rant,
303 2386 384 2416 atque
406 2381 467 2408 aliis
491 2388 540 2416 per
559 2380 698 2407 libidinem
726 2379 910 2406 adhaerebant.
934 2378 993 2405 Jam

212 2436 274 2456 eum
289 2429 393 2455 nullum
411 2427 519 2455 miseris
535 2426 694 2453 mulieribus
710 2426 828 2452 ferretur
843 2425 972 2452 auxilium
985 2444 994 2456 ,

211 2482 262 2501 nec
288 2474 431 2509 quisquam
457 2472 529 2499 facta
555 2472 613 2499 haec
637 2471 814 2506 obiurgaret,
838 2470 995 2497 necessario

212 2519 340 2553 injuriatu
359 2519 591 2553 ignominiamque
608 2524 662 2544 non
679 2517 796 2544 ferentes
813 2516 878 2550 ipsaa
898 2516 995 2542 mulie-

212 2573 275 2598 res,
292 2565 396 2592 idcirco
420 2565 453 2592 ad
478 2564 561 2591 Deum
590 2562 785 2597 confugiebant
813 2562 907 2588 multis
934 2569 993 2588 cum

212 2611 340 2646 lacrymis
366 2609 514 2645 multisque
536 2609 701 2643 eiulatibus,
724 2607 824 2642 Deique
850 2607 995 2641 providen-

213 2659 276 2683 tiam
292 2663 319 2684 nt
338 2658 364 2683 in
379 2665 407 2684 re
420 2656 564 2692 desperata
581 2655 773 2691 implorabant.
793 2653 936 2688 Propterea
953 2653 993 2679 sic

214 2704 283 2736 loqui
300 2702 385 2738 pergit
400 2711 408 2729 :

1041 1641 1143 1668 τούτων
1163 1641 1246 1676 κακίᾳ
1265 1640 1312 1667 καὶ
1328 1640 1381 1666 τῶν
1399 1639 1500 1667 λοιπῶν
1516 1639 1667 1674 γεγονότων
1683 1639 1826 1672 τοιούτων.

1041 1686 1082 1718 εἰς
1110 1685 1297 1720 σωφρονισμὸν
1326 1685 1452 1711 ἁπάντων
1482 1687 1557 1721 κοινῇ
1587 1684 1679 1711 λοιπδν
1709 1685 1826 1719 tuam-

1044 1741 1053 1757 ι
1083 1730 1280 1766 Ἐξολοθρεύσει
1297 1731 1397 1766 Κύριος
1419 1729 1465 1756 τὸν
1480 1730 1621 1766 ἄνθρωπον
1640 1730 1686 1758 τὸν
1700 1730 1826 1757 ποιοῦντα

1041 1777 1146 1809 ταῦτα,
1164 1777 1216 1809 ἓως
1231 1776 1263 1803 ἂν
1285 1777 1332 1803 καὶ
1352 1775 1506 1812 ταπεινωθῇ
1523 1776 1556 1802 ἐκ
1572 1776 1758 1811 σκηνωμάτων
1778 1775 1827 1802 Ἰα-

1042 1824 1110 1856 κὼὸ,
1128 1823 1174 1850 καὶ
1188 1824 1219 1849 ἐκ
1234 1822 1426 1858 προσαγόντων
1450 1822 1545 1849 θυσίαν
1561 1822 1600 1858 τῷ
1615 1822 1709 1858 Κυρίῳ
1724 1830 1826 1849 παντο-

1041 1868 1165 1904 κράτορι.
1185 1877 1194 1893 ι
1219 1867 1228 1901 (
1240 1875 1267 1902 p.
1293 1867 1360 1900 552)
1384 1867 1454 1893 Ἀλλ’
1476 1866 1504 1893 εἴ
1524 1875 1556 1901 γε
1580 1866 1617 1902 μὴ
1634 1866 1738 1893 τούτων
1757 1866 1827 1893 ἀτω-

1043 1914 1168 1948 σταίητε,
1183 1914 1266 1948 φησι,
1290 1912 1425 1948 παντελὴς
1446 1912 1567 1940 ἀπώλεια
1581 1912 1695 1947 λήψεται
1721 1911 1826 1944 πάντας

1042 1960 1123 1994 ὑμᾶς,
1141 1958 1210 1986 ὥστε
1224 1959 1264 1989 εἰς
1275 1958 1323 1993 τὴν
1337 1958 1455 1993 ἐσχάτην
1468 1958 1632 1984 ταπείνωσιν
1652 1956 1715 1989 τούς
1728 1965 1758 1984 τε
1772 1956 1826 1982 λοι-

1042 2007 1109 2037 ποὺς
1124 2005 1255 2040 ἀχθῆναι,
1274 2005 1321 2031 καὶ
1337 2004 1369 2040 δὴ
1392 2005 1438 2031 καὶ
1454 2004 1525 2040 ὑμᾶς
1547 2004 1610 2034 τοὺς
1633 2002 1782 2038 ἱερατεύειν
1794 2010 1827 2029 τε

1042 2052 1089 2079 καὶ
1104 2052 1152 2084 τὰς
1165 2052 1235 2087 ὑπὲρ
1250 2051 1353 2086 ἐτέρων
1367 2050 1463 2082 θυσίας
1476 2049 1734 2085 προσποιουμένους,
1748 2048 1828 2076 οὐθὲν

1042 2099 1103 2126 οὔτε
1117 2098 1193 2134 ὑμῶν
1209 2097 1270 2124 οὔτε
1292 2097 1403 2123 ἐκείνων
1421 2097 1452 2132 τῇ
1469 2096 1635 2131 προσαγωγῇ
1654 2095 1708 2122 τῶν
1726 2094 1828 2122 θυσιῶν

1042 2144 1204 2180 ὠφελεῖσθαι
1218 2143 1281 2170 οἴων
1292 2152 1320 2169 τε
1334 2142 1416 2169 ὄντων
1424 2151 1431 2157 ·
1445 2141 1569 2168 ἐντεῦθεν
1580 2141 1622 2175 ἐφ’
1631 2140 1727 2175 ἐτέραν
1737 2140 1828 2167 αὐτῶν

1044 2190 1203 2226 μεθίσταται
1219 2189 1391 2224 παρανομίαν
1403 2196 1410 2203 ·
1432 2187 1624 2218 ἐπανελθόντες
1641 2186 1696 2222 γὰρ
1707 2186 1762 2213 ἀπὺ
1776 2185 1828 2221 τῆς

1043 2235 1244 2271 αἰχμαλωσίας,
1259 2234 1305 2260 καὶ
1319 2233 1368 2268 τῆς
1387 2233 1439 2260 ὑπὸ
1454 2232 1501 2259 τοῦ
1516 2232 1583 2259 Θεοῦ
1607 2231 1831 2268 παρασχεθείσης

1044 2283 1135 2313 αὐτοῖς
1150 2280 1301 2316 εὐπραγίας
1318 2278 1514 2314 μετεσχηκότες
1524 2298 1532 2310 ,
1554 2278 1594 2309 εἰς
1616 2277 1764 2304 ἀκόλαστον
1780 2277 1828 2303 ἐκ·

1043 2326 1193 2363 τραπέντες
1205 2324 1271 2359 βίον,
1288 2323 1337 2354 τὰς
1354 2322 1471 2358 πρόσθεν
1485 2320 1589 2348 ἐαυτῶν
1605 2321 1737 2355 γυναῖκας
1749 2319 1828 2354 ἠφίε-

1045 2380 1104 2403 σαν,
1120 2372 1161 2406 ἐφ’
1179 2370 1276 2405 ἐτέρας
1297 2369 1371 2400 ὅπως
1386 2368 1450 2395 ποτὲ
1469 2367 1616 2403 τρέποντες
1632 2366 1663 2393 τὸ
1674 2366 1768 2401 ὔμμιν
1780 2365 1830 2392 καὶ

1044 2418 1093 2449 τὰς
1109 2417 1157 2452 μὲν
1174 2417 1202 2442 ἐν
1226 2415 1323 2450 μακρῷ
1344 2414 1382 2449 τῷ
1395 2414 1483 2449 χρόνῳ
1505 2412 1700 2447 συγγεγσνυίας
1718 2412 1828 2443 αὐτοῖς,

1043 2465 1091 2490 καὶ
1109 2463 1140 2498 δὴ
1156 2462 1205 2489 καὶ
1219 2462 1273 2488 τῶν
1291 2461 1360 2488 κατὰ
1384 2460 1434 2495 τὴν
1451 2459 1640 2495 αἰχμαλωσίαν
1663 2459 1756 2486 κακῶν
1773 2458 1828 2485 τῶν

1043 2519 1072 2537 τε
1089 2508 1181 2536 αὐτόθι
1201 2506 1407 2541 ταλαιπωριῶν²
1420 2505 1649 2540 κεκοινωνηκυίας
1671 2505 1763 2536 αὐτοῖς
1778 2505 1830 2532 ἀπε

1044 2555 1154 2582 έὸαλλον
1167 2553 1260 2585 ἀδεῶς.
1273 2553 1315 2587 ἐφ’
1323 2552 1419 2587 ἑτέρας
1432 2551 1460 2578 δὲ
1475 2552 1618 2586 ἐτρέποντο
1629 2551 1658 2584 ἐξ
1669 2550 1826 2582 ἀκολασίας·

1043 2601 1091 2629 εἶτ’
1103 2599 1232 2635 οὐδεμιᾶς
1245 2597 1369 2625 ἐντεῦθεν
1379 2597 1504 2632 βοηθείας
1516 2595 1724 2632 προσαγομένης
1736 2595 1830 2627 κακῶς

1046 2647 1213 2684 πασχούσαις
1229 2646 1288 2676 ταῖς
1298 2643 1430 2678 γυναιξὶν,
1446 2643 1505 2670 οὐδέ
1519 2651 1591 2674 τινος
1605 2643 1662 2673 τοῖς
1677 2640 1829 2677 γινομένοις

1045 2691 1232 2729 ἐπιτιμῶντος,
1244 2689 1399 2724 ἀναγκαίως
1408 2689 1458 2724 τήν
1468 2697 1496 2715 τε
1509 2688 1588 2724 ὓϐριν
1598 2688 1644 2714 καὶ
1654 2687 1704 2723 τὴν
1717 2686 1830 2721 ἀτιμίαν

212 2751 240 2775 αἱ
250 2732 380 2783 ’γυναῖκες
392 2748 421 2774 οὐ
434 2748 575 2783 φέρουσαι,
584 2748 670 2782 ταύτῃ
684 2746 729 2773 ἐπὶ
741 2746 784 2771 τὸν
798 2745 864 2772 Θεὸν
879 2744 1046 2780 κατέτρεχον,
1067 2740 1172 2771 πολλοῖς
1184 2738 1233 2774 μὲν
1249 2737 1304 2768 τοῖς
1318 2736 1443 2770 δάκρυσι,
1455 2734 1565 2766 πολλαῖς
1581 2734 1610 2761 δέ
1624 2734 1691 2783 ταῖς.
1697 2732 1830 2767 οἰμωγαῖς

213 2778 389 2831 κεχρημέναι,
408 2778 455 2821 καὶ
471 2778 522 2830 τῆς
537 2778 611 2830 παρὰ
629 2778 695 2821 Θεοῦ
711 2794 837 2830 προνοίας
857 2793 894 2824 ὡς
916 2792 944 2818 ἐν
962 2778 1121 2825 ἀῆοηθήτοις
1137 2786 1260 2820 ἀξιοῦσαι
1270 2785 1368 2820 τυχεῖν.
1393 2782 1479 2818 ’Υπὲρ
1493 2781 1526 2816 δὴ
1540 2781 1641 2808 τούτων
1663 2778 1735 2806 οὕτω
1753 2779 1829 2815 φησι·

251 2867 272 2882 ⁸⁷
296 2865 332 2893 Ps
352 2865 369 2892 l.
386 2872 478 2898 Lxxxi,
495 2863 521 2890 θ.
