1983 3072
126 153 185 182 613

590 155 862 185 COMMENTARIUS
877 156 910 184 IN
929 157 1117 186 MALACHIAZ
1137 158 1214 186 CAP.
1232 159 1261 187 ll.

1705 158 1759 186 ﬁ“

165 212 240 248 Στίχ.
270 216 316 247 ιγ’,
340 229 373 233 -
395 223 404 239 ι
427 213 481 240 Καὶ
510 213 594 241 ταῦτα
613 214 631 240 ἃ.
650 214 762 249 ἑμίσουν
783 216 912 243 ἐποιεῖτε

1007 216 1194 245 Vens.'15.--
1210 227 1218 242 ι
1233 216 1263 243 Et
1288 216 1346 244 hmc
1371 224 1432 252 qua
1456 216 1568 245 oderam
1591 216 1755 246 faciebatis:

127 258 298 286 ὲκαλύπτετε
322 259 438 295 δάκρυσι
466 259 496 286 τὸ
519 259 711 295 θυσιαστήριον
738 262 849 297 Κυρίου,
874 262 921 289 καὶ

127 312 134 329 :
150 304 264 340 λαυθμῷ
286 306 334 332 καὶ
359 305 503 340 στεναγμῷ
530 306 562 332 ἐκ
584 306 695 332 κόπων⁸
715 306 754 333 ἑτι
769 307 843 339 ἄξιον
859 309 920 334 ὲπι-

126 349 227 384 ϐλέψαι
246 351 287 382 είς
313 350 407 378 ουσίαν
430 351 516 386 ὑμῶν,
544 352 560 387 ἦ
583 352 681 378 λαϐεῖν
703 353 796 380 δεκτὺν
815 355 847 380 ἐκ
866 355 920 380 τῶν

127 395 247 431 χειρῶν;
273 405 284 422 ι
318 395 498 422 Ἐκαλύπτετε
530 397 645 432 δάκρυσι
670 398 700 424 τὸ
729 398 920 435 θυσιαστήριον

127 441 244 476 Κυρίου,
259 444 296 476 (p.
311 441 372 477 555)
381 442 428 469 καὶ
439 441 570 478 κλαυθμῷ
581 443 627 469 καὶ
638 443 782 479 στεναγμῷ
790 452 798 460 ο
811 445 840 471 οὺ
852 444 920 480 πρὸς

127 487 195 519 τοὺς
211 487 388 522 ὀδυρομένους
410 488 501 523 φησὶν,
514 488 581 515 ἀλλὰ
593 489 659 524 πρὺς
670 489 733 520 τοὺς
744 488 844 521 αἰτίους
858 489 920 516 τού-

127 539 176 557 του
187 540 194 546 ·
211 532 243 558 οὐ
265 532 318 568 γὰρ
333 533 364 569 δὴ
381 535 441 564 ταῖς
459 534 513 561 ἀπὸ
532 535 666 571 τοσαύτης
682 535 804 570 ἀνάγκης
823 545 853 563 τε
872 537 919 564 καὶ

132 577 268 612 ἐπηρείας
286 579 332 605 ἐπὶ
347 579 392 605 τὸν
407 579 472 606 Θεὸν
485 581 661 617 κατατρέχειν
681 582 919 618 ἀναγκαζομέναις

127 622 176 649 καὶ
197 622 233 650 τὰ
253 623 444 660 συμϐεὕηκότα
469 625 564 657 αὑταῖς
586 627 803 663 ἀποδυρομέναις
825 628 917 661 κακὰ,

129 668 286 703 μέμφεσθαι
315 669 432 705 ἤμελλεν
452 670 523 706 ὑπὲρ
542 667 580 698 ὧν
601 672 690 699 ταῦτα
707 673 847 705 ποιοῦσιν,
859 674 917 701 ἀλλ’

126 713 241 749 εὔδηλον
253 715 293 742 ὅτι
305 717 360 748 τοῖς
373 716 495 744 ἀδικοῦσι
509 718 557 744 καὶ
574 718 628 744 τῶν
647 719 775 746 τοιούτων
788 720 917 756 οίμωγῶν

126 769 157 787 τε
170 761 218 788 καὶ
227 761 352 797 δακρύων
370 762 468 795 αἰτίοις
483 763 670 799 ἐπιμέμφεται
685 764 806 798 δικαίως.
821 765 858 792 Τὸ
870 764 917 793 οὖν

130 815 140 832 ι
151 807 318 834 ὲκαλύπτετε
334 818 344 834 ι
362 808 436 842 λέγει
460 809 520 836 ἀντὶ
537 808 599 842 τοῦ,
618 810 839 846 Παρεσκευάζετε
865 820 916 838 κα-

127 850 285 878 λύπτεσθαι.
311 852 443 879 Ἐποιεῖτε
460 852 502 888 δὴ,
521 853 598 888 φησὶ,
619 854 759 881 καὶτοῦτο
778 855 792 881 ὅ
807 855 916 882 πάντων

129 894 247 929 μάλιστα
260 896 443 931 ἀπειρημένον
458 895 492 933 ἦν
507 897 578 933 ἐμοὶ,
594 898 641 924 καὶ
655 898 752 925 πολλοῦ
768 907 801 934 γε
819 899 915 934 μίσους

130 940 292 975 φαινόμενον
317 942 405 974 ἄξιον·
430 941 471 975 οἷς
496 943 586 975 καλῶς
609 944 732 979 ἐπήγαγε
752 945 793 976 τὸ,
818 955 827 972 ι
853 947 913 974 Ἔτι

128 985 201 1019 ἄξιον
213 986 358 1022 ιπιῆλέψαι
372 988 413 1020 είς
426 988 520 1015 θυσίαν
533 989 621 1024 ὑμῶν,
638 989 654 1025 ἥ
672 989 764 1016 λαὸεἰν
777 991 870 1018 δεκτὺν
883 992 914 1018 ὲκ

125 1030 180 1058 τῶν
190 1032 290 1067 χειρῶν
305 1032 396 1068 ὑμῶν;
421 1044 430 1059 ι
448 1033 509 1066 Πῶς
519 1034 574 1071 γὰρ
589 1034 631 1070 δὴ,
653 1037 729 1070 φησὶ.
743 1037 790 1062 καὶ
804 1036 915 1064 δυνατὸν

127 1077 143 1112 ἢ
159 1077 256 1105 θυσίαν
268 1078 285 1114 ἢ
306 1079 369 1105 ἄλλο
382 1089 408 1106 τι
421 1079 475 1107 τῶν
490 1082 554 1116 παρ’
565 1081 641 1116 ὑμῶν
657 1082 914 1118 προσκομιζομένοη

126 1122 254 1155 δέξασθαι
284 1132 329 1159 με.
359 1124 413 1151 τῶν
443 1125 579 1159 γυναικῶν
611 1126 666 1152 τῶν
700 1127 839 1163 ὑμετέρων
867 1128 914 1154 ἐπὶ

126 1166 270 1200 τοσαύταις
286 1168 404 1200 ἀδικίαις
417 1177 447 1195 τε
466 1169 514 1196 καὶ
529 1170 681 1205 παροινίαις
698 1171 731 1204 ἃς
748 1171 914 1207 ὑπομένουσι

127 1214 193 1249 παρ’
219 1213 305 1250 ὑμῶν,
333 1215 450 1251 τοσούτῳ
481 1216 528 1250 μὲν
554 1216 697 1252 κλαυθμῷ,
717 1217 854 1249 τοσούτοις
885 1219 914 1245 δὲ

125 1259 253 1295 ὀδυρμοῖς
266 1261 309 1287 ἐπ’
324 1260 390 1296 ἐμοῦ
404 1261 600 1297 κεχρημένων;
620 1262 653 1294 ἃς
668 1263 790 1298 παριδεῖν
804 1264 855 1290 οὐκ
869 1264 914 1290 εὑ-

126 1306 232 1341 πρεπὲς
259 1307 333 1342 ἐμοί·
354 1307 424 1335 ὥστε
449 1310 473 1335 εί
499 1308 610 1340 καὶτὰς
632 1310 671 1340 εἰς
696 1310 746 1345 ἐμὲ
770 1311 914 1345 γινομένας

126 1350 204 1384 ὑμῶν
216 1350 402 1386 πλημμελείας
419 1352 570 1388 παρίδοιμι,
587 1352 644 1380 ἀλλ’
658 1353 689 1380 οὗ
704 1354 730 1380 τί
742 1363 772 1387 γε
789 1355 839 1386 τὰς
855 1355 914 1381 ἀδι-

125 1396 188 1427 κίας
203 1397 360 1432 παρόψομαι
376 1397 429 1425 τῶν
439 1398 566 1434 γαμετῶν
579 1399 632 1425 τῶν
648 1399 788 1434 ὑμετέρων
799 1408 805 1414 ·
821 1401 913 1435 ὅμοιον

124 1441 154 1468 δέ
169 1443 229 1468 ἐστι
243 1442 283 1478 τῷ
302 1442 349 1470 τοῦ
370 1444 473 1479 Κυρίου
492 1445 521 1470 ὲν
549 1445 605 1476 τοῖς
627 1443 803 1479 Εὐαγγελίοις
823 1445 914 1479 λέγον-

124 1495 180 1519 τος,
205 1488 288 1514 «Ἐὰν
315 1489 473 1525 προσφέρῃς
497 1490 527 1516 τδ
552 1490 636 1525 δῶρόν
665 1498 711 1516 σου
742 1491 787 1517 ἐπὶ
810 1491 840 1517 τὸ
869 1491 914 1517 θυ-

126 1534 295 1569 σιαστήριον,
307 1535 353 1561 καὶ
371 1535 429 1561 ἐκεῖ
441 1535 562 1571 μνησθῇς
576 1537 616 1562 ὃτι
631 1537 644 1563 ὁ
664 1536 776 1570 ἁδελφός
794 1545 841 1563 σου
855 1536 910 1572 ἔχει

124 1587 152 1605 τι
171 1580 242 1606 κατὰ
261 1579 318 1612 σοῦ,
339 1581 405 1615 ἄφες
422 1582 480 1608 ἐκεῖ
495 1582 526 1608 τὸ
549 1582 635 1618 δῶρόν
652 1592 698 1609 σου
711 1583 756 1609 ἐπὶ
771 1582 801 1608 τὸ
816 1583 910 1609 θυσια-

122 1627 304 1663 σ’τείιριονριαὶ¹
313 1625 400 1659 ὕπαγε
419 1626 536 1662 πρῶτον,
562 1626 721 1663 διαλλάγηθι
743 1626 781 1662 τῷ
803 1626 910 1662 ἀδελφῷ

125 1677 185 1702 σου.
193 1674 239 1700 καὶ
246 1671 397 1702 τότεὲλθὼν
406 1673 542 1710 πρόσφερε
549 1674 578 1700 τὸ
584 1674 670 1702 δῶαόν
677 1681 734 1700 σου.
741 1682 750 1698 ι
756 1671 859 1708 (μὸὄὰι)
866 1674 909 1705 Ὠς

125 1716 181 1752 γὰρ
195 1717 254 1743 ἐκεῖ
270 1717 398 1754 περιττὴν
412 1716 481 1744 εἶναι
500 1718 573 1753 λέγει
598 1718 647 1755 τὴν
667 1719 851 1755 προσκομιδὴν
871 1720 910 1755 μὴ

124 1762 173 1788 τοῦ
188 1763 351 1800 ἠδικημένου
364 1764 576 1801 θεραπευθέψτος
588 1766 730 1802 πρότερον,
743 1767 828 1799 οὕτως
839 1768 908 1794 κάν-

971 263 1138 298 operlebatis
1155 263 1283 298 lacrymis
1299 263 1385 291 altare
1399 263 1525 294 Domini.
1543 266 1570 291 et
1587 263 1700 298 planctu
1718 271 1752 291 ac

971 309 1071 344 genuitu
1086 308 1121 337 de
1142 308 1293 336 laboribus.
1316 309 1449 337 Adbucne
1470 309 1581 345 dignum
1606 313 1649 338 est
1668 311 1759 346 respi-

972 362 1035 382 cere
1064 354 1250 386 sacriﬁcium,
1281 358 1329 381 aut
1354 356 1495 390 suscipere
1525 356 1692 391 acceptabile
1721 356 1758 384 de

970 399 1098 428 manibus
1113 400 1233 428 vestris?
1247 410 1256 426 ι
1267 400 1438 436 Operiebatis
1458 402 1586 437 lacrymis
1603 403 1687 430 altare
1702 401 1758 430 Do-

971 445 1054 476 mini.
1069 450 1097 473 et
1111 446 1222 481 planctu
1238 454 1270 474 ac
1285 448 1386 482 gemitu
1401 455 1409 480 ;
1429 447 1501 481 quod
1516 455 1568 474 non
1586 448 1619 475 de
1638 449 1756 484 lugenti-

970 489 1022 518 bus
1040 490 1123 522 dicit,
1138 491 1188 519 sed
1205 491 1239 519 de
1254 491 1287 519 iis
1302 492 1349 527 qui
1363 492 1473 528 lugendi
1489 500 1573 520 causa
1589 498 1677 521 erant.
1695 494 1755 522 Non

969 536 1041 563 enim
1057 536 1129 565 Deus
1144 538 1305 566 mulieribus
1319 546 1379 574 quae
1396 547 1429 566 ex
1451 539 1535 567 tantis
1556 540 1691 574 angustiis
1708 545 1750 567 at-

969 590 1023 617 que
1048 583 1148 618 injuria
1171 584 1205 611 ad
1221 592 1252 612 se
1264 585 1413 620 confugere
1428 584 1606 620 cogebantur.
1622 593 1756 620 suamque

969 630 1151 658 calamitatem
1159 630 1523 666 deﬁebant,exprobraturus
1531 635 1590 658 erat
1597 630 1670 666 quod
1680 631 1717 658 ita
1724 639 1756 659 se

969 680 1114 709 gererent;
1127 675 1173 703 sed
1189 681 1263 710 patet
1273 696 1280 708 ,
1299 675 1384 704 Deum
1402 676 1531 711 iniuriam
1547 675 1712 703 facientibus
1727 679 1755 704 et

969 719 1125 754 huiusmodi
1135 721 1289 757 ploratuum
1298 729 1330 749 ac
1338 722 1522 758 lacrymarum
1531 723 1692 750 auctoribus
1701 730 1756 750 me~

968 763 1020 791 rito
1036 764 1129 792 irasci.
1143 764 1214 801 Ergo
1232 776 1242 792 ι
1253 766 1418 801 operiebatis
1433 776 1442 792 ι
1460 766 1537 798 dicit,
1553 774 1612 802 pro.
1628 766 1757 801 operieno

968 808 1032 835 dum
1049 810 1198 838 curabatis.
1220 809 1249 837 ld
1269 818 1334 839 vero
1356 811 1479 847 agebatis
1500 811 1573 847 quod
1591 820 1607 839 a
1623 820 1667 840 me
1685 819 1754 846 pra:-

967 855 1045 889 ripue
1062 856 1173 883 vetitum
1189 861 1250 889 est.
1266 858 1406 893 multoque
1423 858 1487 885 odio
1502 847 1613 894 dignum
1630 863 1753 894 apparet.

932 891 952 918 Β
966 900 1071 933 Quibus
1087 902 1218 935 praeclare
1234 902 1329 930 addit:
1345 891 1440 931 «VNuIn
1463 891 1575 939 dignum
1598 891 1688 932 adhuc
1709 909 1752 932 est

966 952 1008 972 me
1031 945 1065 973 ad
1087 951 1207 974 vestrum
1233 948 1399 976 sacriﬁcium
1423 949 1579 984 respicere,
1601 950 1644 977 vel
1663 950 1752 985 quod-

965 990 1029 1018 libet
1050 992 1084 1020 de
1105 993 1232 1021 manibus
1248 994 1348 1022 vestris
1371 1002 1472 1023 munus
1491 995 1639 1031 accipere?
1655 1005 1665 1023 ι
1683 995 1750 1023 Nam

964 1037 1011 1071 qui
1042 1037 1100 1064 ﬁeri
1127 1039 1226 1074 poterit
1252 1043 1282 1066 ut
1308 1047 1359 1074 ego
1383 1041 1549 1069 sacriﬁcium
1574 1042 1616 1069 vel
1639 1041 1752 1077 quidvis

964 1083 1037 1110 aliud
1051 1090 1066 1110 a
1080 1084 1157 1112 vobis
1169 1085 1291 1113 oblatum
1307 1086 1451 1113 admittam
1462 1107 1470 1119 ,
1485 1087 1605 1122 quandiu
1621 1088 1751 1116 mulieres

964 1134 1062 1157 vestra:
1085 1131 1112 1157 in
1136 1135 1174 1158 tot
1198 1132 1307 1167 injuriis
1324 1140 1356 1159 ac
1375 1133 1536 1167 petulantiis
1554 1141 1624 1169 quas
1639 1141 1655 1161 a
1670 1134 1751 1162 vobis

964 1175 1115 1209 patiuntur,
1140 1181 1216 1205 tanto
1241 1186 1284 1206 me
1306 1179 1408 1213 gemitu
1432 1179 1594 1215 ploratuque
1615 1180 1752 1215 pulsant!

963 1229 1033 1255 quas
1048 1223 1187 1257 aspernari
1199 1244 1208 1255 ,
1224 1224 1384 1252 indecorum
1402 1226 1470 1253 mihi
1489 1225 1578 1254 foret:
1595 1226 1664 1254 adeo
1679 1230 1709 1254 ut
1724 1227 1749 1255 si

965 1268 1037 1294 forte
1051 1273 1162 1303 peccata
1177 1274 1265 1298 vestra
1279 1271 1411 1299 adversus
1425 1280 1468 1300 me
1481 1273 1644 1308 negligerem
1655 1294 1663 1306 ,
1676 1273 1750 1301 haud

964 1317 1055 1340 tamen
1083 1320 1237 1344 vestrarum
1264 1324 1379 1345 uxorum
1407 1318 1522 1353 injurias
1549 1326 1628 1354 aequo
1656 1319 1751 1346 animo

965 1366 1096 1393 passurus
1113 1360 1177 1388 sim.
1194 1361 1248 1388 Par
1263 1369 1329 1389 vero
1346 1362 1397 1390 hoc
1417 1367 1459 1391 est
1483 1363 1591 1391 Domini
1615 1364 1644 1391 in
1659 1363 1750 1392 Evan-

964 1405 1042 1438 geliis
1055 1404 1156 1433 eﬁ‘ato:
1175 1416 1183 1431 ι
1199 1406 1227 1434 Si
1241 1407 1342 1435 oﬁeras
1360 1416 1459 1437 munus
1483 1413 1559 1436 tuum
1587 1409 1620 1436 ad
1648 1410 1750 1442 altare,

964 1449 1054 1485 ibique
1072 1451 1235 1480 recordatus
1251 1452 1338 1481 fueris
1357 1454 1467 1481 fratrem
1485 1459 1562 1481 tuum
1580 1455 1681 1482 habere
1699 1456 1749 1483 ali-

963 1496 1027 1530 quid
1050 1498 1182 1526 adversus
1197 1502 1223 1526 te
1235 1519 1243 1530 .
1260 1500 1385 1535 relinque
1401 1500 1437 1528 ibi
1454 1509 1555 1529 munus
1571 1501 1654 1537 376
1672 1506 1749 1530 tuum

964 1541 990 1568 in
1008 1541 1107 1574 altari,
1122 1548 1149 1570 et
1163 1544 1232 1571 vade
1250 1545 1326 1579 prius
1347 1546 1519 1573 reconciliari
1543 1547 1620 1574 fratri
1643 1552 1706 1577 tum.
1722 1551 1749 1574 et

964 1590 1030 1614 tunc
1056 1587 1169 1615 veniens
1195 1588 1262 1615 oﬁ‘cr
1287 1597 1386 1618 munus
1411 1595 1487 1618 tuum
1503 1591 1538 1620 “.
1555 1601 1565 1617 ι
1581 1591 1704 1626 Namque
1718 1595 1749 1618 ut

964 1631 1020 1658 illic
1035 1640 1134 1660 vanam
1157 1641 1219 1661 esse
1236 1634 1302 1661 dicit
1323 1636 1489 1664 oblationem
1514 1641 1660 1673 antequam
1682 1638 1748 1665 laeso

964 1677 1100 1712 satisﬁat;
1127 1680 1164 1707 ita
1182 1688 1256 1708 nunc
1279 1682 1318 1708 ait
1335 1690 1388 1710 non
1404 1690 1483 1718 posse
1501 1684 1602 1719 aliquid
1621 1684 1655 1711 de
1670 1684 1749 1712 vobis

963 1723 1065 1758 suscipi
1082 1724 1202 1752 oblatum
1215 1745 1223 1757 .
1239 1727 1362 1761 quandiu
1374 1727 1423 1754 has
1440 1728 1475 1755 ita
1490 1735 1506 1755 a
1521 1729 1599 1756 vobis
1614 1729 1749 1764 injuriose

963 1773 1091 1798 tractatas
1108 1778 1202 1799 cerno.

125 1808 213 1836 ταῦθά
226 1818 320 1846 φησιν,
334 1811 376 1838 ὅτι
391 1811 429 1848 μὴ
447 1811 557 1839 δυνατόν
571 1821 604 1845 με
618 1813 745 1846 δέξασθαί
760 1822 786 1840 τι
800 1815 862 1840 παο“
874 1813 951 1849 ὑμῶν
965 1817 1196 1853 προσφερόμενον,
1209 1818 1258 1851 τὰς
1271 1819 1383 1846 τοιαῦτα
1402 1821 1467 1856 παρ’
1484 1821 1561 1857 ὑμῶν
1579 1821 1748 1857 ἡδικημένας

126 1857 241 1891 δρῶντα.

161 1902 235 1938 Στίχ.
251 1902 292 1934 ιδ’,
305 1905 345 1929 ιε’.
356 1919 390 1924 -
400 1912 411 1928 ι
427 1904 482 1931 Καὶ
491 1904 711 1936 εῐπατε,Ἕνεκεν
723 1905 810 1939 τίνος;
828 1905 913 1932 ’Κάν-

125 1947 214 1974 ταῦθα
230 1948 310 1975 πάλιν
328 1948 358 1975 τὸ
373 1958 384 1975 ι
406 1949 500 1976 εἴπατε
525 1959 535 1975 ι
556 1950 655 1985 ὁμοίως
671 1950 757 1977 εἰπὼν
775 1951 835 1978 ἀντὶ
851 1950 910 1983 τοῦ,

125 1993 182 2020 Καὶ
192 1994 387 2030 διαπράττεσθε
405 1996 515 2022 τοσοῦτο
535 1997 630 2030 κακὸν,
644 1997 682 2029 ὡς
696 1997 774 2023 οὐθὲν
797 1997 910 2032 ἐργαζό-

126 2049 220 2075 μενοι,
250 2040 378 2076 τοιαύτην
408 2041 470 2068 τινὰ
496 2041 615 2069 διάθεσιν
648 2043 695 2069 ἐπὶ
728 2043 761 2078 τῇ
790 2043 907 2078 τοσαύτῃ

125 2087 287 2122 κεκτημένοι
309 2088 477 2123 παρανομίᾳ.
489 2084 555 2114 Εἶτα
575 2087 682 2120 δεικνὺς
701 2088 749 2114 τοῦ
766 2087 907 2123 γινομένου

124 2132 174 2167 τὴν
189 2132 320 2165 ἀτοπίαν,
343 2133 459 2167 ἐπάγει·
483 2134 559 2161 (Ὅτι
588 2133 688 2169 Κύριος
708 2134 908 2170 διεμαρτύρατο

123 2177 178 2205 ἀνὰ
203 2179 285 2214 μέσον
313 2187 359 2206 σου
389 2179 437 2207 καὶ
465 2180 518 2206 ἀνὰ
545 2179 626 2215 μέσον
659 2179 786 2213 γυναικὸς
813 2178 907 2214 νεότη-

123 2223 169 2256 τός
196 2232 254 2256 σου,
277 2225 310 2258 ἣν
332 2225 520 2258 ἐγκατέλιπες,
543 2224 589 2251 κατ⁴
603 2224 671 2259 αὑτὴ
698 2224 823 2256 κοινωνὸς
849 2233 905 2257 σου,

124 2269 173 2296 καὶ
189 2269 259 2305 γυνὴ
277 2270 409 2306 διαθήκης
437 2279 500 2297 σου·
531 2270 578 2297 καὶ
607 2270 656 2297 οὐκ
678 2269 756 2301 ἄλλος
785 2269 906 2305 ἐποίησε,

123 2312 173 2340 καὶ
190 2312 348 2349 ὑπόλειμμα
378 2314 532 2350 πνεύματός
558 2323 616 2342 σου.
637 2324 646 2340 ι
673 2314 744 2348 Ἐγὼ
773 2314 822 2350 μὲν
841 2315 907 2351 γὰρ,

123 2358 217 2392 φησὶν,
236 2357 339 2386 ἄνωθεν
363 2360 411 2386 καὶ
429 2360 461 2386 ὲκ
481 2359 591 2396 πρώτης
609 2359 773 2395 διεταξάμην
792 2360 841 2394 τῆς
861 2360 907 2395 δη-

123 2404 268 2440 μιουργίας
286 2405 393 2441 πατέρα
412 2414 440 2432 τε
460 2407 507 2432 καὶ
522 2406 629 2442 μητέρα
654 2407 793 2440 ἀφιέντας,
808 2408 841 2441 τῇ
857 2415 906 2440 γυ-

122 2450 198 2477 ναικὶ
216 2450 432 2485 προσκολλᾶσθαι
452 2452 485 2486 τῇ
508 2451 570 2486 ἰδίᾳ,
588 2451 626 2483 ὡς
638 2451 671 2478 ἂν
691 2450 745 2477 εἶεν
760 2452 800 2482 εἰς
819 2451 907 2487 σάρκα

113 2491 189 2529 ’μίαν
204 2495 229 2521 ol
239 2494 300 2522 δύο·
314 2495 393 2531 ὑμεῖς
404 2495 433 2523 δὲ
445 2496 571 2523 τοσοῦτον
586 2496 640 2524 τῶν
650 2497 739 2533 νόμων
751 2497 907 2533 ἠμελήκατε

122 2539 178 2566 τῶν
192 2540 277 2575 ἐμῶν,
291 2539 362 2568 ὥστε
375 2541 424 2577 τὴν
449 2542 482 2568 ὲκ
510 2542 631 2578 νεότητός
662 2550 704 2569 σοι
728 2542 906 2577 συναφθείσαν

112 2584 194 2628 (πρὸς
208 2585 308 2620 γάμον,
326 2586 373 2613 καὶ
389 2587 516 2613 κοινωνόν
542 2595 582 2613 σοι
607 2587 653 2613 τοῦ
677 2587 733 2622 βίου
753 2588 906 2621 γεγονυῖαν,

121 2630 223 2663 παντὸς
240 2631 350 2666 ἀφιέναι
377 2632 437 2668 δίχα
460 2632 540 2666 λόγου
566 2632 616 2667 τῆς
640 2632 727 2664 οἰκίας
751 2632 905 2668 ἐξωθούμε-

121 2684 167 2708 vo;
177 2675 233 2711 (69)
250 2677 300 2712 τῆς
315 2677 392 2711 ιδίας,
409 2678 477 2714 πρὸς
493 2679 527 2713 ἢν
540 2677 661 2705 τοιαῦταί
673 2686 714 2705 σοι
729 2678 773 2705 διὰ
782 2679 836 2705 τῶν
854 2687 905 2712 γα-

123 2721 213 2757 μικῶν
231 2721 322 2758 νόμων
330 2721 399 2750 εἰσὶν
411 2723 439 2750 αἱ
450 2723 582 2759 συνθῆκαι
593 2731 601 2739 ·
621 2723 657 2756 ὡς
670 2722 703 2751 ἂν
721 2724 770 2759 μία
782 2732 811 2751 τε
830 2724 903 2760 εἴητε

159 2797 184 2813 ¹¹¹
195 2797 290 2827 Matth.
302 2807 331 2832 ν,
345 2799 391 2828 23.

160 2865 216 2901 (69)
231 2865 299 2912 Cod:
314 2875 329 2894 ν
341 2874 391 2902 pro
401 2874 427 2899 ς.

999 1904 1080 1933 Vens.
1098 1906 1142 1938 Η,
1156 1907 1200 1934 l5.
1211 1922 1247 1927 —-
1263 1917 1273 1934 ι
1289 1907 1322 1935 Et
1335 1908 1458 1941 dixistis.
1472 1909 1551 1936 Cur?
1565 1918 1574 1935 I
1591 1909 1647 1937 lloc
1662 1911 1747 1938 etiam

960 1951 1021 1978 loco
1037 1959 1135 1980 rursus
1149 1953 1265 1981 verbum
1279 1951 1480 1987 cdixistis,rait,
1490 1962 1552 1989 pro,
1567 1957 1674 1982 tantum
1686 1962 1749 1981 ma-

960 1998 1014 2026 lum
1040 1998 1155 2033 egistis;
1180 2003 1207 2026 et
1227 2001 1307 2035 quasi
1331 2000 1399 2027 nihil
1424 2000 1555 2034 egeritis.
1582 1999 1634 2027 hoc
1659 2000 1744 2028 animi

961 2044 1056 2071 habitu
1084 2045 1150 2072 estis
1166 2045 1193 2072 in
1208 2049 1283 2072 tanta
1314 2045 1446 2080 nequitia.
1472 2044 1569 2072 Postea
1596 2045 1746 2073 ostendens

961 2092 999 2118 rei
1018 2095 1084 2118 actae
1099 2091 1259 2126 pravitatem
1271 2112 1280 2125 ,
1297 2091 1372 2118 addit
1385 2099 1392 2117 :
1407 2101 1416 2116 ε
1431 2091 1520 2118 Testis
1543 2095 1585 2118 est
1609 2091 1746 2119 Dominus

962 2137 1032 2164 inter
1046 2142 1072 2164 te
1089 2140 1116 2164 et
1136 2144 1248 2164 uxorem
1272 2136 1463 2164 adolescentiae
1479 2141 1550 2168 tuae,
1566 2144 1649 2172 quam
1665 2137 1746 2165 dese-

961 2182 1061 2211 ruisti:
1096 2190 1251 2218 quanquam
1283 2183 1341 2217 ipsa
1371 2183 1509 2218 particeps
1537 2186 1584 2210 tua
1611 2187 1686 2216 erat,
1714 2187 1743 2210 et

961 2235 1031 2255 uxor
1057 2228 1169 2255 ftederis
1194 2227 1243 2255 tui.
1271 2228 1348 2255 Haud
1375 2228 1447 2256 alius
1475 2230 1526 2256 hoe
1552 2228 1618 2256 fecit
1639 2230 1744 2266 (idest,

960 2273 1070 2308 nuptias
1096 2274 1253 2308 copulavit.
1281 2274 1332 2302 nisi
1360 2274 1452 2310 Deus)
1476 2279 1503 2302 et
1531 2278 1596 2303 sunt
1622 2274 1745 2310 reliquiae

962 2320 1075 2354 spiritus
1090 2320 1140 2347 tui.
1157 2330 1166 2345 ι
1181 2319 1312 2354 Equidem
1324 2340 1332 2353 ,
1346 2320 1452 2355 inquit,
1469 2321 1536 2348 olim
1558 2325 1585 2348 et
1606 2321 1641 2349 ab
1665 2321 1746 2348 initio

961 2364 1091 2392 constitui
1109 2365 1271 2397 creation'ts,
1285 2370 1314 2392 ut
1334 2365 1402 2397 viri,
1423 2369 1499 2399 patre
1519 2372 1552 2392 ac
1570 2368 1659 2393 matre
1675 2365 1743 2392 reli-

961 2413 1006 2437 cta
1019 2431 1026 2443 ,
1044 2409 1123 2436 uxori
1139 2410 1254 2444 propriae
1268 2409 1453 2442 adhzererent,
1470 2415 1498 2436 ut
1522 2410 1576 2438 duo
1603 2414 1696 2438 essent
1715 2410 1745 2438 in

959 2462 1042 2482 carne
1056 2462 1109 2482 una
1123 2464 1129 2482 Ζ
1145 2463 1195 2482 VOS
1212 2463 1276 2483 vero
1294 2459 1437 2490 tantopere
1458 2456 1530 2491 leges
1557 2463 1631 2483 meas
1652 2455 1743 2492 negle-

960 2500 1040 2528 xistis
1058 2505 1086 2528 ut
1102 2500 1229 2528 feminam
1250 2501 1298 2528 tibi
1318 2502 1422 2537 nuptiis
1439 2502 1473 2529 ab
1495 2501 1679 2529 adolescentia
1696 2509 1744 2529 co-

957 2549 1077 2582 pulatam
1090 2566 1098 2578 ,
1116 2551 1143 2573 et
1158 2547 1219 2574 vita:
1236 2551 1290 2574 tuae
1305 2547 1409 2574 sociam
1421 2567 1429 2580 ,
1447 2547 1521 2574 nulla
1543 2547 1746 2575 interveniente

957 2598 1042 2618 causa
1059 2591 1140 2619 domo
1157 2592 1265 2628 propria
1281 2593 1388 2628 pulsam
1415 2593 1580 2626 dimittatis;
1606 2600 1669 2621 cum
1688 2602 1742 2628 qua

960 2641 1051 2665 tamen
1068 2641 1122 2664 tam
1141 2645 1223 2673 grave
1239 2639 1382 2666 exstiterat
1395 2647 1429 2667 ex
1447 2639 1618 2674 nuptialibus
1635 2639 1744 2675 legibus

959 2681 1069 2716 foedus;
1088 2688 1116 2710 ut
1132 2691 1230 2719 nempe
1245 2691 1310 2712 caro
1329 2692 1383 2712 uua
1402 2685 1500 2712 essetis
1512 2705 1520 2717 ,
1539 2687 1566 2712 et
1584 2684 1744 2713 communia

958 2728 1050 2757 omnia
1067 2729 1136 2758 inter
1149 2738 1198 2759 vos
1214 2730 1361 2760 haberetis.
1378 2730 1477 2761 Postea
1494 2728 1675 2760 nihilominus
1689 2730 1744 2760 hac
