1966 3069
245 158 296 189 (ἷιὸ

841 156 1016 185 TllEODORl
1033 156 1274 186 MOPSUESTENI

1819 158 1878 186 616

243 218 375 248 dimissa.
405 219 460 243 tam
493 215 612 251 legitime
638 215 686 242 tibi
717 215 862 250 copulata,
891 215 925 242 ad
952 215 1033 242 aliaat

1087 214 1163 251 σὰρξ,
1184 215 1232 242 καὶ
1255 214 1332 242 κοινὰ
1347 215 1455 250 ἡγοῖσθε
1473 214 1507 241 τὰ
1524 215 1656 251 ἀλλήλων.
1684 213 1751 242 Εἶτα
1770 215 1878 252 ταύτην

244 264 358 292 libidine
376 262 535 291 stimulattte
554 261 686 288 transilis.
710 261 802 296 Neque
819 261 885 288 illud
904 265 1032 296 reputas,

243 311 356 346 nuptias
383 309 418 336 ob
449 308 559 344 generis
590 307 795 335 successionem
828 311 976 336 constare.
1004 309 1034 333 ut

244 356 330 391 stirps
368 355 506 385 humana.
522 361 583 388 qua)
598 357 685 380 morte
705 352 905 387 exstinguitur.
931 353 1035 379 libero-

243 406 305 426 NIII
337 399 464 434 genitura
495 401 684 425 conservetur.
714 397 901 430 Quamobrem
932 398 1035 432 nuptia:

245 444 430 472 successionis
444 444 694 470 machinamentum
711 451 726 469 a
745 442 800 470 Deo
815 443 933 470 inventa:
947 446 1011 470 sunt
1024 452 1032 470 '.

245 492 271 518 id
286 492 358 518 enim
377 491 454 517 aiunt
469 491 551 517 verba
564 499 573 516 ι
586 489 707 525 reliquiae
723 489 837 524 spiritus
855 489 894 515 tui
906 499 928 522 ,t
941 488 968 515 id
979 494 1031 520 est,

245 545 308 563 cum
333 537 476 571 prtcseutis
503 536 636 570 temporis
663 536 746 562 vitatu
770 534 907 570 deponere
933 534 1034 561 debeas

247 584 254 617 (
271 587 351 618 prout
368 583 469 609 dtctum
490 586 558 612 est,t
571 581 655 607 exibit
672 580 785 616 spiritus
800 581 860 616 ejus
872 601 879 611 ,
898 584 927 607 et
942 587 1034 607 rever-

245 633 319 655 tetur
335 628 416 655 homo
433 628 458 654 in
479 628 615 662 pulverem
635 635 713 654 suttm
728 626 750 642 ⁸³
765 635 774 651 ι
787 626 836 661 )ne
847 629 921 653 totus
943 626 1034 660 perire

246 674 382 705 videaris,
406 673 519 708 reliquit
543 673 591 699 tibi
615 672 687 699 Deus
704 671 907 700 successionem
931 679 1035 698 mento-

246 721 294 747 τίω
307 720 405 751 instar,
421 724 448 746 et
466 718 606 746 residuum
621 718 781 746 substantiae
796 725 954 752 personaeve
969 720 1032 744 tuae.

247 766 285 793 Ea
298 772 417 801 propter
433 765 622 800 respicientem
641 769 666 791 te
684 764 716 790 ad
732 763 887 797 nuptiarum
903 770 1014 789 causam
1026 782 1032 793 ,

246 812 389 846 oportebat
405 811 485 846 377
503 819 559 838 rent
580 811 650 837 hanc
663 809 798 839 revereri,
814 817 901 843 neque
919 816 1035 843 peccare

246 861 343 884 contra
361 858 434 892 leges
450 858 484 884 dc
499 857 542 884 ltis
559 864 574 882 a
591 855 645 882 Deo
664 855 817 890 antiquittts
840 854 957 889 positas,
986 854 1032 881 setl

248 911 297 930 eas
315 903 462 930 iuviolatas
484 901 642 931 custodire.
661 905 687 927 et
704 900 731 926 itt
757 899 879 934 priorum
906 898 1035 933 conjugio

249 956 436 984 persevi'rare,
449 956 518 983 quas
531 948 673 982 pranlicms
691 947 725 973 ob
742 952 841 972 causas
856 945 974 972 duxistis
984 965 991 976 ,
1007 949 1035 971 et

247 1005 302 1024 nou
322 998 413 1032 potius
431 996 563 1024 suadente
581 995 712 1026 libidine,
728 993 850 1020 dimissis
869 993 965 1027 primis
1001 993 1034 1019 ad

247 1044 383 1071 secundas
402 1042 531 1069 transire.

283 1134 351 1161 Tum
368 1133 528 1160 mirabiliter
543 1133 690 1160 admodum
704 1132 808 1159 addidit
819 1138 842 1157 ει
859 1131 891 1158 Ει
906 1131 1014 1158 dixistis
1028 1139 1034 1157 :

248 1181 382 1214 Quidnam
401 1180 499 1214 qumrit
521 1178 592 1206 Deus
607 1179 682 1205 aliud
704 1186 786 1214 quant
805 1178 918 1205 semen?
934 1188 944 1204 ι
962 1177 1037 1210 Quo-

248 1228 321 1253 niam
359 1225 524 1253 videbantur
548 1234 580 1253 ex
614 1225 762 1260 illegititnis
789 1225 872 1252 etiam
904 1225 1036 1251 uxoribus

248 1273 349 1300 liberos
363 1272 511 1306 suscipere,
537 1272 660 1305 Hoc,ait,
673 1272 770 1304 facitis,
795 1279 849 1298 non
862 1272 925 1305 quia
941 1279 1036 1298 sacras

247 1319 412 1346 reverentiui
428 1318 502 1353 leges
514 1317 548 1345 de
559 1318 663 1352 nuptiis
679 1325 693 1344 a
712 1316 767 1343 Deo
779 1317 893 1352 positas,
913 1317 960 1344 sed
972 1318 1036 1352 quia

249 1373 325 1391 more
345 1364 479 1398 pecudum
501 1363 534 1390 ad
563 1364 666 1390 coitum
691 1364 882 1390 tantummodo
902 1368 983 1399 atque
1002 1363 1037 1390 ad

251 1410 416 1445 gignendum
448 1410 630 1443 ineuutbitis;
661 1413 689 1436 et
716 1414 844 1444 tauquam
869 1418 883 1435 ιι
915 1409 968 1436 Deo
997 1410 1037 1436 sic

249 1457 412 1492 comparati,
437 1456 472 1482 ita
489 1457 595 1491 priores
612 1463 709 1483 uxores
725 1456 874 1487 dimittitis,
899 1461 981 1491 atque
1002 1455 1036 1483 ad

251 1503 351 1530 alteras
373 1502 510 1534 transitis,
537 1502 606 1529 nihil
631 1502 765 1530 interesse
790 1507 919 1537 putantes
944 1506 1036 1528 utrunt

250 1557 284 1576 ex
302 1549 343 1576 Itis
362 1549 462 1575 liberos
481 1548 640 1583 suscipiatis
663 1556 696 1575 an
720 1556 752 1576 ex
783 1549 837 1576 illis
856 1557 862 1573 :
880 1557 941 1575 cttnt
965 1549 1036 1576 seire

250 1594 398 1626 deberetis,
421 1594 536 1622 liberam
561 1595 766 1630 propagationis
789 1594 926 1622 licentiam
947 1595 1035 1622 brutis

251 1641 416 1673 convenire;
431 1640 614 1668 rationalibus
631 1647 705 1671 vero,
722 1641 878 1675 nuptiarum
893 1640 970 1675 juxta
986 1640 1034 1668 Dei

252 1686 325 1721 leges
348 1685 497 1718 vinculum,
514 1689 596 1720 atque
610 1693 644 1712 ex
666 1685 708 1712 Itis
726 1686 793 1713 velle
809 1685 860 1713 sibi
883 1685 1036 1712 successio-

251 1739 312 1757 nem
337 1736 508 1764 comparare.
518 1730 625 1759 Etenim
632 1733 771 1759 hocetiant
778 1732 838 1758 loco
845 1731 971 1762 verbum,
978 1731 1034 1758 (di-

249 1774 337 1807 xistis,
349 1772 437 1801 thaud
468 1783 560 1803 vocem
575 1775 702 1807 denotat;
718 1783 778 1802 nam
792 1783 842 1803 nec
855 1776 912 1803 ﬁeri
929 1781 1035 1812 poterat

254 1828 281 1844 ..ι
297 1819 433 1851 dicerent,
459 1819 543 1847 Deum
564 1820 632 1847 nihil
650 1819 722 1846 aliud
742 1827 824 1854 quam
849 1829 942 1849 semen
961 1830 1034 1856 qua:-

251 1869 321 1894 ret’e,
347 1864 394 1891 sed
417 1864 568 1899 itttprobattt
596 1865 696 1892 ntctttis
715 1865 886 1894 :tll'ectionem
912 1867 970 1894 vult
991 1867 1036 1895 de-

251 1913 426 1941 monstrare;
444 1915 471 1937 et
488 1910 559 1944 quod
576 1910 667 1937 omnia
686 1915 808 1944 agerent,
829 1919 882 1938 non
905 1915 1034 1947 tanquam

249 1953 375 1982 homines
405 1955 570 1988 rationales,
603 1956 649 1990 qtti
679 1955 784 1990 legibus
811 1956 910 1984 debent
934 1957 1035 1986 divinis

249 2001 357 2032 vivere,
383 2001 430 2028 sed
457 2009 533 2028 more
558 2001 691 2035 pecudum
718 2001 818 2028 coitum
847 2003 1036 2030 tantummodo

248 2050 275 2073 et
291 2046 512 2081 propagationettt
527 2046 695 2074 afl'ectarent.
715 2045 815 2073 Deinde
827 2047 911 2082 legem
926 2056 1036 2084 qttoque

249 2092 328 2127 ponit
344 2101 350 2119 :
368 2101 378 2118 ι
393 2092 424 2118 Et
439 2092 576 2119 custodite
591 2092 618 2118 in
637 2092 735 2127 spiritu
754 2097 862 2125 vestro:
884 2099 911 2121 et
924 2102 1035 2122 uxorem

248 2138 399 2173 jnventutis
425 2143 476 2165 ttue
494 2146 528 2165 ne
546 2137 667 2165 deseras.
684 2148 693 2164 ι
709 2137 790 2166 Ortini
816 2139 908 2174 itaque
933 2141 1036 2168 seduli-

250 2188 306 2212 tate
333 2185 395 2211 date
425 2184 451 2210 itt
475 2188 612 2219 posterum
643 2192 765 2218 operam,
792 2191 821 2212 ut
853 2194 905 2213 non
932 2188 1036 2222 absque

1083 262 1162 296 ἀφεὶς
1173 261 1222 298 τὴν
1235 262 1281 288 ἐπὶ
1292 262 1422 293 τοιούτοις
1440 270 1480 288 σοι
1500 262 1690 296 ωναφθεῖσαν,
1712 262 1755 296 ἐφ’
1776 262 1880 297 ἑτέραν

1085 306 1195 342 μετῄεις
1209 307 1238 340 ἐξ
1253 307 1414 339 ἀκολασίας·
1442 307 1503 334 οὐδὲ
1527 309 1614 334 ἐκεῖνο
1632 307 1808 342 λογισάμενος
1830 308 1876 332 δτι

1084 353 1130 379 ἐπὶ
1148 353 1256 389 διαδοχῇ
1277 353 1371 387 γένους
1388 354 1402 379 ὁ
1426 353 1514 388 γάμος
1548 354 1724 388 συνέστηκεν.
1744 353 1782 387 (p.
1806 352 1875 385 55ῗὲ)

1084 400 1128 426 ἵνα
1146 399 1254 435 Θανάτῳ
1276 399 1501 434 διαφθειρόμενον
1518 399 1549 425 τὸ
1563 399 1640 432 γένος
1650 398 1824 433 ἀνσσώζηται
1842 399 1877 433 τῇ

1083 446 1254 482 τεκνογονῐᾳ·
1273 446 1342 472 ὥστε
1363 447 1377 472 ὁ
1401 447 1489 481 γάμος
1512 446 1660 480 μηχάνημα
1679 446 1728 481 τῆς
1748 445 1878 480 διαδοχῆς

1083 493 1197 528 εὓρηται
1214 491 1290 528 παρὰ
1303 491 1350 519 τοῦ
1366 492 1432 518 Θεοῦ
1443 501 1450 508 ·
1464 491 1542 518 τοῦτο
1562 491 1616 527 γὰρ
1634 491 1707 525 λέγει
1725 491 1756 517 τὸ
1774 501 1783 517 ι
1806 491 1878 517 ὑπό-

1083 537 1186 572 λειμμα
1202 537 1356 572 πνεύματός
1371 546 1429 569 σου,
1454 547 1463 563 ι
1482 537 1542 563 ἀντὶ
1558 537 1616 567 τοῦ,
1647 536 1756 571 Ἐπειδὴ
1776 537 1876 563 ἀποτί-

1085 584 1179 612 θεσθαι
1206 584 1314 620 μέλλεις
1340 584 1387 610 τοῦ
1412 584 1545 619 παρόντος
1569 584 1626 618 βίου
1643 583 1692 618 τὴν
1711 584 1794 619 ζωὴν.
1818 581 1878 610 οἶόν

1084 631 1141 656 ἐστι
1159 630 1199 660 τὸ.
1218 639 1227 655 ι
1257 629 1442 661 Ἐξελεύσεται
1465 629 1496 656 τὸ
1521 629 1628 664 πνεῦμα
1652 629 1732 656 αὑτοῦ
1752 629 1800 659 καὶ
1816 629 1879 655 tt:—

1085 676 1194 712 στρέψει
1213 677 1252 707 εἰς
1275 676 1321 702 τὸν
1339 676 1403 711 χοῦν
1422 676 1514 707 αὑτοῦ,
1538 687 1547 700 ι
1565 675 1603 707 ὡς
1624 676 1656 702 ἂν
1678 675 1714 710 μὴ
1735 675 1880 706 παντελῶς

1084 721 1250 748 ἀπόλλυσθαι
1274 722 1398 757 δοκοίης,
1429 722 1576 749 ὑπελίπετό
1604 731 1644 748 σοι
1671 722 1720 756 τὴν
1750 722 1880 756 διαδοχὴν

1086 768 1256 803 μνημόσυνον
1269 769 1283 794 ό
1293 768 1369 800 Θεὸς,
1392 768 1438 794 καὶ
1455 768 1581 802 λείψανον
1593 768 1642 803 τῆς
1654 776 1682 793 τε
1699 767 1880 798 ὑποστάσεως

1084 814 1133 848 τῆς
1146 813 1196 848 σῆς
1209 821 1214 827 ’
1230 813 1299 840 ὥστε
1317 814 1363 839 καὶ
1375 814 1444 849 πρὸς
1465 815 1514 848 τὴν
1528 813 1617 840 αἰτίαν
1642 812 1748 848 δρῶντα
1764 811 1811 838 τοῦ
1827 812 1881 846 γά-

1087 869 1146 895 μου,
1164 859 1328 887 δεδίττεσθαι
1345 859 1376 886 τὸ
1393 861 1507 895 πρᾶγμα
1523 860 1615 896 ἐχρῆν,
1632 860 1679 886 καὶ
1694 859 1731 894 μὴ
1746 858 1881 894 πλημμε-

1085 906 1140 932 λεῖν
1170 906 1210 937 εἰς
1233 907 1295 937 τοὺς
1310 906 1374 941 περὶ
1390 905 1484 942 τούτου
1504 906 1631 936 τεθέντας
1654 905 1753 940 νόμους
1772 904 1881 931 ἄνωθεν

1087 952 1161 987 παρὰ
1180 951 1227 978 τοῦ
1242 952 1320 983 Θεοῦ,
1343 952 1487 986 φυλάττειν
1504 952 1532 978 δὲ
1555 952 1654 983 αὐτοὺς
1673 952 1821 988 ἀκεραίους
1839 950 1881 986 τῷ

1087 998 1178 1032 μένειν
1192 998 1237 1024 ἐπὶ
1251 998 1305 1024 τῶν
1320 998 1469 1033 προτέρων,
1482 997 1514 1029 ἃς
1526 997 1597 1024 οὕτω
1607 1006 1635 1024 τε
1648 998 1694 1024 καὶ
1708 998 1754 1024 ἐπὶ
1769 997 1881 1028 τούτοις

1085 1043 1234 1078 ἠγάγεσθε,
1259 1043 1296 1079 μὴ
1314 1043 1367 1079 μὴν
1391 1043 1420 1076 ἐξ
1443 1044 1592 1075 ἀκολασίας
1615 1044 1724 1078 ἀφιέναι
1752 1043 1802 1078 μὲν
1828 1043 1881 1074 τὰς

1087 1089 1206 1126 πρώτας,
1231 1089 1408 1124 μεθίστασθαι
1425 1090 1452 1116 δὲ
1468 1090 1509 1124 ἐφ’
1525 1090 1630 1125 ἐτέρας.

1122 1137 1175 1163 Καὶ
1195 1135 1406 1171 θαυμασιώτατα
1430 1137 1569 1171 ἐπήγαγε·
1599 1144 1608 1160 ι
1631 1135 1686 1162 Καὶ
1709 1135 1816 1165 εἴπατε,
1845 1135 1880 1161 Τί

1086 1182 1150 1208 ἄλλο
1171 1181 1247 1216 ζητεῖ
1269 1183 1283 1208 ό
1311 1181 1420 1218 Θεὸς,ῆ
1446 1182 1572 1216 σπέρμα;
1601 1190 1609 1206 t
1633 1181 1742 1216 Ἐπειδὴ
1767 1181 1880 1207 ἐδόκουν

1088 1228 1134 1254 καὶ
1161 1229 1194 1254 ἐκ
1223 1227 1277 1253 τῶν
1306 1227 1472 1263 παρανόμως
1504 1226 1714 1261 συναπτομένων
1739 1227 1880 1260 γυναικῶν

1087 1273 1312 1304 παιδοποιεῖσθαι,
1332 1273 1427 1304 Τοῦτο,
1447 1272 1539 1306 φησὶν,
1564 1272 1613 1307 οὐχ
1639 1272 1677 1303 ὡς
1709 1272 1809 1307 νόμους
1835 1273 1879 1298 σί-

1087 1319 1173 1346 δεῖσθε
1195 1318 1282 1350 θείους
1302 1318 1365 1350 τοὺς
1386 1318 1513 1353 περὶτοῦ
1535 1319 1624 1353 γάμου
1646 1318 1774 1349 τεθέντας
1803 1318 1881 1354 παρὰ

1087 1364 1134 1391 τοῦ
1155 1363 1232 1396 Θεοῦ,
1255 1364 1311 1390 ἀλλ’
1328 1364 1366 1395 ὡς
1388 1364 1466 1398 δίκην
1497 1363 1602 1398 ἀλόγων
1624 1364 1664 1395 είς
1686 1363 1832 1390 συνουσίαν
1849 1372 1879 1390 τε

1088 1410 1135 1437 καὶ
1148 1409 1185 1444 τῷ
1204 1409 1305 1436 τίκτειν
1328 1410 1406 1445 μόνον
1428 1408 1595 1443 ἐκκείμενον
1610 1409 1657 1435 καὶ
1669 1409 1715 1434 ἐπὶ
1728 1408 1816 1443 τούτῳ
1833 1417 1880 1443 γε⁸

1087 1456 1196 1491 γονὸτες
1220 1456 1295 1491 παρὰ
1317 1455 1365 1481 τοῦ
1389 1454 1468 1486 Θεοῦ,
1488 1454 1559 1480 οὕτω
1581 1455 1630 1486 τὰς
1659 1455 1708 1490 μὲν
1738 1455 1879 1490 προτέρας

1088 1502 1193 1536 ἀφίετε,
1212 1502 1254 1536 ἐφ’
1273 1501 1368 1535 ἑτέρας
1385 1501 1412 1526 δὲ
1436 1500 1558 1535 ἔρχεσθε,
1584 1500 1712 1534 οὐδεμίαν
1742 1500 1880 1535 διαφορὰν

1088 1548 1155 1575 εἶναι
1167 1548 1332 1583 νομίζοντες,
1348 1547 1364 1582 ἦ
1383 1546 1412 1580 ἐξ
1428 1547 1539 1573 ἐκείνων
1553 1547 1721 1579 τεκνογονεῖν
1737 1546 1754 1582 ἢ
1772 1548 1804 1572 εκ
1817 1546 1880 1572 τού·-

1087 1604 1156 1622 των·
1182 1595 1241 1620 δέον
1269 1593 1378 1624 εἰδέναι,
1402 1592 1492 1619 ὅτιτὸ
1518 1592 1565 1627 μὲν
1590 1591 1667 1623 ἀδεὲς
1681 1592 1731 1626 τῆς
1750 1592 1879 1628 διαδοχῆς

1087 1641 1193 1675 ἀλόγοις
1211 1640 1355 1676 ἁρμόττον,
1380 1640 1417 1674 (p.
1439 1638 1502 1672 556)
1527 1640 1581 1670 τοῖς
1599 1638 1627 1664 δὲ
1650 1638 1730 1672 λόγου
1752 1637 1881 1673 μετειλην

1086 1687 1149 1722 φὸσι
1166 1687 1270 1722 πρέπον
1283 1686 1314 1712 τδ
1330 1686 1399 1721 μετὰ
1412 1685 1466 1711 τῶν
1483 1685 1573 1720 νόμων
1588 1685 1641 1711 τῶν
1659 1685 1738 1711 θείων
1756 1685 1880 1720 μετιέναι

1085 1741 1114 1758 τε
1126 1733 1188 1764 τοὺς
1197 1732 1312 1767 γάμους,
1329 1732 1375 1758 καὶ
1389 1732 1438 1766 τὴν
1453 1730 1581 1758 ἐντεῦθεν
1596 1731 1721 1765 στέργειν
1733 1731 1860 1766 διαδοχήν
1871 1739 1877 1746 ·

1085 1778 1222 1805 κάνταῦθα
1247 1777 1300 1814 γὰρ
1323 1778 1352 1804 το
1370 1787 1378 1803 ι
1401 1778 1506 1807 εἴπατε,
1525 1787 1534 1803 ι
1553 1777 1582 1802 οὐ
1601 1777 1691 1811 φωνὴν
1712 1776 1796 1810 λέγει,
1819 1778 1880 1803 ἐπεὶ

1087 1823 1155 1858 μηδὲ
1171 1820 1227 1849 οἶόν
1241 1831 1270 1849 τε
1299 1820 1332 1857 ἦν
1349 1822 1446 1853 αὐτοὺς
1463 1821 1540 1848 τοῦτο
1553 1822 1648 1850 εἰπεῖν,
1666 1822 1706 1847 δτι
1725 1821 1802 1847 οὐδὲν
1816 1821 1881 1848 ἄλλο

1086 1869 1162 1903 ζητεῖ
1184 1867 1250 1895 Θεὸς
1273 1867 1330 1894 ἀλλ’
1355 1867 1371 1902 ἢ
1398 1867 1517 1902 σπέρμα,
1537 1867 1593 1894 ἀλλ’
1615 1867 1658 1894 ἵνα
1685 1867 1733 1902 τὴν
1759 1867 1880 1895 διάθεσιν

1086 1914 1151 1950 εἴπῃ
1169 1913 1218 1948 τῆς
1244 1912 1362 1944 διανοίας
1391 1912 1530 1947 μοχθηρὰν
1551 1910 1649 1940 οὖσαν
1676 1913 1722 1940 καὶ
1745 1913 1786 1939 ὄτι
1808 1914 1880 1940 οὕτω

1086 1960 1174 1986 πάντα
1201 1958 1344 1994 ἔπραττον,
1369 1959 1418 1993 οὺχ
1438 1958 1475 1990 ὡς
1499 1958 1636 1993 ἄνθρωποι
1662 1959 1765 1993 λογικοὶ
1787 1959 1880 1994 νόμοις

1087 2007 1135 2042 ζῇν
1149 2005 1300 2040 ὀφείλοντες
1325 2004 1416 2036 θείοις,
1440 2004 1496 2031 ἀλλ’
1522 2004 1559 2035 ὼς
1584 2004 1662 2038 δίκην
1686 2005 1792 2038 ἀλόγων
1812 2005 1881 2040 πρὶς

1085 2053 1134 2086 τὴν
1149 2051 1221 2087 μίξιν
1236 2052 1315 2086 μόνον
1327 2051 1373 2077 καὶ
1386 2050 1436 2085 τὴν
1448 2049 1572 2084 διαδοχὴν
1586 2050 1742 2077 ἐκκεῖσθαι·
1758 2049 1819 2078 εἶτα
1833 2052 1881 2079 καὶ

1086 2098 1166 2132 νόμον
1179 2097 1272 2128 τιθεὶς,
1288 2105 1297 2121 ι
1317 2096 1372 2122 Καὶ
1383 2095 1536 2130 φυλάξασθε
1549 2096 1577 2120 ἐν
1591 2095 1629 2130 τῷ
1643 2097 1778 2131 πνεύματι
1791 2097 1879 2132 ὑμῶν,

1087 2143 1133 2169 καὶ
1147 2142 1262 2176 γυναῖκα
1277 2140 1401 2175 νεότητός
1416 2148 1461 2166 σου
1479 2139 1516 2175 μὴ
1530 2139 1726 2176 ὲγκαταλίπῃς.
1746 2151 1754 2166 ι
1766 2143 1882 2178 Τοιγαρ-

1086 2187 1131 2214 οῦν
1159 2188 1250 2214 πᾶσαν
1277 2186 1434 2220 ἐπιμέλειαν
1464 2185 1612 2220 ποιήσασθε
1638 2186 1685 2213 τοῦ
1711 2187 1807 2215 λοιποῦ
1833 2189 1880 2215 τοῦ

251 2231 365 2257 decente
384 2229 481 2257 all'ectu
509 2237 570 2257 cum
591 2231 725 2258 uxoribus
758 2231 856 2259 vivatis
879 2240 948 2267 quas
969 2234 1034 2260 olittt

1089 2233 1158 2268 μετὰ
1173 2233 1222 2268 τῆς
1241 2232 1397 2268 πρεπούσης
1413 2232 1560 2262 διαθέσεως
1579 2233 1639 2263 ταῖς
1665 2235 1798 2268 γαμεταῖς
1816 2243 1880 2261 συν-

250 2277 378 2306 dnxistis.
398 2276 497 2303 nedum
519 2276 568 2303 has
585 2276 740 2304 dimittatis.
756 2276 789 2304 Et
804 2278 867 2312 quia
890 2279 947 2313 ipse
965 2279 1035 2307 Deus

250 2331 299 2359 per
317 2322 436 2358 Moyscnt
452 2322 572 2349 libellum
590 2322 696 2356 repudii
717 2322 774 2349 dari
792 2323 875 2357 jussit
891 2325 1033 2357 uxoribus,

250 2373 353 2403 quanta
365 2368 401 2396 sit
415 2368 486 2395 inter
501 2371 646 2403 utramque
662 2375 718 2395 rem
739 2368 892 2397 ditl‘erentia
915 2371 1037 2398 ostendit

249 2415 345 2442 dicens
363 2423 370 2441 :

287 2460 370 2487 Vsus.
386 2459 474 2487 l6.—
484 2468 494 2485 ι
505 2458 559 2487 Sed
572 2459 594 2487 si
608 2459 671 2487 odio
681 2459 821 2492 habueris,
837 2460 954 2495 dimitte,
971 2464 1038 2491 dicit

251 2505 383 2533 Dominus
396 2504 567 2533 Deuslsrael.
576 2505 618 2532 »ει
631 2505 742 2540 quando
753 2513 786 2533 ex
794 2506 877 2542 378
887 2509 1037 2537 acerbitate

251 2551 390 2582 mulieris,
404 2555 447 2578 aut
461 2559 546 2586 pravo
559 2551 684 2586 ingenio.
699 2557 746 2579 aut
758 2553 825 2580 vitio
838 2555 960 2588 quolibet
972 2563 1032 2582 eam

251 2598 316 2624 odio
327 2597 436 2631 dignam
457 2598 584 2630 faciente,
601 2599 626 2625 itt
650 2598 805 2633 ltujusmodi
822 2600 855 2627 de
878 2609 908 2627 ea
924 2606 1036 2629 senten-

252 2644 318 2670 tiam
332 2642 466 2670 adductus
479 2644 575 2673 fueris.
591 2649 656 2671 tuttc
673 2653 733 2672 eam
748 2645 884 2674 dimittere
898 2648 1035 2680 mandavi,

252 2688 324 2716 haud
341 2686 467 2721 equidem
485 2690 632 2724 nuptialem
655 2691 740 2726 legem
758 2691 921 2724 dissolvens,
939 2694 986 2721 sed
1003 2701 1036 2720 ex

254 2733 292 2760 rei
309 2731 453 2767 prtesentis
476 2733 624 2768 adjunctis,
650 2744 702 2763 non
719 2740 774 2763 tam
794 2737 828 2764 ob
840 2741 915 2765 tuam
938 2747 1038 2773 quere-

252 2779 306 2805 latn
325 2775 485 2811 permittens
505 2785 564 2806 eam
583 2780 729 2813 dimittere.
744 2789 826 2815 quam
850 2787 878 2810 ut
899 2791 934 2810 ne
949 2784 1036 2818 quoti-

290 2860 416 2889 νευρὴ).
431 2868 478 2893 ιιι,
495 2863 530 2898 7;
569 2866 631 2902 Sap.
649 2876 703 2900 xu,
719 2869 760 2895 lt.

1089 2281 1168 2309 εἶναι,
1184 2279 1217 2310 ἃς
1233 2278 1334 2306 ἄνωθεν
1351 2278 1489 2312 εἰλήφατε,
1509 2278 1546 2313 μὴ
1565 2277 1617 2313 μὴν
1638 2278 1745 2312 ἀφιέναι
1763 2281 1880 2313 ταύτας·

1090 2326 1136 2352 καὶ
1151 2325 1244 2360 ἐπειδὴ
1262 2324 1342 2355 αὐτὸς
1363 2323 1406 2349 διὰ
1430 2324 1568 2354 Μωῡσέως
1592 2323 1691 2358 βιϐλίον
1713 2325 1882 2353 ἀποστασίου

1091 2371 1239 2408 προσέταξε
1253 2372 1370 2399 δίδοσθαι
1384 2373 1443 2403 ταῖς
1454 2369 1569 2404 γυναιξὶ,
1589 2371 1694 2403 δεικνὺς
1709 2372 1810 2399 ὁπόσον
1824 2374 1882 2400 ἐστὶ

1090 2418 1120 2444 τὸ
1134 2417 1269 2454 διάφορον,
1285 2418 1382 2452 ἐπάγει
1392 2426 1399 2433 ·

1123 2464 1197 2499 Στίχ.
1212 2464 1260 2496 ις’.
1279 2479 1313 2485 -
1327 2473 1336 2489 ι
1360 2462 1429 2490 Ἀλλ’
1457 2463 1503 2489 ἐὰν
1526 2463 1653 2498 μισήσῃς,
1676 2463 1880 2495 ἐξαπόστειλον,

1087 2511 1160 2544 λέγει
1173 2510 1273 2545 Κύριος
1289 2511 1303 2537 ὁ
1317 2510 1382 2541 Θεὸς
1404 2509 1451 2536 τοῦ
1475 2509 1591 2545 Ἰσραήλ.
1611 2519 1619 2534 ι
1639 2509 1698 2535 Ὂτ¹
1714 2509 1747 2537 ἂν
1763 2511 1814 2546 μὲν
1829 2511 1882 2547 γὰρ

1089 2558 1121 2584 ἐκ
1141 2557 1281 2588 δυσκολίας
1302 2556 1439 2590 γυναικὸς,
1462 2557 1479 2591 ἡ
1502 2564 1573 2586 τινος
1596 2555 1745 2591 μοχθηρᾶς,
1771 2556 1788 2592 ἢ
1814 2557 1882 2589 ὅλως

1089 2603 1189 2638 ἑτέρων
1202 2601 1280 2628 τινῶν
1295 2601 1348 2628 τῶν
1360 2601 1438 2633 ἀξίαν
1452 2601 1535 2636 αὐτὴν
1547 2600 1595 2626 τοῦ
1609 2601 1746 2635 μισεῖσθαι
1759 2601 1881 2628 δεικνύν-

1089 2656 1153 2678 των,
1176 2648 1215 2678 εἰς
1234 2647 1263 2674 τὸ
1286 2647 1411 2682 τοιαύτην
1430 2647 1566 2681 ἔχειντὴν
1585 2646 1696 2682 γνώμην
1715 2648 1781 2683 περὶ
1798 2649 1882 2684 αὐτὴν

1090 2697 1238 2730 καταστῇ.
1250 2695 1377 2722 ἀπολύειν
1394 2695 1477 2729 αὐτὴν
1493 2694 1621 2720 ἐκέλευσα
1636 2695 1707 2724 τότε,
1723 2694 1753 2720 οὐ
1769 2694 1816 2720 τὸν
1831 2703 1880 2728 γα-

1093 2741 1170 2776 μικὸν
1184 2741 1254 2768 λύων
1270 2741 1361 2777 νόμον,
1378 2742 1409 2767 ἐκ
1423 2740 1451 2767 δὲ
1466 2740 1519 2766 τῶν
1533 2740 1744 2774 συμϐαινόντων.
1760 2740 1792 2766 οὐ
1809 2741 1882 2773 παρὰ

1089 2787 1138 2822 τὴν
1153 2787 1201 2823 σὴν
1214 2787 1303 2814 αἰτίαν
1319 2787 1471 2822 ἐπιτρεπων
1486 2795 1525 2813 σοι
1542 2786 1640 2821 μᾶλλον
1659 2786 1744 2822 αὐτὴν
1760 2785 1880 2822 ἀφιέναι,
