1983 3072
90 164 141 192 617

561 165 836 197 COMMENTARIUS
850 165 883 194 1N
901 164 1090 194 MALACIIIAS
1111 167 1186 196 CAP.
1203 168 1235 196 ll.

1676 164 1728 193 618

91 234 107 270 ἢ
133 234 175 265 εἰς
202 232 404 270 καθημερινοὺς
431 229 612 258 καθίστασθαι
636 230 704 266 πρὸς
729 229 814 265 αὐτὴν
832 228 889 255 δια-

946 227 1031 256 dianis
1052 228 1152 264 jurgiis
1167 236 1229 256 cum
1247 236 1278 256 ea
1301 229 1493 261 contenderes,
1518 232 1545 257 et
1568 236 1604 257 ne
1619 235 1731 265 gravurs

92 279 293 314 πληκτισμοὺς,
312 278 351 313 (p.
367 276 430 312 557)
451 275 556 312 μήποτέ
577 284 603 301 τι
622 275 669 301 καὶ
691 275 781 310 χεῖρον
799 274 813 300 ὁ
838 282 889 308 μα-

91 325 157 360 κρὸς
185 325 337 361 ἐργάσηται
362 322 470 359 χρόνος,
497 321 545 348 καί
572 329 624 348 που
649 321 696 347 καὶ
723 319 790 355 πρὸς
811 318 890 354 φόνον

91 371 225 406 ὁπλισοῇς
238 370 287 406 τῆς
303 368 442 404 γυναικός.
463 367 540 395 οὕτω
556 366 611 403 γὰρ
627 366 675 393 καὶ
696 366 712 393 ό
737 364 838 401 Κύριος
861 365 890 391 ἐν

91 419 148 449 τοῖς
181 415 359 451 Εὐαγγελίοις
389 414 457 450 πρὸς
486 413 648 449 Φαρισαίους
681 412 890 447 ἐρωτήσαντας,

95 473 105 490 ‹
126 463 160 490 Τί
178 460 225 490 οὖν
242 462 363 497 Μωῦσῆς
380 461 464 488 ἔδωκε
480 459 581 496 βιϐλίον
602 457 789 490 ἀποστασίου;
809 467 818 484 ι
839 457 890 484 ἐπ-

93 511 192 546 ήγαγε,
211 518 221 535 ι
237 508 310 544 Πρὸς
327 507 378 543 τήν
404 505 619 541 σκληροκαρδίαν
642 504 719 540 ὑμῶν
742 502 891 539 ἐπέτρεψεν

93 556 165 583 οὕτω
186 554 316 590 Μωῦσῆς,
342 554 390 580 ἀπ’
412 552 500 589 ἀρχῆς
523 551 552 578 δέ
575 551 606 578 οὐ
625 550 736 586 γέγονεν
759 549 860 580 οὕτως·
877 548 891 575 ό

93 601 148 636 γὰρ
163 600 281 635 ποιήσας
295 598 326 631 ἐξ
339 597 438 634 ἀρχῆς,
455 597 537 633 ἄρσεν
550 596 597 623 καί
613 595 680 631 θῆλυ
695 590 823 630 ἐποίησεν
841 593 891 621 αὺ-

94 647 170 678 τούς⁴
184 646 231 673 καὶ
241 643 332 672 εἷπεν·
366 644 479 671 ’Ἕνεκεν
491 642 586 671 τούτου
609 641 767 676 καταλείψει
788 640 892 676 ἄνθρω-

94 702 145 725 πος
162 693 208 719 τὸν
233 691 339 727 πατέρα
363 690 445 718 αὑτοῦ
472 690 518 717 καὶ
541 689 590 725 τὴν
610 687 716 724 μητέρα
737 686 830 720 αὐτοῦ,
845 687 892 713 καὶ

94 737 362 774 προσκολληθήσεται
394 736 461 772 πρὸς
493 735 543 771 τὴν
572 735 689 769 γυναῖκα
717 733 818 766 αὑτοῦ,
844 733 892 759 καὶ

94 783 203 810 ἔσονται
217 785 241 810 οὶ
255 782 302 810 δύο
320 784 360 815 είς
378 781 468 818 σάρκα
481 780 555 817 μίαν.
577 789 586 806 ι
604 779 689 807 Τοῦτο
703 779 790 813 λέγει,
808 779 848 805 ὅτι
861 778 893 804 τὸ

97 829 147 864 μὲν
161 829 305 856 κάλλιστον
325 825 360 864 ἦν
384 827 455 854 κατὰ
475 826 520 853 τὸν
543 825 647 852 ἄνωθεν
662 824 732 860 μετὰ
745 824 793 851 τοῦ
809 833 893 860 προσι

95 875 209 910 ήκοντος
222 874 369 909 διαμένειν,
386 872 511 908 αλλήλοις
537 871 675 902 συνόντας.
699 871 784 906 ἄνδρα
802 879 832 897 τε
846 871 893 897 καὶ

389 899 467 954 tide
489 899 538 950 τας
559 917 643 953 ὀργὰς
654 899 823 948 ακαοέκτους
844 915 890 943 οὖ-
908 899 929 926 Β

97 975 157 999 σας,
175 966 326 997 ἐκέλευσεν,
348 966 373 991 εί
392 965 421 992 αἱ
444 964 576 1000 φυόμεναι
597 965 627 990 ἐν
651 964 715 998 ὑμῖν
738 963 824 990 αἰτίαι
846 963 890 989 δο-

96 1013 170 1039 κοῖεν
197 1011 371 1048 παροξυσμόν
393 1020 454 1038 τινα.
487 1010 634 1047 παρέχειν,
661 1009 760 1045 μᾶλλον
783 1009 891 1044 ἀφιέναι

95 1057 146 1094 τὴν
159 1059 276 1092 γυναῖκα
295 1057 311 1092 ἢ
336 1057 368 1083 ἐκ
393 1055 488 1092 μίσους
512 1055 581 1090 πρὸς
601 1054 746 1090 ἐπιϐουλὴν
762 1054 892 1082 καθίστα-

97 1104 160 1131 σθαι
180 1103 273 1138 φόνου.
297 1101 365 1130 Εἶτα
388 1102 481 1138 ἐπειδὴ
495 1102 558 1138 ἐνῆν
573 1101 661 1128 αίτίαν
674 1101 705 1128 οὐ
720 1100 893 1137 παρεχούσης

96 1150 145 1185 τῆς
164 1148 303 1184 γυναικὸς,
328 1149 360 1175 ἐκ
387 1147 436 1183 τῆς
464 1147 532 1183 πρὸς
559 1146 655 1181 ἑτέραν
676 1144 785 1181 ῥοπῆς,
815 1146 892 1180 μῖσος

97 1197 225 1224 πλάττειν
238 1195 327 1231 ἐαυτῷ
337 1195 368 1222 τδ
383 1194 421 1230 μὴ
432 1194 545 1225 δίκαιον,
559 1202 569 1219 ι
588 1192 768 1227 Ἀποκαλύψει
782 1191 893 1218 ἀσέϐεια

97 1243 132 1270 τὰ
146 1243 325 1278 ἐνθυμήματα
339 1240 431 1276 ὑμῶν,
446 1239 519 1274 λέγει
531 1238 633 1274 Κύριος
650 1238 858 1273 παντοκράτωρ.
880 1246 889 1264 ›

97 1290 129 1316 Εί
144 1289 199 1324 γὰρ
219 1288 256 1324 μὴ
279 1286 380 1314 τούτων
396 1285 483 1317 οὕτως
504 1284 632 1320 ἐχόντων,
650 1283 828 1318 πλαττόμενοι
845 1282 893 1319 τὴν

97 1335 188 1362 αἰτίαν
202 1331 409 1369 ἀποπέμποισθε
434 1331 483 1362 τὰς
502 1330 605 1358 ἄνωθεν
628 1330 694 1364 ὑμῖν
711 1329 893 1364 συναφθείσας

96 1382 246 1416 γυναῖκας,
269 1379 343 1406 ἐστὶν
367 1380 381 1405 ὁ
413 1377 467 1404 τῶν
490 1375 622 1404 ἀσεϐειῶν
646 1375 723 1411 ὑμῶν
748 1375 894 1409 ἐξεταστὴς

97 1427 173 1458 Θεός.
186 1423 234 1458 Οἷς
254 1425 345 1456 καλῶς
367 1424 508 1459 ἐπήγαγεν
525 1431 534 1448 ι
556 1421 612 1450 Καὶ
633 1421 788 1456 φυλάξασθε
807 1422 836 1448 ἐν
854 1421 894 1457 τῷ

97 1472 234 1508 πνεύματι
243 1471 258 1498 ὑ
263 1471 331 1506 μῶν,
344 1470 392 1497 καὶ
404 1469 441 1505 μὴ
452 1468 653 1504 ἐγκαταλίπητε
666 1467 715 1504 τὴν
726 1468 871 1504 συνθήκην·
879 1477 888 1494 ι

941 273 1042 308 aliquid
1060 274 1169 309 longum
1182 277 1290 309 tempus
1306 274 1464 307 adduceret,
1477 278 1504 303 ct
1521 273 1638 302 fortasse
1649 274 1729 302 etiam

941 319 975 346 ad
991 319 1084 348 uxoris
1098 319 1197 347 eaedem
1215 327 1326 346 manum
1344 327 1476 348 armarcs.
1496 319 1542 347 Sic
1556 320 1629 348 enim
1647 319 1729 347 etiam

942 363 1076 392 Dominus
1097 365 1124 392 in
1148 363 1314 400 Evangeliis,
1336 363 1482 393 Phariszcis
1510 365 1730 396 sciscitantibus,

943 422 952 438 ι
961 412 1016 440 Cur
1023 420 1087 447 ergo
1095 411 1199 446 Moyses
1207 411 1311 446 repudii
1322 411 1441 440 libellum
1448 412 1540 440 dedit?
1550 423 1559 439 ι
1570 413 1724 448 respondit:

944 468 954 484 ε
970 457 1010 485 0b
1032 457 1158 484 duritiam
1183 457 1272 485 cordis
1293 457 1375 485 vestri
1397 458 1521 493 permisit
1541 459 1576 485 ita
1597 459 1702 494 Moyses
1715 468 1725 487 ε

943 504 978 531 ab
1004 503 1082 530 initio
1102 508 1192 530 autem
1215 511 1269 530 non
1299 503 1350 530 fuit
1369 504 1417 531 sic.
1442 504 1508 530 Nam
1528 505 1574 539 qui
1601 505 1635 532 ab
1651 505 1728 532 initio

944 549 1056 580 creavit,
1077 549 1226 576 masculum
1247 553 1275 576 et
1297 548 1425 576 feminam
1442 549 1505 577 fecit
1519 557 1577 580 eos.
1593 550 1728 585 dixitque:

943 595 1058 630 Propter
1082 595 1134 622 hoc
1155 594 1324 629 derelinquet
1354 595 1436 622 homo
1462 599 1567 630 patrem
1594 603 1672 622 suum
1699 603 1732 623 ac

942 644 1058 667 matrem
1081 647 1172 673 suam,
1196 643 1223 667 et
1243 639 1394 667 adhaerebit
1410 640 1489 668 uxorl
1514 647 1580 673 suae,
1597 644 1625 669 et
1649 645 1732 668 erunt

943 686 997 714 duo
1011 686 1039 713 in
1053 694 1135 714 carne
1148 694 1212 713 una.
1228 695 1238 713 ι
1256 685 1313 713 Hoc
1326 694 1422 721 nempe
1439 686 1477 714 ait
1492 693 1500 713 :
1513 685 1731 714 Puleherrimum

943 732 1068 768 profecto
1080 737 1138 760 erat
1154 733 1231 767 juxta
1247 732 1365 768 priscam
1382 733 1468 768 legem
1485 733 1512 760 in
1534 733 1626 760 debito
1643 732 1733 760 otlicio

944 787 1116 815 permanere,
1129 779 1257 808 convictu
1275 780 1387 815 junetos
1401 780 1489 807 virum
1504 784 1585 815 atque
1600 786 1731 812 uxorem;

943 831 1132 852 verumtamen
1161 826 1217 853 iras
1236 828 1343 853 vestras
1373 825 1519 853 etirenatas
1538 824 1645 859 videns,
1665 832 1735 860 pra!-

943 871 1016 905 cepit
1039 874 1069 897 ut
1087 870 1109 898 si
1136 870 1205 898 forte
1222 875 1294 898 natae
1315 871 1387 898 inter
1403 878 1452 898 vos
1472 871 1590 906 querela;
1607 870 1735 905 graviore

944 916 1153 944 cxacerbatione
1178 917 1289 950 tierent,
1318 925 1388 944 uxor
1412 917 1504 953 potius
1531 917 1733 948 dimitteretur,

945 970 1027 997 quam
1054 970 1087 989 ex
1109 963 1173 989 odio
1196 963 1228 990 ad
1253 962 1402 991 inferendae
1421 963 1496 991 necis
1522 963 1667 991 consilium
1693 963 1736 990 vir

945 1006 1115 1042 procederet.
1142 1007 1244 1036 Deinde
1266 1009 1331 1044 quia
1347 1009 1406 1037 fieri
1430 1013 1546 1044 poterat,
1575 1012 1604 1036 ut
1622 1016 1733 1036 causam

945 1061 1000 1081 non
1025 1055 1162 1089 prmbente
1181 1063 1277 1088 uxore,
1300 1056 1449 1091 cupiditate
1473 1056 1586 1084 alterius
1609 1056 1735 1083 mulieris

945 1100 1038 1127 odium
1054 1100 1185 1136 injustum
1203 1101 1346 1129 simularet
1363 1102 1490 1134 maritus,
1504 1113 1513 1130 ι
1526 1102 1674 1133 Revelahit,
1691 1102 1735 1128 in-

945 1146 1016 1181 quit,
1034 1146 1165 1182 iniquitas
1177 1147 1358 1183 cogitationes
1371 1153 1484 1176 vestras.
1503 1157 1512 1174 ι
1532 1147 1560 1175 Si
1573 1156 1637 1183 ergo
1653 1148 1735 1176 rebus

946 1192 984 1218 ita
1006 1200 1035 1220 se
1062 1193 1237 1226 habentibus,
1266 1193 1394 1221 simulata
1419 1201 1502 1222 causa
1525 1184 1736 1230 repudiavcritis

945 1238 1089 1272 copulatas
1112 1239 1190 1267 vobis
1217 1240 1283 1267 olim
1307 1248 1417 1272 uxores,
1439 1245 1482 1268 est
1505 1245 1660 1268 vestrarum
1683 1240 1737 1266 ini-

946 1284 1085 1319 quitatum
1099 1285 1247 1320 inquisitor
1259 1285 1341 1314 Deus.
1360 1286 1430 1313 Tum
1448 1286 1516 1314 bene
1533 1285 1637 1313 addidit
1652 1295 1659 1312 :
1680 1294 1688 1311 ι
1704 1285 1737 1312 Et

946 1331 1084 1359 custodite
1096 1331 1123 1358 in
1136 1332 1233 1367 spiritu
1250 1337 1352 1364 vestro,
1362 1340 1450 1368 neque
1463 1332 1554 1360 fmtlus
1565 1332 1708 1360 deseratis.
1724 1341 1733 1357 ι

946 1376 1014 1403 Tota
1045 1381 1136 1405 mente
1165 1377 1312 1414 debitoque
1341 1379 1425 1406 animi
1460 1378 1558 1406 affectu
1586 1377 1736 1413 nuptialem

946 1422 1083 1450 custodite
1107 1423 1205 1459 legem,
1228 1428 1255 1451 ct
1282 1429 1362 1459 pacta
1384 1424 1516 1452 inviolata
1535 1428 1655 1456 servate,
1675 1423 1738 1459 qui-

946 1469 1062 1498 buscum
1081 1470 1145 1497 olim
1169 1470 1203 1498 ad
1228 1471 1378 1506 nuptialem
1395 1470 1552 1498 convictum
1569 1469 1737 1497 accessistis.

97 1520 180 1552 ὥστε,
211 1519 304 1554 φησὶν,
325 1517 364 1553 (p.
386 1516 450 1552 558)
473 1516 522 1552 ὅλῃ
544 1516 649 1552 διανοίᾳ
670 1516 717 1542 καὶ
736 1515 854 1543 διαθέσει
877 1519 911 1553 τῇ
931 1519 1107 1554 προσηκούσῃ
1135 1519 1204 1554 μετὰ
1215 1519 1265 1554 τῆς
1278 1519 1390 1555 δεούσης
1403 1519 1614 1555 εὐγνωμοσύνης
1627 1519 1673 1545 τὸν
1687 1527 1740 1553 γα-

100 1566 179 1603 μικὺν
215 1565 362 1600 φυλάττετε
395 1564 488 1600 νόμον,
515 1563 563 1590 καὶ
597 1563 647 1596 τὰς
674 1563 810 1599 συνθήκας
849 1565 1024 1600 παραϐάτους
1059 1568 1169 1602 τηρεῖτε
1194 1567 1253 1602 μεθ’
1279 1564 1316 1594 ὧν
1339 1567 1442 1595 ἄνωθεν
1468 1569 1508 1599 εἰς
1535 1567 1586 1602 τὴν
1617 1566 1739 1603 γαμικὴν

101 1612 252 1649 ἐληλύθατε
265 1612 419 1639 κοινωνίαν.

135 1703 210 1738 Στίχ.
221 1701 253 1734 ιζ’
257 1716 302 1729 ,ο-
311 1701 348 1728 Συ
352 1710 407 1737 μπε
412 1701 494 1737 ράνας
505 1697 584 1737 δὴτὰ
593 1701 648 1728 τῶν
657 1701 794 1736 γυναικῶν
805 1702 833 1728 ἐν
841 1700 895 1728 τού-

985 1700 1069 1729 Vnus.
1091 1702 1134 1729 t7.
1153 1716 1187 1722 —
1202 1701 1248 1729 Sic
1263 1702 1390 1730 absoluto
1407 1702 1442 1730 de
1456 1701 1588 1730 uxoribus
1599 1709 1737 1735 sermone.

99 1757 168 1782 τοις,
177 1748 253 1783 λέγει
269 1747 317 1774 καὶ
331 1747 427 1783 ἑτέραν
441 1747 531 1774 αὐτῶν
546 1747 576 1773 οὐ
591 1746 779 1782 πλημμέλειαν
793 1746 896 1778 ἁπλῶς,

101 1795 159 1823 ἀλλ’
171 1794 300 1822 ἀσέϐειαν
309 1801 315 1808 ·
331 1792 424 1820 πολλοὶ
436 1792 490 1827 γὰρ
501 1791 555 1819 τῶν
568 1791 719 1827 ἀνθρώπων
732 1791 766 1818 τὰ
776 1790 823 1825 μὲν
832 1789 898 1825 παρ’

102 1840 192 1869 αὐτῶν
210 1839 422 1876 ἁμαρτανόμενα
437 1839 504 1875 ὀρᾷν
531 1838 581 1865 οὐκ
604 1837 751 1869 ἐθέλουσιν,
766 1838 823 1865 ἀλλ’
837 1837 900 1865 οὐδέ

101 1896 128 1915 τι
142 1887 257 1922 πάσχειν
271 1885 342 1920 ὑπὲρ
355 1884 458 1911 τούτων
476 1884 583 1920 ἔχονται
592 1891 598 1899 ⁵
615 1883 771 1910 τούναντίον
788 1883 838 1919 μὲν
852 1881 900 1910 οὖν

102 1932 150 1959 καὶ
161 1929 383 1966 δυσχεραίνουσιν
403 1929 432 1956 ἐν
445 1929 529 1965 πείρᾳ
544 1928 740 1963 καθιστάμενοι
760 1928 898 1964 λυπηρῶν,

102 1978 151 2006 καὶ
162 1977 248 2005 ταῦτα
259 1973 341 2013 ἦττον
354 1975 486 2007 πολλάκις
505 1975 656 2010 πάσχοντες
669 1974 718 2009 τῆς
731 1973 819 2006 ἀξίας·
830 1973 899 2008 ὑπὲρ

102 2025 204 2061 ἐτέρων
214 2023 243 2050 δὲ
256 2023 408 2058 μέμφονται
420 2021 459 2057 τῷ
471 2020 531 2057 Θεῷ
549 2020 713 2056 προχείρως,
726 2020 764 2052 ὡς
774 2020 900 2055 ἁμαρτα-

102 2071 202 2099 νόντων
221 2069 269 2105 μὲν
295 2069 419 2099 πλεῖστα,
445 2068 522 2099 δίκας
544 2067 572 2094 δέ
596 2068 626 2093 οὺ
650 2067 786 2093 διδόντων.
814 2065 900 2093 Τοῦτο

101 2117 135 2153 δὴ
149 2117 197 2145 καὶ
213 2116 276 2150 παρ’
290 2114 370 2141 ἐνίων
393 2113 448 2141 τῶν
465 2113 494 2140 ἐν
508 2114 565 2145 τοῖς
585 2112 765 2149 Ἰσραηλίταις
777 2112 835 2139 τότε
856 2120 899 2146 γι-

101 2163 225 2199 νόμενον,
248 2161 278 2188 ὲν
299 2159 404 2191 τούτοις
431 2158 593 2195 αίτιώμενος
618 2159 633 2185 ό
659 2158 802 2193 προφήτης
828 2157 900 2184 οὕτω

102 2209 186 2244 φησιν
199 2216 206 2224 ’
222 2217 232 2234 ‹
253 2207 285 2235 Οἱ
311 2206 509 2242 παροξύνοντες
529 2205 575 2231 τὸν
598 2204 664 2231 Θεδν
687 2205 717 2230 ἐν
735 2205 791 2234 τοῖς
811 2202 900 2237 λόγοις

102 2254 196 2291 ὑμῶν·
213 2255 261 2281 καὶ
273 2254 380 2283 εἴπατε.
399 2252 444 2279 Ἐν
454 2251 508 2277 τίνι
524 2249 724 2286 παρωξύναμεν
739 2248 838 2281 αὐτόν;
855 2248 899 2275 Ἐν

104 2300 141 2335 τῷ
157 2299 248 2335 λέγειν
261 2299 345 2336 ὑμᾶς,
359 2298 417 2330 Πᾶς
441 2296 526 2323 ποιῶν
542 2295 660 2330 πονηρὰ,
681 2293 763 2321 καλὸν
785 2293 900 2320 ἐνώπιον

104 2346 218 2382 Κυρίου,
232 2346 280 2372 καί¹
294 2345 323 2371 ἐν
337 2344 428 2375 αὐτοῖς
439 2342 520 2374 αὐτὸς
532 2341 666 2377 ηὐδόκησε
676 2349 683 2356 ·
698 2339 746 2367 καὶ
762 2339 813 2366 ποῦ
825 2340 899 2367 ἐστιν

950 1747 1016 1775 dicit
1024 1751 1052 1775 et
1066 1747 1146 1774 aliam
1160 1746 1343 1775 lsraelitarum
1355 1755 1410 1775 non
1426 1748 1574 1782 nequitiam
1583 1748 1666 1783 379
1677 1752 1739 1775 tan-

950 1793 1092 1821 tummodo
1119 1793 1165 1821 sed
1201 1793 1381 1829 impietatem.
1405 1793 1482 1821 Multi
1511 1795 1583 1821 enim
1613 1794 1738 1822 homines

950 1844 1062 1874 peccata
1075 1846 1125 1866 sua
1144 1843 1270 1874 spectare
1284 1839 1393 1871 nolunt,
1410 1838 1459 1866 sed
1475 1846 1526 1866 nec
1537 1839 1686 1874 quidquam
1703 1839 1739 1866 ob

950 1886 1007 1913 haec
1024 1885 1180 1920 patiendum
1210 1885 1261 1912 sibi
1290 1889 1397 1920 putant.
1415 1885 1518 1912 Contra
1546 1885 1649 1919 potius,
1666 1892 1739 1920 τίνει-ε

950 1932 1042 1960 ferunt
1067 1931 1090 1959 si
1117 1931 1182 1967 quid
1205 1931 1351 1959 molestum
1370 1931 1412 1959 eis
1438 1930 1556 1964 accidat,
1577 1931 1684 1958 etiarnsi
1710 1930 1738 1957 id

949 1977 1021 2005 infra
1046 1976 1170 2011 ipsorum
1186 1976 1314 2003 meritum
1331 1983 1402 2011 saepe
1426 1976 1472 2003 sit.
1488 1975 1589 2004 Verum
1614 1975 1646 2002 ad
1669 1976 1738 2003 alios

948 2022 1022 2058 quod
1039 2021 1149 2054 attinet,
1165 2021 1326 2049 irascuntur
1342 2021 1422 2048 facile
1438 2020 1503 2052 Deo.
1519 2020 1592 2056 quod
1614 2021 1631 2048 ii
1653 2021 1739 2056 pluri-

948 2078 1023 2097 mum
1039 2072 1165 2104 peccent,
1190 2076 1242 2097 nec
1267 2075 1364 2104 pmnas
1378 2068 1466 2095 luant.
1489 2067 1566 2100 Quod
1585 2074 1646 2094 cum
1665 2066 1738 2101 apud

948 2115 1096 2144 nonnullos
1116 2122 1227 2150 quoque
1241 2114 1378 2142 lsraelitas
1392 2118 1457 2141 tunc
1480 2114 1663 2148 contingeret,
1685 2113 1738 2140 hoc

948 2161 1150 2195 reprehendens
1173 2160 1306 2195 propheta
1333 2160 1374 2187 sic
1395 2159 1433 2186 ait
1450 2168 1457 2186 :
1483 2168 1494 2184 ι
1510 2158 1561 2192 Qui
1581 2158 1738 2194 provocatis

948 2205 1033 2233 Deum
1053 2206 1080 2233 in
1107 2205 1283 2233 sermonibus
1299 2205 1409 2233 vestris.
1435 2204 1469 2232 Et
1493 2204 1623 2233 dixistis:
1638 2203 1665 2231 ln
1682 2212 1738 2239 quo

948 2251 1158 2287 provocavimus
1172 2259 1234 2279 eum
1246 2252 1258 2278 7
1272 2250 1300 2279 In
1314 2258 1347 2279 eo
1359 2258 1457 2286 nempe
1469 2250 1543 2286 quod
1559 2258 1609 2278 vos
1620 2250 1711 2278 dicitis
1728 2257 1736 2276 :

949 2296 1044 2325 Omnis
1057 2297 1102 2332 qui
1117 2297 1187 2324 male
1203 2297 1280 2328 facit,
1293 2297 1394 2324 bonum
1408 2300 1450 2324 est
1461 2303 1553 2324 coram
1569 2295 1696 2328 Domino,
1710 2299 1738 2323 et

949 2344 977 2372 in
1001 2343 1045 2372 his
1060 2343 1118 2379 ipse
1133 2343 1308 2378 complacuit.
1334 2342 1368 2370 Et
1386 2342 1496 2370 ubinam
1512 2346 1555 2370 est
1570 2341 1643 2370 Deus
1655 2342 1739 2382 justi-

104 2392 117 2418 δ
134 2381 202 2424 Θεὸς
217 2391 267 2427 τῆς
292 2389 480 2424 δικαιοσύνης;
501 2397 510 2414 ι
531 2387 612 2414 Ἀλλὰ
634 2386 688 2423 γὰρ
707 2385 767 2413 οὐδὲ
788 2385 895 2421 ἐκείνην

947 2390 1011 2418 tiae?
1029 2400 1039 2416 ι
1058 2389 1112 2417 Sed
1135 2397 1169 2417 ne
1195 2389 1269 2417 illam
1284 2389 1394 2424 quidem
1410 2388 1618 2424 praetermittam
1638 2388 1736 2423 impie-

105 2437 181 2473 ὑμῶν
199 2437 317 2472 παρήσω
327 2435 376 2472 τὴν
387 2434 525 2466 ἀσέὸειαν,
539 2433 581 2468 ἐφ’
596 2429 668 2469 ⁴ᾗπερ
688 2432 727 2464 εῑς
741 2431 898 2467 ἀγανάκτη-

105 2492 147 2511 σιν
160 2483 222 2510 καθ’
235 2481 340 2510 ἑαυτῶν
359 2479 499 2512 κινοῦντες
513 2478 558 2506 τὸν
573 2478 641 2506 Θεὸν
653 2478 703 2505 οὐκ
721 2477 880 2505 αἰσθάνεσθε
889 2486 897 2493 ο

107 2530 139 2556 σὺ
160 2529 227 2564 γὰρ,
254 2538 263 2554 ι
287 2527 343 2555 Καὶ
369 2527 474 2559 εἴπατε,
497 2526 542 2552 Ἐν
557 2525 610 2552 τίνι
626 2523 824 2559 παρωξύναμεν
842 2522 893 2550 αὖ·

106 2575 173 2608 τόν;
193 2583 202 2599 ι
215 2573 354 2600 κάνταῦθα
367 2572 414 2599 ἐπὶ
423 2571 472 2606 τῆς
481 2566 626 2601 διαθέσεως
635 2568 796 2603 αἰτιώμενος
810 2566 896 2601 λέγει,

109 2620 156 2655 (p.
173 2618 242 2652 559)
257 2618 296 2648 ὡς
309 2616 369 2643 οὐδὲ
380 2614 428 2642 τοῦ
444 2614 551 2641 ἀσεσεϊν
572 2614 618 2640 ἐπὶ
632 2612 760 2643 τοιούτοις
775 2610 899 2646 αἴσθησιν

111 2666 230 2700 ἔχοντες.
248 2662 325 2689 Τίδέ
345 2659 379 2697 ἧν
394 2661 424 2687 τὸ
445 2659 573 2695 ἀσέσημα
596 2658 693 2693 δηλῶν,
709 2658 788 2689 Φατέ,
807 2657 899 2692 φησιν,

111 2713 153 2738 ὅτι
170 2710 258 2737 ἔοικεν
272 2707 438 2744 ἀρέσκεσθαι
451 2707 508 2737 τοῖς
521 2706 555 2732 τὰ
572 2705 644 2732 κακὰ
659 2703 900 2739 διαπραττομένοις

113 2757 127 2782 ὁ
140 2755 223 2786 Θεός·
242 2754 290 2780 ml.
304 2753 385 2779 τοῦτο
398 2752 476 2787 δῆλον
495 2751 524 2784 ἐξ
543 2747 583 2777 ὧν
604 2750 650 2776 ἐπὶ
663 2749 799 2779 τοιαύταις
814 2748 904 2782 πλημο

118 2801 238 2836 μελείαις
254 2799 285 2825 οὐ
309 2797 429 2824 διδόασιν
446 2796 582 2831 ἄνθρωποι
605 2795 700 2826 δίκας·
722 2793 856 2827 καίτοιγε
878 2791 905 2818 εῐ

116 2855 158 2877 τις
177 2845 256 2879 λόγος
274 2842 322 2870 τοῦ
344 2841 449 2869 δικαίου
464 2841 501 2875 τῷ
515 2840 585 2875 Θεῷ,
600 2840 792 2876 προσηκόντως
806 2838 839 2866 ἂν
855 2837 906 2866 αὐ-

118 2894 174 2923 τοῖς
190 2891 302 2918 κόλασιν
316 2887 490 2921 ὑπαγαγόντι
504 2887 552 2920 τὴν
564 2887 689 2921 ἐσχάτην.
703 2885 736 2911 Τί
749 2883 809 2917 οὖνς

278 2945 419 2975 ΡΑτιιοῐ..
443 2942 501 2971 Gn.
522 2941 620 2975 LXVI.

947 2440 1030 2464 tatem
1048 2440 1178 2468 vestram,
1194 2442 1248 2470 qua
1267 2442 1317 2463 vos
1338 2435 1452 2463 nescitis
1466 2439 1634 2470 quantopere
1651 2433 1736 2462 Deum

948 2481 1129 2516 exasperetis.
1141 2480 1210 2508 Nam
1225 2481 1345 2513 verbis,«
1361 2480 1395 2508 Et
1411 2480 1521 2509 dixistis
1535 2489 1541 2507 :
1559 2481 1587 2507 In
1603 2487 1659 2515 quo
1672 2488 1735 2507 eum
1751 2494 1757 2535 Ῐ

948 2526 1175 2562 provocavimus?
1190 2535 1200 2551 ι
1218 2525 1263 2553 hic
1279 2526 1383 2560 pariter
1397 2525 1506 2552 illorum
1522 2525 1645 2553 animum
1658 2533 1737 2552 accu-
1751 2525 1755 2544 ι

950 2576 1004 2605 sat,
1029 2579 1079 2599 ceu
1103 2571 1150 2606 qui
1176 2571 1216 2599 sic
1241 2570 1389 2606 loquendo,
1416 2571 1515 2606 impios
1539 2578 1570 2599 se
1597 2578 1659 2598 esse
1682 2578 1736 2598 non

948 2618 1090 2646 sentirent.
1120 2617 1153 2644 Et
1169 2625 1294 2652 quaenam
1317 2621 1392 2645 esset
1409 2617 1547 2652 impietas,
1572 2617 1735 2645 declarans:

949 2662 1056 2694 Dicitis,
1072 2662 1171 2697 inquit,
1187 2662 1274 2689 videri
1294 2661 1379 2689 Deum
1396 2661 1526 2690 delectari
1543 2662 1614 2690 male
1630 2662 1738 2697 agenti-

948 2708 1018 2741 bus;
1044 2707 1126 2742 idque
1141 2707 1204 2735 inde
1226 2714 1369 2742 apparere.
1388 2706 1462 2742 quod
1486 2707 1522 2735 ob
1542 2707 1606 2735 talia
1623 2711 1739 2743 peccata

949 2760 1045 2788 pmnas
1059 2753 1183 2780 homines
1198 2760 1250 2779 non
1266 2753 1433 2788 persolvant.
1447 2753 1523 2786 Quod
1541 2753 1564 2781 si
1578 2752 1651 2781 Deus
1664 2752 1737 2788 juris

949 2799 1083 2826 rationem
1105 2799 1229 2829 haberet,
1252 2799 1352 2826 merito
1367 2799 1422 2827 illis
1445 2806 1604 2834 supremum
1628 2798 1737 2834 suppli-

949 2846 1022 2874 cium
1045 2845 1214 2874 decerneret.
1235 2845 1306 2879 Quid
1325 2846 1409 2881 ergo?

1598 2931 1639 2961 20
