1983 3072
218 134 268 162 (illi

544 198 620 226 CAP.
642 197 686 226 lll.

254 245 339 274 Vens.
361 246 386 273 Ι.
399 259 433 266 -
448 255 457 271 ι
468 244 538 273 Ecce
555 252 605 280 ego
623 245 703 271 mitto
718 243 845 280 angelum
862 251 963 276 meum,
982 248 1011 272 et

218 293 347 329 inspiciet
363 293 434 320 viam
450 296 515 320 ante
538 291 635 319 faciem
652 299 752 322 meam.
769 295 795 319 et
813 291 905 319 statim
921 292 1011 319 veniet

219 339 253 366 ad
278 338 408 373 templum
427 345 506 366 suum
523 336 654 365 Dominus
673 344 754 372 quem
771 344 819 364 vos
835 337 967 372 qua‘ritis,
983 340 1011 364 et

219 384 376 412 testamenti
399 383 514 419 angelus
535 391 617 418 quem
637 390 685 411 vos
700 382 815 410 vultis.»
835 381 906 416 Quia
928 383 1011 418 igitur

218 431 276 458 haec
292 431 394 463 dicitis,
413 433 440 457 et
453 429 567 465 justitia:
580 436 675 457 curam
693 432 723 456 ut
743 428 848 464 punitio
866 428 921 461 ﬂat,
938 436 953 455 a
968 437 1011 457 me

217 477 374 511 exquiritis,
390 476 495 503 mittam
512 475 639 511 angelum
657 474 702 510 qui
713 473 815 509 placitis
826 474 892 502 meis
903 471 1011 502 διώξει-4

220 522 283 550 \iat.
292 521 358 549 Nam
366 520 458 552 verba,
469 519 607 555 «Inspiciet
616 519 685 546 viam
696 523 759 546 ante
779 518 877 546 faciem
892 526 1007 551 meam,»

219 568 270 595 hoc
288 567 398 600 dicunt;
416 566 441 593 id
460 570 513 597 est,
525 566 577 593 iste
592 565 668 592 dabit
683 572 808 600 operam,
831 572 880 592 ceu
898 565 1008 600 quidant

218 619 382 647 pnrcursor,
400 611 483 646 380
500 614 529 637 ut
544 610 713 637 voluntatcnt
731 618 818 637 meam
835 615 1010 646 exsequatur.

218 658 341 694 Repente
355 661 445 684 autent
463 656 547 684 adero
564 655 601 683 illi
615 663 665 691 ego
679 662 800 690 quoque,
813 655 943 690 operibus
955 663 1010 682 mc-

218 708 274 732 met
289 702 470 731 manifestans
484 701 511 729 in
524 701 625 736 templo
644 710 650 728 :
666 701 886 736 quandoquidem
902 701 928 728 in
947 709 1011 728 cun-

218 749 272 778 etis
286 755 347 783 qua:
364 747 410 774 Dei
421 746 532 773 decreto
547 746 627 777 (lunt,
643 745 827 772 ministerium
842 745 952 780 quidem
963 753 1012 772 an-

219 795 340 830 gelorum
357 792 528 828 intelligitur,
547 790 594 820 sed
612 790 684 819 Deus
701 790 729 818 in
745 791 814 826 ipsis
828 798 946 826 operans
961 799 1011 826 per

217 849 250 868 ra
266 847 327 875 quae
349 839 408 867 ﬁeri
425 837 558 873 praecipit.
578 836 624 864 Sic
639 836 722 864 etiam
739 843 839 863 manna
854 836 945 864 cibum
960 845 1010 864 an-

218 870 340 922 gelo-rum
357 892 408 912 ceu
425 870 613 912 ministrorum
631 882 712 910 dicit:
734 891 743 908 ε
758 882 868 913 Panem,
880 892 890 908 ι
908 882 1006 918 inquit,
1025 870 1045 898 Β

221 942 231 958 ι
243 931 401 967 angelorum
419 928 593 957 manducavit
606 928 687 955 homo
696 929 736 962 ";
751 935 761 951 ι
786 927 833 956 Dei
849 931 939 955 autem
957 935 1008 956 ccu

220 979 278 1006 dari
292 977 432 1012 jubentis:
448 984 457 1000 ι
470 974 607 1001 Mandavit
617 974 690 1001 enim
707 973 826 1001 nubibus
841 974 969 1009 desuper,
982 977 1009 1002 et

217 1024 317 1060 januas
330 1022 391 1050 caeli
407 1020 525 1056 aperuit,
541 1024 568 1047 et
583 1019 651 1054 pluit
664 1019 717 1046 illis
732 1026 832 1046 manna
847 1019 881 1047 ad
895 1019 1010 1047 mandu-

219 1068 374 1097 candum".
389 1073 398 1090 ι
419 1065 505 1094 Porro
521 1065 632 1092 verbmn
651 1074 660 1090 ι
673 1065 763 1092 venict
773 1074 782 1090 ι
796 1069 927 1092 consuete
942 1065 1009 1092 dicit

219 1119 350 1150 tanquam
364 1113 392 1140 in
409 1112 492 1140 rebus
504 1110 591 1146 angeli
605 1109 758 1137 ministerio
771 1109 851 1143 actis,
867 1109 922 1137 Deo
937 1109 1009 1137 facto

219 1160 370 1195 conspicuo
385 1158 432 1194 qui
450 1157 552 1193 negotii
569 1156 670 1192 peracti
689 1163 772 1183 causa
790 1160 842 1183 est.
860 1154 950 1183 Veluti
967 1161 1009 1184 est

220 1206 292 1242 apud
305 1207 415 1234 beatum
426 1203 553 1231 Davidem
564 1211 572 1229 :
584 1211 593 1228 ε
602 1201 746 1229 lnclinavit
754 1201 849 1234 cmlos,
860 1206 886 1229 et
894 1201 1010 1229 descen-

219 1253 276 1286 dit;
289 1255 316 1280 et
326 1250 413 1285 caligo
428 1249 480 1277 sub
496 1247 611 1284 pedibus
626 1246 723 1281 ejus".
741 1255 752 1273 ι
771 1245 801 1273 ld
816 1250 858 1273 est
873 1245 960 1281 ipsius
975 1246 1008 1273 ad

219 1298 353 1326 auxilium
364 1300 489 1323 nostrum
502 1292 654 1326 venientis.
678 1299 712 1319 ex
738 1292 868 1328 operibus
896 1300 1007 1320 sensum

220 1344 354 1379 capimus.
362 1341 453 1375 Quare
465 1344 610 1375 postquam
620 1338 688 1365 dixit
699 1347 720 1365 ιι
729 1337 823 1365 Veniet
838 1338 865 1365 in
877 1338 1007 1373 templum

220 1397 300 1418 suum
318 1388 450 1415 Dominus
463 1393 545 1421 quem
558 1384 709 1420 quaeritis.»
727 1383 842 1416 addidit,
867 1383 914 1410 «Et
925 1387 1008 1411 testa-

220 1434 305 1462 inenti
330 1433 443 1468 angelus
464 1438 544 1466 quem
568 1437 618 1457 vos
641 1430 744 1457 vultis:
761 1438 770 1455 ι
798 1428 1006 1460 demonstrans.

220 1479 328 1516 quodin
345 1478 427 1506 rebus
436 1476 590 1504 ministerio
601 1475 689 1510 angeli
701 1474 815 1503 effectis.
834 1474 1007 1508 praesentiam

220 1534 299 1555 suam
325 1524 396 1553 Deus
415 1522 551 1551 ostendet.
575 1521 631 1557 Ego
651 1521 733 1556 igitur
755 1519 877 1551 veniam,
905 1519 1007 1554 inquit,

220 1579 300 1608 quem
311 1573 486 1606 peccatorum
498 1566 633 1595 vindicem
644 1565 800 1601 exquiritis.
818 1565 913 1593 Aderit
925 1565 1007 1593 simul

221 1615 336 1650 angelus
358 1612 508 1642 foederibus
524 1611 689 1643 inserviens,
706 1617 767 1645 qua:
781 1618 853 1645 stt-pe
864 1610 1007 1637 vobiscum

220 1659 326 1696 pepigi;
337 1665 417 1694 quem
428 1660 593 1693 quaerentes.
605 1655 721 1683 ultorem
733 1655 907 1690 comperietis
919 1661 1008 1684 trans-

220 1704 372 1740 gressionis
382 1702 501 1730 illorum.
517 1699 582 1728 Hm
598 1703 782 1727 consentanea
806 1699 943 1734 prioribus
965 1700 1008 1726 di-

221 1749 260 1774 xit
271 1746 414 1782 propheta.
428 1744 505 1772 Hanc
519 1748 610 1771 autem
621 1743 657 1771 de
668 1743 739 1770 beati
755 1742 869 1771 Joannis
879 1743 1008 1779 Baptista:

220 1793 339 1820 adventu
362 1791 566 1827 pronuntiatam
594 1789 683 1817 fuisse
705 1789 870 1817 locutionem
904 1790 940 1822 “,
954 1798 1008 1818 non

219 1841 263 1866 est
285 1836 450 1868 mirandum,
472 1835 536 1871 quia
551 1842 586 1862 ex
602 1835 684 1862 rebus
710 1842 802 1862 verum
828 1839 894 1862 tunc
922 1835 1010 1863 evasit

219 1881 341 1915 ell'atum,
381 1886 558 1917 posteaquam
595 1887 751 1916 praecursor
775 1884 858 1916 atque
884 1881 1010 1910 minister

219 1923 394 1955 decretorum
410 1925 457 1953 Dei
480 1924 592 1952 advenit
611 1924 707 1952 beatus
726 1923 863 1958 Joannes;
881 1933 943 1953 cum
961 1934 1008 1954 eo-

218 1981 272 2009 que
291 1972 417 2008 apparuit
441 1971 525 2000 etiam
547 1970 607 2003 ille,
633 1970 677 1997 cui
702 1971 890 1998 testimonium
913 1971 1006 2005 dabat,

218 2018 347 2046 Christus
361 2017 503 2050 Dominus,
517 2017 546 2044 in
559 2023 615 2052 quo
628 2016 751 2043 omnium
767 2016 908 2044 hominum
925 2019 1007 2053 perti-

219 2063 316 2092 cienda
330 2063 404 2092 salus
417 2066 489 2090 erat.

826 141 1002 172 THEODORI
1020 141 1264 171 MOPSUESTENI

1802 142 1856 170 621i

1393 199 1472 227 ΚΕΦ.
1493 199 1530 226 Γθ.

1097 245 1172 281 Σξίχ.
1191 249 1227 273 α’.
1245 261 1280 265 -
1303 254 1313 271 t
1333 245 1397 273 Ἰδοὺ
1414 245 1470 280 ἐγὼ
1489 245 1662 278 ἐξαποστελῶ
1675 246 1721 274 τὸν
1739 246 1856 282 ἄγγελόν

1062 300 1125 327 μου,
1139 292 1186 318 καὶ
1205 291 1383 326 ἐπιϐλέψεται
1399 292 1458 318 ὁδὸν
1475 292 1530 328 πρὸ
1544 292 1692 327 προσώπου
1710 302 1761 329 μου
1774 302 1781 309 ·
1808 294 1856 320 καὶ

1061 336 1191 374 ἐξαίφνης
1204 337 1265 372 ἥξει
1286 338 1325 369 είς
1339 337 1384 364 τὸν
1400 338 1462 364 ναδν
1476 338 1573 365 ἑαυτοῦ
1595 338 1708 375 Κύριος,
1729 340 1758 366 ὃν
1776 340 1856 375 ὑμεῖς

1061 380 1179 417 ζητεῖτε,
1189 382 1236 409 καὶ
1249 384 1263 410 6
1274 383 1392 418 ἄγγελος
1399 383 1449 419 τῆς
1460 383 1592 420 διαθήκης
1602 384 1632 411 ὃν
1643 385 1722 420 ὑμεῖς
1733 385 1852 413 θέλετε.»

1067 427 1177 463 Ἐπειδὴ
1187 427 1277 455 τοίνυν
1290 428 1403 456 τοιαῦτά
1415 437 1494 463 φατε,
1507 430 1554 456 καὶ
1566 430 1614 466 τὴν
1628 431 1692 466 περὶ
1705 431 1736 458 τὸ
1749 431 1856 459 δίκαιον

1062 473 1218 508 ἐπιμέλειαν
1233 473 1277 501 διὰ
1296 474 1346 509 τῆς
1358 475 1494 510 τιμωρίας
1508 475 1662 511 ἐπιζητεῖτε
1685 477 1750 512 παρ’
1774 478 1854 512 ἐμοῦ,

1061 517 1202 544 ἀποστελῶ
1227 518 1277 553 μὲν
1301 518 1416 554 ἄγγελον
1440 519 1679 556 ὑπηρετησόμενον
1705 523 1762 554 τοῖς
1791 523 1855 558 ἐμοὶ

1060 562 1168 590 δοκοῦσι
1178 572 1185 580 ·
1206 563 1238 590 τὸ
1252 563 1334 599 γὰρ,‹
1356 565 1548 600 Ἐπιόλέψεται
1561 566 1620 593 ὁδὸν
1638 567 1691 603 πρὸ
1706 568 1855 604 προσώπου

1062 617 1124 643 μου,
1143 618 1151 635 ι
1171 608 1250 636 τοῦτο
1263 609 1352 644 λέγει·
1369 610 1430 637 ἀντὶ
1452 610 1510 642 τοῦ,
1529 610 1578 643 “Oc
1595 612 1713 648 σπουδὴν
1728 612 1853 649 θήσεται,

1060 652 1154 689 ὥσπερ
1177 661 1220 685 τις
1254 653 1426 690 πρόδρομος,
1452 655 1653 691 διαπράξασθαι
1680 657 1715 684 τὰ
1735 658 1796 693 ἐμοί
1820 667 1854 692 γε

1060 696 1191 724 δοκοῦντα
1202 705 1211 713 ’
1233 697 1389 734 παρέσομαι
1413 698 1442 725 δὲ
1467 699 1565 735 ἁθρόον
1589 700 1618 727 ἐν
1632 701 1706 736 αὑτῷ
1720 699 1797 736 κάγὼ
1810 702 1855 729 διὰ

1060 742 1115 769 τῶν
1129 742 1218 778 ἔργων
1233 744 1351 779 ἐμαυτδν
1365 744 1471 776 δεικνὺς
1485 745 1515 771 ἐν
1528 745 1568 780 τῷ
1587 745 1643 779 ναῷ
1653 755 1659 761 ·
1681 747 1742 774 ἐπεὶ
1764 748 1811 774 καὶ
1823 749 1855 775 ἐν

1062 788 1148 815 sum
1168 790 1226 821 τοῖς
1248 790 1419 825 γιγνομένοις
1444 790 1499 826 ὅρῳ
1522 790 1590 818 Θεοῦ
1608 792 1624 827 ἡ
1649 792 1699 827 μὲν
1719 793 1854 829 ὑπουργία

1061 835 1160 861 νοεῖται
1182 835 1238 862 τῶν
1261 835 1395 870 ἀγγέλων,
1414 835 1481 868 Θεὸς
1500 836 1529 863 δὲ
1551 837 1566 863 6
1584 837 1612 863 ἐν
1626 838 1717 870 αὐτοῖς
1738 838 1854 874 ἐργαζό-

1061 888 1141 915 μενος
1155 880 1189 907 δι¹
1207 876 1246 907 ὧν
1264 880 1401 907 ἐπιτάττει
1414 881 1572 916 γίγνεσθαι·
1588 881 1659 909 οὕτω
1674 883 1722 909 καὶ
1738 883 1788 918 τὴν
1804 883 1855 910 τοῦ

1061 925 1149 961 μάννα
1176 926 1279 962 τροφὴν
1312 926 1438 961 ἀγγέλων
1467 926 1516 962 μὲν
1536 926 1575 959 ὠς
1600 928 1854 964 ὑπηρετησαμένων

1059 970 1134 1006 λέγει
1146 978 1153 986 ³
1174 980 1184 996 1
1201 971 1301 1007 Ἄρτον
1312 971 1378 1008 γὰρ,
1390 972 1483 1008 φησὶν,
1497 972 1620 1007 ἀγγέλων
1635 973 1736 1008 ἔφαγεν
1749 974 1854 1010 ἄνθρω-

1060 1026 1127 1049 πος’
1144 1026 1154 1044 ι
1171 1017 1240 1044 Θεοῦ
1256 1017 1296 1050 δὲ,
1314 1018 1353 1050 ὡς
1367 1017 1546 1051 κελεύσαντος
1563 1019 1688 1054 δοθῆναι·
1709 1029 1719 1046 ι
1738 1020 1854 1047 Ἐνετεί-

1060 1063 1125 1090 λατο
1141 1062 1196 1099 γὰρ
1218 1063 1344 1098 νεφέλαις
1359 1064 1543 1100 ὑπεράνωθεν,
1565 1065 1612 1092 καὶ
1633 1065 1719 1100 θύρας
1737 1066 1854 1101 ούρανοῦ

1060 1108 1174 1144 ἀνέῳξε,
1189 1109 1237 1136 καὶ
1255 1108 1366 1144 ἔϐρεξεν
1389 1109 1480 1141 αὐτοῖς
1498 1110 1586 1145 μάννα
1604 1112 1711 1145 φαγεῖν.
1731 1120 1740 1137 ι
1769 1112 1806 1137 Τὸ
1825 1111 1855 1138 δὲ

1060 1153 1135 1187 ἥξει,
1151 1154 1272 1190 συνήθως
1285 1154 1358 1189 λέγει
1372 1154 1410 1186 ὤς
1425 1154 1459 1181 ἂν
1476 1155 1504 1182 ἐν
1519 1156 1575 1188 τοῖς
1588 1156 1724 1192 ὑπουργία
1741 1157 1787 1183 τοῦ
1803 1157 1854 1190 ἀγ-

1061 1199 1142 1234 γέλου
1162 1199 1334 1235 γιγνομένοις
1350 1199 1418 1227 Θεοῦ
1436 1201 1644 1237 διαφαινομένου
1658 1202 1705 1228 τοῦ
1719 1202 1773 1229 τῶν
1787 1203 1854 1229 ἀπο-

1059 1245 1228 1280 τελουμένων
1241 1245 1328 1272 αἰτίου
1338 1253 1345 1260 ·
1368 1246 1407 1280 (p.
1420 1245 1482 1282 560)
1505 1243 1560 1273 οἷόν
1575 1247 1632 1274 ἐστι
1654 1248 1701 1275 καὶ
1723 1248 1798 1283 παρὰ
1813 1249 1853 1284 τῷ

1061 1291 1189 1326 μακαρίῳ
1203 1291 1285 1318 Δαυῒδ
1296 1291 1336 1325 τὺ,
1357 1301 1366 1318 ι
1381 1292 1506 1319 Ἐκλινεν
1521 1293 1661 1328 οὐρανοὺς,
1675 1295 1721 1321 καί¹
1737 1295 1852 1331 κατέϐη,

1059 1336 1107 1362 καὶ
1121 1336 1218 1371 γνόφος
1234 1337 1286 1363 ὑπὸ
1301 1338 1364 1370 τοὺς
1385 1338 1469 1370 πόδας
1484 1338 1565 1365 αὐτοῦ
1575 1347 1582 1354 ·
1599 1348 1608 1365 ›
1637 1339 1681 1366 ἵνα
1705 1340 1770 1377 εῖπῃ
1780 1361 1787 1371 ,
1811 1341 1852 1368 ὅτι

1063 1382 1285 1417 Παραγεγονότος
1297 1384 1339 1415 εἰς
1351 1383 1476 1419 βοήθειαν
1491 1383 1639 1419 ἡμετέραν,
1653 1385 1684 1412 ἐκ
1699 1385 1753 1412 τῶν
1764 1386 1853 1421 ἔργων

1059 1428 1193 1463 ἐλάϐομεν
1210 1429 1346 1464 αἰσθησιν.
1366 1429 1447 1456 Ὅθεν
1463 1429 1560 1464 εἰπὼν,
1576 1432 1616 1459 ὃτι
1636 1439 1646 1457 t
1661 1431 1741 1465 Ἥξει
1755 1433 1795 1464 εἰς
1807 1432 1854 1459 τὸν

1059 1474 1122 1501 ναὸν
1136 1474 1233 1502 ἐαυτοῦ
1251 1476 1354 1511 Κύριος
1371 1475 1400 1502 ὃν
1419 1476 1498 1511 ὑμεῖς
1512 1476 1644 1511 ἐζητεῖτε,
1660 1487 1669 1503 ι
1701 1478 1850 1514 ἐπήγαγεν,

1062 1529 1073 1548 ε
1087 1521 1143 1548 Καὶ
1164 1522 1179 1548 6
1203 1520 1318 1555 ἄγγελος
1335 1522 1385 1557 τῆς
1406 1521 1540 1558 διαθήκης
1563 1523 1593 1549 δν
1617 1523 1696 1558 ὑμεῖς
1719 1524 1822 1551 θέλετε·
1840 1534 1850 1551 ι

1060 1565 1167 1598 δεικνὺς
1188 1566 1229 1593 ὅτι
1247 1567 1277 1594 ἐν
1297 1568 1352 1599 τοῖς
1373 1567 1510 1604 ὑπουργία
1525 1568 1571 1595 τοῦ
1593 1569 1708 1604 ἀγγέλου
1722 1571 1852 1606 γιγνομὲ.

1060 1620 1117 1644 νοις
1137 1612 1187 1648 τὴν
1201 1613 1353 1647 παρουσίαν
1381 1614 1527 1647 ἐνδείξεται
1551 1614 1600 1650 τὴν
1625 1615 1728 1642 οίκείαν
1743 1617 1758 1642 6
1774 1616 1850 1647 Θεός.

1068 1659 1139 1694 Ἐγώ
1151 1668 1182 1686 τε
1203 1657 1260 1692 οὖν,
1277 1661 1369 1696 φησὶν,
1388 1661 1544 1697 ἐλεύσομαι,
1566 1662 1596 1688 ὃν
1613 1662 1733 1698 τιμωρὸν
1753 1663 1851 1698 ἐπιζηι

1061 1706 1132 1732 τεῖτε
1145 1705 1200 1732 τῶν
1215 1706 1268 1741 πλη
1273 1707 1469 1742 μμελουμένων
1481 1715 1489 1723 ’
1514 1707 1648 1744 παρέσται
1668 1708 1695 1734 δὲ
1712 1709 1759 1735 καὶ
1772 1710 1786 1735 6
1800 1709 1852 1742 ἄγ-

1062 1750 1138 1784 γελος
1151 1751 1165 1777 6
1178 1752 1238 1781 ταῖς
1250 1750 1397 1786 συνθήκαις
1408 1751 1649 1788 ὑπηρετησάμενος
1659 1750 1704 1783 αἷς
1714 1752 1852 1788 πεποίηκα

1061 1795 1131 1830 πρὸς
1146 1795 1219 1831 ὑμᾶς
1236 1796 1365 1829 πολλάκις
1376 1805 1383 1812 ·
1402 1797 1431 1823 ὃν
1448 1797 1640 1832 ἐπιζητοῦντες
1654 1797 1784 1833 εὑρήσετε
1797 1798 1854 1824 τῶν

1061 1840 1130 1876 πρὸς
1153 1841 1203 1876 ἐμὲ
1224 1841 1364 1877 συνθηκῶν
1386 1842 1463 1877 ὑμῶν
1475 1842 1680 1879 τιμωρούμενον
1695 1843 1744 1878 τὴν
1760 1843 1851 1878 παρά-

1061 1885 1151 1913 ϐασιν.
1177 1886 1271 1914 Ταῦτα
1289 1887 1338 1922 μὲν
1352 1887 1384 1923 δὴ
1408 1888 1465 1919 τοῖς
1482 1888 1676 1924 προρρηθεῖσιν
1697 1887 1851 1920 ἀκολούθως

1060 1931 1171 1967 εῖρηκεν
1195 1933 1210 1959 6
1229 1933 1370 1968 προφήτης
1383 1941 1391 1948 ·
1418 1932 1450 1960 τὸ
1470 1932 1499 1959 δέ
1520 1933 1568 1960 ἐπὶ
1579 1933 1630 1968 τῆς
1650 1932 1698 1960 τοῦ
1713 1934 1850 1969 μακαρίου

1067 1977 1189 2005 Ἰωάννου
1204 1977 1250 2004 τοῦ
1264 1977 1417 2005 Βαπτιστοῦ
1432 1978 1583 2014 παρουσίας
1598 1978 1648 2014 τὴν
1667 1978 1758 2014 φωνὴν
1774 1979 1852 2014 εἰρῆ-

1062 2022 1123 2050 σθαι
1136 2022 1248 2059 ταύτην,
1261 2023 1292 2050 ού
1305 2023 1470 2059 θαυμαστὸν,
1492 2024 1525 2051 ἐκ
1544 2024 1598 2050 τῶν
1616 2025 1787 2060 πραγμάτοιν
1798 2025 1852 2051 ἐπ‹

1060 2068 1247 2104 αληθευούσης
1260 2069 1320 2096 τότε
1335 2069 1384 2104 τῆς
1397 2069 1500 2104 φωνῆς,
1522 2069 1562 2105 τῷ
1582 2070 1780 2105 παραγίνεσθαι
1799 2070 1851 2106 μιν

219 2111 371 2147 πρόδρομον
385 2109 433 2136 καὶ
449 2107 588 2144 ὑπηρέτην
608 2107 662 2134 τῶν
691 2107 853 2143 ὡρισμένων
884 2108 930 2135 τὸν
964 2112 1099 2148 μακάριον
1135 2114 1278 2150 Ἰωάννην,
1296 2115 1353 2150 άμα
1369 2114 1400 2141 δέ
1424 2114 1499 2150 αὐτῷ
1519 2115 1642 2150 παρόντα
1659 2116 1776 2152 φανῆναι
1801 2117 1851 2144 καὶ

218 2157 265 2184 τὸν
277 2157 324 2183 ὑπ’
338 2155 420 2182 αὑτοῦ
436 2153 659 2190 μαρτυρούμενον
679 2153 818 2189 Δεσπότην
835 2154 962 2190 Χριστὸν.
992 2157 1022 2184 ἐν
1058 2155 1136 2196 ᾧπερ
1160 2161 1177 2196 ἡ
1204 2161 1313 2188 πάντων
1334 2160 1486 2196 ἀνθρώπων
1510 2160 1627 2196 ῆμελλεν
1649 2163 1850 2198 οἰκονομεῖσθαι

219 2209 292 2236 σωτη
297 2200 352 2236 ρία.

256 2257 340 2284 Vsus.
354 2255 381 2282 '2.
393 2254 499 2282 -Μοι
513 2254 567 2282 sibi
578 2258 782 2284 consentaneus
796 2256 927 2292 propheta
943 2266 1008 2294 pro-

1095 2259 1170 2296 Στίχ.
1192 2259 1225 2295 β’.
1248 2275 1285 2281 -
1315 2260 1481 2287 Ἀκολουθῶν
1500 2261 1591 2297 μέντοι
1614 2271 1646 2296 γε
1671 2263 1686 2290 6
1707 2264 1851 2300 προφήτης

219 2303 344 2338 sequitur
357 2311 380 2330 ιι
393 2301 464 2329 Ecce
477 2301 562 2335 venit,
578 2302 617 2330 ait
632 2301 766 2329 Dominus
780 2303 965 2339 omnipotens.
976 2304 1009 2332 Et

219 2349 281 2385 quis
301 2348 447 2376 sustinebit
462 2346 535 2374 diem
550 2347 679 2375 introitus
702 2347 783 2382 ejus?
796 2347 850 2375 Aut
860 2349 922 2383 quis
937 2349 1009 2378 ferre

219 2396 320 2432 poterit
334 2398 473 2430 aspectum
486 2393 566 2429 381
585 2393 679 2428 ejus?»
690 2393 758 2421 Cum
774 2395 891 2427 venerit,
908 2395 1007 2430 inquit,

220 2440 293 2468 Deus
310 2440 434 2475 publicus
458 2437 529 2465 haud
546 2441 620 2466 recte
637 2437 772 2465 factorum
788 2437 905 2470 vindex,
929 2447 1009 2467 nemo

202 2510 205 2520 ι
218 2489 341 2513 vestrum
352 2484 398 2519 qui
412 2484 469 2511 hac
482 2483 573 2510 dicere
588 2490 661 2510 nunc
674 2483 767 2516 audet,
783 2483 933 2518 punitionis
946 2492 1009 2520 gra-

202 2521 203 2526 ¹
220 2531 333 2558 vitatem
349 2529 507 2558 sustinebit.
522 2528 670 2556 Evidenter
679 2533 769 2556 autem
784 2529 826 2557 his
841 2530 932 2558 verbis
939 2538 1008 2566 prae-

219 2575 286 2602 dicit
310 2575 364 2602 illis
386 2582 419 2602 ea
436 2581 497 2609 quae
517 2573 571 2601 sub
592 2573 772 2602 Macchabmis
789 2579 920 2603 eventura
938 2577 1008 2604 mala

218 2623 313 2653 erant,
335 2627 397 2655 qum
421 2619 525 2647 scilicet
548 2619 584 2647 ob
610 2627 688 2647 suam
716 2619 833 2655 populus
856 2621 1007 2655 nequitiam

219 2665 342 2701 pertulit.
363 2665 426 2693 ldeo
441 2665 486 2700 qui
505 2665 576 2693 hanc
591 2665 738 2693 dictionem
754 2666 902 2693 convenire
912 2667 1008 2694 existi-

218 2716 276 2740 mat
292 2711 402 2739 Christo
416 2710 542 2743 Domino,
559 2718 610 2738 nec
625 2710 659 2738 de
675 2711 729 2738 alio
745 2718 826 2745 quam
846 2711 880 2738 de
893 2719 927 2739 eo
944 2719 1007 2746 pro-

218 2758 382 2790 nuntiatam,
401 2756 510 2785 videtur
524 2757 651 2793 ignorare
666 2764 758 2785 rerum
777 2757 821 2785 hic
838 2757 1005 2792 scriptarum

253 2851 276 2867 "
295 2849 369 2878 Psal.
383 2857 485 2882 ωτι-ιι,
497 2850 543 2879 ἳό.
581 2850 604 2866 "
618 2850 682 2878 ibid.
699 2851 743 2878 25.

781 2852 806 2868 ’³
825 2851 898 2882 Psal.
918 2859 984 2887 nn,
1000 2852 1043 2882 10.

1059 2305 1158 2341 ἑαυτῷ,
1174 2306 1289 2340 ἐπάγει·
1302 2315 1313 2331 ‹
1333 2306 1399 2333 Ἰδοὺ
1418 2306 1538 2342 ἔρχεται,
1551 2307 1624 2342 λέγει
1636 2308 1738 2344 Κύριος
1750 2318 1850 2337 παντο-

1058 2352 1170 2388 κράτωρ
1180 2360 1187 2366 ·
1197 2351 1245 2378 καὶ
1253 2352 1296 2383 τίς
1304 2351 1435 2387 ὑπομενεῖ
1445 2353 1551 2388 ἡμέραν
1561 2354 1662 2380 εἰσόδου
1671 2354 1767 2388 aurei);
1780 2355 1796 2390 ἢ
1807 2356 1850 2388 τίς

1058 2398 1239 2433 ὑποστήσεται
1253 2398 1282 2423 ἐν
1297 2399 1331 2433 τῇ
1344 2398 1461 2434 ὀπτασίᾳ
1478 2398 1581 2431 αὐτοῦς
1596 2409 1605 2425 i
1623 2400 1660 2434 (p.
1675 2399 1737 2436 56l)
1758 2401 1850 2428 Ἐπει-

1057 2443 1105 2470 δὰν
1119 2443 1173 2478 γὰρ
1197 2443 1391 2478 παραγενηται,
1409 2445 1509 2479 φησὶν,
1532 2446 1546 2472 ὁ
1571 2445 1637 2477 Θεὸς
1651 2447 1771 2482 τιμωρὸς
1788 2448 1850 2474 ἐπι-

1059 2489 1221 2524 φαινόμενος
1237 2488 1292 2515 τῶν
1312 2489 1341 2515 οὐ
1360 2489 1474 2522 δεόντως
1494 2491 1654 2526 γινομένων,
1671 2492 1758 2524 οὐδεὶς
1772 2493 1850 2528 ὑμῶν

1058 2533 1112 2562 τῶν
1128 2534 1215 2561 ταῦτα
1238 2533 1286 2560 νῦν
1301 2533 1390 2568 λέγειν
1414 2535 1575 2571 τολμώντων
1599 2537 1782 2572 ὑποστήσεται
1800 2539 1849 2574 τῆς

1058 2578 1194 2614 τιμωρίας
1218 2577 1248 2604 τὸ
1266 2578 1380 2613 μέγεθος
1391 2587 1398 2594 °
1424 2579 1502 2615 δῆλος
1515 2580 1545 2607 δέ
1566 2581 1639 2608 ἐστιν
1651 2583 1681 2608 ἐν
1695 2583 1800 2615 τούτοις
1814 2584 1850 2610 τὰ

1059 2623 1105 2650 ἐπὶ
1122 2623 1175 2650 τῶν
1188 2623 1376 2650 Μακκαϐαίων
1390 2625 1481 2656 αὐτοῖς
1496 2626 1606 2661 μηνύων
1620 2628 1702 2660 κακὰ,
1716 2628 1788 2663 άπερ
1800 2629 1849 2664 τῆς

1059 2669 1163 2696 ἑαυτῶν
1182 2669 1275 2696 ἕνεκεν
1292 2671 1516 2707 ὑπομεμενήκασι
1535 2673 1634 2705 κακίας
1644 2682 1651 2689 ·
1673 2674 1711 2706 ὡς
1725 2675 1738 2701 6
1753 2683 1785 2709 γε
1801 2675 1848 2702 αὐ-

1056 2716 1107 2751 τὴν
1135 2716 1185 2751 τὴν
1217 2716 1308 2752 φωνὴν
1333 2717 1478 2752 ἁρμόττειν
1504 2718 1626 2753 οἰόμενος
1658 2719 1697 2754 τῷ
1724 2721 1848 2756 Δεσπότῃ

1056 2761 1167 2797 Χριστῷ
1187 2761 1225 2793 ὠς
1250 2761 1284 2788 ἂν
1297 2762 1361 2798 περὶ
1375 2762 1457 2789 αὑτοῦ
1485 2764 1532 2790 καὶ
1546 2764 1595 2799 οὐχ
1615 2765 1707 2800 ἑτέρου
1731 2775 1778 2793 του
1798 2767 1847 2802 ρη-

1098 2853 1122 2872 “
1139 2853 1238 2883 Matth.
1248 2863 1287 2889 ιι,
1302 2855 1448 2891 l0;Marc.
1465 2864 1485 2890 ι,
1497 2857 1531 2892 2;
1548 2856 1616 2885 Luc.
1635 2865 1653 2892 ι,
1671 2858 1717 2892 t7;
1735 2866 1784 2892 vn,
1799 2857 1843 2885 27.
