1983 3072
125 160 174 188 ϐξί

591 166 867 199 COMMENTARIUS
878 163 911 198 1N
931 165 1124 198 MALACIIIE
1143 171 1220 199 CAP.
1237 171 1283 199 ιιι.

1700 172 1751 202 ΰέὶ

127 221 221 249 θεῖσαν
238 222 306 260 (70),
321 223 410 252 ἔοικεν
423 224 529 260 ἀγνοεῖν
545 220 575 254 τδ
588 227 715 265 διάφορον
729 230 783 256 τῶν
799 230 912 258 ἐνταῢθὰ

969 229 1149 259 dim-rentiam
1164 231 1199 259 ab
1213 230 1267 259 illis
1282 238 1343 267 qua:
1358 231 1386 260 in
1396 231 1499 261 Christi
1515 231 1622 261 Domini
1636 233 1754 261 adventu

126 275 156 294 τε
170 269 383 305 γεγραμμένων,
398 270 445 297 καὶ
456 271 510 298 τῶν
525 272 571 299 ἐπὶ
584 272 635 308 τῆς
648 275 800 309 παρουσίας
812 276 916 302 οίκονο-

129 312 270 348 μηθέντων
291 314 337 341 τοῦ
362 315 497 343 Δεσπότου
519 317 649 354 Χριστοῦ,
663 319 693 351 ὃς
712 321 736 346 εί
755 321 803 348 καὶ
821 320 915 356 κριτοῦ

127 357 206 392 δίκην
225 357 358 394 διέκρινεν
380 359 411 388 ὲν
429 361 565 394 Ἰουδαίοις
580 363 643 395 τοὺς
660 363 778 398 φαύλους
795 365 849 391 ἀπὸ
861 365 916 392 τῶν

127 404 306 439 κρειττόνων,
327 405 392 438 τοὺς
415 401 466 442 μὶν
481 407 525 433 ἐπ’
541 407 622 435 αὐτὸν
637 410 853 443 πεπιστευκότας
870 411 916 438 ἐπὶ

127 447 157 475 τὸ
172 451 294 485 κρεῖττον
309 453 490 488 μεταστήσας,
505 453 569 486 τοὺς
582 454 767 490 ἡπιστηκότας
781 455 810 483 δὲ
824 465 914 492 παρα-

126 493 189 526 δοὺς
205 495 334 531 τιμωρίᾳ,
353 495 411 524 ἀλλ’
425 497 535 534 εὔδηλον
549 499 591 526 ὃτι
607 500 646 535 τῷ
664 500 747 537 κοινῷ
765 501 837 537 λόγῳ
853 511 915 530 σκο-

127 539 180 566 πὺν
195 540 245 576 τῆς
259 541 362 574 οἰκείας
385 542 485 578 ἔσχηκε
510 545 676 580 παρουσίας,
696 546 726 574 ὃν
746 547 761 574 ό
780 548 915 583 μακάριος

133 584 262 621 Ἰωάννης
272 585 422 623 δεδήλωκεν
434 588 531 622 είπὼν,
550 598 560 616 ι
567 591 621 617 Ἴδε
632 591 647 618 ὁ
660 591 746 627 ἀμνὸς
756 593 804 620 τοῦ
819 593 890 621 Θεοῦ
900 595 915 621 ὁ

125 631 215 676 στρων
227 631 277 667 τὴν
288 632 426 669 ἁμαρτίαν
440 634 487 661 τοῦ
501 635 603 672 κόσμου
615 644 622 651 ·
638 646 648 664 r
666 637 715 665 καὶ
727 637 762 666 τὰ
773 639 872 676 ἑφεξῆς
884 640 914 668 δὲ

125 675 168 702 ἔτι
182 676 281 712 μᾶλλον
294 677 415 710 δείκνυσι
426 679 481 708 τῶν
497 682 627 717 ῥημάτων
643 683 690 710 τὸν
702 685 812 712 σκοπόν.
833 686 915 714 Ἐπά-

125 728 171 755 τει
186 721 240 758 γάρ
252 730 260 739 ο

162 766 236 803 Nx.
255 770 291 802 τ’,
302 767 336 798 δ’.
347 784 383 790 -
398 779 408 796 ι
420 768 493 798 Διότι
506 768 587 805 αὐτὸς
602 774 790 810 εἰσπορεύεται
805 776 844 808 ὡς
857 776 914 812 πῦρ

125 812 320 848 χωνευτηρίου,
335 814 382 842 καὶ
400 815 438 848 ὡς
459 816 512 844 πόα
527 817 681 846 πλυνόντων
692 826 699 834 ·
720 820 766 846 καὶ
781 820 913 848 καθιείται

967 278 1016 312 per
1031 276 1264 312 dispensationem
1279 279 1347 304 actae,
1362 281 1445 306 sunt:
1461 278 1508 314 qui
1523 278 1650 314 quamvis
1666 277 1756 306 olllcio

964 322 1067 358 judicis
1080 322 1209 350 discrevit
1222 321 1379 350 Iudaeorum
1396 323 1535 360 improbos
1553 332 1569 352 a
1584 324 1755 356 melioribus,

966 368 1111 397 credentes
1121 369 1174 398 sibi
1186 369 1221 397 ad
1231 369 1370 397 meliorem
1383 369 1487 405 frugem
1497 371 1654 404 traducens,
1666 371 1755 398 incre-

966 414 1046 441 dulos
1062 418 1142 449 poena
1152 414 1289 443 alliciens:
1302 416 1421 443 attamen
1434 415 1605 451 exploratum
1615 421 1668 448 est,
1681 416 1755 451 quod

967 460 1086 495 generali
1105 460 1211 488 ratione
1228 468 1341 496 scopum
1350 460 1616 490 habueritadVentus
1625 461 1668 490 sui
1679 461 1754 489 illum

966 512 1048 540 quem
1057 505 1154 533 beatus
1160 505 1281 534 Joannes
1291 506 1441 534 declaravit
1448 506 1543 536 dicens
1554 507 1651 535 :tEcce
1659 507 1753 543 Agnus

967 550 1014 579 Dei
1029 551 1075 586 qui
1091 551 1162 579 tollit
1176 555 1317 587 peccatum
1331 551 1467 580 mundi”.
1485 562 1495 578 ι
1511 552 1580 581 Tum
1597 553 1625 581 in
1640 561 1756 589 sequen-

966 597 1040 625 tibus
1061 597 1194 632 propheta
1215 597 1302 633 magis
1319 597 1408 626 adhuc
1426 599 1514 634 aperit
1527 598 1672 628 verborum
1691 607 1757 628 suo-

966 650 1027 670 rum
1045 651 1169 678 scopum.
1187 643 1269 672 Addit
1281 643 1368 672 enim:

1004 777 1088 806 Vatis.
1107 778 1164 810 δή.
1177 793 1210 798 ——
1223 773 1313 812 «Quia
1336 778 1396 814 ipse
1418 778 1568 814 ingreditur
1587 780 1666 815 quasi
1685 780 1757 816 ignis

966 823 1135 857 conﬁatorii,
1157 827 1185 852 et
1208 825 1287 859 quasi
1312 824 1398 853 herba
1420 824 1564 852 fullonum.
1595 825 1628 852 Et
1650 826 1757 854 sedebit

125 855 253 906 xm:di
284 858 332 906 καὶ
360 859 514 906 καθαρίζων
541 861 582 894 ὡς
606 862 638 890 τὸ
660 864 791 900 ἀργύριον
814 866 868 893 xit,
883 866 912 893 τὺ

965 868 1089 896 conﬁans
1104 855 1132 896 et
1145 855 1266 904 purgans
1278 869 1349 897 sicut
1363 875 1462 897 aurum
1472 873 1500 897 et
1512 870 1584 898 sicut
1599 875 1754 906 argentum.

126 903 240 938 χρυσίον
255 912 263 920 ·
287 905 335 932 καὶ
349 905 475 942 καθαριεῖ
486 907 550 940 τοὺς
570 908 646 941 υἱοὺς
661 910 737 942 Λευὶ,
761 911 808 938 καὶ
824 912 915 947 ὲκχεεῖ

126 946 227 980 αὐτοὺς
248 949 287 981 ὡς
315 950 347 977 τὸ
370 951 482 986 χρυσίον
509 952 556 979 καὶ
581 953 619 985 ὡς
637 953 667 980 τὺ
692 954 842 991 ἀργύριονο
867 957 915 984 καὶ

125 991 234 1021 ἔσονται
242 994 283 1030 τῷ
293 995 386 1032 Κυρίῳ
398 997 581 1033 προσάγοντες
592 998 687 1026 θυσίαν
700 1000 730 1027 ὲν
740 1000 895 1037 δικαιοσύνῃ
905 1009 913 1017 ·

126 1039 176 1066 καὶ
191 1040 284 1076 ἁρέσει
299 1041 339 1078 τῷ
362 1043 457 1079 Κυρίῳ
474 1044 555 1072 θυσία
577 1044 660 1072 Ἰούδα
681 1046 712 1072 ἐν
729 1045 913 1083 Ἰερουσαλὴμ,

126 1085 220 1118 καθὼς
237 1088 265 1114 al
277 1087 378 1124 ἡμέραι
391 1088 439 1116 τοῦ
461 1089 570 1124 αἰῶνος,
587 1090 636 1118 καὶ
649 1090 740 1124 καθὼς
755 1092 790 1119 τά
811 1092 859 1129 ετη
879 1093 915 1120 τὰ

126 1130 316 1167 ιμπροσθεν.›
338 1134 376 1169 (p.
395 1134 457 1170 563)
484 1135 564 1163 Ἀλλὰ
586 1136 641 1173 γὰρ
665 1136 741 1164 ἔσται
764 1147 808 1171 τι,
834 1140 913 1174 φησὶ,

125 1175 222 1211 κέρδος
242 1177 274 1204 ἐκ
287 1178 336 1213 τῆς
351 1178 576 1216 ὲπαχθησομένης
596 1181 657 1208 τότε
674 1182 809 1218 τιμωρίας
828 1183 892 1219 ὑμῖν
904 1191 912 1199 ·

125 1220 204 1257 δίκην
219 1222 268 1258 μὲν
282 1223 337 1259 γὰρ
353 1224 440 1260 πυρὸς
454 1225 484 1252 ἐν
505 1225 605 1262 χωνείᾳ
623 1226 756 1263 ἀργύριόν
774 1236 803 1255 τε
819 1229 914 1256 καθαί-

125 1275 222 1304 ροντος
234 1269 281 1295 καὶ
293 1269 415 1305 χρυσίον,
429 1271 448 1307 ἢ
464 1271 512 1299 καὶ
529 1272 599 1305 πόας
615 1273 662 1300 διὰ
683 1273 738 1301 τῶν
761 1274 916 1303 πλυνόντων

125 1315 312 1352 καθαιρούσης
325 1316 437 1353 ὶσθῆτα,
451 1318 512 1350 ταῖς
525 1320 677 1355 συμφοραῖς
688 1321 748 1352 ταῖς
763 1320 914 1356 τηνικαῦτα

125 1361 311 1397 ἐπαγομέναις
332 1362 397 1398 ὑμῖν
412 1363 539 1400 καθαριεῖ
560 1365 665 1398 πάντας
680 1366 745 1399 τοὺς
761 1367 811 1403 τὴν
833 1368 914 1403 ἱερω-

124 1407 210 1443 σύνην
229 1407 386 1444 τολμῶντας
405 1409 526 1437 εκτελεῖν
545 1410 682 1447 ἀδοκίμως
695 1420 701 1427 ·
723 1411 794 1439 ὥστε
815 1413 914 1445 αὐτοὺς

123 1454 181 1486 τοίς
198 1454 397 1490 ἐπιγινομένοις
417 1456 652 1491 σωφρονισθέντας
671 1459 766 1490 κακοῖς
781 1459 914 1494 προσάγει

123 1499 217 1527 λοιπὸν
235 1500 274 1536 τῷ
293 1500 352 1536 Θεῷ
368 1500 474 1534 θυσίας,
495 1502 534 1535 ὡς
557 1502 670 1538 νόμιμον
693 1505 841 1540 προσάγειν
853 1504 913 1541 Θεῷ

122 1545 276 1581 προεστῶτι
295 1546 342 1573 τοῦ
357 1547 473 1580 δικαίου,
494 1544 518 1582 ᾦ
537 1547 569 1584 δὴ
585 1548 654 1584 μετὰ
665 1548 762 1576 πολλοῦ
776 1549 823 1576 τοῦ
836 1550 912 1583 δέους

122 1593 174 1629 τὴν
189 1593 358 1629 λειτουργίαν
373 1594 511 1629 προσῆκον
524 1593 691 1631 ἐκπληροῦν,
705 1594 744 1627 ὡς
764 1595 846 1622 εἰδότι
865 1596 912 1623 καὶ

67 1671 70 1674 ,
123 1639 303 1675 τιμωρεῖσθαι
317 1639 380 1672 τοὺς
393 1639 559 1676 καταμελεῖν
574 1640 715 1672 ὲθὲλοντας
729 1640 823 1668 αὑτοῦ.
843 1640 911 1668 Τότε

122 1684 173 1720 δὴ,
190 1685 290 1720 φησὶν,
312 1685 431 1712 Ἰουδαῖοι
454 1685 502 1713 επὶ
524 1685 575 1721 τῆς
592 1686 770 1723 Ἰερουσαλὴμ
792 1687 912 1722 ἀρεστὰς

123 1730 299 1766 προσοίσουσι
313 1730 353 1766 τῷ
376 1730 436 1766 Θεῷ
457 1729 568 1763 θυσίας·
593 1731 724 1766 ἀνάλογον
740 1731 779 1768 τῷ
794 1732 912 1768 πρόσθεν

123 1775 223 1811 χρόνῳ,
241 1777 270 1802 tv
287 1772 363 1812 ᾧπερ
377 1777 434 1808 τοῖς
452 1777 577 1811 γεγονόσι
593 1777 665 1804 κατὰ
688 1777 784 1813 καιρὸν
797 1777 911 1811 δικαίοις

123 1821 372 1858 ἑπιμελησαμένοις
401 1821 449 1849 τοῦ
482 1823 666 1859 προσήκοντος
682 1843 690 1854 ,
722 1823 772 1855 τὰς
808 1824 912 1850 ἑαυτῶν

124 1867 273 1902 προσάγειν
288 1867 383 1900 θυσίας
395 1867 511 1904 νόμιμον
526 1865 560 1903 ἦν
569 1876 576 1883 ·
592 1867 654 1895 οὔτε
665 1867 694 1894 δὲ
704 1867 745 1900 τὸ,
762 1868 912 1904 «Καθαριεϊ

123 1911 188 1944 τοὺς
200 1912 274 1944 υἱοὺς
285 1912 362 1946 Λευὶ,
375 1921 385 1939 ι
405 1912 467 1940 οὔτε
480 1913 522 1947 τὸ,
540 1922 550 1938 ι
561 1913 666 1949 ’Δρέσει
675 1912 714 1949 τῷ
725 1913 819 1949 Κυρίῳ
831 1913 912 1941 θυσία

129 1956 216 1984 Ἰούδα
236 1959 265 1984 εν
284 1957 472 1994 Ἰερουσαλὴμ,
488 1967 499 1985 ι
524 1958 655 1995 ἁρμόσει,
674 1959 700 1985 εἰ
727 1957 766 1994 τῷ
788 1958 912 1995 Δεσπότῃ

123 2003 235 2040 Χριστῷ
251 2012 291 2036 τις
309 2005 458 2040 προσήκειν
469 2004 553 2032 οἴοιτο
563 2004 597 2031 τὰ
610 2004 745 2040 λεγόμενα
755 2012 763 2020 ⁸
782 2004 843 2032 οὐδὲ
857 2004 911 2041 γὰρ

123 2049 178 2076 utet
188 2049 234 2076 τοῦ
247 2050 314 2076 Λευὶ
328 2050 403 2085 μόνοι
412 2049 458 2077 τδν
468 2050 610 2086 καθαρμὸν
624 2050 748 2084 ἐδέξαντο
757 2050 829 2084 τότε,
841 2051 910 2078 ἀλλὰ

123 2093 225 2126 πάντες
240 2093 394 2130 ἂνθρωποι·
412 2092 510 2131 οἵσπερ
523 2093 570 2121 οὖν
583 2094 755 2131 ἁρμόττουσα
769 2095 787 2131 ἠ
797 2094 844 2122 τοῦ
859 2103 912 2130 μα-

122 2140 222 2176 καρίου
238 2140 345 2168 Παύλου
360 2141 463 2177 φωνὴ,·
474 2149 485 2168 ι
511 2140 701 2177 Ἐκκαθάρατε
721 2140 771 2177 τὴν
790 2140 911 2181 παλαιὰν

122 2186 225 2223 ζύμην,
240 2187 284 2214 ἵνα
297 2185 346 2223 ἦτε
365 2186 425 2214 νέον
440 2187 565 2224 φύραμα,
581 2187 672 2220 καθὼς
697 2187 759 2215 ἐστὶ
773 2187 883 2223 ἄζυμοι.
897 2196 909 2214 ›

129 2232 202 2259 Ἀλλ’
215 2232 276 2260 οὐδὲ
289 2234 306 2269 ή
326 2232 411 2260 Ἰούδα
425 2232 505 2260 θυσία
520 2232 549 2259 tv
570 2231 747 2269 Ἰερουσαλὴμ
757 2231 839 2267 δεκεὴ
851 2231 912 2258 τότε

122 2278 220 2313 γέγονε
243 2278 282 2314 τῷ
307 2278 386 2314 Θεῷ·
413 2278 567 2306 τούναντίον
599 2278 649 2314 μὲν
675 2275 723 2305 οὖν
746 2277 912 2314 πεπαυμένη

120 2324 233 2360 ἁπάσης
255 2324 371 2360 νομικῆς
393 2323 487 2357 θυσίας
512 2325 542 2351 ὲν
562 2324 739 2360 Ἰερουσαλὴμ
755 2325 912 2361 γινομένης,

120 2369 161 2405 (p.
174 2368 238 2404 563)
267 2368 316 2396 ἆτε
339 2368 387 2395 καὶ
409 2367 681 2404 συγκαταλελυμένης
701 2369 735 2404 τῇ
757 2367 806 2394 τοῦ
828 2367 912 2395 τόπου

121 2415 326 2450 παρατηρήσει,
341 2414 484 2451 ἀνεδείχθη
502 2415 583 2443 θυσία
596 2415 752 2451 ἀπόρῥητός
763 2423 792 2441 τε
806 2415 854 2441 καὶ
868 2414 912 2441 hoc

121 2460 190 2496 γικὴ
213 2459 283 2496 (7i),
306 2460 340 2495 ἢν
361 2459 409 2487 litt
432 2460 597 2496 μνημοσύνῳ
623 2460 671 2486 τοῦ
692 2467 723 2486 τε
745 2459 847 2491 πάθους
862 2458 909 2485 τοῦ

157 2554 182 2571 ⁵⁸
196 2552 277 2582 Joan.
292 2553 370 2587 1.39.
409 2553 434 2570 θ’
449 2553 459 2581 1
472 2553 539 2582 Cor.
559 2561 586 2587 ν,
603 2553 631 2581 7.
669 2554 692 2570 "
706 2552 833 2585 Joan.|v.
847 2553 892 2580 2!.

158 2635 216 2672 (70)
236 2635 348 2672 [tectius
366 2635 479 2672 omnino
500 2635 527 2672 in
548 2634 751 2672 commentariis
774 2633 908 2672 Hierony-

121 2668 186 2706 μιᾶς
198 2668 211 2702 ,⁷
232 2671 352 2706 Cyrillus
369 2678 401 2698 ac
416 2670 606 2706 Theodoretus
617 2669 761 2706 llataelme
776 2668 859 2706 verba
876 2668 911 2696 de

120 2705 237 2734 Joannis
257 2704 374 2740 'tantum
393 2705 587 2740 praedicatione
611 2704 769 2740 Christique
792 2704 910 2740 adventu

121 2741 271 2780 explicant.
285 2739 384 2780 Noster
396 2739 487 2780 autem
503 2747 580 2780 more
593 2746 643 2767 suo
659 2746 716 2780 rem
731 2739 806 2780 illa_m
821 2739 912 2780 potius

75 2781 81 2789 ‘
122 2773 184 2802 κατ’
200 2775 326 2805 ἔκϐασιν,
347 2775 374 2802 id
391 2778 434 2802 est
456 2774 599 2802 secundum
618 2778 737 2802 eventum
757 2773 911 2808 planiorem.

122 2810 228 2837 mavult
240 2809 402 2845 intelligere.
416 2815 443 2837 et
451 2809 515 2845 huic
525 2817 633 2844 quoque
648 2810 708 2836 loco
722 2808 913 2845 Macchabnica

123 2849 247 2880 tempora
265 2844 421 2879 importune
437 2844 587 2871 admiscere
599 2849 625 2871 et
641 2844 848 2880 accommodare
868 2844 909 2870 ni-

122 2878 200 2907 titur.
218 2879 296 2907 Notae
307 2878 455 2914 propterea
475 2883 539 2906 sunt
561 2883 656 2906 contra
676 2878 908 2914 Hopsuestenuni,

965 914 998 940 Et
1013 918 1095 941 erunt
1112 913 1227 942 Domino
1243 913 1411 943 adducentes
1420 915 1586 943 sacriﬁcium
1599 917 1626 943 in
1636 916 1754 951 justitia.

965 959 999 986 Et
1012 960 1129 995 placebit
1142 959 1258 987 Domino
1270 960 1437 988 sacriﬁcium
1452 959 1529 989 ludas
1541 961 1570 989 in
1584 960 1754 990 Hierusalem

965 1004 1037 1031 sicut
1053 1003 1112 1032 dies
1128 1004 1220 1032 saeculi
1236 1008 1263 1032 et
1278 1005 1350 1032 sicut
1366 1005 1431 1032 anni
1449 1005 1568 1041 pristini.
1581 1016 1590 1032 ι
1610 1005 1756 1034 Verumta-

965 1056 1027 1076 men
1041 1049 1144 1084 aliquid
1160 1049 1239 1077 vobis
1251 1049 1429 1077 emolumenti
1440 1051 1579 1087 continget
1590 1059 1624 1079 ex
1635 1051 1755 1087 impacta

965 1102 1056 1130 pana.
1071 1094 1194 1130 Namque
1209 1094 1280 1130 ignis
1292 1095 1380 1123 instar
1395 1095 1423 1123 in
1437 1095 1600 1124 conﬁatorio
1611 1101 1754 1132 argentum

965 1140 1106 1175 purgantis
1122 1144 1150 1168 et
1165 1141 1321 1172 aurum,vel
1339 1140 1431 1169 herbae
1447 1141 1529 1169 etiam
1545 1148 1606 1177 qua:
1620 1141 1753 1170 fullonum

963 1193 1048 1221 opera
1071 1189 1176 1214 restent
1192 1185 1339 1218 emundat,
1364 1187 1570 1215 calamitatibus
1594 1191 1660 1215 tunc
1676 1188 1755 1216 vobis

965 1231 1077 1260 inﬂictis
1089 1231 1217 1267 purgabit
1225 1230 1297 1259 Deus
1307 1231 1369 1259 illos
1380 1231 1426 1267 qui
1436 1232 1618 1260 sacerdotium
1631 1232 1755 1269 improbe

965 1281 1082 1305 tractare
1094 1276 1214 1304 audent:
1231 1280 1262 1304 ut
1274 1276 1303 1303 hi
1318 1276 1542 1306 incumbentibus
1559 1277 1640 1306 malls
1656 1286 1754 1306 emun-

964 1322 1035 1353 dati.
1054 1321 1109 1349 Deo
1126 1321 1254 1357 posthinc
1268 1322 1383 1350 otIerant
1396 1322 1548 1355 sacriﬁcia,
1571 1325 1653 1358 prout
1669 1323 1753 1351 Deum

963 1367 1046 1403 382
1057 1367 1135 1395 decet
1147 1366 1261 1402 justitiaa
1275 1366 1422 1399 vindicem.
1438 1367 1484 1396 cui
1498 1372 1577 1396 certe
1590 1367 1677 1395 multo
1691 1375 1754 1395 cum

963 1414 1063 1442 timore
1078 1421 1189 1442 sacrum
1204 1413 1390 1442 ministerium
1407 1414 1616 1449 persolvendum
1635 1416 1688 1444 est.
1703 1421 1755 1440 ceu

963 1459 1065 1486 valenti
1093 1463 1295 1494 contemptores
1311 1465 1378 1486 suos
1391 1455 1498 1494 punire.
1513 1458 1591 1487 Tunc
1605 1458 1754 1492 Judzei,in-

963 1505 1034 1540 quit.
1046 1505 1074 1532 in
1089 1504 1185 1532 urbem
1196 1503 1367 1533 Hierusalem
1382 1508 1461 1541 grata
1476 1505 1531 1533 Deo
1552 1504 1690 1533 adducent
1709 1512 1755 1533 sa-

963 1550 1078 1583 criﬁcia,
1092 1550 1245 1586 superioris
1258 1550 1347 1579 aetatis
1361 1557 1447 1583 more.
1466 1551 1495 1578 in
1510 1557 1565 1586 qua
1579 1550 1685 1586 aiustis
1706 1558 1755 1585 per

963 1597 1085 1630 tempora
1098 1595 1306 1630 exsistentibus,
1326 1596 1394 1624 recti
1410 1595 1490 1624 oﬁlcii
1506 1596 1649 1629 studiosis,
1667 1596 1756 1623 sacri-

963 1639 1024 1667 ﬁcia
1036 1640 1147 1676 propria
1159 1639 1251 1669 olIerri
1263 1640 1413 1677 legitimum
1428 1645 1496 1670 erat.
1506 1640 1575 1668 Nam
1590 1647 1679 1676 neque
1694 1647 1754 1668 ver—

963 1686 997 1713 ba
1005 1685 1149 1722 «Purgabit
1165 1686 1236 1715 ﬁlios
1250 1685 1342 1720 Levia
1358 1694 1447 1723 neque
1460 1686 1525 1714 item
1540 1686 1598 1719 illa.
1615 1685 1753 1713 «Placebit

962 1730 1079 1759 Domino
1102 1731 1269 1760 sacriﬁcium
1292 1730 1371 1760 ludas
1388 1732 1416 1759 in
1438 1731 1635 1764 Hierusalem,r
1654 1738 1754 1758 conre-

962 1778 1070 1806 nienter
1085 1777 1160 1805 dicta
1183 1777 1297 1811 fuerint,
1321 1778 1346 1806 si
1367 1778 1429 1814 quis
1447 1785 1479 1806 ea
1503 1777 1614 1806 Christo
1638 1777 1753 1804 Domino

962 1830 1114 1859 congruere
1120 1823 1235 1859 iudicet.
1246 1822 1340 1859 Neque
1351 1823 1423 1852 enim
1434 1823 1479 1851 lilii
1495 1823 1556 1851 Levi
1566 1823 1753 1850 tantummodo

962 1871 1030 1896 tunc
1042 1869 1232 1904 purgationem
1247 1869 1354 1904 experti
1377 1872 1459 1901 sunt,
1479 1868 1527 1895 sed
1548 1875 1644 1895 omnes
1664 1867 1752 1894 homi-

962 1921 1030 1942 nes:
1047 1914 1147 1949 quibus
1165 1913 1270 1942 idcirco
1290 1913 1418 1948 congruit
1438 1913 1511 1941 beati
1529 1913 1604 1940 Pauli
1630 1913 1750 1939 locutio:

965 1969 974 1986 ι
988 1959 1138 1996 Expurgate
1154 1964 1230 1988 vetus
1240 1959 1410 1989 fermentum.
1423 1963 1452 1986 ut
1466 1958 1524 1985 sitis
1538 1964 1605 1984 nova
1619 1966 1752 1993 consper-

962 2005 1020 2038 sio,
1035 2005 1109 2033 sicut
1123 2004 1191 2033 estis
1205 2002 1329 2040 azymi“.
1349 2012 1359 2030 ι
1384 2003 1438 2031 Sed
1453 2011 1541 2038 neque
1554 2002 1631 2030 Iuda:
1644 2002 1751 2030 sacriﬁ-

962 2051 1037 2078 cium
1050 2050 1079 2078 in
1087 2050 1156 2079 urbe
1162 2049 1332 2078 Hierusalem
1347 2053 1414 2077 tunc
1427 2048 1595 2084 aceeptabile
1610 2048 1666 2076 Deo
1682 2048 1750 2076 fuit:

962 2097 1018 2125 imo
1032 2101 1137 2130 contra,
1159 2099 1285 2124 cessante
1302 2095 1377 2123 omni
1399 2094 1549 2124 secundum
1572 2095 1658 2130 legem
1678 2095 1751 2129 apud

962 2140 1132 2170 Hierusalem
1154 2141 1302 2172 sacriﬁcio.
1316 2140 1381 2176 quia
1400 2140 1482 2168 simul
1496 2147 1559 2168 cum
1574 2139 1627 2167 loci
1644 2147 1753 2175 posscs-

963 2187 1042 2214 sione
1054 2185 1163 2217 desivit.
1173 2185 1279 2214 exstitit
1291 2185 1416 2220 posthinc
1428 2184 1592 2213 sacriﬁcium
1600 2183 1750 2212 inauditum

964 2234 1047 2267 atque
1057 2230 1200 2263 rationale.
1211 2230 1284 2266 quod
1292 2230 1330 2259 ob
1343 2230 1501 2258 memoriam
1514 2227 1651 2264 passionis
1663 2227 1752 2256 Domi-

964 2276 1034 2303 nicaa
1051 2282 1084 2303 ac
1104 2275 1328 2308 resurrectionis,
1349 2283 1404 2303 non
1429 2275 1456 2302 in
1483 2275 1550 2302 urbe
1569 2273 1750 2304 Hierusalem.

963 2320 1012 2348 sed
1029 2320 1131 2355 ubique
1144 2325 1280 2348 terrarum
1300 2323 1435 2356 quotquot
1459 2320 1628 2347 credidimus
1648 2319 1753 2355 pariter

963 2366 1220 2395 oll'crimusutlrede
1227 2366 1299 2394 enim
1308 2367 1385 2398 mihi,
1411 2366 1511 2401 inquit.
1543 2373 1560 2393 o
1570 2365 1677 2398 mulier,
1686 2366 1751 2400 quia

963 2413 1038 2442 venit
1052 2414 1129 2446 hora.
1138 2412 1249 2448 quando
1259 2420 1348 2447 neque
1359 2411 1554 2447 Hierosolymis
1569 2419 1659 2447 neque
1671 2412 1698 2439 in
1709 2411 1751 2439 lo-

963 2467 997 2487 co
1010 2459 1063 2487 isto
1075 2459 1223 2487 adorabitis
1234 2458 1341 2486 Patrem
1348 2459 1381 2485 ".
1389 2457 1506 2494 illeique
1513 2465 1625 2486 causam
1635 2458 1730 2486 dicens
1741 2467 1749 2485 :

965 2633 1043 2668 quasi
1067 2631 1273 2667 ιουδαιόφρονα.
1293 2635 1416 2668 veterum
1441 2629 1657 2668 criminationes:
1681 2630 1749 2668 Cum

961 2662 1280 2704 praedicatorum'autcni.
1291 2665 1461 2704 aliorumque
1471 2662 1583 2704 Patrum
1594 2664 1749 2704 Christiana

962 2699 1050 2738 inagis
1077 2701 1219 2738 praesentis
1245 2701 1298 2728 loci
1330 2699 1555 2734 interpretatione
1586 2702 1748 2729 recentiores

963 2738 1045 2766 etiam
1060 2737 1148 2764 critici
1164 2743 1219 2762 uno
1235 2744 1284 2763 ore
1299 2737 1462 2762 consonant.

1001 2772 1057 2804 (Tt)
1079 2771 1218 2798 Rationale
1238 2770 1413 2804 sacriﬁcium.
1435 2768 1461 2796 id
1478 2773 1535 2801 est.
1555 2768 1656 2804 absque
1667 2772 1753 2804 matr--

966 2802 1031 2844 Hall
1042 2802 1161 2844 victjni_a_.
1181 2805 1284 2844 confer
1295 2802 1385 2844 tamen
1404 2802 1754 2844 quaz_no§nadn'ot.1\'inilxs

962 2847 981 2869 t.
1000 2841 1044 2874 Vl,
1068 2841 1101 2868 ad
1122 2840 1258 2868 Theodori
1272 2836 1437 2867 Andidcnsis
1463 2838 1502 2866 De
1519 2836 1570 2865 SS.
1603 2838 1681 2864 missa
1696 2842 1752 2863 tra-

963 2882 1074 2910 ctatum.
1090 2884 1115 2912 ι).
1133 2876 1194 2904 558.
1339 2877 1347 2883 ‘
