1966 3069
216 148 268 176 623

796 156 975 186 THEUDORI
994 157 1108 186 MOPSU
1114 157 1236 185 ESTENI

1799 146 1847 175 (ill

216 220 225 235 ι
237 209 384 245 Spiritus,»
396 210 509 246 inquit,t
521 211 593 239 Deus
600 215 653 243 est.
662 215 690 240 et
698 219 745 240 eos
754 213 800 248 qui
810 213 925 241 adorant
934 221 1008 245 eum,

1064 214 1221 241 δεσποτικοῦ
1234 214 1280 241 καὶ
1295 214 1340 250 τῆς
1358 213 1462 241 ἐκεῖθεν
1478 213 1663 246 ἀναστάσεως,
1681 213 1731 241 οὐκ
1754 214 1783 241 ὲν
1803 211 1850 241 Ἰε-

214 255 242 282 in
262 254 361 290 spiritu
382 261 414 281 ac
436 256 549 283 veritate
572 260 681 291 oportet
704 256 835 285 adorare:
853 265 915 284 natn
931 257 1011 285 Pater

212 300 283 328 tales
297 301 395 336 quaerit
411 300 458 336 qui
476 301 590 329 adorent
604 303 715 330 eum“:
731 313 740 329 ι
755 304 899 332 manifeste
916 308 1009 332 osten-

213 347 292 380 dens,
309 355 339 375 se
356 347 418 375 illos
433 347 545 382 quidem
561 348 733 384 repudiasse,
748 350 795 385 qui
813 349 886 377 intra
910 349 1010 377 Hieru-

213 393 298 420 salem
308 400 339 420 ac
349 392 502 421 Samariam
522 393 570 421 Dei
586 395 774 422 adorationem
792 395 1007 424 circumscribe-

213 439 414 473 bant;plurimi
425 443 518 467 autem
534 439 684 468 facercltos
708 441 832 469 veritatis
851 445 1006 475 amatores,

213 485 260 519 qui
287 484 392 520 ubique
413 490 548 513 terrarum
567 485 681 520 perinde
705 485 823 513 oﬂ'erunt
843 485 1007 514 sacriﬁcium

214 531 331 558 creatori
348 531 468 558 omnium
485 530 541 559 Deo
556 531 656 566 ubique
668 532 771 566 pariter
784 533 923 567 praesenti.

1064 259 1214 295 ρουσαλὴμ,
1227 259 1295 286 ἀλλὰ
1307 259 1445 294 πανταχοῦ
1460 260 1512 295 γῆς
1527 261 1551 287 ot
1567 261 1778 292 πεπιστευκότες
1793 261 1851 286 επι-

1060 304 1190 340 τελοῦμεν
1201 305 1310 340 δμοέως”
1323 314 1332 331 ι
1346 305 1462 331 Πίστευε
1476 305 1532 340 γάρ
1546 314 1601 341 μοι,
1614 314 1624 331 ι
1636 306 1729 342 φησὶν,
1743 315 1752 331 ι
1763 306 1850 340 γύναι,

1059 350 1100 377 ὅτι
1113 350 1225 386 ἔρχεται
1238 351 1298 387 ὥρα
1309 351 1353 377 ὅτε
1367 350 1429 377 οὗτε
1441 351 1469 378 ὲν
1487 351 1683 387 Ἰεροσολύμοις
1695 351 1758 378 οὔτε
1775 353 1803 378 ὲν
1813 353 1851 387 τῷ

1059 395 1133 430 τόπῳ
1147 395 1235 431 τούτῳ
1251 396 1457 431 προσκυνήσετε
1471 396 1510 431 τῷ
1529 397 1632 432 Πατρί·
1649 406 1659 423 ο
1682 396 1729 424 καὶ
1747 397 1797 433 τὴν
1809 399 1850 424 αἱ·-

1058 441 1118 467 τίαν
1131 441 1230 475 λέγων,
1253 450 1263 467 ι
1282 441 1394 477 Πνεῦμα
1406 443 1421 469 ὁ
1433 442 1509 474 Θεὸς,
1523 442 1571 469 καὶ
1583 443 1647 474 τοὺς
1666 443 1850 478 προσκυνοῦν-

1061 496 1111 519 τας
1126 487 1218 518 αὑτὸν,
1233 487 1261 513 ὲν
1276 487 1412 523 πνεύματι
1428 488 1476 514 καὶ
1488 487 1604 524 ἀληθείᾳ
1619 488 1659 515 δεῖ
1672 490 1848 524 προσκυνεῖν·

1061 532 1109 559 καὶ
1120 531 1173 568 γὰρ
1184 533 1198 559 ό
1211 532 1306 568 Πατὴρ
1318 533 1457 565 τοιούτους
1467 532 1544 568 ζητεί
1553 534 1616 565 τοὺς
1630 534 1851 568 προσκυνοῦντας

214 578 310 604 αὐτόν·
326 588 335 604 ι
353 578 446 614 σαφῶς
463 578 569 610 δεικνὺς
583 580 624 606 ὅτι
638 579 758 612 ἐκείνους
775 579 823 615 μὲν
850 580 1042 615 ἀπεπέμψατο,
1060 580 1122 612 τοὺς
1135 581 1169 615 τῇ
1205 579 1383 616 Ἰερουσαλὴμ
1415 581 1464 607 καὶ
1491 581 1524 616 τῇ
1558 580 1700 616 Σαμαρείᾳ
1720 582 1850 617 περιτρά-

215 634 313 660 φοντας
328 626 378 661 τὴν
401 626 585 662 προσκύνησιν
607 627 658 662 τὴν
681 626 766 655 θείαν.
794 627 858 661 περὶ
881 626 978 653 πολλοῦ
1010 627 1039 653 δὲ
1063 627 1180 653 ποιεῖται
1207 625 1320 658 τούτους
1348 626 1411 658 τοὺς
1439 626 1558 661 ἐραστὰς
1583 625 1632 661 τὴς
1655 626 1795 662 ἀληθείας.
1826 627 1850 653 οἳ

215 671 352 706 πανταχοῦ
366 671 418 706 γῆς
428 671 527 707 ὁμοίως
542 672 708 706 προσάγουσι
720 671 769 707 τὴν
784 671 879 698 θυσίαν
890 672 929 706 τῷ
940 672 994 698 τῶν
1006 672 1135 699 ἁπάντων
1147 672 1248 707 ποιητῇ
1271 671 1341 707 Θεῷ.
1355 672 1403 698 καὶ
1414 671 1551 707 πανταχοῦ
1565 680 1597 705 τε
1610 672 1727 707 παρόντι
1741 673 1850 707 ὁμοίως.

250 715 443 744 Verumtamen
465 716 659 744 convenienter
688 716 746 744 luec
772 716 1006 744 Macchabaeorum

216 762 333 798 tempori
348 761 420 789 dicta
435 761 559 795 fuerunt;
575 769 630 797 quo
645 768 708 788 cum
729 761 812 797 383
834 762 951 797 plurima
964 770 1008 790 es-

216 812 277 836 sent
290 813 346 835 tum
361 815 456 843 eorum
478 808 526 843 qui
550 807 706 835 sacerdotio
728 807 804 843 fungi
826 808 1006 841 videbantur,

216 860 274 882 tum
288 855 369 883 etiam
383 854 475 890 populi
494 858 626 890 peccata,
652 854 754 889 obiecit
775 862 823 882 eos
842 854 914 882 Deus
935 854 1007 882 bello

216 900 399 928 Macedoniae
414 900 610 933 successionis,
626 907 642 926 a
655 899 757 935 quibus
775 900 900 934 plurimis
918 900 1008 935 impli-

215 947 263 974 citi
285 946 394 974 fuerunt
410 946 551 974 aerumnis.
569 945 623 974 Sed
637 945 708 973 Juda
722 945 874 974 Maccabaso
895 946 1007 974 tutelam

215 993 315 1020 divinae
328 992 396 1027 legis
415 997 542 1028 gerente,
565 992 724 1027 bellumque
749 999 799 1027 pro
820 999 852 1019 ea
875 992 1008 1020 adversus

215 1038 404 1066 Macedonicos
427 1045 506 1073 reges
529 1037 712 1072 suscipiente,
743 1038 828 1064 nmlta
858 1038 885 1065 in
910 1038 1008 1064 melius

216 1083 360 1110 conversio
369 1083 504 1110 universa!
517 1084 607 1118 gentis
623 1082 695 1110 facta
709 1086 764 1112 est.
780 1082 847 1110 Nam
864 1083 910 1111 Dei
930 1083 1008 1110 auxi-

215 1128 281 1156 lium
309 1128 381 1156 nacti
405 1127 578 1159 Haecbabaai,
590 1133 618 1156 et
637 1136 715 1164 reges
739 1128 960 1161 debellaverunt,
981 1133 1008 1156 et

216 1173 348 1205 improbis
362 1174 470 1202 illorum
486 1175 621 1203 ministris
635 1175 754 1210 punitis,
776 1174 867 1203 ordini
890 1182 922 1202 ac
945 1182 1008 1210 pro-

216 1220 341 1254 speritati
356 1224 464 1256 gentem
477 1224 561 1248 totam
571 1221 771 1249 restituerunt:
786 1221 824 1248 ita
837 1225 899 1248 utet
909 1221 1008 1248 divina:

217 1266 290 1301 leges
305 1266 377 1301 apud
389 1274 449 1294 eam
472 1267 666 1301 praevalerent,
686 1271 714 1295 et
735 1267 826 1294 omnis
850 1271 930 1294 antea
955 1266 1008 1294 late

216 1319 346 1347 grassatus
363 1312 494 1348 iniquitas
509 1313 706 1348 expelleretur:
730 1313 915 1341 sacerdotium
931 1312 1007 1340 deni-

217 1365 271 1392 que
292 1361 320 1385 ct
347 1365 428 1385 omne
446 1358 529 1392 bujus
548 1359 688 1394 proprium
706 1359 892 1387 ministerium
914 1358 1008 1386 debito

217 1403 272 1429 ritu
283 1406 457 1430 tractaretur.
471 1403 549 1436 Quod
560 1404 624 1432 item
635 1404 732 1432 beatus
745 1403 894 1431 Zacharias
909 1403 937 1430 in
949 1403 1008 1431 suis

217 1447 380 1483 signiﬁcavit
394 1449 578 1477 sermonibus.
599 1449 656 1477 Hoc
673 1450 765 1485 itaque
778 1456 852 1477 nunc
864 1450 947 1477 etiam
964 1449 1008 1476 di~

217 1494 272 1526 cit,
295 1501 394 1529 nempe
415 1494 550 1527 Quoniam
563 1495 697 1530 judicium
716 1495 877 1530 postulatis.
901 1499 1008 1530 tempus

1101 717 1303 752 ’Λρμοττόντως
1314 717 1342 743 δὲ
1353 716 1439 743 ταῦτα
1449 717 1488 752 τῷ
1501 717 1572 744 κατὰ
1584 718 1648 749 τοὺς
1658 718 1855 751 Μακκαϐαίους

1060 763 1167 797 εἴρηται
1182 761 1288 798 καιρῷ,
1305 762 1350 789 ὅτε
1366 762 1496 799 πλείστης
1509 763 1592 798 ὅσης,
1614 763 1689 798 παρά
1703 772 1732 790 τε
1749 764 1803 790 τῶν
1816 764 1849 790 ιε-

1063 807 1186 842 ρατεύειν
1198 807 1358 840 δοκούντων,
1376 808 1423 835 καὶ
1439 808 1515 844 παρὰ
1532 809 1586 835 τῶν
1599 808 1646 835 τοῦ
1663 808 1729 835 λαοῦ
1743 810 1852 845 γινομέ.

1061 861 1110 889 νης
1127 853 1178 888 τῆς
1197 853 1397 889 πλημμελείας,
1417 853 1561 889 παρέδωκε
1577 854 1628 889 μὲν
1642 854 1742 886 αὐτοὺς
1757 855 1772 881 ὁ
1789 854 1854 887 Θεὸς

1059 898 1098 933 τῷ
1113 898 1223 934 πολέμῳ
1243 899 1297 926 τῶν
1319 900 1352 926 ὲκ
1372 899 1422 934 τῆς
1444 900 1634 935 Μακεδονικῆς
1656 899 1852 935 βασιλευόντων

1058 943 1195 979 διαδοχῆς,
1209 945 1254 980 ὑφ’
1266 941 1304 971 ὧν
1313 945 1346 980 δὴ
1360 945 1499 977 πλείστοις
1509 945 1731 982 περιεσλήθησαν
1743 947 1850 978 κακοτς’

1058 989 1112 1016 τῶν
1127 989 1155 1016 δὲ
1169 990 1233 1026 περὶ
1248 990 1294 1017 τὸν
1309 990 1490 1019 Μακκαὸαῖον
1511 991 1612 1018 Ἰούδαν
1625 991 1672 1018 τοῦ
1688 992 1772 1027 νόμου
1789 1000 1853 1028 προ-

1060 1035 1179 1062 στάντων
1205 1035 1252 1062 τοῦ
1279 1036 1368 1069 θείου,
1393 1037 1442 1063 καὶ
1465 1037 1510 1064 τὸν
1536 1037 1606 1073 ὑπὲρ
1630 1038 1713 1064 αὑτοῦ
1737 1038 1854 1072 πόλεμον

1058 1081 1265 1117 ἀναδεξαμένων
1277 1081 1346 1118 πρὸς
1361 1083 1424 1115 τοὺς
1441 1083 1501 1110 τότε
1517 1083 1711 1118 βασιλεύοντας
1725 1085 1781 1111 τῶν
1795 1083 1853 1112 Ma-

1058 1126 1184 1160 κεδόνων,
1199 1127 1282 1164 πολλή
1298 1136 1340 1159 τις
1357 1129 1404 1155 ἐπὶ
1428 1128 1460 1155 τὸ
1483 1130 1608 1165 κρεῖττον
1633 1130 1769 1166 μεταϐολὴ
1791 1131 1853 1166 περὶ

1059 1173 1131 1200 ἅπαν
1145 1173 1240 1208 γέγονε
1256 1173 1287 1201 τὸ
1312 1173 1390 1207 ἔθνος
1403 1183 1411 1190 ο
1435 1176 1617 1211 τετυχηκότες
1634 1176 1690 1212 γὰρ
1713 1176 1763 1212 τῆς
1781 1176 1854 1209 θιίας

1059 1219 1145 1254 ῥοπῆς
1167 1220 1192 1246 oi.
1217 1220 1393 1247 Maxuéai’ot
1415 1221 1480 1253 τούς
1502 1230 1532 1248 τι
1555 1221 1685 1257 βασιλέας
1701 1221 1855 1257 κατηγωνὶ-

1059 1272 1150 1296 σαντο,
1167 1265 1215 1291 καὶ
1228 1265 1292 1297 τοὺς
1306 1265 1373 1301 παρ’
1388 1266 1481 1298 αὐτοῖς
1495 1266 1550 1294 τῶν
1567 1267 1713 1303 μοχθηρῶν
1727 1277 1850 1304 τιμωρη-

1059 1309 1182 1344 σάμενοι,
1205 1311 1244 1345 (p.
1257 1311 1320 1346 56$)
1348 1312 1378 1338 ἐν
1401 1312 1550 1348 εὐπαθείᾳ
1564 1321 1594 1340 τε
1611 1315 1660 1340 καὶ
1674 1314 1809 1350 εὐκοσμίᾳ
1823 1314 1853 1340 τὸ

1059 1355 1135 1387 ἑθνος
1148 1356 1222 1384 ἂπαν
1238 1358 1448 1393 παρεσκεύασαν
1465 1356 1535 1386 εἶναι
1548 1365 1556 1373 '
1583 1359 1654 1386 ὥστε
1671 1360 1718 1386 καὶ
1733 1361 1798 1392 τοὺς
1811 1360 1855 1387 νό-

1060 1409 1126 1436 μους
1136 1403 1200 1434 τοὺς
1211 1403 1300 1436 θείους
1311 1406 1421 1440 κρατεῖν
1434 1407 1498 1440 παρ’
1515 1406 1618 1438 αὐτοῖς,
1634 1407 1810 1442 παρανομίαν
1822 1415 1850 1433 τε

1060 1448 1152 1475 πᾶσαν
1167 1449 1197 1482 ἐξ
1213 1449 1303 1477 αὐτῶν
1328 1450 1497 1485 ἀπελαθῆναι
1519 1451 1653 1487 πρότερον
1678 1452 1832 1487 κρατοῦσαν
1843 1459 1851 1466 ·

1059 1493 1107 1520 καὶ
1118 1493 1150 1530 δὴ
1165 1495 1212 1521 καὶ
1226 1495 1275 1530 τὴν
1293 1496 1443 1532 ἱερωσύνην
1459 1497 1550 1524 πᾶσάν
1563 1505 1594 1523 τι
1606 1497 1656 1532 τὴν
1668 1497 1757 1533 ταύτῃ
1771 1497 1852 1532 καθή-

217 1540 306 1568 aderit
320 1548 382 1568 cum
402 1545 493 1569 vestra
507 1545 618 1576 peccata
641 1542 764 1577 puniam,
779 1549 884 1578 vosque
900 1541 996 1569 mode-

1064 1547 1160 1567 κουσαν
1184 1540 1355 1576 λειτουργίαν
1371 1541 1441 1577 μετὰ
1459 1542 1507 1568 τοῦ
1531 1543 1717 1578 προσήκοντος
1734 1543 1852 1570 ἐκτελεῖ-

218 1586 318 1614 stiores
333 1586 403 1614 mala
414 1586 561 1621 inﬂigendo
573 1586 699 1620 eﬂiciam,
710 1592 738 1615 et
751 1587 830 1623 quasi
845 1587 1008 1615 conﬂatorio

218 1640 234 1660 a
246 1632 369 1669 pristinis
381 1633 501 1668 peccatis
516 1640 646 1668 purgans,
662 1633 828 1669 comparabo
842 1641 892 1661 vos
905 1634 938 1661 ad
948 1640 1009 1661 om-

218 1678 294 1706 nium
319 1677 374 1706 Deo
398 1682 537 1714 gratorum
563 1678 716 1706 olIiciorutn
738 1679 956 1711 observantiam,
981 1683 1009 1706 et

219 1722 331 1758 quidem
345 1722 426 1750 etiam
446 1723 478 1750 ad
496 1723 596 1759 placita
622 1723 677 1751 Deo
698 1724 834 1751 sacriﬁcia
857 1723 1007 1751 otl‘erenda.

219 1768 325 1802 Quibus
340 1769 523 1801 subnectens,
545 1770 676 1804 quoniam
691 1769 844 1805 inﬂigenda:
869 1770 902 1797 iis
922 1777 1010 1804 pirum

187 1814 193 1818 “
219 1815 364 1843 utilitatem
377 1819 546 1847 narraverat,
556 1815 747 1850 pt-rlectiorem
761 1823 791 1843 se
804 1815 838 1843 iis
847 1819 1010 1843 curaturum

218 1860 452 1893 emendationem,
463 1860 498 1888 ita
513 1860 578 1888 dicit
593 1869 599 1887 :

1062 1585 1144 1614 σθαι·
1170 1587 1240 1623 ὅπερ
1260 1585 1306 1615 οὖν
1321 1588 1369 1615 καὶ
1384 1589 1399 1615 ὁ
1422 1588 1556 1624 μακάριος
1583 1589 1723 1624 Ζαχαρίας
1746 1589 1777 1616 ὲν
1799 1589 1854 1620 τοῖς

1062 1632 1160 1659 ἑαυτοῦ
1184 1633 1317 1669 δεδήλωκε
1347 1633 1438 1668 λόγοις
1451 1642 1459 1649 ·
1491 1633 1571 1661 τοῦτο
1602 1635 1691 1661 τοίνυν
1715 1634 1856 1662 κάνταῦθά

1064 1687 1158 1713 φησιν,
1187 1679 1228 1705 ὅτι
1274 1679 1382 1715 Ἐπειδὴ
1409 1680 1459 1716 τὴν
1482 1680 1591 1707 δικαίαν
1614 1680 1721 1715 ζητεῖτε
1753 1681 1854 1716 κρίσιν,

1063 1724 1140 1752 ἔσται
1156 1725 1252 1761 καιρὸς
1276 1726 1394 1761 ὁπηνίκα
1417 1726 1610 1762 τιμωρήσομαι
1635 1727 1686 1762 μὲν
1711 1727 1791 1762 ὑμῶν
1805 1725 1854 1757 τὰς

1063 1769 1261 1805 πλημμελείας.
1278 1771 1515 1807 σωφρονεστέρους
1530 1771 1561 1798 δὲ
1577 1771 1649 1806 ὑμᾶς
1665 1771 1710 1798 διὰ
1725 1771 1782 1798 τῶν
1795 1772 1854 1797 ἑπι-

1063 1814 1213 1850 γινομένων
1241 1817 1428 1852 ἐργασάμενος
1457 1816 1572 1850 κακῶν,
1597 1817 1645 1844 καὶ
1676 1817 1774 1853 ὥσπερ
1803 1818 1855 1844 τινὶ

1063 1861 1163 1896 χωνείᾳ
1187 1862 1240 1889 τῶν
1266 1863 1389 1889 παλαιῶν
1417 1863 1574 1899 ὲκκαθῄρας
1598 1863 1855 1900 πλημμελημάτων,

219 1908 423 1944 παρασκευάσω
436 1908 468 1944 δὴ
487 1909 596 1936 πάντων
617 1917 647 1936 τε
670 1907 858 1944 ἐπιμελεῖσθαι
878 1907 935 1934 τῶν
968 1907 1028 1943 Θεῷ
1047 1907 1206 1942 δοκούντων,
1230 1910 1276 1937 καὶ
1290 1910 1323 1946 δὴ
1338 1910 1385 1937 καὶ
1397 1912 1446 1946 τὴν
1477 1911 1532 1937 τῶν
1549 1909 1649 1937 θυσιῶν
1670 1911 1855 1947 προσκομιδὴν

220 1954 391 1990 ἀρεσκόντως
412 1954 547 1981 ποιεῖσθαι
569 1954 647 1990 Θεῷ·
673 1952 714 1987 οἷς
737 1954 893 1986 ἀκολούθως
913 1954 1008 1990 ἐπειδὴ
1027 1955 1078 1989 τῆς
1091 1955 1318 1992 ὲπαχθησομένης
1337 1957 1429 1989 αὐτοῖς
1451 1956 1512 1983 τότε
1543 1957 1680 1994 τιμωρίας
1713 1958 1747 1985 τὸ
1762 1958 1855 1994 κέρδος

221 2000 285 2035 levi,
318 2000 356 2032 ὡς
371 1999 405 2027 ἃν
419 1999 611 2037 ἐντελεστέραν
643 2001 814 2037 προσαγάγοι
836 2002 893 2033 τοῖς
912 2000 1043 2028 ἀκούουσι
1062 2000 1112 2036 τὴν
1126 2001 1279 2038 διόρθωσιν,
1295 2002 1368 2029 οὕτω
1381 2002 1464 2037 φησιν
1474 2010 1481 2017 ·

258 2045 341 2074 Vm.
358 2046 419 2074 5-7.
432 2062 466 2068 —
482 2056 492 2073 ι
513 2047 547 2074 Et
564 2048 694 2076 accedam
710 2048 743 2076 ad
758 2056 808 2077 vos
824 2048 851 2075 in
865 2048 982 2083 judicio.
999 2056 1010 2073 ι

221 2091 251 2119 Id
261 2096 317 2123 est,
327 2089 403 2119 vobis
412 2093 549 2128 apparebo
557 2098 647 2122 vestra
662 2101 746 2129 opera
755 2093 941 2129 iudicaturus.
957 2103 967 2119 ο
979 2092 1013 2119 Et

221 2146 271 2168 ero
289 2139 368 2169 testis
388 2139 467 2168 velox
484 2148 567 2176 super
587 2142 742 2174 veneﬁcos,
759 2145 787 2169 et
803 2149 887 2176 super
903 2141 1012 2169 adulte-

223 2194 284 2219 ras,
304 2190 332 2214 et
351 2193 434 2221 super
449 2186 577 2221 jurantes
594 2187 621 2214 in
642 2187 752 2214 nomine
771 2194 833 2215 meo
851 2194 915 2214 cum
931 2194 1011 2215 men—

1101 2047 1176 2084 Στίχ.
1187 2048 1253 2080 ε’-ζ⁷.
1267 2064 1302 2070 -
1316 2058 1327 2075 ι
1344 2050 1399 2075 Καὶ
1421 2048 1638 2084 προσολεύσομαι
1656 2049 1725 2086 πρὸς
1741 2050 1814 2086 ὑμᾶς
1827 2050 1856 2076 ἐν

1066 2094 1172 2129 κρίσει-
1191 2103 1201 2120 ι
1219 2094 1280 2121 ἀντὶ
1299 2094 1358 2126 τοῦ,
1376 2094 1514 2130 ⁴Ινανοῦμιαι
1539 2095 1569 2121 ὲν
1587 2095 1651 2130 ὑμῖν
1672 2095 1734 2121 τότε
1756 2095 1857 2131 κρίνων

1065 2139 1122 2171 τοῖς
1138 2140 1204 2175 παρ’
1218 2139 1295 2174 ὑμῶν
1315 2139 1521 2175 πραττομένοις.
1536 2148 1547 2166 ι
1563 2139 1619 2166 Καὶ
1640 2139 1738 2175 ἔσομαι
1752 2140 1855 2175 μάρτυς

1064 2184 1149 2219 ταχὺς
1164 2183 1212 2210 ἐπὶ
1225 2185 1288 2216 τοὺς
1301 2184 1472 2219 φαρμακοὺς,
1488 2184 1536 2210 καὶ
1557 2183 1604 2210 ἐπὶ
1621 2183 1670 2216 τὰς
1687 2184 1855 2220 μοιχαλίδας,

226 2231 308 2260 dacio
319 2251 327 2264 ,
343 2235 371 2260 et
388 2240 472 2267 super
486 2232 644 2260 fraudantes
658 2232 812 2260 mercedem
829 2233 1009 2267 mercenarii,

1065 2230 1113 2257 καὶ
1127 2230 1175 2256 ἐπὶ
1196 2230 1259 2262 τοὺς
1277 2229 1426 2265 ὀμνύοντας
1440 2228 1480 2264 τῷ
1495 2229 1608 2264 ὀνόματί
1627 2237 1679 2264 μου
1693 2229 1741 2256 ἐπὶ
1751 2228 1855 2264 ψεύδει,

224 2282 253 2306 et
274 2277 420 2305 viduarum
444 2285 643 2313 oppressores,
659 2281 687 2305 et
709 2278 895 2313 orphanorum
917 2278 1014 2306 verbe-

225 2326 351 2356 ratores,
374 2327 403 2352 et
421 2324 469 2359 qui
492 2327 655 2359 pervertunt
678 2323 814 2359 judicium
838 2324 967 2357 advenae,
986 2328 1014 2352 et

225 2369 272 2404 qui
296 2376 340 2398 me
363 2377 418 2397 non
445 2369 560 2402 timent,
576 2369 644 2397 dicit
659 2369 790 2398 Dominus
802 2370 1012 2405 omnipotens.»

225 2413 277 2443 Bis
298 2415 391 2444 verbis
413 2415 544 2443 nimirum
566 2415 689 2444 ostendit
709 2419 777 2451 quot
791 2419 1013 2451 quantarumque

226 2465 396 2496 patratarum
425 2462 602 2498 iniquitatum
628 2469 726 2497 pinnas
748 2461 838 2490 daturi
863 2462 929 2490 sint.
952 2462 1013 2489 lam

226 2507 392 2535 locutionem
409 2507 493 2543 384
516 2508 618 2537 «Testis
630 2508 720 2537 velox»
732 2507 798 2536 dicit
809 2514 866 2543 pro,
891 2506 1013 2535 Celerem

159 2568 163 2573 -
205 2569 211 2594 ι
227 2559 336 2587 pinnam
358 2553 493 2581 adducam
504 2572 513 2585 ,
529 2554 631 2589 quippe
644 2553 693 2588 qui
708 2557 799 2581 vestra
816 2552 910 2581 omnia
931 2560 1015 2580 accu-

226 2601 287 2625 rate
299 2598 378 2626 scio:
395 2602 422 2626 et
444 2599 577 2628 adversus
594 2599 708 2627 omnino
729 2603 862 2633 cunctos,
879 2603 1013 2635 quotquot

226 2643 331 2676 libere,
347 2643 452 2672 omisso
475 2644 574 2674 timore
596 2652 676 2678 meo,
704 2644 834 2680 nequitiae
857 2644 1014 2679 adhaerent,

228 2689 300 2717 hanc
315 2696 424 2726 penam
440 2690 571 2719 indicant.
592 2690 655 2720 Mox
669 2691 763 2719 addit:
778 2700 787 2717 ι
804 2690 874 2725 Quia
895 2697 947 2726 ego
959 2689 1015 2717 Do-

227 2735 323 2763 minus
335 2735 408 2764 Deus
424 2741 523 2769 vester,
536 2742 564 2767 et
578 2745 634 2766 non
649 2738 791 2766 immutor.
814 2738 849 2765 Et
872 2744 921 2765 vos
931 2756 939 2770 ,
966 2735 1015 2764 tilii

226 2779 313 2809 Iacob
323 2803 330 2812 .
347 2789 402 2810 non
414 2783 542 2812 reCcditis
556 2791 572 2812 a
587 2785 708 2820 peccatis
722 2789 830 2820 patrum
844 2788 997 2812 vestrorum
1007 2802 1016 2818 ,

263 2869 287 2887 "
297 2868 376 2899 Joan.
390 2877 427 2904 Iv,
440 2871 487 2900 25.

1066 2276 1115 2303 καὶ
1136 2276 1184 2302 ὲπὶ
1201 2276 1264 2308 τοὺς
1284 2275 1502 2310 ἀποστεροῦντας
1528 2274 1623 2310 μισθὸν
1643 2274 1793 2309 μισθωτοῦ,
1810 2274 1856 2302 καὶ

1067 2321 1347 2353 καταδυναστεύοντας
1363 2321 1461 2357 χήρας,
1478 2320 1526 2348 καὶ
1549 2320 1757 2352 κονδυλίζοντας
1770 2320 1855 2355 ὀρφα-

1067 2367 1139 2400 νοὺς,
1156 2367 1204 2394 καὶ
1227 2367 1291 2398 τοὺς
1308 2366 1481 2398 ἑκκλίνοντας
1500 2365 1592 2401 κρίσιν
1612 2365 1797 2401 προσηλύτου,
1811 2364 1859 2391 καὶ

1066 2414 1130 2445 τοὺς
1159 2413 1197 2449 μὴ
1224 2412 1406 2448 φοϐουμένους
1433 2420 1482 2448 με,
1501 2412 1539 2447 (p.
1565 2411 1629 2447 565)
1657 2411 1732 2446 λέγει
1758 2411 1858 2446 Κύριος

1066 2459 1274 2495 παντοκράτωρ.
1294 2468 1304 2484 ι
1324 2459 1436 2490 Δεικνὺς
1463 2458 1508 2485 διὰ
1530 2457 1632 2485 τούτων
1656 2458 1728 2493 ὑπὲρ
1751 2457 1858 2484 ὁπόσων

1065 2501 1103 2532 ὧν
1117 2505 1327 2540 διαπράττονται
1342 2503 1403 2530 τότε
1418 2503 1511 2530 κακῶν
1529 2503 1645 2530 δώσουσι
1666 2502 1756 2534 δίκας.
1777 2501 1814 2528 To
1830 2499 1858 2527 8}

1069 2562 1079 2579 ι
1102 2551 1206 2588 μάρτυς
1231 2550 1326 2585 ταχὺς.
1343 2558 1353 2575 ι
1369 2549 1414 2576 ἶνα
1439 2549 1515 2584 sit“.
1545 2547 1651 2581 Ὁξείαν
1678 2549 1792 2583 ἐπάγων
1811 2547 1858 2583 τὴν

1066 2597 1212 2633 τιμωρίαν,
1223 2595 1260 2628 ὡς
1272 2595 1306 2622 ἂν
1323 2595 1444 2632 ἀκριϐῶς
1458 2595 1492 2623 τὰ
1507 2594 1567 2622 καθ’
1580 2595 1653 2630 ὑμᾶς
1666 2595 1856 2628 ἐπιστάμενος.

1075 2643 1137 2670 Ἐπὶ
1149 2641 1252 2673 πάντας
1267 2640 1300 2676 δὴ
1312 2640 1433 2674 τούτους,
1449 2640 1541 2676 φησὶν,
1557 2640 1606 2667 καὶ
1623 2639 1753 2672 καθάπαξ
1769 2639 1798 2666 δὲ
1818 2637 1858 2672 ἐφ’

1069 2688 1192 2719 ἃπαντας
1205 2688 1262 2715 ἶσοι
1272 2685 1319 2713 τοῦ
1330 2685 1413 2721 φόὸου
1423 2685 1641 2721 καταμελοῦντες
1657 2684 1705 2712 τοῦ
1719 2683 1789 2720 ἐμοῦ
1805 2683 1859 2713 τοῖς

1070 2734 1190 2770 χείροσιν
1204 2732 1289 2764 ἀδεῶς
1302 2732 1503 2768 προστετήκασι
1524 2731 1653 2766 τοιαύτην
1669 2729 1763 2763 ἐπάξω
1777 2737 1859 2764 τιμω-

1072 2781 1144 2818 ρίαν.
1196 2778 1264 2809 Εἶτα
1286 2779 1398 2814 ἐπάγειο
1419 2787 1429 2806 ι
1445 2778 1517 2806 Διότι
1543 2777 1600 2814 ἐγὼ
1629 2777 1732 2814 Κύριος
1758 2777 1775 2804 ό
1795 2773 1860 2807 Θεὸς
