1966 3069
121 164 174 193 6ξὸ

597 167 873 198 COMMENTARIUS
889 169 923 198 ΙΝ
942 170 1132 200 MALACIILE
1153 172 1230 200 CAP.
1248 171 1293 200 lll.

1716 167 1767 194 625

126 225 215 261 ὑμῶν,
244 226 293 253 καὶ
317 227 367 253 οὐκ
391 226 559 263 ἡλλοίωμαι·
579 228 625 254 καὶ
651 228 729 263 ὑμεῖς
751 227 807 254 υἱοὶ
826 228 920 255 ἰακὼε

976 230 1139 259 declinastis
1162 239 1177 257 a
1201 229 1332 265 legitimis
1347 229 1432 262 meis.
1450 237 1501 257 nec
1522 237 1553 257 ea
1570 227 1742 256 custodistis.
1759 237 1769 254 ι

125 272 175 298 οὐκ
189 271 324 307 ἀπέχεσθε
335 272 390 299 ἀπὺ
400 272 453 299 τῶν
467 273 609 308 ἁμαρτιῶν
623 273 679 300 τῶν
693 273 821 309 πατέρων
836 273 923 309 ὑμῶν,

126 318 283 352 ἐξεκλίνατε
300 320 404 356 νόμιμά
419 329 480 356 μου,
497 320 545 347 καὶ
566 321 617 347 οὐκ
636 321 798 356 ἐφυλάξατε.
818 331 828 348 ι
854 321 925 356 Ἐγὼ

127 364 178 400 μὲν
192 365 247 400 γὰρ
268 365 349 397 αὑτός
378 366 435 401 εἰμι
457 366 573 393 πάντοτε
590 359 712 403 ἐμίαυτῷ,
728 368 776 394 καὶ
799 367 925 401 ἀνεξικα-

124 411 184 436 xciv
200 411 245 437 ὅτε
262 411 400 447 προσῆκεν
416 411 503 444 είδὼς,
521 412 567 440 καὶ
589 413 725 449 τιμωρίας
747 414 842 450 καιρὸν
865 415 924 441 ἐπι-

126 456 279 492 στάμενοςν
296 457 376 493 ὑμεῖς
391 457 420 484 δὲ
438 458 562 494 ἀκριϐεῖς
581 458 643 485 ὲστε
661 460 778 495 μιμηταὶ
796 459 851 487 τῶν
871 468 925 487 πα⁸

126 499 222 536 τρῴων
236 501 454 539 ἁμαρτημάτων,
469 501 668 539 παραπλησίως
682 503 808 537 ἐκεινοις,
822 503 878 532 τῶν
892 513 922 531 τε

977 275 1052 312 Ego,
1074 276 1179 311 inquit,
1200 283 1309 310 semper
1329 275 1396 302 mihi
1416 279 1532 308 consto,
1550 278 1578 302 et
1595 273 1771 309 quaudonam

976 322 1112 356 patienter
1138 321 1283 350 ferendum
1308 321 1344 349 sit
1368 321 1444 354 scio,
1465 325 1493 348 et
1512 320 1643 356 puniendi
1668 319 1773 355 pariter

976 371 1086 403 tempus
1101 368 1176 396 novi.
1197 367 1251 396 Vos
1267 375 1333 395 vero
1350 367 1450 395 sumtni
1467 367 1536 395 estis
1550 367 1704 394 imitatores
1719 373 1768 400 pa-

978 418 1118 442 ternorum
1136 418 1328 450 peccatorum,
1345 421 1423 449 teque
1438 421 1470 441 ac
1487 413 1526 441 illi
1542 413 1632 449 legum
1647 419 1769 440 mearum

971 459 1225 495 praevaricatores,
1244 467 1294 488 nec
1315 459 1350 487 de
1374 466 1469 487 earum
1493 458 1667 486 observantia
1691 456 1768 485 solli-

977 505 1045 539 citi;
1062 513 1144 541 quam
1161 506 1196 533 ob
1209 513 1267 533 rem
1281 505 1386 541 justam
1401 504 1544 541 patiemini
1562 503 1745 539 punitionem.

126 546 217 583 νόμων
242 547 426 583 ἐκτραπέντες
461 547 513 575 τῶν
550 547 636 583 ἐμῶν,
669 548 716 576 καὶ
738 549 787 584 τῆς
803 549 927 585 φυλακῆς
941 550 1032 578 αὐτῶν
1055 552 1149 579 οὐδένα
1170 552 1330 587 ποιούμενοι
1351 551 1441 586 λόγον,
1455 550 1526 586 ὑπὲρ
1543 546 1583 577 ὧν
1601 550 1635 585 δὴ
1655 549 1702 576 καὶ
1719 548 1770 584 τὴν

126 592 263 628 τιμωρίαν
276 591 386 625 δέξεσθε
400 592 519 621 δικαίαν.

162 638 238 674 Στίχ.
262 640 330 674 ιη’-ι’.
350 637 562 666 -Μεθίσταται
590 640 620 667 δέ
644 640 725 668 πάλιν
743 642 758 668 ὁ
781 642 923 677 προφήτης

124 683 171 719 ἐφ’
191 683 288 720 ἑτέραν
314 684 512 719 πλημμέλειαν,
533 685 567 720 ἠν
589 685 653 722 περί
673 695 703 713 τε
725 686 774 718 τὰς
796 687 924 723 ἀπαρχὰς

127 729 320 765 ἐπλημμέλουν
341 729 388 756 καὶ
414 730 465 762 τὰς
489 730 622 762 δεκάτας,
644 731 798 759 ἀποδιδόναι
822 732 924 764 ταύτας

128 776 200 804 κατά
216 775 265 812 τὴν
279 776 325 803 τοῦ
343 777 425 812 νόμον
443 776 565 810 διάταξιν
587 779 637 806 οὐχ
652 778 798 812 ἐθέλοντες,
816 790 825 806 ι
846 781 922 807 Ἐπι-

128 821 262 856 στρέψατε
280 821 348 857 πρός
362 830 406 857 με.
422 822 469 848 καὶ
492 823 734 859 ἐπιστραφήσομαι
757 825 826 861 πρὸς
840 825 922 860 ὑμᾶς,

124 866 201 901 λέγει
225 867 327 903 Κύριος
346 868 554 904 παντοκράτωρ.
576 879 585 894 ι
601 870 723 897 Νεύσατε
743 871 771 897 δὲ
794 871 862 906 πρός
878 880 922 906 με,

128 913 220 948 φησὶν,
240 913 279 944 ὡς
301 913 333 940 ἂν
353 913 487 940 ἀκόλουθα
510 915 574 950 ὑμῖν
588 915 734 951 ὑπάρξειεν
754 917 800 943 καὶ
811 917 845 944 τὰ
859 918 924 952 παρ’

127 957 207 993 ἐμοῦ.
233 966 244 984 t
271 957 321 985 Καὶ
349 959 466 991 εἴπατε,
505 960 549 986 Ἐν
583 960 635 988 τίνι
670 961 890 998 ἐπιστρέψομενς
912 971 921 989 t

128 1002 167 1037 (p.
182 1002 245 1037 566)
273 1003 352 1030 Ἀλλὰ
376 1004 431 1040 γάρ
443 1003 541 1037 οἴεσθε,
560 1006 637 1041 φησὶ,
654 1006 721 1041 μηδὲ
738 1007 840 1034 δεῖσθαι
853 1007 924 1039 τινὸς

125 1049 313 1084 ἐπιστροφῆς*
339 1049 424 1081 οὕτως
443 1049 606 1085 ἀναίσθητον
622 1051 682 1078 τινὰ
711 1052 758 1078 ἀπ’
783 1052 850 1087 ἐμοῦ
875 1061 924 1079 πε-

126 1094 240 1129 ποίησθε
264 1095 314 1130 τὴν
342 1096 490 1131 ἐκτροπὴν.
516 1106 525 1122 ι
555 1096 587 1123 Εἰ
612 1097 750 1133 πτερνίζει
781 1097 924 1133 ἄνθρωπος

123 1140 292 1173 Θεόν;διὸτι
310 1140 389 1176 ὑμεῖς
407 1142 565 1177 πτερνίζετέ
582 1151 634 1178 με;
655 1153 663 1169 ι
683 1144 738 1170 Καὶ
750 1143 851 1176 ταῦτα,
871 1152 924 1180 φη-

128 1186 181 1218 σὶν,
199 1186 270 1213 οὕτω
286 1187 421 1222 νομίζετε,
441 1188 549 1224 ἁπατᾷν
574 1197 607 1223 με
631 1189 766 1225 οὶόμενοιυ
788 1190 856 1225 ὅπερ
876 1188 923 1217 οὖν

127 1231 276 1267 ἐπιχειρεῖν
292 1233 446 1268 ἀνθρώποις
468 1235 533 1269 περὶ
554 1234 630 1266 Θεὸν,
644 1235 694 1270 τῆς
716 1235 832 1270 ἐσχάτης
849 1235 922 1262 ἐστὶν

126 1277 254 1312 εὐηθείας
278 1286 308 1304 τε
330 1278 377 1305 καὶ
406 1279 514 1314 μανίας.
541 1289 550 1305 ι
576 1279 631 1306 Καὶ
655 1281 760 1312 εἴπατε,
798 1281 842 1307 Ἐν
868 1281 922 1307 τίνι

124 1323 324 1358 ὲτπερνίσαμέν
342 1332 371 1350 σε
384 1332 391 1356 ;
404 1334 412 1349 ι
428 1325 485 1350 ἀλλ’
493 1324 553 1351 ούδέ
568 1325 646 1352 τοῦτο
658 1325 807 1357 ποιοῦντες,
824 1325 921 1361 αἴσθη-

127 1376 170 1395 σιν
182 1368 257 1403 ἔχετε
270 1368 319 1403 τῆς
334 1370 448 1402 ἀτοπίας
459 1369 506 1396 τοῦ
521 1371 692 1405 γιγνομένου.
707 1369 774 1397 Εἶτα
788 1371 818 1397 τὸ
831 1371 922 1407 ἀμάρ-

125 1422 202 1449 τημα
218 1414 319 1448 λέγων·
337 1424 347 1441 ι
367 1415 428 1441 Ὅτι
451 1415 485 1442 τὰ
508 1417 655 1443 ἐπιδέκατα
675 1417 721 1443 καὶ
746 1417 774 1443 αἱ
796 1417 921 1453 ἀπαρχαὶ

125 1459 190 1494 μεθ’
207 1459 283 1494 ὑμῶν
294 1461 346 1486 εισι
357 1468 364 1475 ”
377 1460 424 1487 καὶ
441 1461 642 1493 ἀποϐλέποντες
657 1462 736 1497 ὑμεῖς
751 1462 921 1489 ἀποϐλέπετε

123 1505 167 1537 εἰς
181 1504 264 1531 αὐτό·
279 1505 325 1532 καὶ
341 1506 421 1541 ὑμεῖς
434 1506 484 1541 ἐμὲ
497 1506 664 1542 πτερνίζετε.
685 1517 694 1533 ι
709 1507 765 1539 Τὰς
776 1507 830 1543 γὰρ
841 1508 922 1535 δεκα-

124 1550 186 1581 τιὰς
199 1551 246 1577 καὶ
257 1550 305 1582 τὰς
321 1551 449 1586 ἀπαρχάς
461 1552 491 1578 ού
505 1552 575 1578 κατὰ
586 1551 617 1579 τὸ
632 1553 824 1589 νενομισμένον
837 1562 921 1588 προσ-

125 1596 207 1630 άγετε
220 1598 276 1628 τοῖς
297 1596 425 1632 ἱερεῦσιν,
441 1597 500 1624 ἀλλ’
516 1597 592 1634 ἔχετε
614 1599 680 1634 παρ’
694 1599 810 1631 ἑαυτοῖς·
822 1596 881 1626 εἶτά
892 1607 919 1626 τι

124 1642 222 1678 κέρδος
243 1643 347 1675 ἑαυτοῖς
371 1643 495 1670 ἐντεῦθεν
520 1644 659 1679 προξενεῖν
685 1645 850 1680 νομίζοντες,
874 1645 921 1672 καὶ

124 1687 164 1720 ὡς
179 1688 224 1714 ἐπί
237 1695 298 1715 τινα
309 1689 440 1724 μεγίστην
451 1689 584 1724 ὠφέλειαν
598 1689 763 1725 ἀφορῶντες,
782 1691 822 1723 εἰς
833 1690 922 1718 ταῦτα

124 1733 157 1769 δὴ
173 1732 190 1760 ἃ
206 1733 270 1768 παρ’
285 1733 362 1769 ὑμῶν
377 1734 549 1762 ἀποδίδοσθαι
563 1735 702 1771 προσῆκον
714 1734 758 1772 ἦν,
774 1736 853 1763 τοῦτο
871 1736 921 1771 μὲν

123 1777 280 1812 εἰλικρινῶς
294 1780 378 1806 ποιεῖν
396 1779 445 1806 οὐκ
460 1779 566 1806 ἐθέλετε
577 1788 584 1794 ·
602 1779 724 1815 βραχέων
738 1781 768 1807 δέ
780 1789 861 1808 τινων
874 1781 921 1808 καὶ

125 1823 243 1869 εὐτελῶν
267 1826 444 1860 προσαγωγῇ,
465 1828 496 1852 τὸ
515 1825 629 1861 νόμιμον
654 1826 808 1853 ἀποδιδόναι
834 1835 920 1862 προσ-

126 1869 264 1896 ποιεῖσθε·
279 1870 348 1906 δπερ
366 1868 412 1898 οὖν
432 1871 507 1897 οὐδὲν
529 1871 623 1908 ἕτερον
641 1871 725 1905 ἐστὶν,
741 1872 798 1899 ἀλλ’
813 1872 830 1908 ἢ
850 1873 921 1900 ἀπα-

124 1915 175 1950 τᾷν
193 1923 226 1950 με
242 1915 423 1949 νομιζόντων·
444 1917 552 1952 ἀπάτης
569 1917 623 1953 γὰρ
646 1918 688 1953 εἰη
709 1918 742 1945 ἂν
756 1918 786 1945 τὸ
801 1919 839 1954 μὴ
856 1918 921 1945 εἰλι-

125 1960 226 1995 κρινῶς
239 1961 270 1987 τὸ
285 1961 400 1997 νόμιμον
413 1962 494 1997 χρέος
515 1962 700 1999 ἀποπληροῦν,
716 1965 878 2000 πανουργεῖν
891 1964 920 1990 δὲ

125 2005 208 2032 αὐτοῦ
219 2007 283 2042 περὶ
296 2006 343 2042 τὴν
356 2007 549 2043 ἀποπλήρωσιν
560 2008 716 2043 πειρᾶσθαι.
730 2007 796 2036 Εἶτα
810 2009 918 2044 ἐπάγει”

127 2059 138 2077 ι
159 2050 196 2077 Τὸ
211 2050 270 2083 ἔτος
294 2051 488 2087 συνετελέσθη·
506 2052 554 2079 καὶ
579 2053 757 2088 εἰσηνέγκατε
779 2055 868 2081 πάντα
885 2054 921 2081 τὰ

123 2096 240 2132 ἐκφὸρια
266 2097 307 2129 εἰς
332 2098 395 2130 τοὺς
423 2097 585 2134 θησαυροὺς,
614 2100 661 2126 καὶ
688 2101 704 2135 ἡ
734 2100 847 2135 ἁρπαγὴ
871 2099 919 2128 τοῦ

1013 641 1096 669 Vatis.
1115 640 1193 669 8-l0.
1205 639 1364 668 --'l‘ransit
1379 639 1471 667 denuo
1488 637 1622 674 propheta
1639 636 1674 664 ad
1694 637 1769 665 aliud

977 691 1120 723 peccatum
1131 706 1138 719 ,
1152 685 1227 722 quod
1242 685 1317 713 circa
1331 684 1468 720 primitias
1490 683 1667 717 decimasque
1690 689 1769 710 eom-

978 733 1124 764 miserant,
1154 730 1279 758 nolentes
1306 737 1353 758 eas
1379 730 1460 765 juxta
1489 729 1557 764 legis
1583 727 1768 756 constitutum

978 778 1142 814 persolvere.
1158 786 1167 803 ι
1184 775 1363 804 ltevertimini
1381 775 1415 803 ad
1434 782 1496 807 me,
1520 778 1547 802 et
1568 781 1620 809 ego
1646 777 1769 802 revertar

976 824 1009 851 ad
1026 831 1093 857 vos,
1110 823 1177 851 dicit
1198 822 1331 850 Dominus
1354 821 1538 857 omnipotens.
1553 829 1562 846 ›
1581 819 1720 856 Respicite
1733 820 1767 848 ad

977 877 1020 897 tne
1032 889 1039 902 ,
1056 869 1162 904 inquit,
1180 872 1210 896 ut
1231 872 1416 896 consentanea
1432 867 1510 894 vobis
1530 873 1545 893 a
1569 874 1613 894 me
1629 866 1766 894 eveniant.

979 924 988 941 t
1003 915 1036 942 Et
1051 915 1160 943 dixistis
1175 924 1182 942 :
1200 914 1228 942 ln
1247 922 1302 950 quo
1319 913 1511 942 revertemur?
1527 922 1535 938 I
1548 912 1655 948 Quippe
1672 911 1768 939 existi-

975 961 1057 989 matis
1069 980 1077 993 ,
1093 961 1197 996 inquit,
1215 961 1290 988 nulla
1306 959 1464 988 reversione
1480 958 1602 994 indigere
1616 967 1623 985 :
1641 957 1709 985 adeo
1723 958 1768 984 in-

975 1011 1116 1035 sensatum
1131 1014 1146 1034 a
1161 1014 1204 1033 me
1216 1006 1370 1034 discessum
1386 1004 1509 1033 fecistis!
1525 1013 1535 1030 ι
1549 1003 1619 1031 Num
1634 1003 1766 1038 supplan-

975 1053 1044 1080 tabit
1067 1053 1150 1080 homo
1174 1051 1277 1084 Deum,
1298 1051 1362 1087 quia
1388 1058 1436 1079 vos
1452 1049 1653 1086 supplantastis
1668 1049 1736 1076 me?
1752 1058 1761 1075 ι

975 1098 1064 1131 Quod,
1081 1097 1204 1134 profecto
1226 1097 1352 1124 homines
1379 1096 1512 1124 adversus
1536 1095 1622 1122 Deum
1645 1093 1762 1125 audere,

973 1149 1102 1172 extremae
1119 1143 1243 1170 stultitiae
1260 1142 1429 1177 insaniaeque
1444 1145 1496 1168 est.
1514 1149 1524 1166 ι
1542 1139 1575 1167 Ει
1588 1139 1718 1166 dixistis:
1737 1138 1764 1165 lu

974 1197 1028 1226 quo
1044 1189 1280 1225 supplantavimus
1296 1189 1338 1217 te?
1354 1198 1363 1214 ι
1375 1187 1430 1215 Sed
1446 1194 1552 1221 neque,
1567 1185 1632 1213 dum
1648 1185 1686 1211 ita
1702 1191 1764 1219 age-

973 1236 1057 1268 retis,
1078 1243 1190 1263 sensum
1211 1239 1312 1262 vestrae
1333 1233 1516 1262 absurditatis
1534 1231 1678 1260 habuistis.
1700 1230 1762 1258 Mox

973 1284 1115 1316 peccatutn
1130 1282 1265 1312 recitatis.
1282 1280 1319 1307 ait
1333 1289 1340 1307 :
1358 1289 1367 1307 ι
1381 1279 1518 1313 Quoniam
1539 1279 1652 1306 decimae
1672 1277 1766 1312 primi-

973 1328 1071 1363 tiaeque
1083 1327 1154 1363 apud
1170 1335 1218 1355 vos
1234 1331 1310 1354 sunt.
1327 1327 1359 1354 Et
1372 1334 1421 1354 vos
1435 1325 1614 1361 respicientes
1627 1323 1764 1358 rcspicitis

972 1373 1001 1401 in
1018 1374 1043 1402 id
1062 1374 1163 1409 ipsum.
1184 1373 1216 1401 Et
1230 1381 1278 1401 vos
1293 1381 1337 1400 me
1352 1371 1562 1408 supplantastis.
1579 1380 1590 1397 ι
1602 1370 1670 1397 Nam
1686 1370 1764 1397 deci-

973 1427 1033 1448 mas
1047 1424 1132 1455 atque
1148 1419 1286 1454 primitias
1310 1425 1485 1454 nequaquam
1510 1420 1591 1453 prout
1615 1416 1764 1452 legitimum

972 1471 1015 1494 est
1028 1466 1218 1495 sacerdotibus
1233 1466 1349 1496 offertis,
1366 1464 1414 1492 sed
1427 1464 1479 1500 ipsi
1491 1463 1623 1491 retinetis.
1638 1461 1764 1489 Attamen

972 1512 1051 1547 quasi
1072 1512 1184 1546 aliquod
1204 1512 1422 1539 emolumentum
1440 1516 1539 1545 capere
1556 1508 1744 1536 existimantes
1756 1526 1762 1536 .

971 1562 998 1586 et
1017 1557 1096 1593 quasi
1112 1557 1194 1592 385
1211 1557 1358 1584 maximam
1385 1556 1506 1591 aliquant
1532 1553 1678 1581 utilitatem
1701 1559 1765 1587 spe-

972 1608 1078 1631 ctantes
1089 1622 1096 1636 ,
1114 1611 1211 1638 nempe
1230 1603 1252 1630 si
1269 1602 1344 1638 quod
1357 1609 1427 1637 opus
1442 1605 1486 1628 est
1503 1599 1641 1631 reddatis,
1658 1605 1763 1632 nequa'

971 1657 1053 1685 quam
1070 1650 1176 1684 integre
1194 1649 1221 1676 id
1237 1650 1321 1677 vultis
1339 1648 1452 1681 facere,
1471 1647 1519 1675 sed
1535 1647 1696 1682 exiguorum
1712 1645 1763 1672 ali-

971 1698 1039 1730 quot
1054 1698 1137 1729 atque
1154 1694 1247 1721 vilium
1270 1694 1424 1726 oblatione,
1446 1692 1520 1727 quod
1543 1691 1694 1727 legitimum
1721 1693 1764 1717 est

971 1746 1101 1777 prrestare
1120 1740 1268 1768 simulatis.
1297 1739 1376 1773 Quod
1405 1747 1472 1767 sane
1501 1738 1569 1765 nihil
1596 1737 1670 1763 aliud
1700 1739 1762 1766 est.

971 1793 1054 1820 quam
1078 1785 1221 1813 hominum
1249 1792 1293 1812 me
1317 1784 1445 1819 decipere
1467 1782 1622 1818 putantium
1643 1781 1761 1808 facinus.

971 1831 1038 1858 Nam
1062 1831 1140 1859 fraus
1166 1836 1225 1864 est,
1251 1830 1374 1858 debitum
1399 1829 1551 1864 legitimum
1576 1829 1682 1862 integre
1704 1834 1763 1853 non

971 1876 1130 1911 persolvere
1141 1895 1149 1909 ,
1166 1876 1214 1904 sed
1237 1876 1374 1903 malitiose
1389 1881 1451 1902 cum
1468 1873 1524 1902 Deo
1537 1873 1612 1900 circa
1629 1873 1700 1899 hanc
1715 1879 1762 1898 so-

971 1922 1102 1950 lutioncnt
1128 1929 1158 1950 se
1180 1929 1285 1957 gerere.
1308 1920 1376 1948 Tum
1391 1920 1479 1955 pergit
1501 1919 1614 1946 dicere:
1636 1927 1645 1943 ι
1665 1916 1762 1944 Annus

971 1968 1125 2003 completus
1141 1971 1192 1995 est.
1210 1967 1243 1993 Et
1258 1966 1391 1994 intulistis
1406 1972 1503 1991 omnes
1519 1964 1626 1991 fructus
1652 1963 1680 1989 in
1696 1962 1761 1988 bor-

972 2021 1035 2047 rea,
1055 2018 1082 2041 ct
1098 2013 1196 2049 rapina
1211 2019 1361 2048 pauperum
1377 2011 1405 2038 in
1421 2010 1549 2038 domibus
1563 2009 1665 2037 vestris
1682 2011 1733 2035 est.
1749 2016 1758 2032 ι

971 2061 1042 2087 Auni
1058 2063 1135 2087 certe
1150 2059 1240 2086 exitus
1255 2062 1315 2091 est,
1333 2062 1360 2085 et
1383 2057 1447 2085 anni
1470 2055 1664 2084 conversiones
1682 2054 1761 2089 juxta

973 2113 1060 2133 meam
1077 2105 1278 2132 ordinationem
1290 2104 1432 2138 periodum
1447 2110 1525 2131 suam
1538 2103 1760 2136 compleverunt,

124 2141 233 2177 πτωχοῦ
250 2143 279 2169 ἐν
296 2144 353 2174 τοῖς
368 2144 452 2176 οίκοις
471 2144 558 2179 ὑμῶν.
580 2154 590 2170 ι
608 2145 646 2180 (p.
665 2145 726 2181 567)
745 2146 781 2172 Τὸ
800 2146 848 2182 μὲν
863 2146 918 2182 γὰρ

973 2152 1043 2179 unde
1069 2151 1207 2178 fructuum
1234 2149 1372 2177 confectio
1396 2150 1436 2176 tit.
1462 2151 1494 2175 At
1517 2155 1566 2175 vos
1591 2146 1706 2174 maturis
1727 2145 1761 2173 de

123 2187 184 2219 ἔτος
199 2187 294 2223 εἱληφε
319 2188 415 2224 πέρας,
441 2190 488 2216 καὶ
516 2190 544 2216 at
568 2190 613 2216 τοῦ
637 2190 713 2223 ἔτους
729 2192 828 2227 τροπαὶ
847 2191 918 2218 κατὰ

123 2233 174 2269 τὴν
187 2233 257 2269 ἐμὴν
271 2233 392 2267 διάταξιν
406 2234 455 2270 τὴν
474 2235 635 2263 ἀκολουθίαν
654 2236 852 2273 πεπληρώκασι
868 2237 917 2273 τὴν

122 2279 244 2306 οἰκείαν·
262 2280 309 2314 ἀφ’
328 2277 365 2308 ὧν
386 2282 402 2317 ὴ
421 2281 475 2308 τῶν
498 2283 612 2318 καρπῶν
631 2283 727 2318 γέγονε
750 2285 835 2319 φορά·
858 2282 918 2312 εἶτα

123 2325 202 2360 ὑμεῖς
218 2326 336 2359 ἐντελεῖς
357 2328 419 2358 τοὺς
435 2328 488 2355 ἀπὸ
506 2329 555 2365 τῆς
573 2329 626 2364 γῆς
649 2330 826 2365 κομισάμενοι
850 2339 918 2366 καρ-

123 2371 202 2403 ποὺς,
218 2371 278 2398 δέον
291 2372 362 2408 ὑπὲρ
376 2373 478 2400 τούτων
493 2374 621 2402 ἀποτῖσαι
640 2375 679 2410 τῷ
700 2375 760 2411 Θεῷ
772 2375 822 2411 τὴν
837 2376 919 2411 εὐχα-

123 2417 231 2453 ριστίαν
250 2417 296 2445 διὰ
325 2419 376 2454 τῆς
402 2418 457 2446 τῶν
478 2420 610 2455 ἀπαρχῶν
640 2420 688 2447 καὶ
709 2420 764 2447 τῶν
787 2421 919 2447 δεκατιῶν

122 2464 318 2500 προσκομιδῆς,
332 2464 411 2492 τοῦτο
428 2465 477 2501 μὲν
501 2466 532 2492 οὐ
556 2467 722 2502 πεποιήκατε
733 2475 740 2482 ·
769 2467 874 2503 βραχέα
890 2467 918 2494 δέ

121 2518 182 2537 τινα
196 2511 339 2546 μονονουχὶ
354 2512 552 2548 προσρίψαντες
567 2514 623 2544 τοῖς
644 2513 772 2548 ἱερεῦσιν,
795 2514 836 2545 εις
855 2513 918 2545 τοὺς

120 2554 275 2591 θησαυροὺς
299 2556 407 2584 ἅπαντα
429 2558 492 2589 τοὺς
513 2557 627 2590 οἰκείους
647 2559 841 2593 είσηνέγκατε·
857 2559 917 2586 οὐδὲ

119 2601 209 2626 ἐκεῖνο
237 2599 422 2636 λογισάμενοι,
444 2602 486 2628 ὄτι
511 2602 587 2629 οὐδὲν
612 2602 741 2629 ἀπέοικεν
762 2603 851 2634 τοῦτο,
868 2604 916 2630 τοῦ

969 2197 1066 2225 tellure
1083 2196 1200 2224 sublatis
1218 2195 1370 2228 fructibus,
1396 2202 1458 2222 cum
1475 2202 1524 2229 pro
1540 2194 1582 2221 bis
1598 2193 1700 2228 gratias
1718 2199 1760 2218 re-

970 2243 1042 2271 ferre
1056 2242 1111 2270 Deo
1126 2242 1292 2269 debuisselis
1303 2262 1311 2275 ,
1338 2240 1475 2277 primitias
1496 2239 1671 2273 decimasquc
1697 2236 1759 2264 ειπε-

970 2289 1075 2322 rendo,
1094 2287 1161 2314 nihil
1176 2286 1335 2320 hujusmodi
1352 2285 1446 2321 egistis
1462 2294 1469 2317 ;
1488 2283 1534 2312 sed
1563 2284 1662 2318 e\igua
1686 2289 1759 2316 qua:-

969 2334 1034 2362 dam
1061 2333 1254 2361 sacerdotibus
1274 2332 1468 2368 projieientes,
1494 2329 1587 2357 omnia
1611 2329 1639 2355 in
1661 2328 1758 2356 horrea

971 2381 1061 2405 vestra
1076 2377 1208 2404 intulistis
1221 2385 1227 2403 :
1244 2384 1278 2404 ne
1292 2376 1343 2403 hoc
1355 2375 1465 2411 quidem
1483 2378 1610 2409 putantes
1622 2392 1629 2405 ,
1646 2371 1759 2407 perinde

968 2422 996 2450 id
1013 2430 1075 2450 esse
1091 2429 1123 2450 ac
1138 2422 1161 2450 si
1178 2422 1308 2449 alimenta
1330 2428 1481 2456 pauperum
1505 2418 1662 2453 tliripiatis,
1690 2423 1755 2451 quo-

968 2475 1030 2494 rum
1047 2468 1136 2503 gratia
1154 2467 1211 2494 haec
1232 2474 1247 2493 a
1268 2467 1346 2494 vobis
1361 2465 1532 2501 suppeditari
1557 2464 1666 2498 jussum
1693 2465 1756 2489 est:

970 2521 1068 2548 nempe
1084 2517 1114 2540 ut
1128 2518 1156 2540 et
1170 2513 1217 2547 qui
1233 2513 1311 2539 altari
1328 2511 1505 2542 deserviunt,
1524 2513 1550 2536 et
1564 2509 1610 2543 qui
1628 2508 1758 2543 egestatis

971 2565 1054 2585 causa
1071 2558 1173 2593 templo
1191 2565 1252 2584 meo
1267 2557 1410 2588 adsident,
1436 2555 1592 2583 necessaria
1610 2554 1671 2581 vitae
1692 2554 1758 2581 sub-

970 2603 1040 2632 sidia
1055 2604 1118 2631 hinc
1133 2603 1261 2631 referant.
1278 2603 1382 2636 Quibus
1399 2602 1537 2630 subnectit
1553 2611 1560 2628 :

118 2644 168 2676 τὰς
180 2645 235 2671 τῶν
251 2645 376 2681 πενήτων
394 2646 552 2682 διαρπάζειν
566 2647 677 2682 τροφὰς,
697 2648 766 2684 ὑπὲρ
778 2644 815 2674 ὧν
828 2648 913 2675 ταῦτα
931 2649 1049 2676 δίδοσθαι
1080 2649 1238 2676 κεκέλευται
1292 2649 1356 2684 παρ’
1371 2648 1462 2683 ὑμῶν·
1477 2648 1524 2674 καὶ
1539 2647 1577 2678 ὡς
1591 2646 1624 2673 ἂν
1634 2646 1660 2672 οἵ
1674 2655 1702 2672 τε
1719 2645 1758 2678 τῷ

119 2690 306 2726 θυσιαστηρίῳ
330 2690 565 2727 λειτουργοῦντες,
586 2692 613 2718 οῖ
632 2700 661 2718 τε
685 2692 728 2718 διὰ
755 2691 849 2719 πενίαν
874 2692 912 2727 τῷ
931 2693 986 2729 ναῷ
1004 2694 1228 2730 προσεδρεύοντες
1251 2694 1290 2729 τῷ
1312 2695 1370 2730 ἐμῷ
1384 2694 1451 2729 ('12),
1477 2693 1526 2725 τὰς
1546 2691 1695 2726 ἀναγκαίας
1710 2699 1756 2716 κο“

119 2736 243 2771 μίζοιντο
257 2736 362 2772 χρείας.
379 2735 427 2769 Οἷς
442 2736 594 2769 ἀκολούθως
608 2738 744 2773 ἐπήγαγεν
754 2747 761 2754 ·

154 2828 211 2862 ('72)
226 2826 310 2855 Vides
332 2827 384 2854 sub
403 2827 462 2862 lege
478 2828 559 2854 etiam
580 2827 699 2855 Mosaiea
723 2835 825 2855 morem
847 2836 910 2862 pau-

119 2864 230 2897 peribus
247 2863 348 2898 templo
361 2863 554 2889 assistentibus
566 2863 695 2897 largiendi
709 2863 909 2898 eleemosynam

119 2899 272 2933 pneSertim
285 2905 317 2924 et
333 2897 420 2924 sacris
430 2898 537 2932 opibus.
556 2898 601 2926 Sic
611 2903 637 2926 et
651 2898 695 2926 ille
712 2898 825 2926 claudus
839 2898 910 2933 apud

965 2833 1069 2863 portam
1099 2829 1191 2864 templi
1223 2829 1375 2864 speciosam
1404 2830 1602 2864 elccmosynam
1629 2836 1644 2856 a
1674 2827 1754 2854 Petro

965 2865 1087 2899 apostolo
1103 2865 1208 2899 petebat
1227 2866 1295 2900 (Act.
1314 2873 1352 2898 tu,
1368 2865 1406 2900 ὖ).
