1966 3069
187 202 238 232 627

767 205 945 236 THEODORI
960 205 1204 236 MOPSUESTEM

1776 200 1833 230 633

223 265 294 293 Vens
312 265 403 292 1142.
417 280 452 286 -
473 274 482 292 ι
500 264 679 294 Revertimini
695 273 761 302 ergo
779 265 806 294 in
823 266 886 300 hoc,
906 266 973 294 dicit
988 289 992 299 λ

1061 267 1135 302 Στίχ.
1148 269 1192 299 ια’,
1207 265 1250 302 ιβ’.
1260 279 1293 285 -
1305 274 1314 292 ι
1331 263 1528 300 Ἑπιστρέψατε
1544 264 1577 300 δὴ
1592 264 1621 291 ἐν
1636 263 1735 300 τούτῳ,
1751 264 1830 299 λέγει

187 310 319 337 Ιὶοιιιιὶηιιε
339 310 522 345 omnipotens.
538 309 598 338 Nisi
621 318 755 346 aperuero
776 310 854 339 vobis
872 315 979 338 catara-

185 362 244 383 l'las
260 355 333 385 caeli.
352 359 379 382 et
397 355 535 383 edundam
551 355 579 383 in
594 363 643 384 vos
659 356 876 385 benedictionem
891 364 979 384 meam

186 402 274 428 donec
300 399 427 428 suiiieiat.
444 401 478 428 Et
497 401 661 429 distribuam
687 401 766 430 vobis
785 402 813 429 in
828 402 931 435 cibum.
953 407 981 430 et

187 454 241 474 non
254 454 430 482 corrumpam
441 451 547 475 vestras
558 451 639 475 terra:
653 448 756 483 fruges,
772 451 800 475 et
812 447 877 476 vitis
890 452 981 476 vestra

187 494 216 520 in
236 501 301 529 agro
316 501 370 521 non
382 493 578 526 inﬁrmabitur,
593 494 631 521 ait
648 493 780 522 Dominus
794 494 981 530 omnipotens.

187 539 222 566 Et
235 539 330 568 beatos
338 547 387 568 vos
398 539 493 567 dicent
506 547 602 567 omnes
614 544 726 576 gentes;
742 540 807 576 quia
821 539 899 568 erilis
908 544 983 568 terra

187 585 393 619 desiderabilis,
410 587 448 613 ait
472 585 605 614 Dominus
630 587 814 622 omnipotens.
841 596 850 613 ι
874 587 983 622 Agesis,

188 630 290 666 inquit.
315 630 442 658 cenversi
464 630 523 658 hac
547 629 640 657 omnia
668 629 823 657 emendate.
849 629 984 657 Videbitis

188 676 275 708 enim.
299 676 437 712 quomodo
453 675 532 704 vobis
549 683 601 712 ego
623 675 766 711 copiosum
785 674 900 702 imbrem
916 682 985 709 pne-

190 722 271 754 bebo,
293 726 321 749 et
343 720 482 758 quomodo
507 720 615 757 frugum
640 721 749 756 copiam
774 719 808 748 ad
829 720 985 748 satietatem

191 768 382 804 suppeditabo.
405 767 434 795 Id
458 768 532 795 enim
554 767 638 803 386
652 767 786 795 denotant
802 766 895 799 verba,
911 775 921 793 ι
939 766 988 794 De-

191 814 372 842 nedictionem
383 821 470 841 meam
479 814 567 841 donec
577 813 704 846 suilieiat,
718 823 728 840 ι
743 816 773 840 ut
784 821 817 841 ex
833 812 875 840 his
887 813 987 848 pingue

191 868 243 889 vos
257 860 381 888 habeatis
393 860 603 888 nutrimentum.
615 859 685 888 Nam
694 859 789 892 verba,
805 859 987 887 tDistribuam

191 907 270 935 vobis
292 907 319 934 in
339 906 467 934 cibumzi
497 905 524 933 id
549 905 717 942 signiﬁcant,
744 905 989 934 Conservabuntur

193 957 257 980 aute
269 960 285 979 ιι
303 952 383 980 voLis
400 952 554 980 incolumes
573 951 680 980 fructus
695 959 802 985 omnes,
818 951 923 987 largum
940 959 987 979 vo-
1004 943 1026 970 Β

194 998 236 1027 bis
250 998 306 1027 vite
329 999 411 1027 etiam
435 1003 527 1027 vestra
542 1002 636 1034 potum
658 998 816 1034 prmbente:
839 997 877 1026 ita
902 1003 930 1025 ut
949 998 986 1026 ob

196 1045 350 1079 generalem
373 1045 443 1080 apud
459 1052 508 1072 vos
533 1038 652 1080 copiam,
675 1044 769 1072 cuncti
791 1045 873 1072 etiam
899 1044 986 1072 exteri

197 1099 247 1120 vos
268 1091 364 1119 beatos
385 1090 486 1118 dicturi
510 1090 576 1124 sint,
591 1093 618 1118 et
633 1089 708 1125 quod
731 1097 794 1118 vere
813 1089 892 1118 vobis
913 1089 987 1117 Deus

197 1138 299 1174 optima
315 1145 430 1173 qumque
452 1137 586 1169 decernit,
607 1135 671 1164 dum
688 1140 769 1164 teme
780 1140 877 1164 vestrm
902 1135 988 1171 pluri-

195 1191 267 1211 mam
284 1191 338 1226 pra:
355 1183 462 1211 caeteris
483 1183 591 1219 frugum
606 1181 801 1210 abundantiam
816 1181 951 1209 concedit.

231 1321 315 1349 Vens.
332 1320 424 1348 l3-l6.
446 1335 481 1340 —-
497 1318 599 1346 Deinde
622 1319 656 1346 ad
673 1318 778 1354 priores
797 1317 866 1346 redit
886 1325 991 1345 sermo-

196 1375 264 1399 nes,
285 1367 364 1401 quasi
390 1373 459 1394 nova
488 1365 675 1392 admonitione
702 1364 818 1399 dignaris
849 1363 989 1398 improbos

199 1414 260 1442 iilos
277 1421 309 1441 ac
323 1411 433 1447 impios,
456 1412 570 1446 aitque:
596 1419 605 1436 ι
629 1409 835 1445 Aggravavistis
850 1416 933 1444 super
947 1416 990 1437 me

197 1466 340 1487 sermones
365 1462 482 1489 vestros,
511 1456 579 1484 dicit
603 1455 737 1483 Dominus
764 1454 949 1489 omnipotens.
977 1463 987 1480 ι

198 1505 321 1541 Asper-is,
347 1504 448 1540 inquit.
478 1503 611 1531 conviciis
636 1509 680 1530 me
707 1500 889 1537 appetivistis.
917 1509 926 1526 ι
957 1500 991 1527 Et

199 1544 308 1580 dixistis
329 1551 382 1579 :ln
404 1559 459 1586 quo
479 1550 528 1577 tibi
549 1548 670 1576 oblocuti
696 1547 812 1575 sumus?
839 1557 849 1573 ι
880 1546 990 1574 Siccine

1030 311 1134 348 Κύριος
1158 310 1373 346 παντοκράτωρ”
1401 309 1449 337 ἐὰν
1477 309 1515 345 μὴ
1540 309 1640 343 άνοίξω
1671 307 1736 345 ὑμῖν
1764 311 1831 343 τοὺς

1031 356 1225 394 καταρράκτας
1243 356 1291 389 τοῦ
1307 355 1432 392 ούρανοῦ,
1447 356 1492 383 καὶ
1500 355 1588 391 ἐκχεῶ
1605 356 1668 391 ὑμῖν
1683 347 1734 396 τὴν
1750 356 1832 387 εὐλο-

1031 403 1094 438 γίαν
1112 411 1162 439 μου
1176 402 1228 435 ἓως
1239 401 1286 429 τοῦ
1308 402 1483 437 ίκανωθῆναι,
1497 402 1545 428 καὶ
1560 401 1692 428 διαστελῶ
1707 402 1773 438 ὑμῖν
1787 403 1832 438 είς

1032 448 1145 484 βρῶσιν,
1160 448 1208 475 καὶ
1226 448 1256 475 οὒ
1275 448 1313 484 μὴ
1329 447 1476 483 διαφθείρω
1495 446 1573 482 ὑμῶν
1587 447 1634 474 τὸν
1654 447 1761 484 καρπὸν
1777 447 1832 486 τῆς

1031 493 1190 531 7139x4100
1201 494 1239 531 μή
1249 494 1384 530 ἀσθενήσῃ
1394 493 1497 529 ύμῶνή
1509 493 1631 528 ἄμπελος
1644 493 1672 520 ἐν
1686 493 1725 529 τῷ
1736 493 1831 531 ἀγρῷ,

1032 541 1106 576 λέγει
1130 540 1232 576 Κύριος
1254 539 1465 575 παντοκράτωρ·
1487 539 1535 566 καὶ
1558 539 1740 575 μακαριοῦσιν
1755 539 1832 574 ὑμᾶς

1033 587 1123 614 πάντα
1136 586 1170 614 τὰ
1192 586 1265 622 έθνη,
1281 586 1348 613 διότι
1367 585 1461 612 ἔσεσθε
1482 586 1561 621 ὑμεῖς
1574 585 1611 621 γῆ
1630 585 1740 621 θελητὴ.
1753 585 1833 617 λέγει

1034 632 1136 668 Κύριος
1148 631 1355 668 παντοκράτωρ.
1377 641 1387 658 ι
1413 630 1494 658 Ἀλλὰ
1505 631 1569 667 γὰρ,
1584 631 1668 666 φησὶ,
1675 629 1834 673 μεταδαλό-

1036 685 1129 713 μενοι,
1157 676 1301 713 διόρθωσιν
1330 675 1433 702 τούτων
1461 675 1494 711 δὴ
1523 675 1671 710 ποιήσασθε
1699 674 1832 702 adv-nov-

1035 722 1133 757 δψεσθε
1145 721 1199 758 γὰρ
1214 722 1289 753 ὅπως
1307 720 1357 757 μὲν
1371 721 1435 756 ὑμῖν
1447 720 1574 747 πλούσιον
1595 719 1706 755 παρέξω
1720 718 1766 746 τδν
1786 719 1835 746 ὗε-

1034 768 1091 801 ιιον,
1108 768 1182 800 ὅπως
1196 767 1225 794 δὲ
1238 767 1303 802 ὑμῖν
1318 766 1373 794 τῶν
1388 766 1503 802 καρπῶν
1514 764 1626 803 παρέξω
1636 765 1686 800 τὴν
1699 765 1836 800 ἀφθονίαν

1036 814 1076 845 είς
1092 813 1172 849 κόρον
1183 821 1190 828 ·
1206 812 1286 839 τοῦτο
1298 812 1353 848 γὰρ
1374 811 1459 846 λέγει,
1473 821 1482 838 ι
1500 811 1550 847 τὴν
1566 811 1692 845 εὐλογίαν
1711 820 1762 846 μου
1779 810 1836 842 ἕως

1036 859 1084 886 τοῦ
1112 859 1287 894 ίκανωθῆναι,
1318 866 1328 884 ι
1354 860 1393 894 (p.
1415 856 1479 894 568)
1505 857 1576 884 ὥστε
1604 856 1734 884 πλουσίαν
1758 856 1836 892 ἔχειν

1038 906 1110 942 ὑμᾶς
1121 905 1169 941 τὴν
1186 905 1215 939 ἐξ
1228 906 1315 935 αὐτῶν
1327 905 1482 935 ἀπόλαυσιν·
1494 903 1524 931 τδ
1535 904 1599 939 γὰρ,
1611 912 1621 928 ι
1631 903 1684 931 Καὶ
1697 902 1836 930 διαστελῶ

1039 951 1103 986 ὑμῖν
1128 951 1168 983 είς
1178 950 1286 986 βρῶσιν,
1299 961 1309 978 ι
1329 952 1410 979 τοῦτο
1419 949 1553 987 σημαίνει·
1564 947 1837 984 Διαφυλαχθήσονταε

1038 1005 1069 1024 τε
1096 996 1173 1033 ὑμῶν
1201 995 1357 1032 ἀδιάφθοροι
1375 995 1479 1030 ⁴πάντες
1506 995 1531 1022 oi
1557 994 1668 1030 καρποὶ,
1698 994 1836 1020 πλουσίαν

1040 1044 1104 1078 ὑμῖν
1127 1043 1175 1070 καὶ
1198 1042 1248 1078 τῆς
1273 1041 1396 1077 ἀμπέλου
1410 1041 1459 1077 τὴν
1473 1040 1575 1068 οἰκείαν
1589 1039 1740 1068 ἀπόλαυσιν
1757 1047 1835 1074 παρ-

1039 1088 1168 1124 εχούσης·
1184 1087 1255 1114 ὥστε
1277 1087 1309 1114 ἐκ
1328 1087 1377 1123 τῆς
1396 1085 1605 1123 πολιτευομένης
1623 1085 1654 1113 ἐν
1671 1085 1735 1120 ύμῖν
1752 1083 1838 1119 εὐθη-

1040 1134 1109 1167 νίας,
1123 1133 1245 1165 ἅπαντας
1265 1132 1297 1168 δὴ
1319 1133 1382 1165 τοὺς
1408 1132 1486 1165 ἐκτὸς
1509 1131 1671 1168 μακαρίζειν
1689 1131 1773 1166 ὑμᾶς,
1792 1131 1838 1157 ὁτι

1040 1180 1125 1212 ὅντως
1139 1180 1202 1215 ὑμῖν
1221 1179 1255 1206 τὰ
1276 1178 1406 1206 κάλλιστα
1422 1178 1582 1214 βεϐούληται
1603 1177 1680 1209 Θεὸς.
1701 1176 1772 1203 ὥστε
1788 1175 1839 1202 καὶ

1038 1227 1071 1261 τῇ
1085 1226 1119 1261 γῇ
1134 1224 1253 1261 ὑμετέρᾳ
1265 1224 1395 1258 πλείστην
1412 1223 1488 1259 παρὰ
1501 1223 1565 1255 τοὺς
1577 1223 1689 1254 λοιποὺς
1702 1221 1840 1257 παρέχειν

1038 1273 1087 1308 τὴν
1103 1272 1233 1307 ἀφθονίαν
1249 1271 1303 1298 τῶν
1320 1270 1443 1306 καρπῶν.

1073 1319 1149 1354 Στίχ.
1166 1320 1259 1352 ιγ’-ις’.
1276 1332 1310 1337 -—
1322 1315 1389 1344 Εἶτα
1404 1316 1450 1343 ἐπὶ
1467 1315 1532 1348 τοὺς
1550 1313 1668 1351 πρόσθεν
1689 1312 1839 1348 ἀνατρέχει

1041 1365 1152 1399 λόγους,
1178 1364 1216 1396 ὡς
1234 1363 1267 1391 ἂν
1288 1362 1427 1394 δυσσεϐεῖς
1454 1361 1502 1388 καὶ
1526 1360 1678 1396 μοχθηροὺς
1705 1359 1838 1394 δευτέρας

1043 1409 1126 1442 ἀξιῶν
1141 1408 1290 1442 νουθεσίας,
1313 1408 1361 1435 καὶ
1377 1406 1474 1442 φησιν·
1496 1414 1506 1431 ι
1527 1404 1693 1440 Ἐὄαρύνατε
1716 1404 1760 1430 ἐπ’
1785 1403 1839 1438 ἐμὲ

1042 1455 1106 1487 τοὺς
1131 1455 1224 1489 λόγους
1245 1453 1341 1488 ὑμῶν,
1365 1452 1439 1486 λέγει
1461 1450 1562 1490 Κύριος
1589 1448 1806 1485 παντοκράτωρ·
1826 1457 1838 1474 ι

1045 1500 1192 1536 χαλεπαῖς,
1219 1499 1301 1535 φησὶ,
1325 1497 1469 1534 λοιδορίαις
1494 1495 1648 1532 ἐχρήσασθε
1668 1495 1728 1522 κατ’
1757 1493 1839 1529 ἐμοῦ.

1048 1555 1057 1572 ι
1075 1545 1129 1572 Καὶ
1148 1544 1256 1576 εἴπατε,
1275 1543 1319 1570 Ἑν
1341 1542 1394 1569 τίνι
1418 1539 1642 1576 κατελαλήσαμέν
1670 1547 1734 1572 σου;
1751 1547 1762 1565 ι
1779 1536 1843 1566 εἶτα

198 1606 263 1634 ergo
274 1607 308 1626 ne
319 1585 430 1626 sensum
443 1598 552 1639 quidem
571 1602 654 1625 tanta:
672 1597 848 1633 blasphemiae
861 1595 991 1624 habetis?

1045 1591 1102 1619 οὐδὲ
1122 1590 1250 1626 αἴσθησιν
1263 1589 1312 1624 τῆς
1332 1587 1467 1639 τοσαύτης
1486 1586 1641 1623 λαμὸάνετε
1664 1585 1840 1621 δυσφημίας,

200 1645 307 1680 Ubique
326 1646 400 1673 enim
422 1645 466 1676 hic
489 1644 620 1680 propheta
648 1644 762 1671 verbum
792 1652 802 1668 ι
833 1642 942 1670 dixistis
977 1650 987 1667 ›

202 1691 297 1726 ponit,
320 1691 398 1726 quasi
422 1691 491 1726 ipsis
513 1682 682 1725 exprobrans
711 1697 820 1725 gravem
848 1687 993 1724 stupidita-

203 1741 274 1769 tem,
300 1745 354 1772 qua
376 1737 500 1772 improbe
526 1736 658 1771 agebant,
679 1735 785 1763 nullqu
811 1734 850 1762 rei
879 1741 992 1762 sensum

203 1784 352 1821 capientes.
377 1783 425 1811 sed
447 1784 485 1810 ita
506 1783 534 1809 in
558 1784 617 1811 suis
641 1782 762 1817 peccatis
780 1784 923 1809 versantes
942 1788 993 1807 ceu

204 1829 228 1857 si
259 1837 313 1856 non
340 1836 470 1864 peccasse
494 1828 694 1856 existimarent.
721 1827 783 1854 Mox
806 1827 888 1862 quale
912 1825 995 1853 fuerit

206 1878 348 1909 peccatum
365 1874 535 1907 edisserens,
552 1883 561 1900 ι
582 1873 706 1905 Dixistis,
719 1872 818 1908 inquit,
828 1871 924 1899 inutile
935 1878 996 1899 esse

204 1913 261 1954 Deo
285 1919 399 1948 servire.
425 1930 435 1949 ι
460 1918 553 1954 Neque
577 1919 650 1946 enim
674 1918 756 1945 nobis
779 1917 871 1953 aliqua
892 1916 997 1944 utilitas

205 1967 305 1995 accidit
327 1966 457 1994 mandata
479 1965 678 1993 servantibus:
706 1972 796 1999 neque
820 1963 906 1991 Deum
927 1970 998 1998 saepe

205 2012 420 2052 deprecantibus
434 2012 498 2039 boni
516 2011 666 2048 quidquam
682 2009 810 2038 accessit.
833 2008 873 2036 Eo
887 2008 998 2036 demum

205 2067 251 2086 res
273 2063 373 2085 nostra:
388 2062 543 2091 cesserunt,
566 2062 596 2084 ut
616 2064 668 2085 nos
690 2057 718 2084 in
735 2056 869 2091 angustiis
885 2062 1000 2090 pressu-

206 2105 301 2140 t'isquc
323 2104 495 2139 languentes.
518 2104 613 2132 beatos
637 2104 706 2130 alios
729 2103 855 2130 dicamus
869 2101 916 2136 qui
939 2100 1001 2128 nul-

206 2151 262 2178 iam
283 2150 383 2178 divinae
399 2149 550 2184 voluntatis
577 2149 712 2182 rationem
732 2149 843 2181 habent,
857 2148 958 2183 quibus
971 2147 999 2175 in

207 2195 306 2228 melius
340 2203 385 2224 res
415 2195 586 2231 procedunt,
616 2202 774 2230 quanquam
807 2193 863 2221 Deo
892 2199 1002 2227 semper

208 2241 432 2274 adversantibus,
459 2248 474 2268 a
501 2248 557 2281 quo
579 2244 671 2272 tamen
695 2240 764 2272 nihil
784 2238 939 2269 detrimenti
953 2245 1000 2273 pa-

207 2288 325 2315 tiuntur.
342 2296 352 2313 ι
368 2285 431 2316 Haec
455 2286 575 2315 oblocuti
597 2290 672 2317 sunt,
693 2285 741 2320 qui
763 2285 896 2314 timebant
910 2283 1002 2312 Domi-

207 2341 294 2369 num,
317 2332 510 2368 unusquisque
534 2332 568 2359 ad
590 2332 744 2368 proximum
775 2337 867 2362 suum.
900 2338 909 2355 ι
938 2328 1002 2357 llaec

208 2377 332 2413 quidem,
356 2376 455 2413 inquit.
470 2370 553 2403 ‘inler
578 2369 608 2403 se
633 2375 751 2407 invicem
779 2373 854 2409 loqui
878 2380 933 2401 non
950 2373 1002 2400 du-

207 2414 342 2456 bitarunt,
364 2423 412 2461 qui
432 2421 600 2450 simulabant
614 2429 644 2449 se
657 2428 711 2456 pra:
730 2420 858 2452 omnibus
874 2419 1003 2455 alienige-

207 2471 253 2498 nis
262 2471 388 2500 timorem
400 2476 490 2502 meum
505 2467 635 2496 retinere.
648 2466 755 2505 Quibus
766 2466 837 2493 Deus
847 2465 1001 2498 attendens.

210 2516 370 2544 memoriam
387 2523 484 2549 eorum
500 2515 630 2550 scriptam
643 2512 760 2549 posteris
780 2512 900 2547 reliquit.

208 2569 259 2596 pro
264 2569 297 2588 eo
306 2566 429 2596 tempore
435 2569 488 2596 quo
495 2567 591 2596 [minas
599 2560 752 2595 persolvent
761 2558 786 2585 hi
794 2558 840 2598 qui
850 2556 1005 2592 huiusmodi

209 2611 326 2635 utuntur
351 2607 539 2639 sermonibus,
564 2613 650 2641 seque
670 2605 744 2633 omni
758 2603 857 2639 'gcneri
876 2603 1004 2638 nequitiae

210 2651 354 2680 adclicunt.
375 2652 462 2681 Secus
483 2659 558 2683 vero.
581 2650 650 2677 nihil
677 2649 741 2676 boni
764 2656 819 2681 non
842 2647 949 2675 eveniet
968 2647 1002 2674 iis

210 2697 257 2730 qui
281 2704 357 2724 ineas
378 2704 443 2724 vere
465 2696 539 2731 leges
557 2695 764 2727 obscrvabunt;
785 2701 856 2728 quos
873 2692 1001 2732 equidem

211 2749 336 2776 tempore
359 2743 406 2770 illo
431 2749 486 2777 quo
504 2741 590 2768 malos
609 2741 733 2774 puniam,
752 2738 922 2774 providentia
942 2744 1003 2764 mea

211 2787 372 2822 dignabor:
389 2788 430 2815 sie
451 2785 582 2814 nimirum
604 2785 759 2817 declarans,
781 2791 811 2811 se
829 2783 880 2810 hos
903 2781 1004 2808 habere

211 2837 239 2862 in
250 2842 362 2862 suorum
375 2833 602 2863 necessariorium
616 2839 740 2863 numero,
755 2836 782 2859 et
802 2830 893 2859 omnia
904 2829 1008 2864 optima

214 2879 269 2907 illis
302 2879 502 2906 rctribnturnm
523 2885 530 2904 :
555 2875 787 2911 quemadmodum
818 2874 917 2909 aliquis
946 2880 1010 2910 erga

212 2926 355 2968 proprium
393 2925 479 2954 lilium
512 2923 680 2956 adiceretur,
722 2922 769 2956 qui
803 2921 916 2948 multum
951 2918 1005 2948 sibi

1041 1636 1130 1664 διόλου
1145 1636 1199 1672 γὰρ
1212 1636 1227 1663 ὁ
1240 1634 1384 1670 προφήτης
1404 1630 1481 1664 οὗτος
1497 1633 1528 1659 τὺ
1542 1642 1552 1658 ι
1569 1631 1667 1659 εἴπατε
1682 1641 1692 1658 ι
1704 1631 1841 1664 τέθεικεν,

1042 1683 1137 1718 ὥσπερ
1157 1681 1294 1714 ὀνειδίζων
1316 1680 1407 1711 αὐτοῖς
1430 1678 1609 1714 ἀναισθησίαν
1641 1677 1752 1713 πολλὴν,
1780 1674 1843 1713 μεθ’

1043 1726 1077 1765 ἧς
1089 1728 1222 1763 ,ἔπραττον
1236 1726 1270 1753 τὰ
1286 1725 1384 1758 ἄτοπα,
1401 1724 1529 1760 οὐδεμίαν
1549 1724 1593 1751 ἐπ’
1615 1723 1707 1755 αὐτοῖς
1733 1721 1845 1758 λαμϐά-

1046 1783 1137 1806 νοντες
1148 1773 1284 1808 αἴσθησιν,
1297 1771 1353 1798 ἀλλ’
1365 1770 1451 1803 οὕτως
1462 1770 1509 1796 ἐπὶ
1521 1771 1578 1802 τοῖς
1593 1769 1773 1805 ἁμαρτήμασι
1784 1768 1845 1796 δια-

1046 1820 1183 1856 τιθέμενοι
1201 1820 1257 1850 τοῖς
1282 1817 1396 1850 ἑαυτῶν,
1420 1816 1458 1848 ὥς
1480 1815 1547 1851 μηδέ
1573 1815 1742 1850 ἁμαρτάνειν
1764 1814 1843 1850 ἡγεῖ-

1048 1864 1120 1891 σθαι.
1142 1862 1209 1890 Εἶτα
1235 1862 1321 1896 λέγων
1343 1861 1375 1888 τὸ
1400 1860 1568 1896 ἁμάρτημα·
1584 1868 1593 1885 ι
1610 1859 1729 1891 Εἴπατε,
1748 1858 1844 1893 φησιν,

1048 1911 1087 1942 ὼς
1105 1909 1243 1944 ἀνωφελὲς
1266 1907 1305 1944 τῷ
1327 1906 1387 1942 Θεῷ
1411 1905 1564 1933 δουλεύειν·
1585 1914 1594 1931 ι
1612 1905 1674 1932 οὐδὲ
1698 1904 1753 1941 γὰρ
1776 1905 1846 1940 ἡμὶν

1049 1956 1230 1995 προσεγένετό
1239 1965 1265 1983 τι
1279 1954 1374 1990 ὄφελος
1389 1952 1577 1989 ὲπιμεληθεϊσι
1589 1952 1639 1987 τῆς
1652 1951 1774 1987 φυλακῆς
1788 1950 1847 1979 τῶν

1050 2003 1116 2039 παρ’
1127 2001 1210 2029 αὒτοῦ
1222 1999 1466 2037 προστεταγμένων
1477 2007 1484 2014 ·
1503 1998 1560 2025 ἀλλ’
1574 1997 1635 2024 ούδέ
1646 1997 1782 2032 δεηθεῖσιν
1797 1996 1847 2023 αὐ-

1050 2048 1097 2075 τοῦ
1106 2047 1246 2079 πολλάκις,
1255 2046 1331 2085 οὐδὲν
1341 2043 1446 2080 ὑπῆρξε
1456 2043 1536 2071 πλέον
1543 2052 1549 2060 ·
1560 2043 1668 2078 (p.569)
1681 2042 1845 2079 περιέστηκε

1053 2094 1082 2121 δὲ
1095 2094 1135 2126 εἰς
1148 2092 1227 2120 τοῦτο
1246 2091 1280 2118 τὰ
1298 2091 1459 2127 πράγματα,
1484 2088 1553 2116 ὥστε
1572 2089 1645 2123 ἡμᾶς
1664 2087 1714 2123 μέν
1729 2084 1801 2114 εἶναι
1815 2087 1846 2114 ἐν

1052 2140 1185 2174 ἀνάγκαις
1200 2137 1247 2165 καὶ
1263 2137 1378 2171 θλίψεσι,
1396 2133 1558 2171 μακαρίζειν
1572 2133 1601 2161 δὲ
1614 2133 1735 2168 ἐτέρους,
1751 2131 1847 2160 οὐδένα

1052 2184 1106 2212 τῶν
1122 2183 1198 2219 αὐτῷ
1213 2182 1360 2210 δοκούντων
1380 2179 1579 2215 πεποιημένους
1595 2179 1685 2214 λόγον,
1700 2176 1741 2210 οἷς
1755 2178 1802 2205 ἐπὶ
1815 2178 1846 2205 τδ

1054 2231 1177 2267 κρεῖττον
1199 2228 1342 2265 προϐαίνει
1362 2227 1397 2254 τὰ
1419 2226 1581 2263 πράγματα,
1600 2223 1781 2260 άνθεστηκόσι
1796 2224 1847 2259 μέν

1054 2277 1129 2313 αὐτῷ
1154 2276 1281 2308 πάντοτε,
1309 2272 1503 2310 βλαπτομένοις
1525 2269 1554 2299 δὲ
1574 2271 1651 2298 οὐδὲν
1677 2271 1710 2297 ἐκ
1738 2269 1846 2298 τούτου.

1057 2334 1066 2351 ι
1087 2322 1180 2350 Ταῦτα
1201 2320 1388 2355 κατελάλησαν
1416 2318 1441 2346 οἱ
1465 2317 1626 2353 φοὸούμενοι
1650 2316 1696 2343 τὸν
1724 2315 1846 2352 Κύριον,

1054 2369 1169 2400 ἕκαστος
1185 2367 1254 2403 πρὸς
1273 2366 1320 2393 τὸν
1334 2364 1446 2400 πλησίον
1466 2363 1560 2391 αὐτοῦ.
1580 2371 1590 2389 ι
1606 2361 1700 2390 Ταῦτα
1712 2361 1754 2396 δὴ,
1769 2360 1847 2396 φησι,

1056 2415 1125 2451 πρὸς
1138 2413 1269 2449 ἀλλήλους
1283 2411 1373 2446 λέγειν
1386 2410 1437 2437 οὐκ
1449 2409 1562 2442 ῶκνουν,
1577 2409 1603 2435 οἱ
1617 2406 1848 2444 προσποιούμενοι

1056 2461 1132 2496 παρὰ
1156 2459 1259 2490 πάντας
1283 2457 1346 2489 τοὺς
1369 2455 1525 2491 ἀλλοτρίους
1540 2454 1587 2481 τὸν
1607 2453 1689 2489 φόδον
1710 2452 1783 2488 ἔχειν
1803 2452 1850 2479 τὸν

1055 2506 1137 2542 ἐμόν·
1152 2502 1193 2537 οἷς
1208 2502 1404 2541 προσεσχηκὼς
1421 2502 1436 2528 ό
1458 2501 1534 2534 Θεὸς,
1553 2500 1584 2528 ἐν
1607 2500 1700 2536 γραφῇ
1714 2499 1763 2534 τὴν
1780 2498 1848 2534 μνή-

1061 2560 1115 2587 μην
1137 2550 1227 2578 αὒτῶν
1246 2550 1301 2580 τοῖς
1325 2547 1472 2583 μετέπειτα
1494 2545 1705 2577 καταλέλοιπεν,
1730 2544 1849 2580 ὁπηνίκα

1059 2598 1108 2633 μὲν
1129 2596 1245 2624 δώσουσι
1265 2594 1342 2626 δίκας
1364 2593 1390 2620 οἱ
1408 2594 1465 2625 τοῖς
1480 2591 1610 2623 τοιούτοις
1626 2590 1792 2626 κεχρημένοι
1807 2590 1850 2617 λό-

1055 2652 1125 2678 γοις.
1141 2643 1188 2670 καὶ
1208 2641 1275 2678 πρὸς
1294 2641 1348 2668 πᾶν
1364 2639 1434 2672 εῐδος
1449 2637 1624 2674 παρανομίας
1639 2637 1752 2668 ἑαυτοὺς
1772 2636 1848 2663 ἐκδε-

1054 2688 1170 2720 δωκότες
1181 2696 1188 2703 ·
1207 2687 1348 2722 περιέσται
1368 2684 1396 2712 δὲ
1412 2684 1466 2712 πᾶν
1492 2684 1506 2711 ὅ
1524 2692 1551 2710 τι
1565 2682 1668 2717 ἀγαθὸν
1686 2684 1744 2714 τοῖς
1765 2682 1848 2713 ὅντως

1056 2734 1263 2771 ἐπιμελομένοις
1282 2732 1336 2760 τῶν
1350 2731 1440 2767 νόμων
1456 2729 1511 2757 τῶν
1526 2728 1614 2765 ἐμῶν,
1630 2728 1677 2760 οὓς
1692 2736 1745 2763 περ
1759 2725 1806 2753 οὖν
1820 2727 1848 2753 ἐν

1058 2781 1156 2815 ἐκείνῳ
1169 2779 1208 2815 τῷ
1221 2777 1309 2815 καιρῷ
1320 2777 1381 2804 καθ’
1398 2777 1428 2803 ὃν
1441 2775 1634 2812 τιμωρήσομαι
1645 2773 1710 2805 τοὺς
1719 2772 1848 2808 φαύλους,

1060 2826 1108 2860 τῆς
1123 2824 1284 2860 κηδεμονίας
1304 2822 1413 2855 ἀξιώσω
1429 2822 1479 2857 τῆς
1502 2820 1587 2856 ἐμῆς·
1604 2819 1690 2851 οὕτως
1705 2819 1806 2850 αὐτοὺς
1819 2819 1850 2845 ἐν

1063 2871 1118 2901 τοῖς
1137 2869 1310 2900 οἰκειοτάτοις
1325 2868 1396 2903 ἔχειν
1408 2866 1579 2902 αίρούμενος,
1591 2865 1638 2892 καὶ
1653 2866 1707 2892 πᾶν
1717 2865 1732 2892 ὅ
1744 2873 1771 2891 τι
1786 2863 1849 2891 κάλ-

1059 2915 1149 2943 λιστον
1170 2914 1232 2949 περὶ
1249 2913 1346 2945 αὐτοὺς
1362 2912 1516 2948 δοκιμάζων
1530 2911 1634 2939 ποιεῖν’
1658 2911 1696 2943 ὡς
1721 2910 1756 2938 ἂν
1769 2911 1796 2938 εί
1809 2919 1850 2945 τις
