1966 3069
133 162 186 190 6‘29

600 163 874 195 COMMENTARIUS
891 164 928 194 IN
947 164 1136 195 MALACHhE
1155 165 1231 194 CAP.
1249 166 1296 194 iV.

1709 162 1760 192 630

133 223 197 258 περὶ
207 222 266 250 υῐδν
277 222 373 250 ἑαυτοῦ
385 221 531 259 διατεθείη,
542 223 642 259 πολλὴν
651 223 701 259 τὴν
714 222 921 259 εὐγνωμοσύνην

976 230 1098 252 amorem
1125 223 1200 251 omni
1227 227 1352 258 tempore
1381 221 1562 251 ostendisset.
1593 221 1697 250 Deinde
1717 222 1766 250 ad-

132 268 351 303 ἔπιδεδειγμένον
363 269 478 297 πάντοτε
492 268 557 304 περ)⁸
571 269 663 296 αὐτόν.
679 267 747 296 Εἶτα
761 269 868 304 ἐπάγοι·

168 314 243 349 Στίχ.
253 317 289 348 η’.
298 329 334 335 —
345 324 354 340 ι
369 314 424 342 Καὶ
437 314 686 351 ἐπιστραφήσεσθε,
694 315 742 342 κα.)⁵
755 315 853 350 ὄψεσθε
868 315 922 343 ἀνὰ

135 360 217 396 μέσον
227 359 346 393 δικαίου,
362 361 408 388 καὶ
419 361 472 388 ἀνά
487 361 568 397 μέσον
586 362 699 398 ἀνόμου,
713 363 761 389 καὶ
774 363 826 390 ἀνά
838 363 921 398 μέσον

133 403 181 431 τοῦ
192 404 362 437 δουλεύοντος
375 405 445 441 Θεῷ,
456 406 504 433 καὶ
516 406 568 433 ἀνὰ
582 406 664 442 μέσον
675 406 723 434 τοῦ
736 407 773 443 μὴ
785 407 920 434 δουλεύον·

132 458 177 482 τος
197 450 283 485 αὐτῷ.
304 460 314 476 ι
332 451 398 478 Τότε
413 451 517 487 φανερὰ
533 452 676 488 γενήσεται
692 454 709 488 ἡ
721 453 857 488 διάκρισις
866 453 921 480 τῶν

132 505 160 522 τε
175 496 296 529 δικαίων,
312 497 360 524 καὶ
377 497 430 524 τῶν
453 498 631 534 παρανόμων,
653 498 700 526 καὶ
716 499 769 526 τῶν
785 498 920 526 δουλεύειν

130 551 161 569 τε
174 543 380 570 ἐσπουδακότων
394 543 462 579 Θεῷ,
480 544 527 571 καὶ
543 544 598 572 τῶν
614 545 716 580 μηδένα
728 545 823 572 τούτου
838 546 921 572 ποιεί-

131 588 193 615 σθαι
206 588 284 622 λόγον
303 587 459 622 ὲθελάντων,
481 589 576 624 τῆςμτε
591 590 647 622 τοῖς
662 591 757 622 κακοῖς
778 590 920 626 ἐπαγομέο

130 644 179 670 νης
194 635 237 670 (p.
262 635 334 670 570)
360 636 511 671 τιμωρίας,
537 636 584 663 καὶ
608 637 663 664 τῶν
689 638 745 669 τοῖς
765 637 919 673 εὺγνωμοσι

130 680 344 716 περιγινομένων
363 681 484 715 ἀγαθῶν,
505 677 552 708 καὶ
567 681 622 708 τῶν
641 681 726 709 ὄντων
741 682 833 709 κακῶν
847 683 919 719 σαφῆ

130 727 300 761 ποιουμένων
318 726 367 761 τὴν
381 726 526 761 διάκρισιν,
541 727 595 754 τῶν
608 735 638 753 τε
649 727 734 754 ὄντων
748 727 858 762 ἀγαθῶν
872 729 920 755 καὶ

129 771 184 797 τῶν
207 771 290 798 ὅντων
313 771 421 798 κακῶν·
445 771 519 806 λέγει
544 771 573 798 δὲ
596 771 743 799 καὶταῦτα
765 772 920 805 ἀκολούθως

129 818 186 848 τοῖς
200 816 318 852 πρόσθεν
333 817 398 853 περὶ
406 816 461 843 τῶν
475 817 611 852 ἐσομένων
625 816 696 844 κατά
709 817 755 844 τὸν
770 817 824 844 τῶν
840 818 920 845 Μακ-

129 862 252 889 καϐαίων
266 862 373 897 καιρὸν,
396 863 440 889 ὅτε
462 862 494 898 δὴ
518 863 636 898 μάλιστα
653 862 809 899 βαρυτάτην
829 864 878 899 μὲν
892 864 919 890 oi.

971 269 1013 296 dit
1029 277 1036 296 :

1009 324 1019 342 ι
1041 316 1074 342 Et
1094 314 1306 347 convertemini,
1326 319 1354 343 et
1377 314 1497 343 cernetis
1521 313 1596 342 inter
1614 313 1721 349 justum
1737 318 1765 342 et

971 359 1122 395 injustum;
1145 364 1172 387 et
1188 360 1260 387 inter
1277 358 1455 387 famul-antem
1477 358 1544 392 Deo,
1561 362 1589 386 et
1603 366 1659 387 non
1674 359 1751 386 famu

970 402 1072 434 tantem
1098 405 1198 433 eidem.
1219 414 1228 431 ι
1260 404 1339 432 Τιιηο
1365 404 1512 432 manifesta
1542 403 1588 432 ﬂet
1619 404 1764 432 distinctio

969 451 1109 487 jnstorum
1128 452 1164 479 ab
1177 451 1293 486 iniquis,
1305 455 1333 478 et
1346 458 1441 479 eorum
1459 450 1506 486 qui
1517 451 1623 479 servire
1635 450 1690 478 Deo
1703 454 1763 479 stu-

971 497 1091 524 duerunt
1106 497 1140 524 ab
1157 497 1213 525 illis
1222 497 1270 532 qui
1284 496 1354 524 nihil
1368 497 1445 532 pensi
1458 497 1486 525 id
1497 497 1652 525 habuerunt
1667 506 1675 525 :
1697 497 1762 525 item

972 543 1043 570 inter
1059 542 1189 570 inﬂictam
1206 543 1337 578 improbis
1355 550 1475 578 pmnam,
1489 546 1516 571 et
1531 542 1602 571 inter
1614 543 1685 571 bona
1696 551 1763 578 pro.

971 588 1014 616 bis
1027 588 1165 623 impertita
1182 597 1188 615 :
1206 588 1319 616 omnino
1331 588 1464 617 discretio
1478 588 1531 616 erit
1541 587 1612 616 inter
1622 589 1719 622 malos,
1734 593 1763 617 et

972 632 1045 660 inter
1057 633 1153 660 bonos.
1171 633 1218 662 Ait
1232 636 1323 660 autem
1339 633 1397 660 haec
1414 637 1600 661 consentanee
1612 632 1695 660 dictis
1711 641 1762 661 an-

970 683 1014 706 tea
1033 677 1067 706 de
1092 679 1176 706 rebus
1197 682 1279 706 aetate
1306 678 1524 706 Maccabaaorum
1550 679 1676 707 tuturis:
1705 687 1762 715 quo

971 728 1094 759 tempore
1112 728 1250 760 quotquot
1273 724 1350 752 fuere
1369 724 1434 751 mali
1456 725 1484 751 in
1507 724 1610 760 popqu
1628 725 1762 760 gravissi-

971 776 1045 796 mum
1063 769 1138 804 passi
1161 772 1226 796 sunt
1249 769 1436 804 supplicium;
1461 769 1667 804 maximumque
1679 769 1762 798 vicis-

970 814 1023 842 sim
1041 814 1114 841 nacti
1132 817 1198 841 sunt
1211 822 1226 841 a
1242 813 1298 841 Deo
1306 814 1439 841 auxilium
1453 813 1499 849 qui
1515 814 1628 842 virtutis
1640 818 1761 843 sectatoo

971 868 1015 888 res
1039 860 1160 888 t'uerunt.
1185 860 1275 894 Quare
1297 861 1334 888 ob
1360 860 1498 888 dictorum
1520 860 1760 892 conﬁrmationem

129 909 210 935 κακοὶ
224 909 272 935 τοῦ
287 908 352 936 λαοῦ
369 909 419 945 τὴν
433 897 569 946 τιμωρίαν
586 897 721 943 ἐδέξαντο,
740 897 871 946 μεγίστης
890 910 919 937 δὲ

974 906 1012 936 sic
1027 906 1207 943 prosequitur
1226 915 1233 934 :

129 955 158 980 ἐν
172 954 258 981 ἅπασι
276 955 323 989 τῆς
344 954 421 986 θείας
440 955 535 990 ἔτυχον
558 956 644 991 ῥοπῆς
657 955 684 982 oi
703 954 751 982 τοῦ
766 955 921 991 κρείττονος

129 1000 253 1035 ἐρασταί.
268 999 349 1027 Ὅθεν
366 1000 406 1032 εις
418 999 564 1036 βεϐαίωσιν
579 999 633 1027 τῶν
645 1000 797 1037 εἰρημένων
809 1001 919 1036 ὲπάγεν

433 1066 558 1093 ΚΕΦΑΛ.
574 1068 611 1094 Δ’.

164 1133 239 1168 Στὶχ.
251 1132 324 1168 αι’-β’.
335 1148 370 1155 -
383 1141 392 1159 ι
406 1132 468 1160 ’Ὁτι
487 1133 541 1160 ἰδοὺ
556 1132 648 1169 ήμέρα
663 1133 774 1170 ἔρχεται
785 1135 919 1170 καιομένη

128 1177 167 1209 ὡς
181 1177 316 1210 κλίῦανος,
334 1178 381 1205 καὶ
399 1178 491 1213 φλέξει
504 1179 603 1212 αὐτούς
613 1188 621 1196 ·
639 1180 688 1208 καὶ
700 1180 805 1207 ἔσονται
820 1180 919 1212 πάντες

129 1223 153 1250 οι
166 1222 319 1257 ἀλλογενεῖς
329 1223 375 1249 καὶ
389 1223 487 1256 πάντες
496 1225 521 1251 οἱ
531 1225 670 1257 ποιοῦντες
682 1225 781 1261 ἀνομα,
795 1225 916 1261 καλάμη·

129 1269 177 1296 καὶ
189 1268 287 1303 ἀνάψει
299 1268 395 1301 αὐτοὺς
408 1269 426 1304 ή
441 1269 532 1305 ἡμέρα
543 1270 559 1306 ἠ
573 1270 718 1306 ἐρχομένη,
730 1270 805 1305 λέγει
816 1270 918 1307 Κύριος

129 1313 338 1348 παντοκράτωρ·
355 1313 402 1339 καὶ
414 1313 444 1340 οὐ
461 1313 500 1349 μὴ
517 1314 664 1351 ὑπολειφθῇ
677 1315 767 1343 αὐτῶν
784 1315 847 1351 ῥίζα
859 1315 919 1342 οὐδὲ

129 1358 233 1394 κλῆμα.
250 1367 260 1384 ›
286 1358 331 1386 Ἑν
352 1359 448 1394 ἐκείνῳ
466 1359 530 1396 γὰρ,
553 1360 631 1396 φησὶ,
655 1360 694 1396 τῷ
708 1361 797 1396 καιρῷ
815 1360 853 1393 ὠς
869 1361 921 1388 ὑπὸ

130 1405 197 1440 πυρὶ
221 1404 418 1440 φλεχθήσονται
445 1405 472 1432 oi
487 1413 517 1432 τι
537 1405 673 1442 ἀλλότριοι
697 1407 808 1438 πάντες,
828 1407 875 1434 καὶ
896 1407 920 1434 οἱ

127 1452 178 1486 τῆς
199 1451 314 1486 ἀνομίας
330 1451 445 1486 ἐργάται
468 1450 594 1487 καλάμης
612 1451 691 1487 δίκην
706 1452 758 1478 ὑπὸ
772 1453 821 1488 τῆς
837 1460 922 1488 προσο

129 1496 283 1532 πιπτούσης
298 1496 390 1527 αὐτοῖς
405 1495 598 1531 ἀφανιζόμενοι
621 1497 774 1532 τιμωρίας”
795 1497 842 1524 καὶ
857 1497 922 1532 περὶ

1278 1065 1394 1094 CAPUT
1411 1065 1455 1094 IV.

1007 1133 1087 1161 Vens.
1097 1134 1123 1167 1,
1134 1133 1160 1160 2.
1169 1149 1204 1157 -
1213 1144 1222 1160 ι
1228 1133 1295 1168 Quia
1305 1143 1367 1164 ecce
1375 1136 1434 1164 dies
1441 1137 1516 1165 venit
1524 1137 1622 1166 ardens
1632 1138 1702 1167 sicut
1710 1139 1759 1168 cii-

972 1179 1071 1213 banus,
1083 1184 1111 1208 et
1121 1181 1263 1208 comburet
1275 1189 1331 1209 eos.
1345 1181 1485 1217 Eruntque
1497 1190 1592 1211 omnes
1603 1183 1760 1220 alienigena

973 1233 1121 1260 omnesque
1133 1231 1243 1262 agentes
1256 1227 1358 1261 iniqua,
1373 1226 1443 1255 sicut
1452 1228 1560 1263 stipula.
1571 1229 1605 1256 Et
1614 1229 1761 1257 suceendet

975 1277 1023 1298 eos
1042 1270 1101 1299 dies
1127 1271 1250 1304 veniens,
1278 1272 1343 1300 dicit
1369 1272 1499 1301 Dominus
1522 1274 1711 1310 omnipotens;
1733 1280 1762 1304 et

976 1323 1031 1343 non
1047 1316 1182 1350 supererit
1205 1316 1323 1352 illorum,
1340 1317 1415 1346 radix
1437 1324 1484 1346 aut
1507 1327 1608 1348 ramus.
1621 1329 1631 1346 ι
1646 1320 1703 1352 Illo.
1719 1320 1761 1348 in-

971 1364 1042 1396 quit,
1057 1366 1183 1397 tempore
1201 1365 1334 1396 tanquam
1351 1361 1385 1387 ab
1401 1361 1464 1396 igne
1482 1361 1681 1388 comburentur
1693 1361 1762 1389 alie-

971 1407 1077 1442 nigena:
1093 1414 1208 1440 omnes;
1228 1410 1257 1434 et
1273 1405 1404 1441 nequitia;
1419 1409 1579 1441 operatores
1593 1405 1700 1441 stipula:
1716 1406 1745 1433 in
1755 1419 1762 1427 -

971 1455 1029 1480 star
1055 1459 1071 1479 a
1091 1451 1258 1486 corripiente
1281 1457 1330 1479 eos
1356 1458 1437 1486 poena
1460 1450 1649 1479 destruentur.
1674 1450 1707 1478 Et
1727 1452 1762 1480 de

972 1497 1106 1532 improbis
1119 1496 1204 1532 388
1219 1495 1328 1532 quidem
1345 1496 1383 1524 ait
1399 1497 1467 1523 haec.
1488 1495 1526 1524 De
1545 1496 1684 1524 timoratis
1695 1504 1761 1524 vero

131 1543 181 1578 μὲν
206 1540 253 1570 οὖν
273 1543 336 1574 τοὺς
351 1542 452 1574 κακοὺς
471 1541 558 1569 ταῦτά
577 1549 660 1576 φησι·
681 1543 736 1573 τοῖς
761 1541 791 1568 δὲ
817 1542 917 1577 φοϐου-

974 1542 1057 1578 quid?
1067 1551 1076 1569 ι
1091 1541 1125 1569 Ει
1136 1543 1240 1570 orietur
1247 1541 1324 1570 vobis
1333 1541 1494 1570 timentibus
1506 1549 1606 1570 nomen
1617 1550 1707 1570 meum
1721 1543 1761 1571 sol

132 1588 224 1623 μένοις
240 1587 267 1614 τί
279 1595 286 1620 ;
310 1596 319 1613 ι
343 1587 398 1614 Καὶ
412 1586 535 1614 ἀνατελεῖ
549 1587 613 1623 ὑμῖν
630 1588 687 1619 τοῖς
699 1587 876 1623 φοϐουμένοις
889 1587 921 1614 τὸ

129 1634 216 1670 ὕνομά
230 1642 281 1670 μου
297 1634 372 1670 ἥλιος
384 1633 566 1668 δικαιοσύνης,
586 1634 635 1661 καὶ
648 1633 719 1666 ίασις
735 1635 765 1661 ὲν
777 1635 838 1666 ταῖς
854 1633 920 1661 πτέ-

132 1681 208 1716 ρυξιν
229 1680 322 1708 αὑτοῦ.
340 1689 349 1705 ι
384 1680 464 1715 Ὑμῖν
477 1679 505 1706 δὲ
527 1679 611 1716 πολλὴ
626 1679 678 1715 μὲν
698 1680 840 1716 περιέσται
853 1680 923 1716 λαμ-

130 1726 234 1761 πρότης
250 1725 362 1756 δικαίως
383 1724 446 1760 ὑμῖν
468 1724 544 1761 παρά
568 1723 614 1751 τοῦ
638 1723 706 1751 Θεοῦ
732 1724 921 1760 χορηγουμένη

132 1771 202 1806 ὑπὲρ
230 1770 280 1805 τῆς
309 1771 348 1802 είς
371 1769 452 1796 αὑτὸν
481 1769 604 1801 εὐνοίας’
628 1764 779 1802 ἀπαλλάξει
798 1769 825 1796 δὲ
850 1769 922 1804 ὑμᾶς

132 1816 232 1848 παντὸς
243 1815 340 1849 κακοῦ,
354 1816 448 1852 ὥσπερ
460 1815 516 1843 τισὶ
526 1815 640 1851 πτέρυξι
650 1816 684 1850 τῇ
698 1815 846 1851 κηδεμονίᾳ
860 1815 922 1842 σκέσ

132 1871 192 1892 πων
205 1864 238 1899 τῇ
255 1862 360 1898 οἰκείᾳπ
377 1862 426 1897 (p.
444 1861 494 1890 5'“
507 1861 516 1897 )
530 1861 578 1889 καὶ
594 1861 718 1893 διοίσετε,
731 1860 824 1896 φησὶν,
846 1859 923 1887 οὐδὲν

135 1908 293 1944 μοσχαρίων
308 1907 497 1935 ἀπολυθέντων
508 1915 539 1933 τε
549 1907 582 1934 ἐκ
595 1906 702 1942 δεσμῶν
715 1906 763 1933 καὶ
778 1905 847 1941 μετά
859 1904 923 1932 πολ-

132 1954 182 1989 λῆς
198 1952 371 1990 σκιρτώντων
383 1952 434 1988 τῆς
447 1952 559 1988 ήδονῆςυ
573 1952 726 1987 κρατήσετε
740 1950 795 1986 γὰρ
806 1950 853 1977 καὶ
869 1950 923 1977 τῶν

133 1998 406 2036 παρανομούντων,ο“ί
419 1998 514 2027 σποδοῦ
526 1998 605 2033 δίκην
619 1997 671 2024 ὑπὸ
686 1998 742 2029 τοῖς
758 1996 837 2023 ποσὶν
848 1995 923 2023 έσον-

132 2055 178 2073 ται
191 2048 246 2078 τοίς
259 2045 413 2081 ὑμετέροις,
425 2044 495 2072 κατά
507 2044 552 2071 τὸν
563 2043 658 2079 καιρὸν
669 2044 772 2070 ἐκεῖνον
783 2042 843 2069 οὐδὲ
859 2042 923 2077 μιᾶς

133 2093 294 2128 ἐπιμελείας
306 2092 323 2127 ή
339 2099 411 2123 τινος
424 2090 580 2126 ἀξιούμενοι
593 2089 762 2125 διορθώσεως
775 2089 817 2116 ἔτι
828 2096 836 2104 ·
849 2088 922 2123 λέγει

133 2138 161 2165 ἃ
184 2137 285 2170 ταῦτα,
310 2137 347 2169 ὡς
361 2136 490 2169 πολλάκις
509 2136 588 2172 ἔφην,
607 2135 654 2162 ἐπὶ
674 2135 721 2162 τοῦ
735 2134 831 2170 καιροῦ
843 2142 923 2169 γεγο-

133 2185 198 2212 νότα
218 2183 272 2211 τῶν
293 2183 490 2215 Μακκαδαίων,
510 2182 628 2218 ὁπηνίκα
642 2181 692 2218 τὴν
707 2180 805 2208 ἑαυτοῦ
833 2188 923 2216 παρα-

970 1589 1096 1624 ]ιιειίιῑε,
1111 1592 1139 1616 et
1153 1588 1257 1617 sanitas
1271 1588 1299 1615 in
1311 1588 1409 1624 pennis
1424 1587 1496 1623 eius.
1517 1597 1527 1614 ι
1548 1586 1634 1617 Vobis
1648 1588 1760 1624 quidem

971 1634 1068 1667 multa,
1084 1637 1114 1662 ut
1124 1641 1174 1669 par
1186 1637 1238 1667 est.
1247 1633 1335 1669 gloria
1346 1633 1410 1666 erit,
1426 1641 1442 1661 a
1455 1633 1511 1661 Deo
1520 1637 1632 1670 propter
1640 1639 1760 1662 vestram

971 1686 1042 1713 (ιι-εει.
1051 1686 1114 1706 eum
1136 1678 1354 1706 benevolentiam
1378 1685 1522 1707 concessa.
1547 1678 1616 1707 Tum
1641 1684 1669 1707 et
1686 1679 1762 1707 omni

972 1724 1045 1751 malo
1064 1723 1202 1760 expediet.
1218 1724 1271 1751 alis
1284 1724 1369 1752 veluti
1388 1724 1563 1759 providentia
1584 1732 1635 1753 sua
1653 1729 1761 1760 tegens.

971 1769 1100 1806 Nihilque
1130 1769 1263 1798 diti‘cretis
1294 1777 1311 1797 a
1340 1770 1434 1798 vitulis
1459 1770 1506 1806 qui
1533 1771 1652 1800 vinculis
1678 1771 1762 1799 sol-sti

972 1817 1057 1844 multa
1089 1823 1152 1844 cum
1189 1816 1329 1852 voluptate
1366 1817 1507 1845 exsiliunt.
1550 1816 1762 1844 Dominabimini

972 1861 1054 1889 etiam
1071 1861 1185 1896 iniquis,
1199 1861 1341 1896 qui-quasi
1365 1861 1436 1889 cinis
1447 1861 1563 1897 pedibus
1577 1861 1678 1889 vestris
1695 1861 1762 1888 sub-

971 1911 1063 1939 erunt,
1081 1907 1147 1942 quia
1170 1907 1217 1935 illo
1230 1911 1356 1942 tempore
1376 1914 1444 1934 cura
1462 1914 1523 1934 mea
1540 1907 1614 1934 nulla
1629 1907 1671 1934 vel
1685 1907 1760 1935 leva-

973 1956 1064 1979 mento
1084 1952 1158 1988 «tigni
1178 1951 1364 1980 habebuntur.
1386 1951 1450 1980 “me
1465 1956 1556 1980 autem
1571 1952 1620 1983 ait.
1642 1956 1671 1980 ut
1690 1960 1762 1988 saepe

972 1998 1040 2027 dixi.
1060 1998 1095 2026 de
1115 1998 1199 2026 rebus
1219 2006 1280 2033 quae
1296 1998 1511 2026 Maccabaorum
1528 2002 1652 2033 tempore
1670 1999 1760 2026 conti-

972 2047 1082 2079 gerunt.
1097 2050 1160 2071 cum
1177 2051 1258 2071 suum
1282 2043 1406 2079 przebens
1421 2043 1553 2071 auxilium
1573 2043 1655 2076 Deus,
1674 2044 1762 2073 malo!

973 2096 1053 2124 poena
1077 2089 1223 2124 implicuit,
1246 2089 1274 2116 in
1291 2089 1392 2117 solatio
1409 2093 1501 2117 autem
1527 2092 1555 2117 et
1578 2089 1761 2125 prosperitate

972 2142 1020 2163 eos
1037 2135 1181 2162 constituit
1204 2134 1251 2170 qui
1276 2135 1350 2170 leges
1371 2134 1459 2170 ipsius
1481 2135 1660 2170 protegebant
1681 2142 1688 2161 :
1712 2135 1761 2170 qui

973 2186 1048 2209 certe
1064 2181 1231 2216 puniverunt
1247 2184 1328 2215 atque
1345 2180 1512 2208 domuerunt
1535 2180 1650 2208 omnino
1664 2180 1761 2208 adver-

135 2230 208 2267 σχὼν
228 2229 314 2266 ῥοπὴν
333 2229 349 2255 ὁ
362 2229 428 2261 Θεὸς
446 2228 635 2264 ἐτιμωρήσατο
655 2227 705 2262 μὲν
727 2227 790 2258 τοὺς
809 2226 920 2256 κακοὺς.

974 2227 1061 2255 sarius
1071 2235 1148 2259 suos,
1158 2234 1213 2254 non
1221 2234 1255 2255 ex
1269 2226 1430 2262 alienigenis
1441 2230 1560 2260 tantum,
1571 2233 1666 2254 verum
1677 2227 1759 2254 etiam

134 2277 163 2303 ἐν
178 2275 269 2303 ἀνέσει
284 2275 312 2302 δὲ
326 2275 374 2302 καὶ
386 2274 522 2310 εὐπραγίᾳ
532 2272 683 2308 κατέστησε
696 2272 759 2304 τοὺς
771 2271 825 2298 τῶν
838 2270 922 2298 αὑτοῦ

132 2320 258 2355 νομίμων
285 2318 494 2355 ἀντεχομένους·
523 2318 548 2345 οἳ
570 2317 618 2344 καὶ
646 2317 851 2352 ἐτιμωρήσαντο
875 2315 923 2342 καὶ

133 2366 343 2401 κατεκράτησαν
357 2364 495 2396 παντελῶς
510 2364 564 2391 τῶν
580 2363 717 2394 ἔναντίων,
734 2362 764 2389 οὐ
779 2362 834 2388 τῶν
846 2361 922 2397 παρὰ

133 2413 188 2444 τοῖς
200 2411 349 2446 ἀλλοτρίοις
361 2410 450 2446 μόνον,
466 2410 533 2437 ἀλλά
549 2409 603 2445 γὰρ
613 2408 723 2436 καὶτῶν
734 2408 842 2434 οίκείων
852 2415 859 2423 ·
873 2407 922 2440 ἀφ’

132 2454 172 2484 ὧν
187 2457 221 2493 δὴ
234 2457 282 2484 καὶ
299 2456 380 2492 δῆλον
391 2456 493 2483 ἅπασιν
507 2455 614 2490 ἐγένετο
624 2456 685 2482 ὅσον
697 2455 757 2481 ἐστὶ
773 2454 805 2481 τὸ
819 2453 922 2488 μεταξὺ

133 2503 188 2530 τῶν
203 2511 233 2530 τε
254 2502 434 2530 δουλευόντων
455 2501 525 2537 Θεῷ,
548 2501 595 2528 καὶ
618 2501 673 2528 τῶν
698 2499 828 2527 τάναντία
855 2508 923 2534 φρο-

133 2549 260 2580 νούντων,
272 2548 319 2582 ἀφ’
330 2543 367 2574 ὧν
380 2547 406 2573 οἱ
419 2547 468 2582 μὲν
483 2546 636 2582 βαρυτάτην
647 2545 769 2578 ἐδέξαντο
776 2545 922 2580 τιμωρίαν,

133 2595 159 2621 oi
173 2594 202 2621 δὲ
216 2595 245 2621 ὲν
265 2593 378 2628 εὐθηνίᾳ
393 2601 424 2620 τε
440 2593 487 2619 καὶ
506 2592 644 2628 εὐπραγίᾳ
658 2592 828 2626 κατέστησαν
850 2589 925 2617 πλεί-

973 2281 1006 2301 ex
1025 2272 1208 2309 popularibus
1222 2273 1293 2300 suis.
1310 2272 1350 2300 Ex
1371 2280 1425 2308 quo
1439 2272 1548 2300 cunctis
1563 2272 1683 2300 innotuit
1695 2272 1760 2307 quid

972 2317 1121 2346 interesset
1136 2318 1209 2345 inter
1222 2317 1276 2345 Deo
1290 2317 1453 2348 servientes,
1466 2320 1492 2345 et
1502 2317 1574 2344 inter
1588 2316 1759 2344 contrarium

972 2368 1102 2400 agentes;
1131 2371 1185 2399 qua
1212 2362 1246 2390 de
1272 2370 1357 2391 causa
1381 2362 1409 2390 hi
1435 2362 1626 2397 gravissimam
1652 2369 1759 2397 pmnam

972 2409 1154 2445 pertulerunt.
1176 2408 1216 2436 illi
1242 2413 1333 2436 autem
1350 2415 1496 2443 prosperos
1511 2414 1658 2435 successus
1676 2406 1762 2434 felici—

972 2458 1112 2489 tatemque
1123 2454 1268 2489 plurimam
1279 2453 1354 2480 nacti
1365 2457 1439 2481 sunt.
1452 2451 1484 2479 Et
1496 2451 1638 2488 prophetia
1648 2452 1760 2487 quidem

973 2498 1046 2527 beati
1059 2499 1156 2534 Angeli
1171 2499 1208 2526 ita
1219 2506 1250 2526 se
1260 2498 1368 2530 habuit.
1382 2505 1465 2533 quam
1482 2497 1516 2524 de
1528 2497 1611 2525 rebus
1626 2501 1682 2524 tum
1696 2500 1761 2524 aeta-

974 2550 1002 2572 te
1017 2544 1076 2577 illa,
1092 2548 1151 2572 tum
1165 2544 1217 2572 sub
1229 2543 1402 2576 Maccabeis,
1414 2543 1448 2571 ad
1465 2542 1604 2570 lsraelitas
1620 2543 1761 2578 pertinen—

975 2590 1049 2618 tibus
1065 2589 1141 2618 fecit.

134 2648 196 2676 στῃ.
219 2641 252 2667 'ﬂ
276 2640 326 2676 μὲν
344 2640 373 2667 δὲ
393 2640 464 2676 πρὸς
503 2639 548 2666 τὸν
584 2639 649 2666 λαὸν
669 2637 823 2675 προφητεία
853 2637 899 2664 τοῦ
924 2636 1059 2673 μακαρίου
1083 2636 1211 2670 ’Δγγέλου
1230 2635 1324 2663 τοῦτον
1345 2635 1408 2670 ἔσχε
1432 2634 1478 2661 τὸν
1510 2633 1621 2670 τρόπον,
1644 2634 1678 2670 ήν
1698 2635 1762 2669 περὶ

132 2688 187 2715 τῶν
203 2688 295 2720 αὐτοῖς
309 2688 502 2724 προσηκόντων
515 2686 587 2714 κατά
599 2694 629 2713 τε
638 2685 684 2713 τὸν
696 2685 791 2722 καιρὸν
805 2685 918 2718 ἐκεῖνον,
938 2685 1010 2712 κατά
1024 2693 1055 2711 τε
1071 2684 1117 2711 τὸν
1130 2683 1184 2710 τῶν
1198 2682 1384 2711 Μακκαδαίων
1397 2682 1554 2717 ἐποιήσατο.

175 2734 287 2769 Ἐπειδὴ
318 2734 347 2760 δὲ
373 2733 525 2764 τελευταῖος
546 2732 633 2764 οὕτως
653 2732 763 2766 ὲγένετο
784 2732 925 2767 προφήτης

134 2781 263 2807 ἁπάντων
287 2779 343 2806 τῶν
368 2780 464 2814 γραφῇ
488 2779 537 2811 τὰς
558 2777 663 2806 ἑαυτῶν
693 2777 924 2813 παραδεδωκότων

135 2824 321 2860 προφητείας,
336 2823 426 2855 καλῶς
441 2824 512 2859 ἔχειν
529 2824 650 2859 ἡγήσατο
665 2822 757 2849 λοιπὸν
772 2821 857 2854 δείξαι
875 2821 924 2857 μὲν

135 2871 182 2897 τοῦ
202 2871 286 2904 νόμου
309 2870 357 2905 τὴν
381 2869 537 2901 κατάλυσιν,
560 2869 645 2902 δεῖξαι
666 2868 694 2895 δὲ
711 2868 743 2895 τὰ
759 2868 826 2903 μετὰ
846 2867 925 2894 τοῦτο

1013 2729 1082 2763 Quia
1116 2737 1182 2757 vero
1214 2732 1372 2763 postremus
1401 2727 1447 2757 hic
1468 2727 1592 2755 oniniurn
1614 2725 1763 2762 propheta-

978 2783 1039 2803 rum
1064 2774 1127 2808 fuit,
1151 2774 1198 2810 qui
1213 2781 1279 2802 suas
1292 2774 1396 2809 scripto
1415 2773 1573 2810 propbetias
1585 2772 1761 2803 mandarunt.

978 2826 1051 2850 recte
1064 2829 1094 2849 se
1109 2821 1201 2848 facere
1220 2820 1356 2856 judicavit
1370 2818 1588 2848 demonstrando
1602 2818 1702 2846 deinde
1724 2817 1764 2844 lc-

978 2869 1019 2904 gis
1033 2868 1227 2902 cessationem,
1243 2870 1269 2894 et
1283 2873 1343 2902 quae
1358 2870 1453 2902 postea
1464 2868 1558 2894 essent
1566 2867 1761 2893 consecutura.
