1966 3069
210 189 260 217 63!

802 184 979 215 THEODOBI
992 183 1235 215 κορδυεδτεηι

1793 185 1849 214 652

212 257 223 275 ι
243 247 407 277 Hemeutote
419 246 490 284 legis
505 246 608 283 Moysis
623 247 696 277 servi
719 246 785 280 mei,
803 247 876 275 sicut
889 248 914 276 ei
928 255 1000 283 pra:-

1057 247 1186 283 ὲσόμινα·
1210 247 1252 274 διό
1275 255 1343 283 φησι
1365 246 1457 284 (Στίχ.
1474 246 1532 282 ςθγ
1561 256 1572 274 t
1594 245 1741 284 Μνήσθητσ
1764 247 1851 284 νόμου

209 295 269 329 cepi
287 295 314 321 in
334 293 444 322 Choreh
464 293 499 321 ad
523 293 683 321 universum
716 292 844 321 lsraelem
875 293 1005 320 mandata

209 338 472 374 etjustilicationes.
491 337 523 365 Et
542 345 609 366 ecce
624 345 675 373 ego
690 338 797 366 mittam
819 336 898 365 vobis
916 336 1004 364 Etiam

209 383 381 417 Tlteshitem,
404 388 470 412 ante
491 391 576 419 quam
597 384 691 411 veniat
707 383 767 411 dies
781 382 890 410 Domini
906 390 1005 419 magna

209 433 238 457 et
251 430 383 464 illustris,
401 430 448 465 qui
461 429 651 457 reconciliabit
664 437 712 457 cor
727 429 813 465 patris
824 437 890 465 erga
907 429 1003 462 filium,

210 480 238 504 et
251 483 301 504 cor
314 476 435 504 hominis
443 483 508 511 erga
521 475 675 511 proximum
685 483 778 507 suum,
789 483 881 511 neego
892 476 1006 504 veniens

211 521 336 550 funditus
368 522 460 549 omnia
480 521 643 557 percutiam.
668 529 678 547 ι
706 520 790 556 389
808 519 1004 548 Verumtamen

210 571 311 603 praeter
324 567 417 596 omnia
431 575 493 602 qua;
506 567 579 594 dicta
595 566 718 599 fuerunt,
739 566 793 594 hoc
803 566 881 594 vobis
893 571 1004 602 postre~

211 621 287 641 mum
303 613 464 642 mandatum
486 613 577 646 trado,
594 617 625 640 ut
644 612 714 648 legis
729 619 797 640 mea:
809 619 945 641 memores
967 613 1005 641 si-

211 661 260 693 tis,
275 668 357 695 quam
380 668 428 695 per
447 659 569 696 Moysem
593 659 726 688 universo
749 659 846 687 lsraeli
873 658 1005 694 imposui,

211 714 383 742 quascunque
401 706 436 733 ab
459 713 493 734 eo
526 705 586 734 fieri
615 709 756 741 oporteret
779 705 927 733 manifeste
946 705 1006 733 edi-

212 760 290 780 cens.
306 751 352 780 Sic
366 759 432 787 ergo
453 752 481 779 in
507 752 604 787 primis
629 751 793 779 obedientize
809 751 911 779 dabitis
934 751 1007 778 indi-

211 799 300 832 cium.
310 799 334 827 si
347 798 494 826 Dominum
508 799 661 826 venientem
672 797 837 833 exceperitis
851 797 1004 830 Christum,

212 844 259 880 qui
276 848 389 880 propter
404 845 528 871 omnium
545 843 688 872 hominum
702 844 819 872 salutem
839 843 983 879 apparebit
997 852 1004 877 ;

213 891 314 927 quique
337 891 389 926 legi
410 890 490 918 linem
514 890 646 925 imponet,
673 894 701 918 et
723 889 917 925 perfectionem
940 897 1005 924 pro.

212 937 301 971 priam
316 936 528 964 demonstrabit.
545 935 673 963 Profecto
688 935 756 963 bene
772 934 869 962 fuisset
883 942 933 962 vos
947 939 1004 963 sta-

212 982 273 1014 tim,
284 986 311 1010 et
331 982 357 1009 iu
372 982 461 1016 pritno
478 981 538 1016 ejus
558 982 676 1009 adventu
697 981 820 1012 credere,
833 985 914 1015 atque
930 981 1004 1008 hunc

213 1035 363 1064 agnoscere
376 1028 451 1055 illum
468 1035 531 1055 esse
560 1035 641 1062 quem
656 1027 764 1062 Moyses
776 1027 925 1062 cunctique
939 1033 1003 1061 pro—

213 1073 301 1108 pheta:
318 1073 476 1105 innuerant,
495 1072 576 1099 finem
592 1071 644 1107 legi
660 1071 868 1106 impositurum,
885 1075 912 1098 et
927 1078 1004 1098 com-

212 1125 324 1145 munem
340 1117 462 1145 omnium
478 1118 568 1152 palam
582 1116 742 1145 eﬂ‘ecturum
758 1117 875 1145 salutem
888 1125 894 1143 :
908 1124 940 1143 ex
949 1124 1004 1151 quo

212 1163 281 1192 illud
298 1171 410 1199 quoque
435 1163 565 1191 omnibus
590 1163 768 1195 innotuisset,
787 1162 839 1189 hoc
856 1169 917 1190 esse
931 1169 1005 1190 caeo-

212 1209 312 1237 nomice
338 1209 423 1237 totius
450 1209 521 1244 legis
552 1212 635 1244 caput
659 1208 865 1244 maximumque
891 1208 1003 1242 bonum,

212 1261 310 1289 nempe
330 1258 359 1281 ut
380 1260 476 1281 omttes
500 1253 626 1282 homines
648 1254 681 1281 ad
693 1252 834 1281 Christum
858 1252 1004 1280 Dominum

212 1299 427 1332 adducerentur,
449 1300 497 1334 qui
520 1300 589 1327 tanti
601 1299 668 1327 boni
688 1299 777 1334 gratia
804 1303 928 1334 tempore
952 1306 1005 1327 suo

212 1345 381 1374 adventurus
398 1350 466 1373 erat.
488 1345 542 1373 Sed
559 1347 623 1380 quia
641 1345 770 1381 praesenti
785 1345 825 1372 illi
837 1345 1004 1373 malevolen-

212 1391 280 1418 tiam
303 1395 423 1420 vestram
440 1391 605 1424 ostcndetis,
632 1391 732 1420 beatus
753 1390 787 1418 ad
813 1397 863 1418 vos
883 1391 1006 1418 mittetur

213 1436 301 1469 Elias.
323 1440 388 1464 ante
407 1436 560 1464 secundum
584 1436 689 1464 Christi
720 1435 828 1463 Domini
857 1435 1005 1463 adventum

213 1482 262 1517 qui
279 1482 313 1510 de
326 1482 397 1510 caelo
411 1482 520 1510 futurus
535 1486 587 1514 est,
603 1486 634 1509 ut
648 1489 697 1510 eos
708 1482 755 1517 qui
768 1481 910 1517 religionis
923 1489 1006 1509 causa

214 1526 287 1554 inter
301 1534 332 1555 se
345 1526 483 1554 dissident
498 1527 619 1562 copulet,
633 1534 684 1554 nec
701 1534 756 1554 non
774 1530 803 1554 ut
815 1530 943 1561 parentes
957 1533 1006 1562 per

212 1572 304 1607 ipsius
317 1572 458 1607 religionis
469 1573 595 1599 notitiam
618 1572 652 1600 ad
664 1572 842 1600 concordiam
859 1579 922 1599 cum
938 1571 1005 1599 libe-

218 1618 259 1646 ris
275 1618 428 1653 pertrahat,
447 1618 613 1646 dissidentes
629 1624 708 1646 antea
720 1618 844 1654 ejusdem
863 1617 1005 1653 religionis

216 1671 299 1691 causa
314 1672 321 1691 :
334 1664 362 1690 in
378 1671 497 1695 summa,
514 1667 545 1691 ul.
556 1671 652 1692 omnes
668 1664 794 1692 homines
815 1671 870 1691 uno
892 1663 1006 1691 eodem-

215 1716 270 1744 que
281 1709 393 1737 vinculo
418 1709 612 1745 constringat:
637 1710 675 1737 ita
695 1714 726 1737 ut
743 1709 791 1745 qui
806 1713 874 1737 tunc
903 1709 1006 1737 inventi

215 1754 321 1782 fuerint
337 1754 495 1790 irreligiosi,
518 1755 554 1782 ab
577 1762 611 1783 eo
633 1755 758 1782 notitiam
775 1755 902 1783 veritatis
916 1754 1008 1782 susci-

216 1799 303 1835 piant,
325 1803 426 1827 etcum
443 1800 583 1835 religiosis
605 1799 737 1836 deinceps
754 1800 924 1835 conspirent.
944 1800 1008 1827 Haec

216 1844 298 1872 faciet
316 1845 364 1880 qui
384 1845 507 1872 omnium
530 1846 674 1873 hominum
696 1845 794 1874 salutis
819 1853 914 1873 curam
936 1845 1006 1880 gerit

215 1889 305 1923 Deus;
321 1898 356 1918 ne
369 1889 440 1918 forte
458 1891 487 1918 in
502 1891 642 1927 impietate
654 1895 871 1927 perseverantes,
885 1895 1007 1919 tremen-

215 1935 280 1963 dum
294 1936 441 1964 adventum
456 1937 517 1972 ejus
530 1937 718 1972 experiantur,
735 1937 782 1973 qui
800 1937 834 1965 ad
846 1945 1005 1972 supremum

215 1981 403 2016 improborum
418 1982 531 2010 exitiqu
549 1982 604 2010 fiet.

1021 921 1042 948 Β

1019 1596 1040 1626 C

1055 293 1142 328 Μωσῆ
1160 293 1209 321 τοῦ
1223 293 1316 320 δούλου
1333 302 1396 330 μου,
1411 294 1507 321 καθότι
1520 294 1697 330 ὲνετειλάμην
1711 295 1759 329 (p.
1775 295 1851 330 572)

1055 339 1130 375 αὐτῷ
1144 340 1174 367 ὲν
1196 339 1299 376 Χωρὴϐ
1329 341 1398 376 πρὸς
1421 340 1510 368 πάντα
1531 340 1577 367 τὸν
1598 340 1705 376 Ἰσραὴλ
1728 341 1851 377 προστά-

1054 393 1149 420 γματα
1161 385 1208 412 καὶ
1226 385 1409 422 δικαιώματα,
1422 387 1470 414 καὶ
1487 387 1542 414 ἰδοὺ
1557 387 1614 422 ἐγὼ
1626 388 1770 415 ἀποστελῶ
1783 388 1851 424 ὑμῖν

1061 430 1155 459 Ἦλίαν
1169 431 1215 458 τὸν
1228 431 1372 468 Θεσὸίτην,
1389 433 1456 469 πρὶν
1474 432 1490 469 ἢ
1508 433 1596 460 ἐλθεῖν
1605 434 1654 469 τὴν
1670 434 1778 470 ἡμέραν
1790 434 1850 461 Κυ-

1057 476 1114 512 ρίου
1138 477 1188 513 τὴν
1215 477 1338 514 μεγάλην
1361 479 1408 505 καὶ
1425 479 1563 515 ἐπιφανῆ,
1585 479 1615 511 ὃς
1628 480 1850 515 ἀποκαταστήσει

1055 524 1170 561 καρδίαν
1193 525 1297 561 πατρὸς
1316 525 1385 561 πρὸς
1399 525 1467 559 υίδν,
1492 526 1541 553 καὶ
1563 526 1677 561 καρδίαν
1702 526 1851 562 ἀνθρώπου

1056 570 1125 606 πρὸς
1140 570 1186 597 τὸυ
1201 570 1315 605 πλησίον
1334 569 1427 603 αὑτοῦ,
1447 570 1486 606 μὴ
1501 570 1587 599 ἐλθὼν
1601 571 1715 604 πατάξω
1730 571 1780 607 τὴν
1793 571 1850 606 γῆν

1055 615 1152 650 ἄρδην.
1171 623 1181 641 ι
1205 614 1286 642 Ἀλλὰ
1299 615 1354 650 γὰρ
1368 615 1410 650 ἐφ’
1423 614 1510 651 ὅντασι
1526 617 1581 648 τοῖς
1595 616 1751 652 εἰρημένοις
1766 616 1851 652 ἐσχά-

1055 668 1106 695 την
1121 660 1224 696 ταύτην
1241 660 1305 696 ὑμῖν
1319 661 1493 697 παραδίδωμι
1508 661 1558 698 τήν
1572 661 1693 698 ἐντολὴν,
1713 662 1746 689 ἵν’
1766 662 1850 698 ἔχητε

1055 706 1101 733 τδν
1114 707 1196 741 νόμον
1217 707 1246 734 ἐν
1266 708 1362 744 μνήμῃ
1377 707 1423 734 τὸν
1450 707 1526 742 ἐμὸν,
1550 707 1580 734 ὃν
1598 708 1642 735 διά
1653 707 1702 735 τοῦ
1725 708 1852 740 Μωσέως

1057 752 1126 788 πρὸς
1143 752 1252 779 ἅπαντα
1269 752 1373 779 δέδωκα
1393 751 1439 780 τὸν
1468 752 1586 788 Ἰσραὴλ,
1609 753 1688 780 ἅτινα
1715 753 1850 788 πράττειν

1057 799 1155 831 αὐτοὺς
1174 798 1216 833 ἐφ’
1229 798 1338 834 ἑκάστῳ
1352 798 1416 834 χρὴ,
1431 799 1526 834 σαφῶς
1542 799 1674 835 εἰρηκώς·
1692 799 1787 834 ὥσπερ
1800 797 1851 826 οὖν

1057 844 1176 880 πρῶτον,
1196 844 1244 871 τοῦ
1262 844 1405 871 πείθεσθαι
1434 844 1567 880 παρέξετε
1581 844 1736 880 γνώρισμα,
1753 845 1783 872 τὸ
1802 845 1851 872 τὸν

1057 891 1195 927 Δεσπότην
1211 890 1417 926 ιιι-,αραγεγονότα
1430 891 1559 923 δέξασθαι
1572 891 1698 927 Χριστὸν,
1714 891 1785 927 ὑπὲρ
1799 893 1851 927 τῆς

1058 935 1185 963 ἁπάντων
1196 934 1347 970 ἀνθρώπων
1360 935 1528 972 φανούμενον
1540 937 1687 973 σωτηρίας,
1702 937 1732 969 ὃς
1747 937 1852 965 παύσει

1058 979 1108 1015 μὲν
1120 980 1166 1007 τὸν
1175 980 1266 1015 νόμον,
1279 980 1393 1015 ἐκφανεῖ
1402 979 1430 1006 δὲ
1442 980 1491 1016 τὴν
1501 980 1658 1017 τελειότητα
1671 981 1719 1016 τὴν
1729 981 1850 1009 οίκείανο

1057 1026 1125 1061 ὅπερ
1143 1024 1190 1053 οὖν
1207 1025 1295 1058 καλῶς
1311 1026 1360 1060 μὲν
1373 1024 1445 1061 εἶχεν
1460 1026 1533 1062 ὑμᾶς
1548 1026 1613 1054 εὐθὺ
1628 1026 1675 1053 καὶ
1687 1027 1759 1054 κατά
1774 1027 1852 1064 πρώ-

1057 1080 1107 1104 τας
1121 1071 1231 1106 φανέντι
1247 1071 1403 1105 πιστεῦσαι,
1420 1072 1466 1099 καὶ
1477 1072 1578 1107 γνῶναι
1594 1072 1689 1100 τοῦτον
1700 1073 1763 1101 ὄντα
1776 1074 1852 1100 ἔχετ-

1061 1123 1106 1142 νον
1129 1116 1159 1142 ὃν
1179 1116 1281 1151 Μωσῆς
1298 1125 1328 1143 τε
1346 1116 1394 1143 καὶ
1408 1117 1508 1149 πάντες
1524 1118 1640 1153 ἐμήνυον
1655 1119 1680 1144 ot
1695 1119 1851 1154 προφῆταιξ,

1057 1160 1135 1193 τέλος
1151 1161 1200 1196 μὲν
1213 1161 1379 1197 ἐπιθήσοντα
1395 1162 1434 1197 τῷ
1447 1163 1532 1198 νόμῳ,
1547 1163 1597 1198 τὴν
1612 1163 1705 1199 κοινὴν
1718 1164 1747 1191 δὲ
1763 1164 1852 1191 ἁπάν-

1058 1214 1112 1232 των
1133 1205 1327 1242 ὲκκαλύψοντα
1355 1208 1512 1243 σωτηρίαν
1536 1208 1607 1235 ὥστε
1634 1210 1745 1237 κάκεῖνο
1770 1210 1852 1245 δῆλον

1059 1251 1160 1278 ἆπασιν
1175 1252 1317 1286 γενέσθαι,
1330 1253 1371 1279 ὅτι
1384 1252 1415 1289 δὴ
1436 1253 1517 1280 τοῦτο
1536 1254 1627 1289 πάσης
1648 1255 1697 1290 τῆς
1716 1256 1786 1283 κατά
1803 1256 1853 1283 τὸν

1058 1296 1139 1332 νόμον
1157 1297 1313 1332 οἰκονομίας
1330 1298 1390 1325 ἐστὶ
1406 1297 1436 1326 τό
1453 1308 1482 1325 τε
1504 1300 1650 1334 κεφάλαιον
1665 1301 1711 1327 καὶ
1723 1301 1753 1327 τὸ
1769 1301 1852 1336 μέγι-

1059 1350 1120 1369 στον
1131 1342 1243 1377 ἀγαθὸν,
1254 1343 1285 1370 τὸ
1298 1343 1403 1376 πάντας
1413 1344 1572 1381 ἀνθρώπους
1588 1345 1628 1381 τῷ
1635 1346 1759 1382 Δεσπὸτῃ
1771 1336 1853 1382 προσ-ι

1058 1390 1170 1422 αγαγείν
1185 1389 1296 1425 Χριστῷ
1309 1390 1355 1416 ἐπὶ
1365 1391 1422 1422 τοῖς
1438 1391 1575 1423 τοσούτοις
1588 1391 1700 1426 ἀγαθοῖς
1717 1393 1789 1420 κατά
1805 1393 1852 1420 τὶν

1059 1434 1154 1469 καιρὸν
1171 1435 1329 1471 φανουμένῳ
1349 1436 1395 1463 τὸν
1421 1437 1534 1463 οἰκεῖον·
1561 1438 1653 1473 ἐπειδὴ
1679 1437 1708 1464 δὲ
1732 1438 1779 1465 καὶ
1804 1439 1852 1465 ἐπὶ

1058 1479 1107 1514 τῆς
1124 1480 1227 1507 ἐκείνου
1249 1481 1357 1514 δείξεως
1368 1481 1418 1517 τὴν
1432 1483 1628 1518 ἀγνωμοσύνην
1641 1483 1788 1516 ἐπιδείξετε
1801 1484 1852 1519 τὴν

1059 1526 1172 1558 οίκείλν,
1191 1526 1236 1562 (p.
1254 1527 1325 1563 5T5)
1350 1527 1444 1559 Ἠλίας
1461 1528 1679 1564 ἀποσταλήσεται
1695 1529 1765 1565 πρὸς
1778 1529 1853 1564 ὑμᾶς

1059 1571 1073 1597 ὁ
1089 1573 1234 1608 μακάριος,
1248 1572 1301 1608 πρὸ
1314 1573 1364 1608 τῆς
1379 1573 1508 1608 δευτέρας
1518 1573 1565 1600 τοῦ
1580 1574 1715 1600 Δεσπότου
1731 1574 1853 1609 Χριστοῦ

1059 1616 1221 1652 παρουσίας,
1241 1619 1274 1653 ην
1293 1619 1340 1645 ἀπ’
1359 1618 1482 1654 οὐρανῶν
1507 1620 1667 1655 ποιήσεται·
1692 1620 1762 1648 ὥστε
1787 1621 1852 1653 τοὺς

1059 1663 1104 1690 διὰ
1119 1663 1169 1699 τὴν
1194 1663 1336 1691 εὐσέϐειαν
1352 1665 1421 1699 πρὸς
1444 1664 1574 1699 ἀλλήλους
1591 1664 1772 1701 διῃρημένους
1791 1675 1852 1694 συν-

1061 1708 1139 1743 άψαι,
1160 1709 1207 1736 καὶ
1223 1709 1256 1745 δὴ
1280 1710 1327 1736 καὶ
1351 1709 1472 1745 πατέρας
1487 1709 1532 1736 διὰ
1556 1710 1605 1745 τῆς
1625 1711 1695 1737 κατά
1710 1711 1760 1746 τὴν
1774 1711 1853 1738 εὗσέ-

1061 1755 1137 1782 6ειαν
1159 1755 1333 1789 ἐπιγνώσεως
1352 1757 1392 1787 είς
1409 1755 1458 1791 τὴν
1469 1756 1524 1782 τῶν
1537 1756 1640 1783 τέκνων
1656 1757 1769 1791 ἀγαγεῖν
1781 1757 1848 1793 ὀμό-

1061 1808 1145 1834 νοιαν,
1162 1800 1342 1837 διῃρημένους
1357 1801 1489 1837 πρότερον
1510 1802 1542 1828 ὲκ
1557 1802 1607 1836 τῆς
1624 1802 1696 1828 κατά
1710 1802 1759 1838 τὴν
1771 1802 1851 1829 εὗσέ-

1061 1846 1136 1873 6ειαν
1147 1847 1237 1879 αἰτίας
1247 1855 1254 1862 ·
1274 1847 1378 1879 πάντας
1394 1855 1423 1874 τε
1439 1846 1598 1882 ἀνθρώπους
1610 1848 1751 1883 συντόμως
1764 1849 1852 1876 εἰπεῖν

1060 1893 1101 1924 είς
1115 1893 1181 1928 μίαν
1201 1893 1249 1920 καὶ
1267 1893 1317 1928 τὴν
1332 1893 1417 1928 αὐτὴν
1430 1893 1602 1928 καταστῆσαι
1616 1894 1780 1928 συνάφειαν’
1794 1894 1852 1922 τῶν

1060 1939 1090 1965 ὲν
1111 1937 1224 1974 ἀσεϐείᾳ
1241 1938 1303 1964 τότε
1327 1936 1623 1974 καταλαμϐανομένων,
1635 1938 1786 1974 δεχομένων
1799 1939 1852 1974 μὲν

1059 1984 1124 2019 παρ’
1148 1983 1230 2010 αὑτοῦ
1249 1983 1299 2019 τὴν
1318 1983 1368 2018 τῆς
1384 1983 1513 2019 ἀληθείας
1533 1983 1691 2018 ἐπίγνωσιν,
1712 1984 1850 2019 ἐχομένων

214 2025 244 2053 δὲ
258 2028 306 2053 καὶ
324 2027 374 2062 τὴν
392 2027 516 2055 ἐντεῦθεν
553 2029 624 2064 πρδς
645 2030 709 2062 τοὺς
730 2029 854 2062 εὐσεὸεἶς
887 2029 1043 2057 κοινωνίαν·
1063 2030 1149 2057 ταῦτα
1165 2030 1194 2057 δὲ
1218 2030 1360 2066 ποιήσεται
1380 2030 1430 2066 τῆς
1454 2030 1580 2058 ἁπάντων
1598 2029 1751 2065 ἀνθρώπων
1769 2039 1850 2065 φρον-

214 2071 298 2104 τίζων
316 2073 451 2109 σωτηρίας
465 2074 481 2100 ὁ
496 2074 561 2107 Θεός
571 2083 579 2091 ·
594 2075 631 2107 ὡς
645 2076 678 2103 ἂν
698 2076 736 2111 μὴ
748 2077 875 2112 μένοντες
890 2077 938 2104 ἐπὶ
954 2078 1003 2113 τῆς
1022 2077 1160 2112 ἀσεϐείας,
1174 2077 1292 2113 φοϐερᾶς
1307 2077 1391 2105 αὐτοῦ
1401 2077 1453 2113 τῆς
1485 2077 1636 2113 παρουσίας
1668 2075 1850 2114 napum”,

216 2119 263 2147 ἰπὶ
276 2120 418 2157 ἀφανισμῷ
434 2122 561 2150 παντελεῖ
572 2123 627 2150 τῶν
642 2123 786 2160 μοχθηρῶν
798 2124 955 2161 γινομένης.
