1966 3069
144 159 192 187 633

727 149 943 180 FRAGMENTA
962 149 995 177 IN
1024 147 1182 177 GENESIN.

1709 146 1764 175 838

155 224 1758 251 W

372 324 840 382 THEODORI
895 321 1536 379 MOPSUESTENI

224 455 665 515 FRAGMENTA
694 455 768 514 IN
810 452 1050 514 VETUS
1080 450 1644 511 TESTAMENTUM.

766 674 830 720 IN
868 643 1148 719 GENESIN.

362 769 406 797 Ea:
432 769 546 798 concilio
573 768 867 804 Constantinopolitano
885 769 950 795 anni
979 768 1042 800 553,
1059 767 1161 795 actione
1177 766 1220 800 IV,
1235 775 1307 794 nunt.
1322 764 1462 800 LVII-LX,
1481 765 1562 793 LXII.

155 940 280 976 Ejusdem
307 939 436 976 Theodori
465 947 497 968 ex
521 940 588 967 libro
609 941 701 976 quinto
732 944 878 976 commenta
907 939 939 966 de
954 948 975 976 Α
990 945 1084 968 autem
1111 940 1158 976 qui
1182 941 1293 969 futurus
1308 944 1362 974 est,
1385 948 1448 969 cum
1463 948 1601 970 renovans
1619 941 1710 970 omnia
1740 942 1775 971 ad

188 982 321 1006 creatura,
336 976 363 1002 in
384 975 478 1011 quibus
492 980 518 1002 et
544 975 612 1003 bona
637 981 662 1003 et
689 975 762 1002 mala
776 984 792 1002 α
805 975 859 1002 Deo
882 983 938 1002 esse

189 1012 261 1045 facta
270 1012 345 1037 dicit.

189 1067 245 1096 Nec
262 1067 346 1103 igitur
357 1072 473 1096 mortem
487 1075 543 1095 non
555 1072 653 1103 sponte
661 1072 688 1096 ct
697 1073 795 1103 praeter
804 1067 939 1103 judicium

157 1121 236 1141 suum
252 1113 344 1141 intulit
355 1113 526 1147 hominibus,
542 1122 631 1149 neque
644 1118 758 1150 peccato
776 1114 880 1141 aditum
906 1113 941 1141 ad

157 1160 259 1188 nullam
275 1159 419 1186 utilitatem
439 1159 534 1193 dedit;
563 1168 614 1187 nec
643 1159 715 1187 enim
746 1160 797 1186 hoc
817 1160 874 1186 tieri
889 1166 941 1186 no-

159 1206 217 1233 lens
239 1212 293 1232 non
313 1208 439 1239 poterat:
460 1205 507 1232 sed
525 1204 655 1239 quoniam
683 1203 787 1231 sciebat
804 1203 870 1231 utile
881 1209 942 1230 esse

157 1251 249 1282 nobis,
265 1251 351 1286 magis
365 1255 456 1278 autem
476 1250 605 1278 omnibus
625 1250 848 1282 rationabilibus,
867 1249 942 1284 prius

158 1297 267 1332 quidem
282 1297 414 1323 malorum
431 1299 458 1324 et
471 1296 638 1324 deteriorum
655 1296 713 1323 fieri
729 1297 844 1329 aditum,
868 1299 944 1330 post-

158 1350 191 1370 ea
222 1347 314 1370 autem
341 1342 428 1370 deleri
448 1342 559 1377 quidem
587 1342 653 1374 huic,
683 1341 821 1368 introduci
852 1344 943 1368 autem

159 1387 294 1415 meliora:
315 1386 377 1413 ideo
394 1387 421 1413 in
441 1386 510 1413 duos
523 1389 612 1413 status
630 1385 724 1413 divisit
745 1385 816 1413 Deus
835 1387 944 1412 creatu-

160 1439 229 1463 ram,
247 1434 408 1466 praesentem
425 1435 453 1458 et
479 1430 621 1465 futurum;
650 1431 678 1458 in
697 1431 745 1459 illo
771 1430 881 1465 quidem
910 1429 944 1457 ad

161 1477 394 1506 immortalitatem
413 1481 440 1504 et
457 1476 707 1504 immutabititatcm
734 1476 828 1504 omnia
843 1476 945 1503 ductu-

160 1531 219 1556 rus,
236 1524 263 1550 in
284 1523 410 1558 pra’senti
424 1529 489 1550 vero
505 1526 631 1550 creatura
648 1523 676 1550 in
699 1526 813 1550 mortem
845 1527 872 1549 et
890 1529 947 1549 mu-

161 1570 326 1597 tabilitatem
342 1569 451 1596 interim
465 1576 515 1596 nos
534 1568 689 1597 dimittens.
716 1569 782 1596 Nam
798 1569 821 1596 si
834 1568 946 1603 quidem

162 1616 257 1643 statim
274 1615 310 1643 ab
326 1614 405 1642 Initio
431 1615 598 1643 immortales
615 1623 666 1643 nos
684 1614 779 1642 fecerit
790 1619 817 1642 et
845 1615 944 1642 immu-
960 1617 982 1645 B

162 1661 270 1693 labiles,
290 1660 394 1688 nullam
407 1660 587 1689 diITerentiam
604 1660 638 1688 ad
648 1661 845 1688 irrationabilia
864 1661 946 1688 babe-

162 1714 270 1739 remus,
299 1707 439 1741 proprium
467 1706 620 1734 nescientes
646 1706 759 1734 bonum.
785 1706 947 1742 lgnorantes

163 1753 234 1780 enim
264 1752 485 1784 mutabilitatem,
503 1751 733 1780 immutabilitatis
749 1752 947 1788 ignorabamus

164 1796 266 1824 bonum
280 1805 286 1823 :
301 1796 455 1824 nescientes
464 1802 591 1828 mortem,
608 1796 823 1824 immortalitatis
839 1795 947 1823 lucrum

164 1842 376 1870 neseiebamus:
395 1841 552 1878 ignorantes
567 1842 784 1877 corruptionem,
807 1849 862 1869 non
890 1842 949 1868 lau-

165 1886 299 1915 dabamus
330 1886 563 1922 lncorruptionem
583 1895 589 1914 :
610 1887 765 1916 nescientes
790 1888 948 1922 passionum

166 1940 323 1968 gravamen,
342 1931 590 1968 impassibilitatem
599 1940 656 1960 non
670 1932 851 1960 mirabamur.
868 1932 950 1960 Com-

167 1978 298 2014 pendiose
312 1978 415 2011 dicere.
428 1986 463 2007 ne
478 1979 590 2014 longum
605 1986 760 2007 sermonem
774 1979 889 2006 faciant:
902 1986 951 2006 ne-

166 2025 287 2052 scientes
302 2024 439 2052 malorum
458 2025 686 2061 experimentum,
718 2025 856 2053 bonorum
888 2024 952 2052 illo-

167 2077 228 2098 rum
247 2078 301 2098 non
319 2076 475 2106 pomramus
491 2070 635 2099 scientiam
651 2070 762 2099 mereri.

167 2135 296 2171 Ejusdem
309 2136 342 2163 de
353 2136 457 2169 iisdem,
481 2141 506 2164 et
522 2137 638 2172 angelos,
655 2141 680 2165 et
697 2136 825 2171 homines,
852 2142 878 2165 et
899 2137 954 2166 dte-

274 2180 364 2199 mones
378 2172 501 2199 similiter
513 2174 597 2200 malos
609 2180 666 2200 use
681 2173 804 2200 dicentis.

202 2228 321 2258 Necesse
347 2233 392 2258 est
417 2233 522 2262 autem,
553 2230 647 2257 omnia
664 2229 748 2258 simul
766 2229 953 2263 rationabilis,

168 2275 320 2303 invisibilia
334 2275 408 2308 dico,
428 2279 456 2302 et
468 2283 520 2303 nos
531 2275 617 2311 ipsos,
635 2275 736 2310 quibus
753 2276 868 2304 mortale
894 2276 956 2311 qui-

169 2321 231 2349 dem
250 2324 294 2348 est
324 2327 437 2356 corpus,
465 2321 557 2349 anima
583 2326 675 2350 autem
695 2329 745 2357 per
764 2322 857 2349 omnia
882 2321 957 2356 ejus-

169 2366 231 2394 dem
244 2367 261 2385 "‘
275 2366 461 2397 invisibilibus
476 2371 506 2395 et
519 2367 702 2395 rationalibus
720 2367 896 2400 substantiis,
912 2367 957 2394 hic

169 2412 282 2449 quidem
298 2416 461 2448 przesentem
491 2412 704 2440 mutabilitatem
722 2413 790 2448 pati,
803 2416 835 2440 ut
853 2412 956 2448 optima

170 2459 332 2487 erudiamor
345 2458 470 2487 doctrina
481 2458 683 2495 religiositatis,
698 2462 726 2487 et
738 2458 772 2486 ad
792 2458 957 2486 benevolen-

172 2504 239 2532 tiam
252 2505 463 2533 constituamur.

173 2571 299 2607 Ejusdem
327 2574 501 2601 interimentis
531 2573 673 2608 judicium,
696 2577 721 2600 et
745 2573 856 2601 dicentis
887 2574 956 2608 quod

208 2609 351 2635 mutabilia
361 2614 384 2635 et
402 2608 529 2636 mortalia
538 2609 628 2636 omnia
643 2609 715 2642 facta
733 2614 804 2640 sunt,
821 2613 845 2634 et
862 2608 957 2635 iterum

209 2644 300 2670 omnia
330 2643 507 2671 inmutabilia
534 2648 560 2671 et
590 2643 756 2670 immortalia
785 2643 876 2670 statim
899 2647 958 2676 post

210 2679 431 2741 alumentariam
466 2683 542 2706 erum
578 2678 721 2706 secundant
756 2678 957 2705 similitudinem

250 2718 301 2741 rtst
316 2734 323 2741 .

250 2718 323 2741 risit.

210 2780 289 2815 Quod
306 2781 417 2816 quidem
443 2781 548 2816 placuit
575 2781 650 2814 Deo,
668 2781 722 2809 hoc
749 2783 819 2813 erat,
834 2779 862 2807 in
889 2779 959 2808 duos

176 2830 266 2854 status
291 2825 416 2854 dividere
445 2832 627 2855 creaturam:
661 2834 743 2854 unum
772 2825 882 2861 quidem
912 2826 961 2860 qui

135 2883 138 2884 ν
177 2878 300 2906 pizesens
318 2876 372 2904 est.
387 2871 415 2899 in
429 2880 483 2908 quo
491 2872 631 2901 mutabilia
645 2872 735 2900 omnia
748 2871 829 2906 fecit;
842 2872 959 2901 alterum

990 986 1242 1014 imniutabilitatem
1275 985 1440 1014 transferet:
1468 994 1584 1022 quorum
1611 987 1774 1023 principium

989 1033 1070 1061 nobis
1086 1032 1207 1061 ostendit
1224 1033 1252 1060 in
1284 1032 1492 1068 dispensatione
1523 1032 1632 1061 Domini
1661 1033 1775 1067 Christi,

990 1087 1072 1114 quem
1084 1087 1117 1107 es
1134 1079 1213 1107 nobis
1240 1079 1419 1107 exsistentem
1451 1079 1626 1107 resuscitnvit
1653 1087 1686 1107 ex
1703 1087 1777 1107 mor-

992 1125 1058 1158 tuis,
1073 1128 1100 1152 et
1114 1124 1296 1152 immortalem
1314 1131 1442 1159 corpore,
1457 1129 1486 1152 et
1500 1125 1696 1153 immutabilem
1710 1125 1777 1153 fecit

993 1170 1111 1198 animam
1130 1169 1205 1205 [fort.
1233 1169 1355 1206 anima]:
1388 1178 1437 1205 per
1464 1170 1538 1205 quod
1567 1170 1777 1203 demonstravit,

992 1217 1056 1252 quia
1071 1217 1146 1244 circa
1163 1216 1321 1244 universam
1338 1219 1496 1244 creaturam
1510 1216 1562 1244 hoc
1577 1215 1699 1244 futurum
1721 1221 1776 1245 est.

1099 1284 1228 1320 Ejusdem
1243 1292 1275 1312 ex
1291 1290 1386 1320 quarto
1407 1284 1475 1312 libro
1494 1284 1526 1312 de
1539 1289 1672 1313 creatura.

1029 1350 1078 1378 Illo
1097 1355 1173 1379 certo
1187 1351 1348 1384 constituto,
1372 1351 1446 1387 quod
1471 1352 1703 1387 quemadmodum
1727 1359 1780 1382 no-

995 1396 1038 1424 bis
1052 1405 1100 1432 per
1115 1397 1348 1426 resurrectionem
1363 1402 1392 1426 et
1410 1405 1512 1434 corpus
1535 1399 1725 1434 incorruptum
1753 1403 1782 1427 et

995 1442 1176 1470 immutabilis
1189 1443 1281 1470 anima
1296 1444 1360 1476 erit,
1388 1443 1485 1471 eodem
1501 1443 1581 1471 modo
1601 1448 1628 1471 et
1654 1445 1782 1474 invisibi-

997 1487 1070 1516 libus
1089 1491 1117 1515 et
1131 1488 1344 1517 rationabilibus
1372 1489 1481 1517 naturis
1499 1489 1698 1517 immutabilem
1722 1497 1780 1518 me-

996 1534 1052 1562 reri
1064 1534 1212 1569 contingit,
1226 1542 1299 1561 nunc
1312 1534 1424 1570 quidem
1442 1535 1641 1570 accipientibus
1669 1543 1784 1564 conver-

997 1581 1114 1614 sionem,
1135 1581 1208 1609 sicut
1219 1589 1298 1610 versa
1317 1581 1458 1609 multoties
1474 1581 1570 1609 decem
1585 1581 1669 1608 millia
1683 1581 1784 1609 dzemo-

999 1633 1065 1654 uum
1091 1626 1251 1659 ostendunt,
1270 1631 1336 1654 tunc
1356 1630 1448 1655 autem
1480 1626 1509 1654 In
1536 1627 1784 1656 immutabilitatem

998 1672 1144 1700 nobiscum
1161 1672 1273 1701 tuturis.

1000 1736 1127 1773 Ejusdem
1140 1745 1173 1764 ea:
1186 1737 1277 1772 quinto
1293 1736 1372 1769 libro,
1390 1737 1459 1772 quod
1471 1737 1643 1773 scieneretu
1665 1737 1786 1773 expedire

1087 1773 1236 1800 hominibus
1249 1778 1396 1807 peccatum,
1412 1773 1460 1799 hoc
1475 1773 1534 1808 fieri
1548 1772 1689 1808 disposuit.

1034 1839 1103 1866 Nam
1119 1840 1223 1867 sciebat
1235 1839 1345 1874 quidem
1361 1839 1434 1875 quod
1445 1840 1599 1875 peccabunt
1614 1840 1785 1873 omnimodo,

1000 1884 1169 1913 concedebat
1188 1893 1255 1913 vero
1283 1886 1336 1913 hoc
1364 1885 1435 1918 ﬁeri,
1463 1885 1594 1920 expedire
1617 1886 1658 1914 eis
1684 1893 1788 1921 cogno-

1001 1938 1101 1959 scens:
1119 1932 1250 1966 quoniam
1269 1939 1320 1960 nec
1335 1936 1396 1960 erat
1412 1931 1546 1966 possibile
1566 1939 1640 1965 eum,
1653 1932 1701 1966 qui
1723 1939 1786 1959 cum

1002 1977 1098 2005 fecerit
1113 1985 1168 2005 non
1189 1982 1339 2010 exstantes,
1351 1983 1378 2005 et
1394 1981 1533 2005 tantorum
1549 1977 1659 2013 quidem
1676 1978 1789 2006 demon-

1002 2022 1133 2050 straverit
1148 2022 1286 2054 dominos,
1316 2025 1392 2049 tanta
1410 2029 1476 2049 vero
1506 2021 1578 2049 bona
1614 2021 1789 2057 proposuerit

1003 2071 1034 2095 ut
1047 2067 1088 2095 eis
1107 2066 1248 2100 fruantur,
1267 2074 1323 2095 non
1335 2067 1482 2102 prohibere
1496 2067 1601 2103 peccati
1623 2067 1738 2100 aditum,
1763 2067 1788 2095 si

1003 2112 1134 2148 expedire
1149 2112 1192 2140 eis
1209 2111 1262 2140 hoc
1281 2116 1472 2147 cognosceret.
1494 2111 1548 2140 Sed
1565 2112 1639 2140 enim
1651 2119 1707 2140 non
1729 2116 1789 2140 erat

1004 2158 1146 2194 possibile.
1162 2165 1214 2186 nos
1228 2158 1307 2187 aliter
1322 2158 1431 2187 discere
1453 2162 1608 2193 peccatum,
1623 2163 1651 2187 et
1679 2158 1790 2194 passio-

1005 2211 1071 2232 num
1089 2203 1253 2238 molestiam,
1269 2207 1297 2232 et
1311 2203 1459 2237 deteriora.
1476 2207 1504 2232 et
1523 2208 1647 2232 nostram
1673 2203 1793 2231 inﬁrmi-

1006 2252 1091 2276 tatem
1119 2249 1147 2276 in
1173 2248 1218 2277 bis
1244 2248 1498 2282 demonstrandam,
1526 2249 1561 2276 ad
1591 2248 1792 2277 ostendendam

970 2289 990 2318 C
1007 2294 1229 2330 magnitudinem
1244 2294 1489 2326 immutabititatis.
1503 2301 1587 2330 quam
1603 2298 1699 2330 postea
1711 2294 1794 2322 nobis

1007 2344 1082 2368 esset
1098 2339 1262 2373 donaturus,
1283 2340 1338 2369 nisi
1357 2341 1400 2369 sic
1421 2340 1458 2368 ab
1470 2340 1549 2368 initio
1560 2340 1620 2368 haec
1641 2339 1758 2367 fuissent
1776 2346 1794 2366 ε

1007 2384 1063 2412 Deo
1076 2385 1246 2420 dispensata,
1264 2388 1294 2413 ut
1306 2385 1453 2414 collatione
1467 2389 1495 2413 et
1522 2385 1709 2420 experimento
1731 2384 1796 2411 inti-

1008 2431 1129 2457 nitorum
1148 2430 1258 2457 illorum
1285 2431 1421 2458 bonorum
1434 2437 1579 2466 possemus
1593 2430 1665 2458 scire
1688 2430 1795 2465 magni-

1007 2475 1148 2502 tudinem:
1163 2478 1190 2502 et
1202 2474 1285 2508 hujus
1302 2475 1400 2510 gratia,
1413 2479 1508 2510 utpote
1521 2475 1693 2511 profuturum
1702 2476 1794 2509 nobis,

1009 2524 1154 2555 peceatum
1170 2521 1273 2548 intrare
1288 2520 1441 2554 dimittens,
1462 2528 1592 2557 magnum
1612 2520 1640 2549 in
1652 2521 1713 2557 ejus
1723 2522 1797 2551 bello

1009 2565 1143 2593 auxilium
1157 2566 1274 2593 invenit.

1011 2632 1140 2669 Ejusdem
1155 2632 1286 2660 Theodori
1304 2633 1466 2669 detrahentis
1480 2637 1613 2669 quierant
1624 2634 1656 2661 de
1672 2634 1798 2668 flammea

1107 2667 1210 2702 framea
1222 2673 1247 2695 et
1266 2668 1298 2696 de
1310 2667 1442 2696 cherubim
1454 2667 1527 2696 dicta
1541 2667 1618 2705 (Gen.
1634 2667 1689 2705 ut).

1048 2733 1116 2761 Nam
1143 2733 1299 2761 ﬂammeam
1330 2733 1440 2769 quidem
1469 2734 1600 2764 frameam
1630 2735 1737 2770 dicunt,
1767 2740 1800 2763 ut

1014 2779 1090 2807 dicat
1108 2780 1175 2816 quia
1190 2779 1262 2815 ignis
1278 2783 1319 2808 est
1330 2780 1462 2808 terribilis
1476 2788 1638 2814 coruscans,
1655 2781 1684 2809 in
1704 2781 1798 2810 habitu

1014 2825 1098 2861 gladii
1126 2829 1273 2858 extensus,
1306 2830 1337 2854 ut
1364 2826 1491 2854 bifariam
1523 2826 1656 2855 terribilis
1687 2828 1797 2864 quidam

1015 2871 1091 2900 visus
1113 2877 1187 2900 esset
1203 2872 1366 2907 videntium,
1378 2876 1405 2901 et
1418 2881 1452 2902 cx
1467 2877 1565 2902 natura
1581 2878 1609 2903 et
1641 2881 1674 2902 es
1703 2871 1795 2900 habitu
