1966 3069
764 113 939 144 τιιεοιιοιιι
960 112 1201 144 IIOPSUESTENI

1742 119 1798 147 636

172 177 236 213 ejus
251 176 328 212 quod
344 175 564 206 ostendebatur:
593 182 675 211 quam
689 180 717 204 et
745 175 816 204 verti
833 174 915 208 dixit.
935 179 965 202 ut
979 179 1001 206 Α
1016 175 1171 210 prohibitus
1188 175 1302 203 introitu
1318 173 1452 210 paradisi,
1481 173 1581 202 merito
1604 173 1803 209 castigaretur.

173 223 338 252 assiduitate
358 226 451 250 motus
468 229 630 254 coruscans.
655 221 805 249 terribilem
820 225 848 249 et
875 220 961 256 majo-

174 276 233 297 rem
249 268 352 296 videnti
374 268 501 295 timorem
516 267 629 295 faceret.
644 266 792 296 Cherubini
807 274 873 294 vero
900 267 961 294 ani-

175 314 288 342 malium
310 314 377 342 dicit
393 313 527 350 quasdam
548 313 653 342 formas
673 312 809 341 terribiles
825 316 853 340 et
869 317 963 347 poten-

175 364 218 389 tes
232 360 412 388 tremel‘acere
426 359 577 388 videntem.
597 358 676 387 Sicut
690 359 764 386 enim
794 366 845 386 nos
857 359 964 386 anima-

175 406 212 433 lia
231 406 354 441 quaedam
371 405 486 434 forsitan
501 404 594 440 januis
610 404 818 435 constituimus.
832 403 873 431 sic
890 403 962 431 Dens

174 451 327 480 ﬂammeam
339 451 471 479 frameam
485 451 630 479 constituit
643 455 671 479 et
695 450 850 482 cherubim,
871 453 901 477 ut
915 458 964 485 per

173 502 247 529 eam,
263 503 325 532 quin
339 501 382 524 est
397 495 530 524 terribilis
540 496 574 524 de
589 496 663 529 visu,
679 495 766 523 Adam
783 502 846 522 cum
863 495 962 522 timore

180 597 428 616 b—

1013 220 1073 249 Non
1089 221 1162 249 enim
1180 220 1334 248 invisibiles
1348 219 1480 255 quasdam
1495 219 1613 247 virtutes
1640 218 1708 246 dicit
1735 219 1804 246 che-

1014 266 1104 294 rubim
1118 266 1175 300 hic,
1193 266 1266 294 sicut
1280 265 1389 300 quidam
1400 265 1586 292 arbitrantur:
1601 263 1732 299 quoniam
1744 272 1804 290 non

1015 311 1120 347 aliquid
1135 311 1245 339 valebat
1264 311 1410 339 invisibilis
1430 315 1529 338 natura
1547 310 1595 342 ibi,
1620 317 1682 337 curn
1710 311 1805 338 sensi-

1016 357 1082 385 bilis
1100 357 1176 385 visus
1191 364 1253 384 esse
1265 357 1388 388 deberet,
1406 359 1434 383 et
1448 363 1509 390 qua:
1534 355 1620 382 Adam
1640 355 1802 390 castigaret.

1015 401 1072 429 Nec
1085 401 1169 437 igitur
1182 401 1308 428 ﬂammea
1327 400 1432 427 framea
1446 403 1543 427 natura
1568 403 1627 426 erat
1646 399 1728 434 ignis,
1752 399 1803 426 sed

1015 447 1079 475 talis
1098 447 1193 475 visus:
1224 454 1275 474 nec
1304 445 1446 473 cherubim
1475 445 1615 478 animalia,
1641 446 1689 472 sed
1724 445 1806 473 visus

1015 494 1091 521 talis.

492 673 855 741 FRAGMENTA
905 695 1045 740 ALIA
1102 696 1162 740 ΙΝ
1207 694 1490 740 GENESIN.

611 791 650 817 Ex
659 791 751 817 Catena
761 789 895 821 Nieephori
907 789 1029 821 monachi,
1042 788 1132 821 Llpsia
1147 789 1206 815 1772
1216 788 1298 815 in-l'ol.
1312 789 1359 822 (ιι).

150 867 202 887 λη
412 861 417 872 ;
978 869 1018 881 ιι-

509 950 586 979 car.
607 949 628 977 ι.
982 957 1005 987 Β

218 1008 354 1038 τηε-Η.
371 1021 407 1030 —-
421 1006 564 1035 Theodori.
587 1005 668 1034 Fiant
684 1005 828 1033 luminaria
841 1006 869 1033 in
886 1004 964 1038 εωίο,

180 1056 232 1089 ait,
250 1063 306 1084 non
319 1056 344 1083 ei
363 1053 546 1086 adhaerentia,
565 1052 614 1081 sed
635 1053 711 1080 velut
731 1060 815 1088 super
835 1051 902 1080 illud
918 1051 967 1080 de-

180 1102 315 1130 stinatum
330 1100 382 1129 sibi
396 1107 509 1128 cursum
526 1098 710 1135 perﬁcientia.
723 1098 830 1126 Pariter
844 1099 917 1126 enim
932 1097 968 1126 de

179 1147 268 1175 Adam
284 1147 389 1174 dictum
405 1150 448 1174 est
476 1152 483 1171 :
502 1144 599 1172 Posuit
617 1152 678 1172 eum
702 1145 730 1171 in
746 1144 872 1179 paradiso
883 1163 891 1177 ,
911 1151 966 1172 non

180 1199 247 1219 sane
259 1195 340 1218 terrae
357 1189 479 1223 ailixuin,
497 1189 546 1218 sed
562 1197 646 1224 super
659 1194 761 1217 terram
778 1189 832 1216 huc
848 1189 969 1223 illucque

182 1240 334 1272 vagantem.
358 1235 447 1263 Simili
467 1235 573 1263 ratione
591 1235 672 1270 jubet
694 1235 740 1262 hic
768 1234 914 1262 luminaria
940 1234 968 1261 in

182 1283 354 1310 ﬁrmamento
375 1282 438 1309 coeli
462 1281 569 1316 reponi.
595 1281 680 1309 [lecte
698 1285 788 1308 autem
815 1280 912 1315 adjicit
933 1279 969 1307 ad

182 1328 405 1356 illuminationem
425 1334 503 1361 super
516 1331 627 1360 terram,
641 1326 722 1362 quasi
736 1326 821 1357 dicat,
840 1329 871 1352 ut
890 1329 970 1353 terra:

184 1375 346 1403 inserviant.
372 1373 420 1402 llis
439 1373 513 1401 enim
535 1372 570 1401 de
587 1373 680 1401 causis
698 1374 726 1400 in
748 1372 820 1400 caelo
835 1371 970 1400 collocata

184 1425 261 1449 sunt.

512 1485 589 1514 CAP.
613 1484 647 1514 ll.

191 1581 194 1584 ἢ
224 1543 306 1572 Vens.
327 1542 353 1570 2.
369 1556 405 1563 -
421 1541 455 1570 Et
472 1543 664 1570 consummavit
684 1541 755 1569 Deus
775 1541 803 1568 in
828 1541 872 1568 die
898 1546 973 1569 sexto

187 1597 267 1624 opera
280 1597 342 1620 sua,
359 1595 417 1624 quia
432 1587 511 1622 fecit;
529 1593 554 1614 et
569 1588 693 1623 requievit
708 1588 736 1614 iu
755 1587 798 1614 die
813 1588 934 1622 septimo,
947 1591 974 1614 et

1340 950 1420 977 ΚΕΦ.
1441 950 1477 976 Δ’.

1053 1006 1127 1042 Στίχ.
1146 1004 1188 1034 ιδ’.
1200 1021 1236 1026 -
1251 1006 1411 1041 Θεοδώρου.
1431 1007 1514 1033 Ὥστε
1537 1003 1618 1040 εἶναι,
1638 1007 1731 1043 φησὶν,
1756 1007 1809 1034 αὺ-

1018 1054 1082 1085 τοὺς
1100 1053 1146 1080 ἐπὶ
1170 1052 1217 1080 τοῦ
1240 1053 1355 1089 οὐρανοῦ
1381 1054 1410 1080 ού
1438 1053 1606 1088 πεπηγότας,
1632 1053 1689 1080 ἀλλ’
1706 1053 1743 1086 ὡς
1763 1054 1809 1080 ἐπ’

1020 1099 1114 1129 αὑτοῦ,
1131 1098 1176 1125 τὸν
1189 1099 1287 1126 οἰκεῖον
1302 1099 1493 1132 ἐξελαύνοντας
1504 1099 1614 1135 δρόμον.
1635 1099 1677 1130 Ὧς
1692 1099 1738 1126 καὶ
1761 1099 1809 1126 ἐπὶ

1020 1143 1067 1171 τοῦ
1087 1144 1172 1180 Ἀδάμ
1185 1152 1278 1179 φησιν,
1295 1145 1396 1172 Ἔθετο
1408 1144 1502 1172 αὑτὸν
1519 1145 1555 1171 ὲν
1564 1144 1605 1178 τῷ
1618 1144 1808 1179 παραδείσῳ,

1021 1189 1069 1225 οὐχ
1089 1189 1127 1222 ὡς
1148 1190 1291 1225 πεπηγότα
1313 1191 1360 1217 ἐπὶ
1379 1191 1428 1226 τῆς
1443 1191 1504 1226 γῆς,
1518 1191 1575 1217 ἀλλ’
1595 1191 1633 1223 ὼς
1650 1191 1812 1227 κινούμενον

1022 1236 1065 1262 ἐπ’
1082 1236 1182 1270 αὐτῆς·
1208 1236 1278 1263 οὕτω
1294 1235 1434 1264 κάνταῦθα
1448 1235 1517 1264 εῖναι
1531 1237 1580 1272 μὲν
1592 1237 1621 1264 ἐν
1636 1236 1676 1272 τῷ
1693 1237 1810 1273 στερεώ-

1024 1290 1088 1317 ματι
1104 1281 1151 1308 τοῦ
1166 1282 1279 1317 ούρανοῦ
1298 1282 1362 1314 τοὺς
1374 1284 1520 1318 φωστῆρας
1533 1282 1649 1310 κελεύει.
1671 1283 1769 1315 Καλῶς
1781 1283 1812 1310 δὲ

1024 1327 1174 1363 ἐπήγαγεν,
1188 1328 1240 1361 Εἰς
1260 1328 1375 1363 φαῦσιν
1390 1328 1440 1355 ἐπὶ
1463 1328 1518 1363 τῆς
1531 1327 1604 1363 τῆς·
1623 1329 1666 1356 ῐνα
1680 1328 1756 1365 εἴπῃ.
1769 1329 1812 1356 ὅτι

1023 1373 1072 1408 τὴν
1088 1373 1182 1409 χρείαν
1204 1373 1400 1409 παρεχέτωσαν
1417 1375 1451 1410 τῇ
1467 1376 1514 1410 γῇ.
1530 1374 1630 1401 Τούτου
1650 1374 1706 1410 γὰρ
1718 1374 1814 1401 ἕνεκεν

1024 1419 1071 1446 ἐπὶ
1083 1418 1131 1446 τοῦ
1144 1419 1260 1456 οὐρανοῦ
1274 1420 1417 1448 τέθεινται.

1348 1485 1428 1513 ΚΕΦ.
1449 1485 1487 1514 Β’.

1061 1539 1136 1575 Στίχ.
1155 1539 1189 1575 β’.
1206 1554 1239 1560 -
1259 1539 1316 1567 Καί
1342 1540 1546 1568 συνετέλεσεν
1571 1541 1589 1568 d
1614 1540 1686 1575 Θεὸς
1713 1541 1749 1568 ἐν
1775 1541 1815 1577 τῇ

1025 1587 1122 1621 ᾑμέρᾳ
1138 1585 1176 1620 τῇ
1198 1585 1270 1621 ἕκτῃ
1286 1585 1323 1612 τὰ
1342 1585 1414 1621 ἔργα
1436 1586 1540 1619 αὐτοῦ,
1563 1586 1584 1614 d
1603 1586 1743 1621 ἐποίησε,
1763 1588 1815 1615 και

188 1637 298 1661 αξιοι-ει.
316 1632 422 1666 Quibus
442 1631 582 1665 declarat,
607 1640 638 1660 se
653 1632 698 1661 die
717 1638 796 1661 sexto
819 1633 856 1659 ita
870 1635 972 1660 cuncta

1028 1633 1213 1660 κατέπαυσεν
1227 1632 1262 1658 ὲν
1272 1631 1309 1666 τῇ
1327 1631 1422 1667 ἡμέρᾳ
1435 1631 1473 1666 τῇ
1487 1632 1607 1668 ἐϐδόμῃ,
1630 1634 1677 1660 καὶ
1690 1633 1724 1661 τὰ
1739 1633 1814 1669 ἑξῆς.

187 1686 413 1711 consummasse,
438 1682 468 1705 ut
483 1678 553 1706 nihil
569 1678 632 1706 novi
648 1678 749 1706 deinde
772 1678 807 1706 iis
831 1679 973 1713 adjiceret,

189 1724 300 1759 quando
318 1722 392 1750 omni
417 1730 451 1750 ex
476 1727 554 1759 parte
576 1723 700 1758 perfecta
722 1722 899 1750 videbantur.
924 1722 975 1751 Se-

189 1769 276 1800 ptimo
293 1773 384 1797 autem
401 1768 445 1796 die
455 1769 565 1803 operari
579 1767 695 1797 destitit.
706 1768 771 1796 Ideo
785 1773 876 1797 autem
892 1769 976 1797 istum

189 1815 263 1843 diem
286 1814 403 1850 adjecit,
429 1814 556 1849 quamvis
584 1814 661 1842 omni
689 1822 774 1850 opere
805 1822 924 1842 vacuum
949 1818 977 1842 et

190 1860 226 1888 ab
244 1860 319 1888 omni
341 1859 482 1888 creatione
503 1859 640 1892 liberum,
665 1864 695 1887 ut
718 1860 767 1888 illo
782 1860 900 1895 hujusce
923 1859 978 1888 diei

191 1906 249 1934 otio
269 1906 398 1941 probaret
421 1905 514 1933 omnia
534 1905 591 1940 jam
617 1913 733 1941 prorsus
758 1906 882 1942 perfecta
904 1913 977 1934 esse.

191 1950 273 1985 Quod
284 1951 356 1978 enim
368 1955 395 1978 et
405 1952 506 1986 primo,
517 1954 546 1978 et
552 1951 685 1984 secundo,
698 1954 725 1978 et
733 1951 823 1982 tertio,
832 1955 860 1978 et
870 1955 978 1986 quarto,

192 1998 337 2032 ctquinto,
347 2002 375 2024 et
387 2002 465 2024 sexto
479 1997 524 2025 die
541 2004 650 2032 semper
663 1997 729 2032 quid
739 1997 802 2024 novi
816 1997 978 2031 protulerat,

192 2041 268 2077 quod
289 2041 422 2070 creationi
440 2041 538 2070 deesse
556 2041 714 2075 videbatur,
739 2042 915 2069 manifestum
933 2042 979 2075 ﬁt,

193 2088 256 2116 ideo
271 2095 333 2115 eum
352 2088 470 2123 septimo
484 2088 530 2116 die
544 2088 579 2115 ab
597 2088 673 2116 omni
689 2096 772 2124 opere
793 2089 962 2116 abstinuisse
972 2107 980 2121 .

193 2138 225 2161 ut
236 2133 361 2162 istoxotio
375 2133 529 2162 declararet
541 2135 710 2162 creationem
724 2134 835 2162 tandem
849 2141 983 2162 consum-

193 2185 296 2209 matam
314 2187 387 2208 esse.
404 2179 514 2215 Septem
529 2187 595 2215 ergo
608 2179 716 2208 dierum
732 2187 847 2208 numero
860 2180 983 2208 deﬁnivit

193 2225 304 2254 dierum
333 2226 452 2259 seriem,
478 2233 543 2253 cum
565 2225 638 2253 idem
663 2233 713 2254 sex
737 2226 848 2253 illorum
875 2225 983 2253 dierum

195 2271 286 2306 spatio
311 2270 402 2299 facere
426 2271 583 2307 potuisset,
597 2271 700 2307 quibus
727 2271 898 2300 creationem
915 2279 979 2307 per-

194 2302 271 2345 fecit.
285 2316 339 2345 Sex
356 2302 440 2352 igitur
451 2317 498 2346 isti
515 2302 580 2345 dies
588 2302 723 2346 rationem
737 2318 861 2353 praebent
883 2302 979 2346 eorum
996 2302 1018 2330 θ

194 2370 258 2398 qua;
272 2362 345 2391 facta
369 2367 453 2398 sunt;
479 2363 614 2399 septimus
636 2367 729 2391 autem
753 2363 859 2392 indicat
885 2369 985 2391 cuncta

195 2408 280 2436 linem
308 2415 390 2436 suum
421 2409 594 2445 contigisse,
618 2411 647 2437 et
665 2408 723 2444 jam
746 2408 823 2436 nulla
849 2416 882 2437 ex
905 2413 986 2444 parte

195 2452 326 2481 deiicere.
544 2472 548 2475 .

233 2496 411 2525 Manifestum
435 2497 508 2533 quod
522 2497 592 2525 nihil
610 2498 673 2526 novi
691 2502 753 2534 post
783 2503 891 2526 sextum
910 2498 983 2527 diem

197 2542 301 2570 factum
319 2543 356 2570 sit
368 2562 376 2575 ,
399 2543 465 2570 licet
480 2544 604 2578 quotidie
625 2548 654 2572 et
673 2545 774 2580 planta:
790 2549 818 2572 et
835 2545 941 2572 semina
958 2549 986 2572 et

197 2588 329 2616 animalia
342 2595 505 2617 nascantur.
528 2589 590 2617 llmc
608 2591 681 2618 enim
705 2598 759 2618 non
778 2598 861 2622 nova,
886 2592 933 2618 sed
950 2590 985 2617 ad

197 2633 315 2661 formam
329 2641 426 2661 eorum
441 2642 503 2669 qua
515 2635 592 2669 prius
603 2635 715 2662 condita
729 2639 806 2668 sunt,
819 2640 847 2663 et
863 2636 896 2663 ad
909 2643 986 2664 eain-

197 2678 261 2706 dem
276 2679 374 2713 legem,
390 2679 469 2714 juxta
485 2679 618 2706 indictam
635 2680 704 2714 ipsis
718 2688 733 2708 a
745 2680 802 2709 Deo
814 2681 1001 2709 benedictio-~

197 2732 274 2758 lein,
287 2726 407 2760 singulis
418 2725 517 2752 diebus
528 2730 671 2752 crescunt.

230 2814 275 2852 ,(α)
291 2815 412 2845 Titulum
429 2815 567 2851 integrum
580 2813 641 2842 vide
657 2814 739 2842 infra.

1025 1677 1155 1709 Δεικνὺς,
1183 1676 1224 1703 ὅτι
1250 1676 1298 1704 ἐπὶ
1327 1676 1378 1712 μὲν
1404 1676 1455 1712 τῆς
1482 1677 1565 1713 ἕκτης
1592 1677 1816 1715 συμπεπλήρωκι

1026 1723 1125 1755 πάντα,
1143 1722 1191 1749 ατε
1203 1721 1287 1758 μηδὲν
1301 1722 1393 1753 αὐτοῖς
1406 1722 1579 1758 προστιθέναι
1596 1723 1699 1759 μέλλων
1712 1724 1815 1756 καινὸν,

1026 1767 1121 1804 ἐπειδὴ
1135 1767 1201 1804 μηδὲ
1211 1767 1314 1794 λείπειν
1327 1775 1354 1794 τι
1364 1767 1455 1799 αὐτοῖς
1466 1768 1567 1803 ἡγεῖτο.
1583 1768 1736 1796 Ἐπαύσατο
1744 1769 1772 1796 δὲ
1781 1771 1816 1806 τῇ

1026 1814 1119 1850 ἡμέρᾳ.
1137 1815 1171 1849 τῇ
1191 1813 1293 1850 ἐϐδόμῃ
1314 1813 1361 1840 τοῦ
1384 1815 1484 1841 ποιεῖν.
1503 1814 1605 1842 Τούτου
1617 1823 1650 1850 γε
1662 1815 1755 1843 ἕνεκεν
1767 1816 1817 1852 τὴν

1028 1859 1136 1895 ἡμέραν
1144 1858 1246 1894 ταύτην
1252 1858 1456 1894 προστέθεικεν,
1468 1860 1608 1896 ἄπρακτον
1621 1858 1716 1895 οὖσαν,
1728 1861 1775 1888 καὶ
1787 1862 1818 1889 δν

1028 1903 1046 1943 ᾖ
1056 1905 1184 1938 καθάπαξ
1191 1904 1339 1941 πεποίηκεν
1347 1905 1433 1937 οὐδὲν,
1445 1906 1482 1937 ὡς
1492 1906 1524 1932 ἂν
1532 1907 1565 1942 τῇ
1574 1906 1645 1934 κατὰ
1653 1907 1703 1942 τὴν
1712 1908 1818 1944 ἡμέραν

1029 1951 1114 1988 ἀργίᾳ
1127 1951 1284 1986 δηλώσειεν,
1297 1951 1338 1978 ὃτι
1353 1951 1443 1978 πάντα
1454 1951 1510 1987 ἔχει
1522 1952 1608 1988 πέρας
1618 1952 1704 1988 αὐτῷ.
1725 1953 1755 1980 ⁸0
1764 1954 1818 1990 γὰρ

1030 1997 1078 2024 καὶ
1092 1998 1126 2033 τῇ
1141 1996 1247 2034 πρώτῃ,
1259 1996 1308 2023 καὶ
1319 1997 1352 2032 τῇ
1372 1996 1496 2033 δευτέρᾳ,
1510 1997 1557 2024 καὶ
1568 1999 1601 2033 τῇ
1618 1998 1709 2035 τρίτῃ,
1724 1999 1772 2026 καὶ
1783 2000 1822 2035 τῇ

1029 2042 1157 2077 τετάρτῃ.
1177 2041 1225 2069 καὶ
1241 2042 1273 2077 τῇ
1286 2041 1398 2077 πέμπτῃ
1408 2062 1416 2074 ,
1432 2042 1479 2068 καὶ
1494 2043 1528 2077 τῇ
1547 2042 1614 2078 ἕκτῃ
1630 2043 1675 2070 ἀεί
1689 2052 1714 2070 τι
1726 2045 1819 2072 καινὸν

1032 2086 1200 2123 πεποιηκὼς,
1216 2086 1344 2114 ὃλείπειν
1358 2088 1450 2122 ἡγεῖτο
1465 2089 1498 2123 τῇ
1518 2088 1605 2116 κτίσει
1615 2097 1622 2104 ·
1638 2089 1758 2127 εὔδηλον,
1778 2092 1819 2119 ὃτι

1031 2133 1075 2160 διὰ
1092 2133 1171 2160 τοῦτο
1189 2133 1235 2160 ἐπὶ
1257 2133 1308 2168 τῆς
1330 2133 1447 2169 ἑϐδόμης
1462 2133 1510 2160 τοῦ
1528 2136 1614 2162 ποιεῖν
1630 2136 1818 2170 ἀπεπαύσατο,

1031 2179 1070 2211 ὡς
1088 2178 1122 2206 ἂν
1135 2180 1168 2215 τῇ
1186 2179 1270 2215 ἀργίᾳ
1282 2180 1317 2215 τῇ
1333 2179 1362 2206 ὲν
1373 2179 1443 2214 αὐτῇ
1455 2179 1551 2213 δείξειε
1568 2180 1599 2207 τὸ
1611 2181 1699 2217 πέρας
1712 2182 1820 2218 εἰληφέ-

1033 2232 1077 2251 ναι
1089 2224 1140 2259 τὴν
1155 2223 1252 2251 κτίσιν.
1266 2223 1350 2250 Ὅθεν
1363 2223 1410 2250 καὶ
1423 2224 1453 2250 ὲν
1463 2224 1534 2252 ἑτι-τὰ
1544 2225 1662 2261 ἡμέραις
1675 2225 1722 2253 τὸν
1732 2227 1820 2255 πάντα

1034 2268 1134 2296 κύκλον
1150 2269 1205 2295 τῶν
1225 2268 1337 2304 ἡμερῶν
1360 2269 1529 2305 περιέγραψε
1539 2291 1547 2304 ,
1558 2271 1708 2307 δυνάμενος
1720 2273 1750 2300 ιν
1761 2274 1820 2306 ταῖς

1034 2315 1064 2348 ἐξ
1082 2314 1161 2342 τοῦτο
1182 2314 1302 2350 ποιῆσαι,
1314 2315 1344 2342 ἐν
1364 2312 1408 2347 αἷς
1429 2316 1625 2352 συνεπλήρωσε
1643 2317 1693 2354 τὴν
1712 2318 1819 2346 κτίσιν

1034 2361 1077 2388 ῐνα
1106 2361 1135 2388 αἱ
1151 2361 1200 2396 μὲν
1219 2360 1259 2394 ἐξ,
1275 2361 1391 2396 δήλωσις
1411 2358 1464 2389 ὦσι
1488 2361 1545 2390 τῶν
1562 2363 1730 2398 γεγονότων·
1750 2365 1769 2400 ἠ
1793 2365 1821 2392 δὶ

1033 2407 1146 2442 ἑϐδόμη.
1157 2406 1247 2434 πάντα
1256 2406 1396 2443 εἰληφέναι
1410 2407 1498 2444 πέρας
1510 2408 1558 2436 καὶ
1571 2409 1656 2445 μηδὲν
1667 2410 1759 2443 αὐτοῖς
1769 2410 1822 2438 λεί-

1033 2462 1095 2481 πειν
1111 2453 1162 2481 ἔτι.

1068 2499 1186 2535 Εὔδηλον
1204 2499 1259 2535 γὰρ
1276 2499 1315 2532 ὡς
1339 2499 1417 2527 οὐδὲν
1443 2499 1494 2527 οὐκ
1516 2500 1558 2528 ετι
1581 2501 1673 2529 καινὸν
1691 2501 1762 2538 μετὰ
1774 2502 1823 2538 τὴν

1033 2545 1116 2580 ἕκτην
1140 2545 1258 2580 ἐγένετο,
1280 2545 1431 2582 γινομένων
1455 2546 1505 2582 μὲν
1525 2547 1569 2574 ἀεὶ
1585 2547 1634 2574 καὶ
1654 2547 1756 2582 φυτῶν,
1777 2548 1823 2575 καὶ

1035 2592 1209 2626 σπερμάτων,
1229 2592 1276 2619 καὶ
1287 2592 1365 2624 ζώων
1375 2600 1383 2608 ·
1398 2593 1429 2619 οὐ
1442 2593 1545 2620 καινῶν
1555 2593 1594 2624 δὲ,
1607 2593 1665 2620 ἀλλ’
1679 2590 1778 2629 οἷάπερ
1790 2591 1823 2629 ἧν

1034 2636 1070 2663 τὰ
1079 2636 1211 2673 πρότερον
1222 2638 1365 2672 γεγονότα,
1378 2639 1438 2665 κατ’
1450 2639 1554 2665 ἐκεῖνον
1566 2638 1612 2665 τὸν
1624 2639 1697 2675 ὅρον,
1713 2639 1761 2666 καὶ
1776 2639 1823 2674 τὴν

1034 2682 1079 2709 ἐπ’
1098 2683 1189 2715 αὐτοῖς
1201 2683 1338 2718 ἀπόφασίν
1352 2692 1383 2710 τε
1399 2683 1448 2710 καὶ
1465 2683 1592 2718 εὐλογίαν
1602 2683 1648 2711 τοῦ
1665 2684 1745 2719 Θεοῦ,
1759 2685 1824 2713 πάν-

1035 2735 1089 2754 των
1104 2727 1166 2755 καθ’
1182 2728 1301 2764 ἑκάστην
1317 2729 1489 2760 ἐπιδιδόντων
1499 2731 1549 2769 τὴν
1562 2733 1678 2769 ἡμέραν.

968 2805 972 2809 .
983 2799 995 2819 ρ
1048 2801 1054 2812 ι
