1966 3069
193 167 250 195 639

772 161 948 190 TilEODORl
967 160 1211 190 MUPSUESTENI

1779 162 1845 191 640

194 220 387 249 discernendi.
403 219 476 247 Nihil
494 223 587 248 autem
611 220 687 248 aliud
706 221 830 248 declarat
851 221 986 256 propheta
1002 243 1004 249 λ

1057 219 1115 246 ιεῶν
1136 221 1204 256 δρᾷν
1227 229 1258 247 τε
1279 222 1338 254 ταῖς
1355 221 1470 255 ἐννοίαις
1493 222 1541 250 καὶ
1557 221 1706 258 διακρίνειν
1729 222 1764 249 ὲκ
1783 219 1842 248 τοῦ

196 267 251 295 nisi
270 275 318 295 eos
338 266 494 296 nuditatem
517 274 596 295 suam
618 267 741 294 sensisse
765 274 797 293 ac
816 268 850 293 de
870 273 902 293 ea
924 272 988 293 eru-

198 313 299 341 buisse.
323 312 406 341 Prius
420 313 495 341 enim
514 321 565 341 nec
579 321 641 341 eam
659 313 877 342 observaverant
893 319 944 339 nec
956 318 989 338 ea

195 361 389 394 erutmerant;
406 364 503 396 postea
519 367 585 389 vero
599 360 652 388 ista
668 359 794 388 nuditate
807 359 846 386 ita
859 358 989 386 alliciun-

197 411 244 434 tur
254 426 262 437 .
279 409 309 433 ut
322 413 356 434 ea
376 405 532 438 intellecta,
547 406 642 434 statim
655 405 834 433 erubescant.
845 403 989 432 Neminem

199 452 270 487 lingit
290 453 383 481 animo
408 452 500 481 inesse
515 452 651 480 rationem
671 459 739 482 cur.
768 459 799 479 re
815 450 894 483 visa,
915 457 990 478 nunc

199 499 251 532 sic.
279 507 354 526 nunc
380 499 462 528 aliter
483 506 656 527 moveamur.
684 497 807 526 Infantes
832 497 907 525 enim
934 504 991 524 non

199 545 284 581 pudet
306 545 441 574 nuditatis
459 552 534 576 suae.
560 552 650 580 neque
668 544 766 572 balneo
784 547 912 576 utentes;
935 549 991 571 non

197 590 274 625 quod
290 598 350 618 eam
367 598 422 619 non
435 590 556 623 videant.
573 589 622 618 sed
637 589 702 625 quia
718 589 761 616 hic
776 592 907 623 aspectus
928 587 992 615 nul-

199 636 243 664 los
263 643 364 672 pravos
384 644 484 665 sensus
505 636 579 671 apud
596 643 646 663 eos
663 635 776 662 excitat.
803 635 889 662 Adam
909 635 993 670 igitur

201 686 229 714 et
244 683 331 714 socia.
352 690 451 711 recens
473 681 544 714 nati,
561 686 676 718 peccato
696 682 817 709 nondum
840 681 991 715 inquinati,

200 729 244 757 vel
264 737 299 756 ne
318 729 404 756 ullum
420 728 533 765 quidem
551 729 653 756 malutu
670 728 817 763 suspicati,
837 735 925 762 neque
941 735 993 755 ιιιι‹

203 775 329 810 ditatem.
349 782 438 810 neque
452 775 534 802 aliam
553 779 662 802 natura:
675 782 733 802 sua:
750 774 866 801 formam
885 779 992 808 turpem

203 821 409 849 existimabant.
423 820 571 855 Postquam
588 824 680 847 autent
698 823 891 854 peccaverant,
909 826 925 845 ιι
945 818 993 846 Dei

203 867 311 903 legibus
328 867 513 894 abhorrentes
523 885 531 897 ,
546 870 613 893 tunc
627 865 709 892 etiam
729 868 933 900 perceperunt,
948 864 994 898 ju-

203 912 286 940 bente
305 911 372 944 Deo,
391 911 505 950 pudoris
521 919 646 942 sensum,
663 917 718 945 quo
730 919 744 937 a
761 915 874 944 peccato
888 913 995 936 averte-

203 962 313 990 rentur,
329 962 357 986 et
372 958 510 993 pessimus
522 957 641 992 quisque
652 956 849 991 reprimeretur
864 955 992 989 impetus.

203 1003 298 1037 Primo
312 1007 404 1031 autem
421 1003 454 1030 de
470 1004 583 1038 organis
606 1003 782 1029 erubuerunt
802 1009 865 1036 qute
881 1001 915 1028 ad
936 1008 996 1035 pro-

205 1049 373 1077 creationem
396 1048 546 1076 liberorunt
579 1047 753 1079 inserviunt,
781 1052 810 1075 ut
838 1048 929 1082 pudor
951 1046 996 1074 hic

206 1095 331 1123 homines
346 1095 442 1129 procul
458 1095 493 1121 ab
508 1095 584 1122 omni
602 1094 817 1128 intemperantia
830 1093 995 1120 deterreret.

1041 266 1160 301 πονηροῦ
1175 266 1206 293 τὸ
1218 267 1300 294 καλόν
1312 276 1319 284 ο
1344 269 1359 295 ό
1381 269 1521 305 προφήτης
1534 269 1562 295 δὲ
1579 268 1609 295 οὐ
1625 267 1728 304 ταύτην
1743 266 1842 300 εἶπεν,

1040 311 1109 338 ἀλλά
1124 311 1185 339 καθ’
1199 313 1232 348 ἢν
1247 311 1316 340 εῐδόν
1331 322 1362 340 τε
1382 314 1430 341 καὶ
1445 314 1560 350 ᾔσθοντο
1582 314 1633 349 τῆς
1657 313 1761 345 οἰκείας
1784 321 1843 349 γυ-

1042 357 1180 392 μνὼσεως,
1196 359 1332 396 Πρότερον
1349 360 1408 395 μὲν,
1427 360 1503 387 οὐδὲν
1519 361 1563 386 ἐπ’
1579 360 1648 396 αὐτῇ
1671 359 1843 394 πάσχοντες,

1041 403 1100 430 οὐδὲ
1113 405 1304 440 αἰσχυνόμενοι
1319 413 1326 420 ·
1342 405 1455 442 ὕστερον
1470 405 1510 438 δὲ,
1523 404 1652 440 τοιαύτην
1667 405 1729 432 τινὰ
1743 405 1790 432 ἐπὶ
1802 405 1842 440 τῇ

1041 449 1181 485 γυμνώσει
1197 450 1247 486 τὴν
1263 451 1388 487 αίσθησιν
1401 451 1540 483 λαϐόντες,
1556 450 1594 483 ὼς
1607 451 1657 478 καὶ
1669 451 1738 486 πρὸς
1751 450 1844 486 μόνην

1041 496 1219 532 αἰσχύνεσθαι
1232 496 1282 532 τὴν
1304 497 1334 523 ἐν
1355 498 1389 532 τῇ
1403 496 1542 532 γυμνώσει
1563 496 1610 523 τοῦ
1625 496 1752 532 σώματος
1768 496 1844 523 θεω-

1044 543 1115 578 ρίαν.
1133 543 1170 570 οὐ
1185 543 1240 579 γὰρ
1253 543 1361 578 ἄδηλον,
1377 543 1416 576 ὡς
1429 545 1443 570 δ
1457 543 1587 579 λογισμός
1600 544 1660 570 ἐστι
1674 543 1723 578 τῆς
1733 543 1842 578 ψυχῆς,

1042 589 1056 615 δ
1067 588 1117 624 τὴν
1130 589 1176 615 ἐπὶ
1188 590 1221 624 τῇ
1238 588 1340 624 θεωρίᾳ
1355 589 1473 616 διάθεσιν
1487 591 1536 616 νῦν
1549 589 1599 625 μὲν
1623 589 1741 621 τοιάνδε,
1759 587 1844 621 αὖθις

1042 635 1070 662 δὲ
1085 635 1190 662 τοιάνδε
1213 635 1307 663 ποιῶν.
1333 635 1375 662 Τὰ
1399 635 1465 670 γοῦν
1480 635 1567 671 βρέφη
1587 635 1638 662 οὐκ
1663 635 1844 671 αίσχύνονται

1043 681 1090 709 ἐπὶ
1105 683 1138 717 τῇ
1159 681 1309 717 γυμνὼσει,
1331 681 1394 708 οὔτε
1413 683 1466 718 μὴν
1481 683 1506 709 ol
1531 683 1560 708 ὲν
1574 682 1726 718 βαλανείῳ,
1752 682 1782 708 οὐ
1798 682 1845 717 τῷ

1046 727 1083 762 μὴ
1107 727 1217 762 βλέπειν
1232 728 1328 764 αὐτὴν,
1352 727 1420 755 ἀλλὰ
1443 728 1482 763 τῷ
1506 728 1589 763 μηδὲν
1604 728 1706 764 φαῦλον
1719 728 1774 755 ἀπὸ
1788 728 1845 763 τῆς

1045 773 1161 808 Θεωρίας
1173 774 1220 800 ἐπὶ
1233 773 1284 808 τῆς
1301 773 1405 805 ἐννοίας
1427 773 1606 809 εἰσδέχεσθαι.
1622 774 1653 801 Οἱ
1666 773 1758 800 τοίνυν
1773 773 1845 808 περὶ

1045 819 1090 846 τὸν
1113 819 1199 854 Ἀδὰμ
1214 819 1277 855 ἄρτι
1295 819 1344 855 μὲν
1359 820 1511 854 γεγονότες,
1527 820 1731 856 ἁμαρτάνοντες
1750 820 1778 846 δὲ
1791 819 1844 846 οὒ-

1045 865 1100 897 δὲν,
1116 865 1163 891 καὶ
1177 864 1242 891 οὔτε
1266 864 1368 899 φαῦλόν
1384 874 1411 892 τι
1435 863 1505 892 εἶναι
1532 865 1672 900 μαθόντες,
1691 865 1753 892 οὔτε
1775 865 1846 893 ἄλλο

1046 911 1123 937 οὐδὲν
1137 911 1188 945 τῆς
1202 911 1307 943 οίκείας
1329 911 1449 946 φύσεως,
1469 912 1582 947 αίσχρδν
1598 913 1647 946 οὑχ
1660 911 1775 946 ἡγοῦντο
1789 911 1846 946 τὴν

1047 954 1198 990 γύμνωσιν.
1227 956 1336 992 Ἐπειδὴ
1356 957 1385 983 δὲ
1406 956 1547 991 ἥμαρτον,
1571 956 1700 983 τάναντία
1721 957 1777 987 τοῖς
1793 955 1845 981 τοῦ

1047 1000 1114 1027 Θεοῦ
1125 1000 1339 1037 διαπραξάμενοι
1352 1001 1455 1037 νόμοις,
1470 1001 1581 1036 ὲνετέθη
1598 1002 1647 1036 μὲν
1663 1001 1755 1032 αὐτοῖς
1769 1001 1783 1027 ὁ
1797 1000 1846 1026 λο-

1047 1046 1146 1081 γισμὸς
1160 1047 1211 1082 τῆς
1236 1048 1366 1083 αίσχύνης
1395 1048 1447 1074 ὑπὸ
1467 1040 1535 1074 Θεοῦ
1558 1048 1598 1079 είς
1619 1047 1668 1082 τὴν
1693 1047 1764 1074 κατά
1793 1046 1847 1080 τῆς

1049 1093 1185 1128 ἁμαρτίας
1206 1093 1350 1129 βοήθειαν,
1379 1094 1519 1130 αὐτάρκης
1545 1094 1582 1120 ὣν
1598 1093 1740 1127 ὲγκόπτειν
1756 1092 1848 1126 αὐτῆς

205 1143 255 1177 τὴν
271 1142 369 1177 ὁρμήν.
394 1141 509 1177 Πρώτην
533 1141 561 1167 δὲ
588 1141 639 1176 τῆς
662 1140 794 1175 αἰσχύνης
818 1140 868 1175 τὴν
892 1139 996 1166 ἔννοιαν
1015 1139 1170 1174 ἀναγκαίως
1185 1141 1231 1167 ἐπὶ
1245 1142 1301 1173 τοῖς
1314 1141 1481 1176 παιδογόνοις
1509 1140 1603 1167 ἔλαϐον
1618 1140 1763 1175 ὀργάνοις·
1799 1139 1847 1165 ἵνα

205 1189 348 1225 πόρρωθεν
361 1189 417 1220 τοῖς
431 1188 585 1224 ἀνθρώποις
601 1187 711 1223 ἡαίδὼς
729 1188 852 1223 ὲκκόπτῃ
868 1187 919 1222 τὴν
934 1187 1086 1214 ἀκόλαστον
1104 1188 1192 1223 μίξιν.

243 1234 327 1261 Vnus.
345 1233 374 1261 8.
395 1248 429 1254 —
447 1234 562 1266 Quando
588 1241 682 1261 vocem
709 1232 756 1259 Dei
776 1232 998 1264 deautbulantis,

207 1280 272 1307 dum
291 1279 381 1306 adhuc
402 1279 468 1306 folia
487 1283 674 1310 consuerent.
698 1278 863 1309 audierunt.
881 1279 1000 1306 abscon-

208 1326 309 1355 dcrunt
323 1333 353 1353 se
364 1326 416 1352 sub
432 1325 548 1360 lignum,
564 1329 595 1351 ut
608 1325 726 1357 videtur,
738 1332 794 1351 tton
808 1324 949 1352 diversum
964 1324 1000 1352 ab

210 1371 258 1398 illo
274 1371 355 1405 cujus
377 1371 440 1398 folia
462 1371 646 1398 consttebant.
664 1370 721 1398 lloc
736 1375 827 1399 autem
855 1371 926 1398 idem
941 1374 1002 1398 erat

211 1417 246 1443 de
260 1424 316 1452 quo
332 1417 493 1443 mandatum
508 1421 700 1451 perceperant.
714 1421 834 1445 testante
846 1417 978 1452 propheta
992 1425 999 1442 :

214 1461 287 1488 Nam
302 1461 496 1489 absconderant
511 1470 554 1495 se,
569 1462 625 1495 ait,
641 1463 669 1489 in
682 1462 769 1490 medio
787 1463 852 1497 ligni
864 1461 1001 1496 paradisi.

215 1507 254 1534 De
277 1507 324 1534 illo
343 1510 447 1538 autem,
470 1506 561 1535 fructu
580 1507 759 1540 manducalo.
777 1507 842 1535 folia
857 1508 1005 1543 decerpse~

1086 1233 1161 1268 Στίχ.
1185 1233 1220 1270 η’.
1244 1248 1280 1254 --
1306 1234 1415 1270 Ἐπειδὴ
1449 1234 1597 1270 ρἀτοντες
1623 1233 1663 1260 ἔτι
1687 1233 1721 1260 τὰ
1745 1232 1846 1267 φύλλα.

1051 1279 1173 1313 ἥκουσαν
1197 1280 1247 1315 τῆς
1266 1280 1358 1315 φωνῆς
1374 1280 1422 1307 τοῦ
1447 1280 1513 1306 Θεοῦ
1537 1279 1769 1315 περιπατοῦντος,
1791 1278 1848 1305 ὑπὸ

1052 1324 1082 1352 τὸ
1096 1324 1173 1356 ξύλον
1190 1324 1356 1360 ὲκρύὸησαν,
1371 1325 1421 1352 οὐκ
1435 1325 1499 1353 ἄλλο
1509 1324 1639 1361 δηλονότι,
1652 1324 1710 1351 ἀλλ’
1725 1324 1741 1359 ἢ
1759 1322 1847 1359 οὗπερ

1053 1371 1188 1406 ῑῤῥαπτον
1202 1371 1238 1397 τὰ
1250 1371 1346 1405 φύλλα.
1359 1371 1443 1398 Τοῦτο
1452 1371 1481 1398 δὲ
1494 1369 1528 1407 ῆν
1543 1372 1584 1406 ἐφ’
1594 1367 1615 1404 ᾧ
1627 1370 1675 1405 τὴν
1688 1370 1796 1406 ἐντολὴν
1806 1371 1847 1397 εί-

1055 1416 1197 1452 λήφεισαν,
1217 1417 1255 1448 ὼς
1271 1417 1285 1443 ὁ
1306 1418 1446 1452 προφήτης
1460 1417 1559 1453 φησιν·
1576 1417 1765 1451 Ἐκρύσησαν
1778 1417 1846 1452 γὰρ,

1058 1463 1151 1498 φησὶν,
1168 1464 1203 1490 ἐν
1216 1465 1301 1498 μέσῳ
1315 1464 1367 1491 τοῦ
1380 1463 1475 1496 ξύλου
1495 1463 1547 1490 τοῦ
1565 1463 1761 1497 παραδείσου.
1785 1464 1847 1491 Ἀπ’

1058 1509 1141 1537 αὒτοῦ
1153 1509 1181 1536 δὲ
1194 1510 1240 1536 καὶ
1252 1509 1430 1544 βεϐρωκότες,
1445 1509 1478 1536 τὰ
1495 1509 1582 1543 φύλλα
1596 1509 1732 1545 ἒρῤαπτον
1742 1510 1785 1536 διὰ
1797 1510 1848 1544 τὴν

215 1557 292 1585 runt,
309 1557 422 1588 propter
430 1553 625 1581 verecundiam
637 1562 714 1582 suam
726 1554 760 1582 de
771 1554 907 1582 nuditate.
920 1554 1004 1589 Atqui

1059 1555 1209 1590 γενομένην
1230 1556 1321 1586 αὐτοῖς
1335 1554 1469 1590 αἰσχύνην
1482 1555 1529 1582 ἐπὶ
1541 1556 1573 1591 τῇ
1589 1554 1738 1590 γυμνὼσει.
1755 1555 1850 1582 Ταῦτα.

216 1599 276 1628 hzec
289 1604 370 1627 erant
385 1599 509 1634 profecto
527 1599 592 1632 ﬁci,
616 1607 682 1635 ergo
706 1601 775 1628 ﬁcus
799 1604 860 1628 erat
877 1600 960 1627 arbor
972 1600 1004 1627 de

1057 1601 1086 1629 δὲ
1101 1599 1136 1637 ἦν
1157 1602 1244 1636 φύλλα
1266 1601 1352 1635 συκῆς
1374 1602 1589 1637 ἀναντιρῤήτως,
1611 1601 1666 1636 ἀρα
1688 1600 1719 1627 τὸ
1740 1600 1850 1636 δένῖρον

217 1656 272 1685 qua
286 1647 446 1675 mandatum
461 1651 637 1682 acceperant.
652 1646 759 1682 Negant
771 1651 863 1675 autem
876 1647 929 1673 hoc
942 1654 1009 1673 non-

218 1694 299 1727 nulli.
311 1694 412 1725 stulte.
431 1694 458 1720 ni
483 1692 562 1720 fallor
574 1712 582 1724 ,
602 1692 792 1720 existimantes
816 1692 918 1719 mirum
942 1691 1008 1726 quid

219 1739 306 1767 fuisse
322 1738 390 1766 illud
412 1738 536 1773 lignum.
556 1745 613 1765 non
628 1738 780 1773 cogitantes
803 1738 877 1772 quod
903 1737 1009 1772 peccati

221 1785 331 1824 pondus
355 1792 446 1820 neque
464 1792 479 1811 a
501 1784 635 1820 qualitate
655 1784 724 1819 ligni
749 1784 864 1819 pendet,
890 1791 980 1819 neque
994 1790 1010 1810 a

221 1831 344 1860 novitate
363 1831 429 1862 cibi.
451 1829 500 1858 sed
519 1837 535 1856 a
557 1829 626 1865 legis
645 1829 818 1858 conditione.
839 1829 906 1862 Quzc
921 1829 1011 1864 quali-

218 1885 330 1913 cunque
354 1876 436 1905 modo
464 1875 568 1906 violata
597 1875 701 1908 fuerit,
724 1875 820 1904 cadent
843 1875 897 1903 erit
921 1882 1011 1910 usque

220 1923 312 1957 culpa.

257 1966 341 1995 Vens.
351 1966 394 1995 i7.
410 1980 446 1986 —
457 1965 556 1994 Audivi
567 1966 716 1994 nonnullos
728 1965 854 1994 dicentes
870 1974 877 1992 :
892 1965 921 1994 Si
939 1966 1012 1994 Deus

221 2014 348 2052 prazvidit
365 2013 452 2041 Adam
476 2013 564 2049 legem
589 2013 768 2045 violaturum,
791 2021 846 2049 qua
867 2013 902 2041 de
926 2021 1012 2041 causa

222 2060 342 2096 prabuit
358 2059 424 2087 buic
441 2060 668 2095 transgressionis
684 2060 875 2093 occasionem,
899 2060 1013 2088 ferendo

223 2107 330 2142 legem?
351 2105 537 2141 Respondebo
557 2113 620 2134 eum
644 2105 707 2134 ideo
726 2106 785 2134 haec
803 2106 915 2138 fecisse.
939 2106 1013 2141 quod

224 2153 332 2181 sciebat
347 2152 542 2180 mortalitatem
564 2151 724 2180 hominibus
743 2152 927 2187 profuturam.
943 2151 1014 2179 Nam

224 2198 397 2227 immortales
411 2197 460 2234 qui
476 2201 553 2230 sunt,
570 2198 599 2226 in
609 2201 743 2225 aeternum
759 2198 903 2226 labuntur.
920 2197 1014 2226 Nostri

224 2252 291 2280 ergo
310 2245 443 2272 intererat
456 2247 487 2271 ut
507 2244 598 2272 soluto
612 2250 729 2278 corpore
750 2245 867 2276 mortis,
890 2244 1015 2272 simulet

225 2292 381 2319 solveretur
408 2297 511 2326 corpus
529 2291 646 2326 peccati.
670 2290 743 2318 Deus
761 2294 852 2318 autem
874 2298 930 2318 non
947 2298 1016 2317 con-

226 2338 319 2366 stituit
333 2345 384 2366 nos
405 2337 535 2373 protinus
555 2337 583 2364 in
605 2336 711 2372 optimo
730 2336 922 2372 (mortalitatis
937 2337 1016 2365 scili-

226 2389 282 2419 cet)
302 2387 386 2416 statu.
401 2391 435 2411 ne
454 2388 601 2419 propterea
621 2385 801 2410 accusaretur
816 2382 889 2418 quod
903 2383 1017 2409 immor-

227 2430 362 2458 talitatem
383 2437 440 2457 non
459 2429 494 2457 ab
522 2428 604 2456 initio
626 2427 744 2456 dederit.
769 2428 804 2455 At
827 2428 905 2463 prius
920 2428 1018 2456 statuit

228 2478 302 2506 illam
327 2477 434 2512 legem,
462 2483 545 2511 quam
575 2478 690 2503 noverat
723 2474 915 2510 negligendam
946 2473 1016 2502 fore.

227 2523 288 2556 Qua
302 2524 408 2552 ratione
424 2523 551 2559 probavit
566 2522 693 2550 homines
703 2541 712 2553 .
731 2521 841 2549 etiamsi
858 2521 1017 2549 obedienti-

227 2569 280 2597 bus
297 2568 492 2595 immortalitas
513 2567 735 2602 promitteretur,
755 2566 904 2594 rebellibus
926 2571 1018 2594 autem

228 2613 422 2643 intenderetur
435 2620 521 2644 mors.
537 2612 606 2640 adeo
627 2612 809 2641 nihilominus
826 2612 860 2640 de
875 2612 1020 2640 conditore

227 2664 256 2686 et
274 2658 451 2686 benefactore
476 2666 528 2686 suo
549 2659 726 2688 dubitaturos
739 2679 747 2692 .
773 2663 804 2687 ut
821 2663 967 2694 sperarent
988 2667 1020 2688 se

229 2713 286 2732 non
310 2703 401 2732 solum
419 2704 652 2733 immortalitatem
671 2706 831 2739 habituros,
845 2705 868 2733 si
883 2713 938 2733 non
954 2706 1020 2733 obe-

229 2750 359 2780 diissettt.
376 2749 422 2776 sed
442 2749 596 2779 divinitatis
608 2751 692 2779 etiam
707 2751 869 2787 dignitatem
885 2758 1019 2779 consecu-

230 2800 311 2824 turos
334 2801 407 2822 esse.
423 2794 501 2828 Quod
525 2797 547 2823 si
563 2803 629 2824 caro
643 2797 726 2824 etiam
741 2805 836 2825 eorum
857 2797 1021 2825 immortali-

230 2846 315 2870 tatem
332 2839 433 2869 sortita
447 2841 557 2874 fuisset,
571 2846 675 2877 quanto
690 2843 778 2878 magis
793 2843 978 2871 credidissent
990 2851 1021 2871 se

226 2886 296 2916 deos
314 2890 366 2920 per
390 2883 607 2916 inobcdientiam
628 2887 758 2917 futuros!
784 2889 859 2922 Quos
876 2889 950 2918 cnim
969 2897 1020 2918 nec

1059 1648 1128 1683 συκῆ
1141 1645 1185 1682 ἦν,
1201 1647 1242 1682 ἐφ’
1295 1647 1510 1683 παρειλήφεισαν
1524 1647 1574 1682 τὴν
1589 1647 1710 1682 ἐντολήν.
1732 1646 1802 1673 Ἀλλ’
1818 1647 1849 1672 οὖ

1059 1694 1216 1728 προσίενται
1235 1693 1313 1720 τοῦτό
1327 1701 1415 1725 τινες,
1438 1692 1482 1720 διὰ
1497 1692 1596 1728 πολλὴν
1613 1692 1739 1728 εὐήθειαν
1757 1701 1764 1708 ·
1789 1693 1852 1728 ἐμοὶ

1059 1740 1142 1771 δοκεῖ,
1163 1740 1281 1774 οἰόμενοι
1294 1739 1392 1775 χρῆναι
1408 1739 1502 1766 καινόν
1516 1748 1543 1766 τι
1562 1737 1632 1766 εἶναι
1647 1739 1678 1766 τὸ
1694 1739 1783 1772 ξύλον,
1804 1740 1851 1766 καὶ

1060 1785 1090 1812 οὺ
1106 1785 1286 1820 λογιζόμενοι,
1301 1785 1341 1811 ὅτι
1359 1784 1397 1820 μὴ
1419 1786 1451 1820 τῇ
1467 1785 1589 1820 ποιότητι
1606 1784 1653 1811 τοῦ
1671 1784 1762 1818 ξύλου,
1783 1785 1851 1822 μηδὲ

1060 1833 1093 1867 τῇ
1107 1831 1245 1867 καινότητι
1262 1831 1310 1866 τῆς
1325 1830 1453 1866 βρώσεως
1467 1830 1502 1858 τὰ
1518 1831 1705 1867 ἁμαρτήματα
1718 1831 1850 1867 κρίνεται,

1062 1876 1129 1904 ἀλλὰ
1142 1878 1175 1912 τῇ
1197 1877 1269 1904 δόσει
1291 1876 1342 1911 τῆς
1364 1876 1483 1912 ἐντολῆς.
1502 1877 1554 1903 Ἢν
1575 1876 1606 1903 τὸ
1627 1877 1670 1912 ἐφ’
1689 1877 1851 1914 ὁτουδήποτε

1062 1923 1220 1958 παραὸῆναι
1236 1922 1297 1957 ἴσην
1315 1922 1373 1957 ἔχει
1387 1922 1437 1958 τὴν
1454 1922 1567 1959 μέμψιν.

1097 1970 1172 2004 Στίχ.
1186 1969 1230 2002 ιζ’.
1245 1984 1281 1990 —
1300 1969 1407 2004 Ἐπειδὴ
1420 1968 1500 1996 τινῶν
1513 1969 1620 2004 ἀκήκοα
1630 1969 1850 2005 πυνθανομένων·

1063 2017 1096 2044 Εί
1117 2015 1228 2052 προῄδει
1251 2015 1265 2041 ὸ
1288 2016 1364 2048 Θεὸς.
1383 2016 1424 2042 ὅτι
1445 2014 1615 2051 παρακούσει
1630 2017 1644 2043 ό
1665 2015 1761 2051 ’Δδὰμ,
1780 2017 1852 2048 τίνος

1063 2062 1157 2089 ἕνεκεν
1182 2063 1215 2098 τῇ
1239 2062 1311 2089 δόσει
1332 2062 1382 2096 τῆς
1398 2062 1508 2097 ἐντολῆς
1527 2062 1655 2098 παρέσχε
1669 2063 1702 2098 τῇ
1726 2064 1851 2098 παρακοῇ

1064 2109 1221 2145 πρόφασινς
1244 2108 1370 2135 τοσοῦτον
1392 2107 1464 2143 ἐρῶ,
1488 2108 1529 2134 ὅτι
1556 2108 1628 2144 μάλα
1652 2108 1667 2135 ὸ
1690 2108 1756 2140 Θεὸς
1774 2107 1850 2140 εἰδὼς

1067 2154 1260 2190 συμφέρουσαν
1283 2153 1435 2189 ἀνθρώποις
1459 2153 1509 2189 τὴν
1531 2153 1700 2189 θνητότητα⁶
1729 2153 1852 2189 μένοντες

1065 2201 1120 2237 γὰρ
1133 2200 1273 2232 ἀθάνατοι,
1284 2199 1443 2226 πταίσουσιν
1455 2199 1576 2226 ἀθάνατα
1586 2208 1594 2215 ·
1610 2200 1657 2226 καὶ
1668 2200 1710 2227 ὅτι
1723 2199 1854 2226 λυσιτελεῖ

1065 2248 1122 2279 τοῖς
1135 2245 1277 2278 τοιούτοις,
1292 2245 1401 2280 θανάτῳ
1417 2245 1548 2280 λυομένου
1562 2245 1610 2272 τοῦ
1636 2245 1771 2281 σώματος,
1788 2253 1853 2279 συγ-

1068 2292 1252 2328 καταλυθῆναι
1267 2291 1313 2319 καὶ
1329 2291 1359 2318 τὸ
1377 2292 1427 2326 τῆς
1439 2291 1591 2327 ἁμαρτίας*
1605 2292 1655 2318 οὐκ
1672 2291 1752 2324 εὐθὺς
1773 2291 1853 2318 ἔδωκε

1066 2339 1097 2366 τὸ
1115 2339 1265 2374 συμφέρον,
1285 2338 1329 2365 ἵνα
1346 2338 1384 2374 μὴ
1395 2337 1599 2373 βλασφημῆται,
1619 2337 1657 2370 ὡς
1675 2337 1713 2373 μὴ
1734 2337 1854 2368 δεδωκὼς

1068 2385 1098 2417 ἐξ
1109 2385 1197 2421 ἀρχῆς
1210 2384 1259 2420 τὴν
1272 2384 1432 2412 ἀθανασίαν.
1459 2384 1541 2411 Ἀλλά
1554 2384 1687 2420 πρότερον
1700 2384 1792 2411 δίδωσι
1807 2385 1853 2420 τὴν

1068 2430 1227 2467 ὲντολὴν,ἡν
1235 2431 1284 2458 οὐκ
1296 2429 1475 2466 ἀνεξομένους
1486 2430 1545 2466 ᾔδει
1554 2438 1564 2446 '
1576 2431 1619 2457 ἵνα
1627 2430 1711 2466 δείξῃ,
1720 2430 1762 2457 ὅτι
1771 2431 1796 2456 εί
1811 2432 1854 2457 καὶ

1068 2477 1279 2513 προ-τεινομένης
1304 2477 1395 2509 αὺτοῖς
1416 2476 1565 2508 ἀθανασίας
1585 2476 1640 2504 ἀπὸ
1657 2476 1708 2511 τῆς
1723 2476 1853 2511 ὑπακοῆς.

1069 2523 1116 2550 καὶ
1131 2523 1244 2550 θανάτου
1260 2521 1455 2557 ἀπειλουμένου
1474 2521 1518 2548 διὰ
1533 2521 1584 2557 τὴν
1601 2521 1754 2556 παρακοήν,
1766 2521 1854 2548 τοσοῦ-

1069 2578 1115 2596 τον
1124 2569 1280 2604 ἠπίστησαν
1298 2567 1338 2604 τῷ
1352 2569 1450 2604 ποιητῇ
1466 2567 1513 2594 καὶ
1529 2566 1672 2603 εὐεργέτῃ,
1686 2566 1724 2598 ὡς
1740 2566 1854 2599 ἐλπίσαι,

1069 2615 1094 2641 εἱ
1111 2614 1309 2650 παρακούσειεν
1323 2614 1353 2641 οὗ
1371 2614 1451 2649 μόνον
1463 2613 1513 2649 τὴν
1525 2612 1676 2639 ἀθανασίαν
1694 2611 1776 2644 ἕξειν,
1793 2611 1855 2638 ἀλλὰ

1070 2661 1161 2687 καὶτὸ
1181 2660 1232 2696 τῆς
1254 2660 1381 2695 θεότητος
1401 2659 1509 2694 ἀξίωμα
1528 2657 1744 2694 προσλήψεσθαι.
1769 2657 1799 2683 Εἰ
1813 2657 1855 2683 καὶ

1070 2707 1087 2741 ἡ
1101 2705 1169 2741 σὰρξ
1182 2706 1273 2738 αὐτοῖς
1287 2705 1393 2741 εἰλήφει
1404 2705 1454 2740 τὴν
1468 2703 1630 2737 ἀθανασίαν,
1647 2703 1705 2734 πῶς
1719 2703 1748 2730 οὺ
1762 2703 1855 2738 μᾶλλον

1071 2751 1270 2787 ἀνεπείσθησαν
1288 2749 1358 2778 εἶναι
1371 2751 1429 2778 θεοὶ
1445 2750 1490 2777 διὰ
1503 2750 1552 2785 τῆς
1565 2750 1723 2786 παρακοῆςί
1747 2747 1794 2781 Οἷς
1807 2749 1856 2785 γὰρ

1070 2798 1121 2824 οὐκ
1135 2797 1252 2832 ἤρκεσεν
1276 2796 1375 2830 ἀπειλὴ
1397 2795 1512 2822 θανάτου
1528 2795 1569 2827 είς
1591 2795 1640 2830 τὴν
1664 2794 1788 2829 φυλακὴν
1812 2795 1856 2829 τῆς

1071 2842 1192 2877 ἐντολῆς,
1210 2843 1241 2869 τδ
1262 2844 1313 2878 τῆς
1327 2842 1477 2873 ἀθανασίας
1492 2841 1598 2876 βέῦαιον
1614 2841 1721 2872 πάντως
1740 2840 1773 2867 ἂν
1786 2840 1855 2872 ἀδεὲς

1072 2890 1112 2923 εἰς
1132 2889 1162 2917 τὸ
1182 2890 1289 2917 πταίειν
1312 2887 1356 2925 ἦν,
1374 2889 1419 2916 καὶ
1429 2888 1560 2924 διηνεκὲς,
1580 2887 1618 2923 τῷ
1641 2888 1689 2922 τῆς
1713 2886 1855 2918 ἀθανασίας
