1966 3069
130 146 178 175 6M

723 157 935 188 FRAGMENTA
955 161 987 188 IN
1000 161 1158 189 GENESIN.

1707 164 1762 194 6‘2

129 207 243 254 ἐσφαλεί
269 208 460 244 τεθαρρηκότι.
490 211 602 246 Πρῶτον
625 211 672 240 οὖν
694 214 813 241 δείκνυσι
835 217 868 251 τῇ
893 224 918 243 τε

975 219 1136 254 impendens
1157 226 1231 246 mors
1253 219 1287 246 ad
1307 219 1510 249 observandum
1530 222 1688 250 mandatum
1701 230 1761 250 ῐιιοι

128 252 197 279 δόσει
211 253 261 288 τῆς
285 255 404 290 ἐντολῆς,
427 257 474 283 καὶ
487 257 532 284 διὰ
553 258 603 292 τῆς
620 260 762 295 παρακοῆς
783 260 838 288 τῶν
853 262 918 297 περὶ

118 298 172 344 (τὸν
195 299 292 334 Ἀδὰμ,
306 301 347 327 ὅτι
365 302 498 338 συμφέρει
512 304 528 339 ή
546 304 677 340 θνητότης
688 313 695 320 ⁸
717 306 764 332 καὶ
777 307 837 333 τότε
850 307 917 334 ταύ-

128 351 176 378 την
191 344 309 378 δίδωσιν,
334 346 402 381 ὁμοῦ
420 348 465 374 καὶ
484 348 585 375 πείθων
600 349 770 386 ἀνθρώπους,
797 353 844 379 καὶ
863 353 917 379 τῶν

129 390 324 425 συμφερόντων
339 393 388 419 οὐκ
403 394 597 430 ἀφιστάμενος.
615 396 676 423 Ὀτι
692 397 746 433 γὰρ
766 398 804 433 τῷ
827 398 918 434 θνητῷ

130 435 179 470 βίῳ
191 436 237 462 τὸν
252 436 394 472 ἄνθρωπον
415 440 590 476 ηὐτρέπιζεν,
612 442 677 470 αὐτὸ
700 443 731 470 τὸ
754 445 846 480 σχῆμα
868 445 916 473 τοῦ

128 480 242 516 ἄρρενος
254 482 301 508 καὶ
314 483 360 510 τοῦ
377 483 470 520 θήλεος
487 485 632 519 δείκνυσιν,
648 488 677 514 ἐν
689 490 723 524 τῇ
737 489 850 524 δυνάμει
866 490 915 526 τὴν

128 527 298 556 παιδοποιίαν
312 529 392 562 εὐθὺς
406 532 452 558 καὶ
467 533 498 559 ἐκ
511 533 623 569 πρώτης
636 534 818 570 δεικνύμενον.
834 537 915 564 ’Ὥστε

128 573 144 607 ἡ
161 573 210 608 μὲν
231 574 331 607 πλάσις
362 570 514 613 ἡτοιμάσοη
531 578 570 614 τῷ
585 579 674 616 θνητῷ
697 580 765 616 βίῳ·
789 582 805 617 ἡ
823 583 851 609 δὲ
865 583 915 619 τῆς

128 619 238 655 ἐντολῆς
254 621 337 652 δόσις.
357 624 405 650 καὶ
418 624 448 650 τὺ
463 625 635 658 αὐτεξούσιον
650 627 852 662 προεγύμνασε,
870 629 917 656 καὶ

127 665 209 692 ἔδωκε
224 668 257 702 τῇ
277 668 373 704 γνώμῃ
395 670 448 696 τῶν
463 671 633 706 αὐθαιρέτων
648 673 760 707 ἀγώνων
781 673 829 709 τὴν
848 675 916 710 πρό-

127 720 218 746 φασιν,
236 715 284 741 καὶ
297 715 329 742 τὸ
339 718 387 751 τῆς
405 717 566 753 θνητότητος
581 718 720 755 συμφέρον
735 719 846 753 ἔδειξεν.

970 272 1034 292 vere
1049 266 1156 298 valuit,
1180 265 1262 293 iidem
1279 265 1495 296 immortalitatis
1518 276 1634 296 munere
1651 270 1761 296 contir-

970 311 1055 343 mati,
1079 311 1204 339 securius
1227 312 1279 339 sibi
1300 317 1430 340 mternam
1451 313 1559 340 ruinam
1577 314 1759 349 peperissent.

970 355 1092 384 Primum
1112 357 1198 393 igitur
1214 359 1336 386 ostendit
1363 358 1435 387 Deus
1461 359 1530 396 legis
1546 361 1760 391 constitutione.

969 407 997 430 et
1010 410 1059 438 per
1073 403 1144 430 hanc
1165 404 1262 432 Adami
1286 405 1515 438 inobedientiam,
1534 407 1614 434 nobis
1628 407 1760 442 prodesse

970 448 1181 483 mortalitatem;
1209 457 1242 478 ac
1263 450 1364 478 deinde
1396 452 1528 479 mortales
1553 460 1604 480 nos
1630 452 1759 483 instituit.

971 494 1052 520 simul
1072 495 1333 529 reprehensionibus
1347 497 1450 525 nostris
1467 505 1629 530 occurrens,
1642 501 1670 525 et
1683 500 1760 525 com:

968 540 1058 568 modis
1072 542 1175 569 nostris
1193 542 1358 571 inserviens.
1374 543 1453 576 Quod
1464 544 1540 571 enim
1559 544 1692 571 mortales
1708 551 1759 572 nos

967 584 1073 613 ellicere
1093 587 1260 620 decreverit,
1284 589 1382 623 probat
1404 589 1464 624 ipsa
1489 590 1574 618 maris
1596 593 1624 617 et
1653 590 1760 617 feminae

969 630 1130 665 distinctio,
1153 641 1207 668 qua
1240 633 1356 662 facultas
1389 635 1492 664 liberos
1520 635 1632 663 creandi
1656 635 1700 663 vel
1724 635 1761 662 ab

969 677 1049 705 initio
1073 677 1148 706 data.
1167 678 1208 706 Ad
1225 681 1369 707 mortalem
1393 681 1478 716 igitur
1506 682 1590 709 vitam
1612 681 1761 709 constituti

970 722 1079 751 fuerant
1092 725 1236 759 homines;
1250 726 1371 753 mandati
1387 730 1479 754 autem
1491 727 1533 754 lex
1546 731 1573 754 et
1588 727 1693 755 liberos
1708 733 1759 754 nos

132 761 280 795 constituit.
296 767 324 791 et
351 766 512 794 exercenda:
544 768 694 797 voluntatis
723 769 899 798 occasionem
928 771 1066 806 praebuit,
1084 777 1113 801 et
1137 773 1289 801 declaravit
1326 779 1460 809 quantum
1495 775 1575 802 nobis
1610 773 1758 810 prodesset

127 808 294 837 mortalitas.

161 856 236 892 Στεχ.
253 857 308 892 κβ’.
324 873 359 878 -
379 858 515 895 Ἐζητεϊτε
529 861 557 888 τί
572 863 630 889 ἐστι
639 863 767 897 χιτῶνας
776 863 915 898 δερματί-

128 910 212 935 νοινς.
237 903 308 930 Ἀλλ’
323 905 346 931 ει
361 906 410 940 μέν
423 906 500 938 ζώων
516 909 686 943 σφαγέντων,
701 910 732 942 ἐξ
753 911 844 938 αὐτῶν
855 911 916 945 ὲγέ-
936 899 958 928 Β

128 956 203 975 νοντο
217 949 251 976 τὰ
262 950 405 986 ἐνδύματα,
420 953 529 989 εὔδηλον
542 955 583 982 ὅτι
600 956 711 984 ἐπέλιπε
725 957 756 984 τὸ
770 958 848 992 γένος
861 958 916 985 τῶν

129 996 299 1029 σφαγέντων.
319 998 397 1034 Ἀρτι
421 1000 469 1035 μέν
489 1001 536 1028 τοῦ
557 1001 625 1029 Θεοῦ
636 1003 721 1039 ἆῤῥεν
735 1012 764 1031 τε
779 1005 826 1031 καὶ
850 1004 916 1040 θῆλυ

128 1043 318 1078 πεποιηκότος,
339 1045 413 1072 οὔπω
427 1047 455 1074 δὲ
471 1047 577 1080 οὐδενὸς
591 1051 771 1085 τεταγμένου,
796 1051 863 1084 πρὸς
878 1051 917 1086 τῷ

129 1089 239 1116 κάκεῖνο
256 1090 293 1126 μὴ
309 1091 463 1127 ἐνδέχεσθαι
477 1094 605 1129 νομίζειν,
626 1095 667 1122 ὅτι
681 1096 738 1128 ζῶα
753 1097 917 1131 σφάττεσθαι

129 1135 273 1163 ἐκέλευσεν
294 1137 309 1164 ό
329 1137 405 1170 Θεὸς,
429 1139 473 1165 ὅτε
498 1141 581 1175 μήπω
604 1143 756 1177 κρεοφαγία
776 1141 810 1178 ἦν
825 1144 917 1171 ἐπιτε-

129 1181 274 1217 τραμμένη
289 1183 346 1215 τοῖς
361 1183 516 1220 ἀνθρώποις
529 1192 536 1200 ·
559 1188 622 1219 τοὺς
639 1188 676 1223 μὴ
692 1188 772 1220 ὄντας
788 1189 817 1215 δὲ
836 1190 918 1225 χιτῶ-

129 1236 176 1259 νας
198 1227 239 1255 ἔτι
257 1229 337 1256 πλέον
356 1231 479 1266 ἀπρεπὲς
502 1233 632 1267 νομιζειν,
657 1234 698 1261 ὅτι
720 1235 880 1270 παρήγαγεν
902 1236 917 1262 ὸ

129 1273 205 1306 Θεὸς,
227 1275 257 1306 ὃς
270 1277 303 1311 τῇ
325 1276 370 1303 τοῦ
384 1276 527 1313 ἀνθρώπου
544 1280 653 1315 ποιήσει
667 1280 714 1307 τοῦ
735 1282 822 1307 ποιεῖν
836 1291 862 1308 τι
879 1282 917 1318 μὴ

129 1318 157 1345 ὃν
170 1320 225 1346 ἀπε
231 1320 363 1353 παύσατο,
375 1322 413 1354 ὡς
425 1323 454 1349 ἐν
465 1323 550 1359 τούτῳ
562 1324 609 1352 τοῦ
623 1325 724 1360 κόσμου
738 1326 838 1358 παντὸς
853 1335 918 1361 συμ-

130 1366 251 1401 περάνας
265 1366 315 1402 τὴν
332 1368 451 1402 ποίησιν.
465 1369 583 1404 Εὔδηλον
597 1368 653 1401 οὖν.
669 1371 707 1402 ὼς
722 1372 776 1398 οὐδ’
790 1372 822 1399 ἂν
838 1372 918 1407 χιτῶ-

130 1419 175 1443 νας
187 1411 370 1447 δερματίνους
390 1414 420 1441 ἐκ
433 1415 480 1442 τοῦ
497 1416 534 1451 μὴ
548 1416 623 1448 ὄντος
642 1418 813 1452 παρήγαγεν.
838 1418 917 1445 Ἀλλὰ

129 1457 181 1493 γὰρ
202 1458 353 1494 ἠγνᾶησαν.
364 1459 401 1492 ὡς
421 1460 517 1493 ἔοικεν,
532 1463 556 1488 οἱ
570 1463 633 1498 περὶ
647 1462 749 1490 τούτων
763 1465 916 1499 ζητοῦντες,

127 1503 168 1529 ὅτι
189 1503 316 1540 δέρματα
335 1506 364 1532 οὐ
383 1505 463 1540 μόνον
477 1507 512 1534 τὰ
526 1508 557 1534 ἐκ
570 1508 625 1535 τῶν
640 1509 717 1541 ζώων
730 1510 918 1546 ἀφαιρούμενα

127 1549 250 1584 λέγεται,
266 1551 334 1578 ἀλλὰ
350 1553 396 1579 καὶ
412 1553 446 1579 τὰ
461 1554 491 1580 ἐκ
505 1554 559 1580 τῶν
575 1554 701 1590 δένδρων.
717 1556 735 1583 ἃ
750 1557 796 1583 καὶ
810 1558 918 1591 φλοιοὺς

129 1596 274 1631 ὀνομάζειν
294 1596 355 1629 ἔθος
376 1599 431 1630 τοῖς
455 1599 574 1631 πολλοῖς.
605 1600 651 1626 Ἐκ
673 1601 788 1636 δένδρων
811 1602 917 1635 τοίνυν,

129 1643 301 1678 ἐπιτηδείους
333 1652 391 1676 πως
424 1644 532 1678 φλοιοὺς
554 1645 670 1680 ἐχόντων
698 1647 739 1678 εἰς
762 1646 919 1681 ἐνδυμάτων

130 1689 305 1725 κατασκευὴν
319 1690 344 1716 ot
365 1690 430 1726 περὶ
449 1691 494 1718 τὸν
518 1692 603 1726 ’Λδὰμ
621 1690 698 1728 ἧκον,
715 1692 762 1719 τοῦ
776 1693 844 1719 Θεοῦ
858 1694 919 1720 κατ’

130 1735 234 1762 ἔννοιαν
259 1736 350 1767 αὐτοῖς
366 1736 543 1772 ὑποθεμένου,
562 1737 621 1769 πῶς
636 1737 689 1773 χρὴ
704 1737 783 1764 τοῦτο
797 1739 918 1773 ποιῆσαι.

163 1781 240 1816 Στῖχ.
257 1781 305 1808 κδ’.
322 1796 355 1801 -
370 1782 426 1809 Ούκ
441 1782 574 1818 ἀοράτως
598 1783 674 1815 τινὰς
696 1783 825 1819 δυνάμεις
845 1784 919 1818 λέγει

130 1826 162 1853 τὰ
178 1826 338 1862 Χερουϐὶμ,
350 1825 466 1859 ὦςτινες
485 1827 593 1855 οἴονται·
614 1830 675 1856 ἐπεὶ
699 1830 765 1865 μηδὲ
785 1831 919 1858 συνετέλει

130 1880 156 1898 τι
179 1873 298 1907 ἀόρατος
320 1872 400 1907 φύσις
423 1874 491 1905 ἐκεῖ,
507 1875 639 1910 αἰσθητῆς
652 1875 739 1910 ὅψεως
761 1876 920 1912 ὀφειλούσης

131 1914 199 1944 εἶναι
218 1917 272 1952 τῆς
294 1918 340 1944 τὸν
359 1918 445 1954 Ἀδὰμ
464 1919 654 1956 παιδευούσης.
678 1921 747 1948 Οὔτε
762 1920 838 1957 οὗνὴ
855 1923 920 1955 φλο-

130 1962 191 1997 γίνη
213 1963 338 1998 ῥομφαία
361 1964 441 1997 φύσις
454 1962 488 2000 ἦν
505 1966 607 2000 πυρὸς.
633 1967 690 1993 ἀλλ’
706 1967 766 2002 ὄψις
787 1968 897 2003 τοιαύτη
910 1977 917 1984 ·

130 2008 190 2036 οὐδὲ
207 2009 240 2036 τὰ
261 2010 401 2045 Χερουϐὶμ
415 2009 482 2043 ζῶα,
501 2011 557 2038 ἀλλ’
571 2011 632 2047 δψις
643 2013 755 2048 τοιαύτη
768 2022 775 2029 ·
798 2013 859 2040 ἐπεὶ
873 2014 920 2041 καὶ

135 2053 268 2090 Ἰεζεκιὴλ
289 2056 508 2092 τετραπρόσωπα
531 2058 566 2085 τὰ
584 2058 722 2094 Χερουϐὶμ
737 2060 799 2094 ὁρᾷ.
816 2060 920 2095 Τετρα-

131 2100 268 2135 πρόσωπα
281 2101 310 2128 δὲ
322 2102 437 2138 ἀόρατος
450 2102 531 2137 φύσις
547 2104 598 2131 οὐκ
613 2104 702 2131 ἔστιν·
730 2105 798 2132 ἀλλὰ
817 2105 920 2140 Χερου-

131 2144 182 2179 ϐὶμ
206 2146 288 2173 καλεῖ
307 2148 361 2174 πᾶν
383 2148 413 2175 τὺ
431 2148 543 2176 δυνατόν
558 2158 565 2166 ·
588 2149 660 2177 οὕτω
681 2149 766 2184 λέγει,
794 2151 827 2177 '0
849 2152 921 2178 καθ-

129 2191 243 2226 ήμενος
256 2192 307 2219 ἐπὶ
315 2193 374 2220 τῶν
383 2194 535 2230 Χερουϐὶμ.
551 2196 612 2223 ἀντὶ
623 2195 682 2228 τοῦ,
694 2197 709 2223 ὁ
722 2196 832 2229 δυνατὸς
845 2196 921 2231 βασι-

1007 863 1089 892 Vitas.
1107 863 1154 892 22.
1169 879 1204 886 -ο
1224 865 1352 901 Rogastis
1373 866 1438 901 qttid
1459 866 1513 894 sibi
1539 865 1624 893 velint
1642 866 1695 894 illa
1715 870 1759 894 tu-

971 909 1040 938 nicae
1054 911 1184 945 pellicem.
1208 911 1286 944 Quod
1309 912 1331 940 si
1355 919 1387 939 ex
1412 911 1561 939 immolatis
1590 911 1757 941 animalibus

967 961 1061 983 vestes
1087 956 1284 989 conficiendae,
1314 957 1490 985 manifestum
1519 965 1606 993 genus
1637 958 1756 986 istorum

967 1002 1129 1030 animalium
1143 1003 1176 1030 ad
1189 1003 1291 1030 exitum
1307 1010 1367 1032 esse
1380 1003 1553 1038 perductum.
1576 1003 1649 1031 Deus
1665 1008 1758 1032 autem

968 1055 1055 1082 nuper
1076 1055 1106 1075 ca
1125 1049 1288 1076 condiderat
1311 1050 1467 1076 masculum
1485 1053 1513 1076 ct
1535 1049 1684 1082 feminam,
1705 1057 1759 1077 nec

969 1101 1087 1128 unquam
1099 1094 1165 1128 quid
1177 1097 1324 1125 statuerat.
1337 1094 1411 1122 unde
1423 1094 1588 1122 concludere
1600 1095 1757 1130 possimus.

967 1139 1040 1174 quod
1058 1140 1186 1167 animalia
1202 1140 1443 1175 mactarijusserit
1455 1160 1462 1172 ,
1478 1140 1543 1168 dum
1560 1141 1681 1168 nondum
1693 1148 1757 1168 car-

967 1193 1029 1212 nem
1041 1185 1122 1212 ctlere
1134 1185 1291 1213 hominibus
1305 1186 1411 1213 liceret.
1425 1186 1582 1214 Absurdius
1592 1187 1674 1214 ctiam
1686 1186 1758 1214 foret.

967 1231 1136 1258 contendere
1160 1230 1245 1258 Deum
1264 1231 1372 1259 tunicas
1391 1239 1425 1258 ex
1451 1232 1539 1259 nihilo
1561 1232 1681 1264 fecisse,
1708 1232 1756 1266 qtti

968 1276 1089 1303 hominis
1105 1275 1264 1304 conditione
1281 1277 1415 1304 crcationi
1432 1285 1463 1304 ex
1487 1278 1573 1305 nihilo
1597 1277 1677 1305 tinem
1703 1278 1757 1305 im-

967 1323 1077 1358 posuit,
1101 1326 1232 1358 tanquam
1249 1323 1276 1350 in
1300 1323 1346 1350 illo
1363 1331 1454 1351 rerum
1473 1324 1596 1351 omnium
1610 1323 1758 1358 perfectio-

968 1376 1029 1395 nem
1057 1376 1254 1396 consummans
1273 1377 1279 1395 :
1302 1369 1375 1396 unde
1396 1369 1477 1396 etiam
1500 1373 1632 1404 apparet.
1649 1369 1757 1397 tunicas

968 1414 1098 1449 pollicens
1122 1421 1176 1441 non
1197 1423 1229 1442 ex
1254 1414 1339 1442 nihilo
1366 1414 1463 1443 factas.
1492 1414 1550 1441 Non
1579 1415 1758 1443 attenderunt

968 1463 1073 1491 autcm,
1089 1464 1118 1486 ttt
1141 1460 1209 1486 mihi
1224 1460 1333 1487 videtur
1345 1479 1352 1492 ,
1370 1460 1416 1495 qui
1439 1460 1492 1487 hac
1506 1459 1540 1488 de
1558 1469 1586 1488 re
1603 1461 1756 1495 inquirunt.

968 1504 1054 1539 pelles
1066 1505 1158 1532 vocari
1179 1513 1234 1532 non
1258 1505 1346 1533 solum
1366 1513 1427 1541 quae
1448 1513 1481 1532 ex
1503 1506 1682 1538 animalibus,
1707 1507 1758 1534 sed

969 1551 1051 1578 etiam
1069 1559 1130 1585 quae
1155 1559 1187 1579 ex
1209 1552 1372 1583 arboribus.
1400 1560 1460 1587 qute
1481 1553 1602 1580 cortices
1618 1552 1756 1580 nominari

969 1596 1130 1631 [iterumque
1144 1598 1243 1624 solent.
1261 1598 1302 1625 Ab
1326 1598 1472 1626 arboribus
1497 1599 1581 1633 igitur
1602 1603 1757 1633 opportune

970 1642 1072 1670 cortice
1090 1643 1234 1670 instructis
1245 1643 1399 1679 desumpsit
1410 1644 1496 1671 Adam
1513 1644 1676 1672 vestimenta
1693 1652 1757 1676 sua,

969 1687 1084 1715 docente
1101 1687 1156 1716 Deo
1169 1696 1221 1723 qtta
1240 1689 1346 1716 ratione
1365 1690 1416 1717 hoc
1432 1689 1588 1717 faciendum
1610 1690 1657 1717 sit.

1005 1778 1089 1807 Vens.
1105 1779 1152 1806 24.
1176 1795 1211 1800 -
1232 1779 1292 1807 Non
1322 1778 1473 1808 invisibiles
1493 1780 1617 1815 quaedam
1641 1779 1758 1808 virtutes

969 1829 1103 1851 vocantur
1122 1825 1168 1852 hic
1190 1824 1334 1852 cherubim
1347 1844 1354 1855 .
1379 1825 1418 1852 uti
1447 1825 1574 1860 pluribus
1592 1825 1682 1852 visqu
1702 1829 1755 1853 est.

969 1870 1040 1903 Quid
1067 1870 1139 1898 enim
1167 1870 1345 1905 praestitisset
1370 1871 1427 1898 illic
1456 1870 1607 1898 invisibilis
1643 1874 1755 1902 natura.

970 1922 1032 1942 cum
1055 1916 1178 1943 sensibili
1206 1917 1364 1951 spectaculo
1385 1917 1472 1943 Adam
1496 1916 1665 1944 erudiendus
1681 1915 1760 1942 erat?

969 1960 1025 1988 Nec
1047 1961 1171 1988 ﬂammea
1189 1962 1272 1997 igitur
1289 1962 1445 1997 rbompltreo
1467 1962 1539 1995 ignis
1560 1965 1621 1989 erat
1647 1967 1755 1994 natura,

970 2006 1018 2033 sed
1040 2006 1076 2032 ita
1091 2007 1260 2041 apparebat;
1280 2014 1331 2034 nec
1355 2011 1435 2034 erant
1459 2007 1601 2034 cherubim
1617 2007 1755 2038 animalia.

971 2052 1018 2080 sed
1043 2053 1078 2079 ita
1105 2052 1280 2079 videbantur.
1310 2051 1378 2079 Nam
1405 2052 1530 2080 Ezechiel
1552 2059 1664 2087 quoque
1689 2051 1758 2078 vidit

970 2098 1112 2126 cherubim
1129 2097 1304 2133 quadruplici
1331 2097 1402 2125 faeie
1423 2097 1593 2130 instructos,
1614 2097 1676 2124 licet
1694 2097 1759 2125 talis

971 2152 1026 2172 non
1039 2144 1075 2172 sit
1091 2147 1187 2171 natura
1202 2143 1362 2171 invisibilis.
1378 2142 1413 2170 At
1424 2143 1566 2171 cherubim
1577 2146 1658 2170 vocat
1671 2143 1758 2177 quod-

971 2197 1082 2224 cunque
1105 2193 1241 2224 potestate
1273 2192 1403 2224 praastat:
1422 2188 1463 2216 sic
1482 2188 1589 2220 dicens,
1608 2188 1661 2221 Qui
1685 2188 1757 2215 cedet

130 2237 194 2269 λεὺς
207 2238 246 2265 ὧν
258 2247 265 2253 ·
275 2239 330 2271 καὶ,
349 2238 454 2273 Ἐπέδη
463 2240 511 2267 ἐπὶ
527 2241 681 2276 Χερουϐὶμ,
696 2243 744 2269 καὶ
759 2241 918 2276 ἐπετὰσθη.

974 2244 1052 2270 super
1067 2235 1200 2262 cherubim
1221 2235 1231 2271 (
1243 2234 1318 2262 Psal.
1331 2242 1415 2262 xcvut
1428 2254 1436 2266 ,
1449 2235 1461 2261 ‘l
1473 2235 1482 2270 )
1496 2255 1504 2267 ,
1520 2233 1601 2268 quasi
1613 2233 1698 2264 dicat,
1709 2233 1757 2268 qui

130 2283 191 2310 ἀντὶ
206 2282 274 2314 τοῦ.
297 2283 367 2318 μετὰ
386 2284 486 2319 πολλῆς
507 2286 674 2321 παρεγένετο
693 2286 743 2321 τῆς
769 2286 919 2322 δυνάμεως.

132 2327 170 2353 τὸ
183 2325 244 2358 οὖν,
256 2328 365 2360 Ἐταξε
381 2327 419 2356 τὰ
427 2328 579 2364 Χερουϐὶμ,
593 2330 635 2357 ἵνα
645 2329 718 2367 εἴπῃ·
727 2331 846 2365 Δυνατὴν
860 2338 922 2357 τινα

131 2372 180 2400 καὶ
199 2373 321 2410 φοϐερὰν
336 2373 397 2409 Bal/tv
419 2375 466 2401 καὶ
486 2375 592 2410 μορφὴν
614 2375 716 2403 ὡσανεί
738 2385 820 2403 τινων
844 2375 921 2408 ζώων

131 2418 268 2453 ἐπέστησε
281 2421 315 2456 τῇ
333 2419 426 2456 εῑσόδῳ
440 2420 487 2447 τοῦ
503 2421 678 2456 παραδείσου,
695 2421 766 2449 ὥστε
779 2421 922 2457 ἀπείργειν

131 2463 178 2491 τὸν
200 2464 300 2501 Ἀδάμ.

431 2558 557 2587 ΚΕΦΔΛ.
576 2559 627 2586 ΙΘ’.
914 2564 916 2569 ’

167 2601 242 2636 Στίχ.
258 2604 295 2635 γ’.
320 2616 356 2623 --
381 2602 450 2630 οὒτε
473 2604 507 2640 τῇ
533 2604 613 2638 φύσει
636 2604 732 2640 ἄνδρες
753 2601 841 2638 ἦσαν,
864 2603 922 2630 ἀλλ’

132 2645 243 2673 ἐδόκουν
254 2644 336 2678 εῖναι.
345 2647 408 2676 οὔτε
422 2648 523 2684 ἔφαγον
537 2649 573 2682 ὡς
584 2649 733 2685 ἄνθρωποι,
744 2650 802 2677 ἀλλ’
814 2649 923 2677 ἐδόκουν

133 2692 234 2720 ἐσθίειν
257 2694 293 2729 τῇ
313 2693 373 2728 ὕψει
392 2694 447 2722 τῶν
462 2695 604 2731 ὁρώντων.
627 2695 844 2732 ἀναλισκομένων
866 2696 923 2724 τῶν

133 2737 338 2774 προτιθεμένων
354 2740 425 2766 κατὰ
436 2740 511 2768 θείαν
524 2740 674 2776 ἐνέργειαν.

168 2782 243 2818 Στιχ.
266 2783 319 2810 λα’.
344 2798 379 2804 -
395 2784 498 2812 Οὓκοῦν
511 2785 541 2812 οὺ
562 2786 647 2818 πάθος
663 2786 811 2819 ἀκολασίας
824 2787 922 2822 ἤλασεν

135 2825 237 2862 αὑτὰς,
261 2827 329 2856 ἀλλὰ
351 2829 435 2864 φειδὼ
451 2829 497 2857 τοῦ
512 2830 615 2865 γένους.
631 2831 712 2859 Ὅθεν
728 2831 920 2860 εύσύγνωστοι.

974 2286 1071 2316 potens
1083 2285 1126 2308 cst
1135 2289 1183 2308 rex
1196 2289 1204 2313 ;
1223 2280 1261 2307 ita
1278 2281 1374 2312 etiam,
1388 2280 1514 2307 Ascendit
1529 2287 1609 2314 super
1621 2279 1758 2306 cherubim

971 2331 996 2353 et
1008 2327 1104 2353 rotavi!
1120 2325 1216 2361 (Psal.
1231 2333 1300 2357 xvii.
1315 2326 1347 2353 Η
1357 2326 1378 2360 ),
1392 2326 1446 2354 hoc.
1456 2329 1509 2358 est.
1526 2325 1611 2353 multa
1625 2333 1687 2352 cum
1707 2331 1759 2360 po-

972 2374 1072 2399 testate
1087 2371 1223 2406 apparuit.
1248 2368 1316 2398 lllud
1346 2369 1591 2405 igitur,ordimm‘t
1613 2369 1756 2402 cherubim,

972 2417 1044 2444 idem
1056 2420 1137 2444 sonat
1160 2423 1192 2444 ac
1209 2424 1215 2442 :
1232 2416 1372 2444 Potentem
1395 2420 1423 2443 et
1447 2415 1597 2443 terribilem
1611 2415 1757 2450 quemdam

971 2463 1105 2490 visionem
1130 2469 1161 2489 ac
1184 2460 1319 2492 formam.
1343 2464 1473 2494 tanquam
1489 2459 1668 2493 animalium.
1695 2464 1759 2487 ante

972 2507 1075 2534 aditum
1087 2506 1207 2542 paradisi
1221 2505 1364 2534 constituit
1375 2525 1383 2537 ,
1397 2512 1451 2540 qua
1473 2504 1560 2532 Adam
1576 2508 1756 2532 averteretur.

1281 2549 1358 2578 CAP.
1376 2550 1449 2578 XIX.

1009 2597 1092 2626 Vens.
1111 2596 1140 2625 5.
1154 2612 1189 2618 —
1201 2595 1262 2624 Non
1272 2600 1352 2625 erant
1368 2600 1467 2624 natura
1482 2595 1623 2628 homines,
1638 2595 1685 2623 sed
1699 2602 1760 2622 esse

971 2643 1152 2676 videbantur;
1169 2649 1220 2670 nec
1234 2641 1416 2669 comedebant
1427 2644 1458 2668 ut
1473 2641 1610 2673 homines,
1624 2640 1670 2668 sed
1684 2640 1759 2667 vide-

972 2690 1073 2718 bantur
1087 2688 1230 2716 comedere
1241 2686 1412 2715 cernentium
1423 2685 1525 2719 oculis,
1538 2685 1656 2713 sublatis
1667 2685 1759 2712 divina

972 2735 1092 2772 potentia
1108 2741 1168 2769 quae
1181 2732 1376 2761 offerebantur.

1007 2781 1092 2809 Vens.
1103 2781 1149 2809 51.
1166 2795 1201 2800 -
1218 2778 1277 2807 Non
1305 2778 1486 2814 indulgebant
1514 2777 1599 2813 igitur
1633 2775 1758 2803 libidinis

972 2827 1112 2860 motibus,
1137 2825 1185 2855 sed
1210 2825 1303 2862 generi
1323 2831 1375 2853 suo
1399 2824 1558 2860 parcebant.
1580 2821 1659 2850 Unde
1677 2821 1758 2850 venia

976 2873 1074 2908 dignae.
