1983 3072
209 116 261 145 613

795 115 971 146 ΤΙΙΕΟΒΟΙΠ
997 115 1110 144 MOPSU
1116 115 1239 145 ESTENI

1786 115 1849 143 οιι

246 168 331 204 Vna.
343 175 389 204 52.
404 189 438 196 --
454 174 560 202 Furtim
578 182 609 204 se
624 181 687 203 cum
702 178 782 211 patre
792 174 922 201 miscent.
939 172 998 200 Non
1012 197 1013 200 η

1085 173 1160 208 Στίχ.
1175 173 1226 208 λβ¹.
1250 188 1284 194 -
1299 172 1452 201 κλέπτουσι
1466 171 1514 200 τοῦ
1538 171 1643 208 πατρὸς
1661 171 1712 207 τὴν
1733 172 1845 207 κοίτην.

210 221 335 258 mglebat
350 218 425 250 enim
441 227 489 249 eas
501 216 588 249 sobrii
609 221 697 256 patris
710 219 907 256 temperantia.

525 274 605 306 CAP.
620 276 682 305 XX.

246 335 330 366 Vsus.
341 332 368 364 5.
380 351 417 358 -—
429 336 488 364 Non
502 335 725 371 intemperantia,
739 333 839 370 inquit,
849 333 925 361 volui
936 340 1000 361 cum

210 389 244 411 ea
259 382 411 419 conjungi,
436 382 485 410 sed
502 381 593 418 magni
610 388 674 410 esse
683 380 800 413 credidi,
817 380 840 409 si
856 379 999 407 mulierem

211 432 338 457 sanctam
357 432 386 457 et
407 428 461 457 viri
482 428 574 457 sancti
590 434 715 456 sororem
736 426 769 456 in
793 425 1000 455 matrimonium

211 470 350 502 ducerem.

232 482 350 503 acerem.

505 529 584 558 CAP.
599 527 709 557 XXVII.

247 586 333 616 Vsus.
349 587 376 615 Ι.
393 585 498 615 -Ῑῖοο
514 591 625 622 quoque
641 585 742 613 divinae
756 584 853 620 gratiae
870 591 953 619 opus,
971 585 1002 610 ut

212 633 325 662 Interim
345 640 397 669 ope
417 631 551 661 Rebeccae
571 628 676 660 Iacobo
694 630 914 659 benedictionem
936 630 1003 658 sub«

212 682 305 717 ripere
319 681 426 709 liceret.

488 737 567 766 CAP.
588 736 711 765 XXVIII.

250 793 336 824 Vsus.
347 795 391 823 l8.
402 810 438 818 --
451 794 615 831 Superfudit
623 792 710 822 Iacob
724 793 815 821 oleum
827 793 856 820 in
869 799 1004 820 cacumen

1050 218 1179 254 ”ῌδεισαν
1194 219 1250 256 γὰρ
1264 220 1395 256 νήφοντος
1408 219 1458 255 τὴν
1471 217 1647 255 σωφροσύνην
1663 217 1758 245 αὐτοῦ.

1350 277 1479 305 ΚΕΦΑΛ.
1494 277 1536 304 K'.

1084 333 1159 369 Στίχ.
1176 336 1208 362 ε’.
1218 333 1322 361 -ιούκ
1343 329 1487 369 ἀκολασία,
1504 333 1597 369 φησὶν,
1611 331 1764 368 ἠϐουλήθην
1779 340 1849 359 συν-

1049 379 1137 407 ελθεῖν
1156 378 1237 416 αὐτῇ,
1258 377 1316 407 ἀλλ’
1333 379 1372 413 ὡς
1392 376 1499 407 δικαίαν
1522 378 1569 406 καὶ
1593 378 1712 414 ἀδελφὴν
1735 378 1847 406 δικαίου

1051 425 1179 462 μέγιστον
1191 425 1350 462 ἡγησάμην,
1365 426 1390 453 εί
1404 425 1537 461 ἀγάγοιμι
1553 420 1623 461 πρὸς
1634 424 1734 460 γάμον.

1342 514 1466 555 ΚΕΦΑΛᾎ
1485 522 1548 556 Kz'.

1086 583 1162 620 Στίχ.
1177 586 1213 612 α’.
1235 596 1270 604 —
1292 581 1348 612 Kal.
1362 583 1442 611 τοῦτο
1455 584 1505 620 τῆς
1518 584 1594 616 Θείας
1614 585 1725 621 χάριτος
1741 585 1823 622 ἔργον
1834 593 1846 602 ·

1051 629 1096 657 ἵνα
1110 630 1140 656 ιν
1155 629 1231 665 μέσῳ
1245 629 1342 666 καιρὸς
1356 629 1471 666 γίνηται
1481 631 1515 666 τῇ
1534 630 1667 667 Ῥεϐέκκα
1686 631 1784 666 κλέψαι
1803 627 1849 667 τῷ

1059 675 1157 704 Ἰακὼϐ
1171 675 1222 712 τὴν
1233 675 1369 711 εὐλογίαν.

1342 732 1470 760 ΚΕΦΔΛ.
1491 732 1560 760 κη’.

1089 787 1163 824 Στίχ.
1187 791 1232 824 ιη’.
1258 803 1295 809 -
1323 788 1453 824 Ἐπέχεεν
1475 789 1490 815 δ
1509 788 1607 816 Ἰακὼϐ
1630 787 1717 816 ἔλαιον
1742 788 1789 816 ἐπὶ
1813 789 1848 816 τὸ

215 840 330 876 lapidis,
348 844 376 868 et
390 840 498 867 vocavit
519 839 610 867 locum
621 858 630 871 ,
649 838 752 866 Domus
770 837 828 865 Dei.
844 835 896 864 Hic
910 841 1002 864 autem

1072 842 1138 869 κρον
1152 833 1200 861 τοῦ
1216 834 1301 868 λίθου,
1316 834 1363 862 καὶ
1376 834 1489 862 ἐκάλεσε
1503 835 1549 862 τὸν
1564 835 1655 868 τόπον,
1671 833 1754 867 οἶκος
1763 835 1846 864 Θεοῦ,

217 885 306 921 ﬁgura
333 885 448 914 Mosaici
465 884 651 917 tabernaculi,
667 883 742 920 quod
763 886 956 911 constructum
976 885 1005 910 et

215 930 380 960 aediﬁcatum
392 933 543 959 unxerunt.

519 986 598 1016 CAP.
617 985 704 1014 XXX.

252 1044 392 1073 Vsus.59.
413 1044 580 1078 -Quando
604 1044 634 1072 in
658 1043 857 1079 Mesopotamia
884 1042 1007 1071 subalbaa

216 1097 284 1118 oves
302 1092 464 1125 quaeruntur
477 1109 485 1122 ,
512 1089 654 1124 niqrzeque
673 1097 781 1125 caprae,
807 1089 835 1116 in
859 1088 1005 1116 Palaestina

217 1138 310 1162 autem
338 1133 512 1163 contrarium
541 1133 626 1167 valet,
657 1134 813 1162 commodis
840 1133 1007 1162 inserviebat

217 1179 439 1216 patriarcharum
451 1187 495 1208 res
509 1183 572 1208 ante
585 1179 670 1208 dicta.

510 1235 587 1264 CAP.
605 1232 714 1264 XXXII.

255 1290 334 1321 γει-ς.
351 1290 377 1320 l.
393 1307 427 1313 —
439 1289 544 1321 Iacobo
556 1300 571 1320 a
584 1291 677 1320 Laban
689 1292 809 1320 liberato
822 1296 1008 1321 occurrerunt

219 1338 331 1373 angeli,
347 1337 471 1372 profecto
498 1345 513 1364 a
528 1335 642 1365 Micbael
667 1337 792 1372 principe
818 1336 1006 1366 lsraelitarum

220 1379 309 1411 missi.
326 1382 428 1417 quippe
443 1382 489 1417 qui
501 1382 556 1410 illis
570 1385 698 1417 praeerat,
714 1381 823 1410 dicente
835 1382 948 1410 Gabriel
973 1383 1006 1411 ad

221 1426 360 1454 Danielem
379 1436 386 1454 :
412 1425 528 1454 Michael
550 1428 670 1462 princeps
684 1432 767 1455 vester
797 1427 879 1462 (Dan.
893 1436 932 1461 at,
947 1429 1006 1464 2|).

219 1472 338 1506 Quando
356 1473 429 1500 enim
445 1473 516 1500 liber
530 1473 702 1501 al'ormidine
713 1470 818 1504 Laban.
832 1473 949 1502 Esavum
965 1482 1008 1501 re-

1040 876 1108 907 "ﬂv
1123 879 1152 906 δὲ
1163 879 1194 906 τὸ
1210 880 1326 916 πρᾶγμα
1343 879 1428 913 τύπος
1439 880 1490 915 τῆς
1502 877 1653 915 Μωσαῗκῆς
1673 881 1777 917 σκηνῆς
1789 890 1797 898 -
1811 882 1847 916 ἦν

1054 925 1266 958 κατασκευάσας
1283 925 1330 953 καὶ
1345 926 1513 961 ἀναστήσας,
1531 926 1649 962 ἔχρισεν.

1353 983 1480 1011 ΚΕΦΔΛ.
1500 982 1541 1010 A‘.

1091 1039 1166 1075 Στίχ.
1182 1039 1232 1067 λθ¹.
1250 1054 1286 1060 —
1306 1037 1416 1076 Ἐπειδὴ
1432 1037 1461 1066 δὲ
1484 1040 1514 1066 ἓν
1538 1040 1571 1075 τῇ
1596 1035 1794 1077 Μεσοποταμίᾳ
1811 1042 1849 1068 τὰ

1055 1086 1141 1113 λευκὰ
1155 1085 1275 1121 ζητεῖται
1289 1084 1425 1121 πρόϐατα,
1439 1085 1487 1112 καὶ
1499 1086 1527 1113 αι
1542 1086 1656 1121 μέλανες
1670 1084 1757 1121 αἶγες,
1773 1088 1802 1114 ἐν
1818 1087 1848 1114 δὲ

1055 1133 1090 1168 τῇ
1104 1131 1273 1168 Παλαιστίνῃ
1286 1131 1318 1159 τὸ
1331 1131 1463 1164 ἐναντίον,
1475 1131 1544 1168 πρὸς
1559 1132 1590 1158 τὸ
1602 1132 1655 1158 τῶν
1671 1133 1850 1169 πατριαρχῶν

1057 1176 1196 1214 συμφέρον
1211 1175 1392 1214 οἰκονομεῖται
1405 1177 1439 1204 τὰ
1456 1178 1655 1214 προειρημένα.

1344 1231 1471 1262 ΚΕΦᾹΛ.
1494 1234 1557 1261 AB’.

1092 1292 1169 1328 Στίχ.
1191 1295 1226 1320 α’.
1243 1307 1279 1313 -
1293 1290 1347 1318 Τοῦ
1356 1291 1448 1318 Λάϐαν
1465 1291 1633 1326 ἀπαλλαγεὶς
1647 1292 1662 1318 ὸ
1678 1291 1785 1321 Ἰακὼϐ,
1799 1291 1850 1327 ὁρᾷ

1057 1337 1233 1375 παρεμϐολὴν
1249 1337 1388 1373 ἀγγέλων·
1407 1337 1518 1369 πάντως
1541 1347 1593 1364 που
1626 1338 1676 1373 τὴν
1695 1337 1851 1372 ὁρισθεῖσαν

1060 1385 1128 1420 μετὰ
1142 1383 1252 1420 Μιχαὴλ
1262 1382 1310 1410 τοῦ
1325 1383 1455 1418 ἄρχοντος
1465 1383 1512 1410 τοῦ
1529 1383 1594 1410 λαοῦ
1608 1384 1716 1419 Ἰσραήλ
1725 1391 1732 1398 ·
1746 1384 1775 1415 ὂς
1786 1393 1851 1410 κατ-

1058 1433 1124 1466 έστη
1152 1429 1236 1457 αὐτοῦ
1249 1428 1425 1465 προεστάναι,
1439 1429 1477 1461 ὡς
1494 1429 1613 1465 Γαϐριήλ
1627 1438 1693 1463 φησι
1716 1429 1783 1464 πρδς
1805 1429 1852 1455 τὸν

1059 1476 1169 1512 Δανιὴλ,
1189 1475 1310 1511 Μιχαὴλ
1328 1476 1345 1501 ό
1366 1474 1467 1509 ἅρχων
1490 1474 1584 1509 ὑμῶν.
1606 1474 1715 1509 Ἐπειδὴ
1740 1476 1792 1510 γὰρ
1806 1473 1852 1501 τδν

221 1518 372 1546 formidare
385 1522 515 1553 ceperat,
527 1518 643 1547 docetur
651 1518 738 1547 Iacob
746 1520 781 1547 ab
795 1520 1009 1549 occurrentibus

1072 1522 1109 1549 :05
1122 1511 1215 1549 Λάϐαν
1229 1520 1311 1556 φόϐον
1332 1520 1502 1556 ἀποθέμενος
1513 1540 1520 1551 ,
1537 1519 1680 1555 μετέθεικε
1704 1520 1754 1551 τὰς
1771 1529 1852 1555 φρον-

222 1562 329 1599 angelis
340 1583 347 1596 ,
360 1570 395 1590 ne
409 1570 559 1592 occursum
581 1571 677 1592 eorum
693 1564 788 1592 timeat
804 1564 850 1600 qui
862 1565 937 1593 circa
954 1565 1012 1593 [τις

223 1614 294 1638 trem
314 1613 405 1638 erant.

261 1711 341 1742 νοτε.
362 1712 408 1743 28.
431 1728 468 1734 -
485 1711 670 1741 Transmissis
695 1714 825 1742 omnibus
850 1714 909 1743 suis
934 1718 1013 1743 trans

226 1758 326 1787 ﬂumen
337 1778 345 1790 ,
355 1758 431 1786 solus
443 1762 511 1786 tunc
526 1762 651 1786 remanet
663 1757 759 1791 Iacob,
774 1763 802 1786 et
817 1759 938 1786 luctatur
950 1767 1012 1787 cum

226 1804 346 1840 quodam
361 1804 413 1839 ipsi
433 1808 594 1839 apparente.
609 1803 660 1832 llic
674 1809 765 1832 autem
781 1809 856 1832 certe
868 1812 923 1832 non
941 1805 1014 1833 alius

227 1854 328 1886 praeter
344 1850 420 1878 illum
435 1850 482 1886 qui
497 1857 581 1885 super
601 1849 703 1877 scalam
728 1849 905 1878 incumbebat
919 1850 947 1878 in
964 1850 1016 1879 Be-

227 1896 285 1924 tbel
295 1895 392 1923 visam.
418 1895 513 1932 Angeli
529 1899 620 1923 autem
637 1895 685 1931 qui
709 1895 896 1923 ascendebant
918 1901 946 1924 et
967 1896 1015 1925 de-

229 1939 400 1967 scendebant
424 1938 452 1967 in
468 1939 575 1972 eadem,
590 1947 645 1967 non
667 1939 771 1968 diversi
796 1940 831 1968 ab
854 1940 896 1969 eis
914 1941 1016 1977 quibus

229 1989 400 2013 occurrerat.

265 2039 344 2068 Vers.
359 2041 405 2068 25.
419 2055 455 2062 --
471 2040 544 2068 Vidit
555 2046 653 2075 autem.
667 2042 717 2074 ait,
732 2043 796 2078 quia
808 2052 860 2070 non
876 2044 945 2071 ualet
956 2051 1018 2080 erga

229 2094 299 2118 eum.
314 2091 340 2114 et
354 2087 438 2122 tetigit
449 2086 619 2114 latitudinem
630 2087 738 2122 femoris
751 2089 819 2123 ejus.
833 2094 859 2116 et
875 2089 1017 2122 obtorpuit.

230 2131 315 2160 Iacob
334 2131 403 2159 vidit
418 2131 483 2166 quia
503 2139 558 2159 non
582 2131 653 2159 valet
674 2140 739 2168 erga
752 2134 891 2169 angelum,
905 2135 1019 2170 angelus

231 2180 322 2205 autem
336 2176 425 2212 tetigit
440 2177 615 2205 latitudinem
631 2175 745 2207 femoris
755 2179 827 2214 ejus.

268 2233 346 2261 Vers.
366 2231 412 2261 26.
434 2248 469 2254 —
485 2232 545 2262 Non
573 2233 627 2261 alia
650 2234 684 2262 de
703 2241 788 2263 causa
803 2234 870 2262 dicit
881 2235 1018 2270 angelus:

232 2280 344 2308 Dimitte
355 2288 405 2312 me,
416 2287 498 2315 quam
518 2285 548 2307 ut
561 2277 692 2308 Iacobum
708 2281 809 2308 excitet
828 2281 922 2316 illique
939 2288 1021 2309 occa-

233 2326 338 2353 sionem
357 2325 478 2361 praebeat
505 2324 692 2360 respondendi
716 2334 723 2353 :
752 2325 815 2353 Non
829 2331 854 2354 te
867 2324 1020 2362 dimittam,

233 2369 287 2397 niti
303 2377 344 2396 me
355 2368 529 2396 benedixeris.

270 2422 349 2451 Vers.
365 2423 412 2450 27.
426 2438 462 2443 ——-
477 2422 529 2451 IIic
549 2427 642 2452 autem
665 2427 745 2460 rogat
759 2434 766 2452 :
783 2425 861 2459 Quod
873 2431 912 2453 est
928 2434 1023 2454 nomen

236 2471 332 2498 tuum?
345 2470 379 2498 At
393 2470 439 2498 ille
455 2469 524 2498 dixit
537 2478 548 2498 .'
561 2467 656 2499 Iacob.
673 2470 707 2498 Et
721 2469 790 2499 dixit
804 2473 829 2499 ei
844 2480 854 2500 :
870 2472 932 2500 Non
944 2481 1024 2500 voca-

237 2515 308 2542 bitur
322 2515 394 2542 ultra
405 2524 498 2543 nomen
513 2521 587 2543 tuum
597 2515 693 2549 Iacob,
709 2517 754 2545 sed
767 2517 854 2545 Israel
864 2519 916 2546 erit
930 2527 1023 2547 nomen

238 2566 313 2588 tuum
328 2568 338 2587 .'
354 2561 417 2596 quia
428 2561 565 2590 inooluieti
582 2570 641 2590 cuin
656 2563 710 2590 Deo
720 2583 728 2595 ,
747 2568 774 2591 et
790 2572 850 2591 cum
871 2564 1024 2593 hominibus

237 2611 329 2641 potens
343 2607 406 2634 eris.
423 2607 569 2636 Sulliciens
582 2608 631 2636 tibi
646 2608 815 2642 benedictio,
829 2609 881 2642 ait,
893 2610 1024 2638 collucta-

237 2654 279 2682 tio
292 2661 355 2681 cum
379 2653 451 2687 Deo;
467 2654 616 2683 maximum
633 2655 682 2683 tibi
701 2655 844 2691 signorum
861 2663 963 2684 novum
975 2663 1026 2684 no-

239 2706 302 2727 men
316 2697 411 2732 Israel.
431 2700 505 2734 quod
521 2701 719 2736 interpretatur
729 2701 808 2729 homo
825 2702 914 2730 videns
929 2702 1024 2730 Deum.

239 2743 313 2771 Sane
325 2744 349 2772 si
360 2745 473 2780 angelus
485 2753 548 2774 vere
562 2745 659 2774 fuisset
670 2746 717 2781 qui
729 2748 869 2782 apparuit,
882 2755 1025 2782 perperam

240 2794 388 2819 vocaretur
399 2790 485 2819 Iacob
497 2791 657 2825 lsrael,cum
669 2800 764 2820 verum
777 2792 861 2820 Deum
874 2800 929 2821 non
943 2793 1027 2820 vidis-

239 2841 292 2866 set.
316 2835 389 2867 Deus
412 2841 469 2866 erat
495 2837 579 2873 igitur
601 2837 672 2866 idem
691 2845 724 2865 ac
746 2837 828 2866 homo
847 2843 870 2867 el
895 2838 1025 2874 angelus;

1061 1568 1137 1600 τίδας
1150 1568 1191 1599 εἰς
1205 1567 1240 1594 τὰ
1251 1567 1322 1594 κατὰ
1336 1565 1433 1597 Ἡσαῦ,
1447 1566 1584 1593 δείκνυται
1597 1567 1614 1601 ἠ
1625 1566 1786 1602 παρεμϐολὴ
1797 1567 1853 1593 τῶν

1061 1613 1204 1649 ἀγγέλων,
1221 1613 1260 1644 ὡς
1289 1611 1323 1639 ἂν
1341 1612 1379 1647 μὴ
1401 1612 1511 1646 φοϐοῖτο
1535 1612 1585 1648 τὴν
1610 1612 1785 1648 παρεμϐολὴν
1799 1612 1853 1639 τῶν

1064 1659 1198 1687 συνόντων
1212 1657 1296 1686 αὐτοῦ
1313 1657 1353 1693 τῷ
1370 1657 1488 1693 ἀδελφῷ.

1099 1716 1174 1752 Στίχ.
1187 1716 1236 1743 κδ’.
1247 1731 1282 1738 —-
1294 1714 1401 1747 Πάντας
1416 1714 1446 1742 δὲ
1458 1715 1521 1746 τοὺς
1532 1710 1615 1742 αὐτοῦ
1630 1709 1799 1749 παραγαγὼν
1810 1714 1853 1741 διὰ

1064 1761 1111 1789 τοῦ
1128 1760 1271 1796 ποταμοῦ,
1287 1761 1335 1787 καὶ
1353 1760 1435 1791 αὐτὸς
1457 1759 1641 1795 ὑποληφθεὶς,
1660 1760 1721 1786 τότε
1745 1760 1853 1788 παλαίει

1064 1806 1104 1842 τῷ
1120 1806 1240 1841 φανέντι.
1256 1805 1312 1832 Καὶ
1331 1802 1408 1836 οὗτος
1431 1802 1466 1840 ἦν
1487 1805 1544 1840 ἄρα
1565 1802 1579 1831 ὁ
1603 1804 1650 1831 ἐπὶ
1661 1801 1710 1839 τῆς
1722 1803 1854 1841 κλίμακος

1066 1849 1261 1886 ὲστηριγμένος
1281 1849 1332 1884 τῆς
1353 1849 1383 1876 ὲν
1402 1848 1503 1884 Βαιοὴλ
1525 1849 1657 1884 φανείσης
1673 1847 1756 1885 αὐτῷ.
1779 1851 1810 1876 οἱ
1826 1850 1854 1876 δὲ

1066 1895 1177 1931 ἄγγελοι
1200 1896 1225 1922 ot
1245 1894 1437 1926 ἀναϐαίνοντες
1458 1893 1506 1921 καὶ
1522 1890 1750 1927 καταϐαίνοντες,
1769 1892 1786 1930 ἡ
1803 1903 1853 1921 πα-

1068 1941 1189 1978 ρεμϐολὴ
1204 1939 1249 1976 ἦν,

1103 1996 1177 2033 Στίχ.
1188 1996 1238 2024 κε’.
1248 2010 1283 2017 —-
1295 1993 1364 2024 Εἷδε
1375 1992 1420 2026 δὲ,
1434 1995 1529 2031 φησὶν,
1544 1994 1589 2022 ὅτι
1599 1995 1636 2022 οὐ
1650 1994 1774 2021 δύναται
1784 1993 1855 2028 πρὸς

1069 2042 1163 2071 αὐτόν
1172 2052 1179 2060 ·
1196 2042 1245 2070 καὶ
1258 2042 1358 2076 ἥψατο
1371 2040 1425 2069 τοῦ
1434 2041 1568 2074 πλάτους
1580 2039 1633 2067 τοῦ
1640 2039 1740 2075 μηροῦ
1752 2039 1854 2072 αὐτοῦ,

1070 2089 1118 2116 καὶ
1133 2088 1312 2122 ἐνάρκησεν.
1336 2084 1365 2114 '0
1382 2084 1433 2122 μὲν
1448 2085 1546 2113 Ἰακὼϐ
1560 2083 1639 2117 εἶδεν,
1652 2086 1694 2112 δτι
1706 2085 1736 2112 οὺ
1749 2084 1856 2112 δύναται

1071 2135 1140 2170 πρὸς
1165 2134 1212 2160 τὸν
1230 2133 1358 2168 ἄγγελον,
1373 2130 1426 2160 ὅδὲ
1438 2129 1554 2167 ἄγγελος
1570 2131 1659 2166 ἥψατο
1679 2130 1726 2158 τοῦ
1741 2130 1855 2162 πλάτους

1033 2189 1058 2220 υ
1072 2179 1120 2207 τοῦ
1138 2179 1227 2216 μηροῦ
1241 2179 1337 2206 αὐτοῦ.

1108 2237 1182 2273 Στίχ.
1193 2237 1251 2270 uc’.
1264 2237 1302 2263 T6
1319 2245 1350 2271 γε
1361 2236 1414 2272 μὴν
1423 2234 1468 2262 τὸν
1478 2233 1591 2269 ἄγγελον
1602 2235 1700 2267 ειπεῖν,
1712 2234 1856 2262 Ἀπόστει-

1072 2283 1130 2310 λόν
1141 2291 1190 2317 με.
1206 2281 1428 2318 προτρεπομένου
1440 2279 1475 2317 ἢν
1484 2301 1492 2314 ,
1506 2280 1554 2308 καὶ
1576 2280 1733 2316 Μρῤησίαν
1745 2279 1856 2311 διδόντος

1072 2327 1112 2362 τῷ
1138 2326 1236 2354 Ἰακὼϐ
1260 2327 1346 2353 εἰπεῖν
1355 2345 1363 2358 ,
1378 2326 1419 2353 οὐ
1429 2325 1470 2360 μή
1481 2333 1519 2352 σε
1532 2324 1714 2357 ἀποστείλω,
1727 2324 1752 2351 εί
1765 2322 1808 2358 μή
1821 2331 1857 2358 με

1073 2371 1255 2406 εὐλογήσῃς.

1109 2428 1184 2463 Στίχ.
1200 2428 1252 2460 κζ’.
1267 2443 1301 2448 -
1321 2427 1351 2455 '0
1369 2426 1398 2454 δὲ
1419 2426 1528 2462 ἐρωτᾷ,
1555 2426 1587 2453 Τί
1606 2425 1641 2452 τὸ
1665 2424 1761 2459 ὄνομά
1783 2431 1856 2456 σου;

1075 2475 1092 2502 ὁ
1103 2474 1138 2501 δὲ
1149 2471 1243 2505 εἷπεν.
1257 2472 1364 2500 Ἰακώϐ.
1381 2470 1453 2500 Ehe
1465 2471 1500 2498 δὲ
1514 2470 1605 2503 αὐτῷ,
1622 2470 1664 2497 οὐ
1679 2469 1857 2504 κληθήσεται

1074 2520 1108 2547 τὸ
1128 2518 1223 2554 ὄνομά
1246 2526 1306 2545 σου
1328 2517 1442 2550 Ἰακὼϐ,
1458 2516 1527 2544 ἀλλ’
1550 2516 1570 2550 ἢ
1593 2515 1713 2550 Ἰσραὴλ
1731 2515 1815 2542 ἔσται
1827 2514 1856 2541 τὸ

1076 2565 1171 2600 ὄνομά
1186 2572 1245 2592 σου
1259 2572 1266 2580 ·
1283 2563 1328 2590 ὅτι
1340 2563 1509 2598 ἑνίσχυσας
1524 2561 1599 2596 μετὰ
1614 2560 1706 2593 Θεοῦ,
1719 2560 1769 2587 καὶ
1789 2559 1857 2594 μετὰ

1075 2611 1238 2645 ἀνθρώπων
1251 2609 1380 2642 δυνατὸς
1393 2609 1462 2643 ἔσῃ.
1480 2608 1569 2643 Ἰκανή
1583 2616 1634 2639 σοι,
1645 2607 1738 2643 φησὶν,
1755 2607 1858 2640 εὐλογία

1075 2656 1107 2683 τδ
1123 2657 1256 2684 παλαῖσαι
1279 2655 1348 2690 μετὰ
1362 2654 1440 2681 Θεοῦ.
1458 2653 1513 2681 Καὶ
1532 2653 1644 2688 σημεῖον
1660 2653 1731 2679 ἔστω
1752 2661 1791 2678 σοι
1814 2651 1858 2686 μέ-

1076 2710 1169 2737 γιστον
1189 2701 1219 2728 τὸ
1242 2700 1349 2735 Ἰσραὴλ
1371 2697 1620 2734 μετονομασθῆναι,
1640 2697 1708 2732 ὓπερ
1726 2697 1797 2722 ἐστὶν
1809 2696 1866 2730 ἀντ

1078 2748 1194 2780 θρωπος
1208 2745 1285 2779 ὁρῶν
1300 2744 1386 2770 Geor.
1402 2743 1457 2770 Καὶ
1477 2741 1529 2777 μὴν
1546 2742 1571 2768 εἰ
1586 2741 1635 2775 τὴν
1651 2740 1731 2774 φύσιν
1750 2739 1857 2773 ἄγγελος

1077 2790 1111 2827 ἦν
1126 2792 1140 2817 ὁ
1161 2791 1254 2825 φανεὶς
1278 2788 1351 2823 αὐτῷ
1367 2809 1375 2818 .
1399 2787 1503 2823 ψευδῶς
1528 2786 1664 2821 ἀνεκλήθη
1687 2785 1794 2820 Ἰσραὴλ
1809 2784 1858 2811 ἀπὸ

1077 2837 1124 2864 τοῦ
1139 2836 1184 2863 τὸν
1198 2836 1247 2862 οὐκ
1266 2835 1330 2862 ὅντα
1340 2833 1405 2860 Θεὸν
1421 2831 1579 2868 ἑωρακέναι.
1601 2830 1706 2858 Οὐκοῦν
1719 2830 1782 2861 Θεὸς
1799 2828 1855 2864 ﬂeo
