1983 3072
128 144 183 174 685

718 141 934 171 FRAGMENTA
960 139 994 168 IN
1017 140 1175 169 GENESIN.

1711 145 1765 173 ClG

127 203 227 235 αὐτὸς,
242 203 291 230 καὶ
311 202 468 238 ἄνθρωπος.
482 202 530 229 καὶ
550 201 663 237 ἄγγελος
673 210 679 216 -
697 202 786 230 πάντα
800 202 918 237 ἀληθῶς.

980 201 1064 227 unuia
1079 206 1143 228 vere
1153 209 1159 227 :
1170 200 1218 228 sed
1231 200 1325 234 homo.
1337 202 1402 238 quia
1417 202 1576 232 incarnatus
1588 212 1595 238 ;
1605 205 1721 240 angelus
1730 212 1766 232 cx

135 249 218 276 ’Δλλὰ
233 249 263 276 τὺ
277 249 337 285 μὲν,
352 250 401 285 τῆς
418 248 654 284 ἐνανθρωπήσεως
667 256 673 263 ·
692 249 723 275 τὸ
734 249 773 280 δὲ,
786 248 837 284 τῆς
850 249 922 275 οἱκο-

128 294 225 330 νομίας
235 303 242 310 ·
261 295 292 321 τὸ
302 294 342 327 δὲ,
359 295 409 330 τῆς
422 294 538 329 φύσεως.

417 340 543 368 ΚΕΦΔΛ.
561 339 629 368 MA'.

165 384 241 420 Στὶκ.
259 388 289 411 ε’.
303 399 341 405 -
351 384 450 412 Κόνδυ
465 384 525 420 μὲν⁷
547 384 578 411 τὸ
597 384 742 419 λεγόμενον
757 384 923 411 άπλοπότιον

129 430 222 465 λέγει·
234 430 265 457 τὸ
282 430 322 463 δὲ,
339 429 493 465 οἰωνισμῷ
507 429 670 460 οἱωνίζεται
687 430 723 456 ἐν
736 429 827 461 αὐτῷ,
843 428 923 455 τοῦτό

131 483 231 511 φησιν,
245 476 286 503 ὅτι
300 475 441 511 ἔγκριτον,
460 475 498 507 ὡς
521 475 665 511 ἄρχοντος,
688 475 768 502 τοῦτό
782 477 855 502 ἐστιν
873 475 922 501 αὗ-

129 521 178 548 τοῦ
192 520 267 557 παρὰ
278 522 333 553 τοῖς
345 520 563 556 συνεσθιομὲνοις
574 521 640 548 αὐτὸ
653 521 683 548 τδ
694 522 835 557 ποτήριον.
846 520 922 556 Ἔχει

129 566 220 593 τοίνυν
236 565 369 602 σύμϐολον
381 565 477 603 ὥσπερ
490 566 556 592 αὐτὸ
569 565 618 601 τῆς
634 566 721 601 ἀρχῆς
735 565 818 593 αὑτοῦ
833 565 923 601 πάσης

131 611 289 647 ἐπιϐουλήν.

420 656 548 684 ΚΕΦΑΛ.
571 656 639 684 ΜΘ’.

167 703 242 739 Στῐχ.
258 703 289 730 δ’.
298 718 333 724 -
347 702 456 738 Ἐπειδὴ
468 703 522 738 γὰρ
535 702 600 729 ἴδιόν
617 702 675 728 ἐστι
691 701 737 729 τοῦ
750 701 844 732 ὕδατος
860 701 924 736 θερ-

134 749 276 785 μαίνεσοαὶ
293 758 333 781 τε,
349 748 398 776 τοῦ
411 748 498 785 πυρὸς
514 748 695 784 ὑποκειμένου
707 769 715 782 ,
728 748 775 775 καὶ
799 747 924 774 ἀποτίθε-

133 796 196 822 σθαι
210 795 258 831 τὴν
278 795 383 831 θέρμην
402 794 523 830 ταχέως,
545 793 592 821 τοῦ
613 794 698 830 πυρὸς
717 792 922 829 ἀφαιρεθέντος,

133 841 173 876 μὴ
189 841 250 867 κατ’
263 841 368 872 ἐκεῖνον
393 841 489 875 φησὶν,
515 839 642 867 ἀπόλλοιο
654 860 662 872 ,
684 839 731 866 καὶ
746 839 924 874 άφανισθείης

132 889 174 919 εἰς
197 887 227 914 τὸ
244 887 375 918 παντελὲς
395 886 433 922 τῷ
448 886 565 922 θανάτῳ.
583 885 669 912 Τοῦτο
691 886 746 922 γὰρ
771 885 846 920 λέγει
859 905 866 916 ,
879 885 920 917 ὡς
939 878 960 906 Β

132 932 212 967 ὕδωρ
224 933 268 968 μὴ
283 932 422 966 ὲκζέσης.
434 931 465 958 El
475 931 529 968 γὰρ
545 931 593 958 καὶ
605 931 636 957 τὸ
648 931 809 966 ἁμάρτημα,
826 931 924 965 φησὶν,

133 980 208 1013 ἄξιόν
223 980 295 1006 ἔστιν
311 978 421 1014 δλεθρόν
441 986 482 1004 σοι
505 978 672 1012 ἐπαγαγεῖν,
692 976 760 1004 ἀλλὰ
775 976 814 1012 μὴ
838 976 925 1007 οὕτως

133 1025 272 1056 άπόλλοιο,
287 1024 354 1060 μηδὲ
369 1024 447 1059 δίκην
464 1022 559 1054 ὕδατος
575 1022 769 1058 διαφθαρειης,
784 1022 833 1057 τὴν
849 1020 925 1048 Evoti-

134 1079 185 1098 σαν
198 1070 366 1106 ἀποθέμενος
380 1069 496 1106 θέρμην,
512 1067 552 1104 τῷ
565 1068 692 1104 διαδοχὴν
711 1069 744 1096 ὲκ
764 1068 811 1095 σοῦ
836 1067 923 1103 μηδε-

135 1118 201 1154 μίαν
217 1116 356 1152 γενέσθαι.

170 1164 247 1199 Στίχ.
264 1167 290 1191 ι’.
299 1161 465 1198 -Εἰρηκὼς
479 1163 510 1189 τὸ
522 1162 572 1198 τῆς
586 1162 659 1194 ὄνου,
671 1161 753 1197 ἤγουν
763 1161 809 1187 τοῦ
822 1160 924 1192 πώλου,

134 1211 179 1245 ἐφ’
193 1206 270 1245 ᾧπερ
290 1208 424 1244 ὲκαθέσθη
440 1209 493 1244 πρὸ
507 1208 553 1235 τοῦ
568 1208 669 1240 πάθους
693 1209 706 1234 ό
732 1207 834 1243 Κύριος
845 1228 852 1237 .
878 1207 927 1233 ὲπ-

135 1255 198 1290 άγει
212 1253 316 1281 καὶτοῦ
343 1253 446 1285 πάθους
465 1253 515 1289 τὴν
539 1254 665 1289 μήνυσιν.
678 1252 791 1280 Πλυνεῐ
802 1252 837 1279 ἐν
854 1252 927 1285 οϊνῳ

134 1300 195 1334 τὴν
209 1299 326 1333 στολὴν
340 1299 435 1326 αὐτοῦ
447 1318 455 1330 ,
469 1298 516 1325 καὶ
538 1299 574 1325 τὰ
596 1298 671 1333 ἑξῆς.
689 1298 769 1328 Ἔθος
781 1298 815 1333 τῇ
831 1297 926 1333 Γραφῇ

136 1347 201 1382 οἴνῳ
216 1345 393 1381 παρεικάζειν
405 1345 454 1377 τὰς
471 1345 605 1380 τιμωρίας
630 1344 678 1371 καὶ
696 1344 758 1376 τοὺς
773 1343 904 1375 θανάτους
917 1351 926 1359 ·

135 1393 174 1424 ὡς
189 1392 228 1424 τὺ,
243 1391 387 1425 Ποτήριοιι·
405 1391 440 1417 ἐν
452 1390 527 1426 χειρὶ
539 1390 649 1424 Κυρίου
664 1390 748 1416 οῖνου
773 1389 903 1424 ἀκράτου
918 1396 925 1405 ⁸

136 1439 182 1466 ἵνα
196 1437 261 1475 εἴπῃ
272 1457 280 1468 ,
294 1438 334 1464 ὅτι
352 1437 398 1464 ἐπὶ
419 1437 469 1471 τῆς
487 1436 610 1469 ἐξουσίας
632 1436 690 1462 ἐστὶ
713 1435 764 1469 τῆς
779 1434 861 1462 αὑτοῦ
877 1434 927 1467 τὰς

135 1484 272 1520 τιμωρίας
283 1482 432 1517 ἐπαγαγεῖν
439 1480 481 1513 οἷς
490 1481 625 1517 βούλεται.
636 1480 784 1508 Κάνταῦθα
795 1480 885 1507 τοίνυν
897 1480 928 1507 τὸ

136 1530 224 1561 πάθος
239 1528 336 1556 καὶτὸν
343 1528 458 1555 θάνατον
466 1525 536 1554 οἶνον
546 1526 640 1559 εἰπὼν,
651 1526 741 1558 καλῶς
751 1526 927 1561 προστέθεικε

136 1576 168 1603 τὸ
180 1559 250 1603 εἶναι
261 1573 330 1609 αἷμα
341 1573 391 1609 τῆς
408 1573 544 1608 σταφυλῆς
552 1573 601 1608 τὴν
613 1572 760 1608 περιϐολὴν
773 1559 856 1598 αὑτοῦ
866 1579 873 1586 ·
889 1572 927 1603 ὡς
941 1559 964 1590 C

137 1622 173 1650 ἄν
187 1622 226 1658 τῷ
250 1621 296 1648 τοῦ
316 1622 431 1657 αἵματος
452 1619 565 1655 ὀνόματι
592 1618 756 1654 σαφέστερον
769 1616 877 1653 δηλώσῃ
897 1617 928 1643 τὸ

138 1669 236 1701 πάθος.
252 1668 353 1703 Στολὴν
363 1666 413 1703 μὲν
426 1663 473 1693 οὖν
486 1665 568 1692 αὐτοῦ
579 1665 706 1700 ὀνομάζει
720 1663 771 1700 τῆν
779 1663 928 1699 ληφθεῖσαν

137 1715 186 1743 τοῦ
205 1714 298 1742 δούλου
316 1713 434 1749 μορφήν.
451 1710 570 1746 Εὔδηλον
588 1710 628 1742 δὲ,
647 1710 685 1742 ὠς
701 1709 766 1744 οἴνῳ
780 1708 928 1736 πλύνεσθαι

138 1761 242 1797 ὶσθῆτα
254 1761 303 1795 οὐχ
316 1757 371 1786 οἷόν
385 1766 425 1785 τε·
433 1756 587 1785 τούναντίον
600 1756 629 1783 δὲ
640 1755 688 1783 καὶ¹
703 1755 848 1791 μολύνεται
864 1755 929 1791 οἴνῳ

138 1809 235 1840 εὐθὺς,
252 1807 291 1838 ὡς
305 1807 352 1833 καὶ
367 1804 548 1832 δυσέκπλυτον
560 1800 630 1830 εἶναι
645 1801 690 1829 τὸν
704 1801 734 1835 ἐξ
750 1801 831 1829 αὐτοῦ
848 1801 930 1837 μολυ-

141 1854 220 1889 «pm.
249 1851 319 1879 Ἀλλ’
337 1850 431 1886 ἐπειδὴ
444 1851 458 1877 ό
476 1849 590 1881 θάνατος
611 1849 679 1876 πᾶσι
704 1848 753 1883 μὲν
775 1847 930 1883 ἀνθρώποις

140 1898 270 1930 ἀπόθεσις
279 1898 337 1924 ἐστι
349 1897 432 1932 ζωῆς,
441 1895 481 1932 τῷ
491 1895 518 1923 δὲ
529 1894 624 1931 Κυρίῳ
638 1894 687 1921 οὐκ
700 1893 829 1926 ἀπόθεσις
845 1893 929 1928 ζωῆς,

140 1945 209 1972 ἀλλὰ
226 1944 391 1980 μετάστασις
403 1942 472 1978 πρὸς
485 1942 582 1977 ἑτέραν
596 1941 657 1968 τινὰ
673 1941 814 1975 κρείττονα
834 1939 929 1974 γέγονε

141 1990 226 2027 ζωὴν,
234 1991 274 2021 εἰς
282 1990 354 2026 ἦνέκ
362 1988 466 2024 νεκρῶν
475 1987 595 2019 ἀναστὰς
606 1986 770 2023 μετελήλυθε
779 1993 786 2000 ·
797 1985 842 2013 διὰ
851 1985 931 2012 τοῦτο

140 2037 227 2070 λέγει,
237 2034 353 2063 Πλιννεῖ
362 2034 397 2061 ἐν
411 2034 483 2066 olm
503 2033 561 2068 τὴν
580 2032 694 2066 στολὴν
712 2031 806 2059 αὑτοῦ
815 2052 823 2064 ,
837 2031 884 2058 καὶ
896 2031 931 2058 τὰ

141 2083 206 2119 ἑξῆς
215 2091 222 2098 ·
236 2082 280 2109 ἵνα
294 2081 359 2117 εἴπῃ
368 2101 376 2113 ,
398 2081 439 2107 ὅτι
455 2079 560 2112 δέξεται
579 2078 610 2105 τὸ
626 2078 712 2121 ιτάθος
725 2078 777 2104 οὒκ
789 2077 836 2104 ἐπὶ
850 2085 932 2112 τιμω-

141 2128 249 2166 plani);
265 2128 289 2154 oi
301 2126 407 2158 λοιποὶ,
422 2125 480 2153 ἀλλ’
492 2125 530 2157 ὡς
544 2125 612 2152 πολὺ
631 2123 823 2160 λαμπρότερος
838 2122 868 2156 ἐξ
881 2122 931 2148 αὑ-

139 2174 189 2201 τοῦ
203 2175 320 2208 φανῆναι
329 2194 336 2206 ,
356 2172 489 2204 ἀθάνατος
501 2172 548 2199 καὶ
564 2170 703 2206 ἄφθαρτος
715 2169 846 2205 γεγονώς.

973 242 1083 280 oillcio‘;
1097 246 1169 274 Deus
1182 250 1275 274 autem
1292 252 1405 276 natura.

1269 340 1351 371 .CAP.
1369 340 1426 369 XLI
1431 341 1462 370 Υ.

1011 384 1090 413 Vers.
1105 385 1132 413 5.
1157 400 1193 406 -—
1211 385 1304 421 ϐορηίῃ
1326 394 1379 414 vox
1403 387 1442 414 nil
1465 392 1562 423 prater
1580 389 1709 424 poculum
1723 389 1765 418 si-

973 432 1095 466 gniﬁcat.
1113 432 1146 459 At
1166 431 1248 465 illud,
1265 432 1384 468 Auguria
1399 438 1548 468 anguntur
1561 436 1588 461 in
1606 443 1648 467 ιο,
1662 435 1765 462 indicat

973 478 1039 505 illud
1055 477 1141 506 fuisse
1157 479 1347 513 praestantius.
1359 484 1490 514 tanquam
1501 480 1644 514 principis,
1661 481 1712 508 hoc
1723 485 1765 508 est

972 524 1103 558 poculum
1118 531 1175 558 quo
1193 524 1267 552 inter
1281 524 1415 552 solemnia
1439 524 1580 552 utebatur.
1595 525 1687 553 lnnnit
1700 534 1766 562 ergo

973 575 1019 597 res
1039 576 1089 596 eos
1103 569 1145 596 vel
1161 569 1249 604 ipsius
1264 569 1382 605 imperio
1398 570 1543 600 invidisse.

1268 657 1346 686 CAP.
1367 657 1462 685 XLIX.

1009 702 1089 730 Vers.
1102 702 1130 730 4.
1143 717 1179 723 -—
1192 703 1261 731 Cum
1279 711 1311 731 ea
1331 704 1367 731 sit
1383 711 1461 738 aquae
1478 707 1578 731 natura
1591 723 1599 736 ,
1613 707 1644 730 ut
1657 703 1767 731 admoto

974 748 1036 784 igne
1054 748 1234 782 effervescat,
1254 753 1283 776 et
1305 754 1412 777 remoto
1429 750 1491 784 igne
1514 749 1615 777 bullire
1638 749 1767 784 protinus

973 794 1081 822 desinat
1094 814 1102 828 ,
1117 794 1213 822 eadem
1230 795 1337 823 ratione
1349 815 1356 828 ,
1378 795 1477 831 inquit,
1492 803 1526 823 ne
1542 802 1638 831 pereas
1650 815 1658 827 ,
1678 801 1767 829 neque

974 845 1063 868 morte
1076 841 1191 868 omnino
1206 848 1367 868 evanescas.
1385 841 1443 868 Hoc
1459 841 1531 869 enim
1552 841 1673 868 declarat
1687 839 1767 872 illud,

974 885 1040 911 sicut
1055 894 1124 921 aqua
1138 886 1359 920 notae/fervescat.
1373 886 1504 920 Quamvis
1518 891 1631 922 peccato
1648 891 1704 918 tuo.
1716 887 1767 918 ait,

974 931 1090 958 exitium
1118 932 1167 959 tibi
1189 933 1396 968 promerueris.
1418 941 1452 961 ne
1469 940 1561 961 tamen
1590 940 1697 969 pereas,
1717 939 1768 960 nec

975 977 1063 1004 instar
1076 985 1153 1013 aqua:
1164 978 1283 1011 tollatis,
1292 985 1343 1006 nec
1352 979 1487 1007 exstincto
1500 987 1557 1015 quo
1571 978 1652 1007 ardes
1663 979 1767 1011 calore,

976 1022 1105 1057 progenie
1114 1023 1228 1050 omnino
1236 1030 1344 1052 careas.

1011 1160 1091 1188 νει-ε.
1108 1159 1151 1188 10.
1167 1175 1202 1180 -
1221 1160 1368 1188 Nominato
1390 1161 1469 1188 asino
1487 1168 1535 1188 seu
1554 1161 1640 1196 pullo,
1659 1161 1703 1189 cui
1720 1168 1773 1189 su-

976 1207 1098 1242 persedit
1120 1205 1254 1234 Dominus
1276 1211 1340 1234 ante
1366 1206 1522 1242 passionem
1540 1215 1629 1239 suam,
1656 1215 1728 1234 nunc
1739 1211 1771 1235 et

977 1252 1063 1287 ipsam
1081 1251 1237 1291 passionem
1259 1256 1405 1280 memorat.
1426 1251 1539 1279 Lavabit
1555 1252 1583 1278 in
1596 1253 1656 1279 vino
1670 1253 1767 1280 stolam

976 1305 1070 1330 suam,
1086 1302 1113 1325 et
1130 1302 1239 1325 caetera.
1254 1296 1405 1332 Scriptura:
1413 1305 1476 1325 mos
1489 1302 1531 1326 est
1547 1298 1614 1325 vino
1628 1305 1723 1333 pmnas
1740 1302 1770 1326 et

977 1348 1093 1370 mortem
1110 1341 1240 1377 ﬁgurare,
1259 1342 1299 1369 uti
1311 1342 1338 1370 in
1350 1342 1418 1370 illo:
1437 1341 1517 1370 Catia
1527 1343 1555 1370 in
1568 1351 1649 1370 manu
1663 1343 1770 1370 Domini

976 1388 1031 1416 cini
1042 1388 1107 1415 meri
1121 1387 1208 1424 (Psat.
1223 1394 1316 1420 uxrv.
1330 1388 1370 1424 8),
1382 1388 1464 1423 quasi
1477 1388 1551 1415 dicat
1561 1409 1568 1422 ,
1583 1388 1670 1417 Penes
1683 1388 1769 1416 Deum

977 1439 1020 1462 est
1043 1435 1133 1470 poenis
1153 1434 1273 1470 aﬂligore
1294 1441 1476 1470 quoscunque
1501 1435 1628 1463 voluerit.
1653 1435 1769 1468 Quando

979 1481 1062 1516 igitur
1079 1481 1123 1509 hic
1137 1481 1293 1516 passionem
1305 1486 1333 1508 et
1348 1485 1465 1509 mortem
1479 1481 1572 1509 vinum
1593 1485 1685 1514 vocat.
1700 1482 1771 1510 bene

979 1527 1079 1562 adjecit
1105 1527 1133 1554 in
1157 1527 1292 1562 sanguine
1315 1535 1374 1555 uva:
1399 1535 1461 1556 esse
1483 1528 1615 1555 amictum
1637 1529 1716 1563 ejus.
1739 1532 1770 1555 ut

979 1573 1124 1608 sanguinis
1138 1573 1251 1601 nomine
1274 1573 1432 1609 passionem
1458 1574 1633 1602 manifestius
1644 1575 1770 1602 declara-

960 1637 962 1639 ›
978 1624 1031 1648 ret.
1057 1619 1161 1647 Stolam
1181 1624 1272 1648 autem
1292 1620 1410 1655 appellat
1429 1625 1597 1656 assumptam
1623 1622 1695 1650 servi
1711 1621 1770 1649 for-

979 1673 1063 1693 mam.
1091 1665 1166 1693 Satis
1190 1670 1283 1694 autem
1304 1670 1418 1701 apparet
1436 1666 1501 1693 vino
1527 1671 1618 1695 vestes
1642 1667 1770 1695 mundari

978 1720 1033 1740 non
1047 1719 1146 1747 posse;
1157 1711 1212 1739 imo
1223 1712 1288 1739 vino
1300 1712 1426 1746 protinus
1437 1712 1477 1739 ita
1485 1712 1658 1747 polluuntur.
1672 1717 1701 1740 ut
1712 1714 1771 1741 haec

978 1759 1094 1794 pollutio
1114 1766 1168 1786 non
1185 1758 1238 1786 nisi
1257 1758 1418 1786 diilicillime
1432 1758 1517 1786 deleri
1539 1759 1639 1794 possit.
1657 1759 1691 1786 At
1705 1766 1770 1786 cum

980 1805 1137 1833 hominibus
1156 1812 1231 1833 mors
1241 1805 1304 1832 vita:
1318 1804 1466 1840 depositio.
1482 1803 1598 1832 Domino
1611 1809 1702 1832 autem
1714 1813 1769 1832 non

980 1850 1042 1877 vitae
1061 1849 1214 1885 depositio,
1237 1848 1285 1876 sed
1310 1849 1456 1877 translatio
1478 1849 1513 1877 ad
1532 1850 1614 1877 aliam
1627 1851 1769 1878 meliorem

980 1897 1075 1927 vitam,
1092 1902 1173 1930 quam
1189 1903 1204 1922 ε
1223 1895 1340 1922 mortuis
1354 1902 1502 1931 resurgens
1517 1896 1633 1931 accepit,
1646 1896 1708 1924 ideo
1726 1896 1770 1923 di-

980 1942 1018 1969 cit
1034 1951 1040 1969 :
1056 1941 1168 1969 Lavabit
1191 1941 1219 1968 in
1243 1941 1305 1968 vino
1327 1941 1422 1968 stolam
1444 1949 1540 1974 suam,
1557 1946 1584 1970 et
1600 1946 1708 1970 emtera.
1721 1941 1771 1970 His

980 1987 1053 2014 enim
1085 1986 1223 2023 signiﬁcat
1247 1991 1362 2015 mortem
1390 1987 1504 2016 Christo
1526 1995 1581 2016 non
1603 1989 1637 2016 ad
1660 1995 1770 2023 penam

981 2032 1053 2065 dari,
1071 2037 1101 2060 ut
1116 2033 1234 2066 caeteris.
1251 2033 1302 2061 sed
1315 2039 1344 2061 ut
1358 2033 1458 2062 exinde
1475 2034 1610 2064 illustrior
1628 2038 1772 2070 appareat.

982 2079 1151 2107 immortalis
1165 2083 1194 2107 et
1211 2078 1432 2115 incorruptibilis
1446 2079 1548 2110 tactus.

176 2219 252 2254 Στίχ.
269 2218 313 2254 ιβ’.
328 2233 365 2239 -
377 2218 535 2253 Χαροποιοὶ
552 2218 579 2244 οἱ
597 2216 744 2251 ὀφθαλμοὶ
762 2215 856 2243 αὐτοῦ
871 2215 927 2242 ἀπὸ

1019 2215 1097 2244 Vers.
1117 2216 1160 2244 12.
1174 2230 1210 2236 —-
1228 2214 1351 2252 Grati/id
1371 2216 1443 2244 oculi
1462 2217 1521 2252 ejus
1535 2224 1613 2252 super
1628 2217 1728 2248 vitium,
1744 2221 1770 2244 et

139 2265 248 2297 οινου,
273 2264 321 2291 καὶ
351 2264 455 2291 λευκοὶ
480 2265 507 2291 οι
533 2263 655 2296 ὀδόντες
678 2261 772 2289 αὐτοῦ
796 2262 816 2296 ἣ
841 2261 929 2297 τάλα.

146 2311 258 2347 Ἐπειδὴ
276 2310 330 2346 γὰρ
344 2310 399 2337 τῶν
413 2309 478 2345 οἴνῳ
491 2308 581 2345 πολλῷ
593 2308 770 2344 κεχρημένων
783 2307 843 2339 ἔθος
853 2307 932 2342 ὑφαι-

141 2363 211 2391 μους
235 2363 292 2386 πως
313 2352 381 2381 εἶναι
400 2354 464 2385 τοὺς
480 2353 655 2389 ὀφθαλμοὺς,
669 2351 748 2379 τοῦτο
771 2352 865 2386 λέγει,
890 2353 932 2379 ὅτι

139 2400 213 2428 κατὰ
231 2400 280 2435 μὲν
295 2399 326 2426 τὸ
343 2399 428 2431 πάθος
452 2399 498 2426 καὶ
518 2399 564 2426 τδν
579 2398 693 2425 θανάτον
712 2397 854 2424 ἀλλοίωσίν
870 2406 931 2424 τινα

140 2446 266 2481 φανεϊται
282 2445 444 2481 δεξάμενος·
455 2444 590 2479 τοσαύτην
603 2443 632 2471 δὲ
647 2443 703 2477 ἔξει
724 2443 772 2470 ἐπὶ
789 2443 820 2470 τὸ
842 2444 932 2479 κρεῖτ-

139 2500 187 2518 τον
204 2491 355 2527 μεταϐολὴν
365 2511 374 2523 ,
390 2491 428 2523 ὡς
449 2490 586 2526 γάλακτος
602 2490 717 2525 φανῆναι
730 2489 928 2526 λαμπρότερκ.

147 2537 215 2564 Ἀπὸ
228 2537 282 2572 γὰρ
294 2536 349 2563 τῶν
363 2536 477 2563 ὀδόντων
489 2555 498 2567 ,
514 2536 552 2568 ὼς
566 2535 620 2563 ἀπὸ
636 2536 737 2571 μέρους
747 2555 754 2567 ,
773 2535 804 2562 τὸ
821 2535 875 2562 πᾶν
890 2536 930 2561 εἰ-

142 2584 205 2610 πεῖν
216 2582 354 2618 ἠϐουλήθη
366 2591 373 2598 ·
389 2583 436 2610 καὶ
450 2582 568 2618 μάλιστα
582 2582 675 2616 ἐπειδή
690 2590 748 2614 πως
758 2582 932 2616 ἀποκεκρυμ-

142 2628 242 2665 μένους
260 2629 308 2664 μὲν
320 2626 388 2656 εῖναι
399 2629 455 2660 τοῖς
467 2627 568 2664 χείλεσι
580 2628 643 2659 τοὺς
654 2627 764 2658 ὀδόντας
777 2626 930 2662 συμϐαίνει,

140 2674 337 2709 ἀναφαίνεσθαι
356 2674 385 2701 δὲ
406 2673 609 2708 διανοιγομένου
630 2672 678 2699 τοῦ
698 2672 841 2708 στόματος.
855 2671 932 2699 Οὕτω

982 2262 1091 2290 candidi
1112 2262 1202 2290 deum
1220 2263 1278 2297 ejus
1292 2271 1372 2298 quam
1393 2263 1446 2291 lac.
1463 2263 1578 2297 Quando
1591 2262 1663 2290 oculi
1680 2263 1770 2290 homi-

982 2317 1048 2337 num
1071 2309 1136 2336 vino
1150 2309 1306 2336 deditorum
1328 2309 1488 2337 subcruenti
1504 2309 1650 2340 videntur.
1667 2308 1772 2336 indicat

982 2355 1026 2383 bis
1044 2354 1186 2383 Christum
1208 2349 1275 2389 post'
1295 2355 1452 2390 passionem
1478 2359 1505 2382 et
1529 2360 1644 2382 mortem
1670 2361 1770 2381 novam

982 2401 1103 2436 speciem
1114 2405 1302 2436 accepturum.
1319 2401 1394 2428 Adeo
1409 2405 1498 2429 autent
1513 2401 1625 2428 meliora
1639 2400 1773 2428 sortietur

983 2450 1013 2473 ut
1036 2446 1108 2474 lacte
1132 2446 1443 2482 candidiorappareat.
1476 2445 1544 2474 Nam
1570 2454 1604 2473 ex
1629 2445 1770 2476 dentibus.

983 2495 1115 2527 tanquam
1133 2499 1166 2519 ex
1182 2496 1260 2527 parte
1272 2512 1280 2525 ,
1296 2496 1384 2520 totum
1400 2493 1458 2519 vult
1470 2492 1638 2527 signiﬁcare.
1656 2491 1772 2527 Insuper

982 2537 1212 2573 quemadmodum
1238 2538 1335 2566 dentes
1352 2538 1433 2566 labiis
1459 2538 1634 2565 occultantur
1654 2540 1682 2565 et
1709 2537 1773 2565 dein

983 2588 1078 2619 aperto
1092 2590 1140 2611 ore
1153 2587 1304 2619 apparent;
1316 2583 1355 2611 ita
1368 2585 1451 2611 etiam
1467 2582 1570 2610 Christi
1584 2581 1688 2610 candor
1703 2586 1773 2610 tem-

982 2636 1050 2664 pore
1062 2629 1159 2657 mortis
1178 2629 1347 2663 occultatus,
1363 2632 1458 2664 postea
1472 2628 1600 2657 omnibus
1619 2635 1666 2663 per
1678 2635 1773 2656 resur-

982 2673 1137 2702 rectionem
1153 2674 1307 2709 apparebit.

140 2720 170 2747 δέ
186 2728 244 2753 πως
270 2721 319 2748 καὶ
345 2721 364 2756 ἡ
388 2720 453 2756 περὶ
473 2720 555 2748 αὐτὸν
577 2719 738 2756 λαμπρότης
762 2718 940 2756 κεκρυμμένη
967 2721 1038 2748 κατὰ
1063 2721 1109 2749 τὸν
1135 2721 1182 2749 τοῦ
1210 2721 1326 2749 θανάτου
1357 2720 1452 2757 καιρὸν
1477 2721 1682 2757 ἀναφανήσεται
1705 2721 1774 2748 πᾶσι

140 2767 186 2797 διὰ
200 2767 250 2804 τῆς
271 2767 459 2799 ἀναστάσεως.
