1983 3072
238 153 288 183 617

824 152 1001 181 TlIEODORI
1018 150 1264 182 MOPSUESTENI

1828 153 1884 182 [ἴιὸ

633 241 1048 297 FRAGMENTUM
1093 252 1156 296 IN
1200 251 1481 298 EXODUM.

536 360 613 388 CAP.
632 360 728 388 XXVI.

270 407 350 436 Vers.
364 407 410 435 55.
430 422 465 428 -
485 406 688 435 Candelabrum
715 411 775 435 erat
795 407 951 443 symbolum
975 405 1030 434 diei

235 462 250 481 ο
273 454 328 482 Deo
341 452 468 489 perfecti.
485 452 564 480 Unde
576 453 659 480 etiam
674 458 779 488 septem
796 453 929 480 lucernas
946 452 1033 480 hahe-

234 500 292 532 bat,
305 500 408 535 quibus
423 498 573 526 hebdomas
586 498 693 525 dierum
713 498 894 533 ﬁgurabatur.
911 497 949 525 Ita
963 498 1029 533 qui-

234 546 296 574 dem
316 546 500 574 constitutum
510 549 570 572 erat
583 544 661 579 prius
671 544 889 571 tabernaculum.
903 544 937 571 At
949 544 1032 571 simul

235 593 326 620 omnia
338 592 423 628 ﬁgura
434 591 609 627 posterioris.
621 590 690 617 Nam
706 597 769 617 arca
785 590 942 618 testamenti
962 589 1032 616 indi-

234 640 317 667 cabat
343 639 447 666 cultum
474 642 502 665 et
526 637 695 672 agnitionem
723 635 792 670 Dei;
815 636 915 663 tabula:
940 640 1031 663 autem

234 685 393 713 testamenti
416 691 477 719 quae
495 684 522 711 iu
542 691 618 715 arca,
631 687 658 710 et
682 684 758 718 virga
779 682 872 709 Aaron
892 681 1033 716 signiﬁca-

234 733 300 761 bant
310 732 431 759 divimuu
442 730 545 758 cultum
557 731 624 766 legis
632 730 827 758 observatione
838 732 865 756 et
875 727 964 755 sacris
974 726 1033 753 riti-

235 778 287 806 bus
300 777 404 813 perlici.
421 776 497 804 Urna
510 784 610 804 manna
628 777 733 804 habens
749 773 959 803 commendabat
974 779 1033 799 me-

234 823 352 851 moriam
370 822 514 858 temporis,
530 830 586 857 quo
602 822 640 849 ita
653 830 668 849 a
687 821 742 849 Deo
756 819 870 852 eruditi,
886 826 986 846 manna
1004 818 1033 845 in

234 869 345 896 deserto
358 868 552 895 vescebantur.
566 865 733 894 Declarahat
743 866 825 893 etiam
842 871 957 892 aureum
969 862 1034 890 thu-

236 915 356 943 ribulum
382 918 490 950 gratam
514 921 577 942 esse
599 913 655 941 Deo
678 918 706 941 et
728 915 885 947 accceptam
903 910 1032 937 virtutem

235 969 296 997 quae
311 961 354 988 bis
377 960 532 996 perﬁcitur.
554 959 689 987 lnnuebat
704 965 802 986 aurum
821 965 854 985 ex
866 956 941 984 omni
955 959 1034 991 parte

235 1009 305 1036 nihil
323 1008 353 1036 in
375 1007 459 1036 terris
476 1007 532 1035 Deo
552 1006 639 1042 magis
661 1006 770 1041 placere
785 1011 867 1040 quam
888 1002 1032 1030 hominum

1359 360 1481 388 ΚΕΦΑΛ.
1508 362 1580 394 Kq'.

1118 405 1192 441 Στίχ.
1206 405 1252 433 λε’.
1270 421 1305 426 -—
1328 406 1360 432 ῚΙ
1380 407 1409 433 δὲ
1423 407 1516 442 λυχνία
1533 406 1666 441 σύμϐολον
1685 404 1719 442 ἦν
1739 406 1789 442 τῆς
1809 405 1882 433 ἀπο-

1081 452 1247 488 τελουμένης
1269 452 1346 487 παρὰ
1364 452 1411 479 τοῦ
1424 452 1491 479 Θεοῦ
1514 452 1630 487 ἡμέρας.
1647 451 1729 478 Ὀοεν
1749 452 1795 478 καὶ
1809 451 1883 478 ἑπτὰ

1081 497 1145 529 τοὺς
1155 499 1302 534 φωστῆρας
1312 496 1379 533 εἶχε,
1390 498 1522 532 σύμϐολον
1533 498 1582 533 τῆς
1593 497 1739 532 ἑϐδομάδος
1747 497 1801 524 τῶν
1811 498 1883 533 ἠμε-

1083 544 1148 580 ρῶν.
1158 544 1236 571 Οὖτω
1247 545 1296 579 μὲν
1308 544 1354 571 οὖν
1374 542 1472 580 εἶχενὴ
1484 544 1580 580 πριῖνιη
1592 544 1688 580 σκηνή.
1698 544 1780 577 Λέγει
1791 543 1819 570 δὲ
1831 544 1882 571 καὶ

1081 589 1118 616 τὰ
1125 590 1174 625 τῆς
1184 590 1322 625 δευτέρας.
1332 590 1363 616 Ἡ
1373 590 1422 625 μὲν
1435 588 1482 617 οὖν
1495 590 1610 622 κιϐωτὸς
1620 590 1670 625 τῆς
1677 589 1819 625 διαθήκης,
1827 590 1881 624 τῆς
1900 604 1904 608 -

1081 635 1129 662 τοῦ
1142 635 1220 662 Θείου
1234 635 1381 671 θεραπείας
1391 644 1420 662 τε
1431 636 1479 662 καὶ⁸
1489 636 1664 670 ἐπιγνώσεως
1677 635 1810 670 σύμϐολον
1821 633 1856 671 ἦν
1869 643 1878 652 ⁸

1083 682 1112 708 at
1123 681 1150 708 δὲ
1159 682 1187 708 ὲν
1203 682 1271 717 αὐτῇ
1288 681 1391 714 πλάκες
1401 681 1452 717 τῆς
1462 681 1606 718 διαθήκης,
1619 683 1665 708 καὶ
1677 683 1694 716 ἡ
1709 681 1757 708 τοῦ
1773 681 1880 717 ’Δαρὼν

1084 729 1197 765 ράὗδος,
1210 729 1290 756 τοῦτο
1307 730 1456 764 ἐσήμαινον
1467 738 1473 745 ·
1498 730 1529 756 τδ
1545 729 1594 765 τὴν
1610 730 1674 765 περὶ
1692 730 1738 756 τὸν
1752 729 1818 757 Θεὸν
1833 728 1880 756 θε-

1085 775 1200 810 ραπείαν
1215 775 1260 802 διά
1272 783 1301 801 τε
1325 775 1374 809 τῆς
1389 775 1443 801 τῶν
1465 775 1588 810 νομίμων
1603 774 1773 811 πληροῦσθαι
1791 775 1879 810 φυλα-

1083 820 1135 855 κῆς
1145 840 1153 852 ,
1167 820 1214 846 καὶ
1228 820 1277 855 τῆς
1291 819 1360 846 κατὰ
1378 819 1425 855 τὴν
1442 820 1577 855 ἱερατείαν
1593 819 1773 855 λειτουργίας.
1797 820 1828 846 Ἡ
1845 819 1877 846 δὲ

1083 865 1113 892 τὸ
1127 865 1214 900 μάννα
1229 865 1329 900 ἔχουσα
1345 866 1462 901 στάμνος
1472 887 1479 898 ,
1494 865 1644 901 ὑπόμνημα
1658 863 1692 901 ἦν
1706 865 1753 892 τοῦ
1768 864 1877 900 καιροῦ,

1084 911 1145 938 καθ’
1164 911 1193 938 ὃν
1205 911 1292 938 ταῦτα
1305 911 1380 946 παρὰ
1393 910 1439 938 τοῦ
1453 909 1521 937 Θεοῦ
1540 910 1739 946 παιδευόμενοι,
1759 910 1790 936 τὸ
1809 910 1879 945 μάν-

1082 965 1116 984 να
1128 956 1198 984 κατά
1208 956 1257 992 τὴν
1271 956 1375 992 ἔρημον
1390 955 1571 991 διετρέφοντο.
1588 956 1625 982 Τὸ
1646 955 1737 990 μέντοι
1759 955 1878 991 χρυσοῦν

1084 1001 1276 1037 Θυμιατήριον,
1292 1001 1426 1036 σύμϐολον
1441 1000 1487 1027 τοῦ
1504 1000 1597 1028 δεκτὸν
1616 998 1686 1027 εἶναι
1707 1000 1745 1036 τῷ
1759 1001 1818 1036 Θεῷ
1829 1000 1878 1027 καὶ

235 1055 311 1082 circa
337 1054 466 1089 pietatem
487 1053 621 1081 studium.
646 1051 796 1079 Cherubim
824 1056 886 1085 quae
913 1049 1030 1083 desuper

1084 1048 1131 1084 ἡδὺ
1160 1048 1210 1083 τὴν
1236 1047 1290 1074 ἀπὸ
1317 1046 1420 1073 τούτων
1447 1046 1637 1082 πληρουμένην
1668 1047 1780 1082 ἀρετήν.
1808 1045 1878 1080 Περὶ

234 1105 325 1132 erant.
341 1104 421 1128 erant
436 1100 570 1127 memoria
581 1098 763 1126 invisibilium
775 1101 802 1124 et
813 1095 1029 1123 ministratoria-

234 1154 296 1174 rum
320 1146 464 1173 virtutum.
491 1145 567 1178 Quas
593 1145 665 1172 inter
692 1143 777 1171 Deum
794 1142 899 1170 versari
914 1140 1029 1168 decebat

234 1200 297 1220 cum
325 1191 509 1220 invisibilibus
532 1191 702 1223 virtutibtts,
722 1195 854 1225 tanquam
881 1187 1028 1218 ministris.

234 1239 274 1266 uti
291 1238 407 1269 soleret,
423 1241 450 1265 et
468 1244 518 1272 per
536 1244 567 1264 ea
590 1241 690 1264 cuncta
705 1242 834 1271 peragere
849 1241 911 1269 qua:
925 1233 959 1261 ad
973 1233 1029 1260 uti-

235 1284 338 1312 litatem
354 1284 508 1311 animarum
524 1286 681 1310 nostrarum
701 1283 851 1318 pertinent.

1083 1095 1172 1122 πάντα
1189 1095 1217 1121 δὲ
1227 1094 1327 1130 χρυσὸς
1340 1114 1347 1125 ,
1362 1094 1402 1125 εἰς
1423 1094 1534 1129 μήνυμα
1553 1093 1600 1120 τοῦ
1613 1093 1722 1120 πάντων
1736 1090 1806 1119 εἶναι
1820 1091 1876 1118 τῶν

1083 1143 1130 1170 ἐπὶ
1143 1142 1193 1176 γῆς
1209 1141 1380 1177 τιμιωτέρων
1390 1140 1450 1175 Θεῷ
1462 1140 1510 1175 τὴν
1526 1140 1590 1175 περὶ
1603 1139 1690 1167 ταῦτα
1703 1139 1757 1165 τῶν
1767 1138 1875 1174 ἀνθρώ-

1082 1197 1141 1215 πων
1161 1187 1318 1223 ὲμμέλειαν.
1345 1186 1385 1213 Τὰ
1410 1186 1438 1213 δὲ
1463 1186 1591 1222 ὑπεράνω
1604 1185 1706 1213 τούτων
1723 1184 1874 1220 Χερουϐὶμ,

1083 1234 1196 1270 μήνυμα
1215 1233 1269 1260 τῶν
1285 1232 1409 1269 ἀοράτων
1431 1233 1479 1259 καὶ
1502 1232 1696 1268 λειτουργικῶν
1712 1231 1852 1267 δυνάμεων
1863 1238 1873 1246 ο

1080 1276 1118 1307 ὦν
1138 1280 1167 1306 ὲν
1193 1279 1267 1314 μέσῳ
1280 1278 1382 1304 τούτων
1396 1278 1441 1304 τὸν
1459 1276 1526 1304 Θεὸν
1538 1277 1717 1313 χρηματίζειν
1748 1277 1874 1304 συνέὸαι-

235 1338 296 1357 νενο
311 1330 406 1366 ἐπειδὴ
429 1330 476 1356 καὶ
501 1331 560 1361 ταῖς
591 1329 718 1365 ἀοράτοις
741 1329 894 1364 δυνάμεσι,
929 1327 1062 1359 διακόνοις
1078 1326 1231 1362 κεχρῆσθαι
1262 1325 1302 1361 τῷ
1326 1325 1386 1361 θεῷ
1413 1325 1493 1358 εοος,
1518 1325 1566 1352 καὶ
1591 1324 1636 1351 διὰ
1658 1323 1760 1351 τούτων
1785 1325 1874 1351 πάντα

236 1376 357 1413 πληροῦν
373 1377 407 1404 τὰ
425 1378 466 1409 είς
484 1377 618 1412 ὠφέλειαν
633 1376 803 1403 συντείνοντα
816 1375 871 1402 τῶν
886 1376 1031 1411 ἡμετέρων
1050 1374 1155 1410 ψυχῶν.

254 1449 1861 1466 —.——————-————————-——"——I

735 1516 1008 1562 EJUSDEM
1057 1515 1374 1562 THEODORI

594 1624 982 1682 EXPOSITIO
1043 1623 1116 1680 ΙΝ
1168 1623 1510 1682 PSALMOS.

536 1736 575 1763 Ex
595 1738 684 1761 catena
701 1734 851 1761 Corderiaua
863 1733 888 1759 in
901 1733 1022 1764 Psalmos,
1035 1733 1138 1758 insertis
1148 1739 1194 1759 suo
1204 1734 1260 1759 loco
1271 1734 1415 1767 fragmentis
1426 1735 1487 1761 alias
1498 1735 1580 1762 editis.

527 1885 693 1915 PSALMUS
710 1885 732 1914 1.

272 1934 357 1964 Vens.
371 1933 567 1962 L—Theodori
576 1933 742 1960 Antioclteni.
756 1932 824 1960 Cum
838 1931 910 1960 Deus
920 1929 1031 1966 proprie

237 1981 337 2010 beatus
347 1981 383 2009 sit
399 1979 512 2016 [Paulus
527 1979 601 2007 enim
614 1980 652 2006 ait
668 1989 675 2006 :
690 1979 790 2006 Beatus
805 1986 836 2004 ac
851 1977 924 2004 solus
938 1982 1030 2011 potem

239 2027 271 2064 (1
285 2027 354 2054 Tim.
375 2033 414 2058 νι,
431 2024 501 2061 ιδῃ,
514 2024 596 2060 hujus
612 2031 662 2052 nos
679 2022 869 2059 appellationis
885 2022 1032 2057 participes

237 2073 348 2108 effecit,
378 2076 410 2100 ut
439 2072 486 2108 qui
511 2071 592 2099 etiam
615 2070 704 2098 ﬁdelis
730 2069 823 2097 dictus
843 2069 903 2097 sit:
929 2067 1032 2095 Fidelis

238 2118 325 2151 enim,
345 2117 446 2153 inquit,
462 2116 543 2149 Deut,
557 2123 605 2150 per
621 2123 698 2151 quem
710 2114 798 2142 vocati
827 2113 891 2141 estis
920 2112 947 2148 (1
966 2111 1030 2140 Cor.

241 2172 261 2197 ι,
275 2163 314 2198 9).
335 2163 379 2196 Ει,
396 2162 468 2190 Deus
481 2162 581 2197 fidelis,
596 2166 622 2189 et
642 2169 694 2189 non
711 2165 750 2188 est
769 2160 898 2195 iniquitas
919 2160 948 2186 in
972 2159 1029 2193 ipso

240 2209 333 2245 (Deut.
350 2216 436 2241 xxut,
453 2208 494 2244 4).
507 2207 555 2235 Sic
567 2208 650 2235 etiam
661 2207 728 2234 deos
742 2210 833 2239 vocat,
849 2205 930 2241 juxta
941 2204 1029 2232 illud:

240 2255 296 2291 Ego
318 2255 399 2283 dixi:
413 2254 459 2282 Dii
478 2253 543 2282 uti:
564 2253 652 2290 (Puri.
677 2260 778 2286 um,
792 2252 832 2288 6).
857 2251 964 2279 Nomen
978 2251 1030 2279 ita-

239 2309 294 2338 que
305 2302 385 2334 beati,
405 2300 515 2328 fructus
535 2304 577 2327 est
601 2299 782 2336 perfectionis
798 2299 828 2327 in
843 2298 955 2327 virtute.

527 2344 688 2373 PSALMUS
705 2345 737 2373 ll.
753 2363 765 2371 .

274 2393 359 2422 Vens.
372 2393 398 2420 Ι.
412 2407 447 2414 -—
460 2391 593 2420 Theodori
602 2392 768 2420 Antiocheni.
787 2390 847 2420 Non
861 2392 929 2420 dicit
941 2397 1029 2428 gentes

1350 1910 1357 1915 .
1372 1885 1518 1912 ΨΛΔΜΟΣ
1537 1887 1576 1914 Δ’.

1120 1931 1194 1967 Στίχ.
1212 1935 1247 1959 α’.
1271 1946 1306 1952 -—
1326 1931 1477 1966 Θεοδώρου
1499 1933 1685 1967 Ἀντιοχείας.
1712 1933 1824 1969 κυρίως
1845 1934 1874 1961 δὲ

1084 1977 1221 2012 μακάριος
1234 1976 1272 2003 ὢν
1290 1977 1304 2003 ό
1324 1976 1390 2008 Θεὸς
1411 1976 1532 2010 (Παῦλος
1549 1978 1603 2013 γάρ
1617 1985 1715 2012 φησιν,
1737 1978 1767 2004 '0
1778 1979 1874 2014 μακάρ-

1079 2031 1145 2057 ριος
1166 2022 1216 2049 καὶ
1232 2023 1326 2057 μόνος
1342 2021 1497 2056 δυνάστης
1509 2025 1517 2056 )
1528 2043 1536 2054 ,
1555 2023 1692 2058 μετέδωκε
1711 2023 1814 2059 ταύτης
1825 2025 1875 2060 τῆς

1082 2068 1269 2104 προσηγορίας
1289 2069 1356 2103 ἡμῖν
1368 2088 1375 2100 ,
1388 2068 1426 2100 ὡς
1449 2069 1497 2095 καὶ
1518 2069 1615 2100 πιστὸς
1637 2069 1812 2105 καλούμενος.
1824 2071 1875 2096 Πι-

1082 2115 1156 2147 στὸς
1175 2115 1230 2150 γὰρ
1242 2134 1250 2145 ,
1266 2115 1362 2150 φησὶν,
1380 2116 1396 2142 ό
1413 2114 1485 2147 Θεὸς
1497 2135 1505 2147 ,
1525 2114 1563 2141 δι’
1581 2112 1617 2143 οὕ
1631 2114 1789 2149 ἐκλήθητε.
1807 2115 1872 2148 Καὶ,

1083 2161 1156 2194 Θεὸς
1167 2161 1291 2194 πιστὸς,
1309 2160 1359 2188 καὶ
1374 2161 1430 2188 οὐκ
1450 2161 1537 2188 ἐστιν
1552 2160 1652 2188 ἀδικία
1667 2161 1702 2188 ἐν
1719 2160 1809 2194 αὐτῷ.
1821 2161 1874 2188 Οὓ-

1080 2215 1135 2239 τως
1157 2207 1205 2233 καὶ
1223 2206 1302 2238 θεοὺς
1325 2206 1420 2239 καλεῖ,
1442 2206 1514 2233 κατὰ
1536 2206 1588 2239 τὺ,
1611 2205 1685 2241 Ἐγὼ
1706 2204 1792 2238 εἶπα,
1812 2207 1874 2234 θεοί

1082 2254 1164 2281 ἐστε.
1175 2253 1213 2280 Τὸ
1229 2251 1277 2280 οὖν
1287 2253 1435 2288 μακάριος
1454 2253 1551 2289 δνομα,
1565 2253 1617 2289 τῆς
1630 2253 1691 2281 κατ’
1705 2253 1807 2290 ἀρετὴν
1829 2262 1873 2281 τε-

1082 2299 1220 2335 λειότητος
1235 2299 1352 2335 ὑπάρχει
1364 2299 1479 2335 καρπός.

1378 2344 1525 2372 ΨΔΛΜΟΣ
1543 2345 1582 2373 B’.

1118 2392 1193 2428 Στῐχ.
1210 2391 1246 2420 α’.
1261 2407 1296 2412 -
1310 2390 1461 2425 Θεοδώρου
1483 2391 1651 2426 Ἀντιοχέως
1663 2391 1713 2428 (Ι).
1734 2391 1772 2420 οὐ
1785 2391 1870 2426 λέγει,

238 2440 375 2473 absolute,
385 2439 425 2468 ita
439 2443 471 2467 ut
485 2438 598 2466 omnino
612 2445 711 2466 omnes
734 2439 932 2475 comprehendi
949 2443 1030 2475 pute-

1084 2439 1120 2470 τὰ
1130 2439 1215 2474 ἔθνη,
1223 2439 1293 2475 μετὰ
1301 2439 1349 2466 τοῦ
1360 2439 1472 2475 ἄρθρου,
1491 2439 1535 2466 ἵνα
1548 2439 1654 2473 πάντας
1669 2439 1871 2475 περιλαμὸάνε-

274 2516 312 2553 (l)
329 2516 444 2552 Spei-avi
458 2515 570 2553 quidem
590 2515 709 2553 majores
722 2523 767 2544 me
781 2521 875 2551 partes
886 2516 1026 2553 editurum

239 2550 503 2580 commentariorum
524 2550 663 2579 Theodori
682 2550 870 2586 Mopsuesteui
893 2552 927 2579 ad
947 2552 1029 2580 Psal-

240 2594 324 2622 mos;
339 2590 536 2622 verumtamen
553 2594 609 2614 non
633 2587 718 2622 semel
746 2586 868 2622 comperi
894 2587 1028 2622 reliquias

240 2622 302 2656 ejus
319 2621 347 2648 in
362 2621 467 2656 catenis
477 2621 584 2652 obvias.
593 2620 682 2656 modo
694 2628 756 2650 esse
765 2620 904 2649 Theodori
919 2620 1029 2654 incerti.

240 2655 325 2683 modo
337 2657 420 2683 etiam
433 2655 617 2692 Theodoreti;
632 2659 732 2692 prater
745 2657 848 2685 multas
864 2664 880 2683 a
895 2657 1030 2684 Corderio

240 2695 457 2726 praeoccupatas.
473 2690 565 2726 ltaque
583 2699 618 2718 ne
633 2690 705 2726 'quid
721 2692 882 2726 ambiguum
904 2692 1027 2724 ederem,

240 2725 288 2754 illa
303 2725 411 2762 tantum
430 2725 496 2753 mihi
519 2725 658 2761 segmenta
675 2725 813 2753 vindicavi
840 2727 872 2762 (i.
888 2735 911 2754 ε.
928 2726 1027 2761 fragm.

240 2762 268 2788 in
289 2761 358 2795 paul.
375 2767 406 2792 II,
430 2767 473 2791 ιιι,
488 2769 515 2793 v,
534 2769 572 2792 vt,
587 2769 635 2793 vu,
649 2768 711 2793 vui,
728 2769 766 2793 εκ,
782 2769 821 2793 xu,
837 2769 889 2793 xu,
905 2769 965 2795 xui,
981 2769 1027 2794 xv,

240 2804 285 2824 xw
297 2816 305 2828 ,
326 2802 382 2822 xvtt
393 2814 401 2827 ,
417 2803 479 2822 nu
490 2815 497 2827 ,
513 2803 599 2822 ιινιιι
612 2815 620 2827 ,
636 2803 720 2827 nix,
737 2804 786 2828 η,
811 2804 867 2823 XLII
878 2815 886 2827 ,
901 2804 960 2829 qua:
972 2796 1028 2823 suis

242 2831 528 2858 tocisinterseruimut.
547 2831 596 2858 En.
617 2830 730 2863 Pun),
750 2837 812 2866 quat
830 2830 964 2858 Theodori
978 2839 1029 2858 no-

241 2866 366 2894 minatim
392 2865 548 2892 Antiocheni
572 2873 672 2893 uomcu
697 2867 851 2900 gerebant,
874 2873 930 2901 quo
947 2867 1029 2894 titulo

1077 2525 1187 2554 semper
1203 2517 1318 2553 intelligi
1345 2516 1521 2546 Theodorum
1549 2517 1648 2550 illum,
1665 2518 1713 2554 qui
1736 2517 1790 2546 fuit
1813 2518 1872 2545 llo-

1078 2553 1211 2589 psuestite
1223 2554 1385 2589 episcopus,
1396 2553 1578 2589 exploratum
1592 2557 1645 2580 est.
1662 2553 1743 2580 Edita
1760 2554 1824 2581 item
1839 2555 1870 2581 ab

1079 2587 1143 2617 aliis
1151 2587 1303 2617 recudenda
1319 2587 1375 2616 non
1392 2587 1532 2622 iudicavi;
1548 2592 1577 2615 et
1596 2595 1657 2615 cum
1676 2588 1735 2615 otio
1757 2589 1870 2616 minime

1080 2623 1229 2656 abundem,
1246 2625 1318 2651 duos
1329 2628 1436 2658 tantum
1449 2623 1539 2651 evolvi
1555 2622 1678 2656 codices,
1693 2630 1792 2658 nempe
1805 2631 1871 2658 pue-

1082 2663 1201 2686 stantem
1215 2666 1248 2686 ac
1264 2663 1383 2685 veterem
1401 2657 1464 2685 Vat.
1477 2658 1531 2685 754
1551 2657 1608 2692 (Α).
1628 2663 1655 2685 et
1676 2657 1868 2690 recentiorem,

1082 2693 1130 2720 sed
1157 2694 1244 2721 multo
1268 2693 1454 2728 copiosiorem
1481 2692 1544 2719 Vat.
1567 2692 1639 2720 1682
1667 2693 1721 2727 (Β).
1747 2692 1868 2720 Latinam

1081 2728 1200 2763 denique
1212 2729 1335 2756 brevium
1350 2728 1446 2755 horum
1458 2732 1652 2762 cxcerptorum
1662 2728 1878 2756 translationem)

1083 2762 1145 2799 aliis
1156 2762 1189 2790 isi
1206 2764 1299 2790 volent
1326 2763 1490 2799 faciendam
1504 2763 1712 2799 permisi1Mihi
1736 2763 1868 2799 integrum

1083 2796 1112 2833 in
1137 2798 1286 2833 prophetas
1310 2796 1542 2833 commentarium
1565 2797 1600 2825 de
1619 2796 1868 2833 Grmco__Lati'uum

1083 2831 1272 2862 fecisse—satis
1290 2836 1343 2861 est.
1362 2832 1523 2867 (MM,Bibt.
1541 2840 1599 2860 nov.
1615 2832 1705 2866 Pam,
1718 2831 1774 2866 Vll,
1791 2832 1865 2861 390.)
