1983 3072
121 146 176 175 εις

722 143 905 173 EXPOSITIO
922 142 956 170 ΙΝ
972 142 1141 171 PSALMOS.

1689 147 1743 176 650

121 206 185 232 σθαι
206 204 330 242 νομίσῃς,
345 205 414 237 ἀλλ’,
431 204 514 237 ἔθνη.
538 204 585 231 ἐπὶ
599 205 712 240 μερικόν
731 214 759 231 τι
772 206 845 238 ἀγων
860 205 902 239 “rip

961 203 997 230 tis
1008 223 1016 234 .
1032 204 1079 233 sed
1101 208 1198 239 gentes.
1214 204 1358 239 quamdam
1382 207 1571 242 exceptionem
1588 207 1743 235 subintelli~

119 249 242 277 ἔννοιαν·
261 249 355 285 ἐπειδὴ
369 251 424 285 γὰρ
447 250 471 276 οἱ
494 249 615 275 Ἰουδαῖοι
630 249 755 280 λαὸόντες
771 249 827 284 [τὸν
842 249 908 284 Χρι-

122 295 208 330 στδν].
223 297 279 327 τοῖς
300 295 404 321 ἔθνεσιν
417 294 499 321 αὑτὸν
513 294 658 328 ἐξέδωκαν,
672 293 715 320 διὰ
728 294 807 320 τοῦτο
822 294 908 320 ταῦτά

120 348 205 374 φησιν
214 347 222 355 ·
239 340 288 372 Τίς
301 341 319 375 ἡ
332 340 449 375 τοσαύτη
467 339 571 374 αἰτία,ἤ
583 339 610 366 τί
623 339 654 366 τὸ
672 340 792 374 γεγονὸς,
806 340 844 371 ὡς
861 341 908 366 καὶ

118 385 184 416 τοὺς
199 385 281 417 λαοὺς
293 385 488 420 συγκινηθῆναι
501 385 561 411 κατ’
583 384 677 415 αὑτοῦ,
695 386 743 411 καὶ
756 385 795 417 είς
813 386 908 420 χεῖρας

119 430 203 457 αὐτὸν
216 431 400 466 παραδοθῆναι
423 430 477 457 τῶν
495 430 597 463 ἐθνιῖινς
613 430 650 457 Τδ
662 430 699 463 δὲ,
726 431 906 465 Ἐφρύιιξαν.

117 475 180 501 ἀντὶ
192 475 250 506 τοῦ,
268 474 485 507 Ἦλαζονεὺοντο.

150 531 226 567 Στίχ.
244 531 276 563 ζ’.
291 546 327 552 —-
344 531 401 566 Πρὸ
423 531 529 558 αἰώνων
553 531 628 563 Υἱὸς,
642 531 761 566 σήμερον
781 531 908 564 γεννᾶται

117 578 264 613 γενόμενος
280 577 329 604 ἀνθ
332 586 435 613 ρωπος.

153 633 228 668 Στίχ.
241 633 273 660 θ’.
287 649 320 653 —
331 633 387 668 Οὐχ
399 632 470 659 ὥστε
483 632 614 660 ἀπολέσαι
633 633 680 660 καὶ
693 632 831 660 ἀναλῶσαι
845 641 906 659 συνι

116 677 217 712 τρίϐει,
240 677 297 704 ἀλλ’
316 677 386 704 ὥστε
403 677 575 704 ἀναπλάσαι·
602 677 670 713 πρὸς
682 677 760 704 τοῦτο
771 677 826 712 γὰρ
843 686 907 703 σκο-

117 722 169 754 πὸς
183 722 223 757 τῷ
237 724 363 758 κεραμεῖ,
375 723 527 760 συντρίϐειν
536 723 568 750 τά
577 724 664 750 οἰκεῖα
678 723 773 758 σκεύη,
791 723 855 764 ῐξταν
869 722 905 758 μὴ

117 767 183 802 ὑγιῆ
206 767 253 794 καὶ
265 767 393 802 ἀκέραιον
412 766 487 804 σώζῃ
505 767 553 794 τοῦ
570 768 718 803 καραμέως
734 767 782 803 τὴν
793 767 906 794 διάπλα-

117 820 171 843 σιν,
195 812 300 839 οὐδέπω
316 813 383 848 πυρὶ
398 813 644 848 προσωμιληκότν
664 813 769 844 τούτοις
787 814 815 840 δέ
833 821 905 849 μαρ-

116 859 195 893 τυρεῖ
216 859 263 885 καὶ
277 859 291 884 ό
315 858 448 894 μακάριος
470 858 604 894 Ἱερεμίας
623 859 638 885 ὁ
663 860 805 894 προφήτης
819 859 904 905 λέγων
920 877 942 905 Β

115 903 155 935 ὼς
169 905 202 931 ἐκ
218 904 302 931 Θεοῦ·
323 905 356 932 Ἢ
368 904 465 937 καθὼς
480 905 496 931 ὁ
508 905 652 939 κεραμεὺς
661 903 751 938 οὗτος
762 906 798 931 οὺ
814 904 905 938 δυνή-

115 956 208 982 σομαι
223 949 310 976 τοῦτο
332 948 458 983 ποιῆσαι
471 950 553 984 ὑμῖν,
570 948 652 983 οἶκος
670 950 808 984 Ἰσραὴλ,
824 950 905 985 λέγει

116 994 226 1027 Κύριος
235 1002 245 1026 ;
255 994 388 1026 τουτέστι,
398 994 486 1026 οὕτως
496 996 543 1022 καὶ
553 995 729 1027 διαπεσόντας
738 994 902 1026 ἀναπλάσαι,

116 1040 165 1066 καὶ
181 1040 262 1066 πάλιν
277 1041 317 1072 εἰς
333 1041 364 1067 τὸ
380 1041 492 1077 ἀρχαῖον
500 1041 733 1076 ἀποκαταστῆσαι.

151 1093 227 1131 Στίχ.
245 1097 290 1121 ια’.
305 1109 340 1115 -—
360 1095 485 1123 Ἐπειδὰν
497 1095 552 1131 γὰρ
565 1095 727 1131 φοϐηθέντες
741 1096 786 1122 τὸν
802 1096 904 1123 Δεσπό-

113 1146 177 1173 την,
193 1138 226 1165 τὰ
240 1139 414 1174 προσήκοντα
426 1140 653 1176 διαπραξώμεθα,
666 1140 795 1176 πλείστην
806 1142 838 1167 ἐκ
852 1141 904 1168 τῶν

117 1183 294 1218 πραχθέντων
315 1185 381 1219 ἡμῖν
403 1184 502 1220 εχομεν
516 1186 565 1221 τὴν
581 1185 748 1221 εὐφροσύνην
762 1186 904 1221 ἐγγινομέ-

116 1236 178 1262 νην,
204 1229 251 1256 τοῦ
277 1229 426 1262 συνειδότος
446 1231 551 1265 ἀγαθοῦ
575 1231 625 1266 μὲν
645 1232 834 1266 τυγχάνοντος,
852 1240 904 1268 με-

115 1274 214 1310 γίστην
228 1274 255 1303 δὲ
270 1275 332 1311 ἐμοὶ
350 1275 445 1303 τούτου
467 1276 517 1311 τὴν
539 1276 625 1312 χαρὰν
642 1277 839 1311 παρεχομένου.
861 1276 904 1305 Ἑν

115 1321 214 1355 τρόμῳ
236 1321 275 1353 δὲ,
296 1321 435 1349 τουτέστιν
453 1323 484 1348 ἐν
508 1322 666 1355 κατανύξει,
691 1323 728 1357 μή
745 1324 838 1359 ποτεή
856 1323 904 1350 τοῦ

114 1364 185 1392 Θεοῦ
205 1365 276 1401 χαρὰ
294 1368 334 1398 είς
348 1367 396 1402 τὴν
405 1367 452 1394 τοῦ
466 1367 568 1403 κόσμου
584 1367 723 1405 μεταπέσῃ
735 1368 832 1404 χαράν.

153 1411 226 1446 Στίχ.
243 1411 286 1446 ιβ’,
301 1427 335 1432 -
358 1413 454 1448 Ἀπρὶξ
467 1414 538 1449 ἡμᾶς
553 1412 660 1448 ἔχεσθαι
675 1413 725 1449 τῆς
743 1413 789 1440 τοῦ
803 1414 904 1449 Κυρίου

115 1468 290 1502 διδασκαλίας
314 1470 491 1505 βουλόμενος,
509 1472 621 1504 εἰκότως
636 1473 668 1507 τῇ
691 1472 739 1499 τοῦ
755 1471 905 1507 δράξασθε

117 1515 193 1549 φωνῇ
208 1513 350 1550 κέχρηται.
580 1539 585 1542 .

413 1571 560 1600 ΨΔΛΜῦΣ
578 1571 616 1598 l"'.

152 1617 228 1652 Στίχ.
243 1620 277 1651 γ’.
289 1633 323 1638 —
341 1616 426 1644 Τοῦτο
440 1617 629 1653 φανερώτερον
640 1617 785 1650 δείκνυσιν,
799 1617 845 1644 ἐπὶ
857 1617 904 1645 τοῦ

114 1662 198 1691 Δαυῒδ
216 1663 342 1697 λέγεσθαι
357 1664 410 1690 νεῖν
424 1663 469 1691 τὸν
490 1663 607 1698 ψαλμόν.
632 1663 669 1689 Τδ
685 1663 739 1699 γὰρ
755 1663 902 1690 ἐπανίστα-

117 1709 180 1735 σθαι
202 1709 305 1744 κυρίως
322 1709 430 1743 λέγεται
454 1709 501 1735 ἐπὶ
521 1708 577 1735 τῶν
600 1709 731 1743 πρότερον
743 1708 792 1744 μὲν
808 1709 837 1735 ὲν
851 1708 904 1736 ὑπν-

117 1754 208 1789 ηκὸων
229 1754 304 1788 τάξει
331 1754 519 1787 καθεστώτων,
535 1754 604 1789 μετὰ
626 1754 654 1781 δέ
678 1754 762 1781 ταῦτα
786 1753 903 1789 πόλεμον

115 1799 273 1836 ἀραμένων.

411 1857 556 1884 “mox
575 1857 611 1884 E'.
865 1850 880 1869 ³

152 1912 226 1946 Στίχ.
237 1912 307 1939 θ’.ο-
314 1912 361 1946 Τὸ,
370 1912 592 1947 ὀδήτησόνμε.
602 1913 647 1940 καὶ
661 1912 702 1945 τὸ,
711 1912 902 1940 Κιιτεύθυνσν

112 1957 243 1985 ἐνώπιόν
253 1966 312 1985 σου
327 1958 386 1992 τὴν
398 1958 470 1985 ὀδόν
483 1967 554 1993 μου,
562 1958 593 1984 τὸ
604 1957 671 1985 αὐτὸ
686 1958 757 1991 λέγει
771 1958 832 1984 ἀντὶ
841 1956 899 1990 τοῦ,

121 2003 294 2038 Ἐπανάγαγε
305 2012 312 2019 ·
328 2004 358 2030 τὸ
371 2004 436 2040 γὰρ,
459 2003 600 2032 Ἐνώπιόν
610 2011 680 2035 σου,
694 2004 754 2030 ἀντὶ
763 2003 820 2035 τοῦ,
829 2003 899 2038 Πρὸς

114 2050 145 2076 σέ
162 2059 212 2085 μου
230 2050 393 2078 κατεύθυνον
407 2050 456 2086 τὴν
479 2050 550 2081 ὁδον.
568 2050 611 2083 ἵνα
626 2049 764 2077 ἐπανέλθω
782 2049 850 2084 πρὸς
867 2049 899 2075 σέ

113 2096 185 2124 κατά
198 2096 246 2131 τὴν
261 2096 408 2131 Ἰουδαϊκὴν
425 2095 567 2131 ὑπόληψιν,
588 2096 625 2127 ὡς
649 2096 678 2122 ἐν
698 2095 738 2130 τῷ
752 2095 821 2123 Σιὼν
839 2095 898 2130 δρει

111 2140 161 2167 τοῦ
172 2140 239 2167 Θεοῦ
247 2140 395 2175 διάγοντος.
406 2140 442 2167 Τὸ
453 2138 510 2172 οὖν,
521 2141 627 2167 Ἕνεκα
640 2140 698 2169 τῶν
706 2138 820 2174 ἐχθρῶν¹
826 2148 897 2173 μου,

111 2185 157 2212 διὰ
190 2185 274 2219 μέσον
302 2185 369 2220 πρὸς
395 2185 538 2220 ἀμφότερα
564 2185 624 2221 ἔχον
649 2185 698 2222 τὴν
722 2185 898 2213 ἀνταπόδοσιν

111 2230 313 2266 (Ἐπανάγαγε
331 2231 385 2265 γάρ
410 2239 454 2264 με,
471 2231 563 2265 φησὶν,
583 2230 653 2258 ὥστε
667 2230 818 2263 ἀπαλλάξαι
844 2230 898 2257 τῶν

110 2276 280 2311 κατεχόντων
294 2276 406 2312 ἐχθρῶν,
417 2276 465 2303 καὶ
477 2277 570 2313 ἐπειδὴ
584 2275 670 2309 εἶπεν,
680 2277 729 2305 Ἐν
740 2276 776 2310 τῇ
789 2277 898 2303 δικαιο-

110 2322 193 2356 σύνῃ
209 2330 278 2354 σου,
294 2322 431 2349 τουτέστιν
446 2323 536 2354 καθὼς
556 2323 616 2355 ἔθος
638 2324 679 2351 σοι
701 2325 774 2350 ἐστιν
795 2323 898 2359 κρίνειν

109 2367 390 2402 δικαίως),δείκνυσιν
413 2368 493 2400 εὐθὺς
511 2369 583 2400 ὅπως
608 2369 688 2395 αὐτὸν
708 2368 898 2403 ἀπαλλαγῆναι

109 2413 215 2441 δίκαιον
241 2414 294 2440 τῶν
319 2414 440 2449 ἐχθρῶν·
458 2414 512 2442 ἀπὸ
534 2414 581 2440 τοῦ
604 2414 708 2441 ἐκείνοο
724 2413 826 2449 τρόπου
848 2413 897 2448 τὴν

108 2459 246 2491 ἀπόδειξιν
257 2460 333 2488 ποιού
338 2468 429 2494 μενος.

398 2515 546 2544 ΨΑΛΜυΣ
565 2516 611 2550 ς’.

144 2570 218 2606 Στίχ.
232 2571 301 2607 β¹.-
313 2571 529 2607 Ἐξομολογεῖται
541 2572 580 2607 τῷ
588 2572 646 2607 Θεῷ
653 2573 667 2598 ό
676 2571 809 2607 μακάριος
817 2570 898 2600 Δαυῖδ

111 2617 174 2652 [τερὶ
188 2617 236 2652 τῆς
259 2617 328 2647 ἰδίας
352 2617 499 2653 ἁμαρτίας,
525 2617 559 2652 ἢν
579 2617 725 2652 εἰργάσατο
749 2615 898 2650 συγκαθευ-

108 2660 193 2696 δήσας
215 2663 250 2697 τῇ
274 2661 421 2697 Βερσαῦεέ.
441 2661 522 2696 Λέγει
543 2661 571 2687 δὲ
588 2660 673 2687 ταῦτα
696 2661 724 2686 ἐν
745 2660 897 2695 συμφοραῖς

107 2706 155 2739 ὣν,
170 2707 200 2733 ἐν
214 2704 258 2739 αἷς
272 2707 318 2734 καὶ
332 2706 478 2742 ἐξητάζετο
491 2706 535 2735 διὰ
546 2707 595 2742 τὴν
607 2706 753 2742 ἁμαρτίαν.

143 2752 179 2778 Τὸ
193 2753 259 2779 αὐτὸ
276 2751 407 2787 μειζόνως
419 2750 495 2779 εἶπεν
505 2761 511 2767 ·
531 2752 561 2778 τὺ
583 2752 632 2787 μὲν
644 2751 709 2787 γὰρ,
733 2751 895 2786 Ἐταράχθη

107 2798 143 2824 τὰ
161 2796 237 2824 ὀστᾶ
248 2806 318 2831 μου,
340 2797 371 2823 τὸ
392 2797 498 2832 ἰσχυρὸν
519 2797 565 2823 τοῦ
588 2796 755 2832 συντριμμοῦ
782 2797 829 2823 καὶ
849 2797 897 2832 τῆς

107 2840 230 2876 ταραχῆς
257 2841 422 2876 παρίστησιν
432 2849 438 2856 ·
454 2841 485 2866 τὸ
500 2841 543 2873 δὲ,
558 2842 611 2868 Kal
628 2841 647 2873 ἡ
665 2841 748 2875 ψυχή
760 2849 818 2874 μου
830 2840 896 2869 ἐτα-

271 2889 408 2920 ΡΑτιιοιι.
432 2887 488 2919 Gn.
515 2886 624 2919 LXVI.

958 257 1025 283 gens
1037 259 1044 276 :
1060 257 1122 276 eum
1133 249 1218 279 Judaei
1231 249 1393 286 (Christum)
1406 253 1605 287 apprehensum
1617 253 1743 288 gentibus

959 295 1132 327 tradiderint,
1146 300 1291 331 propterea
1302 294 1485 332 Iitec‘inquit:
1500 299 1566 332 Quin
1580 300 1632 326 ista
1646 306 1741 331 causa,

958 348 1004 369 aut
1021 343 1157 377 quodnam
1174 342 1287 374 factum,
1305 347 1334 370 ut
1351 345 1443 378 populi
1459 350 1555 371 contra
1565 345 1654 380 ipsum
1668 353 1743 372 com-

958 392 1144 419 moverentur.
1169 393 1250 422 atque
1274 388 1301 415 in
1319 396 1416 416 manus
1433 390 1552 424 gentium
1567 391 1742 420 traderetur?

959 431 1135 460 Fremuerunt
1148 437 1238 460 autent
1255 440 1304 468 pro
1317 433 1425 468 gloriati
1443 439 1520 461 sunt.

993 523 1077 551 Vens.
1095 524 1121 551 'l.
1134 539 1169 544 —
1185 524 1237 557 Qui
1255 529 1319 553 ante
1330 526 1428 552 saecula
1441 529 1500 553 erat
1530 525 1627 558 Filius.
1660 527 1742 557 hodie

956 570 1081 597 nascitur
1095 570 1177 597 homo
1193 571 1293 599 tactus.

992 624 1075 652 Vens.
1088 625 1116 653 9.
1127 641 1161 646 —
1174 625 1231 653 Non
1246 626 1279 653 ad
1290 626 1506 655 destructionem
1516 635 1548 655 ac
1559 628 1665 655 ruinam
1675 635 1743 655 eon-

955 669 1062 705 iringit.
1081 670 1126 697 sed
1151 671 1183 698 ad
1207 672 1434 699 restaurationem
1453 681 1459 699 :
1478 672 1511 700 ad
1525 673 1576 702 hoc
1597 674 1670 701 enim
1685 674 1743 709 agit

956 716 1072 750 ﬁgulus.
1095 724 1161 744 vasa
1190 717 1340 744 domestica
1372 718 1569 753 contringens,
1590 726 1651 745 eum
1672 726 1743 752 opus

957 761 1076 795 ﬂgtnenti
1089 782 1096 793 ,
1117 764 1238 790 nondum
1265 764 1326 798 igne
1343 768 1451 791 coctum
1465 784 1472 795 ,
1491 772 1541 791 nec
1556 764 1674 791 solidum
1691 772 1742 792 nec

956 814 1054 841 purqu
1068 807 1214 835 salvat-erit
1227 817 1233 835 :
1249 809 1291 836 his
1304 809 1466 837 testificatur
1475 818 1584 845 quoque
1594 810 1690 838 beatus
1698 810 1743 838 Je-

956 852 1058 879 reniias
1074 852 1204 886 propheta
1228 861 1260 879 ex
1285 853 1338 880 Deo
1362 854 1478 889 loquens
1502 853 1653 890 :Nunquid
1674 856 1743 882 sicut

955 896 1052 931 [ign/ut
1064 897 1114 924 iste
1130 906 1181 925 non
1202 904 1292 933 potero
1315 900 1363 926 hac
1387 901 1474 934 facere
1488 901 1571 932 vobis,
1588 901 1682 928 domus
1698 901 1741 928 Is-

955 943 1023 972 ναοί,
1039 942 1104 969 dicit
1119 943 1273 972 Dominus?
1285 946 1354 979 (ler.
1364 954 1443 978 xvnt,
1454 946 1494 980 6.)
1506 946 1562 973 Hoc
1576 952 1619 974 est
1634 947 1741 974 dirutos

955 992 1112 1016 restaurare
1126 992 1152 1016 et
1167 989 1194 1016 in
1210 989 1356 1024 pristinqu
1374 995 1476 1019 statum
1497 992 1651 1019 restituere.

991 1089 1074 1119 Vtilis.
1091 1091 1134 1120 ﬂ.
1149 1107 1181 1111 —
1195 1091 1273 1125 Cum,
1288 1093 1430 1119 Dominum
1442 1093 1580 1124 timentes.
1594 1099 1667 1121 recte
1677 1102 1741 1130 aga-

955 1143 1028 1168 mus,
1044 1136 1190 1171 plurimam
1203 1145 1235 1164 ex
1246 1137 1326 1165 factis
1338 1138 1440 1165 nostris
1451 1138 1571 1166 laetitiam
1584 1139 1739 1173 referimus.

953 1182 1124 1210 conscientia
1141 1182 1214 1210 bona
1233 1183 1382 1210 maximum
1403 1192 1512 1220 semper
1528 1185 1657 1220 gaudium
1672 1193 1740 1220 ιιι-2-

955 1227 1046 1259 bente,
1059 1227 1087 1255 In
1103 1233 1214 1256 tremore
1228 1232 1330 1261 autem,
1345 1230 1398 1258 hoe
1415 1234 1456 1257 est
1473 1231 1499 1257 in
1516 1232 1739 1265 compunctione.

955 1274 1101 1307 nequando
1126 1274 1173 1302 Dei
1196 1274 1326 1310 gaudium
1344 1275 1371 1303 in
1389 1276 1519 1310 gaudium
1543 1277 1640 1305 mundi
1669 1277 1740 1304 rela~

955 1318 1044 1346 batur.

990 1421 1073 1449 Vens.
1090 1421 1134 1450 12.
1147 1438 1181 1443 -
1201 1422 1384 1451 Venomenter
1395 1431 1447 1451 nos
1460 1423 1566 1452 Domini
1586 1423 1739 1457 doetrinam

955 1469 1082 1504 amplecti
1099 1469 1206 1502 volens.
1220 1470 1318 1497 merito
1334 1477 1401 1497 voce
1413 1470 1599 1505 apprelwudite
1614 1471 1709 1497 utitur.

1235 1567 1397 1598 PSALMUS
1413 1569 1458 1598 ΙΙΙ.

989 1614 1074 1644 Vens.
1086 1616 1112 1644 2.
1127 1631 1161 1639 -—
1177 1614 1234 1643 Hoc
1251 1616 1426 1644 manifestius
1441 1617 1595 1644 ostenditur
1615 1617 1666 1645 sub
1686 1616 1739 1645 Da-

954 1659 1015 1687 vide
1033 1660 1104 1687 hunc
1121 1661 1256 1696 psalmum
1272 1661 1358 1689 fuisse
1371 1663 1514 1696 scriptum.
1539 1663 1596 1690 lloc
1611 1664 1683 1691 enim
1696 1664 1734 1691 iu-

952 1710 1064 1740 ιιι-911111
1078 1706 1189 1742 proprie
1196 1706 1297 1734 dicitur
1307 1707 1396 1735 dehis
1410 1708 1468 1743 qui.
1487 1709 1605 1743 prirnum
1618 1709 1645 1736 in
1658 1709 1739 1737 ditio-

952 1756 1014 1776 nem
1034 1750 1172 1784 sapienter
1187 1751 1302 1784 redacti,
1315 1751 1419 1789 ‘bellum
1434 1757 1529 1787 postea
1548 1759 1702 1782 moverunt.

1239 1851 1400 1883 PSALMUS
1417 1853 1449 1881 V.

987 1907 1069 1936 Vens.
1084 1908 1110 1937 9.
1129 1924 1163 1931 ρ-
1183 1908 1272 1936 Deduc
1294 1917 1335 1936 me
1349 1913 1376 1936 et
1395 1909 1479 1945 dirige
1493 1910 1519 1938 in
1538 1916 1676 1945 conspectu
1693 1916 1738 1939 tuo

950 1954 1018 1980 viam
1038 1962 1138 1986 meam,
1157 1954 1208 1982 hoe
1227 1955 1294 1982 dicit
1314 1963 1363 1990 pro
1385 1954 1478 1984 Reduc
1493 1963 1536 1984 me
1554 1965 1561 1984 :
1577 1957 1676 1984 etenim
1704 1957 1736 1985 In

949 2005 1089 2035 conspectu
1113 2005 1158 2026 tuo
1177 2008 1225 2035 pro
1243 2000 1285 2028 Ad
1303 2006 1327 2028 Ie
1348 2001 1433 2035 dirige
1453 2002 1522 2031 viam
1538 2010 1633 2034 meam,
1649 2007 1678 2030 ιιι
1693 2012 1736 2030 re-

949 2047 1026 2074 deam
1045 2045 1077 2073 ad
1095 2051 1120 2073 te
1136 2046 1286 2074 secundum
1304 2046 1445 2074 Judaieant
1470 2052 1586 2075 mentem
1597 2068 1604 2080 ,
1618 2050 1695 2084 quasi
1710 2051 1735 2076 in

948 2096 1069 2119 montem
1091 2091 1157 2119 Sion
1180 2091 1333 2120 adducente
1352 2092 1468 2120 Domino
1490 2103 1497 2122 :
1520 2099 1626 2128 propter
1645 2095 1736 2122 inimi-

949 2145 992 2163 τοι
1012 2145 1081 2165 meo:
1111 2137 1219 2164 interim
1248 2137 1348 2172 duplex
1375 2138 1441 2165 ntihi
1474 2139 1622 2168 retributio
1643 2146 1703 2168 erat
1728 2150 1735 2169 :

950 2181 1038 2209 Reduc
1054 2183 1127 2209 enim
1144 2190 1195 2214 me,
1211 2183 1312 2218 inquit,
1330 2183 1365 2211 ita
1379 2188 1407 2210 ut
1424 2184 1458 2212 ab
1473 2184 1592 2213 inimiris
1600 2186 1647 2220 qui
1658 2194 1736 2220 cepe-

951 2232 1016 2255 runt
1031 2235 1074 2254 me
1089 2228 1183 2254 salvus
1200 2227 1260 2256 tiam
1272 2247 1279 2259 ,
1302 2233 1329 2256 et
1344 2234 1488 2264 postquam
1501 2231 1569 2263 dixit
1587 2229 1619 2257 In
1629 2231 1736 2265 justitia

950 2278 1011 2305 tua,
1038 2273 1090 2300 hoc
1112 2278 1155 2301 est
1179 2275 1328 2302 secundum
1351 2282 1453 2302 morem
1478 2280 1554 2302 tuum
1577 2276 1734 2311 judicandi,

949 2318 1042 2346 statim
1060 2319 1180 2347 ostendit
1196 2320 1335 2355 quonnodo
1353 2321 1388 2348 sit
1401 2321 1506 2355 justum
1519 2330 1549 2349 se
1564 2330 1595 2350 ex
1614 2323 1734 2352 inimicis

949 2363 1061 2398 salvari,
1079 2364 1162 2392 modo
1174 2373 1225 2393 suo
1242 2366 1374 2393 rationem
1389 2366 1517 2394 aﬂerens.

1223 2509 1384 2538 PSALMUS
1408 2509 1454 2538 Vl.

984 2563 1067 2592 Vens.
1081 2564 1108 2592 2.
1122 2580 1157 2585 -
1172 2565 1326 2596 Contitetur
1342 2566 1398 2595 Deo
1420 2567 1518 2595 beatus
1533 2567 1617 2595 David
1633 2568 1667 2595 de
1682 2576 1732 2596 suo

946 2614 1060 2646 peccato
1085 2611 1157 2646 quod
1183 2612 1286 2638 iecerat
1316 2619 1379 2639 cum
1404 2612 1539 2641 Bersabee
1562 2613 1732 2642 dorntiendo.

945 2655 1009 2684 Haec
1029 2660 1119 2683 autent
1136 2656 1203 2684 dicit
1219 2665 1280 2684 cum
1296 2662 1369 2685 esset
1384 2659 1413 2686 in
1436 2658 1650 2688 adversitatihus
1671 2660 1732 2694 qui-

947 2702 997 2730 bus
1010 2707 1123 2737 propter
1136 2707 1279 2737 peccatum
1295 2703 1476 2739 probabatur.

979 2745 1053 2775 Idem
1069 2747 1169 2776 fortius
1185 2748 1274 2775 dixit:
1288 2748 1340 2775 hoc
1348 2755 1480 2783 namque.
1491 2748 1656 2777 Conturoata
1671 2753 1733 2776 sunt

948 2801 1008 2820 oua
1032 2801 1089 2820 mea
1100 2813 1108 2825 ,
1125 2793 1338 2828 magnitudinem
1354 2793 1529 2826 contritiouis
1542 2798 1570 2821 et
1585 2793 1734 2821 conturba-

947 2839 1031 2869 tionis
1044 2838 1179 2868 ostendit:
1195 2838 1228 2868 Et
1243 2839 1332 2866 animo
1345 2847 1407 2876 mea~
1417 2839 1522 2868 turbata
1537 2844 1574 2866 es!
1585 2837 1733 2877 ratdethoc

1535 2889 1570 2917 21
