1983 3072
277 126 326 154 631

863 125 1038 154 TIIEODORI
1058 126 1299 155 MOPSUESTENI

1835 133 1884 159 652

276 187 318 209 est
329 203 336 214 ,
352 190 411 217 qua:
431 190 529 218 corpus
556 191 645 209 meum
667 183 806 215 contrivit,
823 191 910 218 usque
923 184 956 211 ad
971 184 1058 218 ipsam

1117 185 1204 219 »ἄχθη
1215 185 1343 219 σφόδρα,
1364 186 1495 219 τουτέστι,
1510 187 1681 222 Συντρίψασά
1696 195 1747 222 μου
1762 186 1791 213 τδ
1804 187 1886 222 σῶμα,

279 227 393 254 animum
407 228 555 261 penetravit
571 229 757 255 conturbatio.

551 271 712 300 PSALMUS
727 273 783 300 VII.

264 324 265 327 ‘
312 317 393 344 ‘v’ens.
411 318 437 345 4.
449 332 484 338 --
506 317 535 345 Si
554 318 603 351 feci
623 319 695 345 istud
711 319 783 354 quod
801 326 874 346 nunc
895 319 996 353 patior,
1011 319 1061 345 hoc

277 367 328 394 est,
346 363 369 390 si
383 363 478 398 inique
492 364 534 399 egi
553 373 559 390 :
579 364 651 391 unde
666 365 788 399 apertius
807 364 881 391 addit
895 364 990 392 dicens
1005 373 1012 391 :
1030 363 1061 391 Si

278 413 314 434 est
337 409 464 443 iniquitas
480 410 508 436 in
526 411 646 438 manibus
661 412 735 443 meis,
752 418 802 446 pro
819 410 842 437 si
871 410 964 444 iniquo
978 416 1062 444 agens

277 459 404 482 Iuventus
415 462 489 487 sum,
502 456 524 483 si
537 456 643 484 reddidi
656 456 872 484 retribuentibus
882 455 948 482 mihi
970 455 1059 482 mala:

277 499 348 533 quod
369 500 457 534 majus
475 505 517 527 est
534 501 656 529 secundo
681 502 742 529 loco
766 508 874 536 semper
887 504 950 535 post
968 500 1061 527 minus

277 545 386 572 ordinat
397 555 403 573 :
416 543 492 580 atqui
506 554 561 574 non
574 547 695 582 incipere
709 547 873 582 injustitias,
887 545 960 581 quod
971 546 1061 580 majus

257 608 260 612 ι
277 596 318 618 est
335 598 417 625 quam
440 591 533 625 inique
557 597 668 627 agentes
691 593 845 622 sustinere,
862 591 985 619 secundo
1001 591 1060 618 loco

277 635 354 662 dicit.

313 680 394 708 Vens.
413 681 438 708 7.
458 696 492 702 --
505 680 564 708 Non
585 682 657 716 quod
684 682 741 717 ipse
755 682 900 714 exaltatur,
917 689 971 708 non
986 681 1058 708 enim

272 726 440 753 exultatione
455 726 569 761 indiget,
584 727 630 754 sed
647 728 720 762 quod
741 728 767 754 in
785 731 880 754 nostro
894 727 1014 761 cogitatu
1026 726 1059 754 de

277 779 337 805 ipso
357 771 417 799 idea
433 773 498 800 talis
515 772 602 804 inest;
620 780 681 799 eum
696 773 798 808 aliquid
812 772 934 800 terribile
951 774 1058 807 signum

278 817 527 851 l'aciat:proptcrca
542 818 619 847 dicit.
641 817 672 843 In
693 817 789 852 ﬁnibus
807 818 971 844 inimicorum
990 824 1058 844 meo-

1113 229 1183 256 διέδυ
1195 230 1291 265 μέχρις
1306 231 1390 265 αὐτῆς
1400 231 1448 265 τῆς
1461 231 1550 266 ψυχῆς
1566 233 1581 266 ἡ
1595 232 1711 267 ταραχή.

1403 276 1549 302 ΨΛΛΜΟΣ
1568 277 1606 303 Z'.

1149 320 1221 354 Στίχ.
1236 320 1267 346 δ’.
1280 334 1312 340 -
1326 322 1361 348 El
1376 321 1504 354 ἐποίησα
1518 321 1604 348 τοῦτο
1613 321 1627 347 ὅ
1639 321 1685 348 νῦν
1698 321 1802 357 πάσχω.
1815 331 1886 349 τουτ-

1113 365 1195 396 έστιν,
1211 366 1240 391 Et
1253 366 1369 400 ἠδίκησα
1379 374 1385 380 ·
1402 365 1463 392 ὅθεν
1480 365 1667 400 φανερώτερον
1679 366 1776 400 ἐπάγει
1790 367 1885 401 λέγων·

1113 409 1146 436 El
1158 411 1242 437 ἐστιν
1254 410 1352 437 ἀδικία
1362 410 1396 437 ἐν
1409 412 1494 445 χερσί
1504 420 1574 445 μου,
1587 411 1646 438 ἀντὶ
1659 411 1718 442 τοῦ,
1728 412 1758 438 Εἰ
1774 412 1887 447 εὕρημαί

1110 463 1136 481 τι
1153 455 1242 481 ἄδικον
1263 456 1457 490 ἐργασάμενος,
1477 457 1500 482 εί
1517 456 1693 483 ἁνταπέδιιιχα
1707 459 1761 488 τοῖς
1777 458 1887 486 ἀνταπο-

1111 499 1212 526 διδοῦσί
1226 508 1271 533 μοι
1283 500 1356 527 κεικὰ
1367 509 1373 515 ’
1387 501 1430 527 ἀεὶ
1444 501 1474 527 τὸ
1491 502 1582 536 μεῖζον
1600 502 1725 538 δεύτερον
1740 504 1831 530 τάττει
1844 503 1886 529 τοῦ

1111 545 1266 577 ἐλάττονος·
1288 546 1379 580 μεῖζον
1396 546 1483 574 τοίνυν
1501 547 1530 573 ὃν
1552 547 1600 574 τοῦ
1617 548 1773 580 ἀδικοῦντας
1794 549 1888 584 ὑποφέ-

1112 599 1178 626 ρειν,
1196 591 1225 617 τὸ
1244 591 1280 626 μὴ
1295 591 1374 626 ἄρξαι
1391 592 1507 624 ἀδικίας,
1517 592 1640 627 δεύτερον
1658 593 1739 626 λέγει.

1146 682 1219 717 Στίχ.
1237 681 1268 713 ζ’.
1283 696 1317 701 -
1332 682 1387 717 οὐχ
1399 682 1438 708 ὄτι
1457 682 1535 713 αὐτὸς
1553 682 1665 716 ὑψοῦται
1681 683 1722 714 (οὗ
1742 682 1795 717 γὰρ
1813 691 1889 717 προσ-

1109 727 1193 754 δεῖται
1208 727 1358 762 ὑψώσεως),
1373 727 1429 754 ἀλλ’
1440 728 1480 754 ὅτι
1494 729 1522 754 ὲν
1535 729 1594 759 ταῖς
1605 728 1734 760 διανοίαις
1748 728 1823 763 ἡμῶν
1835 737 1888 754 τοι-

1111 773 1179 807 αύτη
1195 773 1329 807 ἐγγίνεται
1344 773 1431 799 ἔννοια
1444 773 1507 808 περὶ
1524 773 1616 805 αὑτοῦ,
1631 773 1739 799 ἐπειδάν
1753 781 1778 800 τι
1793 774 1888 809 ποιήσῃ

1111 818 1224 854 φοϐερὸν
1239 819 1367 854 σημεῖον·
1384 818 1428 845 διὰ
1441 818 1520 844 τοῦτο
1539 818 1623 852 λέγει,
1645 819 1693 844 ‘Er
1710 818 1771 851 τοῖς
1784 819 1887 852 πέρασι

276 869 352 892 rum;
366 862 417 889 hoc
431 866 483 894 est,
498 863 603 890 ultione
619 868 664 889 tua
685 871 781 890 omnes
798 863 925 890 inimicos
941 862 1059 889 circum-

1117 863 1167 890 τῶν
1187 863 1301 898 ἐχθρῶν
1326 872 1396 899 μου,
1422 864 1554 894 τουτέστι,
1573 864 1678 894 Πάντας
1692 864 1843 898 περιλαϐὼν
1857 866 1888 899 τῇ

272 907 354 938 dans,
364 911 455 934 notam
462 907 726 943 l'acmagnitudinem
736 913 809 935 tuam
817 912 844 935 et
854 907 1055 934 fortitudinem:

275 951 339 979 inde
349 954 421 980 enim
431 953 549 981 maxime
558 954 758 984 celebrabatur,
778 953 806 980 in
817 960 912 981 omnes
928 953 1059 980 ultionem

275 997 438 1025 exercendo.

313 1042 394 1070 Vens.
412 1044 438 1070 8.
455 1058 490 1062 —
505 1043 572 1071 Cum
597 1044 625 1071 in
646 1043 767 1078 seipsum
788 1046 912 1078 tempore
929 1042 1059 1071 Absalom

275 1087 393 1115 divisum
402 1092 473 1115 esset
482 1096 606 1124 regnum,
619 1089 679 1116 aliis
692 1087 797 1120 Davidi,
806 1089 866 1115 aliis
875 1088 1002 1115 Absalom
1010 1088 1058 1115 ad-

276 1133 452 1165 hmrentihus,
478 1138 676 1169 consequenter
694 1135 773 1165 dixit.
797 1133 1004 1170 insurgentibus
1033 1135 1060 1161 in

277 1186 320 1206 me
341 1178 444 1213 judicia
474 1181 669 1207 exercentibus
696 1180 846 1207 secundum
876 1183 953 1206 tuum
982 1186 1059 1205 man-

275 1224 389 1256 datum;
404 1231 515 1252 rursum
532 1229 624 1252 autem
639 1225 882 1260 congregabuntur
898 1224 1014 1259 (populi)
1032 1225 1060 1251 in

278 1278 373 1303 unum,
394 1269 500 1298 debitas
516 1271 566 1298 tibi
578 1271 723 1299 reddentes
743 1271 847 1305 gratias
861 1279 867 1296 :
883 1275 992 1306 propter
1008 1271 1060 1298 hoc

275 1315 349 1341 enim
361 1315 488 1343 excelsus
499 1315 647 1343 videberis.

314 1405 395 1434 Vens.
412 1407 439 1433 9.
451 1420 487 1427 —
502 1405 557 1433 Nec
570 1407 743 1432 innocentem
755 1412 805 1433 nec
819 1406 925 1440 justum
939 1413 969 1434 se
981 1405 1059 1439 dicit,

275 1452 323 1478 sed
334 1451 399 1478 nihil
411 1451 474 1478 mali
488 1451 579 1486 egisse
591 1460 597 1478 ε
613 1457 696 1486 porro
707 1450 948 1486 quemadmodum,
959 1451 1060 1485 inquit,

278 1497 348 1523 male
362 1504 424 1523 cum
439 1496 494 1523 illis
508 1503 563 1522 non
578 1496 641 1531 egi,
660 1496 761 1522 malum
785 1503 849 1522 vero
870 1503 942 1522 nunc
958 1496 992 1522 ab
1006 1496 1061 1523 illis

1110 910 1229 944 npr;
1249 910 1311 941 τοὺς
1332 909 1455 944 ἐχθροὺς,
1472 908 1608 944 γνώριμον
1623 905 1724 935 ἄπεισιν
1739 910 1769 935 τὸ
1794 909 1890 944 ὑψηλόν

1111 963 1157 980 σου
1173 955 1219 980 καὶ
1231 954 1261 980 τὸ
1273 954 1381 990 ίσχυρόν
1393 962 1399 969 ·
1425 953 1504 980 τοῦτο
1520 953 1574 989 γὰρ
1599 954 1713 989 μάλιστα
1733 954 1890 988 ὲγνωρίζετο

1110 1000 1142 1026 Ex
1157 999 1203 1025 τοῦ
1216 999 1319 1030 πάντας
1335 999 1534 1035 τιμωρηθῆναι.

1145 1045 1219 1080 Στὶχ.
1229 1048 1265 1080 η’.
1279 1060 1315 1066 -—-
1328 1045 1438 1080 Ἐπειδὴ
1461 1044 1573 1080 διῃρέθη
1590 1044 1656 1079 πρὸς
1671 1044 1770 1079 ἑαυτὴν
1785 1044 1830 1070 ἐπὶ
1844 1044 1889 1070 τοῦ

1117 1089 1291 1124 ’Δὸεσσαλὼμ
1305 1090 1321 1124 ή
1333 1089 1463 1124 βασιλεία,
1474 1089 1529 1120 τῶν
1542 1089 1589 1123 μὲν
1602 1087 1736 1123 τῴΔαυτδ,
1746 1087 1800 1113 τῶν
1812 1087 1839 1113 δὲ
1853 1087 1891 1122 τῷ

1117 1134 1291 1170 ’Δῦεσσαλὼμ
1302 1134 1515 1170 προσκειμένων,
1524 1133 1676 1164 ἀκολούθως
1689 1131 1774 1165 εἷπεν,
1782 1133 1822 1158 ὅτι
1833 1131 1891 1158 Τῶν

1111 1180 1317 1207 ἐπαναστάντων
1331 1188 1376 1215 μοι
1395 1180 1472 1214 δίκην
1487 1179 1642 1206 δεδωκότων
1656 1179 1726 1205 κατὰ
1736 1179 1767 1204 τὸ
1776 1178 1891 1213 πρόστα-

1111 1235 1168 1262 γμα
1188 1226 1219 1253 τὸ
1238 1226 1293 1258 σὸν,
1310 1225 1401 1252 ἁπασα
1417 1225 1467 1260 μὲν
1483 1223 1518 1260 ἦν
1534 1225 1580 1252 νῦν
1596 1225 1652 1256 τοῖς
1668 1224 1742 1255 λαοῖς
1762 1224 1889 1250 ὲνουσα...

1112 1272 1288 1307 παυθήσεται,
1302 1271 1511 1306 συναχθήσονται
1527 1271 1555 1296 δὲ
1570 1271 1648 1297 πάλιν
1661 1271 1701 1302 εἰς
1716 1269 1755 1302 ἓν,
1769 1270 1817 1301 τὰς
1827 1269 1892 1296 καθ-

1110 1318 1230 1354 ηκούσας
1244 1327 1284 1344 σοι
1303 1318 1476 1353 εὐχαριστίας
1491 1317 1657 1348 ἀποδιδόντες
1669 1325 1676 1332 ’
1690 1317 1734 1343 διὰ
1749 1317 1801 1352 γὰρ
1815 1316 1892 1343 τοῦτο

1112 1363 1212 1399 ὑψηλὸς
1225 1364 1252 1390 δε
1257 1363 1364 1399 ιχθήσῃ.

1147 1409 1218 1443 Στίχ.
1232 1409 1265 1435 θ’.
1283 1423 1316 1428 —
1336 1408 1464 1434 Ἀχακίαν
1479 1407 1507 1434 δὲ
1520 1407 1581 1433 οὔτε
1597 1407 1646 1442 τὴν
1661 1407 1808 1441 ἁπλότητα,
1825 1406 1892 1433 ἀλλὰ

1110 1453 1141 1480 τὸ
1155 1454 1236 1488 μηδὲν
1247 1453 1413 1488 ἐργάσασθαι
1425 1453 1507 1479 κακὸν
1518 1452 1600 1486 λέγει.
1613 1453 1719 1487 Ὥσπερ
1733 1452 1832 1483 τοίνυν,
1842 1461 1892 1486 φη-

1113 1498 1232 1531 σὶν,ὲγὼ
1256 1498 1347 1529 κακῶς
1371 1498 1418 1531 μὲν
1441 1498 1539 1528 αὐτοὺς
1553 1498 1582 1523 οὑ
1605 1497 1727 1531 διέθηκα,
1743 1498 1839 1531 πάσχω
1863 1497 1892 1522 δὲ

277 1544 376 1576 patior,
395 1542 432 1568 ita
447 1549 489 1569 me
503 1541 596 1576 judica
611 1542 786 1568 innocentem
798 1561 804 1573 .
819 1541 905 1576 gratis
923 1549 971 1568 nec
986 1542 1060 1575 juste

1117 1543 1161 1569 νῦν
1170 1543 1214 1569 ὑπ’
1228 1543 1338 1569 ἐκείνοιν
1353 1542 1444 1573 κακῶς
1453 1550 1459 1557 ·
1476 1541 1546 1567 οὕτω
1564 1550 1608 1576 μοι
1621 1542 1713 1576 κρῖνον
1727 1541 1893 1576 ἀδικουμένῳ

279 1588 436 1622 patientem.

316 1633 396 1661 Vens.
414 1633 458 1660 10.
474 1647 508 1653 -
526 1632 599 1660 Loco
614 1636 788 1663 consumatur,
804 1632 955 1666 perﬁcietur
971 1633 1060 1666 posuit

281 1678 471 1714 Symmachus.
485 1678 549 1705 Sive
563 1679 669 1705 vanitas
679 1678 737 1704 sive
749 1679 851 1704 malum
861 1678 930 1704 qule
940 1678 1062 1704 viventes

278 1728 396 1756 maneat,
415 1724 532 1751 studiosi
548 1724 657 1750 virtutis
672 1723 810 1755 cultores,
827 1723 927 1757 inquit,
945 1723 997 1750 sibi
1016 1723 1062 1750 bo-

278 1777 343 1795 num
358 1769 460 1796 exitum
476 1769 623 1803 parabunt.

314 1860 395 1886 Vens.
415 1859 456 1886 l7.
475 1874 507 1879 ——
525 1858 587 1885 Haec
603 1858 668 1884 milii
685 1862 779 1892 aperte
793 1863 874 1892 atque
886 1857 920 1885 de
932 1857 1016 1884 verbo
1029 1858 1061 1885 ad

278 1905 389 1932 verbutu
401 1899 427 1931 in
440 1903 601 1937 Acltilophcl
616 1903 724 1937 impleta
733 1911 792 1930 esse
805 1903 940 1930 videntur.
957 1903 1062 1930 Etenim

277 1959 339 1977 cum
355 1950 456 1978 Chusai
476 1951 592 1977 consilio
606 1958 621 1976 e
637 1957 722 1984 scopo
738 1957 789 1977 suo
804 1949 928 1983 dejectus
951 1949 1059 1979 fuisset,

277 1997 318 2022 vir
338 1996 408 2022 inter
432 2003 527 2023 omnes
549 1995 717 2030 praeclarus,
742 1995 872 2022 invrdiam
897 2002 951 2022 non
974 1995 1062 2029 ιιοιιιίι

278 2042 429 2073 sustinere,
456 2040 540 2068 futuri
556 2041 719 2074 prmvitlcndi
737 2041 859 2075 peritus,
879 2041 1063 2074 Absalotnque

279 2087 385 2121 prodita
402 2094 463 2114 esse
487 2087 605 2121 negotia,
624 2094 708 2121 seque
734 2094 872 2120 nunquam
897 2094 913 2113 e
935 2086 1062 2113 manibus

279 2132 389 2159 Davidis
403 2132 575 2158 liberandum
591 2139 653 2158 esse
670 2133 852 2166 prospiciens,
871 2132 898 2158 in
916 2131 997 2158 domo
1011 2138 1062 2158 sua

278 2178 425 2212 suspendio
442 2178 562 2211 seipsum
578 2177 673 2208 tradit,
691 2185 722 2204 ac
738 2177 830 2203 omnia
846 2185 906 2211 qua:
922 2177 981 2204 suis
994 2184 1061 2203 con-

278 2225 347 2252 siliis
376 2226 525 2258 genuerat,
553 2222 684 2257 colligens
709 2230 740 2248 ac
770 2229 940 2257 congregans
965 2223 1060 2249 eadem

277 2271 411 2305 pravitate
436 2276 489 2303 qua
508 2272 604 2294 coulra
620 2267 756 2300 Davidem,
775 2269 801 2295 in
820 2268 929 2303 propria
941 2267 1061 2302 pernicie

278 2314 433 2350 parturivit.
451 2313 665 2346 Profundiorem,
680 2313 780 2348 inquit,
797 2314 883 2339 locum
899 2313 1012 2347 aperuit.
1026 2320 1059 2339 ex

279 2360 436 2394 metaphora
461 2359 554 2385 dolllln
580 2358 795 2393 alitudinemque
822 2360 931 2386 consilii
954 2359 1058 2393 signiti-

276 2415 353 2434 CRIIIS.

314 2497 397 2524 Vens.
416 2498 458 2524 18.
475 2511 510 2516 —
525 2496 582 2532 Ego
601 2500 691 2523 autem
715 2496 796 2523 talem
820 2504 834 2522 a
860 2495 914 2523 Deo
931 2500 1062 2531 expertus

278 2543 488 2576 providentiam,
500 2542 552 2568 hoc
565 2541 726 2568 beneﬁcium
743 2542 770 2567 in
784 2545 917 2568 aeternum
933 2542 1061 2574 cantabo,

278 2587 304 2614 el
318 2588 436 2614 narrabo
449 2587 585 2622 justitiam
600 2585 767 2620 iudiciorum
784 2585 855 2619 ejus.

546 2629 708 2657 PSALMUS
725 2629 790 2657 Vlll.

313 2677 398 2704 Vens.
413 2677 438 2703 5.
457 2691 490 2697 —-—
502 2676 531 2703 In
548 2676 600 2702 hoc
616 2683 725 2710 quoque
739 2674 884 2702 Christum
904 2674 984 2701 nobis
999 2682 1060 2709 pro.

279 2724 372 2758 phetat
386 2723 480 2749 beatus
494 2721 587 2748 David.
602 2721 639 2747 Ex
654 2721 833 2755 inspiratione
846 2720 979 2755 Spiritus,
995 2727 1063 2754 ιμιο-

281 2769 360 2796 modo
385 2775 447 2795 eum
469 2767 605 2794 laudaturi
626 2767 682 2793 sint
705 2767 733 2792 in
753 2766 854 2800 templo
870 2765 1000 2795 infantes,
1024 2765 1063 2791 la-

279 2819 383 2842 ctentes
393 2813 537 2847 cmterique
549 2812 664 2847 parvuli,
675 2811 803 2846 praedicat
817 2821 823 2838 :
837 2811 946 2845 quidam
957 2811 1063 2842 dicunt,

1115 1589 1214 1623 μάτην,
1230 1589 1275 1614 καὶ
1288 1588 1324 1623 μὴ
1340 1588 1449 1618 δικαίως
1465 1588 1603 1622 πάσχοντι.

1149 1633 1221 1668 Στίχ.
1233 1636 1257 1660 ι’.
1269 1633 1382 1659 -Ὰντὶ
1398 1632 1444 1658 τοῦ
1462 1631 1700 1665 συγτελεσθήτω,
1712 1631 1895 1665 ἀπαρτισθῆ-

1112 1687 1151 1704 ῖω
1171 1680 1184 1704 ὀ
1207 1678 1351 1713 Σύμμαχος
1368 1678 1503 1703 τέθεικεν·
1521 1676 1595 1712 Ἰην]
1610 1677 1720 1711 ματαία.
1733 1678 1823 1711 φησιν,
1839 1677 1894 1703 δει-

1114 1723 1188 1757 χθείη
1201 1722 1253 1748 τῶν
1272 1722 1354 1757 κακίᾳ
1367 1721 1508 1753 συζώντων
1522 1723 1538 1756 ἡ
1556 1722 1681 1756 πονηρία,
1694 1722 1895 1757 σπουδαιότερα

1112 1768 1160 1804 [οἱ]
1181 1767 1229 1802 τῆς
1255 1767 1354 1803 ἀρετῆς
1376 1767 1501 1802 τρόφιμοι
1528 1767 1576 1801 τὴν
1602 1767 1782 1801 προκειμένην
1805 1767 1896 1797 αὐτοῖς

1113 1813 1223 1848 πορείαν
1236 1814 1400 1847 ποιήσονται.

1148 1857 1222 1892 Στίχ.
1241 1856 1284 1887 ιζ’.
1303 1870 1332 1875 -—
1350 1855 1442 1882 Ταῦτά
1471 1865 1515 1891 μοι
1541 1855 1614 1882 δοκεί
1645 1856 1733 1891 ῥητῶς
1756 1857 1801 1881 καὶ
1825 1863 1899 1882 κατα

1113 1902 1183 1934 λέξιν
1203 1901 1398 1936 πεπληρῶσθαι
1413 1902 1459 1927 ἐπὶ
1472 1901 1516 1927 τοῦ
1536 1901 1683 1936 Ἀχιτόφελ.
1699 1901 1836 1935 Κατὰγὰρ
1848 1901 1898 1935 τὴν

1113 1947 1159 1973 τοῦ
1176 1947 1259 1973 Χουσὶ
1271 1947 1433 1981 συμϐουλίαν
1447 1946 1569 1973 ἐκπεσὼν
1585 1947 1663 1977 αὐτὸς
1677 1946 1723 1972 τοῦ
1738 1946 1899 1977 σχοποῦ,ὼ;

1114 1992 1146 2018 ἂν
1161 1991 1416 2026 παρευδοκιμηθεὶς,
1428 1992 1475 2018 καὶ
1488 1993 1524 2026 μὴ
1533 1989 1621 2023 οἷόςτε
1633 1992 1725 2026 φέρειν
1734 1992 1779 2017 τὸν
1788 1991 1898 2025 φθόνον,

1114 2037 1160 2064 καὶ
1178 2037 1311 2072 προορῶν,
1322 2038 1367 2063 ἁτε
1378 2037 1462 2069 δεινὸς
1473 2037 1510 2063 ὣν
1529 2037 1775 2072 καταστοχάζεσθαι
1788 2037 1819 2063 τὸ
1836 2037 1901 2072 μέλ-

1114 2083 1168 2115 λον,
1183 2083 1219 2113 ὡς
1233 2082 1389 2117 προδέδοται
1416 2083 1449 2109 τὰ
1469 2083 1516 2108 τοῦ
1537 2083 1714 2116 ’Ᾱϐεσσαλὼμ
1730 2082 1899 2116 πράγματα,

1115 2129 1245 2163 μέλλειτε
1257 2128 1318 2154 ὅσον
1336 2129 1381 2154 καὶ
1401 2129 1479 2159 αὐτὸς
1495 2128 1570 2154 οὖπω
1591 2129 1642 2154 ὑπὸ
1655 2128 1701 2154 τοῦ
1717 2127 1796 2154 Δαυῖδ
1808 2127 1899 2154 ἁπαλ-

1114 2173 1268 2206 λάττεσοαι,
1283 2175 1426 2209 γενόμενος
1441 2175 1469 2199 ἐν
1479 2175 1510 2208 τῇ
1525 2173 1612 2208 οἰκείᾳ
1625 2173 1707 2199 αὑτοῦ
1722 2173 1825 2207 ἀγχόνῃ
1834 2173 1900 2198 ἑαυ-

1115 2219 1159 2246 τὸν
1179 2221 1370 2254 παραδίξωτιν,
1389 2221 1435 2246 καὶ
1455 2221 1542 2246 πάντα
1569 2220 1618 2245 ὅσα
1639 2219 1694 2249 τοῖς
1712 2218 1810 2244 ἑαυτοῦ
1829 2218 1902 2251 λογι-

1115 2269 1192 2302 σμοῖς
1203 2267 1341 2301 ὼδίνησεν.
1355 2266 1476 2299 συνάγων
1489 2266 1534 2292 καὶ
1545 2265 1737 2299 συλλαμϐάνων
1752 2265 1780 2290 ὲν
1792 2265 1826 2298 τῇ
1841 2264 1903 2289 ἑαυ-

1114 2314 1159 2340 τοῦ
1177 2313 1303 2348 πονηρίᾳ,
1320 2312 1412 2347 ὥσπερ
1432 2312 1498 2346 μετὰ
1516 2311 1646 2345 πονηρίας
1662 2309 1731 2335 κατὰ
1746 2309 1793 2335 τοῦ
1806 2308 1900 2338 Δαυῖδ,

1114 2358 1250 2384 ταῦταὲπ’
1273 2357 1374 2391 ὀλέθρῳ
1386 2356 1423 2390 τῷ
1447 2355 1541 2381 ἑαυτοῦ
1560 2355 1700 2381 ἀπέτεκεν.
1717 2353 1902 2385 Βιιθυτέριιν,

1115 2402 1207 2436 φησιν,
1230 2400 1388 2435 εἰργάσατο
1404 2400 1461 2433 τὴν
1470 2399 1644 2432 ἐπιϐουλὴν,
1657 2400 1688 2424 ὲκ
1701 2399 1859 2433 μεταφορᾶς
1871 2397 1904 2422 τὸ

1113 2449 1218 2484 δολερὸν
1239 2449 1284 2474 καὶ
1296 2447 1362 2482 βαοὺ
1375 2448 1424 2481 τῆς
1441 2446 1537 2481 βουλῆς
1552 2446 1737 2481 παραστήσας.

1149 2494 1223 2528 Στίχ.
1238 2497 1281 2527 ιη’.
1293 2507 1327 2512 -
1344 2492 1414 2526 Ἐγὼ
1423 2493 1451 2518 δὲ
1463 2491 1597 2525 τοσαύτης
1610 2491 1684 2526 παρὰ
1693 2490 1737 2516 τοῦ
1751 2489 1819 2516 Θεοῦ
1830 2497 1904 2525 προ-

1113 2539 1186 2570 νοίας
1214 2539 1312 2573 τυχὼν,
1339 2539 1452 2573 ὑμνήσω
1467 2537 1511 2564 τὸν
1527 2537 1670 2571 εὐεργέτην
1686 2535 1828 2570 διηνεκῶς,
1850 2534 1903 2568 τῆς

1114 2584 1229 2619 κρίσεως
1241 2583 1270 2609 τὺ
1284 2583 1385 2609 δίκαιον
1401 2582 1588 2616 διηγούμενος.

1408 2627 1554 2666 summos
1571 2627 1613 2653 ut.

1151 2674 1224 2708 Στίχ.
1234 2676 1303 2706 γ¹.--
1311 2672 1365 2699 Καὶ
1379 2673 1406 2698 ὲν
1420 2673 1506 2706 τούτῳ
1524 2673 1558 2698 τὰ
1573 2672 1642 2698 κατὰ
1650 2672 1694 2697 τὸν
1706 2672 1823 2705 Χριστὸν
1836 2671 1908 2705 ἡμῖν

1116 2720 1302 2755 προῳητεὺειὸ
1314 2719 1446 2754 μακάριος
1458 2718 1552 2745 Δαυῖδ’
1565 2719 1754 2753 προαναφωνεῐ
1768 2714 1908 2751 ἐκ[τ]ή[;]

1116 2765 1163 2791 τοῦ
1172 2765 1326 2799 Πνεύματος
1340 2763 1512 2799 ἐνεργεία[ς],
1526 2764 1563 2794 ὡς
1572 2764 1604 2789 ἆν
1618 2763 1772 2797 ὑμνήσωσιν
1784 2762 1870 2788 αὑτὸν
1879 2762 1910 2787 ἐν

1117 2809 1156 2844 τῷ
1172 2809 1235 2845 ίερῷ
1246 2810 1270 2836 οἱ
1285 2809 1387 2841 παῖδες,
1404 2809 1430 2835 οἵ
1447 2817 1476 2835 τε
1489 2807 1536 2844 [οἱ]
1553 2808 1697 2842 ὑπομάςιοι
1713 2807 1759 2834 καὶ
1774 2807 1798 2833 οἱ
1814 2807 1910 2841 ἕτεροι
