1983 3072
113 138 171 166 653

722 132 766 160 EX
772 130 910 160 POSlTlO
929 130 962 158 ΙΝ
983 131 1151 159 PSALMOS.

1701 132 1752 162 εει

115 201 207 234 νήπιοι
221 206 226 210 ⁵
248 197 314 231 φασὶ
326 196 354 222 δέ
366 203 436 225 τινες
451 194 497 220 καὶ
512 193 550 225 εἰς
565 192 610 219 τὴν
625 193 712 219 κοινὸν
724 193 849 228 εἰρῆσθαι
862 193 908 219 ἄν·

978 196 986 218 ι
1003 192 1060 219 lmc
1080 198 1123 219 est
1141 192 1278 220 sententia
1295 193 1461 224 cmumauis,
1480 192 1620 220 hominem
1636 194 1754 222 interro-

115 243 226 278 θρωπον
235 243 263 267 ἐν
272 243 304 276 τῇ
314 241 367 266 τῶν
376 239 570 275 Σκηνοπηγίων
581 239 661 274 ἑορτῇ
670 238 762 265 τοῦτον
775 237 910 273 [λελέχϐη]

114 290 160 315 τὸν
177 288 286 323 ψαλμὸν
315 286 367 313 ὑπὸ
391 286 438 313 τοῦ
458 285 592 321 μακαρίου
616 284 705 313 Δαυῖδ,
725 284 785 311 καθ’
799 284 841 318 δὴ
858 283 911 309 τῶν

116 334 234 370 καρπῶν
248 332 399 368 συγκομιδὴ
415 331 520 365 γίνεται
532 340 538 345 ·
551 331 599 356 καὶ
609 329 652 356 διὰ
668 329 748 356 τοῦτο
763 329 911 364 ἐπιγέγρα-

115 389 195 413 πται,
209 380 292 414 Παρὰ
313 378 373 405 τῶν
389 377 504 412 ληνῶν.

411 433 558 460 ΨΑΛΜΟΣ
576 433 616 459 ϐ’.
793 458 798 461 .

153 492 229 527 Στίχ.
242 491 275 526 β’.
288 490 410 517 -Μετὰ
424 489 478 525 γὰρ
497 489 547 523 τὴν
565 488 690 524 διήγησιν
705 486 759 514 τῶν
777 487 831 513 σῶν
848 487 914 513 θαυ-

118 537 237 573 μασίων,
257 536 404 572 προσέσται
421 544 466 570 μοι
482 534 572 561 καὶτὸ
588 533 782 569 εὐφραίνεσθαι
799 534 846 559 ἐπὶ
861 532 912 566 σοὶ,

117 583 392 619 ἀναμιμνησκομένῳ
405 581 457 616 τῆς
472 581 521 615 σῆς
532 580 701 615 εὐεργεσίας.

156 630 233 665 Στίχ.
251 632 282 655 ε’.
296 643 332 648 —
357 626 651 662 Σύμμαχος,¹Εδρασε
664 626 762 659 κρίσει
776 625 831 651 τὸν
845 625 913 658 θρό-

116 674 292 706 νοναὺτοῦ,
316 674 457 705 τουτέστι,
487 672 604 699 Βεὸαίαν
626 671 676 706 τὴν
697 671 788 706 κρίσιν
812 670 914 705 ταύτην

118 721 280 756 ἐποιήσατο,
304 719 351 746 καὶ¹
380 718 532 754 μεταὸολὴν
562 718 596 744 τὰ
614 718 659 744 ὑπ’
688 717 770 743 αὐτοῦ
788 717 915 752 κριθέντα

117 768 171 794 οὐκ
193 766 347 801 ἐπιδέχεται
368 765 390 798 (Ι
397 765 418 799 ).

156 812 230 846 Στίχ.
248 815 273 837 ι’.
294 826 327 830 —
345 809 417 836 Ἀντὶ
431 809 490 840 τοῦ,
506 809 560 835 Καὶ
586 810 728 843 γενήσεται
751 809 913 843 καταφυγή’

963 244 1056 274 gntum
1082 238 1167 266 fuisse
1194 239 1220 265 in
1239 238 1414 273 Scenopegite
1431 239 1512 270 festo.
1530 238 1602 267 hunc
1615 240 1752 275 psalmum

966 293 979 311 a
997 285 1098 311 Dat-ide
1116 284 1203 311 fuisse
1221 285 1406 319 compositum
1423 293 1471 320 pro
1487 279 1610 321 tempoté
1627 293 1681 320 quo
1693 287 1752 313 l'ru-

963 337 1057 359 ctuum
1082 332 1111 358 Iit
1127 332 1254 359 collectio
1271 342 1277 358 :
1296 331 1356 358 ideo
1378 331 1430 358 Pro
1458 332 1633 360 torcularibus
1654 320 1818 361 insch
1847 339 1853 344 ·

963 377 1047 404 bitur.

1247 431 1407 459 PSALMUS
1423 432 1469 459 IX.

1002 485 1084 514 γης.
1098 487 1125 513 2.
1142 501 1177 506 ——
1189 486 1296 513 Etenim
1313 491 1375 521 post
1387 486 1573 514 narrationem
1587 488 1754 516 mirabilium

965 537 1095 563 tuorum.
1120 533 1186 559 mihi
1214 532 1410 560 beneﬁciorum
1437 537 1547 559 tuorum
1567 534 1754 562 reminisueuti

966 579 1050 605 lmtari
1069 586 1178 613 qttoque
1197 584 1336 613 superest.

1007 625 1087 653 Vens.
1103 626 1166 652 5.-
1178 625 1362 661 Symmachus
1374 625 1480 652 Iudicio
1491 625 1619 653 stabilivit
1633 626 1755 653 thronum

966 672 1034 706 ejus,
1051 672 1077 698 id
1095 676 1148 700 est.
1165 671 1288 698 Firmum
1309 672 1360 699 hoc
1375 672 1510 706 judicium
1528 671 1592 699 fecit
1603 691 1609 696 .
1626 672 1755 699 mulatio-

965 725 1084 753 nemque
1097 718 1201 752 judicia
1218 719 1292 745 illius
1306 726 1360 745 non
1381 724 1490 745 norunt.

1004 805 1086 834 Vsus.
1106 807 1146 834 l0.
1167 821 1202 826 —
1220 806 1292 834 Loco
1312 809 1355 842 ﬁat
1371 808 1499 842 refugium
1511 828 1518 840 ,
1536 809 1586 835 hoc
1607 809 1679 836 enim
1696 810 1757 837 vult

118 857 200 884 τοῦτο
213 857 299 892 γὰρὴ
325 855 470 882 ἀκολουθία
497 855 639 889 βούλεται·
664 854 826 889 symath
846 854 874 880 δὲ
901 854 913 880 ό

974 857 1124 884 :ontextus,
1142 857 1249 888 tempus
1266 859 1399 881 mutatqu
1413 860 1465 882 est.
1479 853 1669 889 Opportunum
1683 856 1756 882 enim

119 904 228 939 χρόνος.
244 902 378 937 Εὔκαιρος
403 901 456 936 γὰρ
471 902 487 936 ἡ
504 901 623 936 βοήθεια,
642 901 712 927 κατὰ
731 900 776 926 τὸν
791 900 841 934 τῆς
859 900 914 926 ολι-

118 950 194 985 ψεως
213 949 342 984 γινομένη
356 948 460 983 καιρόν.

157 995 233 1030 Στίχ.
250 994 290 1022 ιδ’.
303 1009 337 1014 -
354 994 501 1022 Κάνταῦθα
530 994 610 1020 πάλιν
637 993 780 1028 ὑπαλλαγὴ
806 993 913 1027 χρόνου,

120 1041 183 1068 ἀντὶ
197 1040 245 1067 τοῦ
262 1040 391 1074 Ὴλέησεν
401 1042 465 1074 γὰρ,
488 1039 640 1072 Ἐλέησον,
654 1038 736 1073 φησιν
746 1046 752 1053 ·
768 1038 854 1069 οὕτως
868 1038 915 1064 καὶ

127 1085 244 1116 Ἀκύλας
259 1085 351 1119 φησίν⁵
370 1084 557 1118 Ἐδωρήσατό
573 1093 633 1118 μοι·
651 1081 849 1117 Κύριος-εἶδεν
865 1091 913 1110 κα-

121 1132 251 1166 κουχίαν
262 1139 338 1165 μου’
354 1130 433 1156 τοῦτο
444 1130 472 1156 δὲ
488 1130 534 1156 καὶ
545 1131 561 1164 ἡ
580 1129 723 1156 ἀκολουθία
742 1129 914 1164 βούλεται.-

123 1177 221 1207 Τοῦτο.
237 1178 329 1212 φησὶν,
347 1177 404 1203 ἐστὶ
423 1176 452 1202 τὸ
465 1176 539 1207 τέλος
552 1175 604 1202 τῶν
618 1175 738 1210 ἁγαοῶν,
759 1176 775 1210 ἡ
791 1175 841 1209 τῆς
854 1175 915 1209 φοο-

123 1224 173 1258 ρᾶς
189 1223 342 1258 ἀπαλλαγὴ,
355 1222 402 1249 καὶ
423 1222 470 1248 τοῦ
488 1221 603 1248 θανάτου
625 1221 782 1255 κατάλυσις,
797 1218 831 1256 ἦς
848 1221 915 1247 ἁπο-

121 1269 231 1301 λύοντες
245 1270 284 1300 εἰς
296 1269 339 1294 ἀεὶ
351 1268 399 1299 τὰς
412 1268 461 1299 σὰς
474 1267 631 1303 εὐεργεσίας
649 1267 826 1301 ὑμνήσωμεν.

159 1314 234 1348 Στίχ,
264 1316 304 1339 ιε’.
322 1328 356 1332 -——
371 1313 473 1344 Πύλας
486 1311 616 1338 θανάτου
638 1310 684 1336 τὸν
700 1310 822 1336 κίνδυνον
838 1310 916 1338 καλεῖ

122 1359 168 1385 τὸν
177 1358 277 1392 ἄγοντα
294 1358 339 1384 ἐπὶ
352 1358 398 1383 τὸν
410 1357 534 1384 θάνατον.
545 1369 581 1376 α-
594 1355 670 1382 Σιὼν
683 1355 759 1381 καλεῖ
773 1355 823 1390 τὴν
835 1356 916 1382 ἐπου-

124 1406 216 1441 ράνιον
235 1404 322 1436 πόλιν,
335 1403 372 1435 ὡς
387 1404 400 1430 ὁ
411 1403 544 1437 μακάριος
561 1401 664 1432 Παῦλος
680 1401 797 1434 ἐδίδαξεν
807 1410 813 1416 ·
828 1401 916 1433 πύλας

120 1450 150 1476 δὲ
165 1450 272 1484 ἐκείνης
286 1449 334 1480 τὰς
353 1447 508 1482 ἅπανταχοῦ
526 1447 577 1482 γῆς
593 1446 766 1481 Ἑκκλησίας,
781 1447 814 1473 δι’
823 1443 860 1473 ὢν
875 1448 915 1478 εἰς

122 1493 232 1528 ἐκείνην
256 1492 371 1519 εἰσίασιν
399 1492 424 1518 οἱ
452 1491 635 1522 πιστεύοντες.
655 1491 786 1517 Ἐνταῦθα
813 1492 914 1523 τοίνυν,

123 1540 216 1574 φησὶν,
234 1538 412 1573 ἀγαλλόμενοι
428 1538 474 1564 καὶ
489 1536 648 1572 χορεύοντες
660 1537 706 1563 ἐπὶ
729 1538 789 1569 ταῖς
809 1537 915 1564 ἐλπίσιν
928 1530 952 1561 c

121 1586 172 1620 τῆς
187 1585 369 1616 ἀναστάσεως,
380 1584 425 1611 τὸν
437 1584 539 1611 τούτων
556 1583 685 1619 πρόξενον
705 1585 913 1620 ἀνυμνήσωμεν·

123 1631 170 1657 καὶ
183 1630 277 1666 ἐπειδὴ
289 1631 339 1665 τῆς
352 1629 399 1656 τοῦ
420 1629 536 1656 θανάτου
552 1629 729 1661 καταλύσεως
743 1631 916 1665 ἐμνημόνευ-

124 1686 181 1709 σεν,
210 1677 322 1708 εἰκότως
349 1677 498 1711 ἐπήγαγεν.
511 1691 545 1696 -
558 1676 596 1711 (2)
616 1676 665 1702 Διὰ
687 1676 735 1711 τὴν
752 1677 914 1712 ὑπερϐολὴν,

124 1723 217 1758 φησὶν,
244 1722 294 1756 τῆς
316 1722 503 1757 ὑπερηφανίας
525 1721 609 1749 αὑτοῦ
640 1723 686 1748 καὶ
705 1722 752 1749 τοῦ
768 1722 853 1758 θυμοῦ
868 1723 916 1750 τοῦ

124 1769 196 1794 κατὰ
206 1768 261 1794 τῶν
274 1769 407 1803 πενήτων,
430 1768 479 1794 οὐκ
502 1768 613 1804 ὲκζητεί
627 1769 673 1795 τὸν
689 1769 837 1804 Δεσπότην,
856 1769 916 1796 οὐδὲ

123 1815 181 1839 νοεῖ
195 1814 236 1839 ὅτι
250 1814 405 1848 ἁπαρέσκον
419 1813 493 1848 αὺτῴ
511 1813 541 1840 τὸ
557 1813 709 1848 γινόμενον.
722 1814 914 1849 -Ὲναλλαγὴ

124 1859 264 1885 κάνταῦθα
289 1859 394 1893 χρόνου,
418 1859 478 1885 ἀντὶ
501 1868 558 1891 του,
580 1859 797 1894 Κατακυριεύει’
816 1859 849 1886 τὸ
862 1859 916 1894 γὰρ

125 1906 283 1938 γινόμενον
306 1905 359 1931 ὑπὸ
379 1905 426 1931 τοῦ
445 1904 600 1936 ἀδικοῦντος
614 1905 759 1940 διηγεῖται,
782 1905 843 1931 ἀντὶ
856 1905 914 1938 τοῦ,

123 1950 174 1976 διὰ
186 1950 273 1976 τοῦτο
283 1950 404 1976 πάντων
420 1951 529 1985 apart-23,
544 1951 591 1977 καὶ
611 1952 714 1982 πάντας
729 1951 845 1985 ἀφειδῶς
860 1951 916 1977 ἅδι-

125 1996 179 2021 κεῖ.
192 1995 358 2030 Σαςρέστερον
377 1996 406 2021 δὲ
432 1996 579 2031 Σύμμαχος
602 1995 692 2023 εἶπεν·
707 1996 825 2028 Πάντας
845 1996 916 2029 τοὺς

124 2040 251 2074 ἐχθροὺς
265 2041 356 2067 αὑτοῦ
371 2041 500 2075 ἐκφυσᾷ.
517 2058 549 2061 —
567 2042 604 2077 (3)
621 2041 790 2077 Σαφέστερον
807 2041 886 2068 τοῦτο
901 2043 916 2068 ὁ

124 2087 273 2121 Σύμμαχος
281 2087 460 2122 ἡρμήνευσεν·
484 2088 524 2113 Οὐ
540 2087 796 2121 περιτραπήσομαι
810 2089 854 2120 εἰς
868 2096 916 2122 γε·

123 2132 198 2158 νεᾶν
219 2132 267 2158 καὶ
297 2132 414 2166 γενεὰν,
432 2133 501 2159 οὔτε
527 2133 634 2167 ἔσομαι
651 2133 685 2158 ἐν
703 2133 832 2160 κακώσει
845 2141 851 2147 ”
868 2135 916 2160 καὶ

123 2178 211 2214 ταύτῃ
227 2178 359 2213 κέχρηται
372 2179 404 2213 τῇ
420 2178 580 2213 θρασύτητι,
592 2178 638 2204 καὶ
652 2179 756 2212 ἡγεῖται
770 2179 851 2213 μηδὲν
862 2179 914 2205 δει-

123 2225 169 2251 νὸν
183 2224 394 2259 ὑποστήσεσθαι,
405 2224 494 2250 πάντα
508 2224 607 2258 μετιὼν
621 2224 669 2258 τῆς
685 2225 783 2256 κακίας
797 2225 832 2251 τὰ
844 2225 911 2260 εἴδη.

160 2269 236 2304 Στίχ.
260 2272 308 2300 ις’.
323 2265 416 2299 -υῗς
450 2268 488 2303 (4)
507 2270 725 2304 ἐμηχανήσαντο,
747 2270 825 2304 φησὶ,
850 2269 911 2296 καθ’

124 2314 203 2349 ἡμῶν
218 2314 243 2340 οἱ
259 2313 391 2348 πολέμιοι,
407 2313 511 2345 τούτοις
531 2314 654 2340 ἑάλωσαν
668 2314 755 2341 αὐτοί.
766 2316 838 2341 Ἀντὶ
854 2315 911 2347 τοῦ,

125 2359 215 2394 Ἂπερ
228 2359 391 2390 ἐσπούδαζον
405 2358 465 2384 καθ’
482 2358 569 2393 ἡμῶν,
581 2358 667 2385 ταῦτα
684 2360 794 2387 ἔπαθον.

387 2451 501 2478 ΨΑΛΜ.
510 2451 665 2478 'EBPAIK.

109 2506 116 2524 ξ
161 2506 236 2541 Στίχ.
251 2506 282 2533 δ’.
300 2507 385 2533 -Ὲν
406 2507 494 2542 τούτῳ
512 2508 567 2542 γὰρ
590 2508 718 2542 μάλιστα,
736 2509 811 2543 φησὶ,
838 2507 915 2543 Παρ-

123 2552 222 2584 ώξυγε
249 2552 302 2578 τὸν
321 2553 478 2585 Δεσπότην
492 2555 507 2579 ὀ
522 2553 646 2586 ἀσεϐὴς,
663 2555 691 2580 ὲν
719 2554 758 2588 τῷ
782 2554 916 2588 τολμῆσαι

123 2598 251 2633 ἐννοῆσαι
265 2599 329 2634 περὶ
352 2598 434 2624 αὑτοῦ
449 2599 489 2625 ὃτι
511 2599 649 2633 ἐκδίκησιν
666 2600 719 2626 τῶν
733 2600 916 2634 ἀδικουμένων

123 2645 154 2670 οὐ
169 2645 298 2670 ποιεῖται.

159 2735 197 2770 (l)
209 2735 449 2772 AGi-ainmaticalem
464 2740 616 2772 temporum
629 2737 770 2772 ettallagrn
783 2743 854 2770 saepe
863 2736 910 2762 ad-

125 2770 231 2796 notavit
245 2771 318 2804 apud
333 2771 480 2805 prophetas
491 2774 585 2797 noster
597 2770 767 2803 Theodorus,
778 2772 823 2805 qui
839 2775 865 2797 et
882 2772 909 2797 in

125 2814 173 2831 sua
192 2806 364 2840 psalmorum
379 2805 582 2839 explanatione,
598 2811 626 2832 ut
647 2814 719 2832 nunc
736 2811 762 2833 (ιι
780 2806 910 2840 posthinc

125 2841 164 2871 ltl,
176 2841 208 2867 de
225 2841 322 2867 eadem
339 2848 369 2867 se
384 2841 500 2867 lectores
517 2841 690 2868 admonuisse
703 2845 808 2868 narrat.
828 2839 892 2867 Mm.

966 903 1007 927 est
1019 900 1187 934 adjutorium
1204 901 1277 935 quod
1294 905 1417 936 tempore
1435 902 1623 930 tribulationis
1635 903 1756 930 advenit.

1001 991 1084 1020 Vsus.
1102 992 1145 1019 ll.
1159 1006 1194 1011 —
1209 992 1310 1019 Deinde
1334 992 1433 1019 iterum
1461 993 1577 1019 mutatio
1601 993 1755 1027 temporis;

967 1039 1026 1065 loco
1041 1039 1114 1065 enim
1128 1038 1260 1065 misertus
1271 1042 1324 1069 est,
1339 1038 1459 1064 miserere
1472 1038 1540 1065 dicit
1552 1048 1559 1065 :
1573 1038 1613 1066 sic
1623 1042 1650 1065 et
1659 1039 1756 1073 Aquila

966 1084 1034 1111 dicit
1042 1083 1152 1110 donavit
1162 1083 1242 1110 mihi:
1255 1083 1383 1110 Dominus
1394 1084 1457 1110 vidit
1466 1084 1642 1110 humilitatem
1653 1093 1737 1111 nteant
1745 1091 1756 1111 :

967 1131 1018 1157 hoc
1031 1131 1103 1157 enim
1122 1130 1181 1157 vult
1196 1137 1306 1165 quoque
1325 1134 1482 1157 contextus.
1499 1129 1579 1162 lllud,
1595 1130 1694 1165 inquit,
1713 1134 1758 1158 est

966 1184 1074 1203 sutnma
1091 1177 1225 1203 bonorum
1239 1195 1247 1208 ,
1269 1175 1405 1202 malorum
1423 1175 1540 1202 remotio
1552 1195 1560 1206 ,
1576 1176 1758 1210 liberatioque

966 1222 1064 1249 mortis
1083 1229 1098 1248 a
1122 1229 1175 1256 qua
1203 1221 1311 1248 liberati
1341 1221 1368 1248 in
1392 1225 1526 1248 aiternum
1553 1225 1599 1247 tua
1625 1222 1762 1259 beneﬁcia.

966 1267 1148 1295 cantabimus.

1002 1312 1083 1340 Vsus.
1103 1313 1145 1339 l5.
1161 1328 1194 1332 —
1209 1312 1308 1340 Portus
1324 1314 1416 1340 mortis
1431 1313 1582 1347 periculum
1594 1313 1627 1344 ad
1640 1317 1757 1340 mortem

966 1359 1071 1386 ducens
1084 1363 1176 1385 vocat.
1190 1357 1255 1385 Sion
1265 1363 1344 1385 vocat
1359 1357 1512 1385 Jerusalem
1523 1358 1673 1390 ctelestem,
1685 1358 1759 1386 sicut

966 1404 1064 1431 beatus
1093 1402 1195 1431 Paulus
1221 1403 1325 1431 docuit.
1351 1403 1448 1431 Portas
1465 1408 1557 1431 autem
1575 1403 1659 1438 hujus
1681 1404 1758 1432 orbis

967 1453 1103 1476 terrarum
1114 1449 1257 1480 ecclesias,
1271 1456 1319 1483 per
1328 1456 1397 1483 quas
1410 1449 1436 1476 in
1449 1449 1522 1476 illam
1533 1450 1635 1476 intrant
1647 1449 1758 1477 creden-

968 1500 1009 1523 tes
1024 1505 1031 1522 :
1049 1496 1086 1522 ibi
1099 1503 1175 1529 ergo,
1186 1495 1286 1530 inquit,
1299 1495 1427 1522 laetantes
1442 1499 1469 1522 et
1484 1495 1656 1523 exsultantes
1669 1496 1696 1523 in
1709 1503 1758 1531 spe

969 1541 1192 1573 resurrectionis,
1214 1534 1466 1568 horumt‘bonorum
1491 1541 1606 1568 Domino
1631 1541 1758 1569 cantabi—

969 1594 1030 1614 mus
1048 1595 1054 1613 :
1075 1593 1191 1620 cumque
1208 1586 1306 1613 mortis
1324 1586 1498 1613 liberationis
1516 1585 1566 1613 fuit
1583 1587 1755 1618 recordatus.

967 1640 1019 1659 nos
1058 1632 1126 1659 bene
1159 1631 1283 1658 deduxit.
1319 1631 1435 1666 Propter
1467 1639 1630 1664 excessum,
1668 1633 1759 1668 inquit

968 1678 1053 1709 t‘l‘sal.
1080 1677 1130 1712 ιι),
1145 1677 1280 1711 superbia:
1296 1677 1357 1710 ejus
1380 1681 1462 1711 atque
1481 1677 1529 1704 irae
1539 1677 1672 1705 adversus
1691 1686 1759 1713 pau-

968 1731 1066 1758 peres,
1092 1730 1146 1749 non
1174 1723 1274 1757 quierit
1299 1723 1460 1753 Dominum.
1486 1731 1536 1750 nec
1562 1727 1639 1758 putat
1661 1724 1759 1759 displi-

968 1776 1031 1796 cere
1045 1768 1083 1795 illi
1102 1769 1174 1803 quod
1187 1768 1289 1795 factum
1301 1772 1353 1796 est.
1372 1768 1421 1796 llic
1437 1776 1547 1803 quoque
1563 1770 1679 1796 mutatio
1690 1774 1759 1796 tetu-

968 1815 1056 1850 poris,
1075 1814 1134 1841 loco
1148 1814 1352 1840 dominabitur:
1369 1814 1437 1849 quod
1457 1815 1558 1848 factum
1579 1819 1618 1841 est
1636 1815 1708 1842 enim
1723 1816 1759 1842 ab

968 1861 1063 1895 iniquo
1076 1860 1187 1892 dicitur,
1201 1861 1261 1887 loco
1274 1865 1378 1894 propter
1395 1861 1442 1886 hoc
1458 1860 1574 1886 omnium
1594 1860 1756 1894 dominatur,

967 1911 995 1933 et
1017 1913 1114 1933 omnes
1132 1906 1225 1940 inique
1250 1905 1435 1939 persequitur.
1449 1905 1558 1931 Clarius
1572 1909 1663 1932 autem
1678 1905 1758 1940 Sym-

968 1952 1082 1980 machus
1109 1952 1199 1984 dixit,
1217 1951 1313 1978 Omnes
1335 1951 1381 1977 has
1405 1959 1466 1977 suos
1483 1951 1603 1978 inimicos
1624 1951 1756 1989 eun/ﬂat.

968 1997 1037 2024 illud
1047 1997 1170 2031 apertius
1183 1996 1339 2030 explanavit
1353 1995 1545 2030 Symmachus.
1559 1994 1621 2022 Non
1638 1995 1758 2022 movebar

967 2044 994 2070 in
1018 2043 1211 2077 generationem
1234 2047 1258 2069 et
1282 2042 1493 2076 generationem,
1510 2049 1555 2067 nec
1584 2049 1629 2068 ero
1644 2041 1670 2068 in
1686 2043 1757 2069 malo

967 2088 1005 2122 (ν.
1022 2088 1048 2122 ti)
1068 2097 1074 2114 ε
1094 2088 1200 2123 hacque
1216 2088 1271 2122 agit
1296 2087 1423 2117 audacia.
1438 2087 1606 2121 conliditque
1623 2087 1690 2114 nihil
1704 2091 1756 2114 ter-

967 2132 1047 2160 ribile
1061 2140 1121 2159 esse
1137 2137 1380 2167 superventurum,
1395 2136 1455 2166 post
1469 2138 1566 2157 omnes
1579 2132 1688 2165 species
1702 2140 1757 2159 tna<

931 2196 953 2223 ο
968 2178 1033 2206 litim
1048 2178 1193 2205 festinans.

1013 2279 1091 2299 rans.
1118 2272 1157 2298 l6.
1177 2287 1210 2291 —
1231 2271 1276 2304 lis,
1293 2272 1392 2306 inquit,
1411 2279 1470 2306 nua:
1486 2272 1632 2300 machinati
1650 2273 1757 2301 fuerant

967 2324 1062 2347 contra
1084 2326 1134 2344 uos
1154 2317 1256 2344 inimici
1275 2317 1373 2349 nostri,
1397 2317 1492 2344 iisdem
1511 2318 1561 2352 ipsi
1580 2320 1650 2353 capti
1680 2326 1753 2347 sunt.

968 2365 996 2392 id
1013 2369 1064 2394 est,
1084 2363 1119 2388 Ea
1135 2370 1196 2396 qua:
1220 2366 1315 2388 contra
1333 2369 1382 2388 nos
1399 2362 1685 2394 cmumiuisccbantur.
1704 2365 1755 2399 ipsi

969 2410 1042 2445 passi
1060 2413 1134 2436 sunt.

1246 2453 1311 2481 PSA
1318 2453 1348 2481 L.
1367 2453 1476 2480 liEBll.

1001 2512 1084 2539 Vens.
1103 2512 1130 2537 tl.
1151 2527 1184 2531 -—
1199 2511 1250 2537 llic
1273 2511 1345 2537 enim
1371 2511 1487 2538 multum
1510 2511 1578 2538 dicit
1591 2513 1755 2540 exacerbavit

967 2557 1109 2584 Dominum
1131 2556 1245 2590 impius,
1271 2563 1332 2581 cuin
1354 2555 1387 2582 de
1409 2555 1469 2589 ipso
1494 2555 1572 2590 (Deo)
1588 2555 1647 2584 fore
1660 2561 1754 2583 utnon

966 2603 1119 2630 ulciscatur
1133 2601 1225 2635 iniqua
1241 2605 1352 2635 agentes
1370 2601 1493 2634 cogitare
1508 2600 1601 2628 audet.

1004 2737 1041 2770 (Ξ)
1077 2736 1164 2763 Verba
1201 2737 1344 2771 sequentia
1385 2736 1526 2763 referenda
1562 2737 1690 2763 vidrulur
1719 2734 1754 2762 ad

965 2773 1034 2806 psal.
1051 2779 1066 2798 χ
1087 2771 1236 2798 secundum
1257 2771 1349 2804 llehr.,
1363 2779 1432 2798 vers.
1447 2771 1474 2804 Ξ,
1489 2771 1515 2805 5,
1532 2771 1556 2798 6.
1586 2772 1664 2798 lion".

1001 2806 1038 2839 (5)
1058 2806 1132 2833 Psnl.
1150 2806 1230 2833 llcbr.
1248 2815 1333 2834 Vt'l‘SS.
1350 2807 1375 2834 6.

1005 2840 1042 2876 (4)
1059 2841 1095 2867 Et
1113 2841 1253 2869 Cordcrio.
