1966 3069
265 146 319 175 655

850 141 1024 170 TllEODORi
1044 140 1287 170 MOPSUESTENI

1846 143 1900 171 656

302 202 386 230 Vuns.
402 202 444 229 t4.
454 195 492 222 '—
505 201 567 230 Πίου
579 201 662 229 verba
677 205 785 228 suntex
802 201 957 228 inversione
973 211 979 227 :
993 201 1052 228 loco

1140 201 1212 237 Στίχ.
1229 201 1303 229 ιδ¹.-
1320 200 1515 237 Πρωθύστερόν
1527 202 1585 228 ἐστι
1599 201 1632 227 τὰ
1643 201 1763 236 ῥήματα·
1776 200 1836 227 ἀντὶ
1845 202 1900 235 γὰρ

266 250 340 277 enim
361 249 485 284 quoniam
509 248 617 279 videns,
641 247 712 275 vides
736 248 855 282 legitur;
870 255 903 274 eo
919 247 991 282 quod
1014 247 1054 275 sic

267 296 326 322 vult
337 299 428 322 textus
444 293 595 321 chraicus
609 302 616 320 :
635 301 698 320 cum
716 293 788 320 enim
800 294 834 320 de
850 293 954 328 iniquis
970 293 1054 320 dixit:

266 339 343 367 Dixit
357 340 426 367 enim
438 340 464 366 in
479 339 556 366 corde
569 347 617 366 suo
630 346 639 366 :
652 338 713 365 Non
728 339 850 373 requiret.
868 338 993 368 adduxit.
1012 336 1056 364 Vi-

267 386 312 413 des
342 385 467 420 quoniam
497 389 525 411 tu
552 384 668 411 laborem
695 388 719 410 et
750 383 867 410 dolorem
893 382 1056 415 consideras,

267 431 346 466 quasi
367 431 462 458 volens
481 430 514 457 ad
543 429 625 457 Deum
645 429 738 457 dicere
761 429 885 464 iniququ
912 436 999 463 usque
1024 436 1057 455 eo

267 477 380 504 venisse
394 481 423 503 ut
436 475 552 506 diceret,
570 483 624 502 non
636 475 685 501 tibi
700 482 763 502 esse
777 482 874 501 curam
893 474 928 501 de
944 473 1056 508 iniquis,

267 530 320 550 nec
335 522 434 549 delicta
450 521 603 556 requirere,
619 527 683 547 cum
700 527 795 547 eorum
812 519 932 546 furorem
949 526 981 545 ac
998 526 1056 544 ma-

269 568 356 595 iitiam
371 568 478 599 videns,
493 575 548 594 non
562 567 617 594 cito
633 566 668 593 ad
683 565 815 593 ultionem
827 572 923 596 exeas,
937 564 983 591 sed
995 571 1059 590 con-

269 616 384 646 sideras,
396 614 423 642 id
440 619 493 646 est,
509 613 630 641 moraris
641 633 649 646 ,
668 612 821 647 usquedum
835 619 867 638 ex
885 610 1059 637 multitudine

269 661 432 689 delictorum
449 660 557 695 seipsos
578 659 605 686 in
621 663 684 686 tuas
701 665 798 685 manus
823 657 944 689 tradunt,
960 656 1059 690 iniqui-

271 710 359 733 tatum
376 713 488 733 suarum
511 712 625 732 numero
643 705 671 731 in
687 703 795 738 seipsos
810 702 957 730 vindictam
972 702 1061 729 conci-

272 756 347 779 tante
363 760 370 779 ;
388 751 440 778 hoc
458 751 526 778 dicit
551 758 585 778 ex
609 750 769 784 metaphora
791 756 886 776 eorum
911 748 958 782 qui
975 755 1061 782 usque

271 797 306 825 ad
329 804 413 824 unum
430 797 470 824 vel
491 796 641 823 secundum
663 795 792 822 delictum
809 802 863 821 non
885 795 999 824 sistunt,
1014 794 1060 821 sed

271 849 344 877 quos
363 842 450 869 multa
475 841 575 869 delicta
600 841 633 868 ad
653 841 802 868 tribunalia
818 841 932 872 ducunt,
949 841 994 868 ubi
1009 841 1062 868 ini-

271 895 388 923 quorum
405 886 559 922 frequentia
574 885 652 913 adest
670 894 676 912 :
692 885 750 912 vult
765 889 857 912 autem
872 883 919 912 Dei
936 884 1060 920 longani-
1077 902 1100 933 Β

273 933 398 960 nitatem
414 931 571 959 ostendere.

311 1074 396 1103 Vsus.
413 1074 457 1101 Π.
479 1087 508 1093 —-
527 1072 696 1101 Desiderium
718 1073 763 1100 hic
787 1080 838 1108 pro
860 1079 934 1107 prece
959 1071 1062 1106 posuit,

273 1121 339 1156 quia
351 1128 413 1156 qua:
427 1119 618 1147 desideramus
633 1119 704 1153 ﬁeri,
722 1119 751 1146 in
768 1125 864 1146 eorum
879 1117 1065 1153 postulatione

273 1166 420 1194 insumus.

557 1230 719 1259 PSALMUS
735 1230 780 1258 XI.

316 1298 395 1318 rens.
411 1290 438 1317 3.
453 1305 489 1311 -
509 1289 583 1316 Vana
599 1296 650 1324 pro
663 1288 779 1316 dolosa:
792 1287 978 1316 communiter
991 1287 1064 1315 enim

273 1344 344 1364 vana
363 1340 442 1363 vocat
456 1336 549 1363 omnia
561 1342 623 1370 quat
635 1342 690 1362 non
706 1334 819 1366 decent,
837 1334 909 1363 sicut
921 1334 990 1361 bona
1005 1341 1066 1369 quae

232 1416 233 1419 η
275 1382 311 1409 ab
320 1381 462 1417 agentibus
477 1384 550 1408 recte
560 1381 638 1408 tiunt.
652 1394 687 1400 —
698 1379 767 1408 Cum
778 1380 852 1412 dolo,
863 1379 963 1414 inquit,
978 1386 1064 1406 unus-

275 1426 395 1461 quisque
410 1425 532 1461 loquitur
546 1424 578 1452 ad
595 1425 763 1460 proximum,
777 1425 873 1459 sicque
888 1424 969 1451 labiis
985 1428 1065 1451 utens

276 1473 304 1500 in
320 1479 368 1499 cor
384 1471 501 1507 proximi
522 1470 664 1498 mendacia
689 1471 814 1498 immittit
828 1480 835 1498 :
848 1471 948 1506 illeque
966 1470 1064 1497 iterum

276 1517 404 1545 similiter
421 1517 522 1545 similia
534 1516 661 1550 remittit,
679 1516 742 1544 inde
755 1517 890 1552 reliquum
905 1521 948 1544 est
966 1521 994 1543 ut
1010 1516 1065 1543 illis

276 1563 426 1591 vindictam
440 1563 570 1590 mittetur.

312 1608 396 1638 Vsus.
414 1609 440 1636 5.
455 1623 490 1629 —
507 1609 607 1637 Dicunt
622 1608 749 1641 scilicet,
767 1607 868 1644 inquit,
885 1608 912 1634 in
931 1610 1067 1642 potestate

277 1658 374 1683 nostra
395 1662 458 1682 esse
480 1662 541 1690 qua:
558 1655 686 1682 volumus
703 1654 778 1689 l0qui
797 1664 804 1681 :
823 1661 905 1689 quem
923 1653 996 1681 enim
1019 1652 1068 1679 do-

277 1701 382 1728 minum
412 1700 546 1728 habemus
567 1701 614 1735 qui
637 1700 778 1728 timendus
803 1699 859 1727 sit?
883 1698 941 1725 Hoc
975 1701 1066 1725 autem

276 1746 344 1775 dicit
370 1753 425 1774 non
450 1746 530 1782 quasi
548 1746 589 1773 sic
606 1746 663 1773 illis
682 1746 795 1773 omnino
811 1744 1004 1779 loquentibus,
1019 1743 1066 1770 sed

277 1792 384 1820 ratione
404 1792 502 1827 agendi
527 1791 739 1819 ostendentibus
762 1790 854 1818 omnia
869 1791 910 1817 sic
933 1789 994 1817 sine
1010 1789 1068 1815 ullo

278 1837 377 1865 timore
390 1837 490 1870 facere,
505 1837 584 1872 quasi
599 1837 693 1864 nullus
705 1835 884 1871 essetjudex.

312 1892 396 1920 Vsus.
409 1893 436 1920 9.
447 1907 481 1914 ——
491 1892 559 1919 Cum
571 1891 693 1926 undique
703 1891 737 1918 ab
748 1890 842 1926 impiis
851 1888 1066 1920 circumdamur,

278 1939 440 1973 neutiquam
457 1938 539 1967 aliter
550 1937 672 1970 liberari,
688 1936 742 1964 nisi
761 1935 816 1962 Deo
829 1935 988 1970 adiuvante,
1001 1940 1066 1968 pos-

544 2049 707 2078 PSALMUS
728 2049 785 2076 ΧΠ.

313 2109 396 2137 Vens.
412 2109 439 2136 2.
458 2124 493 2130 ——
507 2109 537 2136 In
551 2108 700 2136 solitudine
720 2115 770 2135 sua
792 2107 862 2134 bene
889 2110 1007 2133 mentem
1033 2107 1066 2133 ad

279 2154 363 2181 Deum
378 2154 513 2186 elevabat,
531 2159 614 2188 atque
638 2153 665 2180 in
683 2152 775 2179 animo
789 2152 910 2179 contrito
925 2151 1067 2179 tremenda

278 2199 340 2234 ejus
354 2198 458 2234 judicia
477 2199 663 2226 meditabatur
676 2207 683 2225 :
695 2197 765 2224 Nunt
783 2197 848 2224 mihi
866 2197 1004 2232 propitius
1016 2196 1067 2224 fuit

1108 247 1230 279 τοῦ,Ὂτι
1242 247 1360 282 βλέπεις,
1371 249 1468 280 κεῖται,
1476 247 1611 280 Βλέπεις·
1618 247 1659 274 ὅτι
1668 246 1781 273 τοῦτοδὲ
1790 247 1845 273 ἀπὸ
1852 248 1899 282 τῆς

1110 292 1257 327 ἑρμηνείας
1268 293 1412 329 γεγένηται
1423 292 1470 320 τοῦ
1491 292 1646 327 Ἑϐραϊκῶν
1664 293 1759 328 ἐπειδὴ
1771 292 1825 328 γὰρ
1836 292 1899 327 περὶ

1110 337 1164 363 τῶν
1179 337 1343 365 ἀδικούντων
1357 336 1433 365 εἶπεν
1444 339 1473 366 τὸ
1482 360 1489 371 ,
1506 336 1597 365 Εἶπεν
1608 338 1663 372 γὰρ
1673 338 1709 364 ἐν
1724 337 1831 371 καρδίᾳ
1848 338 1902 364 αὺ‹

1110 382 1173 414 τοῦ,
1190 384 1250 410 Οὐκ
1261 382 1426 417 ἐδιζτιιτήσει,
1442 385 1581 419 ἐπήγαγεν
1594 384 1637 416 τὸ,
1650 383 1786 416 Βλέπεις,
1798 382 1843 409 ὅτι
1859 382 1901 409 σὺ

1112 429 1210 454 πόνον
1228 428 1278 454 καί
1295 430 1390 463 θυμὸν
1415 428 1582 461 κατανοεῖς,
1595 428 1674 455 τοῦτο
1688 428 1852 463 βουλόμενος
1863 427 1901 459 ὡς

1112 473 1180 509 πρὸς
1193 474 1237 500 τὸν
1255 474 1321 501 Θεὸν
1331 475 1427 506 εἰπεῖν,
1435 475 1477 501 ὅτι
1488 474 1615 511 Προήχθη
1631 474 1660 501 δὲ
1673 475 1775 505 ἐκεῖνος
1785 474 1799 500 ι
1809 473 1900 505 ἁδικος

1111 521 1197 546 ταῦτα
1209 519 1378 553 λογίσασθαι,
1392 520 1432 547 ὅτι
1448 521 1485 556 μὴ
1498 520 1574 559 μέλει
1592 528 1635 546 σοι
1649 519 1714 555 περὶ
1725 519 1778 545 τῶν
1793 519 1903 546 ἀδικου-

1115 566 1211 600 μένων,
1225 565 1292 601 μηδὲ
1306 565 1431 602 ὲκζητεῖς
1442 567 1476 594 τὰ
1487 566 1627 602 γινόμενα,
1651 565 1745 600 ἐπειδὴ
1765 565 1837 601 ὁρῶν
1852 565 1902 591 αὺ-

1113 612 1167 638 τῶν
1181 612 1230 647 τὴν
1247 611 1332 648 ὀργὴν
1359 613 1404 638 καὶ
1421 612 1470 647 τὴν
1491 612 1634 648 πονηρίαν,
1650 612 1700 638 οὐκ
1713 612 1793 643 εὐθὺς
1804 610 1903 647 ὲξέρχῃ

1113 659 1168 689 τοῖς
1195 658 1358 692 γινομένοις,
1382 657 1452 684 ἀλλά
1474 657 1640 690 κατανοεῖς.
1655 657 1779 684 τουτέστι
1797 657 1901 692 μένεις,

1113 703 1165 734 ἕως
1189 702 1221 729 ἂν
1241 703 1274 729 ὲκ
1299 702 1347 729 τοῦ
1365 702 1482 737 πλήθους
1505 702 1559 729 τῶν
1581 702 1653 728 ἰδίων
1676 701 1769 728 κακῶν
1789 702 1903 732 ἑαυτοὺς

1115 749 1214 774 ἐκεῖνοι
1239 749 1300 780 ταῖς
1316 749 1376 780 σαῖς
1391 747 1546 783 παραδῶσιν
1561 748 1665 783 χερσὶν,
1686 748 1717 774 τὸ
1734 747 1837 783 πλῆθος
1853 749 1903 782 τῆς

1115 793 1218 825 οἰκείας
1229 794 1336 825 ἀδικίας
1359 794 1576 829 ἐπισπασάμενοι
1594 793 1654 820 καθ’
1668 792 1773 820 ἑαυτῶν
1798 792 1847 827 τὴν
1859 801 1903 819 τι-

1117 840 1222 875 μωρίαν
1232 848 1238 854 ”
1251 839 1329 867 τοῦτο
1341 840 1369 867 δὲ
1383 840 1456 875 λέγει
1464 841 1497 867 ἔκ
1509 840 1664 875 μεταφορᾶς
1676 839 1731 866 τῶν
1741 838 1837 874 μέχρις
1853 839 1904 874 μὲν

1115 885 1173 916 ἐνὸς
1190 885 1238 911 καὶ
1254 885 1381 922 δευτέρου
1392 884 1477 912 κακοῦ
1492 885 1529 920 μὴ
1542 885 1704 920 ἱσταμένων,
1715 884 1745 911 τὸ
1756 885 1784 911 δὲ
1802 884 1904 919 πλῆθος

1115 932 1168 958 τῶν
1192 932 1343 967 γινομένων
1362 931 1475 963 ἑαυτοὺς
1497 931 1618 966 ἀγόντων
1637 931 1678 963 είς
1691 931 1726 958 τὰ
1741 931 1905 966 δικαστήρια

1113 976 1143 1002 τὸ
1156 975 1209 1003 τῶν
1223 976 1410 1012 ἀδικουμένων
1423 975 1525 1011 πλῆθος
1537 983 1543 990 ·
1570 976 1694 1011 βούλεται
1707 975 1736 1002 δὲ
1756 975 1844 1008 δεῖξαι
1855 974 1903 1002 τοῦ

1114 1022 1181 1049 Θεοῦ
1194 1022 1243 1058 τὴν
1258 1022 1460 1058 μακροθυμίαν.

1150 1080 1224 1115 Στίχ.
1250 1080 1292 1112 ιζ’.
1308 1095 1343 1100 —
1365 1079 1544 1114 Ἐπιθυμίαν
1566 1080 1683 1107 ἐνταῦθα
1696 1080 1757 1107 ἀντὶ
1775 1080 1836 1112 τοῦ,
1855 1079 1904 1115 τὴν

1115 1126 1282 1161 προσευχὴν,
1291 1126 1363 1160 λέγει
1377 1133 1384 1140 ο
1397 1125 1492 1161 ἐπειδὴ
1511 1126 1583 1162 ἅπερ
1600 1125 1737 1162 ποθοῦμεν
1749 1125 1904 1160 γίγνεσθαι,

1113 1172 1201 1199 ταῦτα
1216 1172 1264 1198 καὶ
1283 1171 1413 1207 εὔχεσθαι
1427 1171 1568 1206 φιλοῦμεν.

1403 1235 1546 1262 ἯΑΛΜΟΣ
1561 1235 1615 1262 IA'.

1151 1293 1225 1328 Στίχ.
1236 1292 1272 1326 γ’.
1288 1307 1321 1312 -
1334 1292 1450 1319 Μάταια
1463 1292 1501 1327 ti)
1517 1291 1578 1318 ἀντὶ
1593 1290 1653 1325 τοῦ,
1674 1291 1787 1328 δολερὼ
1807 1291 1906 1325 κοινῶς

1115 1339 1143 1366 δὲ
1158 1339 1262 1374 μάταια
1291 1335 1363 1365 οἶδεν
1391 1338 1499 1365 ἅπαντα
1520 1337 1612 1364 καλεῖν
1630 1337 1665 1365 τὰ
1679 1337 1777 1370 ἄτοπα,
1793 1338 1831 1370 ὡς
1843 1339 1904 1374 εικῆ

1116 1384 1192 1420 παρὰ
1216 1384 1269 1410 τῶν
1290 1384 1465 1418 πραττόντων
1492 1385 1632 1419 γινόμενα.
1650 1398 1686 1404 —
1709 1384 1788 1411 Μετὰ
1815 1385 1904 1417 δόλου,

1117 1430 1210 1464 φησιν,
1223 1428 1348 1464 ἀλλήλοις
1363 1429 1614 1464 προσδιαλέγονται,
1626 1430 1674 1457 καὶ
1684 1430 1771 1462 οὕτως
1781 1431 1835 1461 τοῖς
1847 1431 1905 1466 χεί-

1116 1475 1174 1501 λεσι
1189 1474 1329 1510 χρώμενος
1350 1475 1389 1507 εἰς
1413 1475 1462 1510 τὴν
1476 1474 1523 1501 τοῦ
1543 1475 1628 1508 πέλας
1643 1476 1758 1510 καρδίαν
1771 1475 1806 1502 τὰ
1818 1475 1905 1511 ψευδῆ

1117 1520 1312 1555 παραπέμπει·
1332 1521 1456 1552 κάκεῖνος
1477 1521 1558 1548 πάλιν
1572 1521 1672 1556 ὁμοίως
1688 1521 1854 1556 ἀντιπέμπει
1871 1521 1906 1549 τὰ

1080 1574 1102 1603 c
1117 1566 1198 1602 ὃμοια
1208 1575 1214 1581 ·
1230 1565 1354 1592 ἐντεῦθεν
1367 1565 1459 1593 λοιπον
1477 1566 1567 1598 αὐτοῖς
1583 1566 1689 1593 ἀπειλεί
1705 1569 1851 1602 τιμωρίαν.

1153 1611 1227 1646 Στίχ.
1242 1614 1273 1637 ε’.
1288 1626 1323 1631 ——
1338 1611 1472 1645 Λέγουσιν
1486 1611 1549 1646 γὰρ,
1560 1612 1653 1646 φησὶν,
1669 1612 1711 1638 δτι
1723 1611 1766 1638 ἐπ’
1781 1612 1907 1645 ἐξουσίας

1117 1657 1195 1692 ἡμῶν
1201 1657 1275 1683 ἐστιν
1288 1655 1306 1683 ἃ
1319 1655 1471 1691 βουλόμεθα
1479 1656 1662 1691 φθέγγεσθαι·
1673 1656 1733 1684 τίνα
1743 1656 1798 1692 γὰρ
1807 1657 1908 1693 ἔχομεν

1116 1702 1258 1737 δεσπότην,
1274 1701 1302 1728 ὃν
1311 1702 1358 1728 καὶ
1368 1701 1455 1728 δεῖσαι
1467 1701 1507 1729 δεῖ
1517 1710 1525 1735 ;
1535 1701 1614 1729 τοῦτο
1625 1703 1654 1730 δὲ
1664 1702 1738 1739 [οὐχ]
1746 1702 1784 1734 ὡς
1797 1704 1908 1735 πάντως

1116 1747 1249 1781 λεγόντων
1261 1746 1374 1773 ἐκείνων
1401 1746 1494 1782 φησὶν,
1518 1746 1576 1774 ἀλλ’
1596 1747 1633 1779 ὡς
1646 1747 1684 1782 τῷ
1697 1748 1842 1783 πράγματι
1854 1748 1909 1774 δει-

1117 1791 1237 1819 κνύντων
1258 1791 1289 1817 τὸ
1309 1791 1397 1824 οὕτως
1418 1791 1504 1824 ἀδεῶς
1519 1792 1627 1819 ἅπαντα
1648 1793 1789 1829 πράττειν,
1803 1793 1843 1825 ὡς
1857 1794 1910 1820 οὐκ

1117 1837 1192 1869 ὖντος
1207 1836 1313 1873 κριτοῦ.

1151 1893 1226 1928 Στίχ.
1243 1893 1276 1920 0'.
1291 1908 1326 1914 —
1347 1893 1456 1929 Ἐπειδὴ
1468 1894 1532 1926 τοὺς
1543 1893 1596 1920 ὑπὸ
1614 1894 1668 1921 τῶν
1682 1893 1789 1921 ἀσεϐῶν
1801 1895 1911 1922 κυκλω-

1117 1939 1213 1971 θέντας
1226 1940 1277 1966 οὒκ
1302 1939 1405 1966 ἔνεστιν
1430 1939 1532 1975 ἑτέρως
1555 1940 1605 1975 τὴν
1625 1940 1727 1967 τούτων
1743 1941 1910 1977 ἀπαλλαγὴν

1118 1985 1248 2021 εὕρασθαι
1259 1987 1296 2022 μὴ
1310 1986 1350 2021 τῷ
1365 1986 1424 2022 Θεῷ
1444 1985 1533 2021 βοηθῷ
1545 1985 1736 2023 χρώμενο[υ]ς.

1402 2051 1545 2078 ΨΑΛΜΟΣ
1563 2051 1613 2079 lB’.

1153 2116 1226 2144 mtx.
1238 2109 1393 2143 β’.-Είκὸς
1405 2107 1439 2145 ἦν
1450 2109 1531 2136 αὐτοῦ
1546 2109 1643 2136 τούτου
1657 2110 1736 2143 μόνον
1749 2119 1912 2146 φροντίδων-

1116 2164 1150 2181 τα
1163 2155 1256 2181 τοῦτον
1275 2155 1341 2181 Θεὸν
1356 2154 1462 2191 ἑχει[νῖ,
1480 2155 1526 2181 καὶ
1540 2155 1762 2190 κατηλλαγμένον
1777 2157 1910 2184 ἑκάστοτε

1118 2200 1320 2234 διαλογίζεσθαι
1335 2200 1501 2235 φοϐούμενον
1517 2201 1545 2228 ὲν
1560 2201 1593 2236 τῇ
1609 2201 1682 2236 ψυχῇ
1695 2209 1702 2215 ·
1718 2199 1792 2237 ’Δρα
1807 2203 1912 2238 κατήλ-

279 2245 372 2273 Deus?
390 2244 460 2272 Num
477 2245 517 2271 ira
530 2245 591 2278 ejus
604 2243 726 2278 quievit?
742 2242 867 2271 lratusne
892 2248 935 2271 est
957 2242 1062 2271 adhuci

1119 2246 1215 2273 λακταί
1239 2255 1284 2282 μοι
1312 2247 1326 2273 ὁ
1347 2247 1434 2278 Θεός;
1455 2244 1509 2282 ἆρα
1537 2245 1677 2273 πέπαυται
1699 2248 1748 2282 τῆς
1762 2246 1824 2274 κατ’
1840 2247 1910 2282 ὲμοῦ

279 2291 388 2326 aliaque
411 2290 580 2325 hujusniodi.
603 2289 649 2316 Sic
666 2295 732 2323 ergo
758 2287 901 2323 loquitur:
916 2288 1066 2324 Usquequo

279 2337 337 2364 haec
359 2336 529 2368 meditabm',
551 2335 695 2370 et_'ponam
714 2335 848 2362 consilia?
865 2334 951 2361 Donec
971 2335 1066 2361 averti:

279 2385 384 2418 faciem,
397 2383 496 2418 inquit,
512 2382 538 2409 id
553 2386 604 2413 est,
617 2381 747 2409 irasceris
759 2386 855 2408 contra
879 2388 920 2407 me
930 2400 938 2412 .
953 2387 1067 2407 necesse

278 2435 321 2457 est
333 2434 392 2464 post
402 2429 457 2456 hac
467 2428 599 2463 cogitare,
611 2427 724 2462 hathue
735 2425 874 2454 meditari.
887 2425 961 2452 Loco
972 2425 1055 2459 bujus

280 2475 462 2509 Symmachus
477 2473 546 2499 dixit
564 2482 570 2500 :
591 2472 690 2500 Curam
713 2473 740 2499 in
762 2471 839 2498 corde
862 2479 918 2498 meo
940 2470 1065 2505 quotidie.

279 2520 343 2546 llaec
356 2524 446 2546 autem
465 2519 578 2554 scripsit
595 2517 772 2553 (Psalmist.)
790 2516 823 2543 ad
839 2520 961 2543 nostram
975 2516 1068 2542 admo-

280 2564 422 2594 nitioncm.
440 2564 579 2598 quomodo
601 2563 733 2598 poenitere
747 2566 873 2597 oporteat
893 2565 1067 2597 peccatorum

279 2610 381 2636 docens
407 2610 449 2636 bis
476 2609 584 2642 verbis,
608 2609 709 2643 quibus
730 2612 760 2635 ut
777 2607 920 2635 medicinis
937 2607 1068 2634 utendum

280 2659 334 2682 est.

318 2709 399 2735 Vens.
415 2709 440 2734 5.
458 2723 494 2728 ~—
508 2708 562 2735 Deo
585 2713 698 2744 propter
720 2713 862 2744 peccatum
879 2707 934 2742 pati
951 2714 1064 2733 consen-

283 2756 376 2784 limite,
389 2754 474 2779 fortes
494 2753 602 2780 interim
620 2759 698 2781 erant
713 2754 815 2781 inimici
834 2754 966 2781 adversus
980 2751 1067 2783 illum.

316 2842 354 2877 (ι)
374 2841 428 2867 un
443 2840 508 2866 ibid.
531 2849 556 2875 ι).
575 2842 636 2868 592.

1119 2291 1213 2327 ὀργῆς,
1229 2291 1245 2326 ἢ
1260 2290 1397 2326 ὀργίζεται
1413 2290 1469 2324 En;
1487 2291 1532 2318 καὶ
1554 2292 1604 2318 ὅσα
1620 2291 1742 2318 τοιαῦτα.
1761 2292 1847 2319 Τοῦτο
1863 2291 1912 2319 οὖν

1120 2345 1210 2372 φησιν’
1221 2337 1292 2368 Ἕως
1301 2337 1364 2363 πότε
1375 2336 1409 2362 τὰ
1419 2336 1530 2363 τοιαῦτα
1540 2336 1839 2373 ἐνθυμηθήσωμαι,καὶ
1849 2338 1911 2373 βου-

1118 2383 1272 2418 λεύσωμαι;
1282 2383 1374 2416 Μέχρι
1384 2381 1576 2417 ἀποστρέφῃς
1587 2382 1619 2409 τὸ
1631 2383 1803 2416 πρόσωπον,
1814 2383 1910 2417 φησὶν,

1120 2428 1257 2455 τουτέστιν
1271 2427 1368 2463 ὀργίζῃ
1387 2426 1446 2453 κατ’
1457 2426 1524 2461 ἐμοῦ
1537 2446 1544 2458 ,
1562 2426 1668 2462 ἀνάγκη
1687 2435 1721 2462 με
1737 2426 1824 2453 ταῦτα
1841 2428 1912 2453 ὑπο-

1121 2473 1229 2499 πτεύειν
1240 2474 1287 2499 καὶ
1296 2472 1381 2499 ταῦτα
1388 2471 1542 2505 λογίζεσθαι
1551 2480 1558 2486 ·
1571 2472 1630 2498 ἀνθ’
1642 2469 1673 2498 οὒ
1688 2472 1837 2507 Σύμμαχος
1843 2473 1909 2509 ἔφη·

1121 2519 1272 2553 Μέριμναν
1282 2518 1316 2544 ἐν
1326 2517 1363 2552 τῇ
1380 2517 1486 2551 καρδίᾳ
1507 2525 1568 2551 μου
1580 2517 1646 2544 καθ’
1664 2517 1778 2552 ἡμέραν
1791 2527 1797 2533 ·
1822 2518 1912 2545 ταῦτα

1120 2564 1149 2591 δὲ
1160 2565 1266 2599 ἐγράφη
1281 2563 1350 2599 πρὸς
1377 2563 1518 2589 νουθεσίαν
1536 2563 1625 2598 ἡμῶν,
1639 2563 1697 2595 πῶς
1710 2564 1751 2590 δεῖ
1767 2566 1912 2599 μετανοεῖν

1121 2610 1164 2644 ἐφ’
1173 2609 1369 2644 ἁμαρτήμασιν
1385 2608 1575 2635 ἐκδιδάσκονται
1584 2609 1640 2640 τοῖς
1650 2608 1767 2644 παροῦσι
1776 2611 1909 2645 ῥήμασιν,

1120 2652 1165 2681 οἷα
1180 2654 1208 2680 δὲ
1224 2654 1378 2688 φαρμάκοις
1387 2653 1553 2688 χρωμένους.

1157 2709 1232 2748 Στίχἶ
1249 2712 1281 2743 γ’.
1300 2723 1333 2728 --
1358 2708 1411 2734 Τοῦ
1437 2708 1504 2734 Θεοῦ
1525 2708 1640 2744 πάσχειν
1663 2710 1911 2745 συγκεχωρηκότος

1121 2754 1165 2780 διὰ
1181 2755 1232 2790 τὴν
1247 2753 1395 2789 ἁμαρτίαν,
1409 2754 1513 2789 ἰσχυροὶ
1526 2755 1576 2789 μὲν
1586 2752 1656 2789 ἦσαν
1668 2755 1692 2781 οἱ
1709 2754 1836 2789 πολέμιοι
1849 2756 1912 2782 κατ’
