1966 3069
90 153 144 182 657

677 159 861 189 EXPOSITIO
889 161 922 188 IN
945 162 1113 191 PSALMOS.

1675 163 1727 191 658

90 209 175 237 αὐτοῦ
186 219 192 225 ·
207 210 308 242 πάντες
319 211 347 238 δὲ
356 212 425 247 μετά
434 212 535 249 πολλῆς
543 215 594 251 τῆς
608 216 654 243 ἅδε
660 216 700 248 ίας
710 217 744 244 τὰ
753 217 882 245 δοκοῦντα.

940 227 1084 254 amnesque
1114 227 1177 246 cum
1201 219 1276 245 omni
1304 219 1413 252 ﬁducia,
1430 227 1490 254 qum
1513 220 1564 248 sibi
1584 220 1728 255 placebant

89 255 265 283 διατιθέασιν
279 265 286 272 ·
303 255 372 292 ἦσαν
385 257 414 285 δέ
434 260 495 286 τότε
514 261 538 287 οἱ
552 261 614 297 περὶ
634 262 679 289 τὸν
704 262 883 299 Ἀὁεσσαλὼμ

91 301 276 334 πολεμοῦντες
294 303 392 329 αὐτόν’
417 304 497 331 τοῦτο
517 304 563 332 οὖν
586 315 684 342 φησιν·
703 307 796 343 Μέχρι
812 310 884 336 πότε

90 347 119 373 οι
131 346 233 381 ἐχθροί
242 348 358 382 ὑψηλοὶ
369 350 434 376 κατ’
445 350 518 385 ἐμοῦ
530 351 672 385 ἔσω-τας

383 426 529 454 ΨΔΛΜΟΣ
541 428 590 456 ll".

125 478 201 515 Στίχ.
223 484 260 514 ς’.
271 496 308 503 -
319 483 442 518 Πτωχοῦ
461 484 508 511 τοῦ
533 485 652 517 Ἐζεκίου
669 487 784 514 ἐνταῦθα
800 487 884 522 λέγει,

89 526 135 553 διὰ
158 526 189 553 τδ
209 526 319 561 ὀλίγους
344 527 416 563 ἔχειν
432 529 495 561 τοὺς
519 530 565 556 ὑπ’
580 531 672 559 αὐτόν.
689 532 792 568 Βουλὴν
807 533 836 559 δὲ
851 533 885 567 ῆν

91 573 300 600 συνεϐούλευσεν
313 575 368 606 τοῖς
376 575 524 607 Ἰουδαίοις,
534 576 622 611 λέγων
636 582 818 614 καταφρονεῖν
834 583 885 617 μὲν

90 619 204 651 ἐκεῖνον,
223 619 381 646 πεποιθέναι
394 619 423 646 δέ
437 621 483 648 ἐπὶ
501 622 546 648 τὸν
562 623 700 659 Δεσπότην
713 634 719 639 ·
730 625 809 660 ὑμεῖς
822 628 883 662 μὲν,

89 666 184 700 φησιν,
200 666 312 700 ἐγελᾶτε
324 667 373 702 τὴν
390 667 488 704 βουλὴν
504 669 597 704 αὑτοῦ,
614 672 628 698 ὸ
645 671 673 698 δὲ
688 671 791 708 Κύριος
806 673 884 706 ἐλπὶς

89 711 173 742 αὑτοῦ
188 712 275 740 ἐστιν.

125 769 246 804 Στίχ.ζ’.
266 785 301 791 -
321 770 431 807 Ἐπειδὴ
455 772 502 799 καὶ
520 773 571 806 τὰς
595 774 691 806 θυσίας
716 776 746 802 ἐν
762 775 801 812 τῷ
823 777 883 812 ὄρει

90 813 161 839 Σιὼν
170 815 317 850 ἀναφέρειν
329 818 561 853 προστεταγμένοι
577 816 658 854 ἦσαν,
670 821 718 847 καὶ
733 821 783 853 τὰς
798 831 884 857 προσ-

90 860 178 894 φορὰς
191 860 239 887 καὶ
258 862 349 896 πᾶσαν
365 863 455 889 αὐτῶν
469 863 519 899 τὴν
537 864 667 900 λατρείαν
675 867 734 893 ἐκεῖ
747 868 881 895 ἐπιτελεῖν

89 902 161 938 ἦσαν
186 906 439 942 νενομοθετημένοι,
469 897 541 944 εἶχόν
569 897 600 936 τε
611 910 689 942 δόξαν
705 911 743 942 ὡς
763 912 821 938 ἐκεῖ
834 913 882 940 καὶ
897 897 917 925 n

89 950 137 977 τοῦ
150 951 218 978 Θεοῦ
243 952 424 988 τυγχάνοντος
436 962 443 970 ο
463 954 507 981 διὰ
521 955 600 982 τοῦτό
621 964 714 991 φησιν,
729 957 778 990 Τίς
792 957 883 985 δώσει

90 996 125 1023 ἐκ
138 996 215 1023 Σιὼν
232 998 265 1024 τὸ
278 999 426 1032 σωτήριον
441 1001 495 1027 τοῦ
517 1001 653 1036 Ὶσραήλ;
670 1003 819 1034 τουτέστιν,
835 1004 857 1030 Τ
859 1004 884 1036 ίς

90 1042 145 1069 ἀπὸ
161 1043 207 1070 τοῦ
233 1043 303 1070 Σιὼν
330 1045 409 1080 ὖρσυς
423 1046 537 1081 παρέξει
551 1047 601 1084 τὴν
618 1049 758 1084 σωτηρίαν
774 1050 822 1076 καὶ
835 1049 884 1085 τὴν

92 1086 217 1122 βοήθειαν
230 1089 314 1122 ήμίν;
327 1089 360 1115 ἶν’
373 1089 450 1125 εἴπῃ,
459 1091 488 1117 '0
505 1091 582 1123 Θεὸς,
600 1093 669 1119 κατὰ
681 1093 883 1129 ἀποσιώπησιν,

89 1133 128 1164 ὡς
143 1134 358 1169 ὁμολογούμενον
374 1137 499 1172 σημήνας
517 1137 546 1163 τι
563 1138 648 1173 μηδὲν
662 1138 754 1174 ἕτερον
769 1137 839 1167 εἶναι
855 1141 885 1166 ἐν

90 1178 128 1214 τῷ
141 1179 210 1206 Σιὼν
221 1179 266 1206 τὸν
280 1180 378 1212 σώζειν
394 1181 448 1208 ἀπὸ
461 1182 603 1215 κινδύνων,
619 1183 635 1219 ἢ
654 1184 721 1212 Θεὸν
737 1185 829 1220 μόνον.

376 1248 525 1275 ΨΑΛΜΟΣ
551 1249 601 1277 IE'.

124 1303 199 1338 Στίχ.
217 1302 252 1330 α’.
268 1318 304 1323 —-
318 1304 431 1339 Ὅμοιός
448 1305 487 1341 (1)
505 1306 564 1332 ἐστι
585 1306 623 1342 τῷ
638 1307 741 1343 ἐννάτῳ
755 1308 826 1335 κατά
836 1308 886 1343 τὴν

88 1348 228 1376 ὑπόθεσιν.
248 1349 393 1377 Κάνταῦθα
417 1350 472 1386 γὰρ
500 1351 655 1386 εὐχαριστεῖ
674 1352 745 1388 ὑπὲρ
768 1354 818 1388 τῆς
832 1354 886 1381 τῶν

89 1395 236 1428 περιοίκων
251 1395 418 1430 ἀναιρέσεως
438 1397 650 1432 τιμωρηθέντων
663 1398 717 1424 ὑπὸ
734 1398 813 1430 Θεοῦ,
829 1399 886 1435 ὃδὴ

89 1440 135 1466 καὶ
145 1439 258 1474 γέγονεν
273 1440 317 1467 ἐπ’
330 1441 422 1468 αὑτοῦ.
441 1442 559 1474 Πολλοὺς
574 1443 629 1478 γὰρ
643 1443 690 1470 καὶ
705 1443 804 1479 μικροῦ
821 1446 887 1472 πάν-

88 1493 137 1516 τας
152 1485 216 1517 τοὺς
238 1485 395 1521 περιοίκους
409 1487 601 1522 ἐτιμωρήσατο
620 1488 666 1514 διὰ
692 1489 741 1524 τῆς
757 1488 804 1515 τοῦ
817 1489 885 1516 Θεοῦ

90 1531 260 1566 συμμαχίας.
275 1532 401 1560 Ἀπαντα
428 1533 520 1568 μέντοι
544 1534 580 1560 τὰ
604 1534 652 1561 τοῦ
674 1534 784 1570 ψαλμοῦ
801 1536 839 1567 ὡς
853 1536 886 1562 ἐκ

89 1565 235 1612 προσώπου
251 1577 298 1604 τοῦ
320 1577 386 1604 λαοῦ
400 1565 493 1614 φησιν.
511 1579 622 1615 Ἐπειδὴ
635 1565 690 1615 γὰρ
707 1565 836 1617 ἐκεῖνομῇ
851 1579 886 1616 ἦν
898 1565 920 1594 c

89 1622 184 1658 κέρδος
206 1623 222 1657 ὴ
245 1623 300 1650 τῶν
315 1623 420 1659 ἐχθρῶν
441 1624 590 1660 ἀναίρεσις,
614 1625 737 1658 ἐκείνους
762 1626 884 1653 διδάσκει

88 1669 163 1700 ὅπως
186 1669 286 1700 αὐτοὺς
302 1670 446 1705 προσήκει,
462 1671 510 1698 καὶ
532 1671 603 1698 τίσιν
631 1671 818 1707 κεχρημένους
829 1674 885 1704 τοῖς

89 1714 220 1750 ῥήμασιν,
235 1715 407 1750 εὐχαριστεῖν
415 1716 454 1745 τῶ
465 1716 524 1744 Θεῶ
537 1718 606 1753 ὑπὲρ
620 1718 670 1752 τῆς
682 1718 736 1744 τῶν
749 1718 886 1754 πολεμίων

89 1760 270 1795 ἀναιρέσεως.

124 1806 200 1841 Στίχ.
216 1806 253 1839 ς’.
270 1821 306 1827 -
326 1806 435 1843 Ἐπειδὴ
459 1808 497 1843 (2)
515 1809 641 1844 σχοινίοις
664 1809 708 1836 ἀεὶ
725 1809 883 1845 μετρεῖσθαι

90 1851 213 1886 πέφυκεν
229 1852 246 1887 ὴ
258 1851 305 1887 γεῆι
315 1852 409 1888 ὥσπερ
421 1852 449 1880 δὲ
464 1853 579 1880 ἕκαστον
594 1853 670 1887 ἔθνος
685 1854 753 1881 ίδίαν
763 1852 819 1889 εἶχε
832 1855 883 1891 γῆν

90 1898 123 1932 ἢν
135 1897 265 1933 κατῴκει,
278 1898 404 1926 οὕτωκαὶ
418 1898 456 1934 τῷ
464 1899 520 1935 λαῷ
529 1900 583 1926 τῶν
591 1900 776 1936 Ἰσραηλιτῶν,
787 1901 882 1937 ὥσπερ

91 1942 160 1969 ἰδίαν
187 1943 250 1969 τινὰ
276 1943 329 1978 γῆν
349 1944 548 1980 ἀπεκλήρωσεν
561 1946 611 1981 τὴν
627 1947 677 1982 τῆς
697 1947 863 1982 ἐπαγγελίας
875 1955 881 1962 ·

90 1987 170 2014 τοῦτο
183 1988 308 2022 βούλεται
323 1989 424 2023 λέγειν,
444 1991 486 2017 ὅτι
498 1991 604 2026 ’Ὠσπερ
621 1992 691 2018 κατὰ
706 1992 883 2028 διαμέτρησιν

91 2033 234 2069 ἐκληρώθη
265 2043 310 2069 μοι
324 2035 354 2061 τὸ
380 2036 491 2069 ἄριστον
518 2037 602 2072 μέρος
621 2038 670 2072 τῆς
687 2037 739 2072 γῆς
752 2047 758 2053 ·
772 2039 802 2064 τὸ
816 2039 883 2073 γὰρ,

93 2079 234 2110 Ἔπεσεν,
252 2079 312 2106 ἀντὶ
325 2079 383 2112 τοῦ,
403 2080 573 2116 Ἐκληρώθη,
595 2081 627 2108 ἐκ
653 2083 808 2118 μεταφορᾶς
830 2083 884 2109 τῶν

92 2123 208 2159 κλήρων,
222 2124 260 2156 ὠς
275 2126 322 2151 καὶ
335 2126 363 2151 ἐν
374 2127 432 2158 ταῖς
444 2126 564 2162 Πράξεσί
575 2135 667 2162 φησιν·
681 2127 736 2154 Καὶ
746 2127 858 2155 ἔπεσεν
867 2129 884 2155 ὀ

90 2169 202 2203 κλῆρος
215 2170 267 2196 ἐπὶ
283 2171 427 2198 Ματθίαν.

936 265 1126 293 .nstituebant.
1143 264 1228 292 Erant
1238 269 1328 292 autem
1346 273 1377 292 ex
1394 266 1518 300 partibus
1536 265 1663 293 Absalom
1680 265 1727 300 qui

934 309 1068 336 adversus
1086 309 1161 335 illum
1181 308 1390 343 proeliabantur;
1408 309 1469 336 ideo
1481 310 1548 336 dicit
1565 320 1570 336 :
1589 309 1727 345 Usqtthuo

934 354 1036 380 inimici
1050 353 1239 381 exaltabuntur
1250 359 1344 381 contra
1359 362 1400 382 me
1411 355 1422 381 ρ

1212 427 1376 456 PSALMUS
1390 428 1463 455 XIII.

970 484 1055 512 Vsus.
1073 485 1100 513 6.
1117 501 1151 506 —
1165 485 1229 513 Haec
1253 485 1322 513 dicit
1344 485 1378 514 de
1392 485 1508 513 Ezechia
1520 506 1528 518 ,
1545 486 1621 520 inope
1643 493 1728 513 causa

935 538 1086 565 paucorum
1102 531 1154 559 sibi
1165 531 1350 559 subditorum.
1364 530 1518 559 Consilium
1530 532 1603 567 quod
1613 531 1728 559 dederat

934 577 1037 607 Judaeis
1058 579 1154 607 dicens
1172 579 1249 606 illum
1276 578 1476 614 (Sennacherib)
1497 587 1642 614 spernere.
1657 578 1730 613 scip-

935 632 996 652 sum
1012 632 1078 652 vero
1089 626 1118 652 In
1134 624 1251 652 Domino
1268 624 1416 652 conlidere.
1436 624 1492 652 Vos
1505 628 1608 655 autem.
1624 624 1727 658 inquit,

936 669 1054 698 consilio
1071 670 1132 703 ejus
1148 670 1286 705 gaudete;
1298 670 1428 706 quoniam
1444 669 1577 698 Dominus
1593 678 1656 705 spes
1668 669 1728 704 ejus

934 719 988 742 est.

970 770 1054 799 Vatis.
1071 771 1096 798 7.
1116 785 1147 792 —
1162 771 1231 798 Cum
1251 772 1334 799 etiam
1351 771 1458 800 hostias
1482 771 1509 799 in
1525 776 1644 798 montem
1663 771 1729 798 Sion

935 817 1044 846 deferre
1071 817 1265 852 sacriﬁciaque
1290 825 1456 853 omnemque
1473 818 1579 845 cultum
1598 818 1730 852 perﬁcere

934 869 965 889 ex
984 862 1042 896 lege
1056 862 1201 894 deberent,
1215 862 1251 890 de
1267 863 1411 897 praesentia
1426 862 1473 890 Dei
1489 862 1534 889 hic
1551 863 1663 889 sedente
1681 869 1730 897 po—

932 910 1023 934 terant
1031 907 1114 935 etiam
1125 907 1238 943 gloriari
1252 917 1258 935 :
1272 913 1417 943 propterea
1428 907 1498 935 dicit
1513 917 1520 934 :
1533 907 1599 941 Quis
1614 906 1686 934 dabit
1697 915 1731 935 ea:

934 952 999 980 Sion
1018 952 1136 980 salutare
1151 952 1258 980 Israel?
1281 953 1307 979 id
1329 956 1388 985 est,
1410 951 1478 986 Quis
1496 959 1530 979 ex
1551 956 1643 979 monte
1661 950 1730 978 Sion

934 999 1069 1034 praebebit
1098 999 1215 1026 salutem
1237 998 1427 1033 auxiliumque
1450 998 1549 1026 nobis!
1567 1003 1592 1024 ut
1607 1005 1640 1025 ex
1665 997 1729 1024 reti-

935 1044 1025 1072 centia
1046 1045 1220 1080 respondeat,
1235 1043 1322 1075 Deus;
1341 1044 1420 1080 quasi
1441 1043 1550 1078 exjure
1571 1043 1729 1078 signiﬁcans

935 1090 1041 1117 nullum
1057 1090 1140 1117 alium
1160 1097 1221 1118 esse
1236 1090 1263 1117 in
1278 1090 1331 1118 hoc
1353 1094 1446 1118 monte
1461 1089 1496 1117 ad
1515 1089 1676 1118 salvaudum
1693 1098 1727 1116 ex

937 1136 1068 1172 periculis
1082 1136 1136 1164 nisi
1149 1136 1239 1164 solum
1254 1136 1351 1164 Deum.

1203 1249 1373 1277 PSALMUS
1405 1248 1463 1276 XV.

975 1305 1055 1334 Vens.
1071 1306 1097 1333 l.
1113 1320 1149 1326 -—
1167 1304 1216 1332 Hic
1235 1305 1358 1341 psalmus
1371 1312 1443 1333 nono
1457 1305 1556 1333 similis
1569 1309 1624 1338 est,
1640 1313 1729 1340 quan-

937 1356 994 1380 tum
1008 1352 1041 1379 ad
1056 1355 1260 1386 argumentum.
1276 1350 1343 1377 Nam
1373 1351 1456 1378 etiam
1472 1351 1518 1378 hic
1537 1351 1642 1386 gratias
1659 1351 1727 1387 agit,

936 1403 1049 1433 propter
1068 1396 1241 1425 eversionem
1270 1396 1390 1423 hostium
1414 1395 1607 1428 ﬁnitimorum,
1627 1403 1642 1422 a
1671 1394 1730 1424 Deo

937 1443 1116 1478 punitorum;
1139 1442 1213 1478 quod
1243 1442 1327 1469 etiam
1354 1441 1408 1477 ipsi
1433 1441 1557 1477 contigit.
1588 1441 1728 1470 Plurimos

937 1490 1023 1521 enim,
1046 1493 1074 1516 et
1089 1488 1146 1516 fere
1164 1495 1262 1516 omnes
1286 1487 1392 1515 vicinos
1409 1488 1484 1515 ultus
1502 1491 1556 1520 est,
1575 1487 1730 1523 opitulante

938 1534 1003 1562 Deo.
1024 1533 1109 1561 Porro
1122 1533 1213 1561 omnia
1228 1541 1289 1569 qua
1306 1534 1333 1560 in
1349 1533 1455 1569 psalmo
1471 1534 1659 1566 continentur,
1675 1533 1728 1561 sub

937 1579 1030 1614 populi
1062 1585 1179 1614 persona
1214 1578 1344 1613 loquitur.
1385 1577 1614 1613 Quandoquidem
1653 1578 1728 1606 enim

935 1625 1105 1653 eversionem
1136 1625 1310 1652 inimicorum
1343 1624 1395 1652 sibi
1429 1624 1507 1652 lucro
1539 1623 1727 1659 apponebant,

935 1671 1014 1698 docet
1028 1678 1077 1698 eos
1093 1670 1230 1706 quomodo
1255 1670 1331 1705 ipsos
1345 1669 1441 1697 deceat
1451 1689 1459 1702 .
1475 1674 1502 1697 et
1516 1670 1618 1705 quibus
1636 1669 1729 1699 verbis

935 1716 971 1743 ob
984 1715 1103 1743 hostium
1120 1715 1292 1742 eversionem
1311 1714 1364 1742 Deo
1378 1715 1483 1750 gratias
1499 1722 1590 1750 agere.

970 1804 1054 1834 Vsn's.
1071 1805 1098 1833 6.
1112 1821 1147 1826 —
1162 1805 1229 1832 Cum
1248 1805 1360 1833 funibus
1377 1813 1487 1841 semper
1514 1810 1615 1833 terram
1633 1806 1727 1834 metiri

936 1851 1052 1884 soleant,
1068 1851 1299 1887 quemadmodum
1320 1859 1493 1886 unaquaeque
1519 1859 1586 1886 gens
1606 1851 1727 1878 habebat

935 1905 1017 1932 quam
1038 1901 1138 1924 terram
1155 1897 1308 1929 habitabat,
1328 1896 1496 1932 ita-quoque
1527 1897 1579 1924 hoc
1597 1896 1655 1923 vult
1677 1904 1726 1931 po-

936 1944 1001 1978 pulo
1032 1943 1186 1970 Israelitico
1202 1942 1310 1970 dicere:
1330 1941 1565 1977 quemadmodum
1584 1941 1726 1977 propriam

935 1989 1083 2025 quamdam
1097 1993 1200 2016 terram
1219 1996 1253 2016 ex
1274 1989 1460 2024 promissione
1475 1988 1643 2019 obtinuerat,
1660 1988 1725 2015 milii

936 2036 1008 2064 sicut
1021 2043 1054 2062 cx
1065 2042 1195 2062 mensura
1208 2035 1313 2070 optima
1329 2042 1394 2069 pars
1408 2038 1489 2062 terra:
1503 2033 1607 2061 cecidit.
1623 2033 1725 2061 Cecidit

936 2081 1050 2116 ponitur
1067 2088 1118 2115 pro
1134 2081 1245 2108 sortitus
1261 2087 1331 2112 sum,
1351 2087 1385 2107 ex
1411 2080 1571 2114 metaphora
1595 2080 1722 2111 sortium,

934 2125 1167 2161 quemadmodum
1193 2125 1277 2152 etiam
1292 2126 1320 2152 in
1339 2125 1453 2153 Actibus
1466 2125 1567 2153 dicitur
1581 2135 1587 2152 :
1603 2125 1635 2152 Et
1655 2126 1723 2152 ceci-

935 2173 974 2199 dit
988 2181 1046 2199 sors
1057 2180 1136 2206 super
1148 2171 1301 2199 Matt/tiam.
1319 2171 1388 2206 (Act.
1404 2179 1423 2203 ι,
1436 2171 1495 2205 ‘26.)

123 2226 392 2261 Στὶχ.ζ’.-υὺκοῦν
404 2227 594 2263 εὐχαριστήσω
606 2237 646 2255 σοι
659 2229 729 2264 ὑπὲρ
741 2230 879 2262 ἁπάντων,

973 2229 1057 2257 Vlns.
1072 2229 1099 2255 7.
1114 2244 1149 2250 —
1163 2229 1226 2256 Ideo
1246 2229 1348 2264 gratias
1369 2235 1419 2263 ago
1433 2228 1480 2255 tibi
1496 2233 1607 2263 propter
1619 2228 1722 2259 omnia.

88 2272 128 2299 ὃτι
143 2273 174 2299 οὺ
188 2272 270 2308 μόνον
288 2273 340 2308 γῆν
359 2282 404 2308 μοι
421 2274 540 2305 δέδωκας
556 2274 696 2310 ἐξαίρετον
715 2276 755 2307 εὶς
770 2275 878 2310 κτῆσιν,

87 2316 144 2343 ἀλλ’
159 2317 199 2343 ὅτι
213 2317 261 2344 καὶ
271 2317 380 2344 σύνεσιν
407 2317 543 2353 παρέσχες
558 2318 604 2345 καὶ
615 2319 719 2353 σοφίαν
734 2319 782 2346 τοῦ
795 2320 880 2355 πράτ-

87 2371 143 2389 τειν
155 2363 173 2390 ἀ
183 2363 216 2399 δὴ
233 2363 456 2399 [ὲ]νομοθετήσα;
469 2364 534 2400 περὶ
543 2365 594 2401 τήν
604 2364 659 2391 τῶν
676 2366 820 2401 πρακτέων
835 2366 882 2392 καὶ

87 2408 142 2435 τῶν
160 2409 199 2449 μὴ
212 2409 353 2436 τοιούτων.

123 2507 197 2542 Στίχ.
215 2511 250 2543 η’.
259 2522 295 2528 -
307 2508 357 2535 Διά
368 2508 456 2536 τοῦτο·
469 2510 564 2543 ποῖον;
583 2510 690 2546 Ἐπειδὴ
701 2511 884 2545 Προωρώμην

88 2554 199 2587 Κύριον
210 2553 341 2580 ἐνώπιόν
356 2563 416 2589 μου
438 2555 612 2588 διαπαντὸς,
629 2557 677 2583 καὶ
693 2557 742 2583 οὐκ
760 2557 884 2591 ἀπεσφά-

88 2598 146 2633 λην,
164 2599 258 2634 φησιν,
272 2599 328 2626 τῶν
352 2600 469 2628 ἐλπίδων
479 2609 487 2617 ·
503 2601 562 2628 ἀλλ’
580 2602 674 2638 ἐπειδὴ
686 2603 730 2629 ἀεὶ
744 2602 793 2638 τὴν
809 2603 884 2639 παρὰ

90 2644 136 2670 τοῦ
150 2644 359 2680 προσεδεχόμην
377 2645 513 2681 βοήθειαν,
531 2647 626 2682 ἔτυχον
645 2644 682 2674 ὧν
701 2648 823 2683 ἐξῄτουν,
837 2649 885 2676 καὶ

90 2690 117 2715 ἐν
132 2689 291 2726 εὐφροσύνῃ
305 2691 441 2726 κατέστην
452 2692 535 2728 πολλῇ

124 2747 197 2781 Στίχ.
209 2750 235 2772 ι’.
246 2761 283 2766 —
297 2747 444 2773 Κάνταῦθα
458 2748 539 2775 πάλιν
553 2749 608 2776 ἀπὸ
617 2750 667 2785 τῆς
679 2750 768 2785 ψυχῆς
782 2750 812 2777 τὺ
822 2751 882 2778 ὅλον

89 2792 173 2819 καλεῖ-
196 2792 359 2820 Ἀπολαύσω
373 2793 401 2819 δὲ
416 2794 528 2826 τούτων,
541 2795 633 2831 φησιν,
649 2796 742 2832 ἐπειδὴ
757 2805 791 2832 με
802 2796 884 2829 αὐτὸς

127 2882 166 2917 (I)
181 2881 286 2910 Iterum
299 2889 334 2909 cx
352 2881 493 2910 Corderio.

932 2282 966 2303 eo
983 2275 1058 2310 quod
1075 2282 1128 2302 non
1148 2275 1236 2302 solum
1255 2275 1323 2302 mihi
1340 2279 1443 2303 terram
1461 2275 1598 2309 egregiam
1620 2273 1723 2301 dedisti

933 2322 961 2349 iu
979 2321 1195 2356 possessionem.
1215 2320 1263 2348 sed
1281 2320 1364 2348 etiam
1387 2321 1459 2355 quod
1485 2320 1659 2354 prudentiam
1677 2327 1723 2347 sa-

933 2367 1118 2403 pientiamque
1135 2366 1298 2394 concessisti
1322 2366 1357 2393 ad
1386 2365 1513 2393 facienda
1538 2373 1603 2400 qua
1620 2372 1722 2400 pnece-

934 2413 1000 2449 pisti
1014 2413 1048 2440 de
1063 2413 1117 2445 llis,
1134 2412 1251 2444 scilicet,
1271 2419 1331 2447 quae
1358 2411 1462 2448 agenda
1479 2414 1544 2438 sunt
1570 2417 1602 2438 ac
1617 2409 1651 2438 de
1679 2409 1724 2438 bis

935 2467 997 2494 qua:
1012 2467 1067 2486 non
1083 2457 1197 2494 agenda.

971 2513 1054 2540 Vens.
1070 2513 1096 2541 8.
1109 2527 1143 2533 —
1158 2511 1274 2547 Propter
1299 2512 1352 2539 hoc
1376 2512 1516 2547 quodnam
1544 2511 1677 2547 (oII'eram
1689 2510 1698 2546 )
1710 2510 1723 2537 ἲ

935 2558 1003 2586 Cum
1021 2558 1184 2592 providerem
1193 2558 1337 2585 Dominum
1350 2558 1377 2585 in
1390 2562 1528 2592 conspectu
1542 2565 1599 2584 meo
1609 2565 1721 2591 semper,
1737 2567 1746 2604 γ

934 2612 997 2636 nec,
1015 2604 1115 2638 inquit,
1128 2611 1143 2631 a
1158 2611 1207 2639 spe
1223 2603 1388 2637 frustrarer;
1403 2603 1451 2632 sed
1469 2611 1531 2631 cum
1548 2611 1682 2639 scmpera
1694 2606 1723 2631 te
1737 2623 1743 2640 ,

940 2649 1108 2684 adiutorium
1134 2649 1300 2683 acciperem,
1321 2655 1382 2684 qua:
1399 2648 1571 2683 postulabam
1586 2647 1652 2675 mihi
1672 2647 1744 2685 ob-Z

936 2699 1080 2726 venerunt,
1097 2694 1219 2729 atquein
1239 2701 1337 2730 magna
1351 2694 1445 2722 laetitia
1461 2694 1629 2722 constitutus
1647 2687 1720 2722 sum.
1736 2696 1743 2725 ί

972 2750 1054 2778 Vsus.
1071 2751 1114 2777 I0.
1131 2750 1216 2777 ——Ibi
1231 2751 1349 2778 animam
1374 2758 1483 2778 omnem
1507 2757 1651 2785 personam
1669 2757 1721 2777 vo-

937 2800 990 2824 cat.
1006 2795 1056 2824 Ilis
1078 2797 1205 2824 omnibus
1233 2796 1319 2830 fruar,
1348 2796 1447 2832 inquit,
1468 2804 1532 2824 cum
1561 2795 1722 2825 custodiens

978 2883 1016 2920 (2)
1038 2883 1089 2912 Mai
1106 2884 1172 2913 ibid.
1186 2892 1212 2920 ρ.
1226 2885 1287 2913 595.
