1966 3069
252 163 306 192 σεο

835 171 1010 200 ΤΙΙΕΟΒΟΠΙ
1027 172 1270 202 MOPSUESTENI

1826 175 1881 203 (5(ἶο

251 229 295 248 mc
314 221 340 247 in
359 222 488 256 periculis
519 225 609 258 perire
636 234 690 252 non
719 227 807 260 siuas,
839 237 889 256 nec
918 238 960 257 me
985 231 1038 258 illis

1099 230 1235 264 ρυλάττων
1244 231 1293 257 οὐκ
1316 231 1362 265 ἐᾷς
1391 231 1568 258 ὲναπολὲσθαι
1581 232 1636 262 τοῖς
1657 230 1799 262 κινδύνοις,
1817 231 1881 257 οὐδὲ

251 268 485 302 corrumpendum
509 271 621 303 trades;
653 278 837 308 sanctumque
861 283 963 303 vocans
989 284 1037 311 po-

250 315 344 350 pulum
359 316 561 349 (lsraeliticum
573 317 582 353 )
594 318 627 346 ad
645 319 858 348 discernendum
874 321 908 348 ab
923 322 987 349 aliis
1002 322 1038 349 ob

253 360 301 388 Dei
321 362 518 397 cognitionem.

286 439 370 468 Vens.
389 441 432 469 Η.
450 457 484 462 ——-
496 442 537 469 Ex
553 449 624 470 mum
640 449 695 475 tuo.
711 445 737 472 Id
751 451 801 476 est,
828 446 864 472 Ex
885 450 929 472 tua
948 449 1037 473 maui-

253 484 399 514 festatione
423 491 506 523 atque
530 488 667 523 adjutorio
699 489 849 524 adimpleor
876 491 981 517 laetitia.
1002 505 1037 510 —

251 531 534 561 Animadvertendum
557 539 599 562 est.
626 541 714 563 autem
747 544 856 572 quoque
885 537 927 564 bis
947 537 1038 565 verbis

253 578 315 605 linis
331 578 428 613 psalmi
450 579 559 607 beatum
575 581 729 616 apostolum
745 581 856 609 Petrqu
875 583 902 609 in
924 583 1038 611 Actibus

252 623 367 658 (11.25)
383 627 412 650 ut
431 623 466 652 de
481 624 594 653 Domino
617 624 699 654 dictis
724 635 803 654 usum
833 627 928 657 luisse.
954 627 1038 656 Porro

253 669 394 696 sciendum
405 673 449 697 est
462 670 558 698 eodem
573 679 658 699 sensu
674 672 731 700 haec
749 674 830 700 verba
848 679 913 701 tunc
928 682 943 701 ιι
958 674 1039 702 beato

253 713 336 741 Petro
351 715 472 744 adhibita
487 716 583 750 luisse.
599 725 662 745 cum
680 722 746 746 tunc
767 719 800 746 ad
818 720 1038 749 convincendum

253 761 366 789 dixerit.
381 761 496 796 Proprie
516 769 619 795 autem,
649 768 677 792 et
698 764 776 799 juxta
803 773 899 793 verum
927 774 1038 795 sensum

252 807 411 840 verborum,
421 808 484 835 dico
497 813 624 836 eventum
637 809 739 838 habere
753 810 781 838 in
797 811 923 843 Domino.
936 813 969 841 de
984 822 1039 848 quo

252 859 363 888 quoque
389 854 416 880 in
443 854 630 882 testimonium
657 863 724 884 usus
750 861 814 891 est,
837 859 918 892 quasi
946 867 1038 887 rerum

251 902 350 926 eventu
364 898 399 927 de
413 899 461 928 illo
468 900 624 928 evidentius
633 902 820 930 testimonium
839 904 976 939 pmbcnte
986 905 1009 933 tl
1017 907 1036 932 l.

514 1066 678 1096 PSALMUS
697 1068 765 1097 XVI.

287 1131 371 1161 Vnus.
385 1133 411 1162 6.
427 1149 462 1154 —
473 1133 585 1162 Mutatio
601 1136 734 1171 temporis
752 1136 823 1164 facta
838 1141 891 1169 est,
907 1137 969 1165 loco
982 1136 1039 1164 Ex-

252 1176 303 1204 tuli
322 1176 452 1212 quoniam
468 1178 582 1208 exaudis
597 1187 651 1212 me,
666 1181 796 1215 quoniam
812 1181 950 1209 cxaudisti
966 1189 1019 1210 me.

289 1287 373 1317 Vens.
392 1289 419 1317 8.
435 1304 471 1311 -—
486 1290 515 1318 lol
528 1295 571 1318 est
595 1291 786 1319 resistentibus
810 1292 950 1327 adiutorio
971 1296 1037 1326 luo;

252 1341 314 1362 cum
332 1334 405 1362 enim
424 1333 544 1369 dixerit,
563 1335 617 1369 Qui
628 1335 715 1363 salvos
731 1335 798 1369 facis
814 1341 948 1371 spemnles
964 1337 991 1363 in
1014 1342 1040 1364 te

252 1380 326 1415 (v.7
339 1381 369 1416 );
386 1381 563 1416 sperantibus
587 1385 679 1408 autent
697 1381 726 1409 in
741 1389 775 1409 eo
798 1382 937 1410 succurrit
957 1388 1040 1418 atque

252 1425 418 1458 auxiliatur,
450 1426 610 1455 resistentes
635 1435 701 1455 vero
732 1427 909 1463 sperantibus
935 1428 1040 1456 auxilio

253 1479 306 1500 suo
317 1472 407 1500 bonos
419 1473 498 1500 dixit.

288 1516 421 1546 Dominus
449 1521 610 1553 susceptor,
633 1518 759 1553 quoniam
787 1516 898 1554 adjuvat
916 1526 970 1552 me,
989 1526 1039 1548 nec

253 1563 319 1591 sinit
341 1571 385 1592 me
402 1564 530 1598 perverti.
548 1563 615 1591 Illud
631 1564 704 1592 enim
722 1574 728 1592 :
747 1564 768 1591 Α
782 1565 883 1592 dextris
902 1569 941 1592 est
963 1565 1040 1598 mihi,

254 1617 287 1637 ne
303 1617 475 1641 commorear.
493 1609 563 1637 idem
587 1614 629 1637 est
650 1614 741 1644 atque.
758 1610 905 1638 auxiliatur
923 1611 1007 1645 mibi;
1025 1620 1040 1640 a

255 1655 350 1683 dextra
372 1655 477 1684 scilicet
494 1660 522 1683 et
536 1656 635 1691 potiori
655 1660 733 1691 parte
749 1657 881 1685 auxilium
898 1665 1010 1686 vocans.

290 1721 374 1750 Vens.
392 1721 435 1749 l0.
449 1737 485 1743 —
501 1722 557 1755 Sic.
574 1722 674 1759 inquit.
691 1723 800 1751 delicati
818 1730 893 1757 sunt,
908 1724 945 1752 ita
962 1728 992 1752 ut
1008 1732 1043 1753 nc

255 1769 340 1797 ullius
360 1769 471 1796 turbent
499 1769 639 1798 mollitiem
657 1776 766 1804 cavent,
784 1771 945 1799 conclusum
957 1772 1040 1800 enim

255 1815 329 1842 hunc
345 1815 454 1850 adipem
475 1816 504 1843 in
529 1823 627 1852 magna
649 1817 800 1845 securitate
824 1818 1040 1846 constituerunt.

255 1859 328 1887 Dicit
341 1860 526 1889 conduxerunt
542 1869 592 1896 pro
602 1863 804 1896 prosperitatam
815 1871 891 1890 suam
904 1863 930 1890 ἰη
945 1872 1042 1899 magna

255 1907 398 1934 securitate
414 1906 519 1941 habent,
537 1907 575 1934 ita
596 1911 625 1934 ut
644 1908 736 1936 nullus
762 1916 845 1936 casus
862 1909 917 1937 illis
941 1909 1043 1937 timen-

256 1952 307 1980 dus
323 1952 370 1985 sit,
387 1960 421 1980 ne
433 1953 540 1980 dicatur
555 1953 618 1981 vita:
634 1953 789 1981 felicitatem
807 1954 973 1990 perdidisse.

291 2064 375 2092 Vsus.
391 2065 481 2092 ll.—
495 2064 535 2092 Ad
559 2065 610 2092 lioc
633 2066 799 2100 respiciunt,
821 2070 907 2099 atque
929 2063 963 2091 ad
994 2063 1045 2091 hoc

259 2111 326 2137 totis
342 2110 448 2139 viribus
467 2110 594 2142 tendunt.
608 2116 639 2138 ut
653 2119 696 2138 me
717 2119 750 2138 ex
771 2115 846 2138 terra
859 2110 1042 2142 hmrcditatis.

260 2154 289 2183 id
301 2159 355 2188 est,
373 2163 406 2182 ex
420 2159 494 2184 terra
511 2155 704 2184 promissionis
716 2156 862 2185 depellant.

1091 275 1261 310 παραδώσεις
1282 284 1317 310 με
1336 275 1517 311 διαφθαρῆναι
1544 276 1590 302 ὑπ’
1606 275 1706 302 αὐτῶν·
1725 276 1798 302 ὅσιον
1814 276 1881 301 κάν-

1089 320 1177 347 ταῦθα
1191 321 1235 347 τὸν
1251 321 1315 347 λαὸν
1334 321 1435 352 καλῶν,
1450 321 1519 356 πρὸς
1533 320 1736 355 ἁντιδιαστολὴν
1754 320 1882 351 ἐκείνων,

1091 366 1128 395 ὼς
1139 366 1236 401 ἔχοντα
1249 366 1295 393 τοῦ
1311 366 1379 393 Θεοῦ
1395 367 1445 401 τὴν
1459 366 1570 401 γνῶσιν.

1127 441 1199 476 Στίχ.
1213 444 1256 468 ια’.
1274 456 1308 461 -
1321 441 1392 468 Ἀντί
1413 441 1531 473 τοῦ,Ἔ)ι
1547 441 1709 475 προσώπου
1725 449 1792 472 σου,
1805 450 1881 468 τουτ-

1091 486 1215 517 έστι,Ὲκ
1228 487 1280 521 τῆς
1295 486 1455 521 ἐπιφανείας
1477 495 1524 512 σου
1540 486 1586 513 καὶ
1601 486 1649 521 τῆς
1664 486 1738 521 παρὰ
1752 486 1799 512 σοῦ
1816 486 1865 521 βοη

1092 532 1168 564 θείας
1191 531 1350 568 πληροῦμαι
1373 532 1551 567 εὐφροσύνης.
1568 531 1828 567 -Ἐπισημαντέον
1853 532 1882 558 δὲ

1093 577 1231 605 κάνταῦθα
1247 579 1288 605 ὅτι
1304 579 1361 610 τοῖς
1385 577 1551 609 τελευταίοις
1567 577 1615 604 τοῦ
1630 577 1739 612 ψαλμοῦ
1757 578 1771 604 ὀ
1790 578 1882 613 μακά-

1094 633 1150 659 ριος
1164 624 1311 656 ἀπόστολος
1326 624 1428 658 Πέτρος
1445 625 1473 650 ἐν
1489 624 1550 655 ταῖς
1568 623 1687 658 Πράξεσι
1703 623 1741 655 ὼς
1754 623 1818 657 περὶ
1832 623 1882 649 τοῦ

1092 670 1195 705 Κυρίου
1216 670 1372 705 εἰρημένοις
1396 669 1542 704 ἐχρήσατο.
1551 668 1648 695 Ἰστέον
1662 668 1752 695 τοίνυν
1764 669 1803 695 ὅτι
1817 668 1876 694 κάνι

1097 717 1184 743 ταῧθα
1192 717 1263 743 κατὰ
1271 716 1410 751 τὴναὺτὴν
1424 715 1528 742 ἔννοιαν
1534 715 1690 750 ὲξείληπται
1702 714 1740 750 τῷ
1755 714 1885 750 μακαρῐῳ

1099 762 1261 797 Ἀποστόλῳ·
1277 761 1371 797 ἐπειδὴ
1396 761 1513 788 ἐνταῦθα
1539 761 1587 796 μὲν
1610 759 1884 795 προτρεπτικώτερον

1092 806 1215 842 εἴρηται·
1233 806 1334 841 κυρίως
1345 806 1373 832 δὲ
1389 806 1436 832 καὶ
1451 805 1522 832 κατὰ
1535 805 1584 840 τὴν
1598 805 1686 840 ἀληθῆ
1703 804 1818 836 ἔννοιαν,
1833 805 1882 839 τὴν

1093 853 1161 888 πρὸς
1170 853 1204 879 τὰ
1215 852 1284 888 ῥητὰ
1295 853 1378 886 λέγω,
1393 852 1443 888 τὴν
1455 852 1566 880 ἔκϐασιν
1578 851 1634 887 ἔχει
1648 852 1694 877 ἐπὶ
1706 851 1753 878 τοῦ
1768 850 1884 886 Κυρίου,

1093 899 1136 932 ὲφ*
1149 895 1180 925 οὗ
1193 898 1239 925 καὶ
1255 899 1289 933 τῇ
1303 898 1440 933 μαρτυρίᾳ
1453 897 1602 933 ἐχρήσατο·
1617 897 1655 929 ὡς
1673 897 1724 931 τῆς
1739 896 1792 923 τῶν
1815 905 1886 931 πρα-

1070 942 1076 987 ΐ
1089 944 1202 978 γμάτων
1215 943 1353 975 ἐκϐάσεως
1373 943 1416 970 ἐπ’
1429 943 1511 970 αὑτοῦ
1527 942 1696 979 κυριωτέραν
1709 943 1758 978 τὴν
1777 950 1885 977 μαρτυ-

1091 989 1152 1024 ρίαν
1165 989 1376 1024 ἁποφαινούστις.

1376 1067 1520 1094 ΨΑΛΜΟΣ
1538 1068 1598 1101 ις’.

1125 1135 1199 1170 Στίχ.
1220 1138 1257 1168 ς’.
1266 1149 1302 1156 -
1317 1135 1464 1170 Ἐναλλαγὴ
1475 1135 1572 1171 χρόνου
1585 1143 1739 1170 γεγενηται,
1753 1135 1813 1162 ἀντὶ
1825 1135 1884 1167 τοῦ,

1090 1178 1185 1214 Ἆρον·
1211 1179 1258 1207 τοῦ
1283 1179 1342 1206 ὀτι
1367 1179 1510 1212 ἐπακούεις
1535 1189 1597 1215 μοι,
1619 1180 1684 1206 Ὅτι
1709 1179 1884 1212 ἐπήκουσὰς

1088 1235 1158 1262 μου.

1126 1294 1200 1329 Στίχ.
1214 1296 1250 1328 η’.
1265 1308 1301 1315 -
1312 1293 1466 1325 Τουτέστιν,
1475 1292 1710 1326 Ἁνθεστηκὸτων
1725 1292 1757 1327 τῇ
1773 1290 1884 1326 βοηθείᾳ

1093 1348 1139 1367 σου
1150 1348 1157 1355 ·
1175 1339 1268 1375 ἐπειδὴ
1284 1339 1339 1374 γὰρ
1355 1337 1443 1372 εἶπεν,
1456 1339 1488 1365 '0
1505 1337 1606 1369 σώᾷιιν
1621 1337 1691 1371 τοὺς
1709 1337 1884 1369 ἐλπίζοντας

1092 1384 1144 1411 ἐπὶ
1159 1385 1210 1411 σοι
1221 1392 1229 1400 ⁸
1243 1385 1300 1415 τοῖς
1313 1384 1342 1410 δὲ
1364 1383 1518 1416 ἐλπίζουσιν
1536 1383 1580 1410 ἐπ’
1593 1382 1668 1417 αὐτῷ
1678 1381 1759 1414 αὐτὸς
1777 1380 1885 1416 ἐπαμύ-

1093 1437 1135 1456 νει
1162 1430 1210 1456 καὶ
1239 1428 1345 1464 βοηθεῖ·
1373 1429 1435 1461 τοὺς
1449 1428 1649 1463 ἀνθεστηκότας
1661 1428 1718 1458 τοῖς
1730 1426 1884 1458 ἐλπίζουσιν

1092 1475 1137 1501 ἐπ’
1149 1475 1231 1502 αὑτὸν
1245 1476 1278 1510 τῇ
1293 1474 1376 1501 αὑτοῦ
1393 1473 1503 1509 βοηθείᾳ
1514 1473 1613 1505 καλοὺς
1627 1472 1738 1507 ἔφησεν.

1127 1520 1230 1555 Κύριος
1243 1520 1280 1554 (2)
1293 1521 1307 1547 ὁ
1317 1519 1540 1555 προσδεχόμενος,
1557 1518 1600 1548 ὅτι
1612 1516 1712 1552 βοηθεῖ,
1731 1517 1778 1543 καὶ
1790 1516 1839 1542 οὺχ
1852 1516 1884 1550 ἑᾷ

1092 1565 1305 1601 περι-τραπῆναι.
1324 1565 1360 1591 Τὸ
1374 1565 1428 1600 γὰρ
1439 1585 1446 1597 ,
1463 1565 1512 1590 Ἐκ
1530 1563 1637 1596 δεξιῶν
1648 1563 1707 1597 μού
1721 1562 1820 1593 ἐστιν,
1835 1561 1886 1587 ἵνα

1089 1611 1132 1646 μὴ
1148 1611 1297 1642 σαλευθῶ,
1314 1611 1374 1637 ἀντὶ
1387 1610 1444 1641 τοῦ,
1460 1609 1557 1644 Βοηθεῖ
1573 1617 1636 1644 μοι,
1650 1608 1706 1635 ἀπὸ
1723 1607 1772 1634 τοῦ
1798 1606 1884 1640 δεξιοῦ

1092 1658 1140 1685 καὶ
1155 1657 1202 1684 τοῦ
1226 1656 1378 1692 κρείττονος
1403 1656 1452 1692 τὴν
1477 1655 1604 1690 βοήθειαν
1626 1653 1752 1685 καλέσας.

1127 1723 1202 1759 Στίχ.
1218 1727 1280 1750 ι’.-
1291 1722 1329 1758 (3)
1349 1722 1436 1754 Οὕτω,
1448 1722 1530 1757 φησὶν
1540 1742 1547 1754 ,
1564 1721 1632 1747 εἰσὶν
1651 1719 1786 1751 εὐπειθεῖς,
1797 1719 1834 1751 ὡς
1847 1719 1885 1754 μὴ

1093 1768 1212 1796 διαδῦναι
1221 1768 1309 1794 αὐτῶν
1319 1766 1504 1802 τδνλιπασμόν
1514 1774 1520 1781 ·
1530 1765 1625 1801 ἐπειδὴ
1631 1765 1720 1800 γὰρτὸ
1729 1763 1887 1798 συγκεκλει-

1095 1814 1191 1848 σμένον
1207 1814 1236 1839 ἐν
1251 1812 1384 1847 ἀσφαλείᾳ
1400 1811 1512 1848 πλείστῃ
1527 1811 1705 1844 καθέστηκεν,
1719 1808 1797 1836 τοῦτο
1812 1809 1888 1842 λέγει

1093 1860 1134 1890 τὸ,
1153 1858 1371 1889 Συνέκλεισαν,
1387 1857 1447 1883 ἀντὶ
1458 1857 1517 1887 τοῦ,
1532 1856 1587 1891 Τὴν
1601 1855 1726 1890 εὐθηνίαν
1748 1854 1837 1881 αὐτῶν
1857 1855 1890 1880 ἐν

1094 1904 1208 1940 πλείστῃ
1222 1903 1328 1938 ἔχουσιν
1342 1902 1485 1937 ἀσφαλείᾳ,
1498 1901 1535 1933 ὡς
1551 1901 1617 1937 μηδὲ
1629 1901 1780 1936 προσδοκᾷν
1796 1900 1889 1927 αὐτῶν

1093 1949 1243 1980 διαπεσεῖν,
1259 1948 1292 1975 ἵν’
1308 1948 1372 1984 εἴπῃ
1393 1949 1433 1974 ὅτι
1456 1949 1506 1975 οὐκ
1531 1947 1666 1975 ἀπέϐαλον
1684 1946 1731 1973 τοῦ
1755 1945 1814 1981 βίου
1836 1946 1889 1981 τὴν

1095 1995 1257 2030 εὐπραγίαν.

1131 2060 1206 2096 Στίχ.
1223 2063 1266 2088 ια’.
1279 2076 1313 2081 —
1326 2061 1396 2096 Πρὸς
1409 2060 1487 2087 τοῦτο
1499 2061 1647 2096 ἀφορῶσιν.
1663 2062 1709 2087 καὶ
1730 2061 1798 2096 προς
1809 2060 1891 2088 τοῦτο

1096 2107 1186 2142 ἔχουσι
1201 2107 1290 2134 πᾶσαν
1304 2107 1352 2142 τὴν
1371 2107 1499 2142 σπουδὴν,
1515 2106 1586 2133 ὥστε
1603 2107 1653 2142 ἐμὲ
1670 2107 1720 2142 τῆς
1742 2107 1793 2141 γῆς
1807 2107 1890 2134 ἐκϐα-

1096 2153 1152 2179 λεῖν
1174 2153 1222 2187 τῆς
1244 2151 1437 2188 κληρονομίας,
1454 2152 1594 2179 τουτέστιν
1608 2153 1657 2188 τῆς
1671 2153 1722 2187 γῆς
1737 2152 1786 2187 τῆς
1803 2153 1890 2187 ἐπαγ-

1099 2198 1201 2233 γελίας.

290 2266 376 2302 -(4)
404 2266 455 2300 Qui
477 2268 634 2301 quondam.
657 2267 758 2302 inquit},
790 2276 832 2295 me
864 2268 1038 2303 beatumpraé-

1130 2282 1162 2286 --
1184 2267 1215 2292 Οἱ
1253 2267 1337 2296 ποτὲ,
1368 2267 1454 2300 φησὶ,
1489 2265 1703 2301 μακαρίζοντες,
1731 2265 1779 2291 νῦν
1804 2274 1890 2292 κατα-

256 2311 403 2342 dicabant.
445 2318 517 2338 nunc
549 2317 749 2346 persequuntur
788 2317 815 2339 et
848 2313 1042 2345 circuntdant,

256 2360 313 2384 ute
333 2355 424 2384 medio
439 2356 546 2382 tollant.
565 2355 610 2383 Sic
634 2357 706 2384 enim
727 2361 754 2384 et
778 2357 962 2391 Symnmcbus
993 2359 1042 2391 ait,

256 2401 369 2428 Beatum
386 2409 425 2428 me
441 2401 614 2434 pradicant“
626 2422 633 2432 ,
656 2402 794 2436 confestim
815 2403 1044 2431 circumdederunt

256 2456 307 2474 me.
328 2446 500 2482 Projt‘cientes
517 2455 582 2475 vero
599 2447 642 2474 hic
660 2448 766 2474 vocavit
784 2456 832 2475 eos
853 2449 898 2483 qui
927 2449 1038 2477 beatum

206 2492 210 2525 ζ
258 2492 452 2526 prazdicabant,
469 2493 533 2527 quia
562 2500 617 2520 non
632 2493 739 2521 sincera
755 2498 843 2521 tuente
866 2495 942 2529 prius
972 2496 1037 2523 bea-

259 2542 315 2564 tum
331 2537 477 2571 dixerant;
494 2538 541 2566 sed
558 2542 587 2565 ut
610 2539 749 2573 ejicerent,
773 2544 800 2567 et
824 2547 838 2567 ιι
865 2541 971 2568 decenti
999 2542 1042 2567 vin

259 2583 425 2611 diverterent
439 2602 447 2615 ,
477 2584 511 2611 ad
533 2584 713 2619 imposturam
732 2586 774 2613 usi
811 2591 876 2614 sunt
902 2587 1046 2614 vocabulis

260 2628 448 2657 beatitudinis.

295 2696 378 2725 Vens.
391 2698 434 2725 l2.
450 2714 485 2718 —-
500 2699 667 2734 Exspectant
687 2708 738 2730 mc.
767 2706 796 2726 ut
813 2700 937 2736 perdunt,
968 2707 1043 2727 more

297 2811 334 2845 (Ι)
361 2810 423 2838 Hac
442 2810 538 2838 ultima
553 2812 633 2838 verba
659 2819 772 2837 erronea
788 2816 859 2837 sunt.
883 2811 943 2838 Vid.
971 2809 997 2837 S.
1021 2810 1047 2837 S.

262 2844 337 2872 Cura}
349 2847 441 2874 “mal.
454 2845 542 2877 LXV,
561 2847 613 2873 col.
629 2847 672 2873 3;").
688 2846 765 2873 Enn.
780 2846 863 2874 Pun.

298 2880 336 2916 β)
349 2879 386 2909 Ex
401 2880 546 2910 Conlet'io.

1097 2312 1224 2338 διώκουσι
1253 2312 1299 2338 καὶ
1326 2312 1535 2346 περικυκλοῦσιν
1548 2332 1554 2344 ,
1569 2312 1639 2338 ὥστε
1663 2311 1778 2338 ἀνελεῖν.
1794 2311 1890 2342 Οὕτως

1098 2358 1152 2393 γὰρ
1163 2358 1236 2392 λέγει
1249 2358 1294 2384 καὶ
1308 2357 1464 2392 Σύμμαχος.
1479 2358 1696 2391 Μακαρίζοντες
1705 2357 1890 2391 παραχρῆμα

1099 2402 1344 2436 περιεκύκλωσάν
1356 2411 1402 2436 με.
1426 2403 1646 2435 Ἐκϐίὶλλοντίις
1661 2403 1689 2429 δὲ
1714 2403 1777 2433 τοὺς
1799 2411 1891 2437 μακα-

1101 2448 1222 2483 ρίζοντας
1248 2447 1364 2474 ἐνταῦοα
1392 2448 1531 2478 ἐκάλεσεν,
1557 2448 1650 2482 ἐπειδὴ
1675 2448 1711 2483 μὴ
1734 2448 1834 2483 γνησίᾳ
1856 2449 1888 2482 τῇ

1098 2494 1200 2529 διανοίᾳ
1215 2494 1259 2519 τὸν
1271 2494 1446 2528 μακαρισμὸν
1461 2494 1600 2520 ἐποιοῦντο
1615 2494 1645 2520 τὸ
1655 2494 1785 2528 πρότερον
1797 2502 1803 2508 ι
1817 2493 1888 2520 ὥστε

1096 2539 1124 2565 δὲ
1150 2538 1274 2564 ἐκϐαλεῖν
1299 2538 1346 2565 καὶ
1374 2539 1504 2573 ἐκτρέψαι
1528 2539 1577 2573 τῆς
1598 2538 1788 2573 προσηκούσης
1811 2537 1886 2568 ὁδοῦ,

1096 2585 1204 2618 ἀπάτης
1219 2583 1312 2611 ἕνεκεν
1336 2586 1392 2616 τοῖς
1406 2584 1453 2611 τοῦ
1483 2584 1658 2620 μακαρισμοῦ
1687 2585 1806 2620 ῥήμασιν
1827 2582 1887 2609 ὲχέ-

1099 2640 1207 2668 χρηντο.

1132 2699 1204 2735 Στίχ.
1223 2699 1265 2734 ιβ’.
1279 2713 1313 2719 ——
1336 2697 1516 2734 Περιμένουσί
1534 2707 1578 2733 με,
1593 2698 1662 2725 ὥστε.
1680 2697 1793 2730 ἀνελεῖν,
1809 2695 1886 2729 δίκην

1141 2812 1179 2839 (7.)
1195 2810 1322 2837 “.Iiibili.

1141 2846 1178 2872 tit
1193 2845 1230 2872 lix
1249 2846 1387 2873 Ccrdcrio.
