  <div class='ocr_page' id='page_1' title='image "/cluster/home/n/w/nwhite01/storage/ocr_20150623/66/njp.32101077772695/344.png"; bbox 0 0 1966 3069; ppageno 0'>
   <div class='ocr_carea' id='block_1_1' title="bbox 73 141 120 169">
    <p class='ocr_par' dir='ltr' id='par_1_1' title="bbox 73 141 120 169">
     <span class='ocr_line' id='line_1_1' title="bbox 73 141 120 169; baseline 0 0"><span class='ocrx_word' id='word_1_1' title='bbox 73 141 120 169; x_wconf 76' lang='grc'>661</span> 
     </span>
    </p>
   </div>
   <div class='ocr_carea' id='block_1_2' title="bbox 665 149 1087 184">
    <p class='ocr_par' dir='ltr' id='par_1_2' title="bbox 665 149 1087 184">
     <span class='ocr_line' id='line_1_2' title="bbox 665 149 1087 184; baseline 0.019 -8"><span class='ocrx_word' id='word_1_2' title='bbox 665 149 848 180; x_wconf 77' lang='grc' dir='ltr'>ΕΧΡΟδΙΤΙΟ</span> <span class='ocrx_word' id='word_1_3' title='bbox 866 153 900 180; x_wconf 88' lang='grc' dir='ltr'><strong>ΙΝ</strong></span> <span class='ocrx_word' id='word_1_4' title='bbox 921 153 1087 184; x_wconf 64' lang='grc' dir='ltr'>ιέςιωιοε.</span> 
     </span>
    </p>
   </div>
   <div class='ocr_carea' id='block_1_3' title="bbox 1641 164 1693 192">
    <p class='ocr_par' dir='ltr' id='par_1_3' title="bbox 1641 164 1693 192">
     <span class='ocr_line' id='line_1_3' title="bbox 1641 164 1693 192; baseline 0.038 -2"><span class='ocrx_word' id='word_1_5' title='bbox 1641 164 1693 192; x_wconf 70' lang='grc'>662</span> 
     </span>
    </p>
   </div>
   <div class='ocr_carea' id='block_1_4' title="bbox 72 201 867 253">
    <p class='ocr_par' dir='ltr' id='par_1_4' title="bbox 72 201 858 253">
     <span class='ocr_line' id='line_1_4' title="bbox 72 201 858 253; baseline 0.014 -27"><span class='ocrx_word' id='word_1_6' title='bbox 72 201 178 253; x_wconf 55' lang='grc' dir='ltr'>λέοντος</span> <span class='ocrx_word' id='word_1_7' title='bbox 191 201 276 237; x_wconf 84' lang='grc' dir='ltr'>Θήραν</span> <span class='ocrx_word' id='word_1_8' title='bbox 290 203 502 238; x_wconf 69' lang='grc' dir='ltr'>προσδοκῶντος.</span> <span class='ocrx_word' id='word_1_9' title='bbox 512 205 584 232; x_wconf 74' lang='grc' dir='ltr'>’Λντὶ</span> <span class='ocrx_word' id='word_1_10' title='bbox 596 206 635 238; x_wconf 87' lang='grc' dir='ltr'>δὲ,</span> <span class='ocrx_word' id='word_1_11' title='bbox 651 208 858 243; x_wconf 86' lang='grc' dir='ltr'>Περιμένουσιν,</span> 
     </span>
    </p>
   </div>
   <div class='ocr_carea' id='block_1_5' title="bbox 923 201 1692 253">
    <p class='ocr_par' dir='ltr' id='par_1_5' title="bbox 923 213 1692 253">
     <span class='ocr_line' id='line_1_5' title="bbox 923 213 1692 253; baseline 0.009 -15"><span class='ocrx_word' id='word_1_12' title='bbox 923 213 998 241; x_wconf 76' lang='lat' dir='ltr'><strong>mnis</strong></span> <span class='ocrx_word' id='word_1_13' title='bbox 1011 215 1127 248; x_wconf 56' lang='lat' dir='ltr'><strong>praedam</strong></span> <span class='ocrx_word' id='word_1_14' title='bbox 1147 216 1339 250; x_wconf 80' lang='lat' dir='ltr'><strong>exspectantis.</strong></span> <span class='ocrx_word' id='word_1_15' title='bbox 1357 217 1408 244; x_wconf 86' lang='lat' dir='ltr'>Pro</span> <span class='ocrx_word' id='word_1_16' title='bbox 1416 223 1566 253; x_wconf 70' lang='lat' dir='ltr'><strong>exspeuanl</strong></span> <span class='ocrx_word' id='word_1_17' title='bbox 1593 224 1692 252; x_wconf 80' lang='lat' dir='ltr'><strong>autem,</strong></span> 
     </span>
    </p>
   </div>
   <div class='ocr_carea' id='block_1_6' title="bbox 72 245 856 287">
    <p class='ocr_par' dir='ltr' id='par_1_6' title="bbox 72 245 856 287">
     <span class='ocr_line' id='line_1_6' title="bbox 72 245 856 287; baseline 0.01 -14"><span class='ocrx_word' id='word_1_18' title='bbox 72 245 146 274; x_wconf 77' lang='grc' dir='ltr'>εἶπεν</span> <span class='ocrx_word' id='word_1_19' title='bbox 161 247 208 278; x_wconf 72' lang='grc' dir='ltr'>τὸ,</span> <span class='ocrx_word' id='word_1_20' title='bbox 233 247 407 274; x_wconf 74' lang='grc' dir='ltr'>Ὑπέλαόον.</span> <span class='ocrx_word' id='word_1_21' title='bbox 435 249 543 285; x_wconf 80' lang='grc' dir='ltr'>Ἐπειδὴ</span> <span class='ocrx_word' id='word_1_22' title='bbox 571 251 595 277; x_wconf 80' lang='grc' dir='ltr'>οἱ</span> <span class='ocrx_word' id='word_1_23' title='bbox 612 251 856 287; x_wconf 77' lang='grc' dir='ltr'>ὑπολαμϐάνοντες,</span> 
     </span>
    </p>
   </div>
   <div class='ocr_carea' id='block_1_7' title="bbox 72 291 859 335">
    <p class='ocr_par' dir='ltr' id='par_1_7' title="bbox 72 291 859 335">
     <span class='ocr_line' id='line_1_7' title="bbox 72 291 859 335; baseline 0.01 -17"><span class='ocrx_word' id='word_1_24' title='bbox 72 291 180 319; x_wconf 76' lang='grc' dir='ltr'>ἔσεσθαί</span> <span class='ocrx_word' id='word_1_25' title='bbox 199 300 225 318; x_wconf 78' lang='grc' dir='ltr'>τι</span> <span class='ocrx_word' id='word_1_26' title='bbox 239 292 401 328; x_wconf 80' lang='grc' dir='ltr'>προδοκῶσι.</span> <span class='ocrx_word' id='word_1_27' title='bbox 411 294 549 327; x_wconf 84' lang='grc' dir='ltr'>Τουτέστι,</span> <span class='ocrx_word' id='word_1_28' title='bbox 567 296 674 331; x_wconf 80' lang='grc' dir='ltr'>Ταύτην</span> <span class='ocrx_word' id='word_1_29' title='bbox 691 297 780 333; x_wconf 74' lang='grc' dir='ltr'>ἔχουσι</span> <span class='ocrx_word' id='word_1_30' title='bbox 795 300 859 335; x_wconf 79' lang='grc' dir='ltr'>περὶ</span> 
     </span>
    </p>
   </div>
   <div class='ocr_carea' id='block_1_8' title="bbox 72 336 857 380">
    <p class='ocr_par' dir='ltr' id='par_1_8' title="bbox 72 336 857 380">
     <span class='ocr_line' id='line_1_8' title="bbox 72 336 857 380; baseline 0.011 -17"><span class='ocrx_word' id='word_1_31' title='bbox 72 336 138 372; x_wconf 73' lang='grc' dir='ltr'>ἐμοῦ</span> <span class='ocrx_word' id='word_1_32' title='bbox 162 337 210 372; x_wconf 85' lang='grc' dir='ltr'>τὴν</span> <span class='ocrx_word' id='word_1_33' title='bbox 226 337 370 372; x_wconf 81' lang='grc' dir='ltr'>ὑπόληψιν,</span> <span class='ocrx_word' id='word_1_34' title='bbox 387 339 428 365; x_wconf 83' lang='grc' dir='ltr'>ὅτι</span> <span class='ocrx_word' id='word_1_35' title='bbox 441 339 570 375; x_wconf 82' lang='grc' dir='ltr'>λήψονται</span> <span class='ocrx_word' id='word_1_36' title='bbox 581 341 676 378; x_wconf 80' lang='grc' dir='ltr'>ὥσπερ</span> <span class='ocrx_word' id='word_1_37' title='bbox 694 344 753 370; x_wconf 81' lang='grc' dir='ltr'>τινὰ</span> <span class='ocrx_word' id='word_1_38' title='bbox 777 344 857 380; x_wconf 83' lang='grc' dir='ltr'>θῆρα.</span> 
     </span>
    </p>
   </div>
   <div class='ocr_carea' id='block_1_9' title="bbox 72 381 858 423">
    <p class='ocr_par' dir='ltr' id='par_1_9' title="bbox 72 381 858 423">
     <span class='ocr_line' id='line_1_9' title="bbox 72 381 858 423; baseline 0.011 -15"><span class='ocrx_word' id='word_1_39' title='bbox 72 381 150 409; x_wconf 79' lang='grc' dir='ltr'>οὕτω</span> <span class='ocrx_word' id='word_1_40' title='bbox 163 383 209 409; x_wconf 76' lang='grc' dir='ltr'>καὶ</span> <span class='ocrx_word' id='word_1_41' title='bbox 226 383 266 415; x_wconf 74' lang='grc' dir='ltr'>τὸ,</span> <span class='ocrx_word' id='word_1_42' title='bbox 276 384 488 419; x_wconf 77' lang='grc' dir='ltr'>’Υπελάϐομεν,</span> <span class='ocrx_word' id='word_1_43' title='bbox 502 387 519 412; x_wconf 82' lang='grc' dir='ltr'><strong><em>ό</em></strong></span> <span class='ocrx_word' id='word_1_44' title='bbox 533 386 614 419; x_wconf 79' lang='grc' dir='ltr'>Θεὸς,</span> <span class='ocrx_word' id='word_1_45' title='bbox 633 388 666 414; x_wconf 89' lang='grc' dir='ltr'>τὸ</span> <span class='ocrx_word' id='word_1_46' title='bbox 683 388 769 423; x_wconf 75' lang='grc' dir='ltr'>ἔλεός</span> <span class='ocrx_word' id='word_1_47' title='bbox 790 397 858 421; x_wconf 82' lang='grc' dir='ltr'>σου,</span> 
     </span>
    </p>
   </div>
   <div class='ocr_carea' id='block_1_10' title="bbox 72 429 860 470">
    <p class='ocr_par' dir='ltr' id='par_1_10' title="bbox 72 429 860 470">
     <span class='ocr_line' id='line_1_10' title="bbox 72 429 860 470; baseline 0.01 -16"><span class='ocrx_word' id='word_1_48' title='bbox 72 429 203 459; x_wconf 84' lang='grc' dir='ltr'>τουτέστι.</span> <span class='ocrx_word' id='word_1_49' title='bbox 216 430 432 466; x_wconf 82' lang='grc' dir='ltr'>Περιεμείναμεν</span> <span class='ocrx_word' id='word_1_50' title='bbox 442 432 488 458; x_wconf 77' lang='grc' dir='ltr'>καὶ</span> <span class='ocrx_word' id='word_1_51' title='bbox 502 432 741 470; x_wconf 74' lang='grc' dir='ltr'>προσεδοκήσαμεν</span> <span class='ocrx_word' id='word_1_52' title='bbox 751 435 860 464; x_wconf 70' lang='grc' dir='ltr'>ἔσεσθαί</span> 
     </span>
    </p>
   </div>
   <div class='ocr_carea' id='block_1_11' title="bbox 74 474 542 512">
    <p class='ocr_par' dir='ltr' id='par_1_11' title="bbox 74 474 542 512">
     <span class='ocr_line' id='line_1_11' title="bbox 74 474 542 512; baseline 0.013 -13"><span class='ocrx_word' id='word_1_53' title='bbox 74 482 118 500; x_wconf 83' lang='grc' dir='ltr'>σου</span> <span class='ocrx_word' id='word_1_54' title='bbox 135 474 163 500; x_wconf 80' lang='grc' dir='ltr'>ὲν</span> <span class='ocrx_word' id='word_1_55' title='bbox 180 475 247 501; x_wconf 68' lang='grc' dir='ltr'>ᾖμῖν</span> <span class='ocrx_word' id='word_1_56' title='bbox 260 475 311 510; x_wconf 84' lang='grc' dir='ltr'>τὴν</span> <span class='ocrx_word' id='word_1_57' title='bbox 327 476 542 512; x_wconf 76' lang='grc' dir='ltr'>φιλανθρωπίαν.</span> 
     </span>
    </p>
   </div>
   <div class='ocr_carea' id='block_1_12' title="bbox 107 575 860 615">
    <p class='ocr_par' dir='ltr' id='par_1_12' title="bbox 107 575 860 615">
     <span class='ocr_line' id='line_1_12' title="bbox 107 575 860 615; baseline 0.011 -14"><span class='ocrx_word' id='word_1_58' title='bbox 107 575 179 610; x_wconf 80' lang='grc' dir='ltr'>Στίχ.</span> <span class='ocrx_word' id='word_1_59' title='bbox 189 576 360 610; x_wconf 80' lang='grc' dir='ltr'>ιγ’.-Τινὲς,</span> <span class='ocrx_word' id='word_1_60' title='bbox 374 577 412 612; x_wconf 91' lang='grc'>(1)</span> <span class='ocrx_word' id='word_1_61' title='bbox 429 579 571 613; x_wconf 73' lang='grc' dir='ltr'>Ῥομφαίᾳ</span> <span class='ocrx_word' id='word_1_62' title='bbox 582 587 651 610; x_wconf 80' lang='grc' dir='ltr'>σου,</span> <span class='ocrx_word' id='word_1_63' title='bbox 661 581 860 615; x_wconf 81' lang='grc' dir='ltr'>ἀναγινώσκου-</span> 
     </span>
    </p>
   </div>
   <div class='ocr_carea' id='block_1_13' title="bbox 75 621 861 663">
    <p class='ocr_par' dir='ltr' id='par_1_13' title="bbox 75 621 861 663">
     <span class='ocr_line' id='line_1_13' title="bbox 75 621 861 663; baseline 0.009 -17"><span class='ocrx_word' id='word_1_64' title='bbox 75 629 123 652; x_wconf 81' lang='grc' dir='ltr'>σιν,</span> <span class='ocrx_word' id='word_1_65' title='bbox 139 622 235 656; x_wconf 62' lang='grc' dir='ltr'>’μιξτῆς</span> <span class='ocrx_word' id='word_1_66' title='bbox 246 621 354 657; x_wconf 79' lang='grc' dir='ltr'>δοτικῆς</span> <span class='ocrx_word' id='word_1_67' title='bbox 370 622 500 654; x_wconf 81' lang='grc' dir='ltr'>πτώσεως</span> <span class='ocrx_word' id='word_1_68' title='bbox 509 624 641 658; x_wconf 77' lang='grc' dir='ltr'>λέγοντες·</span> <span class='ocrx_word' id='word_1_69' title='bbox 651 626 744 652; x_wconf 73' lang='grc' dir='ltr'>ἔστιδὲ</span> <span class='ocrx_word' id='word_1_70' title='bbox 758 627 807 663; x_wconf 71' lang='grc' dir='ltr'>οὐχ</span> <span class='ocrx_word' id='word_1_71' title='bbox 819 626 861 653; x_wconf 76' lang='grc' dir='ltr'>οὖ-</span> 
     </span>
    </p>
   </div>
   <div class='ocr_carea' id='block_1_14' title="bbox 74 667 860 706">
    <p class='ocr_par' dir='ltr' id='par_1_14' title="bbox 74 667 860 706">
     <span class='ocr_line' id='line_1_14' title="bbox 74 667 860 706; baseline 0.008 -14"><span class='ocrx_word' id='word_1_72' title='bbox 74 675 134 698; x_wconf 83' lang='grc' dir='ltr'>τως,</span> <span class='ocrx_word' id='word_1_73' title='bbox 144 667 223 699; x_wconf 79' lang='grc' dir='ltr'>ἀλλὰ.</span> <span class='ocrx_word' id='word_1_74' title='bbox 241 667 401 703; x_wconf 68' lang='grc' dir='ltr'>Ῥομφαίας</span> <span class='ocrx_word' id='word_1_75' title='bbox 411 677 480 703; x_wconf 81' lang='grc' dir='ltr'>σου,</span> <span class='ocrx_word' id='word_1_76' title='bbox 490 671 523 705; x_wconf 85' lang='grc' dir='ltr'>τῇ</span> <span class='ocrx_word' id='word_1_77' title='bbox 535 672 629 706; x_wconf 85' lang='grc' dir='ltr'>γενικῇ</span> <span class='ocrx_word' id='word_1_78' title='bbox 641 671 741 697; x_wconf 77' lang='grc' dir='ltr'>πτώσει</span> <span class='ocrx_word' id='word_1_79' title='bbox 749 671 860 706; x_wconf 82' lang='grc' dir='ltr'>λεγόμε-</span> 
     </span>
    </p>
   </div>
   <div class='ocr_carea' id='block_1_15' title="bbox 75 712 860 751">
    <p class='ocr_par' dir='ltr' id='par_1_15' title="bbox 75 712 860 751">
     <span class='ocr_line' id='line_1_15' title="bbox 75 712 860 751; baseline 0.009 -13"><span class='ocrx_word' id='word_1_80' title='bbox 75 720 125 738; x_wconf 76' lang='grc' dir='ltr'>νον’</span> <span class='ocrx_word' id='word_1_81' title='bbox 136 712 223 744; x_wconf 74' lang='grc' dir='ltr'>οὕτως</span> <span class='ocrx_word' id='word_1_82' title='bbox 235 713 304 749; x_wconf 80' lang='grc' dir='ltr'>γὰρ’</span> <span class='ocrx_word' id='word_1_83' title='bbox 313 714 422 747; x_wconf 85' lang='grc' dir='ltr'>Λκύλας</span> <span class='ocrx_word' id='word_1_84' title='bbox 434 713 505 748; x_wconf 79' lang='grc' dir='ltr'>εἷπε,</span> <span class='ocrx_word' id='word_1_85' title='bbox 522 717 675 751; x_wconf 77' lang='grc' dir='ltr'>Μαχαίρτις</span> <span class='ocrx_word' id='word_1_86' title='bbox 706 725 773 745; x_wconf 84' lang='grc' dir='ltr'>σου.</span> <span class='ocrx_word' id='word_1_87' title='bbox 787 720 818 745; x_wconf 83' lang='grc'>’0</span> <span class='ocrx_word' id='word_1_88' title='bbox 832 719 860 745; x_wconf 77' lang='grc' dir='ltr'>δὲ</span> 
     </span>
    </p>
   </div>
   <div class='ocr_carea' id='block_1_16' title="bbox 75 758 860 800">
    <p class='ocr_par' dir='ltr' id='par_1_16' title="bbox 75 758 860 800">
     <span class='ocr_line' id='line_1_16' title="bbox 75 758 860 800; baseline 0.009 -16"><span class='ocrx_word' id='word_1_89' title='bbox 75 758 194 792; x_wconf 79' lang='grc' dir='ltr'>βούλεται</span> <span class='ocrx_word' id='word_1_90' title='bbox 205 761 303 791; x_wconf 85' lang='grc' dir='ltr'>εἰπεῖν,</span> <span class='ocrx_word' id='word_1_91' title='bbox 314 761 434 788; x_wconf 76' lang='grc' dir='ltr'>τοιοῦτόν</span> <span class='ocrx_word' id='word_1_92' title='bbox 445 763 518 788; x_wconf 81' lang='grc' dir='ltr'>ἐστιν</span> <span class='ocrx_word' id='word_1_93' title='bbox 527 771 534 778; x_wconf 71' lang='grc' dir='ltr'>θ</span> <span class='ocrx_word' id='word_1_94' title='bbox 542 763 636 790; x_wconf 80' lang='grc' dir='ltr'>Ῥῦσαι</span> <span class='ocrx_word' id='word_1_95' title='bbox 645 764 693 799; x_wconf 87' lang='grc' dir='ltr'>τὴν</span> <span class='ocrx_word' id='word_1_96' title='bbox 700 764 789 800; x_wconf 79' lang='grc' dir='ltr'>ψυχήν</span> <span class='ocrx_word' id='word_1_97' title='bbox 799 774 860 800; x_wconf 86' lang='grc' dir='ltr'>μου,</span> 
     </span>
    </p>
   </div>
   <div class='ocr_carea' id='block_1_17' title="bbox 74 804 861 842">
    <p class='ocr_par' dir='ltr' id='par_1_17' title="bbox 74 804 861 842">
     <span class='ocr_line' id='line_1_17' title="bbox 74 804 861 842; baseline 0.01 -13"><span class='ocrx_word' id='word_1_98' title='bbox 74 804 210 831; x_wconf 74' lang='grc' dir='ltr'>τουτέστιν</span> <span class='ocrx_word' id='word_1_99' title='bbox 228 805 288 840; x_wconf 78' lang='grc' dir='ltr'>ἐμὲ,</span> <span class='ocrx_word' id='word_1_100' title='bbox 307 806 361 832; x_wconf 84' lang='grc' dir='ltr'>ἀπὸ</span> <span class='ocrx_word' id='word_1_101' title='bbox 379 807 479 834; x_wconf 82' lang='grc' dir='ltr'>τούτων</span> <span class='ocrx_word' id='word_1_102' title='bbox 494 808 547 835; x_wconf 81' lang='grc' dir='ltr'>τῶν</span> <span class='ocrx_word' id='word_1_103' title='bbox 565 809 678 840; x_wconf 76' lang='grc' dir='ltr'>ἀσεϐῶν,</span> <span class='ocrx_word' id='word_1_104' title='bbox 693 811 738 836; x_wconf 75' lang='grc' dir='ltr'>καὶ</span> <span class='ocrx_word' id='word_1_105' title='bbox 749 811 802 837; x_wconf 75' lang='grc' dir='ltr'>ἀπὸ</span> <span class='ocrx_word' id='word_1_106' title='bbox 812 810 861 842; x_wconf 80' lang='grc' dir='ltr'>τῆς</span> 
     </span>
    </p>
   </div>
   <div class='ocr_carea' id='block_1_18' title="bbox 76 851 861 892">
    <p class='ocr_par' dir='ltr' id='par_1_18' title="bbox 76 851 861 892">
     <span class='ocr_line' id='line_1_18' title="bbox 76 851 861 892; baseline 0.006 -15"><span class='ocrx_word' id='word_1_107' title='bbox 76 851 208 885; x_wconf 72' lang='grc' dir='ltr'>ῥομφαίας</span> <span class='ocrx_word' id='word_1_108' title='bbox 225 851 279 878; x_wconf 84' lang='grc' dir='ltr'>τῶν</span> <span class='ocrx_word' id='word_1_109' title='bbox 297 852 402 888; x_wconf 77' lang='grc' dir='ltr'>ἐχθρῶν</span> <span class='ocrx_word' id='word_1_110' title='bbox 421 853 565 890; x_wconf 68' lang='grc' dir='ltr'>τῆςεχειρός</span> <span class='ocrx_word' id='word_1_111' title='bbox 573 863 619 880; x_wconf 86' lang='grc' dir='ltr'>σου</span> <span class='ocrx_word' id='word_1_112' title='bbox 630 863 636 870; x_wconf 80' lang='grc'><em>’</em></span> <span class='ocrx_word' id='word_1_113' title='bbox 654 855 788 890; x_wconf 77' lang='grc' dir='ltr'>ῥομφαίαν</span> <span class='ocrx_word' id='word_1_114' title='bbox 808 856 861 892; x_wconf 83' lang='grc' dir='ltr'>γὰρ</span> 
     </span>
    </p>
   </div>
   <div class='ocr_carea' id='block_1_19' title="bbox 76 895 861 937">
    <p class='ocr_par' dir='ltr' id='par_1_19' title="bbox 76 895 861 937">
     <span class='ocr_line' id='line_1_19' title="bbox 76 895 861 937; baseline 0.01 -17"><span class='ocrx_word' id='word_1_115' title='bbox 76 895 148 923; x_wconf 74' lang='grc' dir='ltr'>καλεῖ</span> <span class='ocrx_word' id='word_1_116' title='bbox 159 897 210 931; x_wconf 86' lang='grc' dir='ltr'>τὴν</span> <span class='ocrx_word' id='word_1_117' title='bbox 224 897 286 923; x_wconf 82' lang='grc' dir='ltr'>κατ’</span> <span class='ocrx_word' id='word_1_118' title='bbox 303 897 386 923; x_wconf 84' lang='grc' dir='ltr'>αὑτοῦ</span> <span class='ocrx_word' id='word_1_119' title='bbox 402 899 548 934; x_wconf 81' lang='grc' dir='ltr'>γινομένην</span> <span class='ocrx_word' id='word_1_120' title='bbox 563 900 608 926; x_wconf 81' lang='grc' dir='ltr'>ὑπ’</span> <span class='ocrx_word' id='word_1_121' title='bbox 622 901 710 927; x_wconf 78' lang='grc' dir='ltr'>αὐτῶν</span> <span class='ocrx_word' id='word_1_122' title='bbox 728 902 861 937; x_wconf 81' lang='grc' dir='ltr'>μηχανὴν,</span> 
     </span>
    </p>
   </div>
   <div class='ocr_carea' id='block_1_20' title="bbox 77 941 862 981">
    <p class='ocr_par' dir='ltr' id='par_1_20' title="bbox 77 941 862 981">
     <span class='ocr_line' id='line_1_20' title="bbox 77 941 862 981; baseline 0.008 -14"><span class='ocrx_word' id='word_1_123' title='bbox 77 941 162 976; x_wconf 80' lang='grc' dir='ltr'>πάσης</span> <span class='ocrx_word' id='word_1_124' title='bbox 180 942 320 977; x_wconf 77' lang='grc' dir='ltr'>μαχαίρας</span> <span class='ocrx_word' id='word_1_125' title='bbox 339 944 399 969; x_wconf 78' lang='grc' dir='ltr'>κατ’</span> <span class='ocrx_word' id='word_1_126' title='bbox 418 944 500 970; x_wconf 81' lang='grc' dir='ltr'>αὑτοῦ</span> <span class='ocrx_word' id='word_1_127' title='bbox 514 946 722 981; x_wconf 79' lang='grc' dir='ltr'>τμητικωτέραν</span> <span class='ocrx_word' id='word_1_128' title='bbox 736 947 785 981; x_wconf 86' lang='grc' dir='ltr'>τὴν</span> <span class='ocrx_word' id='word_1_129' title='bbox 801 948 862 973; x_wconf 76' lang='grc' dir='ltr'>ἑπι-</span> 
     </span>
    </p>
   </div>
   <div class='ocr_carea' id='block_1_21' title="bbox 77 987 862 1027">
    <p class='ocr_par' dir='ltr' id='par_1_21' title="bbox 77 987 862 1027">
     <span class='ocr_line' id='line_1_21' title="bbox 77 987 862 1027; baseline 0.009 -14"><span class='ocrx_word' id='word_1_130' title='bbox 77 987 171 1023; x_wconf 80' lang='grc' dir='ltr'>6ουλὴν</span> <span class='ocrx_word' id='word_1_131' title='bbox 185 988 374 1023; x_wconf 76' lang='grc' dir='ltr'>ἐργαζομένην</span> <span class='ocrx_word' id='word_1_132' title='bbox 383 998 389 1004; x_wconf 79' lang='grc'><strong><em>⁸</em></strong></span> <span class='ocrx_word' id='word_1_133' title='bbox 403 990 516 1025; x_wconf 69' lang='grc' dir='ltr'>ἐχθροὺς</span> <span class='ocrx_word' id='word_1_134' title='bbox 529 991 558 1018; x_wconf 74' lang='grc' dir='ltr'>δὲ</span> <span class='ocrx_word' id='word_1_135' title='bbox 572 992 619 1026; x_wconf 80' lang='grc' dir='ltr'>τῆς</span> <span class='ocrx_word' id='word_1_136' title='bbox 633 992 722 1027; x_wconf 80' lang='grc' dir='ltr'>χειρὸς</span> <span class='ocrx_word' id='word_1_137' title='bbox 735 992 781 1019; x_wconf 81' lang='grc' dir='ltr'>τοῦ</span> <span class='ocrx_word' id='word_1_138' title='bbox 795 993 862 1020; x_wconf 86' lang='grc' dir='ltr'>Θεοῦ</span> 
     </span>
    </p>
   </div>
   <div class='ocr_carea' id='block_1_22' title="bbox 78 1033 863 1073">
    <p class='ocr_par' dir='ltr' id='par_1_22' title="bbox 78 1033 863 1073">
     <span class='ocr_line' id='line_1_22' title="bbox 78 1033 863 1073; baseline 0.008 -14"><span class='ocrx_word' id='word_1_139' title='bbox 78 1033 151 1060; x_wconf 83' lang='grc' dir='ltr'>καλεῖ</span> <span class='ocrx_word' id='word_1_140' title='bbox 163 1035 225 1065; x_wconf 74' lang='grc' dir='ltr'>τοὺς</span> <span class='ocrx_word' id='word_1_141' title='bbox 236 1035 350 1070; x_wconf 80' lang='grc' dir='ltr'>ἐχθροὺς</span> <span class='ocrx_word' id='word_1_142' title='bbox 362 1036 426 1067; x_wconf 76' lang='grc' dir='ltr'>τοὺς</span> <span class='ocrx_word' id='word_1_143' title='bbox 436 1036 518 1062; x_wconf 77' lang='grc' dir='ltr'>αὐτοῦ</span> <span class='ocrx_word' id='word_1_144' title='bbox 528 1045 535 1052; x_wconf 66' lang='grc' dir='ltr'>ί</span> <span class='ocrx_word' id='word_1_145' title='bbox 551 1037 644 1073; x_wconf 79' lang='grc' dir='ltr'>ἐπειδὴ</span> <span class='ocrx_word' id='word_1_146' title='bbox 660 1038 704 1064; x_wconf 84' lang='grc' dir='ltr'>τὸν</span> <span class='ocrx_word' id='word_1_147' title='bbox 720 1039 766 1064; x_wconf 71' lang='grc' dir='ltr'>ὑπ’</span> <span class='ocrx_word' id='word_1_148' title='bbox 781 1038 863 1065; x_wconf 77' lang='grc' dir='ltr'>αὑτοῦ</span> 
     </span>
    </p>
   </div>
   <div class='ocr_carea' id='block_1_23' title="bbox 78 1080 864 1119">
    <p class='ocr_par' dir='ltr' id='par_1_23' title="bbox 78 1080 864 1119">
     <span class='ocr_line' id='line_1_23' title="bbox 78 1080 864 1119; baseline 0.008 -14"><span class='ocrx_word' id='word_1_149' title='bbox 78 1080 219 1117; x_wconf 76' lang='grc' dir='ltr'>χρισθέντα</span> <span class='ocrx_word' id='word_1_150' title='bbox 228 1081 270 1112; x_wconf 76' lang='grc' dir='ltr'>εὶς</span> <span class='ocrx_word' id='word_1_151' title='bbox 282 1081 392 1115; x_wconf 80' lang='grc' dir='ltr'>βασιλέα</span> <span class='ocrx_word' id='word_1_152' title='bbox 402 1082 471 1108; x_wconf 73' lang='grc' dir='ltr'>ἑλεῖν</span> <span class='ocrx_word' id='word_1_153' title='bbox 485 1082 693 1115; x_wconf 81' lang='grc' dir='ltr'>ἐσπουδακότες,</span> <span class='ocrx_word' id='word_1_154' title='bbox 707 1084 780 1119; x_wconf 84' lang='grc' dir='ltr'>αὑτῴ</span> <span class='ocrx_word' id='word_1_155' title='bbox 791 1084 864 1119; x_wconf 73' lang='grc' dir='ltr'>δῆλοι</span> 
     </span>
    </p>
   </div>
   <div class='ocr_carea' id='block_1_24' title="bbox 78 1124 864 1165">
    <p class='ocr_par' dir='ltr' id='par_1_24' title="bbox 78 1124 864 1165">
     <span class='ocr_line' id='line_1_24' title="bbox 78 1124 864 1165; baseline 0.005 -12"><span class='ocrx_word' id='word_1_156' title='bbox 78 1124 143 1161; x_wconf 79' lang='grc' dir='ltr'>ἦι-..ιν</span> <span class='ocrx_word' id='word_1_157' title='bbox 156 1126 347 1162; x_wconf 79' lang='grc' dir='ltr'>ἐχθραίνοντες</span> <span class='ocrx_word' id='word_1_158' title='bbox 360 1128 400 1163; x_wconf 86' lang='grc' dir='ltr'>τῷ</span> <span class='ocrx_word' id='word_1_159' title='bbox 414 1128 484 1163; x_wconf 78' lang='grc' dir='ltr'>Θεῷ,</span> <span class='ocrx_word' id='word_1_160' title='bbox 502 1129 548 1155; x_wconf 73' lang='grc' dir='ltr'>καὶ</span> <span class='ocrx_word' id='word_1_161' title='bbox 564 1131 619 1163; x_wconf 81' lang='grc' dir='ltr'>τοῖς</span> <span class='ocrx_word' id='word_1_162' title='bbox 634 1129 680 1156; x_wconf 85' lang='grc' dir='ltr'>ὑπ’</span> <span class='ocrx_word' id='word_1_163' title='bbox 694 1130 776 1157; x_wconf 76' lang='grc' dir='ltr'>αὐτοῦ</span> <span class='ocrx_word' id='word_1_164' title='bbox 788 1139 864 1165; x_wconf 63' lang='grc' dir='ltr'>γενος</span> 
     </span>
    </p>
   </div>
   <div class='ocr_carea' id='block_1_25' title="bbox 80 1172 577 1207">
    <p class='ocr_par' dir='ltr' id='par_1_25' title="bbox 80 1172 577 1207">
     <span class='ocr_line' id='line_1_25' title="bbox 80 1172 577 1207; baseline 0.008 -9"><span class='ocrx_word' id='word_1_165' title='bbox 80 1172 165 1206; x_wconf 73' lang='grc' dir='ltr'>μένοις</span> <span class='ocrx_word' id='word_1_166' title='bbox 177 1172 357 1201; x_wconf 81' lang='grc' dir='ltr'>ἀνθίστασθαι</span> <span class='ocrx_word' id='word_1_167' title='bbox 371 1175 577 1207; x_wconf 79' lang='grc' dir='ltr'>ἐσπουδακότες.</span> 
     </span>
    </p>
   </div>
   <div class='ocr_carea' id='block_1_26' title="bbox 111 1220 866 1257">
    <p class='ocr_par' dir='ltr' id='par_1_26' title="bbox 111 1220 866 1257">
     <span class='ocr_line' id='line_1_26' title="bbox 111 1220 866 1257; baseline 0.007 -11"><span class='ocrx_word' id='word_1_168' title='bbox 111 1220 182 1254; x_wconf 79' lang='grc' dir='ltr'>Στίχ.</span> <span class='ocrx_word' id='word_1_169' title='bbox 203 1220 246 1247; x_wconf 82' lang='grc' dir='ltr'>ιδ’.</span> <span class='ocrx_word' id='word_1_170' title='bbox 264 1235 299 1240; x_wconf 94' lang='grc'><strong>-</strong></span> <span class='ocrx_word' id='word_1_171' title='bbox 315 1221 351 1246; x_wconf 81' lang='grc' dir='ltr'>Τὸ</span> <span class='ocrx_word' id='word_1_172' title='bbox 367 1221 417 1255; x_wconf 80' lang='grc' dir='ltr'>μὲν</span> <span class='ocrx_word' id='word_1_173' title='bbox 440 1220 497 1254; x_wconf 80' lang='grc' dir='ltr'>οὖν,</span> <span class='ocrx_word' id='word_1_174' title='bbox 522 1222 672 1250; x_wconf 79' lang='grc' dir='ltr'>Ἀπολύων</span> <span class='ocrx_word' id='word_1_175' title='bbox 686 1223 724 1257; x_wconf 74' lang='lat'>(‘2)</span> <span class='ocrx_word' id='word_1_176' title='bbox 740 1223 800 1250; x_wconf 78' lang='grc' dir='ltr'>ἀπὸ</span> <span class='ocrx_word' id='word_1_177' title='bbox 813 1222 866 1257; x_wconf 81' lang='grc' dir='ltr'>τῆς</span> 
     </span>
    </p>
   </div>
   <div class='ocr_carea' id='block_1_27' title="bbox 81 1266 866 1304">
    <p class='ocr_par' dir='ltr' id='par_1_27' title="bbox 81 1266 866 1304">
     <span class='ocr_line' id='line_1_27' title="bbox 81 1266 866 1304; baseline 0.003 -10"><span class='ocrx_word' id='word_1_178' title='bbox 81 1267 142 1301; x_wconf 76' lang='grc' dir='ltr'>γῆς,</span> <span class='ocrx_word' id='word_1_179' title='bbox 156 1266 215 1296; x_wconf 78' lang='grc' dir='ltr'>εἶπε</span> <span class='ocrx_word' id='word_1_180' title='bbox 228 1269 298 1303; x_wconf 82' lang='grc' dir='ltr'>πρὸς</span> <span class='ocrx_word' id='word_1_181' title='bbox 308 1268 353 1294; x_wconf 83' lang='grc' dir='ltr'>τὸν</span> <span class='ocrx_word' id='word_1_182' title='bbox 366 1268 442 1299; x_wconf 81' lang='grc' dir='ltr'>Θεὸν,</span> <span class='ocrx_word' id='word_1_183' title='bbox 454 1268 491 1300; x_wconf 83' lang='grc' dir='ltr'>ὡς</span> <span class='ocrx_word' id='word_1_184' title='bbox 501 1268 534 1295; x_wconf 83' lang='grc' dir='ltr'>ἂν</span> <span class='ocrx_word' id='word_1_185' title='bbox 545 1269 627 1295; x_wconf 85' lang='grc' dir='ltr'>αὑτοῦ</span> <span class='ocrx_word' id='word_1_186' title='bbox 637 1269 685 1304; x_wconf 82' lang='grc' dir='ltr'>τὴν</span> <span class='ocrx_word' id='word_1_187' title='bbox 695 1269 741 1296; x_wconf 78' lang='grc' dir='ltr'>τοῦ</span> <span class='ocrx_word' id='word_1_188' title='bbox 751 1269 866 1296; x_wconf 83' lang='grc' dir='ltr'>θανάτου</span> 
     </span>
    </p>
   </div>
   <div class='ocr_carea' id='block_1_28' title="bbox 80 1313 866 1348">
    <p class='ocr_par' dir='ltr' id='par_1_28' title="bbox 80 1313 866 1348">
     <span class='ocr_line' id='line_1_28' title="bbox 80 1313 866 1348; baseline 0.003 -9"><span class='ocrx_word' id='word_1_189' title='bbox 80 1313 214 1348; x_wconf 72' lang='grc' dir='ltr'>ἀπόφασιν</span> <span class='ocrx_word' id='word_1_190' title='bbox 247 1313 318 1340; x_wconf 85' lang='grc' dir='ltr'>κατὰ</span> <span class='ocrx_word' id='word_1_191' title='bbox 349 1313 403 1340; x_wconf 82' lang='grc' dir='ltr'>τῶν</span> <span class='ocrx_word' id='word_1_192' title='bbox 431 1313 584 1348; x_wconf 81' lang='grc' dir='ltr'>ἀνθρώπων</span> <span class='ocrx_word' id='word_1_193' title='bbox 601 1314 809 1348; x_wconf 81' lang='grc' dir='ltr'>ἐξενέγκαντος·</span> <span class='ocrx_word' id='word_1_194' title='bbox 835 1314 866 1341; x_wconf 81' lang='grc' dir='ltr'>ἶν’</span> 
     </span>
    </p>
   </div>
   <div class='ocr_carea' id='block_1_29' title="bbox 80 1359 868 1394">
    <p class='ocr_par' dir='ltr' id='par_1_29' title="bbox 80 1359 868 1394">
     <span class='ocr_line' id='line_1_29' title="bbox 80 1359 868 1394; baseline 0.003 -10"><span class='ocrx_word' id='word_1_195' title='bbox 80 1359 150 1394; x_wconf 82' lang='grc' dir='ltr'>εἴπῃ,</span> <span class='ocrx_word' id='word_1_196' title='bbox 164 1360 202 1386; x_wconf 74' lang='grc' dir='ltr'>ὅτι</span> <span class='ocrx_word' id='word_1_197' title='bbox 218 1360 256 1386; x_wconf 80' lang='grc' dir='ltr'>Σὺ</span> <span class='ocrx_word' id='word_1_198' title='bbox 268 1360 282 1386; x_wconf 84' lang='grc' dir='ltr'>ὁ</span> <span class='ocrx_word' id='word_1_199' title='bbox 292 1359 394 1390; x_wconf 77' lang='grc' dir='ltr'>πάντας</span> <span class='ocrx_word' id='word_1_200' title='bbox 407 1359 589 1393; x_wconf 81' lang='grc' dir='ltr'>ἀποθνήσκειν</span> <span class='ocrx_word' id='word_1_201' title='bbox 604 1360 700 1386; x_wconf 80' lang='grc' dir='ltr'>ποιῶν·</span> <span class='ocrx_word' id='word_1_202' title='bbox 717 1361 756 1392; x_wconf 64' lang='grc' dir='ltr'>τδ,</span> <span class='ocrx_word' id='word_1_203' title='bbox 769 1361 868 1394; x_wconf 80' lang='grc' dir='ltr'>Διαμέ-</span> 
     </span>
    </p>
   </div>
   <div class='ocr_carea' id='block_1_30' title="bbox 79 1404 868 1440">
    <p class='ocr_par' dir='ltr' id='par_1_30' title="bbox 79 1404 868 1440">
     <span class='ocr_line' id='line_1_30' title="bbox 79 1404 868 1440; baseline 0 -9"><span class='ocrx_word' id='word_1_204' title='bbox 79 1412 171 1438; x_wconf 77' lang='grc' dir='ltr'>ρισον,</span> <span class='ocrx_word' id='word_1_205' title='bbox 182 1405 245 1432; x_wconf 83' lang='grc' dir='ltr'>ἀντὶ</span> <span class='ocrx_word' id='word_1_206' title='bbox 270 1404 327 1438; x_wconf 83' lang='grc' dir='ltr'>τοῦ,</span> <span class='ocrx_word' id='word_1_207' title='bbox 352 1405 558 1440; x_wconf 78' lang='grc' dir='ltr'>Διασκόρπισον,</span> <span class='ocrx_word' id='word_1_208' title='bbox 579 1405 632 1431; x_wconf 82' lang='grc' dir='ltr'>ἀπὸ</span> <span class='ocrx_word' id='word_1_209' title='bbox 648 1405 694 1432; x_wconf 84' lang='grc' dir='ltr'>τοῦ</span> <span class='ocrx_word' id='word_1_210' title='bbox 712 1405 742 1431; x_wconf 83' lang='grc' dir='ltr'>τὸ</span> <span class='ocrx_word' id='word_1_211' title='bbox 757 1414 868 1440; x_wconf 82' lang='grc' dir='ltr'>σκορπι-</span> 
     </span>
    </p>
   </div>
   <div class='ocr_carea' id='block_1_31' title="bbox 80 1449 870 1485">
    <p class='ocr_par' dir='ltr' id='par_1_31' title="bbox 80 1449 870 1485">
     <span class='ocr_line' id='line_1_31' title="bbox 80 1449 870 1485; baseline 0.001 -9"><span class='ocrx_word' id='word_1_212' title='bbox 80 1449 187 1485; x_wconf 82' lang='grc' dir='ltr'>ζόμενον</span> <span class='ocrx_word' id='word_1_213' title='bbox 202 1451 314 1482; x_wconf 78' lang='grc' dir='ltr'>πάντως</span> <span class='ocrx_word' id='word_1_214' title='bbox 326 1450 387 1485; x_wconf 77' lang='grc' dir='ltr'>τῇδε</span> <span class='ocrx_word' id='word_1_215' title='bbox 399 1450 510 1476; x_wconf 77' lang='grc' dir='ltr'>κάκεῖσε</span> <span class='ocrx_word' id='word_1_216' title='bbox 520 1449 678 1485; x_wconf 74' lang='grc' dir='ltr'>μερίζεσθαι</span> <span class='ocrx_word' id='word_1_217' title='bbox 689 1458 696 1466; x_wconf 74' lang='grc'><strong>⁸</strong></span> <span class='ocrx_word' id='word_1_218' title='bbox 707 1451 737 1477; x_wconf 73' lang='grc' dir='ltr'>τδ</span> <span class='ocrx_word' id='word_1_219' title='bbox 753 1451 792 1483; x_wconf 80' lang='grc' dir='ltr'>δὲ,</span> <span class='ocrx_word' id='word_1_220' title='bbox 809 1451 870 1478; x_wconf 82' lang='grc' dir='ltr'>Τῶν</span> 
     </span>
    </p>
   </div>
   <div class='ocr_carea' id='block_1_32' title="bbox 81 1492 870 1531">
    <p class='ocr_par' dir='ltr' id='par_1_32' title="bbox 81 1492 870 1531">
     <span class='ocr_line' id='line_1_32' title="bbox 81 1492 870 1531; baseline 0.001 -10"><span class='ocrx_word' id='word_1_221' title='bbox 81 1495 298 1531; x_wconf 74' lang='grc' dir='ltr'>κεκρυμμένων,</span> <span class='ocrx_word' id='word_1_222' title='bbox 314 1495 373 1522; x_wconf 74' lang='grc' dir='ltr'>ἀντὶ</span> <span class='ocrx_word' id='word_1_223' title='bbox 385 1494 442 1528; x_wconf 81' lang='grc' dir='ltr'>τοῦ,</span> <span class='ocrx_word' id='word_1_224' title='bbox 462 1496 522 1522; x_wconf 88' lang='grc' dir='ltr'>Τῶν</span> <span class='ocrx_word' id='word_1_225' title='bbox 538 1496 677 1531; x_wconf 82' lang='grc' dir='ltr'>τιμωριῶν</span> <span class='ocrx_word' id='word_1_226' title='bbox 693 1505 739 1522; x_wconf 90' lang='grc' dir='ltr'>σου</span> <span class='ocrx_word' id='word_1_227' title='bbox 747 1492 784 1522; x_wconf 80' lang='grc' dir='ltr'>ὧν</span> <span class='ocrx_word' id='word_1_228' title='bbox 798 1496 870 1531; x_wconf 75' lang='grc' dir='ltr'>ἔχεις</span> 
     </span>
    </p>
   </div>
   <div class='ocr_carea' id='block_1_33' title="bbox 909 258 1692 300">
    <p class='ocr_par' dir='ltr' id='par_1_33' title="bbox 909 258 1692 300">
     <span class='ocr_line' id='line_1_33' title="bbox 909 258 1692 300; baseline 0.013 -17"><span class='ocrx_word' id='word_1_229' title='bbox 909 258 977 284; x_wconf 80' lang='lat' dir='ltr'><strong>dixit</strong></span> <span class='ocrx_word' id='word_1_230' title='bbox 1007 266 1185 294; x_wconf 68' lang='lat' dir='ltr'><strong>susceperunt.</strong></span> <span class='ocrx_word' id='word_1_231' title='bbox 1206 262 1339 294; x_wconf 84' lang='lat' dir='ltr'><strong>Quoniam</strong></span> <span class='ocrx_word' id='word_1_232' title='bbox 1365 265 1411 298; x_wconf 91' lang='lat' dir='ltr'>qui</span> <span class='ocrx_word' id='word_1_233' title='bbox 1439 266 1612 300; x_wconf 85' lang='lat' dir='ltr'><strong>suscipiunt,</strong></span> <span class='ocrx_word' id='word_1_234' title='bbox 1642 266 1692 293; x_wconf 87' lang='lat' dir='ltr'><strong>ali-</strong></span> 
     </span>
    </p>
   </div>
   <div class='ocr_carea' id='block_1_34' title="bbox 910 304 1693 345">
    <p class='ocr_par' dir='ltr' id='par_1_34' title="bbox 910 304 1693 345">
     <span class='ocr_line' id='line_1_34' title="bbox 910 304 1693 345; baseline 0.01 -15"><span class='ocrx_word' id='word_1_235' title='bbox 910 304 974 337; x_wconf 87' lang='lat' dir='ltr'><strong>quid</strong></span> <span class='ocrx_word' id='word_1_236' title='bbox 992 304 1111 332; x_wconf 80' lang='lat' dir='ltr'><strong>futurum</strong></span> <span class='ocrx_word' id='word_1_237' title='bbox 1127 311 1295 341; x_wconf 71' lang='lat' dir='ltr'>exspectant.</span> <span class='ocrx_word' id='word_1_238' title='bbox 1311 308 1337 335; x_wconf 87' lang='lat' dir='ltr'><strong>Id</strong></span> <span class='ocrx_word' id='word_1_239' title='bbox 1350 313 1402 341; x_wconf 83' lang='lat' dir='ltr'><strong>est,</strong></span> <span class='ocrx_word' id='word_1_240' title='bbox 1419 309 1511 337; x_wconf 85' lang='lat' dir='ltr'><strong>Talem</strong></span> <span class='ocrx_word' id='word_1_241' title='bbox 1528 310 1562 339; x_wconf 87' lang='lat' dir='ltr'>de</span> <span class='ocrx_word' id='word_1_242' title='bbox 1575 318 1617 338; x_wconf 91' lang='lat' dir='ltr'>me</span> <span class='ocrx_word' id='word_1_243' title='bbox 1633 311 1693 345; x_wconf 90' lang='lat' dir='ltr'><strong>opi-</strong></span> 
     </span>
    </p>
   </div>
   <div class='ocr_carea' id='block_1_35' title="bbox 910 349 1694 389">
    <p class='ocr_par' dir='ltr' id='par_1_35' title="bbox 910 349 1694 389">
     <span class='ocr_line' id='line_1_35' title="bbox 910 349 1694 389; baseline 0.008 -15"><span class='ocrx_word' id='word_1_244' title='bbox 910 349 1018 376; x_wconf 77' lang='lat' dir='ltr'><strong>nionem</strong></span> <span class='ocrx_word' id='word_1_245' title='bbox 1033 349 1142 383; x_wconf 89' lang='lat' dir='ltr'><strong>habent,</strong></span> <span class='ocrx_word' id='word_1_246' title='bbox 1162 355 1192 378; x_wconf 90' lang='lat' dir='ltr'>ut</span> <span class='ocrx_word' id='word_1_247' title='bbox 1207 359 1249 378; x_wconf 89' lang='lat' dir='ltr'>me</span> <span class='ocrx_word' id='word_1_248' title='bbox 1270 353 1354 380; x_wconf 90' lang='lat' dir='ltr'><strong>veluti</strong></span> <span class='ocrx_word' id='word_1_249' title='bbox 1373 353 1457 381; x_wconf 78' lang='lat' dir='ltr'><strong>feram</strong></span> <span class='ocrx_word' id='word_1_250' title='bbox 1482 354 1629 389; x_wconf 81' lang='lat' dir='ltr'><strong>quamdam</strong></span> <span class='ocrx_word' id='word_1_251' title='bbox 1646 363 1694 381; x_wconf 86' lang='lat' dir='ltr'><strong>ve-</strong></span> 
     </span>
    </p>
   </div>
   <div class='ocr_carea' id='block_1_36' title="bbox 910 397 1694 435">
    <p class='ocr_par' dir='ltr' id='par_1_36' title="bbox 910 397 1694 435">
     <span class='ocr_line' id='line_1_36' title="bbox 910 397 1694 435; baseline 0.009 -14"><span class='ocrx_word' id='word_1_252' title='bbox 910 400 1009 422; x_wconf 75' lang='lat' dir='ltr'><strong>rtentur</strong></span> <span class='ocrx_word' id='word_1_253' title='bbox 1025 400 1052 423; x_wconf 89' lang='lat' dir='ltr'><strong>et</strong></span> <span class='ocrx_word' id='word_1_254' title='bbox 1073 397 1190 430; x_wconf 72' lang='lat' dir='ltr'><strong>capiant.</strong></span> <span class='ocrx_word' id='word_1_255' title='bbox 1206 397 1300 425; x_wconf 88' lang='lat' dir='ltr'>Simile</span> <span class='ocrx_word' id='word_1_256' title='bbox 1314 404 1356 426; x_wconf 86' lang='lat' dir='ltr'>est</span> <span class='ocrx_word' id='word_1_257' title='bbox 1369 404 1395 426; x_wconf 88' lang='lat' dir='ltr'><strong>et</strong></span> <span class='ocrx_word' id='word_1_258' title='bbox 1408 399 1473 427; x_wconf 91' lang='lat' dir='ltr'><strong>illud</strong></span> <span class='ocrx_word' id='word_1_259' title='bbox 1493 409 1500 427; x_wconf 87' lang='lat'><strong>:</strong></span> <span class='ocrx_word' id='word_1_260' title='bbox 1514 399 1694 435; x_wconf 70' lang='lat' dir='ltr'><strong>Suscepimus.</strong></span> 
     </span>
    </p>
   </div>
   <div class='ocr_carea' id='block_1_37' title="bbox 911 439 1695 478">
    <p class='ocr_par' dir='ltr' id='par_1_37' title="bbox 911 439 1695 478">
     <span class='ocr_line' id='line_1_37' title="bbox 911 439 1695 478; baseline 0.01 -13"><span class='ocrx_word' id='word_1_261' title='bbox 911 439 1032 471; x_wconf 77' lang='lat' dir='ltr'><strong>Domina.</strong></span> <span class='ocrx_word' id='word_1_262' title='bbox 1053 441 1261 469; x_wconf 79' lang='lat' dir='ltr'><strong>misericordiam</strong></span> <span class='ocrx_word' id='word_1_263' title='bbox 1288 448 1358 470; x_wconf 85' lang='lat' dir='ltr'><strong>tuam</strong></span> <span class='ocrx_word' id='word_1_264' title='bbox 1390 443 1487 477; x_wconf 66' lang='lat' dir='ltr'><strong>(Paul.</strong></span> <span class='ocrx_word' id='word_1_265' title='bbox 1516 453 1601 476; x_wconf 68' lang='lat' dir='ltr'>XLVII,</span> <span class='ocrx_word' id='word_1_266' title='bbox 1633 447 1695 478; x_wconf 81' lang='grc'>10),</span> 
     </span>
    </p>
   </div>
   <div class='ocr_carea' id='block_1_38' title="bbox 911 485 1697 522">
    <p class='ocr_par' dir='ltr' id='par_1_38' title="bbox 911 485 1697 522">
     <span class='ocr_line' id='line_1_38' title="bbox 911 485 1697 522; baseline 0.009 -11"><span class='ocrx_word' id='word_1_267' title='bbox 911 485 962 512; x_wconf 90' lang='lat' dir='ltr'><strong>hoc</strong></span> <span class='ocrx_word' id='word_1_268' title='bbox 977 490 1029 516; x_wconf 90' lang='lat' dir='ltr'><strong>est,</strong></span> <span class='ocrx_word' id='word_1_269' title='bbox 1045 485 1268 522; x_wconf 84' lang='lat' dir='ltr'><strong>Exspectavimus</strong></span> <span class='ocrx_word' id='word_1_270' title='bbox 1291 488 1410 516; x_wconf 77' lang='lat' dir='ltr'><strong>futuram</strong></span> <span class='ocrx_word' id='word_1_271' title='bbox 1427 489 1454 516; x_wconf 90' lang='lat' dir='ltr'>in</span> <span class='ocrx_word' id='word_1_272' title='bbox 1473 489 1552 517; x_wconf 87' lang='lat' dir='ltr'><strong>nobis</strong></span> <span class='ocrx_word' id='word_1_273' title='bbox 1572 491 1697 518; x_wconf 86' lang='lat' dir='ltr'><strong>Immani-</strong></span> 
     </span>
    </p>
   </div>
   <div class='ocr_carea' id='block_1_39' title="bbox 911 535 1092 560">
    <p class='ocr_par' dir='ltr' id='par_1_39' title="bbox 911 535 1092 560">
     <span class='ocr_line' id='line_1_39' title="bbox 911 535 1092 560; baseline 0.011 -2"><span class='ocrx_word' id='word_1_274' title='bbox 911 535 992 559; x_wconf 81' lang='lat' dir='ltr'><strong>tatent</strong></span> <span class='ocrx_word' id='word_1_275' title='bbox 1008 536 1092 560; x_wconf 85' lang='lat' dir='ltr'><strong>tuam.</strong></span> 
     </span>
    </p>
   </div>
   <div class='ocr_carea' id='block_1_40' title="bbox 947 586 1696 625">
    <p class='ocr_par' dir='ltr' id='par_1_40' title="bbox 947 586 1696 625">
     <span class='ocr_line' id='line_1_40' title="bbox 947 586 1696 625; baseline 0.005 -12"><span class='ocrx_word' id='word_1_276' title='bbox 947 586 1241 620; x_wconf 42' lang='lat' dir='ltr'><strong>vitiati—Quidam</strong></span> <span class='ocrx_word' id='word_1_277' title='bbox 1256 589 1377 625; x_wconf 76' lang='grc' dir='ltr'>ῥομφαίᾳ</span> <span class='ocrx_word' id='word_1_278' title='bbox 1392 590 1573 625; x_wconf 80' lang='lat' dir='ltr'><strong>(cumframea</strong></span> <span class='ocrx_word' id='word_1_279' title='bbox 1586 591 1641 622; x_wconf 79' lang='lat' dir='ltr'><strong>tuo)</strong></span> <span class='ocrx_word' id='word_1_280' title='bbox 1661 592 1696 618; x_wconf 76' lang='lat' dir='ltr'>Ie-</span> 
     </span>
    </p>
   </div>
   <div class='ocr_carea' id='block_1_41' title="bbox 912 633 1696 671">
    <p class='ocr_par' dir='ltr' id='par_1_41' title="bbox 912 633 1696 671">
     <span class='ocr_line' id='line_1_41' title="bbox 912 633 1696 671; baseline 0.006 -13"><span class='ocrx_word' id='word_1_281' title='bbox 912 637 978 666; x_wconf 75' lang='lat' dir='ltr'><strong>gunt</strong></span> <span class='ocrx_word' id='word_1_282' title='bbox 991 633 1082 659; x_wconf 89' lang='lat' dir='ltr'><strong>dativo</strong></span> <span class='ocrx_word' id='word_1_283' title='bbox 1096 641 1172 661; x_wconf 90' lang='lat' dir='ltr'><strong>casu.</strong></span> <span class='ocrx_word' id='word_1_284' title='bbox 1190 633 1249 661; x_wconf 75' lang='lat' dir='ltr'><strong>Non</strong></span> <span class='ocrx_word' id='word_1_285' title='bbox 1274 639 1364 662; x_wconf 84' lang='lat' dir='ltr'><strong>autent</strong></span> <span class='ocrx_word' id='word_1_286' title='bbox 1377 639 1419 663; x_wconf 87' lang='lat' dir='ltr'>est</span> <span class='ocrx_word' id='word_1_287' title='bbox 1432 635 1480 667; x_wconf 78' lang='lat' dir='ltr'><strong>ita.</strong></span> <span class='ocrx_word' id='word_1_288' title='bbox 1494 636 1541 664; x_wconf 87' lang='lat' dir='ltr'>sed</span> <span class='ocrx_word' id='word_1_289' title='bbox 1558 637 1696 671; x_wconf 74' lang='grc' dir='ltr'>ῥομφαίας</span> 
     </span>
    </p>
   </div>
   <div class='ocr_carea' id='block_1_42' title="bbox 913 677 1697 715">
    <p class='ocr_par' dir='ltr' id='par_1_42' title="bbox 913 677 1697 715">
     <span class='ocr_line' id='line_1_42' title="bbox 913 677 1697 715; baseline 0.006 -12"><span class='ocrx_word' id='word_1_290' title='bbox 913 678 939 710; x_wconf 92' lang='lat' dir='ltr'><strong>(a</strong></span> <span class='ocrx_word' id='word_1_291' title='bbox 952 677 1053 711; x_wconf 80' lang='lat' dir='ltr'><strong>framea</strong></span> <span class='ocrx_word' id='word_1_292' title='bbox 1064 679 1120 713; x_wconf 79' lang='lat' dir='ltr'><strong>tua)</strong></span> <span class='ocrx_word' id='word_1_293' title='bbox 1131 680 1251 714; x_wconf 75' lang='lat' dir='ltr'>genitivo</span> <span class='ocrx_word' id='word_1_294' title='bbox 1259 687 1324 707; x_wconf 85' lang='lat' dir='ltr'><strong>casu</strong></span> <span class='ocrx_word' id='word_1_295' title='bbox 1341 680 1485 715; x_wconf 75' lang='lat' dir='ltr'><strong>legendum</strong></span> <span class='ocrx_word' id='word_1_296' title='bbox 1500 685 1558 714; x_wconf 81' lang='lat' dir='ltr'><strong>est;</strong></span> <span class='ocrx_word' id='word_1_297' title='bbox 1573 681 1612 708; x_wconf 86' lang='lat' dir='ltr'><strong>sic</strong></span> <span class='ocrx_word' id='word_1_298' title='bbox 1625 682 1697 708; x_wconf 86' lang='lat' dir='ltr'><strong>enim</strong></span> 
     </span>
    </p>
   </div>
   <div class='ocr_carea' id='block_1_43' title="bbox 911 721 1697 758">
    <p class='ocr_par' dir='ltr' id='par_1_43' title="bbox 911 721 1697 758">
     <span class='ocr_line' id='line_1_43' title="bbox 911 721 1697 758; baseline 0.003 -10"><span class='ocrx_word' id='word_1_299' title='bbox 911 721 979 748; x_wconf 81' lang='lat' dir='ltr'><strong>dixit</strong></span> <span class='ocrx_word' id='word_1_300' title='bbox 994 722 1089 756; x_wconf 83' lang='lat' dir='ltr'><strong>Aquila</strong></span> <span class='ocrx_word' id='word_1_301' title='bbox 1103 723 1239 758; x_wconf 77' lang='grc' dir='ltr'>μαχαίρας</span> <span class='ocrx_word' id='word_1_302' title='bbox 1259 725 1296 757; x_wconf 87' lang='grc' dir='ltr'>(α</span> <span class='ocrx_word' id='word_1_303' title='bbox 1313 723 1402 757; x_wconf 80' lang='lat' dir='ltr'><strong>gladio</strong></span> <span class='ocrx_word' id='word_1_304' title='bbox 1420 729 1464 751; x_wconf 85' lang='lat' dir='ltr'>tuo</span> <span class='ocrx_word' id='word_1_305' title='bbox 1475 725 1496 758; x_wconf 87' lang='lat'><strong>).</strong></span> <span class='ocrx_word' id='word_1_306' title='bbox 1513 724 1591 757; x_wconf 82' lang='lat' dir='ltr'><strong>Quod</strong></span> <span class='ocrx_word' id='word_1_307' title='bbox 1604 724 1697 751; x_wconf 81' lang='lat' dir='ltr'>dicere</span> 
     </span>
    </p>
   </div>
   <div class='ocr_carea' id='block_1_44' title="bbox 912 767 1700 803">
    <p class='ocr_par' dir='ltr' id='par_1_44' title="bbox 912 767 1700 803">
     <span class='ocr_line' id='line_1_44' title="bbox 912 767 1700 803; baseline 0.005 -10"><span class='ocrx_word' id='word_1_308' title='bbox 912 767 979 798; x_wconf 75' lang='lat' dir='ltr'><strong>mu,</strong></span> <span class='ocrx_word' id='word_1_309' title='bbox 1006 767 1056 794; x_wconf 86' lang='lat' dir='ltr'><strong>hoc</strong></span> <span class='ocrx_word' id='word_1_310' title='bbox 1071 773 1133 795; x_wconf 86' lang='lat' dir='ltr'><strong>est:</strong></span> <span class='ocrx_word' id='word_1_311' title='bbox 1153 768 1232 803; x_wconf 84' lang='lat' dir='ltr'><strong>Eripe</strong></span> <span class='ocrx_word' id='word_1_312' title='bbox 1251 769 1370 796; x_wconf 89' lang='lat' dir='ltr'><strong>animam</strong></span> <span class='ocrx_word' id='word_1_313' title='bbox 1398 777 1498 802; x_wconf 78' lang='lat' dir='ltr'><strong>meam.</strong></span> <span class='ocrx_word' id='word_1_314' title='bbox 1523 770 1550 797; x_wconf 87' lang='lat' dir='ltr'><strong>id</strong></span> <span class='ocrx_word' id='word_1_315' title='bbox 1574 775 1618 797; x_wconf 89' lang='lat' dir='ltr'>est</span> <span class='ocrx_word' id='word_1_316' title='bbox 1644 778 1700 797; x_wconf 88' lang='lat' dir='ltr'><strong>me-</strong></span> 
     </span>
    </p>
   </div>
   <div class='ocr_carea' id='block_1_45' title="bbox 913 812 1700 850">
    <p class='ocr_par' dir='ltr' id='par_1_45' title="bbox 913 812 1700 850">
     <span class='ocr_line' id='line_1_45' title="bbox 913 812 1700 850; baseline 0.004 -12"><span class='ocrx_word' id='word_1_317' title='bbox 913 812 1013 847; x_wconf 80' lang='lat' dir='ltr'><strong>ipslm,</strong></span> <span class='ocrx_word' id='word_1_318' title='bbox 1030 813 1118 841; x_wconf 79' lang='lat' dir='ltr'><strong>abitis</strong></span> <span class='ocrx_word' id='word_1_319' title='bbox 1134 815 1238 848; x_wconf 74' lang='lat' dir='ltr'><strong>impiis,</strong></span> <span class='ocrx_word' id='word_1_320' title='bbox 1260 819 1343 850; x_wconf 90' lang='lat' dir='ltr'><strong>atque</strong></span> <span class='ocrx_word' id='word_1_321' title='bbox 1360 823 1375 841; x_wconf 83' lang='lat' dir='ltr'>a</span> <span class='ocrx_word' id='word_1_322' title='bbox 1398 815 1499 842; x_wconf 78' lang='lat' dir='ltr'><strong>framea</strong></span> <span class='ocrx_word' id='word_1_323' title='bbox 1526 816 1700 843; x_wconf 82' lang='lat' dir='ltr'>inimicorum</span> 
     </span>
    </p>
   </div>
   <div class='ocr_carea' id='block_1_46' title="bbox 915 859 1696 896">
    <p class='ocr_par' dir='ltr' id='par_1_46' title="bbox 915 859 1696 896">
     <span class='ocr_line' id='line_1_46' title="bbox 915 859 1696 896; baseline 0.004 -11"><span class='ocrx_word' id='word_1_324' title='bbox 915 866 1012 886; x_wconf 71' lang='lat' dir='ltr'>&quot;HUIUS</span> <span class='ocrx_word' id='word_1_325' title='bbox 1024 863 1087 886; x_wconf 61' lang='lat' dir='ltr'><strong>tua).</strong></span> <span class='ocrx_word' id='word_1_326' title='bbox 1103 859 1244 888; x_wconf 77' lang='lat' dir='ltr'><strong>Frameam</strong></span> <span class='ocrx_word' id='word_1_327' title='bbox 1260 866 1350 888; x_wconf 81' lang='lat' dir='ltr'><strong>alitem</strong></span> <span class='ocrx_word' id='word_1_328' title='bbox 1367 865 1447 888; x_wconf 81' lang='lat' dir='ltr'><strong>vocat</strong></span> <span class='ocrx_word' id='word_1_329' title='bbox 1470 862 1560 888; x_wconf 89' lang='lat' dir='ltr'><strong>omnis</strong></span> <span class='ocrx_word' id='word_1_330' title='bbox 1586 861 1696 896; x_wconf 77' lang='lat' dir='ltr'><strong>generis</strong></span> 
     </span>
    </p>
   </div>
   <div class='ocr_carea' id='block_1_47' title="bbox 914 903 1700 939">
    <p class='ocr_par' dir='ltr' id='par_1_47' title="bbox 914 903 1700 939">
     <span class='ocr_line' id='line_1_47' title="bbox 914 903 1700 939; baseline 0.001 -10"><span class='ocrx_word' id='word_1_331' title='bbox 914 911 988 930; x_wconf 82' lang='lat' dir='ltr'><strong>artua</strong></span> <span class='ocrx_word' id='word_1_332' title='bbox 1004 903 1037 931; x_wconf 84' lang='lat' dir='ltr'><strong>ab</strong></span> <span class='ocrx_word' id='word_1_333' title='bbox 1055 904 1110 931; x_wconf 84' lang='lat' dir='ltr'><strong>illis</strong></span> <span class='ocrx_word' id='word_1_334' title='bbox 1128 904 1236 932; x_wconf 71' lang='lat' dir='ltr'><strong>inventa</strong></span> <span class='ocrx_word' id='word_1_335' title='bbox 1252 905 1354 939; x_wconf 86' lang='lat' dir='ltr'><strong>quibus</strong></span> <span class='ocrx_word' id='word_1_336' title='bbox 1375 905 1412 933; x_wconf 91' lang='lat' dir='ltr'><strong>illi</strong></span> <span class='ocrx_word' id='word_1_337' title='bbox 1434 904 1550 932; x_wconf 81' lang='lat' dir='ltr'><strong>insidias</strong></span> <span class='ocrx_word' id='word_1_338' title='bbox 1566 903 1700 938; x_wconf 85' lang='lat' dir='ltr'><strong>periculo-</strong></span> 
     </span>
    </p>
   </div>
   <div class='ocr_carea' id='block_1_48' title="bbox 915 948 1701 983">
    <p class='ocr_par' dir='ltr' id='par_1_48' title="bbox 915 948 1701 983">
     <span class='ocr_line' id='line_1_48' title="bbox 915 948 1701 983; baseline -0.001 -8"><span class='ocrx_word' id='word_1_339' title='bbox 915 948 1003 976; x_wconf 73' lang='lat' dir='ltr'><strong>siores</strong></span> <span class='ocrx_word' id='word_1_340' title='bbox 1018 949 1162 983; x_wconf 79' lang='lat' dir='ltr'><strong>parabant.</strong></span> <span class='ocrx_word' id='word_1_341' title='bbox 1185 949 1314 977; x_wconf 79' lang='lat' dir='ltr'><strong>inimicos</strong></span> <span class='ocrx_word' id='word_1_342' title='bbox 1338 958 1404 977; x_wconf 82' lang='lat' dir='ltr'><strong>vero</strong></span> <span class='ocrx_word' id='word_1_343' title='bbox 1424 956 1522 977; x_wconf 85' lang='lat' dir='ltr'><strong>manus</strong></span> <span class='ocrx_word' id='word_1_344' title='bbox 1552 949 1598 976; x_wconf 87' lang='lat' dir='ltr'>Dei</span> <span class='ocrx_word' id='word_1_345' title='bbox 1621 953 1701 975; x_wconf 89' lang='lat' dir='ltr'><strong>vocat</strong></span> 
     </span>
    </p>
   </div>
   <div class='ocr_carea' id='block_1_49' title="bbox 915 993 1701 1030">
    <p class='ocr_par' dir='ltr' id='par_1_49' title="bbox 915 993 1701 1030">
     <span class='ocr_line' id='line_1_49' title="bbox 915 993 1701 1030; baseline 0 -10"><span class='ocrx_word' id='word_1_346' title='bbox 915 994 1042 1021; x_wconf 74' lang='lat' dir='ltr'><strong>inimicos</strong></span> <span class='ocrx_word' id='word_1_347' title='bbox 1063 994 1163 1028; x_wconf 82' lang='lat' dir='ltr'><strong>ipsius.</strong></span> <span class='ocrx_word' id='word_1_348' title='bbox 1181 1002 1243 1021; x_wconf 83' lang='lat' dir='ltr'>cum</span> <span class='ocrx_word' id='word_1_349' title='bbox 1260 1003 1342 1029; x_wconf 88' lang='lat' dir='ltr'><strong>quem</strong></span> <span class='ocrx_word' id='word_1_350' title='bbox 1357 999 1474 1022; x_wconf 80' lang='lat' dir='ltr'><strong>unxerat</strong></span> <span class='ocrx_word' id='word_1_351' title='bbox 1491 995 1519 1022; x_wconf 91' lang='lat' dir='ltr'>in</span> <span class='ocrx_word' id='word_1_352' title='bbox 1545 1002 1635 1030; x_wconf 70' lang='lat' dir='ltr'><strong>regem</strong></span> <span class='ocrx_word' id='word_1_353' title='bbox 1652 993 1701 1020; x_wconf 90' lang='lat' dir='ltr'><strong>de-</strong></span> 
     </span>
    </p>
   </div>
   <div class='ocr_carea' id='block_1_50' title="bbox 915 1039 1704 1073">
    <p class='ocr_par' dir='ltr' id='par_1_50' title="bbox 915 1039 1704 1073">
     <span class='ocr_line' id='line_1_50' title="bbox 915 1039 1704 1073; baseline -0.003 -7"><span class='ocrx_word' id='word_1_354' title='bbox 915 1039 1018 1073; x_wconf 87' lang='lat' dir='ltr'><strong>pellere</strong></span> <span class='ocrx_word' id='word_1_355' title='bbox 1035 1040 1186 1066; x_wconf 83' lang='lat' dir='ltr'><strong>studerent.</strong></span> <span class='ocrx_word' id='word_1_356' title='bbox 1201 1039 1346 1067; x_wconf 79' lang='lat' dir='ltr'><strong>Manifeste</strong></span> <span class='ocrx_word' id='word_1_357' title='bbox 1359 1040 1476 1067; x_wconf 86' lang='lat' dir='ltr'><strong>oderant</strong></span> <span class='ocrx_word' id='word_1_358' title='bbox 1499 1039 1596 1070; x_wconf 86' lang='lat' dir='ltr'><strong>Deum,</strong></span> <span class='ocrx_word' id='word_1_359' title='bbox 1621 1039 1704 1066; x_wconf 79' lang='lat' dir='ltr'><strong>factis</strong></span> 
     </span>
    </p>
   </div>
   <div class='ocr_carea' id='block_1_51' title="bbox 917 1085 1347 1120">
    <p class='ocr_par' dir='ltr' id='par_1_51' title="bbox 917 1085 1347 1120">
     <span class='ocr_line' id='line_1_51' title="bbox 917 1085 1347 1120; baseline 0 -9"><span class='ocrx_word' id='word_1_360' title='bbox 917 1085 952 1112; x_wconf 86' lang='lat' dir='ltr'>ab</span> <span class='ocrx_word' id='word_1_361' title='bbox 965 1086 1025 1120; x_wconf 86' lang='lat' dir='ltr'><strong>ipso</strong></span> <span class='ocrx_word' id='word_1_362' title='bbox 1042 1085 1180 1113; x_wconf 74' lang='lat' dir='ltr'><strong>obsistere</strong></span> <span class='ocrx_word' id='word_1_363' title='bbox 1195 1085 1347 1113; x_wconf 80' lang='lat' dir='ltr'><strong>studentes.</strong></span> 
     </span>
    </p>
   </div>
   <div class='ocr_carea' id='block_1_52' title="bbox 956 1220 1702 1257">
    <p class='ocr_par' dir='ltr' id='par_1_52' title="bbox 956 1220 1702 1257">
     <span class='ocr_line' id='line_1_52' title="bbox 956 1220 1702 1257; baseline -0.001 -9"><span class='ocrx_word' id='word_1_364' title='bbox 956 1221 1037 1250; x_wconf 70' lang='lat' dir='ltr'><strong>Vens.</strong></span> <span class='ocrx_word' id='word_1_365' title='bbox 1055 1223 1098 1250; x_wconf 74' lang='grc' dir='ltr'>Η.</span> <span class='ocrx_word' id='word_1_366' title='bbox 1113 1237 1141 1241; x_wconf 97' lang='grc'><strong>-</strong></span> <span class='ocrx_word' id='word_1_367' title='bbox 1159 1222 1197 1249; x_wconf 79' lang='lat' dir='ltr'>De</span> <span class='ocrx_word' id='word_1_368' title='bbox 1223 1227 1294 1249; x_wconf 73' lang='lat' dir='ltr'><strong>terra</strong></span> <span class='ocrx_word' id='word_1_369' title='bbox 1309 1230 1370 1257; x_wconf 78' lang='lat' dir='ltr'><strong>ergo</strong></span> <span class='ocrx_word' id='word_1_370' title='bbox 1390 1221 1554 1256; x_wconf 65' lang='lat' dir='ltr'><strong>diaperdens,</strong></span> <span class='ocrx_word' id='word_1_371' title='bbox 1568 1221 1600 1248; x_wconf 87' lang='lat' dir='ltr'>ad</span> <span class='ocrx_word' id='word_1_372' title='bbox 1620 1220 1702 1249; x_wconf 88' lang='lat' dir='ltr'><strong>Demn</strong></span> 
     </span>
    </p>
   </div>
   <div class='ocr_carea' id='block_1_53' title="bbox 920 1266 1703 1303">
    <p class='ocr_par' dir='ltr' id='par_1_53' title="bbox 920 1266 1703 1303">
     <span class='ocr_line' id='line_1_53' title="bbox 920 1266 1703 1303; baseline -0.004 -8"><span class='ocrx_word' id='word_1_373' title='bbox 920 1268 990 1295; x_wconf 83' lang='lat' dir='ltr'><strong>dixit</strong></span> <span class='ocrx_word' id='word_1_374' title='bbox 1005 1273 1136 1303; x_wconf 86' lang='lat' dir='ltr'><strong>tanquam</strong></span> <span class='ocrx_word' id='word_1_375' title='bbox 1158 1268 1299 1295; x_wconf 85' lang='lat' dir='ltr'><strong>decretum</strong></span> <span class='ocrx_word' id='word_1_376' title='bbox 1328 1268 1424 1296; x_wconf 87' lang='lat' dir='ltr'><strong>mortis</strong></span> <span class='ocrx_word' id='word_1_377' title='bbox 1455 1272 1550 1294; x_wconf 86' lang='lat' dir='ltr'><strong>contra</strong></span> <span class='ocrx_word' id='word_1_378' title='bbox 1580 1266 1703 1293; x_wconf 73' lang='lat' dir='ltr'><strong>homines</strong></span> 
     </span>
    </p>
   </div>
   <div class='ocr_carea' id='block_1_54' title="bbox 919 1311 1703 1346">
    <p class='ocr_par' dir='ltr' id='par_1_54' title="bbox 919 1311 1703 1346">
     <span class='ocr_line' id='line_1_54' title="bbox 919 1311 1703 1346; baseline -0.004 -6"><span class='ocrx_word' id='word_1_379' title='bbox 919 1317 1104 1344; x_wconf 77' lang='lat' dir='ltr'><strong>exserentem.</strong></span> <span class='ocrx_word' id='word_1_380' title='bbox 1121 1318 1153 1340; x_wconf 88' lang='lat' dir='ltr'>ut</span> <span class='ocrx_word' id='word_1_381' title='bbox 1166 1312 1275 1340; x_wconf 83' lang='lat' dir='ltr'><strong>dicatur</strong></span> <span class='ocrx_word' id='word_1_382' title='bbox 1290 1313 1368 1340; x_wconf 81' lang='lat' dir='ltr'><strong>morti</strong></span> <span class='ocrx_word' id='word_1_383' title='bbox 1385 1313 1462 1340; x_wconf 85' lang='lat' dir='ltr'><strong>solus</strong></span> <span class='ocrx_word' id='word_1_384' title='bbox 1485 1312 1630 1346; x_wconf 78' lang='lat' dir='ltr'><strong>imperare.</strong></span> <span class='ocrx_word' id='word_1_385' title='bbox 1656 1311 1703 1338; x_wconf 57' lang='lat' dir='ltr'><strong>Di.</strong></span> 
     </span>
    </p>
   </div>
   <div class='ocr_carea' id='block_1_55' title="bbox 920 1357 1703 1394">
    <p class='ocr_par' dir='ltr' id='par_1_55' title="bbox 920 1357 1703 1394">
     <span class='ocr_line' id='line_1_55' title="bbox 920 1357 1703 1394; baseline 0 -8"><span class='ocrx_word' id='word_1_386' title='bbox 920 1359 977 1386; x_wconf 77' lang='lat' dir='ltr'><strong>uide</strong></span> <span class='ocrx_word' id='word_1_387' title='bbox 995 1367 1044 1393; x_wconf 86' lang='lat' dir='ltr'>pro</span> <span class='ocrx_word' id='word_1_388' title='bbox 1059 1359 1196 1394; x_wconf 82' lang='lat' dir='ltr'><strong>disperge,</strong></span> <span class='ocrx_word' id='word_1_389' title='bbox 1220 1358 1293 1386; x_wconf 87' lang='lat' dir='ltr'><strong>unde</strong></span> <span class='ocrx_word' id='word_1_390' title='bbox 1316 1358 1471 1392; x_wconf 88' lang='lat' dir='ltr'><strong>dispersum</strong></span> <span class='ocrx_word' id='word_1_391' title='bbox 1495 1357 1608 1384; x_wconf 78' lang='lat' dir='ltr'><strong>omnino</strong></span> <span class='ocrx_word' id='word_1_392' title='bbox 1625 1357 1703 1386; x_wconf 81' lang='lat' dir='ltr'><strong>undi:</strong></span> 
     </span>
    </p>
   </div>
   <div class='ocr_carea' id='block_1_56' title="bbox 920 1402 1706 1439">
    <p class='ocr_par' dir='ltr' id='par_1_56' title="bbox 920 1402 1706 1439">
     <span class='ocr_line' id='line_1_56' title="bbox 920 1402 1706 1439; baseline -0.003 -9"><span class='ocrx_word' id='word_1_393' title='bbox 920 1412 973 1439; x_wconf 71' lang='lat' dir='ltr'>que</span> <span class='ocrx_word' id='word_1_394' title='bbox 989 1404 1165 1431; x_wconf 82' lang='lat' dir='ltr'><strong>dividendum</strong></span> <span class='ocrx_word' id='word_1_395' title='bbox 1179 1409 1231 1431; x_wconf 88' lang='lat' dir='ltr'><strong>est.</strong></span> <span class='ocrx_word' id='word_1_396' title='bbox 1248 1419 1281 1424; x_wconf 90' lang='lat'>-—</span> <span class='ocrx_word' id='word_1_397' title='bbox 1293 1403 1460 1431; x_wconf 73' lang='lat' dir='ltr'><strong>Absconditis</strong></span> <span class='ocrx_word' id='word_1_398' title='bbox 1485 1407 1577 1430; x_wconf 83' lang='lat' dir='ltr'><strong>autem</strong></span> <span class='ocrx_word' id='word_1_399' title='bbox 1596 1410 1645 1437; x_wconf 84' lang='lat' dir='ltr'>pro</span> <span class='ocrx_word' id='word_1_400' title='bbox 1667 1402 1706 1428; x_wconf 93' lang='lat' dir='ltr'>nl-</span> 
     </span>
    </p>
   </div>
   <div class='ocr_carea' id='block_1_57' title="bbox 920 1449 1706 1484">
    <p class='ocr_par' dir='ltr' id='par_1_57' title="bbox 920 1449 1706 1484">
     <span class='ocr_line' id='line_1_57' title="bbox 920 1449 1706 1484; baseline -0.003 -7"><span class='ocrx_word' id='word_1_401' title='bbox 920 1450 1043 1478; x_wconf 83' lang='lat' dir='ltr'><strong>tionibus</strong></span> <span class='ocrx_word' id='word_1_402' title='bbox 1060 1458 1133 1484; x_wconf 79' lang='lat' dir='ltr'><strong>quas</strong></span> <span class='ocrx_word' id='word_1_403' title='bbox 1143 1449 1319 1477; x_wconf 72' lang='lat' dir='ltr'><strong>absconditae</strong></span> <span class='ocrx_word' id='word_1_404' title='bbox 1335 1454 1424 1481; x_wconf 83' lang='lat' dir='ltr'><strong>tenes,</strong></span> <span class='ocrx_word' id='word_1_405' title='bbox 1440 1456 1565 1484; x_wconf 86' lang='lat' dir='ltr'><strong>quasque</strong></span> <span class='ocrx_word' id='word_1_406' title='bbox 1581 1456 1642 1476; x_wconf 79' lang='lat' dir='ltr'><strong>cum</strong></span> <span class='ocrx_word' id='word_1_407' title='bbox 1656 1455 1706 1475; x_wconf 70' lang='lat' dir='ltr'><strong>va-</strong></span> 
     </span>
    </p>
   </div>
   <div class='ocr_carea' id='block_1_58' title="bbox 921 1495 1707 1530">
    <p class='ocr_par' dir='ltr' id='par_1_58' title="bbox 921 1495 1707 1530">
     <span class='ocr_line' id='line_1_58' title="bbox 921 1495 1707 1530; baseline -0.001 -8"><span class='ocrx_word' id='word_1_408' title='bbox 921 1496 1005 1522; x_wconf 89' lang='lat' dir='ltr'><strong>lueris</strong></span> <span class='ocrx_word' id='word_1_409' title='bbox 1022 1497 1128 1524; x_wconf 77' lang='lat' dir='ltr'><strong>exseris</strong></span> <span class='ocrx_word' id='word_1_410' title='bbox 1144 1496 1177 1522; x_wconf 89' lang='lat' dir='ltr'>ad</span> <span class='ocrx_word' id='word_1_411' title='bbox 1194 1496 1243 1523; x_wconf 90' lang='lat' dir='ltr'>hos</span> <span class='ocrx_word' id='word_1_412' title='bbox 1259 1495 1384 1523; x_wconf 86' lang='lat' dir='ltr'><strong>homines</strong></span> <span class='ocrx_word' id='word_1_413' title='bbox 1402 1495 1551 1530; x_wconf 82' lang='lat' dir='ltr'><strong>imparatos</strong></span> <span class='ocrx_word' id='word_1_414' title='bbox 1568 1498 1650 1529; x_wconf 86' lang='lat' dir='ltr'><strong>atque</strong></span> <span class='ocrx_word' id='word_1_415' title='bbox 1665 1495 1707 1521; x_wconf 72' lang='lat' dir='ltr'>iu~</span> 
     </span>
    </p>
   </div>
   <div class='ocr_carea' id='block_1_59' title="bbox 82 1541 867 1588">
    <p class='ocr_par' dir='ltr' id='par_1_59' title="bbox 82 1541 867 1578">
     <span class='ocr_line' id='line_1_59' title="bbox 82 1541 867 1578; baseline 0.003 -12"><span class='ocrx_word' id='word_1_416' title='bbox 82 1541 107 1571; x_wconf 70' lang='grc' dir='ltr'>ὲν</span> <span class='ocrx_word' id='word_1_417' title='bbox 118 1541 281 1577; x_wconf 71' lang='grc' dir='ltr'>ἀποκρύφῳ,</span> <span class='ocrx_word' id='word_1_418' title='bbox 291 1541 334 1573; x_wconf 77' lang='grc' dir='ltr'>ἃς.</span> <span class='ocrx_word' id='word_1_419' title='bbox 346 1542 390 1569; x_wconf 81' lang='grc' dir='ltr'>ὅτε</span> <span class='ocrx_word' id='word_1_420' title='bbox 404 1541 501 1575; x_wconf 82' lang='grc' dir='ltr'>θέλεις,</span> <span class='ocrx_word' id='word_1_421' title='bbox 514 1542 644 1578; x_wconf 78' lang='grc' dir='ltr'>ὲκφὲρῃς,</span> <span class='ocrx_word' id='word_1_422' title='bbox 663 1542 867 1577; x_wconf 84' lang='grc' dir='ltr'>τιμωρούμενος</span> 
     </span>
    </p>
   </div>
   <div class='ocr_carea' id='block_1_60' title="bbox 923 1541 1198 1588">
    <p class='ocr_par' dir='ltr' id='par_1_60' title="bbox 923 1541 1198 1570">
     <span class='ocr_line' id='line_1_60' title="bbox 923 1541 1198 1570; baseline 0 -1"><span class='ocrx_word' id='word_1_423' title='bbox 923 1542 995 1569; x_wconf 84' lang='lat' dir='ltr'><strong>scios</strong></span> <span class='ocrx_word' id='word_1_424' title='bbox 1013 1541 1198 1570; x_wconf 80' lang='lat' dir='ltr'><strong>ulciscendos.</strong></span> 
     </span>
    </p>
   </div>
   <div class='ocr_carea' id='block_1_61' title="bbox 81 1585 844 1621">
    <p class='ocr_par' dir='ltr' id='par_1_61' title="bbox 81 1585 844 1621">
     <span class='ocr_line' id='line_1_61' title="bbox 81 1585 844 1621; baseline 0.003 -10"><span class='ocrx_word' id='word_1_425' title='bbox 81 1585 291 1621; x_wconf 63' lang='grc' dir='ltr'>ἀπροσδοκήτως</span> <span class='ocrx_word' id='word_1_426' title='bbox 303 1586 365 1618; x_wconf 78' lang='grc' dir='ltr'>τοὺς</span> <span class='ocrx_word' id='word_1_427' title='bbox 379 1586 550 1621; x_wconf 76' lang='grc' dir='ltr'>ἀνθρώπους,</span> <span class='ocrx_word' id='word_1_428' title='bbox 565 1587 612 1613; x_wconf 78' lang='grc' dir='ltr'>καὶ</span> <span class='ocrx_word' id='word_1_429' title='bbox 626 1586 664 1618; x_wconf 82' lang='grc' dir='ltr'>ὡς</span> <span class='ocrx_word' id='word_1_430' title='bbox 681 1587 731 1613; x_wconf 78' lang='grc' dir='ltr'>οὐκ</span> <span class='ocrx_word' id='word_1_431' title='bbox 743 1587 844 1613; x_wconf 75' lang='grc' dir='ltr'>ἱσασιν.</span> 
     </span>
    </p>
   </div>
   <div class='ocr_carea' id='block_1_62' title="bbox 115 1632 870 1668">
    <p class='ocr_par' dir='ltr' id='par_1_62' title="bbox 115 1632 870 1668">
     <span class='ocr_line' id='line_1_62' title="bbox 115 1632 870 1668; baseline -0.001 -8"><span class='ocrx_word' id='word_1_432' title='bbox 115 1632 185 1667; x_wconf 85' lang='grc' dir='ltr'>Στίχ.</span> <span class='ocrx_word' id='word_1_433' title='bbox 205 1633 249 1660; x_wconf 82' lang='grc' dir='ltr'>ιε’.</span> <span class='ocrx_word' id='word_1_434' title='bbox 265 1647 300 1653; x_wconf 86' lang='grc'>--</span> <span class='ocrx_word' id='word_1_435' title='bbox 314 1633 469 1665; x_wconf 83' lang='grc' dir='ltr'>Τουτέστιν,</span> <span class='ocrx_word' id='word_1_436' title='bbox 495 1634 608 1660; x_wconf 87' lang='grc' dir='ltr'>Ἐκεῖνοι</span> <span class='ocrx_word' id='word_1_437' title='bbox 629 1634 679 1668; x_wconf 84' lang='grc' dir='ltr'>μέν</span> <span class='ocrx_word' id='word_1_438' title='bbox 700 1641 741 1659; x_wconf 89' lang='grc' dir='ltr'>τοι</span> <span class='ocrx_word' id='word_1_439' title='bbox 758 1632 870 1659; x_wconf 81' lang='grc' dir='ltr'>τοιαῦτα</span> 
     </span>
    </p>
   </div>
   <div class='ocr_carea' id='block_1_63' title="bbox 83 1677 868 1714">
    <p class='ocr_par' dir='ltr' id='par_1_63' title="bbox 83 1677 868 1714">
     <span class='ocr_line' id='line_1_63' title="bbox 83 1677 868 1714; baseline 0.003 -10"><span class='ocrx_word' id='word_1_440' title='bbox 83 1677 304 1713; x_wconf 79' lang='grc' dir='ltr'>διαπραξάμενοι,</span> <span class='ocrx_word' id='word_1_441' title='bbox 319 1678 421 1713; x_wconf 82' lang='grc' dir='ltr'>ταύτης</span> <span class='ocrx_word' id='word_1_442' title='bbox 432 1678 531 1705; x_wconf 88' lang='grc' dir='ltr'>δίκαιοι</span> <span class='ocrx_word' id='word_1_443' title='bbox 549 1679 685 1714; x_wconf 81' lang='grc' dir='ltr'>τιμωρίας</span> <span class='ocrx_word' id='word_1_444' title='bbox 700 1679 868 1706; x_wconf 77' lang='grc' dir='ltr'>ἀπολαῦσαι·</span> 
     </span>
    </p>
   </div>
   <div class='ocr_carea' id='block_1_64' title="bbox 91 1723 868 1759">
    <p class='ocr_par' dir='ltr' id='par_1_64' title="bbox 91 1723 868 1759">
     <span class='ocr_line' id='line_1_64' title="bbox 91 1723 868 1759; baseline 0.001 -9"><span class='ocrx_word' id='word_1_445' title='bbox 178 1723 213 1750; x_wconf 82' lang='grc' dir='ltr'><strong>δέ</strong></span> <span class='ocrx_word' id='word_1_446' title='bbox 230 1724 309 1759; x_wconf 77' lang='grc' dir='ltr'>μετὰ</span> <span class='ocrx_word' id='word_1_447' title='bbox 325 1723 523 1758; x_wconf 76' lang='grc' dir='ltr'>δικαιοσύνης</span> <span class='ocrx_word' id='word_1_448' title='bbox 543 1733 584 1751; x_wconf 85' lang='grc' dir='ltr'>σοι</span> <span class='ocrx_word' id='word_1_449' title='bbox 598 1725 702 1759; x_wconf 75' lang='grc' dir='ltr'>φανεὶς,</span> <span class='ocrx_word' id='word_1_450' title='bbox 727 1725 868 1752; x_wconf 74' lang='grc' dir='ltr'>τουτέστιν</span> 
     </span>
    </p>
   </div>
   <div class='ocr_carea' id='block_1_65' title="bbox 84 1769 870 1807">
    <p class='ocr_par' dir='ltr' id='par_1_65' title="bbox 84 1769 870 1807">
     <span class='ocr_line' id='line_1_65' title="bbox 84 1769 870 1807; baseline 0.001 -11"><span class='ocrx_word' id='word_1_451' title='bbox 84 1770 155 1797; x_wconf 80' lang='grc' dir='ltr'>οὐδὲν</span> <span class='ocrx_word' id='word_1_452' title='bbox 167 1770 263 1797; x_wconf 76' lang='grc' dir='ltr'>ἄδικον</span> <span class='ocrx_word' id='word_1_453' title='bbox 279 1770 319 1802; x_wconf 86' lang='grc' dir='ltr'>είς</span> <span class='ocrx_word' id='word_1_454' title='bbox 330 1769 429 1802; x_wconf 79' lang='grc' dir='ltr'>αὐτοὺς</span> <span class='ocrx_word' id='word_1_455' title='bbox 446 1770 677 1805; x_wconf 78' lang='grc' dir='ltr'>διαπραξάμενος,</span> <span class='ocrx_word' id='word_1_456' title='bbox 690 1770 870 1807; x_wconf 71' lang='grc' dir='ltr'>πληρωθήσοα</span> 
     </span>
    </p>
   </div>
   <div class='ocr_carea' id='block_1_66' title="bbox 87 1815 871 1852">
    <p class='ocr_par' dir='ltr' id='par_1_66' title="bbox 87 1815 871 1852">
     <span class='ocr_line' id='line_1_66' title="bbox 87 1815 871 1852; baseline 0.001 -10"><span class='ocrx_word' id='word_1_457' title='bbox 87 1824 132 1850; x_wconf 81' lang='grc' dir='ltr'>μαι</span> <span class='ocrx_word' id='word_1_458' title='bbox 145 1817 194 1852; x_wconf 83' lang='grc' dir='ltr'>τῆς</span> <span class='ocrx_word' id='word_1_459' title='bbox 207 1817 259 1852; x_wconf 83' lang='grc' dir='ltr'>σῆς</span> <span class='ocrx_word' id='word_1_460' title='bbox 278 1815 415 1852; x_wconf 85' lang='grc' dir='ltr'>βοηθείας,</span> <span class='ocrx_word' id='word_1_461' title='bbox 437 1816 486 1842; x_wconf 73' lang='grc' dir='ltr'>καὶ</span> <span class='ocrx_word' id='word_1_462' title='bbox 510 1815 656 1843; x_wconf 80' lang='grc' dir='ltr'>ἀπολαύσω</span> <span class='ocrx_word' id='word_1_463' title='bbox 668 1817 717 1852; x_wconf 80' lang='grc' dir='ltr'>τῆς</span> <span class='ocrx_word' id='word_1_464' title='bbox 730 1815 810 1851; x_wconf 76' lang='grc' dir='ltr'>δόξης</span> <span class='ocrx_word' id='word_1_465' title='bbox 824 1825 871 1843; x_wconf 90' lang='grc' dir='ltr'>σου</span> 
     </span>
    </p>
   </div>
   <div class='ocr_carea' id='block_1_67' title="bbox 87 1862 232 1898">
    <p class='ocr_par' dir='ltr' id='par_1_67' title="bbox 87 1862 232 1898">
     <span class='ocr_line' id='line_1_67' title="bbox 87 1862 232 1898; baseline 0.014 -10"><span class='ocrx_word' id='word_1_466' title='bbox 87 1862 157 1898; x_wconf 76' lang='grc' dir='ltr'>παρὰ</span> <span class='ocrx_word' id='word_1_467' title='bbox 174 1862 232 1891; x_wconf 82' lang='grc' dir='ltr'>σοῦ.</span> 
     </span>
    </p>
   </div>
   <div class='ocr_carea' id='block_1_68' title="bbox 372 1908 582 1936">
    <p class='ocr_par' dir='ltr' id='par_1_68' title="bbox 372 1908 582 1936">
     <span class='ocr_line' id='line_1_68' title="bbox 372 1908 582 1936; baseline -0.005 0"><span class='ocrx_word' id='word_1_468' title='bbox 372 1908 519 1936; x_wconf 79' lang='grc' dir='ltr'>ΨΔΛΜΟΣ</span> <span class='ocrx_word' id='word_1_469' title='bbox 533 1908 582 1936; x_wconf 82' lang='lat' dir='ltr'>IZ’.</span> 
     </span>
    </p>
   </div>
   <div class='ocr_carea' id='block_1_69' title="bbox 119 1965 873 2002">
    <p class='ocr_par' dir='ltr' id='par_1_69' title="bbox 119 1965 873 2002">
     <span class='ocr_line' id='line_1_69' title="bbox 119 1965 873 2002; baseline -0.001 -9"><span class='ocrx_word' id='word_1_470' title='bbox 119 1967 190 2002; x_wconf 80' lang='grc' dir='ltr'>Στίχ.</span> <span class='ocrx_word' id='word_1_471' title='bbox 207 1971 244 2000; x_wconf 87' lang='grc' dir='ltr'>ς’.</span> <span class='ocrx_word' id='word_1_472' title='bbox 260 1982 294 1988; x_wconf 93' lang='grc'><strong>-</strong></span> <span class='ocrx_word' id='word_1_473' title='bbox 306 1967 343 1994; x_wconf 77' lang='grc' dir='ltr'><strong>Τὸ</strong></span> <span class='ocrx_word' id='word_1_474' title='bbox 358 1967 385 1993; x_wconf 85' lang='grc' dir='ltr'>δὲ</span> <span class='ocrx_word' id='word_1_475' title='bbox 396 1988 403 1999; x_wconf 92' lang='grc'>,</span> <span class='ocrx_word' id='word_1_476' title='bbox 426 1966 624 2001; x_wconf 63' lang='grc' dir='ltr'>Προέερθασάν</span> <span class='ocrx_word' id='word_1_477' title='bbox 643 1974 688 2000; x_wconf 82' lang='grc' dir='ltr'>με,</span> <span class='ocrx_word' id='word_1_478' title='bbox 709 1965 828 1993; x_wconf 76' lang='grc' dir='ltr'>τοιοῦτον</span> <span class='ocrx_word' id='word_1_479' title='bbox 847 1975 873 1992; x_wconf 85' lang='grc' dir='ltr'>τι</span> 
     </span>
    </p>
   </div>
   <div class='ocr_carea' id='block_1_70' title="bbox 88 2012 873 2048">
    <p class='ocr_par' dir='ltr' id='par_1_70' title="bbox 88 2012 873 2048">
     <span class='ocr_line' id='line_1_70' title="bbox 88 2012 873 2048; baseline 0 -10"><span class='ocrx_word' id='word_1_480' title='bbox 88 2012 171 2047; x_wconf 79' lang='grc' dir='ltr'>λέγειν</span> <span class='ocrx_word' id='word_1_481' title='bbox 185 2014 311 2048; x_wconf 85' lang='grc' dir='ltr'>βούλεται</span> <span class='ocrx_word' id='word_1_482' title='bbox 321 2021 328 2028; x_wconf 91' lang='grc'><strong>·</strong></span> <span class='ocrx_word' id='word_1_483' title='bbox 341 2012 487 2044; x_wconf 79' lang='grc' dir='ltr'>Τοσαῦται,</span> <span class='ocrx_word' id='word_1_484' title='bbox 501 2013 594 2047; x_wconf 82' lang='grc' dir='ltr'>φησὶν,</span> <span class='ocrx_word' id='word_1_485' title='bbox 612 2013 660 2039; x_wconf 77' lang='grc' dir='ltr'>καὶ</span> <span class='ocrx_word' id='word_1_486' title='bbox 673 2012 797 2039; x_wconf 83' lang='grc' dir='ltr'>τοιαῦται</span> <span class='ocrx_word' id='word_1_487' title='bbox 812 2013 873 2039; x_wconf 71' lang='grc' dir='ltr'>κατ’</span> 
     </span>
    </p>
   </div>
   <div class='ocr_carea' id='block_1_71' title="bbox 88 2057 874 2094">
    <p class='ocr_par' dir='ltr' id='par_1_71' title="bbox 88 2057 874 2094">
     <span class='ocr_line' id='line_1_71' title="bbox 88 2057 874 2094; baseline -0.001 -9"><span class='ocrx_word' id='word_1_488' title='bbox 88 2059 150 2094; x_wconf 76' lang='grc' dir='ltr'>ἐμοῦ</span> <span class='ocrx_word' id='word_1_489' title='bbox 160 2059 211 2086; x_wconf 76' lang='grc' dir='ltr'>τῶν</span> <span class='ocrx_word' id='word_1_490' title='bbox 223 2059 329 2094; x_wconf 76' lang='grc' dir='ltr'>ἐχθρῶν</span> <span class='ocrx_word' id='word_1_491' title='bbox 340 2059 482 2086; x_wconf 71' lang='grc' dir='ltr'>ἐπιϐουλαὶ</span> <span class='ocrx_word' id='word_1_492' title='bbox 496 2059 650 2093; x_wconf 80' lang='grc' dir='ltr'>γεγόνασιν,</span> <span class='ocrx_word' id='word_1_493' title='bbox 660 2058 698 2090; x_wconf 86' lang='grc' dir='ltr'>ὡς</span> <span class='ocrx_word' id='word_1_494' title='bbox 710 2057 874 2094; x_wconf 77' lang='grc' dir='ltr'>προ[σ]φθά-</span> 
     </span>
    </p>
   </div>
   <div class='ocr_carea' id='block_1_72' title="bbox 90 2103 874 2139">
    <p class='ocr_par' dir='ltr' id='par_1_72' title="bbox 90 2103 874 2139">
     <span class='ocr_line' id='line_1_72' title="bbox 90 2103 874 2139; baseline 0 -10"><span class='ocrx_word' id='word_1_495' title='bbox 90 2112 130 2130; x_wconf 86' lang='grc' dir='ltr'>σαι</span> <span class='ocrx_word' id='word_1_496' title='bbox 145 2112 195 2139; x_wconf 87' lang='grc' dir='ltr'>μου</span> <span class='ocrx_word' id='word_1_497' title='bbox 210 2105 257 2131; x_wconf 75' lang='grc' dir='ltr'>καὶ</span> <span class='ocrx_word' id='word_1_498' title='bbox 269 2105 315 2131; x_wconf 70' lang='grc' dir='ltr'>τὸν</span> <span class='ocrx_word' id='word_1_499' title='bbox 328 2104 468 2139; x_wconf 74' lang='grc' dir='ltr'>λογισμὸν,</span> <span class='ocrx_word' id='word_1_500' title='bbox 487 2104 534 2131; x_wconf 73' lang='grc' dir='ltr'>καὶ</span> <span class='ocrx_word' id='word_1_501' title='bbox 556 2103 623 2139; x_wconf 83' lang='grc' dir='ltr'>μηδὲ</span> <span class='ocrx_word' id='word_1_502' title='bbox 644 2105 739 2139; x_wconf 81' lang='grc' dir='ltr'>καιρὸν</span> <span class='ocrx_word' id='word_1_503' title='bbox 752 2103 874 2130; x_wconf 72' lang='grc' dir='ltr'>ἐνδοῦναί</span> 
     </span>
    </p>
   </div>
   <div class='ocr_carea' id='block_1_73' title="bbox 91 2147 873 2184">
    <p class='ocr_par' dir='ltr' id='par_1_73' title="bbox 91 2147 873 2184">
     <span class='ocr_line' id='line_1_73' title="bbox 91 2147 873 2184; baseline 0.001 -11"><span class='ocrx_word' id='word_1_504' title='bbox 91 2156 132 2182; x_wconf 83' lang='grc' dir='ltr'>μοι</span> <span class='ocrx_word' id='word_1_505' title='bbox 149 2149 194 2175; x_wconf 82' lang='grc' dir='ltr'>καὶ</span> <span class='ocrx_word' id='word_1_506' title='bbox 211 2149 376 2184; x_wconf 71' lang='grc' dir='ltr'>κατανόησιν</span> <span class='ocrx_word' id='word_1_507' title='bbox 396 2149 444 2174; x_wconf 70' lang='grc' dir='ltr'>καὶ</span> <span class='ocrx_word' id='word_1_508' title='bbox 464 2148 532 2184; x_wconf 78' lang='grc' dir='ltr'>πρὸς</span> <span class='ocrx_word' id='word_1_509' title='bbox 552 2148 582 2175; x_wconf 80' lang='grc' dir='ltr'>τὸ</span> <span class='ocrx_word' id='word_1_510' title='bbox 607 2148 711 2183; x_wconf 80' lang='grc' dir='ltr'>ἀφιδείν</span> <span class='ocrx_word' id='word_1_511' title='bbox 734 2149 787 2174; x_wconf 84' lang='grc' dir='ltr'>τίνι</span> <span class='ocrx_word' id='word_1_512' title='bbox 809 2147 873 2184; x_wconf 74' lang='grc' dir='ltr'>δὲ[ῐ]</span> 
     </span>
    </p>
   </div>
   <div class='ocr_carea' id='block_1_74' title="bbox 89 2193 750 2229">
    <p class='ocr_par' dir='ltr' id='par_1_74' title="bbox 89 2193 750 2229">
     <span class='ocr_line' id='line_1_74' title="bbox 89 2193 750 2229; baseline 0.003 -11"><span class='ocrx_word' id='word_1_513' title='bbox 89 2194 177 2229; x_wconf 84' lang='grc' dir='ltr'>τρόπῳ</span> <span class='ocrx_word' id='word_1_514' title='bbox 192 2194 241 2229; x_wconf 84' lang='grc' dir='ltr'>τὴν</span> <span class='ocrx_word' id='word_1_515' title='bbox 261 2193 350 2229; x_wconf 79' lang='grc' dir='ltr'>φυγὴν</span> <span class='ocrx_word' id='word_1_516' title='bbox 365 2194 414 2229; x_wconf 86' lang='grc' dir='ltr'>τὴν</span> <span class='ocrx_word' id='word_1_517' title='bbox 431 2193 461 2226; x_wconf 77' lang='grc' dir='ltr'>ἐξ</span> <span class='ocrx_word' id='word_1_518' title='bbox 474 2194 563 2220; x_wconf 79' lang='grc' dir='ltr'>αὐτῶν</span> <span class='ocrx_word' id='word_1_519' title='bbox 577 2193 750 2229; x_wconf 87' lang='grc' dir='ltr'>πορίσασθαι.</span> 
     </span>
    </p>
   </div>
   <div class='ocr_carea' id='block_1_75' title="bbox 957 1628 1707 1664">
    <p class='ocr_par' dir='ltr' id='par_1_75' title="bbox 957 1628 1707 1664">
     <span class='ocr_line' id='line_1_75' title="bbox 957 1628 1707 1664; baseline -0.001 -8"><span class='ocrx_word' id='word_1_520' title='bbox 957 1629 1040 1657; x_wconf 72' lang='lat' dir='ltr'><strong>Vens.</strong></span> <span class='ocrx_word' id='word_1_521' title='bbox 1056 1629 1099 1657; x_wconf 83' lang='lat' dir='ltr'>I5.</span> <span class='ocrx_word' id='word_1_522' title='bbox 1116 1645 1150 1649; x_wconf 92' lang='lat'><strong><em>—</em></strong></span> <span class='ocrx_word' id='word_1_523' title='bbox 1162 1628 1190 1657; x_wconf 90' lang='lat' dir='ltr'><strong>Id</strong></span> <span class='ocrx_word' id='word_1_524' title='bbox 1208 1633 1261 1661; x_wconf 87' lang='lat' dir='ltr'><strong>est,</strong></span> <span class='ocrx_word' id='word_1_525' title='bbox 1280 1629 1321 1656; x_wconf 90' lang='lat' dir='ltr'><strong>llli</strong></span> <span class='ocrx_word' id='word_1_526' title='bbox 1345 1629 1391 1664; x_wconf 87' lang='lat' dir='ltr'>qui</span> <span class='ocrx_word' id='word_1_527' title='bbox 1419 1628 1482 1658; x_wconf 84' lang='lat' dir='ltr'><strong>talia</strong></span> <span class='ocrx_word' id='word_1_528' title='bbox 1511 1628 1644 1660; x_wconf 80' lang='lat' dir='ltr'><strong>fecerunt,</strong></span> <span class='ocrx_word' id='word_1_529' title='bbox 1661 1628 1707 1655; x_wconf 87' lang='lat' dir='ltr'><strong>tali</strong></span> 
     </span>
    </p>
   </div>
   <div class='ocr_carea' id='block_1_76' title="bbox 923 1673 1702 1710">
    <p class='ocr_par' dir='ltr' id='par_1_76' title="bbox 923 1673 1702 1710">
     <span class='ocr_line' id='line_1_76' title="bbox 923 1673 1702 1710; baseline -0.003 -8"><span class='ocrx_word' id='word_1_530' title='bbox 923 1675 1028 1702; x_wconf 83' lang='lat' dir='ltr'><strong>ultione</strong></span> <span class='ocrx_word' id='word_1_531' title='bbox 1042 1678 1072 1701; x_wconf 93' lang='lat' dir='ltr'>ut</span> <span class='ocrx_word' id='word_1_532' title='bbox 1087 1674 1215 1702; x_wconf 77' lang='lat' dir='ltr'><strong>fruantur</strong></span> <span class='ocrx_word' id='word_1_533' title='bbox 1229 1675 1303 1710; x_wconf 82' lang='lat' dir='ltr'><strong>digni</strong></span> <span class='ocrx_word' id='word_1_534' title='bbox 1319 1679 1394 1702; x_wconf 79' lang='lat' dir='ltr'><strong>sunt.</strong></span> <span class='ocrx_word' id='word_1_535' title='bbox 1407 1689 1437 1694; x_wconf 90' lang='lat'><strong>-</strong></span> <span class='ocrx_word' id='word_1_536' title='bbox 1458 1673 1513 1709; x_wconf 83' lang='lat' dir='ltr'>Ego</span> <span class='ocrx_word' id='word_1_537' title='bbox 1527 1678 1615 1701; x_wconf 81' lang='lat' dir='ltr'><strong>autem</strong></span> <span class='ocrx_word' id='word_1_538' title='bbox 1627 1674 1702 1708; x_wconf 80' lang='lat' dir='ltr'><strong>inju-</strong></span> 
     </span>
    </p>
   </div>
   <div class='ocr_carea' id='block_1_77' title="bbox 920 1719 1708 1755">
    <p class='ocr_par' dir='ltr' id='par_1_77' title="bbox 920 1719 1708 1755">
     <span class='ocr_line' id='line_1_77' title="bbox 920 1719 1708 1755; baseline -0.003 -7"><span class='ocrx_word' id='word_1_539' title='bbox 920 1721 996 1749; x_wconf 72' lang='lat' dir='ltr'><strong>stitia</strong></span> <span class='ocrx_word' id='word_1_540' title='bbox 1009 1727 1102 1748; x_wconf 88' lang='lat' dir='ltr'><strong>coram</strong></span> <span class='ocrx_word' id='word_1_541' title='bbox 1122 1726 1149 1748; x_wconf 85' lang='lat' dir='ltr'><strong>te</strong></span> <span class='ocrx_word' id='word_1_542' title='bbox 1164 1728 1310 1755; x_wconf 80' lang='lat' dir='ltr'><strong>apparens,</strong></span> <span class='ocrx_word' id='word_1_543' title='bbox 1335 1720 1363 1748; x_wconf 92' lang='lat' dir='ltr'><strong>id</strong></span> <span class='ocrx_word' id='word_1_544' title='bbox 1389 1724 1441 1752; x_wconf 85' lang='lat' dir='ltr'><strong>est,</strong></span> <span class='ocrx_word' id='word_1_545' title='bbox 1467 1720 1614 1755; x_wconf 79' lang='lat' dir='ltr'><strong>Postquam</strong></span> <span class='ocrx_word' id='word_1_546' title='bbox 1643 1719 1708 1746; x_wconf 79' lang='lat' dir='ltr'><strong>nihil</strong></span> 
     </span>
    </p>
   </div>
   <div class='ocr_carea' id='block_1_78' title="bbox 922 1765 1708 1803">
    <p class='ocr_par' dir='ltr' id='par_1_78' title="bbox 922 1765 1708 1803">
     <span class='ocr_line' id='line_1_78' title="bbox 922 1765 1708 1803; baseline -0.003 -8"><span class='ocrx_word' id='word_1_547' title='bbox 922 1767 1008 1803; x_wconf 89' lang='lat' dir='ltr'><strong>iniqui</strong></span> <span class='ocrx_word' id='word_1_548' title='bbox 1029 1774 1111 1802; x_wconf 74' lang='lat' dir='ltr'><strong>egero</strong></span> <span class='ocrx_word' id='word_1_549' title='bbox 1127 1774 1191 1802; x_wconf 80' lang='lat' dir='ltr'><strong>erga</strong></span> <span class='ocrx_word' id='word_1_550' title='bbox 1211 1766 1284 1798; x_wconf 83' lang='lat' dir='ltr'><strong>illos.</strong></span> <span class='ocrx_word' id='word_1_551' title='bbox 1301 1766 1472 1802; x_wconf 73' lang='lat' dir='ltr'><strong>adimplelior</strong></span> <span class='ocrx_word' id='word_1_552' title='bbox 1496 1765 1632 1800; x_wconf 71' lang='lat' dir='ltr'><strong>adiutorio</strong></span> <span class='ocrx_word' id='word_1_553' title='bbox 1653 1770 1708 1798; x_wconf 82' lang='lat' dir='ltr'><strong>tuo,</strong></span> 
     </span>
    </p>
   </div>
   <div class='ocr_carea' id='block_1_79' title="bbox 923 1811 1359 1849">
    <p class='ocr_par' dir='ltr' id='par_1_79' title="bbox 923 1811 1359 1849">
     <span class='ocr_line' id='line_1_79' title="bbox 923 1811 1359 1849; baseline -0.007 -8"><span class='ocrx_word' id='word_1_554' title='bbox 923 1813 1064 1849; x_wconf 76' lang='lat' dir='ltr'><strong>gloriaque</strong></span> <span class='ocrx_word' id='word_1_555' title='bbox 1080 1817 1125 1840; x_wconf 92' lang='lat' dir='ltr'>tua</span> <span class='ocrx_word' id='word_1_556' title='bbox 1139 1812 1212 1848; x_wconf 75' lang='lat' dir='ltr'><strong>apud</strong></span> <span class='ocrx_word' id='word_1_557' title='bbox 1229 1816 1257 1841; x_wconf 84' lang='lat' dir='ltr'>te</span> <span class='ocrx_word' id='word_1_558' title='bbox 1271 1811 1359 1840; x_wconf 78' lang='lat' dir='ltr'><strong>fruar.</strong></span> 
     </span>
    </p>
   </div>
   <div class='ocr_carea' id='block_1_80' title="bbox 1183 1909 1450 1939">
    <p class='ocr_par' dir='ltr' id='par_1_80' title="bbox 1183 1909 1450 1939">
     <span class='ocr_line' id='line_1_80' title="bbox 1183 1909 1450 1939; baseline -0.007 0"><span class='ocrx_word' id='word_1_559' title='bbox 1183 1910 1345 1939; x_wconf 73' lang='lat' dir='ltr'>PSALMUS</span> <span class='ocrx_word' id='word_1_560' title='bbox 1368 1909 1450 1938; x_wconf 73' lang='grc' dir='ltr'>Χνιι.</span> 
     </span>
    </p>
   </div>
   <div class='ocr_carea' id='block_1_81' title="bbox 960 1962 1711 1999">
    <p class='ocr_par' dir='ltr' id='par_1_81' title="bbox 960 1962 1711 1999">
     <span class='ocr_line' id='line_1_81' title="bbox 960 1962 1711 1999; baseline -0.008 -4"><span class='ocrx_word' id='word_1_561' title='bbox 960 1967 1044 1995; x_wconf 71' lang='lat' dir='ltr'><strong>Vens.</strong></span> <span class='ocrx_word' id='word_1_562' title='bbox 1061 1967 1089 1994; x_wconf 85' lang='lat'><strong>6.</strong></span> <span class='ocrx_word' id='word_1_563' title='bbox 1106 1981 1140 1986; x_wconf 95' lang='lat'><strong>—</strong></span> <span class='ocrx_word' id='word_1_564' title='bbox 1165 1966 1416 1999; x_wconf 71' lang='lat' dir='ltr'><strong>Prwoccupaverunt</strong></span> <span class='ocrx_word' id='word_1_565' title='bbox 1433 1972 1473 1991; x_wconf 82' lang='lat' dir='ltr'>me</span> <span class='ocrx_word' id='word_1_566' title='bbox 1497 1963 1646 1998; x_wconf 86' lang='lat' dir='ltr'><strong>quidquam</strong></span> <span class='ocrx_word' id='word_1_567' title='bbox 1662 1962 1711 1990; x_wconf 90' lang='lat' dir='ltr'><strong>hu-</strong></span> 
     </span>
    </p>
   </div>
   <div class='ocr_carea' id='block_1_82' title="bbox 921 2007 1702 2048">
    <p class='ocr_par' dir='ltr' id='par_1_82' title="bbox 921 2007 1702 2048">
     <span class='ocr_line' id='line_1_82' title="bbox 921 2007 1702 2048; baseline -0.008 -8"><span class='ocrx_word' id='word_1_568' title='bbox 921 2012 1043 2048; x_wconf 83' lang='lat' dir='ltr'><strong>jusmodi</strong></span> <span class='ocrx_word' id='word_1_569' title='bbox 1054 2012 1145 2039; x_wconf 71' lang='lat' dir='ltr'><strong>dicere</strong></span> <span class='ocrx_word' id='word_1_570' title='bbox 1158 2011 1233 2038; x_wconf 89' lang='lat' dir='ltr'><strong>vult:</strong></span> <span class='ocrx_word' id='word_1_571' title='bbox 1248 2010 1300 2037; x_wconf 87' lang='lat' dir='ltr'><strong>Tot</strong></span> <span class='ocrx_word' id='word_1_572' title='bbox 1313 2014 1341 2038; x_wconf 79' lang='lat' dir='ltr'><strong>et</strong></span> <span class='ocrx_word' id='word_1_573' title='bbox 1355 2012 1441 2037; x_wconf 78' lang='lat' dir='ltr'><strong>tantae</strong></span> <span class='ocrx_word' id='word_1_574' title='bbox 1452 2012 1548 2037; x_wconf 85' lang='lat' dir='ltr'><strong>contra</strong></span> <span class='ocrx_word' id='word_1_575' title='bbox 1562 2015 1605 2035; x_wconf 86' lang='lat' dir='ltr'>me</span> <span class='ocrx_word' id='word_1_576' title='bbox 1623 2007 1702 2035; x_wconf 88' lang='lat' dir='ltr'><strong>inimi</strong></span> 
     </span>
    </p>
   </div>
   <div class='ocr_carea' id='block_1_83' title="bbox 925 2052 1711 2089">
    <p class='ocr_par' dir='ltr' id='par_1_83' title="bbox 925 2052 1711 2089">
     <span class='ocr_line' id='line_1_83' title="bbox 925 2052 1711 2089; baseline -0.01 -3"><span class='ocrx_word' id='word_1_577' title='bbox 925 2066 1021 2086; x_wconf 88' lang='lat' dir='ltr'><strong>eorum</strong></span> <span class='ocrx_word' id='word_1_578' title='bbox 1036 2057 1143 2085; x_wconf 75' lang='lat' dir='ltr'><strong>insidite</strong></span> <span class='ocrx_word' id='word_1_579' title='bbox 1162 2055 1240 2083; x_wconf 76' lang='lat' dir='ltr'><strong>facta:</strong></span> <span class='ocrx_word' id='word_1_580' title='bbox 1255 2059 1336 2087; x_wconf 81' lang='lat' dir='ltr'><strong>sunt,</strong></span> <span class='ocrx_word' id='word_1_581' title='bbox 1354 2058 1384 2082; x_wconf 93' lang='lat' dir='ltr'>ut</span> <span class='ocrx_word' id='word_1_582' title='bbox 1398 2057 1605 2089; x_wconf 68' lang='lat' dir='ltr'><strong>praeoccupetur</strong></span> <span class='ocrx_word' id='word_1_583' title='bbox 1630 2052 1711 2079; x_wconf 80' lang='lat' dir='ltr'><strong>etiam</strong></span> 
     </span>
    </p>
   </div>
   <div class='ocr_carea' id='block_1_84' title="bbox 925 2097 1712 2134">
    <p class='ocr_par' dir='ltr' id='par_1_84' title="bbox 925 2097 1712 2134">
     <span class='ocr_line' id='line_1_84' title="bbox 925 2097 1712 2134; baseline -0.01 -3"><span class='ocrx_word' id='word_1_584' title='bbox 925 2103 997 2131; x_wconf 85' lang='lat' dir='ltr'><strong>ratio</strong></span> <span class='ocrx_word' id='word_1_585' title='bbox 1011 2110 1082 2134; x_wconf 86' lang='lat' dir='ltr'><strong>mea,</strong></span> <span class='ocrx_word' id='word_1_586' title='bbox 1097 2109 1148 2130; x_wconf 87' lang='lat' dir='ltr'>nec</span> <span class='ocrx_word' id='word_1_587' title='bbox 1173 2101 1254 2128; x_wconf 83' lang='lat' dir='ltr'><strong>detur</strong></span> <span class='ocrx_word' id='word_1_588' title='bbox 1280 2104 1388 2134; x_wconf 87' lang='lat' dir='ltr'><strong>tempus</strong></span> <span class='ocrx_word' id='word_1_589' title='bbox 1410 2106 1501 2133; x_wconf 87' lang='lat' dir='ltr'><strong>neque</strong></span> <span class='ocrx_word' id='word_1_590' title='bbox 1532 2097 1712 2132; x_wconf 81' lang='lat' dir='ltr'><strong>intelligentia</strong></span> 
     </span>
    </p>
   </div>
   <div class='ocr_carea' id='block_1_85' title="bbox 926 2145 1712 2183">
    <p class='ocr_par' dir='ltr' id='par_1_85' title="bbox 926 2145 1712 2183">
     <span class='ocr_line' id='line_1_85' title="bbox 926 2145 1712 2183; baseline -0.009 -6"><span class='ocrx_word' id='word_1_591' title='bbox 926 2150 960 2177; x_wconf 86' lang='lat' dir='ltr'>ad</span> <span class='ocrx_word' id='word_1_592' title='bbox 976 2149 1087 2176; x_wconf 90' lang='lat' dir='ltr'><strong>modum</strong></span> <span class='ocrx_word' id='word_1_593' title='bbox 1109 2147 1303 2183; x_wconf 80' lang='lat' dir='ltr'><strong>inquirendum</strong></span> <span class='ocrx_word' id='word_1_594' title='bbox 1325 2154 1358 2174; x_wconf 76' lang='lat' dir='ltr'><strong>ex</strong></span> <span class='ocrx_word' id='word_1_595' title='bbox 1380 2145 1506 2173; x_wconf 85' lang='lat' dir='ltr'><strong>manibus</strong></span> <span class='ocrx_word' id='word_1_596' title='bbox 1526 2151 1622 2172; x_wconf 89' lang='lat' dir='ltr'><strong>eorum</strong></span> <span class='ocrx_word' id='word_1_597' title='bbox 1648 2151 1712 2171; x_wconf 76' lang='lat' dir='ltr'><strong>eva-</strong></span> 
     </span>
    </p>
   </div>
   <div class='ocr_carea' id='block_1_86' title="bbox 927 2195 1019 2223">
    <p class='ocr_par' dir='ltr' id='par_1_86' title="bbox 927 2195 1019 2223">
     <span class='ocr_line' id='line_1_86' title="bbox 927 2195 1019 2223; baseline -0.022 0"><span class='ocrx_word' id='word_1_598' title='bbox 927 2195 1019 2223; x_wconf 75' lang='lat' dir='ltr'><strong>dendL</strong></span> 
     </span>
    </p>
   </div>
   <div class='ocr_carea' id='block_1_87' title="bbox 123 2235 867 2287">
    <p class='ocr_par' dir='ltr' id='par_1_87' title="bbox 123 2248 867 2287">
     <span class='ocr_line' id='line_1_87' title="bbox 123 2248 867 2287; baseline 0 -12"><span class='ocrx_word' id='word_1_599' title='bbox 123 2249 191 2285; x_wconf 80' lang='grc' dir='ltr'>Στίχ.</span> <span class='ocrx_word' id='word_1_600' title='bbox 209 2253 244 2286; x_wconf 80' lang='grc' dir='ltr'>η’.</span> <span class='ocrx_word' id='word_1_601' title='bbox 260 2248 433 2287; x_wconf 59' lang='grc' dir='ltr'>-“Ίν’⁷εἷπῃ.</span> <span class='ocrx_word' id='word_1_602' title='bbox 445 2251 532 2285; x_wconf 75' lang='grc' dir='ltr'>(5)ὃτι</span> <span class='ocrx_word' id='word_1_603' title='bbox 549 2250 596 2277; x_wconf 82' lang='grc' dir='ltr'>τοῦ</span> <span class='ocrx_word' id='word_1_604' title='bbox 611 2250 678 2277; x_wconf 82' lang='grc' dir='ltr'>Θεοῦ</span> <span class='ocrx_word' id='word_1_605' title='bbox 696 2250 867 2282; x_wconf 78' lang='grc' dir='ltr'>ἀκούσαντος,</span> 
     </span>
    </p>
   </div>
   <div class='ocr_carea' id='block_1_88' title="bbox 923 2235 1712 2287">
    <p class='ocr_par' dir='ltr' id='par_1_88' title="bbox 962 2242 1712 2276">
     <span class='ocr_line' id='line_1_88' title="bbox 962 2242 1712 2276; baseline -0.009 0"><span class='ocrx_word' id='word_1_606' title='bbox 962 2248 1045 2276; x_wconf 78' lang='lat' dir='ltr'><strong>Vens.</strong></span> <span class='ocrx_word' id='word_1_607' title='bbox 1063 2246 1089 2275; x_wconf 91' lang='lat'><strong>8.</strong></span> <span class='ocrx_word' id='word_1_608' title='bbox 1104 2262 1138 2268; x_wconf 93' lang='lat'>—-</span> <span class='ocrx_word' id='word_1_609' title='bbox 1154 2247 1192 2274; x_wconf 75' lang='lat' dir='ltr'><strong>Ac</strong></span> <span class='ocrx_word' id='word_1_610' title='bbox 1206 2247 1230 2274; x_wconf 92' lang='lat' dir='ltr'><strong>si</strong></span> <span class='ocrx_word' id='word_1_611' title='bbox 1246 2246 1318 2274; x_wconf 85' lang='lat' dir='ltr'><strong>dicat</strong></span> <span class='ocrx_word' id='word_1_612' title='bbox 1335 2255 1343 2273; x_wconf 76' lang='grc' dir='ltr'>ι</span> <span class='ocrx_word' id='word_1_613' title='bbox 1362 2245 1430 2272; x_wconf 85' lang='lat' dir='ltr'><strong>Cum</strong></span> <span class='ocrx_word' id='word_1_614' title='bbox 1447 2243 1519 2271; x_wconf 91' lang='lat' dir='ltr'><strong>Deus</strong></span> <span class='ocrx_word' id='word_1_615' title='bbox 1543 2242 1690 2270; x_wconf 82' lang='lat' dir='ltr'><strong>audivisset</strong></span> <span class='ocrx_word' id='word_1_616' title='bbox 1704 2261 1712 2272; x_wconf 85' lang='grc'>,</span> 
     </span>
    </p>
   </div>
   <div class='ocr_carea' id='block_1_89' title="bbox 91 2295 874 2332">
    <p class='ocr_par' dir='ltr' id='par_1_89' title="bbox 91 2295 874 2332">
     <span class='ocr_line' id='line_1_89' title="bbox 91 2295 874 2332; baseline 0.001 -12"><span class='ocrx_word' id='word_1_617' title='bbox 91 2295 135 2321; x_wconf 78' lang='grc' dir='ltr'>καὶ</span> <span class='ocrx_word' id='word_1_618' title='bbox 156 2296 362 2331; x_wconf 79' lang='grc' dir='ltr'>συγκινηθέντος</span> <span class='ocrx_word' id='word_1_619' title='bbox 379 2297 418 2328; x_wconf 80' lang='grc' dir='ltr'>εἰς</span> <span class='ocrx_word' id='word_1_620' title='bbox 439 2296 534 2332; x_wconf 80' lang='grc' dir='ltr'>ὀργὴν,</span> <span class='ocrx_word' id='word_1_621' title='bbox 556 2296 664 2332; x_wconf 81' lang='grc' dir='ltr'>πρῶτον</span> <span class='ocrx_word' id='word_1_622' title='bbox 692 2296 741 2331; x_wconf 80' lang='grc' dir='ltr'>μὲν</span> <span class='ocrx_word' id='word_1_623' title='bbox 767 2296 874 2322; x_wconf 78' lang='grc' dir='ltr'>ἅπαντα</span> 
     </span>
    </p>
   </div>
   <div class='ocr_carea' id='block_1_90' title="bbox 92 2339 875 2378">
    <p class='ocr_par' dir='ltr' id='par_1_90' title="bbox 92 2339 875 2378">
     <span class='ocr_line' id='line_1_90' title="bbox 92 2339 875 2378; baseline 0.001 -13"><span class='ocrx_word' id='word_1_624' title='bbox 92 2339 240 2373; x_wconf 72' lang='grc' dir='ltr'>ἐσαλεύετο,</span> <span class='ocrx_word' id='word_1_625' title='bbox 255 2343 290 2377; x_wconf 78' lang='grc' dir='ltr'>γῆ</span> <span class='ocrx_word' id='word_1_626' title='bbox 306 2350 336 2368; x_wconf 82' lang='grc' dir='ltr'>τε</span> <span class='ocrx_word' id='word_1_627' title='bbox 352 2342 399 2369; x_wconf 74' lang='grc' dir='ltr'>καὶ</span> <span class='ocrx_word' id='word_1_628' title='bbox 415 2342 476 2378; x_wconf 82' lang='grc' dir='ltr'>δρη.</span> <span class='ocrx_word' id='word_1_629' title='bbox 490 2340 557 2368; x_wconf 84' lang='grc' dir='ltr'>Εἶτα</span> <span class='ocrx_word' id='word_1_630' title='bbox 581 2341 688 2377; x_wconf 73' lang='grc' dir='ltr'>ἐδείχθη</span> <span class='ocrx_word' id='word_1_631' title='bbox 708 2341 810 2373; x_wconf 64' lang='grc' dir='ltr'>καπνδς</span> <span class='ocrx_word' id='word_1_632' title='bbox 824 2341 875 2375; x_wconf 82' lang='grc' dir='ltr'>τῆς</span> 
     </span>
    </p>
   </div>
   <div class='ocr_carea' id='block_1_91' title="bbox 92 2385 876 2422">
    <p class='ocr_par' dir='ltr' id='par_1_91' title="bbox 92 2385 876 2422">
     <span class='ocr_line' id='line_1_91' title="bbox 92 2385 876 2422; baseline -0.004 -8"><span class='ocrx_word' id='word_1_633' title='bbox 92 2385 171 2420; x_wconf 80' lang='grc' dir='ltr'>ὀργῆς</span> <span class='ocrx_word' id='word_1_634' title='bbox 198 2386 281 2414; x_wconf 75' lang='grc' dir='ltr'>αὐτοῦ</span> <span class='ocrx_word' id='word_1_635' title='bbox 309 2387 339 2413; x_wconf 66' lang='grc' dir='ltr'>τὺ</span> <span class='ocrx_word' id='word_1_636' title='bbox 364 2388 524 2422; x_wconf 81' lang='grc' dir='ltr'>προοίμιον,</span> <span class='ocrx_word' id='word_1_637' title='bbox 541 2388 588 2414; x_wconf 77' lang='grc' dir='ltr'>καὶ</span> <span class='ocrx_word' id='word_1_638' title='bbox 616 2386 686 2422; x_wconf 85' lang='grc' dir='ltr'>μετὰ</span> <span class='ocrx_word' id='word_1_639' title='bbox 712 2386 791 2412; x_wconf 85' lang='grc' dir='ltr'>τοῦτο</span> <span class='ocrx_word' id='word_1_640' title='bbox 820 2386 876 2421; x_wconf 77' lang='grc' dir='ltr'>πῦρ</span> 
     </span>
    </p>
   </div>
   <div class='ocr_carea' id='block_1_92' title="bbox 93 2429 876 2467">
    <p class='ocr_par' dir='ltr' id='par_1_92' title="bbox 93 2429 876 2467">
     <span class='ocr_line' id='line_1_92' title="bbox 93 2429 876 2467; baseline 0.003 -12"><span class='ocrx_word' id='word_1_641' title='bbox 93 2429 207 2464; x_wconf 71' lang='grc' dir='ltr'>ἀνήφθη,</span> <span class='ocrx_word' id='word_1_642' title='bbox 223 2430 346 2457; x_wconf 82' lang='grc' dir='ltr'>τουτέστι</span> <span class='ocrx_word' id='word_1_643' title='bbox 366 2432 491 2467; x_wconf 83' lang='grc' dir='ltr'>φανερῶς</span> <span class='ocrx_word' id='word_1_644' title='bbox 514 2431 689 2467; x_wconf 74' lang='grc' dir='ltr'>ὀργιζόμενος</span> <span class='ocrx_word' id='word_1_645' title='bbox 704 2430 820 2466; x_wconf 76' lang='grc' dir='ltr'>ἐδείχθη,</span> <span class='ocrx_word' id='word_1_646' title='bbox 832 2430 876 2457; x_wconf 77' lang='grc' dir='ltr'>διὰ</span> 
     </span>
    </p>
   </div>
   <div class='ocr_carea' id='block_1_93' title="bbox 94 2474 877 2513">
    <p class='ocr_par' dir='ltr' id='par_1_93' title="bbox 94 2474 877 2513">
     <span class='ocr_line' id='line_1_93' title="bbox 94 2474 877 2513; baseline 0 -11"><span class='ocrx_word' id='word_1_647' title='bbox 94 2474 140 2509; x_wconf 78' lang='grc' dir='ltr'>τῆς</span> <span class='ocrx_word' id='word_1_648' title='bbox 161 2475 230 2502; x_wconf 81' lang='grc' dir='ltr'>κατὰ</span> <span class='ocrx_word' id='word_1_649' title='bbox 255 2477 308 2503; x_wconf 85' lang='grc' dir='ltr'>τῶν</span> <span class='ocrx_word' id='word_1_650' title='bbox 334 2477 439 2513; x_wconf 83' lang='grc' dir='ltr'>ἐχθρῶν</span> <span class='ocrx_word' id='word_1_651' title='bbox 461 2478 604 2513; x_wconf 75' lang='grc' dir='ltr'>τιμωρίας.</span> <span class='ocrx_word' id='word_1_652' title='bbox 632 2476 700 2504; x_wconf 79' lang='grc' dir='ltr'>Εἶτα</span> <span class='ocrx_word' id='word_1_653' title='bbox 716 2476 877 2512; x_wconf 78' lang='grc' dir='ltr'>βουλόμενος</span> 
     </span>
    </p>
   </div>
   <div class='ocr_carea' id='block_1_94' title="bbox 96 2521 878 2558">
    <p class='ocr_par' dir='ltr' id='par_1_94' title="bbox 96 2521 878 2558">
     <span class='ocr_line' id='line_1_94' title="bbox 96 2521 878 2558; baseline 0.003 -12"><span class='ocrx_word' id='word_1_654' title='bbox 96 2521 139 2546; x_wconf 79' lang='grc' dir='ltr'>καὶ</span> <span class='ocrx_word' id='word_1_655' title='bbox 158 2523 205 2556; x_wconf 76' lang='grc' dir='ltr'>τῆς</span> <span class='ocrx_word' id='word_1_656' title='bbox 217 2523 352 2558; x_wconf 81' lang='grc' dir='ltr'>τιμωρίας</span> <span class='ocrx_word' id='word_1_657' title='bbox 369 2523 419 2558; x_wconf 76' lang='grc' dir='ltr'>τὴν</span> <span class='ocrx_word' id='word_1_658' title='bbox 440 2523 565 2550; x_wconf 73' lang='grc' dir='ltr'>ἐπίτασιν</span> <span class='ocrx_word' id='word_1_659' title='bbox 593 2524 689 2555; x_wconf 80' lang='grc' dir='ltr'>εἰπεῖν,</span> <span class='ocrx_word' id='word_1_660' title='bbox 707 2524 740 2558; x_wconf 85' lang='grc' dir='ltr'>τῇ</span> <span class='ocrx_word' id='word_1_661' title='bbox 766 2521 878 2549; x_wconf 86' lang='grc' dir='ltr'>ἀκολου-</span> 
     </span>
    </p>
   </div>
   <div class='ocr_carea' id='block_1_95' title="bbox 96 2565 879 2604">
    <p class='ocr_par' dir='ltr' id='par_1_95' title="bbox 96 2565 879 2604">
     <span class='ocr_line' id='line_1_95' title="bbox 96 2565 879 2604; baseline 0.001 -11"><span class='ocrx_word' id='word_1_662' title='bbox 96 2565 138 2601; x_wconf 76' lang='grc' dir='ltr'>θίᾳ</span> <span class='ocrx_word' id='word_1_663' title='bbox 159 2567 208 2602; x_wconf 83' lang='grc' dir='ltr'>τῆς</span> <span class='ocrx_word' id='word_1_664' title='bbox 233 2568 335 2600; x_wconf 78' lang='grc' dir='ltr'>οἰκείας</span> <span class='ocrx_word' id='word_1_665' title='bbox 360 2569 534 2604; x_wconf 73' lang='grc' dir='ltr'>χρησάμενος</span> <span class='ocrx_word' id='word_1_666' title='bbox 554 2569 812 2604; x_wconf 80' lang='grc' dir='ltr'>σωματοποιήσεως,</span> <span class='ocrx_word' id='word_1_667' title='bbox 829 2569 879 2594; x_wconf 63' lang='grc' dir='ltr'>ἐπα</span> 
     </span>
    </p>
   </div>
   <div class='ocr_carea' id='block_1_96' title="bbox 96 2611 473 2649">
    <p class='ocr_par' dir='ltr' id='par_1_96' title="bbox 96 2611 473 2649">
     <span class='ocr_line' id='line_1_96' title="bbox 96 2611 473 2649; baseline 0.008 -11"><span class='ocrx_word' id='word_1_668' title='bbox 96 2611 204 2646; x_wconf 77' lang='grc' dir='ltr'>ήγαγεν·</span> <span class='ocrx_word' id='word_1_669' title='bbox 230 2614 334 2649; x_wconf 72' lang='grc' dir='ltr'>Ἀνέϐη</span> <span class='ocrx_word' id='word_1_670' title='bbox 349 2615 473 2648; x_wconf 76' lang='grc' dir='ltr'>καπνός.</span> 
     </span>
    </p>
   </div>
   <div class='ocr_carea' id='block_1_97' title="bbox 131 2713 874 2751">
    <p class='ocr_par' dir='ltr' id='par_1_97' title="bbox 131 2713 874 2751">
     <span class='ocr_line' id='line_1_97' title="bbox 131 2713 874 2751; baseline 0.003 -12"><span class='ocrx_word' id='word_1_671' title='bbox 131 2713 200 2748; x_wconf 84' lang='grc' dir='ltr'>Στίχ.</span> <span class='ocrx_word' id='word_1_672' title='bbox 214 2714 246 2742; x_wconf 87' lang='grc' dir='ltr'>θ’.</span> <span class='ocrx_word' id='word_1_673' title='bbox 264 2730 297 2735; x_wconf 92' lang='grc'><strong>-</strong></span> <span class='ocrx_word' id='word_1_674' title='bbox 310 2715 400 2751; x_wconf 83' lang='grc' dir='ltr'>Πυρὸς</span> <span class='ocrx_word' id='word_1_675' title='bbox 424 2715 477 2750; x_wconf 77' lang='grc' dir='ltr'>γὰρ</span> <span class='ocrx_word' id='word_1_676' title='bbox 495 2715 533 2750; x_wconf 67' lang='lat'>(5)</span> <span class='ocrx_word' id='word_1_677' title='bbox 554 2715 600 2741; x_wconf 73' lang='grc' dir='ltr'>ἐπὶ</span> <span class='ocrx_word' id='word_1_678' title='bbox 625 2715 690 2741; x_wconf 77' lang='grc' dir='ltr'>πολὺ</span> <span class='ocrx_word' id='word_1_679' title='bbox 717 2715 874 2750; x_wconf 76' lang='grc' dir='ltr'>γενομένου,</span> 
     </span>
    </p>
   </div>
   <div class='ocr_carea' id='block_1_98' title="bbox 134 2803 880 2873">
    <p class='ocr_par' dir='ltr' id='par_1_98' title="bbox 134 2803 880 2873">
     <span class='ocr_line' id='line_1_98' title="bbox 134 2803 880 2873; baseline 0.003 -9"><span class='ocrx_word' id='word_1_680' title='bbox 181 2803 338 2867; x_wconf 46' lang='lat' dir='ltr'><strong>rhadoldbdi&#39;ids</strong></span> <span class='ocrx_word' id='word_1_681' title='bbox 348 2848 411 2867; x_wconf 87' lang='lat' dir='ltr'>eum</span> <span class='ocrx_word' id='word_1_682' title='bbox 419 2839 488 2866; x_wconf 70' lang='lat' dir='ltr'>LXX</span> <span class='ocrx_word' id='word_1_683' title='bbox 497 2839 560 2873; x_wconf 77' lang='lat' dir='ltr'><strong>legit</strong></span> <span class='ocrx_word' id='word_1_684' title='bbox 570 2840 704 2870; x_wconf 79' lang='grc' dir='ltr'>ἀπολύων,</span> <span class='ocrx_word' id='word_1_685' title='bbox 716 2839 880 2873; x_wconf 77' lang='lat' dir='ltr'><strong>disperdcns,</strong></span> 
     </span>
    </p>
   </div>
   <div class='ocr_carea' id='block_1_99' title="bbox 104 2874 879 2909">
    <p class='ocr_par' dir='ltr' id='par_1_99' title="bbox 104 2874 879 2909">
     <span class='ocr_line' id='line_1_99' title="bbox 104 2874 879 2909; baseline 0.001 -9"><span class='ocrx_word' id='word_1_686' title='bbox 104 2878 148 2903; x_wconf 63' lang='lat' dir='ltr'><strong>tito</strong></span> <span class='ocrx_word' id='word_1_687' title='bbox 163 2874 214 2900; x_wconf 71' lang='grc' dir='ltr'>ἀπὸ</span> <span class='ocrx_word' id='word_1_688' title='bbox 228 2874 323 2905; x_wconf 68' lang='grc' dir='ltr'>ὀλίγων</span> <span class='ocrx_word' id='word_1_689' title='bbox 334 2895 341 2905; x_wconf 84' lang='grc'>,</span> <span class='ocrx_word' id='word_1_690' title='bbox 357 2884 372 2902; x_wconf 85' lang='lat' dir='ltr'>a</span> <span class='ocrx_word' id='word_1_691' title='bbox 387 2877 494 2907; x_wconf 46' lang='lat' dir='ltr'><strong>Daucia.</strong></span> <span class='ocrx_word' id='word_1_692' title='bbox 508 2875 579 2908; x_wconf 87' lang='lat' dir='ltr'><strong>quod</strong></span> <span class='ocrx_word' id='word_1_693' title='bbox 593 2880 633 2903; x_wconf 77' lang='lat' dir='ltr'>est</span> <span class='ocrx_word' id='word_1_694' title='bbox 653 2874 774 2909; x_wconf 75' lang='lat' dir='ltr'><strong>Vulgata:</strong></span> <span class='ocrx_word' id='word_1_695' title='bbox 791 2875 879 2902; x_wconf 74' lang='lat' dir='ltr'><strong>lectio.</strong></span> 
     </span>
    </p>
   </div>
   <div class='ocr_carea' id='block_1_100' title="bbox 926 2288 1712 2325">
    <p class='ocr_par' dir='ltr' id='par_1_100' title="bbox 926 2288 1712 2325">
     <span class='ocr_line' id='line_1_100' title="bbox 926 2288 1712 2325; baseline -0.011 -2"><span class='ocrx_word' id='word_1_696' title='bbox 926 2300 954 2323; x_wconf 78' lang='lat' dir='ltr'>et</span> <span class='ocrx_word' id='word_1_697' title='bbox 968 2295 1001 2322; x_wconf 89' lang='lat' dir='ltr'>ad</span> <span class='ocrx_word' id='word_1_698' title='bbox 1016 2295 1083 2322; x_wconf 87' lang='lat' dir='ltr'><strong>iram</strong></span> <span class='ocrx_word' id='word_1_699' title='bbox 1102 2291 1256 2321; x_wconf 72' lang='lat' dir='ltr'><strong>concitatus</strong></span> <span class='ocrx_word' id='word_1_700' title='bbox 1274 2296 1358 2324; x_wconf 80' lang='lat' dir='ltr'><strong>esset,</strong></span> <span class='ocrx_word' id='word_1_701' title='bbox 1381 2290 1497 2325; x_wconf 92' lang='lat' dir='ltr'><strong>primum</strong></span> <span class='ocrx_word' id='word_1_702' title='bbox 1519 2288 1628 2324; x_wconf 88' lang='lat' dir='ltr'><strong>quidem</strong></span> <span class='ocrx_word' id='word_1_703' title='bbox 1653 2295 1712 2314; x_wconf 92' lang='lat' dir='ltr'><strong>om-</strong></span> 
     </span>
    </p>
   </div>
   <div class='ocr_carea' id='block_1_101' title="bbox 929 2337 1712 2370">
    <p class='ocr_par' dir='ltr' id='par_1_101' title="bbox 929 2337 1712 2370">
     <span class='ocr_line' id='line_1_101' title="bbox 929 2337 1712 2370; baseline -0.01 -3"><span class='ocrx_word' id='word_1_704' title='bbox 929 2342 972 2368; x_wconf 89' lang='lat' dir='ltr'><strong>nia</strong></span> <span class='ocrx_word' id='word_1_705' title='bbox 999 2343 1135 2367; x_wconf 72' lang='lat' dir='ltr'><strong>commota</strong></span> <span class='ocrx_word' id='word_1_706' title='bbox 1163 2342 1238 2368; x_wconf 86' lang='lat' dir='ltr'><strong>sunt,</strong></span> <span class='ocrx_word' id='word_1_707' title='bbox 1269 2342 1323 2364; x_wconf 86' lang='lat' dir='ltr'>tam</span> <span class='ocrx_word' id='word_1_708' title='bbox 1358 2340 1443 2367; x_wconf 87' lang='lat' dir='ltr'><strong>terra,</strong></span> <span class='ocrx_word' id='word_1_709' title='bbox 1478 2342 1560 2370; x_wconf 87' lang='lat' dir='ltr'><strong>quam</strong></span> <span class='ocrx_word' id='word_1_710' title='bbox 1593 2337 1712 2361; x_wconf 87' lang='lat' dir='ltr'><strong>montes.</strong></span> 
     </span>
    </p>
   </div>
   <div class='ocr_carea' id='block_1_102' title="bbox 929 2379 1713 2420">
    <p class='ocr_par' dir='ltr' id='par_1_102' title="bbox 929 2379 1713 2420">
     <span class='ocr_line' id='line_1_102' title="bbox 929 2379 1713 2420; baseline -0.011 -6"><span class='ocrx_word' id='word_1_711' title='bbox 929 2385 1031 2414; x_wconf 88' lang='lat' dir='ltr'><strong>Deinde</strong></span> <span class='ocrx_word' id='word_1_712' title='bbox 1060 2385 1186 2420; x_wconf 83' lang='lat' dir='ltr'><strong>apparuit</strong></span> <span class='ocrx_word' id='word_1_713' title='bbox 1202 2383 1282 2410; x_wconf 88' lang='lat' dir='ltr'><strong>initio</strong></span> <span class='ocrx_word' id='word_1_714' title='bbox 1299 2382 1392 2410; x_wconf 79' lang='lat' dir='ltr'><strong>fumus</strong></span> <span class='ocrx_word' id='word_1_715' title='bbox 1403 2381 1451 2408; x_wconf 74' lang='lat' dir='ltr'><strong>ira:</strong></span> <span class='ocrx_word' id='word_1_716' title='bbox 1476 2380 1547 2415; x_wconf 86' lang='lat' dir='ltr'><strong>ejus,</strong></span> <span class='ocrx_word' id='word_1_717' title='bbox 1577 2379 1604 2407; x_wconf 78' lang='lat' dir='ltr'>et</span> <span class='ocrx_word' id='word_1_718' title='bbox 1635 2382 1713 2414; x_wconf 86' lang='lat' dir='ltr'><strong>post-</strong></span> 
     </span>
    </p>
   </div>
   <div class='ocr_carea' id='block_1_103' title="bbox 928 2424 1714 2465">
    <p class='ocr_par' dir='ltr' id='par_1_103' title="bbox 928 2424 1714 2465">
     <span class='ocr_line' id='line_1_103' title="bbox 928 2424 1714 2465; baseline -0.013 -5"><span class='ocrx_word' id='word_1_719' title='bbox 928 2432 1040 2460; x_wconf 89' lang='lat' dir='ltr'><strong>modum</strong></span> <span class='ocrx_word' id='word_1_720' title='bbox 1061 2431 1132 2465; x_wconf 78' lang='lat' dir='ltr'><strong>ignis</strong></span> <span class='ocrx_word' id='word_1_721' title='bbox 1153 2436 1285 2456; x_wconf 81' lang='lat' dir='ltr'><strong>accensus</strong></span> <span class='ocrx_word' id='word_1_722' title='bbox 1301 2427 1376 2464; x_wconf 73' lang='lat' dir='ltr'><strong>fuit;</strong></span> <span class='ocrx_word' id='word_1_723' title='bbox 1389 2426 1498 2460; x_wconf 66' lang='lat' dir='ltr'><strong>lidest,</strong></span> <span class='ocrx_word' id='word_1_724' title='bbox 1519 2425 1608 2460; x_wconf 83' lang='lat' dir='ltr'><strong>palam</strong></span> <span class='ocrx_word' id='word_1_725' title='bbox 1626 2424 1714 2451; x_wconf 81' lang='lat' dir='ltr'><strong>iratus</strong></span> 
     </span>
    </p>
   </div>
   <div class='ocr_carea' id='block_1_104' title="bbox 929 2470 1714 2512">
    <p class='ocr_par' dir='ltr' id='par_1_104' title="bbox 929 2470 1714 2512">
     <span class='ocr_line' id='line_1_104' title="bbox 929 2470 1714 2512; baseline -0.01 -8"><span class='ocrx_word' id='word_1_726' title='bbox 929 2478 1055 2512; x_wconf 80' lang='lat' dir='ltr'><strong>apparuit</strong></span> <span class='ocrx_word' id='word_1_727' title='bbox 1068 2496 1075 2508; x_wconf 83' lang='lat'>.</span> <span class='ocrx_word' id='word_1_728' title='bbox 1088 2479 1197 2511; x_wconf 80' lang='lat' dir='ltr'><strong>propter</strong></span> <span class='ocrx_word' id='word_1_729' title='bbox 1213 2473 1378 2509; x_wconf 86' lang='lat' dir='ltr'><strong>supplicium</strong></span> <span class='ocrx_word' id='word_1_730' title='bbox 1407 2471 1481 2507; x_wconf 79' lang='lat' dir='ltr'><strong>quod</strong></span> <span class='ocrx_word' id='word_1_731' title='bbox 1506 2470 1626 2497; x_wconf 86' lang='lat' dir='ltr'><strong>inimicis</strong></span> <span class='ocrx_word' id='word_1_732' title='bbox 1642 2470 1714 2497; x_wconf 81' lang='lat' dir='ltr'><strong>irro-</strong></span> 
     </span>
    </p>
   </div>
   <div class='ocr_carea' id='block_1_105' title="bbox 928 2515 1713 2559">
    <p class='ocr_par' dir='ltr' id='par_1_105' title="bbox 928 2515 1713 2559">
     <span class='ocr_line' id='line_1_105' title="bbox 928 2515 1713 2559; baseline -0.011 -9"><span class='ocrx_word' id='word_1_733' title='bbox 928 2523 1019 2559; x_wconf 78' lang='lat' dir='ltr'><strong>gabat.</strong></span> <span class='ocrx_word' id='word_1_734' title='bbox 1050 2522 1173 2556; x_wconf 83' lang='lat' dir='ltr'><strong>Denique</strong></span> <span class='ocrx_word' id='word_1_735' title='bbox 1217 2527 1280 2548; x_wconf 87' lang='lat' dir='ltr'>cum</span> <span class='ocrx_word' id='word_1_736' title='bbox 1318 2524 1345 2546; x_wconf 89' lang='lat' dir='ltr'>et</span> <span class='ocrx_word' id='word_1_737' title='bbox 1381 2517 1510 2552; x_wconf 84' lang='lat' dir='ltr'><strong>supplicii</strong></span> <span class='ocrx_word' id='word_1_738' title='bbox 1549 2515 1713 2551; x_wconf 82' lang='lat' dir='ltr'><strong>gravitatem</strong></span> 
     </span>
    </p>
   </div>
   <div class='ocr_carea' id='block_1_106' title="bbox 929 2560 1714 2602">
    <p class='ocr_par' dir='ltr' id='par_1_106' title="bbox 929 2560 1714 2602">
     <span class='ocr_line' id='line_1_106' title="bbox 929 2560 1714 2602; baseline -0.01 -8"><span class='ocrx_word' id='word_1_739' title='bbox 929 2567 1068 2602; x_wconf 75' lang='lat' dir='ltr'><strong>explicare</strong></span> <span class='ocrx_word' id='word_1_740' title='bbox 1100 2565 1191 2598; x_wconf 84' lang='lat' dir='ltr'><strong>vellet,</strong></span> <span class='ocrx_word' id='word_1_741' title='bbox 1226 2565 1254 2591; x_wconf 94' lang='lat' dir='ltr'><strong>in</strong></span> <span class='ocrx_word' id='word_1_742' title='bbox 1279 2564 1360 2591; x_wconf 82' lang='lat' dir='ltr'><strong>obvia</strong></span> <span class='ocrx_word' id='word_1_743' title='bbox 1396 2563 1556 2596; x_wconf 79' lang='lat' dir='ltr'><strong>metaphora</strong></span> <span class='ocrx_word' id='word_1_744' title='bbox 1588 2567 1603 2587; x_wconf 86' lang='lat' dir='ltr'>a</span> <span class='ocrx_word' id='word_1_745' title='bbox 1631 2560 1714 2591; x_wconf 74' lang='lat' dir='ltr'><strong>rebus</strong></span> 
     </span>
    </p>
   </div>
   <div class='ocr_carea' id='block_1_107' title="bbox 929 2606 1714 2647">
    <p class='ocr_par' dir='ltr' id='par_1_107' title="bbox 929 2606 1714 2647">
     <span class='ocr_line' id='line_1_107' title="bbox 929 2606 1714 2647; baseline -0.01 -7"><span class='ocrx_word' id='word_1_746' title='bbox 929 2613 1070 2647; x_wconf 79' lang='lat' dir='ltr'><strong>corporeis</strong></span> <span class='ocrx_word' id='word_1_747' title='bbox 1095 2611 1238 2645; x_wconf 85' lang='lat' dir='ltr'><strong>desumpta</strong></span> <span class='ocrx_word' id='word_1_748' title='bbox 1266 2616 1393 2645; x_wconf 83' lang='lat' dir='ltr'><strong>pergens,</strong></span> <span class='ocrx_word' id='word_1_749' title='bbox 1425 2606 1591 2642; x_wconf 74' lang='lat' dir='ltr'><strong>subiunxit,</strong></span> <span class='ocrx_word' id='word_1_750' title='bbox 1617 2607 1714 2633; x_wconf 68' lang='lat' dir='ltr'><strong>Arcen-</strong></span> 
     </span>
    </p>
   </div>
   <div class='ocr_carea' id='block_1_108' title="bbox 932 2658 1086 2692">
    <p class='ocr_par' dir='ltr' id='par_1_108' title="bbox 932 2658 1086 2692">
     <span class='ocr_line' id='line_1_108' title="bbox 932 2658 1086 2692; baseline 0.006 -8"><span class='ocrx_word' id='word_1_751' title='bbox 932 2659 971 2685; x_wconf 85' lang='lat' dir='ltr'><strong>dit</strong></span> <span class='ocrx_word' id='word_1_752' title='bbox 987 2658 1086 2692; x_wconf 75' lang='lat' dir='ltr'><strong>fumus.</strong></span> 
     </span>
    </p>
   </div>
   <div class='ocr_carea' id='block_1_109' title="bbox 967 2705 1714 2744">
    <p class='ocr_par' dir='ltr' id='par_1_109' title="bbox 967 2705 1714 2744">
     <span class='ocr_line' id='line_1_109' title="bbox 967 2705 1714 2744; baseline -0.009 -4"><span class='ocrx_word' id='word_1_753' title='bbox 967 2713 1049 2740; x_wconf 74' lang='lat' dir='ltr'><strong>Vens.</strong></span> <span class='ocrx_word' id='word_1_754' title='bbox 1071 2710 1225 2739; x_wconf 85' lang='lat' dir='ltr'><strong>9.——Cum</strong></span> <span class='ocrx_word' id='word_1_755' title='bbox 1248 2709 1321 2737; x_wconf 92' lang='lat' dir='ltr'><strong>enim</strong></span> <span class='ocrx_word' id='word_1_756' title='bbox 1351 2708 1423 2743; x_wconf 76' lang='lat' dir='ltr'><strong>ignis</strong></span> <span class='ocrx_word' id='word_1_757' title='bbox 1448 2708 1585 2744; x_wconf 87' lang='lat' dir='ltr'><strong>plurimus</strong></span> <span class='ocrx_word' id='word_1_758' title='bbox 1625 2705 1714 2733; x_wconf 78' lang='lat' dir='ltr'><strong>factus</strong></span> 
     </span>
    </p>
   </div>
   <div class='ocr_carea' id='block_1_110' title="bbox 936 2810 1220 2863">
    <p class='ocr_par' dir='ltr' id='par_1_110' title="bbox 936 2810 1220 2863">
     <span class='ocr_line' id='line_1_110' title="bbox 936 2810 1010 2830; baseline -0.027 0"><span class='ocrx_word' id='word_1_759' title='bbox 936 2810 1010 2830; x_wconf 82' lang='grc' dir='ltr'>ι·.ι)1τ.</span> 
     </span>
     <span class='ocr_line' id='line_1_111' title="bbox 971 2835 1220 2863; baseline -0.004 0"><span class='ocrx_word' id='word_1_760' title='bbox 971 2838 1009 2863; x_wconf 66' lang='lat' dir='ltr'>(7i)</span> <span class='ocrx_word' id='word_1_761' title='bbox 1024 2836 1062 2862; x_wconf 67' lang='lat' dir='ltr'><strong>Et</strong></span> <span class='ocrx_word' id='word_1_762' title='bbox 1082 2835 1220 2862; x_wconf 70' lang='lat' dir='ltr'><strong>Conleaio.</strong></span> 
     </span>
    </p>
   </div>
   <div class='ocr_carea' id='block_1_111' title="bbox 971 2839 1155 2907">
    <p class='ocr_par' dir='ltr' id='par_1_111' title="bbox 971 2839 1155 2907">
     <span class='ocr_line' id='line_1_112' title="bbox 982 2839 1155 2863; baseline 0 -2"><span class='ocrx_word' id='word_1_763' title='bbox 982 2839 1009 2863; x_wconf 64' lang='grc' dir='ltr'>ἦ)</span> <span class='ocrx_word' id='word_1_764' title='bbox 1025 2839 1062 2862; x_wconf 65' lang='lat' dir='ltr'><strong>Et</strong></span> <span class='ocrx_word' id='word_1_765' title='bbox 1082 2839 1155 2862; x_wconf 53' lang='lat' dir='ltr'><strong>Cordi</strong></span> 
     </span>
     <span class='ocr_line' id='line_1_113' title="bbox 971 2839 1155 2907; baseline 0.011 -10"><span class='ocrx_word' id='word_1_766' title='bbox 971 2839 1010 2907; x_wconf 50' lang='grc' dir='ltr'>λι)</span> <span class='ocrx_word' id='word_1_767' title='bbox 1028 2871 1077 2898; x_wconf 74' lang='lat' dir='ltr'><strong>Mai</strong></span> <span class='ocrx_word' id='word_1_768' title='bbox 1090 2870 1155 2899; x_wconf 83' lang='lat' dir='ltr'><strong>ibid.</strong></span> 
     </span>
    </p>
   </div>
  </div>
