1966 3069
231 133 284 162 665

816 139 990 168 TllEODORl
1010 139 1183 170 MUPSUESI
1193 137 1249 167 EN!

1794 142 1850 173 ti“

230 197 278 228 sit,
292 195 428 224 carbones
447 195 550 223 multos
574 195 634 224 lleri
651 196 786 232 contigit:
815 195 944 225 omnibus
973 199 1017 225 his

1074 197 1205 234 ἱνθρακας
1216 198 1262 225 ἐπὶ
1276 197 1343 226 πολῦ
1358 196 1485 232 γενέσθαι
1501 197 1659 234 συμϐαίνει·
1671 196 1705 225 δι’
1712 196 1780 225 ὅλων
1791 198 1853 234 βου.

230 241 323 270 dicere
339 241 445 275 volens,
459 242 541 269 simul
554 246 665 270 orantes
677 243 864 276 exaudivisse,
884 250 1011 270 commo-

228 291 287 314 tum
301 287 387 314 fuisse
407 291 502 314 contra
518 287 656 320 inimicos,
681 288 830 324 statimque
844 289 936 316 omnia
953 296 1014 323 per-

229 334 347 360 turbari.
385 332 427 360 Ira
465 338 556 361 autem
596 333 657 369 ejus
687 342 721 361 es
757 339 836 369 parte
869 334 1014 362 cll‘ectibus

229 379 395 414 quibusdam
409 378 545 414 patefacta
559 384 620 413 est,
639 386 714 407 mine
727 386 793 407 vero
809 379 904 407 hostes
919 380 1015 408 ulcisci

228 425 312 459 carpit
327 430 333 451 :
352 429 469 460 augetur
485 424 525 452 ira
552 432 585 452 ac
602 425 792 453 vehementius
808 425 872 452 illos
887 425 1014 461 castigat.

229 469 333 498 Deinde
347 477 538 506 perseverans,
554 471 616 499 illos
632 471 746 499 omnino
759 471 847 499 delet:
863 475 929 498 tunc
940 471 1014 499 enim

229 514 366 542 carbones
380 514 559 542 consumendi
585 522 644 542 mos
665 519 718 548 est,
747 523 809 543 cum
830 515 912 551 ignis,
936 515 1016 543 valde

229 562 339 594 auctus,
357 558 430 594 ligna
448 559 572 594 subjecta
589 559 723 587 incendit.

265 667 349 696 Vens.
365 668 409 696 10.
418 683 454 689 ——
464 667 518 696 Sed
527 675 590 696 cum
598 676 632 696 ex
645 669 734 697 sacris
744 669 844 702 verbis,
858 677 919 705 quae.
928 670 1017 706 prole-

230 714 316 742 renda
334 718 410 747 sunt,
434 714 493 749 [ore
510 718 541 742 ut
559 715 711 750 quidquam
732 715 864 744 indecens
890 721 939 743 aut
964 716 1017 743 hu-

231 761 296 788 mile
307 760 433 788 videatur
444 760 604 796 pmideat,
618 760 718 788 iterum
735 769 887 789 sermonem
899 762 1015 793 extollit,

231 808 327 835 dicens
340 817 347 835 :
364 805 505 835 Descendit
516 806 549 835 de
561 807 637 839 calo.
650 812 676 835 et
689 807 802 834 habebat
814 808 954 843 caliginem
969 809 1016 836 sub

230 854 340 888 pedibus
355 854 424 888 ejus.
441 852 528 881 Porro
539 861 603 881 cum
622 853 704 881 nobis
719 853 851 881 humilior
867 854 924 881 visa
951 854 1018 882 fuis-

231 904 274 928 set
304 900 363 928 haec
387 900 554 935 praesentia,
583 899 690 927 addidit
718 903 766 933 (ν.
798 899 852 934 Η)
873 908 880 927 :
899 900 1022 927 Ascendit

231 953 309 980 super
331 945 478 977 cherubim,
499 946 651 974 ostendens
670 945 749 972 illum
774 950 904 981 tanquam
931 954 1022 982 regem

231 999 315 1027 super
329 999 414 1019 curru
428 991 581 1024 sedentem,
596 999 716 1027 cumque
730 991 874 1026 majestate
886 999 1018 1028 apparen-

232 1043 297 1065 tem.
314 1036 428 1068 Deinde,
449 1041 580 1065 contentu
599 1042 751 1071 resumpto,
771 1045 869 1065 rursus
892 1038 958 1065 illud
981 1038 1024 1066 di-

231 1084 272 1110 xit
287 1092 294 1110 :
309 1082 344 1110 Et
359 1084 447 1117 posuit
463 1083 583 1110 tenebras
599 1083 740 1111 latibulum
759 1092 837 1111 suum
852 1089 890 1118 (ν.
906 1084 939 1111 12
949 1083 970 1119 ),
988 1089 1023 1117 et,

231 1129 306 1165 quod
321 1137 495 1165 consequens
516 1135 570 1163 est,
593 1131 679 1165 caligo
700 1130 748 1158 sub
772 1130 879 1164 pedibus
904 1131 973 1166 eius.
991 1131 1026 1158 At

231 1183 294 1203 cum
311 1176 390 1211 plura
403 1175 438 1203 de
452 1176 566 1203 tenebris
576 1176 689 1208 dixerit,
706 1177 813 1203 scilicet
826 1184 887 1211 quas
898 1180 962 1204 sunt
975 1176 1024 1203 sub

230 1222 340 1256 pedibus
354 1222 413 1256 ejus
431 1221 549 1257 illosque
570 1221 755 1255 abscondunt,
779 1222 927 1257 quodpiam
946 1223 1025 1250 inde-

233 1276 300 1296 cens
314 1276 347 1295 ex
373 1267 484 1302 eloquio
507 1274 588 1295 sacro
616 1267 763 1303 provenire
788 1267 941 1299 videbatur,
961 1274 1024 1295 cum

233 1315 368 1342 asseritur
390 1313 539 1341 circuitum
569 1313 747 1341 tenebrosum
770 1313 831 1348 ejus
851 1321 913 1341 esse
938 1313 1025 1349 ipsius

231 1359 442 1387 tabernaculum
458 1367 467 1392 ;
483 1358 531 1386 sed
558 1359 659 1393 primo,
679 1359 809 1391 tenebras,
843 1359 943 1394 inquit.
960 1359 1024 1386 dum

232 1405 291 1438 ipse
306 1405 391 1435 latet,
409 1403 541 1431 adversus
555 1403 681 1430 inimicos
697 1402 890 1437 projiciuntur,
914 1403 1027 1438 ipseque

232 1449 342 1476 interim
363 1455 378 1474 a
396 1448 505 1475 nemine
515 1448 634 1475 videtur.
648 1447 725 1475 Alias
741 1448 792 1475 hoc
817 1448 1025 1476 tabernaculum

235 1494 298 1529 ejus
312 1494 387 1521 circa
403 1501 466 1521 eum
482 1497 558 1525 erat,
569 1494 607 1519 ita
624 1497 654 1520 ut
668 1492 776 1520 dicatur
793 1493 850 1526 lux,
874 1493 947 1521 sicut
961 1493 1027 1522 hea-

1069 243 1160 278 ληθεὶς
1182 245 1280 277 εἰπεῖν,
1299 244 1341 271 δτι
1364 244 1424 279 ἃμα
1441 252 1470 271 τε
1495 244 1609 279 ἢκουσεν
1625 244 1785 280 εὐξαμένου,
1805 245 1855 274 καὶ

1068 290 1182 326 ἐκινήθη
1209 289 1281 316 κατὰ
1305 290 1360 317 τῶν
1380 289 1495 325 ἐχθρῶν·
1510 289 1558 317 καὶ
1574 290 1656 322 εὐθὺς
1674 290 1724 325 μὲν
1745 291 1856 318 ἃπαντα

1067 335 1212 362 ἐσαλεύετο
1221 344 1229 351 ·
1244 335 1407 370 ὑπεφαίνετο
1419 335 1448 362 δὲ
1460 335 1543 363 αὐτοῦ
1557 335 1628 363 κατὰ
1643 336 1724 372 μέρος
1746 337 1793 363 καὶ
1810 337 1858 363 διὰ

1067 382 1238 416 πραγμάτων
1259 382 1276 417 ή
1299 382 1379 417 ὀργὴ,
1394 381 1442 409 νῦν
1453 382 1502 417 μὲν
1513 382 1664 418 ἀρχομένου
1675 383 1857 418 τιμωρεῖσθαι

1067 427 1131 458 τοὺς
1144 427 1299 462 πολεμίους,
1321 427 1460 463 προϊόντος
1471 427 1501 454 δὲ
1512 428 1559 454 καὶ
1570 427 1747 463 σφοδρότερον
1757 428 1858 459 αὐτοὺς

1070 472 1230 504 κολάζοντος
1238 481 1245 487 ·
1259 471 1317 500 εἶτα
1323 472 1373 508 τῆς
1384 473 1543 509 παραμονῆς
1553 473 1600 499 καὶ
1610 472 1749 505 παντελῶς
1757 473 1858 505 αὐτοὺς
1871 486 1873 488 -

1070 518 1264 552 ἀφανίζοντος·
1288 518 1349 545 τότε
1362 518 1417 554 γὰρ
1433 519 1492 551 έθος
1506 518 1580 545 ἐστὶν
1592 517 1781 545 ἀποτελεῖσθαι
1793 520 1858 550 τοὺς

1070 562 1220 599 ἄνθρακας,
1235 564 1345 591 ἐπειδὰν
1361 565 1391 591 τὸ
1414 564 1471 599 πῦρ
1486 563 1533 591 ἐπὶ
1550 564 1640 591 πλεῖον
1654 564 1794 599 γινόμενον
1808 564 1858 596 τὰς

1069 609 1253 645 ὑποκειμένας
1278 609 1343 641 ὕλας
1364 609 1520 647 καταφλέξῃ
1543 610 1598 637 τῶν
1620 610 1717 642 ξύλων.

1104 677 1179 713 Στίχ.
1195 681 1220 705 ι’.
1231 693 1266 698 —
1281 677 1351 704 Ἀλλ’
1363 676 1428 704 ὅταν
1446 675 1499 704 ἀπὸ
1519 677 1566 703 τοῦ
1588 676 1777 712 σχηματισμοῦ
1801 676 1861 712 εῐδῃ

1069 722 1130 751 τινὰ
1150 722 1302 759 ἀπρέπειαν
1324 721 1599 758 ὕπερφαινομένην,ῆ
1621 723 1802 757 ταπεινότητα
1824 724 1860 757 τῇ

1070 769 1232 804 παρενθέσει
1243 768 1296 795 τῶν
1311 769 1339 795 ὲν
1353 769 1438 804 μέσῳ,
1453 768 1534 795 πάλιν
1551 766 1626 800 αὔξει
1643 768 1689 794 τὸν
1703 768 1790 802 λόγον,
1803 765 1861 794 οἶον

1071 812 1157 846 εἶπεν,
1166 814 1207 840 ὅτι
1213 813 1327 846 Κατέση
1336 814 1369 840 ἐκ
1379 813 1440 841 τῶν
1448 813 1592 848 οὐρανῶν,
1601 813 1650 841 καί
1660 812 1741 848 εἶχεν
1749 814 1864 848 γνόφων

1035 870 1057 898 Β
1071 859 1130 887 ὑπὸ
1139 860 1209 893 τοὺς
1219 859 1314 893 πόδας
1323 860 1426 887 αὐτοῦ.
1435 860 1544 896 Ἐπειδὴ
1550 860 1639 887 τοίνυν
1648 860 1760 894 ταπεινή
1769 868 1810 890 τις
1818 859 1863 884 ἐν-

1073 905 1167 932 τεῦθεν
1180 905 1344 940 ὑπεφαίνετο
1355 906 1372 940 ἡ
1383 905 1528 941 παρουσία,
1540 905 1694 941 παρέθηκεν
1706 905 1746 936 τὸ,
1755 905 1862 938 Ἐπέϐη

1073 951 1122 978 ἐπὶ
1135 952 1285 986 χερουόὶμ,
1299 951 1403 983 δεικνὺς
1419 951 1498 978 αὐτὸν
1510 951 1546 982 ὡς
1560 951 1670 986 βασιλέα
1685 950 1728 985 ὑφ’
1737 950 1864 986 ἅρματος

1074 997 1230 1033 ὀχούμενον,
1244 997 1290 1023 καὶ
1314 995 1387 1023 οὕτω
1410 996 1625 1031 παραγινόμενον
1636 1005 1642 1012 ·
1658 994 1716 1022 εἶτα
1731 995 1780 1030 τῆς
1797 996 1864 1022 ἀκο-

1074 1043 1182 1075 λουθίας
1196 1043 1344 1079 λαϐόμενος
1352 1042 1432 1069 πάλιν
1446 1040 1522 1069 εἶπεν
1535 1043 1575 1074 τὸ,
1590 1042 1643 1069 Καὶ
1654 1042 1736 1069 ἔθετο
1747 1041 1862 1074 σκότος

1073 1088 1255 1123 ἀποκρυφὴν
1278 1089 1382 1120 αὑτοῦ,
1401 1088 1545 1115 ἀκόλουθον
1567 1087 1597 1114 ὂν
1619 1087 1668 1123 τῷ,
1683 1087 1738 1114 Καὶ
1749 1087 1864 1122 γνόφος

1074 1134 1133 1161 ὑπὸ
1149 1133 1220 1166 τοὺς
1235 1133 1332 1166 πόδας
1340 1131 1433 1161 αὑτοῦ
1443 1141 1450 1147 ·
1467 1132 1524 1159 ἀλλ’
1534 1133 1628 1168 ἐπειδὴ
1642 1132 1724 1158 πολὺν
1738 1132 1803 1167 περὶ
1813 1130 1863 1158 τοῦ

1075 1180 1186 1211 σκότους
1204 1180 1348 1214 ἐποιήσατο
1364 1178 1409 1206 τὸν
1425 1178 1514 1213 λόγον,
1530 1178 1568 1210 ὡς
1580 1178 1655 1209 όντος
1671 1177 1724 1204 ὐπὸ
1738 1177 1801 1208 τοὺς
1815 1176 1865 1203 πό-

1076 1225 1125 1257 δας
1137 1225 1230 1257 αὐτοῦ,
1251 1225 1297 1251 καὶ
1313 1224 1533 1260 ἀποκρύπτοντος
1549 1224 1657 1255 αὐτοὺς,
1675 1223 1760 1250 ἐδόκει
1779 1222 1807 1249 δέ
1821 1231 1864 1254 τις

1076 1271 1212 1306 ἀπρέπεια
1227 1270 1380 1305 ἐγγίνεσθαι
1396 1270 1434 1306 τῷ
1447 1270 1640 1306 σχηματισμῷ·
1648 1269 1864 1304 ἀσφαλιζόμενος

1074 1316 1105 1344 τὸ
1122 1316 1272 1344 ὖποπίπτον
1286 1317 1378 1351 κύκλῳ
1392 1316 1484 1348 αὑτοῦ,
1497 1316 1588 1352 φησίν·
1597 1317 1631 1343 Ἡ
1645 1314 1744 1349 σκηνὴ
1758 1314 1863 1342 αὑτοῦ.

1082 1362 1162 1389 Ἀλλὰ
1175 1362 1205 1389 τὸ
1222 1362 1272 1398 μὲν
1295 1362 1399 1394 σκότος,
1413 1362 1504 1396 φησὶν,
1522 1362 1592 1389 κατὰ
1612 1361 1661 1388 τῶν
1676 1361 1780 1396 ἐχθρῶν
1797 1369 1866 1396 προ-

1075 1408 1200 1443 ϐέϐλητο,
1218 1407 1394 1443 ἀποκρύπτον
1416 1407 1507 1438 αὑτὸν,
1533 1407 1580 1434 καὶ
1597 1406 1659 1433 οὐδὲ
1673 1406 1787 1442 ὁρᾶσθαι
1806 1407 1865 1437 τοῖς

1076 1452 1206 1483 ἐναντίοις
1222 1451 1314 1478 ποιοῦν
1325 1459 1334 1468 ο
1357 1451 1420 1487 περὶ
1442 1451 1522 1478 αὑτὸν
1536 1451 1565 1477 δὲ
1582 1452 1599 1486 ὴ
1617 1451 1703 1486 σκηνὴ
1719 1450 1801 1477 αὑτοῦ
1815 1447 1862 1485 ἦν’

1078 1496 1111 1524 ἵν’
1123 1497 1199 1534 εἴπῃ.
1218 1497 1250 1524 τὸ
1272 1497 1342 1531 φῶς,
1367 1496 1405 1528 ὡς
1421 1497 1468 1523 καὶ
1487 1497 1502 1523 ὁ
1519 1496 1653 1532 μακάριος
1671 1494 1776 1527 Παῦλος
1798 1495 1865 1531 περὶ

232 1544 278 1566 tus
302 1538 405 1566 Paulus
427 1538 462 1565 de
486 1538 546 1573 ipso
564 1537 632 1565 dit-it
651 1537 686 1574 (1
707 1537 776 1566 Tim.
794 1547 832 1570 v1,
848 1538 882 1566 16
896 1545 913 1575 ι,
928 1538 1021 1566 Lucem

1075 1541 1157 1569 αὐτοῦ
1170 1549 1263 1577 φησιν·
1272 1541 1337 1573 Φῶς
1348 1540 1438 1568 οἰκῶν
1452 1541 1616 1575 ἀπρόσιτον
1626 1550 1632 1556 ·
1647 1540 1695 1575 τῆς
1708 1540 1763 1576 γὰρ
1779 1540 1864 1575 αὐτῆς

233 1584 357 1611 habitans
372 1581 588 1610 inacccssibilem.
607 1581 637 1609 ln
654 1582 780 1610 eumdem
803 1586 894 1610 autem
912 1591 1022 1611 sensum

234 1631 292 1657 haec
306 1630 362 1657 duo
388 1628 535 1662 recidunt;
560 1627 793 1663 quemadmodum
816 1628 891 1656 enim
921 1627 1024 1656 dicitur

234 1677 322 1704 lucem
339 1675 475 1706 habitare,
494 1675 531 1702 ita
547 1674 757 1701 tabernaculum
783 1673 831 1701 Dei
856 1674 968 1709 proprie
982 1673 1025 1701 di-

237 1722 311 1749 citur
325 1721 391 1753 lux;
408 1720 547 1747 tenebrosa
566 1727 635 1754 aqua
649 1719 678 1746 in
699 1718 813 1746 nubibus
831 1720 911 1752 aeris,
931 1720 958 1746 in
973 1720 1027 1746 cir-

235 1767 309 1794 cuitu
321 1766 379 1802 ejus
394 1765 598 1793 tabernaculum
609 1765 678 1800 ejus,
689 1772 860 1800 rursumque
876 1765 949 1801 quod
961 1772 1027 1800 prte-

235 1813 361 1841 cedentia
381 1812 518 1848 sequitur,
548 1811 584 1838 Et
606 1812 714 1846 [uerunt
742 1811 857 1840 tsnebra:
885 1813 1026 1841 latibulum

235 1859 304 1894 ejus.
328 1858 458 1886 Addidit:
483 1857 632 1885 Tenebrasa
653 1866 722 1893 aqua
750 1859 776 1885 in
799 1858 911 1886 nubibus
938 1859 1019 1886 aeris.

235 1905 452 1940 Consequuntur
467 1911 533 1938 ergo
550 1904 640 1943 caligo
650 1907 678 1930 et
691 1904 825 1937 tenebras;
839 1912 903 1932 nam
917 1905 1023 1937 omnia,

1075 1587 1178 1619 ἑννοίας
1193 1587 1283 1622 ἔχεται
1299 1586 1442 1623 ἀμφότερα
1454 1594 1460 1601 ·
1478 1586 1572 1622 ὥσπερ
1583 1586 1637 1622 γὰρ
1651 1586 1708 1620 φῶς
1721 1585 1806 1612 οικςῖν
1818 1585 1865 1612 λέ-

1076 1638 1162 1666 γειιάι1
1177 1631 1250 1658 οὕτω
1266 1631 1315 1658 καὶ
1328 1632 1345 1667 ὴ
1360 1630 1448 1666 σκηνὴ
1459 1630 1506 1657 τοῦ
1521 1630 1590 1657 Θεοῦ
1598 1631 1704 1665 λέγοιτο
1717 1630 1750 1657 ἂν
1761 1630 1863 1665 κυρίως

1075 1678 1106 1705 τὺ
1117 1677 1186 1713 φῶς.
1201 1678 1362 1705 Σκοτσινὸν
1377 1677 1455 1711 ὕδωρ
1465 1677 1500 1704 ἐν
1515 1677 1656 1712 νεφέλαις
1671 1677 1777 1710 ἀέρων,
1793 1685 1865 1712 παρ-

1074 1724 1234 1754 ενθεντικῶς
1246 1723 1411 1759 τῷ,Κύκλῳ
1424 1723 1518 1751 αὑτοῦ
1527 1724 1546 1757 ἡ
1559 1723 1658 1757 σκηνὴ
1667 1722 1769 1750 αὐτοῦ.
1780 1723 1865 1749 Πάλιν

1075 1769 1228 1801 ἀκολούθως
1233 1770 1289 1801 τοῖς
1296 1769 1520 1805 προηγουμένοις,
1530 1769 1580 1804 τῷ,
1594 1769 1649 1796 Kal
1660 1768 1741 1796 ἔθετο
1755 1769 1865 1801 σκότος

1074 1815 1254 1850 ἀποκρυφὴν
1272 1815 1375 1848 αὐτοῦ,
1388 1815 1528 1850 ἐπήγαγεν
1541 1822 1548 1829 '
1566 1815 1725 1841 Σκοτεινὸν
1740 1812 1819 1847 ὕδωρ
1830 1813 1866 1840 ἐν

1076 1861 1218 1896 νεφέλαις
1238 1860 1332 1894 ἀέρων
1342 1870 1348 1876 -
1366 1860 1510 1892 ἀκόλουθον
1525 1860 1579 1896 γὰρ
1603 1857 1637 1895 ἦν
1652 1859 1683 1885 τὸ
1704 1859 1802 1893 γνόφος
1818 1858 1866 1884 καὶ

1078 1908 1173 1938 σκότος
1184 1915 1191 1922 ·
1204 1907 1329 1942 συνέχεεν
1339 1906 1403 1942 γὰρ,
1422 1907 1514 1942 φησὶν,
1530 1908 1638 1933 ᾶπαντα
1648 1905 1789 1940 γινομένου
1803 1912 1866 1939 σχη-

237 1952 337 1987 inquit,
352 1954 538 1979 consentanea
565 1953 683 1978 suntex
703 1954 781 1985 parte
808 1949 855 1979 Dei
883 1950 952 1978 iram
977 1958 1025 1978 an-

236 1995 418 2029 nuntiantis;
443 2003 492 2023 aer
516 1995 589 2024 enim
612 1995 798 2023 condensatus
827 1996 1024 2024 obsruritatem

1080 1953 1195 1988 ματίσας
1211 1952 1257 1979 τοῦ
1279 1952 1347 1979 Θεοῦ
1372 1951 1421 1987 τὴν
1434 1952 1535 1987 ὀργήν·
1557 1952 1574 1986 ἡ
1591 1951 1646 1986 γὰρ
1662 1949 1708 1977 τοῦ
1721 1949 1803 1984 ἀέρος
1819 1956 1866 1975 συ-

1078 1999 1191 2035 στροφὴ,
1201 1999 1311 2029 πάντως
1323 1996 1404 2031 ζόφον
1416 1997 1562 2033 εἰργάσατο
1575 1995 1718 2031 τοιοῦτο[ν]
1735 1993 1805 2021 εἶναι
1818 1994 1866 2020 καὶ

236 2045 360 2078 generat,
375 2041 504 2076 idemque
523 2042 615 2069 evenit
628 2041 661 2069 de
682 2049 752 2076 aqua
771 2042 798 2069 in
818 2042 939 2070 nubibus
963 2050 1021 2070 aere

1077 2044 1108 2070 τὸ
1123 2043 1195 2078 ὕδωρ
1211 2043 1239 2068 ὲν
1252 2043 1313 2073 τρεῖς
1325 2041 1450 2076 νεφέλαις
1469 2039 1657 2076 μελανθείσαις
1673 2040 1707 2074 τῇ
1719 2037 1765 2064 τοῦ
1784 2037 1865 2072 ἀέρος

237 2086 409 2115 condensata
423 2086 606 2114 obumbratis.

1081 2089 1219 2124 συστροφῇ
1234 2088 1284 2122 (ι)-

705 2167 743 2203 (2)
765 2168 890 2204 Ejusdem
912 2171 938 2196 in
956 2170 1088 2204 psalmum
1108 2169 1262 2204 vigesimum
1280 2167 1406 2200 primum.

275 2233 411 2262 Fodenmt
437 2243 531 2262 manus
558 2244 630 2263 meas
649 2240 674 2263 et
697 2235 791 2270 pedes,
809 2240 834 2262 et
853 2237 943 2264 omnia
967 2236 1216 2268 perscrutabantur,
1237 2239 1263 2262 et
1285 2242 1345 2270 qua:
1368 2233 1495 2269 agebant,
1519 2237 1544 2259 et
1566 2240 1624 2267 quae
1645 2230 1772 2258 conabar.
1799 2229 1865 2256 Nam

238 2279 381 2312 foderunt,
399 2287 431 2307 ex
447 2281 628 2308 translatione
647 2281 718 2308 dixit
740 2288 854 2312 eorum.
876 2282 923 2317 qui
948 2289 995 2317 per
1018 2282 1197 2310 ettossionem
1223 2279 1341 2308 scrutari
1362 2286 1424 2314 qua:
1444 2279 1472 2306 in
1497 2277 1635 2313 profundo
1657 2280 1722 2304 sunt
1745 2279 1864 2302 tentant.

238 2325 481 2354 Dinumerauerunt
503 2327 593 2354 omnia
613 2334 675 2354 ossa
700 2335 775 2358 mea.
799 2327 885 2356 totius
907 2335 974 2355 mea;
995 2327 1167 2355 fortitudinis
1188 2330 1216 2354 et
1238 2327 1324 2354 totius
1345 2333 1413 2352 mea:
1433 2324 1597 2352 substantia:
1616 2324 1776 2350 dutentores
1800 2320 1865 2348 l'acti

181 2397 188 2411 _,
239 2376 322 2404 sunt.
343 2376 372 2400 ut
392 2373 475 2400 etiam
496 2380 616 2406 numero,
629 2380 688 2400 mea
712 2372 893 2407 subiicerent.
917 2373 993 2401 Istud
1014 2378 1106 2401 autem
1128 2381 1162 2401 ex
1180 2370 1384 2400 consuetudine
1406 2377 1489 2405 quam
1512 2369 1613 2397 habent
1634 2369 1747 2398 hostes,
1770 2366 1863 2393 dixit:

183 2423 186 2437 ε
238 2419 284 2454 qui
307 2418 421 2454 quando
443 2419 630 2450 obtinuerint.
659 2427 775 2446 numero
798 2422 826 2446 ct
848 2420 912 2447 talis
938 2420 1066 2448 subtilem
1094 2419 1220 2447 notitiam
1245 2418 1420 2446 inventorum
1446 2416 1559 2443 faciunt.
1586 2415 1735 2450 Propterea
1759 2417 1787 2440 et
1811 2419 1865 2439 se-

238 2470 355 2501 quenter
372 2466 469 2494 dicens
483 2475 489 2492 :
510 2463 566 2499 Ipsi
581 2473 642 2492 vero
662 2465 891 2493 considerouerunt
905 2469 930 2492 et
946 2470 1137 2499 conspexerunt
1155 2471 1212 2495 ms,
1229 2463 1341 2490 intulit:
1360 2461 1513 2489 Diuiserunt
1533 2460 1583 2487 sibi
1606 2460 1759 2486 vestimenta
1784 2466 1843 2485 mea
1855 2477 1863 2490 ,

238 2517 265 2538 et
282 2519 364 2546 supra
379 2513 563 2540 vestimentum
579 2519 666 2539 meum
682 2511 811 2539 miserunt
827 2516 935 2539 sortem.
951 2511 1167 2540 Considerantes
1182 2514 1272 2537 autem
1290 2516 1343 2541 me,
1362 2508 1418 2539 ait,
1432 2512 1459 2534 ct
1475 2505 1675 2541 conspicientes
1689 2504 1761 2539 quod
1773 2504 1866 2531 omnia

239 2557 281 2585 eis
297 2563 448 2585 evenerunt
469 2557 497 2584 in
520 2565 564 2585 me
585 2557 737 2584 desiderata
761 2557 941 2592 (conspicere
964 2558 1037 2586 enim
1062 2558 1098 2585 ita
1123 2561 1152 2584 ut
1172 2555 1242 2591 apud
1266 2563 1336 2587 nos,
1352 2554 1454 2581 dicitur
1477 2560 1526 2588 pro
1547 2559 1596 2584 eo,
1624 2550 1697 2586 quod
1718 2554 1778 2583 est,
1792 2548 1866 2576 Vidit

239 2603 268 2630 in
293 2610 356 2630 eum
378 2610 440 2638 quae
460 2603 570 2630 volebat
590 2603 647 2638 pati
669 2603 765 2639 eum).
787 2603 843 2639 jam
872 2607 1002 2638 tanquam
1027 2609 1070 2630 me
1090 2601 1202 2630 omnino
1230 2600 1311 2628 malis
1333 2599 1437 2632 dedito,
1458 2599 1530 2626 sicut
1560 2601 1588 2625 et
1609 2596 1704 2625 hostes
1727 2595 1780 2622 uici
1805 2601 1866 2630 post

277 2744 316 2780 (Ι)
327 2744 457 2782 _Abhinc_
473 2745 618 2782 usquead
642 2747 791 2782 psalmum,
802 2753 887 2782 §}_‘l_l_
902 2746 969 2782 nihil
986 2749 1029 2774 est
1080 2744 1217 2782 ωιειιῃ.
1305 2779 1311 2782 Δ
1384 2779 1393 2782 _
1594 2778 1600 2782 _

242 2775 380 2818 Theodori
396 2775 558 2818 Antiocheni
572 2775 661 2818 inho'c
675 2781 770 2809 codice
782 2780 1028 2818 l68_2(B.)Quam-
1114 2781 1158 2818 (2t
1172 2781 1279 2818 (litatur
1305 2779 1357 2807 hoc
1382 2779 1562 2818 fragmentum
1580 2778 1622 2818 _in
1649 2776 1766 2804 concilio
1795 2775 1865 2818 (12:1-

241 2815 336 2842 nbrcm
360 2819 427 2850 puto
451 2815 573 2851 defuisse
595 2816 705 2843 Catena!
732 2816 835 2844 auctori
866 2811 1025 2851 quaternio-
1077 2811 1320 2851 sla‘ntinopqlilano
1345 2815 1409 2842 anni
1426 2811 1500 2847 ‘535,
1534 2814 1642 2841 actione
1671 2819 1707 2843 Iv,
1732 2811 1864 2839 nnm.25.

242 2856 293 2878 nes
307 2849 413 2886 aliquot
424 2850 529 2879 codicis
542 2849 690 2879 Theodori.
706 2852 777 2879 unde
794 2849 920 2887 excerpta
936 2859 1027 2879 sumc-
1081 2851 1178 2881 Mansi,
1199 2849 1234 2877 Xl
1245 2870 1252 2879 .
1273 2851 1336 2877 Ql‘z.
