1966 3069
143 146 197 176 σεδ
742 142 926 172 EXPOSITIO
945 142 979 171 IN
1000 142 1170 172 PSALIIOS.
1722 143 1775 172 666

142 202 325 230 vastationem
348 206 376 230 et
398 201 583 237 captivitatem
610 199 766 229 diviserunt
786 204 863 229 sorte
885 200 1049 229 divisionem
1073 208 1170 229 eorum
1195 200 1340 229 facientes.
1364 204 1398 229 ελ
1418 202 1588 238 evangelista
1611 201 1724 237 quidem
1748 202 1777 229 in

146 249 261 277 Domino
285 249 366 277 verba
390 257 426 277 ex
448 249 531 277 rebus
555 255 718 279 assumens.
739 248 780 276 eis
802 255 881 282 usus,
903 252 933 275 ut
956 248 1000 275 hic
1021 251 1049 276 et
1071 247 1098 276 in
1122 248 1185 277 aliis
1207 248 1340 277 diximus.
1353 249 1421 277 Nam
1434 250 1507 285 quod
1523 257 1577 278 non
1591 249 1728 285 pertineat
1741 250 1777 277 ad

144 296 290 325 Dominum
313 297 445 332 psalmus,
465 297 493 324 in
511 296 699 332 superioribus
726 295 868 325 evidenter
896 296 1080 324 ostendimus.
1097 296 1132 323 At
1147 304 1213 324 vero
1244 296 1342 324 beatus
1366 296 1452 324 David
1471 305 1556 332 supra
1587 296 1698 324 modum
1724 296 1777 324 ista

145 342 233 377 magis
253 350 286 370 ex
309 343 355 371 his
378 350 439 378 quae
455 343 584 370 Absalom
609 342 681 370 facta
700 346 776 376 sunt,
793 342 864 369 dixit
883 350 891 370 :
917 342 1049 377 Quoniam
1072 342 1137 370 dum
1155 344 1318 371 recessisset
1333 343 1428 376 David,
1444 343 1507 378 jure
1523 343 1588 371 belli
1605 341 1777 378 metropolitt‘.

146 388 287 425 ingressus
299 388 420 425 quidem,
434 396 530 417 omnes
542 388 662 417 obtinuit
674 396 718 416 res
730 388 845 424 regales,
859 396 911 415 non
925 388 1009 424 piguit
1024 393 1112 416 autem
1127 390 1209 416 etiam
1223 390 1310 417 nutris
1324 389 1409 417 cubile
1422 390 1571 425 inquinare.
1777 422 1787 469 f

418 477 565 505 ΨΛΛΜΟΣ
582 478 645 512 κςν

1244 479 1407 509 PSALMUS
1424 478 1522 508 XXVI.

179 557 253 593 Στίχ.
270 557 452 593 β’.-Ἥνίκα
465 555 511 585 οὖν
526 557 564 593 (I)
575 557 687 592 πλησίον
702 553 774 584 οὗτοι
783 555 936 591 γεγόνασιν,

143 602 182 635 ὡς
193 604 241 630 καὶ
255 603 473 638 ἀπογευσάμενοι
492 611 542 638 μου
567 603 622 629 τῶν
639 601 764 637 σαρκῶν·
787 601 866 628 τοῦτο
883 601 939 636 γὰρ

145 648 268 684 βούλεται
283 650 370 675 εἰπεῖν
379 648 479 681 τὺ,Τοῦ
487 648 594 684 φαγεῖν
605 647 659 680 τὰς
671 647 786 682 σάρκας
791 657 861 683 μου·
868 647 939 675 ὥστε

143 694 228 727 δεῖξαι
239 695 330 721 αὐτῶν
341 694 390 730 τὴν
403 694 532 730 ὡμότητα
546 694 592 721 καὶ
606 694 655 729 τὴν
667 694 762 729 ὀργὴν,
771 693 830 729 μεθ’
840 690 874 728 ἦς
884 693 938 729 ὥρη

146 748 213 775 μουν
227 738 271 766 ἐπ’
286 739 393 771 αὐτούς·
416 739 447 766 τὸ
461 739 501 771 δὲ,
526 737 676 773 Ἐγγίζειν,
695 739 755 765 ἀντὶ
767 738 824 771 τοῦ,
843 738 939 765 Ἦνίκα

144 784 216 812 οὕτω
225 784 338 820 πλησίον
345 784 498 819 γεγόνασιν,
513 784 551 816 ὡς
563 784 645 820 μηδεν
659 783 792 811 ἐλλείπειν
809 783 877 819 πρὸς
889 783 939 818 τὴν

144 831 319 866 ἐκπλήρωσιν
333 830 383 865 τῆς
396 830 549 866 προθέσεως
568 829 666 857 αὐτῶν·
690 829 780 861 καλῶς
795 829 824 856 δὲ
840 829 938 861 αὐτοὺς

145 875 313 908 κακοῦντας
330 875 470 908 ἐκάλεσεν,
488 875 526 906 ὡς
547 875 592 901 διὰ
607 874 658 910 τὴν
673 874 829 910 προσοῦσαν
847 875 939 906 αὐτοῖς

147 921 224 955 ισ-χὺν
238 920 361 953 ἅπαντας
376 921 482 956 μυρίοις
497 919 694 956 περιϐαλόντας
716 921 820 951 κακοῖς.
832 935 868 940 -
880 914 940 946 Κα-

146 966 200 999 λῶς
213 967 254 998 τὸ,
265 967 366 994 Αὑτοί·
378 967 419 994 ὅτι
435 967 523 1002 Ἠμᾶς
532 966 581 1002 μὲν
593 966 727 1001 ἠδίκησαν
738 966 825 998 οὐδὲν,
838 966 940 994 ἔπαθον

146 1011 174 1038 δὲ
196 1011 283 1038 ταῦτα
306 1012 394 1043 αὐτοὶ,
414 1011 487 1047 ᾇπερ
499 1011 573 1046 ἡμᾶς
593 1011 725 1039 διαθεῖναι
741 1011 913 1047 προσεδόκων
929 1019 938 1028 ⁸

146 1056 386 1093 ἐμφαντικώτερον
398 1057 427 1084 δὲ
439 1057 480 1090 τὸ,
488 1057 679 1091 Ἦσθένησαν
688 1057 738 1084 καὶ
747 1057 869 1090 ἔπεσον,
879 1058 941 1085 ἀντὶ

145 1102 205 1134 τοῦ,
218 1103 274 1138 οὺχ
286 1102 340 1129 ὑπὸ
356 1102 492 1138 πολεμίων
506 1102 688 1138 ἀνῃρέθησαν,
699 1102 760 1129 οὐδὲ
771 1103 823 1130 ὑπὸ
835 1103 942 1138 ἀνθρὼ-

1027 557 1109 585 Vens.
1125 557 1153 585 τὶ.
1166 572 1202 578 -
1219 557 1287 585 Dum
1316 556 1400 593 igitur
1422 557 1462 584 illi
1484 563 1569 592 prope
1593 555 1659 584 iacti
1690 559 1778 584 sunt.

989 603 1069 638 quasi
1083 610 1182 631 carnes
1198 609 1273 630 meas
1287 607 1441 638 gustantes,
1460 601 1513 629 hoc
1534 601 1607 629 enim
1629 600 1777 636 signiﬁcat,

991 648 1026 676 Ut
1042 649 1121 676 edant
1136 656 1228 676 carnes
1243 657 1324 680 meas,
1338 652 1367 676 ut
1380 648 1508 676 ostendat
1521 654 1617 675 eorum
1633 646 1779 674 crudelita-

991 698 1045 722 tem
1063 698 1146 729 atque
1165 694 1234 721 iram
1248 701 1302 729 qua
1324 693 1352 720 in
1377 692 1467 728 ipsum
1497 692 1648 719 irruebant.
1675 691 1777 725 Appro-

989 739 1063 774 piant
1080 743 1250 774 autem,pro,
1264 738 1331 766 Dum
1343 743 1397 766 tam
1407 745 1490 774 prope
1500 738 1564 765 iacti
1581 741 1655 768 sunt,
1671 741 1701 764 ut
1711 736 1779 764 nihil

989 785 1046 813 illis
1072 785 1180 812 deesset
1210 784 1245 812 ad
1277 783 1445 819 implendum
1472 790 1568 811 eorutn
1595 782 1777 818 propositum.

990 830 1075 858 Recte
1087 835 1178 859 autem
1197 830 1260 858 illos
1284 830 1392 857 vocavit
1418 835 1549 862 nocentes,
1575 829 1623 864 qui
1646 828 1682 855 ob
1699 835 1779 855 suam

990 876 1141 912 potentiam
1158 883 1254 903 omnes
1271 876 1345 903 mille
1359 876 1440 903 malis
1454 875 1623 911 oppritnunt.
1640 889 1675 894 -
1695 874 1780 902 Recte

990 923 1053 958 ipsi,
1074 922 1137 958 quia
1154 922 1221 949 nihil
1236 921 1346 957 quidem
1356 922 1436 950 nobis
1449 925 1611 953 nocuerunt,
1626 920 1700 956 passi
1714 924 1780 949 sunt

991 972 1082 996 autem
1098 969 1192 996 cadent
1207 975 1268 1003 quae
1284 973 1379 996 contra
1405 975 1456 996 nos
1481 967 1682 1002 «cogitabant.
1708 966 1778 994 Cum

991 1013 1096 1049 majore
1110 1017 1200 1041 autem
1214 1012 1337 1048 emphasi
1357 1013 1434 1044 dicit,
1449 1011 1584 1047 lnﬁrmati
1597 1015 1658 1039 sunt
1672 1016 1697 1038 et
1711 1011 1779 1038 ceci-

991 1061 1099 1092 derunt,
1129 1067 1190 1094 pro,
1210 1058 1265 1086 Nec
1281 1059 1316 1086 ab
1333 1059 1460 1086 hostibus
1481 1057 1561 1085 deleti
1582 1061 1658 1090 sunt,
1674 1064 1725 1084 nec
1744 1056 1781 1084 ab

992 1106 1151 1133 hominibus
1166 1105 1315 1140 quidquam
1335 1104 1457 1132 terribile
1474 1103 1548 1139 passi
1563 1107 1646 1135 sunt,
1662 1103 1710 1131 sed
1726 1102 1779 1129 mi-

146 1156 206 1176 πων
218 1148 320 1175 ἔπαθόν
336 1157 362 1175 τι
387 1148 484 1179 δεινὸν,
506 1149 573 1175 ἀλλὰ
592 1147 749 1182 παραδόξως
768 1149 832 1176 ἄνευ
848 1149 940 1185 πάσης

1001 1151 1115 1178 ’σὺίίίιοτ
1130 1151 1189 1178 sine
1214 1151 1268 1177 ulla
1299 1159 1380 1178 manu
1407 1150 1538 1181 humana,
1565 1150 1657 1178 subito
1673 1157 1707 1176 ex
1732 1148 1780 1176 Dei

147 1194 318 1229 ἀνθρωπείας
346 1194 447 1230 χειρὸς,
471 1194 600 1229 ἐξαίφνης
616 1195 656 1226 εἰς
678 1194 821 1221 ἀσθένειαν
841 1196 875 1230 τῇ
894 1194 941 1222 τοῦ

146 1239 215 1265 θεοῦ
232 1239 438 1275 κατηνέχθησαν
452 1239 582 1275 τιμωρίᾳ.

182 1296 255 1332 Στίχ.
267 1299 302 1331 γ’.
319 1311 354 1316 -
369 1297 429 1323 Ὅτι
448 1295 585 1328 ἀπόδειξιν
605 1296 675 1331 ἔχων
693 1296 818 1332 αὐτάρκη
842 1295 876 1323 τὰ
892 1305 940 1331 γε·

148 1343 245 1377 γονότα
256 1342 306 1377 τῆς
317 1342 365 1369 τοῦ
376 1342 444 1369 Θεοῦ
456 1342 593 1377 βοηθείας,
604 1341 782 1378 παρεμϐολῆς
791 1341 855 1378 ὅλης
867 1351 944 1378 κινη-

148 1389 242 1425 θείσης
254 1390 300 1416 καὶ
315 1388 446 1423 πολέμου,
459 1388 565 1415 δέδοικα
577 1388 684 1421 οὐδένα,
703 1388 790 1425 ταύτῃ
805 1387 944 1420 πεποιθὼς

148 1436 182 1470 τῇ
198 1434 244 1462 τοῦ
260 1434 329 1461 Θεοῦ
346 1434 504 1470 συμμαχίᾳ·
527 1433 558 1460 τὸ
571 1433 636 1469 γὰρ,
652 1434 687 1461 ἐν
702 1434 806 1469 ταύτῃ,
820 1433 945 1461 τουτέστι

148 1482 182 1516 τῇ
195 1480 307 1516 βοηθείᾳ
322 1480 369 1507 καὶ
383 1481 416 1516 τῇ
431 1479 576 1515 συμμαχίᾳ
592 1479 638 1506 τοῦ
654 1479 802 1506 Δεσπὸτου.

184 1526 259 1562 Στίχ.
272 1530 302 1553 ε’.
317 1541 352 1546 -
362 1526 468 1561 ’Ὥσπερ
481 1526 534 1552 τινὶ
549 1527 636 1561 σκηνῇ
647 1527 681 1561 τῇ
697 1525 786 1560 οἰκείᾳ
802 1525 944 1558 σκεπάσας

150 1573 272 1609 βοηθείᾳ,
291 1572 361 1608 μετὰ
387 1573 487 1608 πολλῆς
517 1581 551 1608 με
565 1572 614 1608 τῆς
631 1571 782 1606 ἀσφαλείας
793 1571 943 1606 ἐφύλαξεν·

149 1620 272 1652 σκηνὴν
279 1617 344 1654 γὰρ,
356 1617 402 1645 τοῦ
410 1617 479 1644 Θεοῦ
492 1617 572 1644 καλεῖ
580 1617 627 1653 τὴν
641 1617 779 1652 Βοήθειαν,
792 1617 830 1649 ὡς
842 1617 945 1644 σκεπά-

151 1673 237 1692 σασαν
250 1664 333 1693 αὑτὸν
349 1663 404 1691 ἀπὸ
416 1663 470 1690 τῶν
482 1663 584 1691 κακῶν·
599 1662 631 1690 τὸ
646 1663 685 1695 δὲ,
702 1664 868 1698 Ἕκρυψεν,
883 1664 945 1690 ἀντὶ

149 1710 209 1743 τοῦ,
223 1709 383 1745 Ἐφύλαξεν,
396 1709 452 1737 ἀπὸ
468 1709 516 1736 τοῦ
528 1709 734 1744 κατακρύπτειν
745 1709 790 1736 ἀεὶ
802 1710 865 1741 τοὺς
884 1709 945 1744 βου-

151 1757 280 1791 λομένους
294 1765 320 1784 τι
336 1756 490 1791 φυλάττειν·
510 1756 559 1783 Ἐγ
570 1755 703 1791 ἡμέρῃδὲ
713 1755 815 1783 κακῶν
829 1765 900 1791 μου,
913 1756 943 1782 έν

149 1803 190 1838 τῷ
201 1803 290 1852 καιρῷ
307 1802 357 1838 τῆς
388 1803 544 1838 συμφορᾶς,
570 1803 616 1830 ὅτε
627 1802 736 1829 πολλῶν
751 1801 940 1838 προσεδόκησα
957 1823 979 1852 c

151 1847 368 1883 πειραθήσεσθαι
379 1847 484 1877 κακῶν.

428 1924 577 1953 ΨΔΛΜΟΣ
597 1926 667 1954 κη’.

187 1994 261 2029 Στίχ.
279 1993 315 2028 γ’.
328 2008 362 2014 —-
375 1994 443 2030 Περὶ
464 1993 566 2030 ταύτης
585 1993 635 2029 τῆς
658 1994 778 2021 ἀϐύσσου
792 1995 846 2021 τῶν
871 1995 947 2028 λογι-

154 2040 230 2074 σμῶν
241 2040 345 2067 ὑδάτων
356 2040 438 2074 φησὶν
454 2041 469 2067 ὁ
484 2040 582 2066 Δαυῖδ-
598 2039 684 2074 Φωνὴ
699 2041 811 2074 Κυρίου
821 2040 872 2067 ἐπὶ
888 2040 947 2067 τῶν

155 2085 282 2112 ὑδάτων.

432 2164 578 2191 ΨΔΛΜΟΣ
602 2163 666 2190 KG’.

192 2233 266 2269 Στίχ.
279 2232 342 2260 ι’.-ι
351 2232 423 2259 ’Δντὶ
436 2232 495 2263 τοῦ,
505 2231 599 2258 Ταῦτα
611 2231 704 2265 ἔλεγον
712 2239 719 2246 ³
730 2231 793 2258 Ἐὰν
807 2231 947 2263 ἀποθάνω,

158 2279 186 2306 τι
200 2279 233 2306 τὸ
249 2279 377 2314 ὄφελος
393 2278 536 2305 ἀποθανὼν
555 2277 609 2312 γὰρ
626 2277 819 2313 διαφθείρομαι
833 2297 841 2311 ,
859 2278 948 2314 τέφρα

158 2325 298 2360 γινόμενος
317 2325 364 2351 καὶ
381 2324 486 2355 σποδός.

193 2371 268 2407 Στίχ.
286 2370 330 2406 ιβ’.
345 2386 380 2391 --
398 2371 428 2397 ’0
445 2371 546 2402 σάκκος
561 2369 662 2396 κακίαν
679 2369 726 2396 καὶ
740 2368 878 2402 ἀγνωσίαν
900 2377 949 2404 σηι

159 2419 268 2454 μαίνει,
297 2417 392 2453 ἐπειδὴ
417 2417 465 2444 καὶ
497 2417 526 2443 αἱ
548 2417 639 2452 τρίχες
663 2415 720 2442 τῶν
749 2414 851 2450 ἐρίφων
878 2412 949 2450 ἦσαν

158 2464 213 2491 τῶν
229 2463 383 2500 ἱσταμένων
399 2463 429 2496 ἑξ
448 2462 595 2498 εὐωνύμων
614 2462 660 2488 καὶ
684 2460 732 2487 τοῦ
752 2459 948 2495 ἁποπομπαίου

230 2518 261 2536 ου
264 2529 272 2538 ο

230 2518 272 2538 ου.

158 2510 268 2591 “trix.
288 2559 333 2590 ιγ’.
349 2570 384 2575 -
402 2553 505 2586 Εἰπὼν,
524 2554 565 2580 οὐ
576 2552 620 2587 μὴ
633 2551 800 2586 κατανυγῶ,
815 2551 877 2578 ἀντὶ
888 2550 947 2584 τοῦ,

994 1197 1115 1225 vindicta
1132 1198 1159 1224 in
1177 1197 1364 1224 infirmitatem
1380 1196 1479 1231 dt-jecti
1495 1199 1571 1224 Sunt.

1030 1297 1113 1325 Vens.
1125 1297 1153 1324 5.
1166 1312 1199 1317 -
1209 1297 1277 1324 Cum
1292 1297 1364 1323 facta
1378 1295 1472 1323 divina
1486 1295 1520 1323 de
1533 1295 1634 1322 auxilio
1645 1302 1781 1330 sperando

994 1343 1142 1375 suﬂiciant,
1171 1343 1299 1378 quamvis
1324 1342 1417 1368 omnia
1443 1345 1534 1369 castra
1560 1341 1714 1376 bellumque
1737 1347 1782 1368 me

995 1387 1210 1419 circumdarent,
1227 1387 1296 1414 nihil
1311 1386 1426 1420 timebo,
1439 1386 1467 1413 in
1481 1386 1582 1413 auxilio
1595 1385 1642 1413 Dei
1654 1393 1779 1420 sperans,

993 1441 1121 1469 sperans,
1140 1433 1264 1468 inquam,
1283 1433 1310 1460 in
1325 1440 1368 1466 eo,
1395 1431 1422 1459 id
1438 1436 1492 1464 est,
1513 1432 1539 1459 in
1556 1431 1693 1464 adiutorio
1704 1432 1784 1459 auxi-

994 1479 1086 1515 lioque
1101 1478 1219 1506 Domini.

1032 1526 1115 1553 Vens.
1130 1525 1157 1553 5.
1168 1541 1202 1545 -
1213 1523 1447 1558 Quemadmodum
1461 1524 1580 1559 quodam
1594 1524 1784 1558 tabernaculo.

995 1571 1132 1606 adjutorio
1146 1578 1196 1598 suo
1211 1575 1366 1606 protegens,
1385 1578 1482 1604 magna
1502 1570 1650 1598 securitate
1675 1578 1718 1597 me
1734 1578 1785 1597 cu-

995 1617 1117 1645 stodivit.
1136 1616 1157 1644 Τ
1159 1616 1348 1643 abernaculum
1360 1618 1433 1644 enim
1449 1620 1530 1644 vocat
1554 1615 1725 1650 adjutoriutu
1742 1616 1785 1642 di-

995 1662 1103 1693 vinum,
1124 1667 1253 1697 tanquam
1268 1669 1330 1690 eum
1350 1663 1385 1690 ab
1408 1670 1505 1690 eorum
1522 1662 1602 1690 malis
1626 1665 1784 1696 protegens.

994 1709 1139 1736 Abscondit
1160 1713 1262 1741 autem,
1280 1717 1329 1744 pro
1342 1709 1493 1740 custodiuit,
1507 1716 1541 1736 ex
1557 1707 1600 1736 his
1613 1708 1661 1743 qui
1675 1715 1785 1743 semper

995 1755 1168 1784 abscondunt
1197 1755 1272 1790 quod
1300 1763 1412 1783 servare
1435 1756 1542 1783 volunt.
1573 1754 1605 1782 In
1628 1755 1671 1782 die
1692 1759 1784 1782 autem

995 1802 1139 1835 motorum,
1155 1806 1278 1837 tempore
1293 1802 1480 1835 adversitatis,
1508 1802 1620 1838 quando
1636 1810 1680 1830 me
1698 1802 1785 1829 multa

996 1847 1069 1874 mala
1082 1851 1261 1882 experturum
1277 1847 1392 1875 credidi.

1242 1924 1406 1952 PSALMUS
1419 1924 1540 1952 XXVIII.

1031 1995 1115 2022 Vnus.
1133 1996 1159 2022 5.
1177 1994 1260 2021 ——De
1279 1995 1381 2029 abysso
1401 1994 1636 2021 murmurantium
1650 2001 1785 2030 aquarum

996 2042 1064 2070 dicit
1077 2041 1173 2073 David,
1197 2041 1252 2068 Vos:
1267 2041 1373 2068 Domini
1388 2048 1466 2075 super
1478 2048 1573 2075 aquas.

1250 2159 1412 2188 I‘S.\LiiIUS
1432 2158 1529 2187 XXIX.

1033 2230 1116 2258 Vsus.
1131 2230 1172 2257 I0.
1186 2245 1219 2250 υ-
1231 2228 1380 2264 Propterea
1393 2229 1449 2255 haec
1461 2228 1605 2256 dicebam:
1618 2227 1646 2256 Si
1660 2232 1788 2256 mortuus

998 2279 1087 2309 fuero,
1103 2285 1161 2312 qua:
1173 2276 1302 2303 utilitas?
1318 2275 1386 2302 Nam
1403 2280 1525 2301 mortqu
1541 2281 1723 2308 corrumpor,
1749 2273 1789 2301 ci-

998 2326 1042 2352 nis
1058 2324 1203 2359 pulvisque
1221 2322 1267 2349 (io.

1033 2370 1118 2397 Vnus.
1139 2369 1183 2396 i2.
1197 2383 1230 2388 —
1244 2367 1349 2394 Saccus
1360 2366 1493 2392 malitiam
1510 2369 1592 2400 atque
1604 2365 1788 2401 ignorantiam

998 2416 1146 2452 signiﬁcat,
1164 2422 1227 2441 cum
1246 2413 1292 2447 pili
1307 2417 1402 2440 essent
1428 2412 1567 2439 hircorum
1585 2411 1631 2446 qui
1656 2414 1790 2439 steterant

999 2466 1055 2490 tam
1070 2469 1103 2489 ex
1120 2459 1270 2487 immolatis
1282 2465 1365 2494 quatit
1380 2465 1414 2485 cx
1432 2456 1596 2484 emissariis.

1037 2550 1121 2578 Vens.
1138 2550 1182 2578 I5.
1196 2565 1229 2570 ——
1239 2550 1274 2576 Et
1290 2557 1341 2575 non
1355 2555 1529 2583 tompuugar,
1542 2554 1592 2581 pro
1604 2545 1664 2573 Non
1678 2548 1791 2573 cantare

159 2600 199 2629 οὺ
215 2602 424 2638 μεταγνὼσομαι
437 2600 484 2627 ἐπὶ
493 2600 526 2634 τῇ
546 2597 691 2633 ψαλμῳδίᾳ
702 2616 710 2629 ,
727 2597 879 2631 ἐπήγαγεν·
894 2597 942 2629 Εἰς

1001 2596 1151 2627 desistam;
1176 2595 1264 2627 addit,
1282 2593 1315 2620 In
1329 2593 1457 2620 amulum
1481 2592 1636 2627 conﬁtebor,
1659 2592 1720 2620 sine
1737 2591 1790 2619 Iino

159 2650 213 2675 τὸν
226 2648 319 2675 αἰῶνα
330 2645 600 2681 ἑξομολογήσομιιι,
617 2643 663 2670 τοῦ
677 2643 779 2678 ταύτην
796 2641 942 2669 διατελέσαι

1003 2642 1055 2670 hoc
1082 2641 1157 2677 fungi
1174 2640 1278 2676 gratias
1301 2646 1396 2675 agens,
1409 2646 1473 2666 cum
1497 2637 1628 2666 saeculum
1656 2637 1792 2665 malorum

161 2702 202 2721 σοι
218 2693 365 2724 ἀπαύστοις
389 2690 577 2727 εὐχαριστῶν
601 2689 688 2717 αἰῶνα
707 2688 809 2722 καλῶν,
829 2687 875 2714 τὸν
900 2686 942 2722 τῆι

1002 2689 1039 2717 sit
1052 2687 1135 2724 hujus
1148 2688 1210 2716 vitae
1222 2690 1340 2722 tempus.

161 2740 264 2768 οἰκείας
279 2738 353 2770 huic
372 2737 478 2772 χοάνον.

197 2853 235 2888 (I)
254 2850 307 2878 Mai
323 2848 390 2877 ibid.
405 2856 431 2883 p.
446 2848 508 2876 ενι.
