1993 3058
230 131 292 158 1551

712 132 843 161 SYNESlI
863 132 1099 162 PTOLEMAIDIS
1118 133 1272 162 EPISCOPI

1789 133 1864 161 £523

224 190 382 226 quisquam,
395 190 440 225 qui
452 194 478 217 et
495 195 596 217 terram
610 195 638 218 et
656 199 732 219 mare
742 192 885 220 metuitis?
897 192 1002 220 Minime

1059 192 1085 219 οἳ
1095 193 1143 219 καὶ
1153 192 1202 228 τὴν
1216 194 1279 228 γῆν,
1303 192 1349 218 καὶ
1374 192 1424 227 τὴν
1442 192 1576 219 θάλατταν
1586 192 1764 219 ὑποπτεύετε.
1782 190 1855 220 Οὔκ,

225 237 277 263 hoc
294 236 418 271 quidem,
434 235 458 263 si
475 236 539 271 quis
553 236 622 263 bene
639 237 674 264 iis
690 241 792 270 utatur,
808 239 911 273 optime
926 240 1008 266 Ama-

223 284 313 312 rante,
329 280 440 314 inquam
457 280 490 308 ad
509 279 595 308 illum.
622 281 706 309 Nobis
728 290 794 310 vero
815 283 881 310 nihil
898 283 1006 318 Tapho-

223 325 308 352 siride
322 333 393 360 opus
409 325 460 352 fuit
475 334 482 359 ;
498 327 553 353 vita
564 327 635 354 enim
650 335 719 362 opus
733 328 798 356 fuit:
815 333 842 356 et
857 336 931 356 nunc
942 330 1006 364 quid

223 371 278 397 alto
293 372 372 399 nobis
392 379 465 406 opus
480 377 522 400 est
533 372 605 400 ?Sed
622 373 774 406 tendamus,
794 375 918 409 inquam,
935 375 1007 403 Pen-

224 416 347 450 tapolim,
370 420 502 451 quantum
528 418 595 445 satis
611 423 653 445 est
680 425 694 444 a
712 423 783 446 terra
800 419 910 453 dissiti;
930 424 958 447 ut
984 421 1007 448 si

223 461 289 494 quid
309 461 417 488 dilIicile
443 462 561 494 accidat,
584 463 739 497 Cujusmodi
767 464 794 491 in
825 465 892 492 mari
920 466 1006 493 multa

223 511 288 533 sunt
303 516 308 533 :
329 506 380 534 hoc
396 512 488 535 autem
510 508 646 535 incertum
664 510 757 544 utique
772 513 798 536 et
816 515 868 542 est,
882 515 909 538 et
926 518 940 537 a
956 519 1006 538 no-

223 551 266 578 bis
280 550 383 578 dicitur
396 560 402 578 :
418 559 432 579 e
447 552 574 586 proximo
589 561 639 579 nos
657 558 751 587 portus
763 555 861 589 aliquis
877 556 1005 590 excipiat.

225 596 278 624 Sed
292 596 360 623 nihil
384 596 498 624 dicendo
525 598 690 632 persuadere
713 601 800 633 potui.
818 599 1006 628 Obsurduerat

223 643 295 669 enim
320 643 531 675 scelus;donec
552 643 642 670 acrior
661 652 676 670 a
699 646 886 678 septentrione
908 651 1006 674 ventus

223 688 384 715 incumbens
399 691 535 715 tumentes
546 693 572 716 et
589 696 705 723 asperos
719 690 818 718 ﬂuctus
830 691 936 725 agitare
949 700 1007 719 ca:-

223 734 271 767 pit.
286 733 335 760 llic
348 733 438 760 subito
455 734 586 768 ingruens
606 735 695 762 velum
717 735 744 762 in
764 736 904 764 diversum
929 745 1006 765 com-

222 779 302 813 pulit.
316 783 342 805 et
354 786 414 813 qua
428 786 511 806 curva
525 783 603 806 erant
619 788 684 807 cava
698 782 826 810 reddidit.
844 783 925 811 Navis
945 784 1004 819 ipsa

221 832 305 858 porro
321 832 418 858 parum
435 825 523 852 abluit
540 826 605 860 quin
621 827 649 853 in
671 835 790 862 puppem
814 833 1003 864 everteretur;

221 878 302 904 quam
324 879 373 898 nos
389 878 460 906 mgre
482 871 588 898 tandem
613 873 762 906 aliquando
784 877 1002 910 composuimus.

221 915 289 942 Tum
304 916 396 943 infelix
410 916 575 944 Amarantus
590 927 596 943 :
609 917 689 944 Tanti
711 923 763 952 est,
776 920 874 954 inquit,
890 929 921 948 ex
945 927 1004 949 arte

221 970 316 989 navem
335 970 437 997 regere.
454 962 569 990 Ventum
588 964 659 990 enim
681 973 696 992 e
720 966 788 992 mari
813 974 874 994 sese
897 968 1002 1002 pridem

220 1007 389 1040 suspicatum
405 1007 500 1039 fuisse,
514 1008 549 1034 ob
566 1008 648 1042 idque
663 1009 688 1035 in
704 1010 758 1036 alto
771 1011 910 1046 navigare.
925 1012 1002 1040 Nunc

219 1053 291 1078 enim
304 1050 445 1086 obliquuni
464 1061 493 1079 se
508 1061 617 1080 cursum
634 1058 736 1087 tenere,
749 1055 822 1089 quod
839 1057 1001 1091 longitudini

220 1097 320 1124 addere
338 1098 439 1132 aliquid
457 1098 490 1125 de
508 1098 652 1125 intervallo
673 1100 747 1126 licet.
769 1100 861 1128 Talem
877 1110 938 1130 esse
952 1110 1002 1129 na-

219 1145 383 1179 vigationem
402 1151 522 1172 nostram
537 1154 544 1177 ;
568 1146 723 1179 cujusmodi
739 1154 802 1174 esse
825 1155 880 1174 non
897 1153 1000 1182 posset,

220 1191 241 1217 si
261 1188 339 1218 littus
359 1191 532 1225 legeremus:
550 1199 646 1218 navem
667 1192 739 1218 enim
761 1192 793 1218 ad
811 1197 913 1220 terram
938 1195 1001 1220 alli-

219 1243 280 1262 suut
297 1236 341 1262 iri.
356 1235 422 1269 Quae
438 1243 500 1263 cum
517 1235 632 1266 diceret,
653 1237 748 1268 tandiu
765 1245 816 1265 nos
832 1241 1002 1267 assentieba-

1060 239 1092 273 ἦν
1109 239 1140 273 γέ
1157 247 1198 270 τις
1211 239 1307 270 αὑταῖς
1326 238 1415 273 χρῷτο
1425 237 1483 273 [γρ.
1497 237 1608 273 χρῆται]
1619 236 1720 268 καλῶς,
1730 234 1752 263 ὦ
1767 236 1861 271 λῷστε

1065 286 1229 321 Ἀμάραντε,
1239 285 1307 320 πρὸς
1314 284 1476 319 αὐτὺνὲφην.
1487 284 1566 318 Ἡμῖν
1574 283 1602 309 δὲ
1609 281 1668 308 οὐδὲ
1677 280 1862 315 Ταφοσίριῶς

1058 326 1126 358 ἐδει’
1137 330 1187 366 ζῇν
1199 331 1253 365 γὰρ
1263 330 1316 357 ἔδει
1327 338 1333 344 ·
1347 331 1394 357 καὶ
1406 330 1453 357 νῦν
1464 330 1511 356 τοῦ
1520 329 1654 363 πελάγους
1668 328 1694 354 τι
1702 328 1756 359 δεῖ;
1771 327 1855 353 ’Λλλέι

1059 376 1195 410 πλέωμεν,
1224 375 1303 410 ἔφην,
1333 376 1397 402 εὐθὺ
1423 375 1623 405 Πενταπόλεως,
1641 374 1790 407 ἀπέχοντες
1803 373 1858 406 τῆς

1057 423 1120 457 γῆς,
1135 424 1197 450 ὅσον
1218 422 1339 458 μέτριον,
1354 422 1387 448 ἶν’
1404 421 1469 447 εἴτι
1485 421 1533 448 καὶ
1548 421 1663 456 χαλεπόν
1673 429 1681 436 ο
1693 419 1737 447 οἵα
1759 420 1793 454 δὴ
1820 419 1858 444 τέῑ

1059 467 1203 503 θαλάττης,
1219 467 1315 502 ἄδηλον
1332 466 1361 493 δὲ
1379 466 1466 498 δήπου
1486 465 1534 491 καὶ
1555 464 1623 494 ἔστι,
1641 464 1688 490 καὶ
1707 464 1774 498 παρ’
1790 463 1857 496 ὑμῖν

1057 513 1165 546 λέγεται
1179 521 1185 527 ·
1202 512 1284 547 λιμήν
1298 520 1338 543 τις
1355 511 1428 546 ἡμεῖς
1449 511 1480 537 ἐκ
1501 509 1548 536 τοῦ
1567 510 1659 545 σχεδὸν
1685 507 1854 540 ὐποδέξοιτο.

1058 559 1162 585 Οὔκουν
1174 558 1280 584 ἔπειθον
1295 558 1396 591 λέγων·
1414 557 1472 584 ἀλλ’
1487 556 1649 590 ὲξεκεκὼφει
1666 555 1696 582 τὸ
1710 555 1853 590 κάθαρμα.

1057 604 1108 635 ἕως
1126 604 1225 638 ἄνεμος
1237 603 1390 638 ἀπαρκτίας
1407 603 1558 637 ὲπαράσοει
1572 601 1666 633 πολὺς,
1680 601 1754 635 κῦμα
1770 599 1854 626 ἐλαύ-

1057 657 1109 674 νων
1126 649 1227 683 ὑψηλὸν
1238 650 1284 675 καὶ
1301 648 1397 683 τραχύ.
1422 644 1505 678 Οὗτος
1528 647 1604 680 ἄφνω
1630 645 1804 685 προσπεσὼν,
1822 644 1854 671 τὸ

1059 694 1141 720 ἱστίον
1157 694 1274 728 ἔμπαλιν
1285 693 1386 726 ῶθησε,
1395 693 1442 719 καὶ
1457 693 1491 718 τὰ
1500 693 1587 727 κυρτὰ
1599 692 1676 718 κοῖλα
1687 691 1850 726 πεποίηκεν.

1061 741 1092 766 Ἦ
1106 740 1134 766 δὲ
1149 739 1214 770 ναῦς
1223 739 1307 773 ἐγγὺς
1325 736 1405 774 ἦλθεν
1425 738 1471 764 ἐπὶ
1486 737 1612 773 πρύμναν
1633 737 1846 772 ἀνατετράφθαι.

1057 786 1137 817 Μόλις
1150 785 1172 812 δ’
1187 783 1232 812 οὖν
1247 785 1330 819 αὐτὴν
1339 784 1556 818 κατεστήσαμεν.
1579 782 1634 809 Καὶ
1653 783 1667 809 ὁ
1683 782 1850 817 βαρύστονος

1062 831 1240 866 Ἀμάραντος,
1257 830 1393 861 Τοιοῦτον,
1417 828 1481 863 ἔφη,
1497 828 1529 854 τὸ
1549 827 1629 862 τέχνῃ
1647 825 1853 867 ναυτίλλεσθαι,

1057 876 1250 912 προσδέχεσθαι
1260 875 1314 909 γὰρ
1333 875 1413 905 αὐτὸς
1428 874 1510 900 πάλαι
1524 873 1569 899 τὸν
1583 873 1615 899 ἐκ
1627 873 1762 905 πελάγους
1778 871 1846 897 ἆνε-

1057 931 1116 957 μον,
1143 923 1189 948 καὶ
1211 921 1254 948 διὰ
1276 921 1354 947 τοῦτο
1380 919 1515 954 μετέωρος
1539 919 1625 944 πλεῖ-ι.
1646 917 1776 944 Κατιέναι
1795 916 1852 951 γὰρ

1056 969 1102 995 νῦν
1119 969 1273 1002 ὲγκάρσιος.
1285 966 1428 996 ἐνδιδόντος
1444 964 1489 991 τοῦ
1509 965 1689 999 διαστήματος
1707 961 1851 998 προστιθέ-

1055 1023 1098 1041 ναι
1108 1014 1146 1049 τῷ
1158 1014 1249 1048 μήκει.
1259 1012 1359 1038 Τοῦτον
1370 1012 1398 1038 δὲ
1409 1009 1478 1037 εἶναι
1489 1012 1534 1037 τὸν
1550 1010 1633 1036 πλοῦν
1643 1009 1689 1036 τὸν
1705 1008 1850 1045 ἡμέτερον,

1054 1060 1104 1086 οὺχ
1114 1059 1156 1090 ἂν,
1172 1058 1242 1092 εἴγε
1267 1057 1342 1092 παρὰ
1363 1056 1411 1088 τὰς
1429 1056 1514 1087 ἀκτὰς
1541 1055 1684 1089 ἐπλέομεν.
1709 1055 1851 1088 Προσανα-

1055 1103 1208 1130 πεπλάσθαι
1238 1103 1292 1138 γὰρ
1317 1102 1350 1128 ἂν
1369 1103 1401 1137 τῇ
1425 1103 1470 1137 γῇ.
1493 1101 1548 1128 Καὶ
1561 1101 1642 1135 ἡμεῖς
1659 1098 1852 1134 ἁπεδεχόμεθα

1056 1150 1189 1182 λέγοντος,
1204 1148 1256 1178 ἓως
1269 1147 1359 1181 ἡμέρα
1369 1155 1398 1173 τε
1409 1144 1452 1181 ἦν,
1463 1146 1508 1172 καὶ
1519 1146 1553 1171 τὰ
1569 1145 1644 1171 δεινὰ
1656 1144 1732 1170 oft-mu
1745 1143 1848 1178 παρῆν-

1057 1194 1177 1229 Ἱιρξατο
1190 1193 1244 1228 γὰρ
1262 1193 1294 1228 δὴ
1306 1192 1374 1227 μετὰ
1393 1193 1442 1226 τῆς
1462 1191 1570 1223 νυκτὸς,
1583 1192 1627 1218 ἀεὶ
1640 1191 1784 1226 ⁸προϊόντος
1799 1189 1850 1215 ἐπὶ

1057 1242 1149 1277 μεῖζον
1165 1240 1212 1266 τοῦ
1228 1239 1373 1270 κλύδωνος.

219 1290 296 1314 mur,
320 1281 409 1316 quoad
435 1285 578 1316 supererat
604 1282 679 1315 dies,
705 1283 821 1310 necdum
845 1285 997 1319 periculum
1018 1287 1173 1322 appetebat.
1190 1285 1280 1319 Cutpit
1302 1284 1375 1311 enim
1399 1291 1452 1310 una
1477 1290 1540 1310 eum
1566 1286 1658 1315 nocte,
1689 1281 1778 1316 magis
1814 1288 1847 1306 ac

220 1329 307 1364 magis
321 1328 461 1355 attollente
475 1337 536 1355 sese
556 1328 651 1356 (luctu.

256 1384 318 1412 Erat
331 1389 387 1412 tum
402 1385 471 1417 dies,
489 1393 570 1420 quam
588 1385 672 1413 Judazi
704 1387 872 1415 Parasceven
886 1394 982 1416 vocant
996 1399 1003 1422 ;

219 1432 298 1465 cujus
327 1437 434 1458 noctem
459 1439 520 1458 eum
546 1432 670 1465 sequenti
695 1432 740 1459 die
762 1438 933 1467 computant.
950 1441 1004 1469 qua

219 1477 263 1504 die
279 1476 345 1503 nulli
372 1484 481 1503 manum
508 1477 572 1504 licet
589 1478 664 1512 operi
692 1478 847 1509 admovere.
869 1479 916 1506 sed
945 1487 1003 1506 eam

219 1523 392 1550 sanctissime
408 1526 569 1550 venerantes
593 1524 626 1550 ab
641 1524 716 1550 omni
742 1523 834 1551 labore
859 1524 1003 1552 feriantur.

1093 1387 1201 1421 Ἡμέρα
1214 1386 1263 1420 μὲν
1280 1383 1327 1411 οὖν
1354 1382 1406 1420 ἦν,
1423 1384 1520 1418 ἥντινα
1546 1383 1656 1417 ἄγουσιν
1678 1383 1702 1409 οι
1723 1382 1848 1409 Ἰουδαῖοι

1053 1432 1232 1467 Παρασκευήν
1244 1439 1251 1446 ·
1265 1431 1314 1466 τὴν
1325 1431 1354 1457 δὲ
1366 1429 1451 1457 νύκτα
1469 1431 1502 1464 τῇ
1521 1429 1579 1463 μετ’
1597 1428 1682 1462 αὐτὴν
1695 1428 1788 1464 ἡμέρᾳ
1800 1427 1848 1454 λο-

1051 1479 1182 1511 γίζονται,
1200 1477 1260 1504 καθ’
1279 1477 1313 1510 ἢν
1337 1476 1423 1502 οὐδενὶ
1441 1475 1520 1510 θέμις
1541 1474 1615 1501 ἐστὶν
1631 1474 1742 1509 ἐνεργὸν
1773 1474 1848 1508 ἔχειν

1051 1522 1102 1557 τὴν
1112 1523 1200 1557 χεῖρα,
1210 1521 1277 1548 ἀλλὰ
1291 1519 1425 1555 τιμῶντες
1435 1519 1617 1554 διαφερόντως
1625 1518 1719 1552 αὐτὴν,
1732 1518 1849 1552 ἄγουσιν

218 1567 329 1595 Clavum
345 1568 435 1602 itaque
451 1570 618 1602 gubernator
630 1576 646 1595 e
665 1568 791 1595 manibus
817 1569 925 1603 abjecit,
944 1574 1000 1597 sta-

1056 1567 1200 1603 ἀπραξίαν.
1216 1566 1342 1601 Μεθῆκεν
1355 1563 1401 1592 οὗν
1416 1564 1471 1600 (23)
1485 1566 1517 1591 ὲκ
1539 1563 1593 1590 τῶν
1606 1563 1704 1598 χειρῶν
1717 1564 1731 1590 ὁ
1745 1563 1848 1598 -ιιιιύερ⁴

219 1612 265 1638 tim
280 1616 360 1646 atque
379 1612 463 1639 solem
480 1611 616 1640 occidisse
630 1612 801 1647 coniectatus
815 1617 874 1644 cst.
892 1620 924 1640 ac
941 1621 1003 1648 pro-

218 1660 333 1689 stratus,

306 1711 394 1738 Cuivis
410 1720 436 1738 se
453 1717 594 1739 nautarum
608 1714 764 1740 calcandum
776 1715 917 1747 prwbebat.

218 1765 273 1793 Nos
289 1773 381 1794 veram
405 1766 444 1793 rei
475 1774 586 1794 causam
610 1775 664 1794 non
691 1768 782 1795 statim
809 1768 1001 1804 intelligentes,

220 1811 266 1838 sed
291 1810 512 1843 desperationem
543 1811 594 1838 hoc
610 1812 698 1845 ipsum
721 1820 783 1839 esse
802 1813 865 1845 rati,
889 1812 922 1840 ad
940 1821 1001 1840 eum

219 1852 375 1886 ae'currere,
393 1855 525 1882 obtestari
539 1876 546 1887 ,
564 1864 596 1883 ne
613 1856 739 1883 ultimam
757 1857 836 1892 162
850 1865 925 1892 spem
939 1865 1003 1892 pro-

218 1898 303 1925 deret.
324 1898 392 1925 Nam
402 1903 429 1926 et
445 1899 589 1926 decumani
609 1899 712 1931 (fluctus
735 1900 884 1934 instabant,
901 1902 1002 1929 tumul-

218 1946 313 1971 tuante
327 1952 418 1971 secum
436 1945 495 1980 ipso
511 1946 590 1972 mari.
610 1945 666 1972 lloc
685 1950 775 1973 autem
805 1946 915 1979 accidit,
939 1954 1000 1973 cum

217 1994 344 2018 ςιιεε.ιηιε
358 1992 449 2022 vento,
464 1990 586 2017 nondum
603 1991 637 2017 ab
652 1998 685 2017 eo
700 1992 829 2018 concitati
846 1992 943 2020 ﬂuctus
957 2000 1003 2020 re-

218 2034 329 2066 sidunt;
345 2035 393 2062 sed
419 2035 506 2062 valida
523 2037 606 2062 semel
621 2037 770 2071 agitatione
787 2041 932 2072 concepta,
949 2037 996 2064 do~

219 2079 334 2106 minanti
350 2087 379 2107 se
391 2080 480 2107 adhuc
496 2081 642 2115 objiciunt,
658 2085 685 2109 et
698 2082 829 2117 impetum
844 2083 918 2109 illius
933 2091 1001 2110 con-

219 2124 304 2151 trario
321 2125 424 2159 impetu
439 2126 584 2160 repellunt.
605 2127 680 2161 Opus
695 2128 767 2154 enim
792 2128 858 2154 mihi
877 2128 926 2155 fuit
944 2133 1001 2155 tur-

219 2169 289 2202 gidis
309 2174 335 2196 ct
353 2170 503 2204 grandibus
518 2172 621 2203 verbis,
641 2179 674 2199 ne
696 2173 766 2198 mala
791 2174 911 2208 ingentia
928 2174 999 2200 infra

217 2215 376 2250 dignitatem
390 2217 564 2251 explicarem.
580 2217 721 2252 Ejusmodi
736 2225 817 2253 porro
828 2219 999 2254 navigatione

218 2260 358 2286 utentibus
373 2262 458 2292 tenui,
474 2267 503 2287 ut
516 2262 602 2294 aiunt,
618 2270 632 2289 e
649 2262 771 2290 funiculo
786 2263 843 2290 vita
862 2271 997 2298 suspensa

217 2308 268 2331 est.
281 2303 358 2336 Quod
369 2304 391 2331 si
405 2304 471 2339 legis
482 2305 578 2333 doctor
591 2307 661 2333 idem
681 2311 708 2333 et
720 2307 887 2341 gubernator
903 2308 998 2340 fuerit,

216 2356 272 2383 quo
288 2356 350 2376 esse
365 2350 455 2377 animo
471 2358 521 2379 nos
531 2352 660 2386 oportet?
674 2351 819 2387 Postquam
839 2353 921 2388 igitur
932 2354 998 2388 quid

217 2392 270 2419 sibi
287 2393 358 2420 clavi
381 2394 497 2428 abjectio
512 2395 592 2423 vellet
616 2397 800 2425 intelleximus
829 2398 998 2433 (rogantibus

216 2438 288 2464 enim
303 2437 383 2465 nobis
395 2446 492 2466 navem
508 2445 547 2472 ut,
566 2441 655 2475 quoad
671 2447 772 2475 posset,
795 2443 924 2477 periculis
945 2445 999 2471 eri-

217 2486 303 2516 peret,
319 2483 417 2510 librum
433 2485 577 2518 quemdam
598 2487 727 2521 legebat),
746 2488 903 2522 persuaderi
918 2496 998 2523 posse

217 2528 402 2562 desperantes,
420 2529 548 2558 adbibere
563 2532 616 2558 vim
633 2533 775 2567 coepimus.
792 2533 831 2560 Ac
849 2542 997 2568 generosus

217 2573 327 2605 quidam
354 2574 432 2602 miles
459 2575 599 2611 (navigant
623 2582 713 2604 autem
732 2578 873 2606 nobiscum
888 2580 997 2608 Arabici

1053 1613 1135 1646 νήτης
1147 1611 1178 1637 τὸ
1194 1611 1334 1646 πηδάλιον,
1350 1610 1443 1645 ἐπειδὴ
1462 1609 1508 1636 τὸν
1525 1609 1600 1643 ἣλιον
1618 1608 1727 1635 εἴκασεν
1744 1608 1847 1635 ἀπολε-

1052 1657 1171 1683 λοιπέναι
1190 1657 1237 1692 τὴν
1249 1658 1300 1692 γῆν
1311 1665 1317 1671 ·
1335 1656 1380 1682 καὶ
1395 1653 1555 1681 καταϐαλὼν
1567 1653 1673 1687 ὲαυτδν,

1089 1712 1194 1739 Πατεῖν
1208 1712 1329 1746 παρεῖχε
1346 1710 1386 1742 τῷ
1403 1710 1519 1737 θέλοντι
1532 1710 1682 1737 ναυτίλων

1058 1768 1152 1803 Ἡμεῖς
1165 1768 1193 1794 δὲ
1208 1768 1257 1802 τὴν
1274 1767 1322 1802 μὲν
1340 1765 1424 1793 οὖσαν
1443 1766 1533 1792 αἰτίαν
1551 1766 1600 1791 οὐκ
1617 1765 1697 1796 εὐθὺς
1720 1765 1767 1790 ἐπὶ
1782 1764 1847 1791 νοζν

1052 1813 1227 1848 ἐΰαλλόμεθα·
1245 1813 1399 1846 ἀπόγνωσιν
1409 1812 1436 1838 δὲ
1448 1812 1477 1838 τὸ
1490 1812 1605 1846 πρᾶγμα
1618 1810 1745 1845 οἰόμενοι,
1760 1817 1847 1844 προσ-

1051 1859 1157 1894 ῄειμεν,
1173 1858 1356 1894 ὲλιπαροῦμεν
1374 1858 1411 1893 μὴ
1437 1856 1640 1892 καταπροέσθαι
1665 1855 1776 1891 μηδέπω
1795 1855 1846 1886 τὰς

1053 1905 1169 1940 ἐσχάτας
1183 1904 1302 1935 ἐλπίδας.
1318 1904 1373 1930 Καὶ
1387 1903 1441 1938 γὰρ
1464 1902 1495 1938 δὴ
1513 1902 1558 1928 καὶ
1570 1903 1676 1936 ἐπεῖχον
1695 1901 1724 1927 αἱ
1747 1909 1844 1935 τρικυ-

1053 1951 1124 1985 μίαι,
1149 1949 1197 1976 τοῦ
1225 1949 1360 1983 πελάγους
1383 1949 1430 1975 καὶ
1451 1947 1518 1982 πρὸς
1542 1946 1622 1974 ἑαυτὸ
1639 1946 1844 1977 στασιάσαντος.

1051 1996 1156 2021 Γίνεται
1174 1995 1202 2021 δὲ
1215 1995 1304 2025 τοῦτο,
1329 1995 1392 2021 ὅταν
1411 1993 1448 2029 μὴ
1470 1993 1508 2028 τῷ
1524 1992 1635 2027 λήξαντι
1649 1991 1784 2026 πνεύματι
1799 1992 1846 2017 καὶ

1050 2041 1085 2066 τὰ
1097 2041 1160 2075 παρ’
1175 2039 1270 2066 ἑαυτοῦ
1287 2039 1527 2073 συναναπαύσηται
1544 2038 1669 2072 κύματα·
1682 2036 1738 2063 ἀλλ’
1753 2036 1846 2070 ἰσχύον

1051 2086 1145 2120 ἔχοντα
1156 2085 1186 2111 τὸ
1199 2085 1340 2119 ἐνδόσιμον
1354 2085 1402 2119 τῆς
1422 2085 1562 2119 κινήσεως,
1581 2082 1732 2118 ὕπαντιάζῃ
1747 2083 1780 2117 τῇ
1797 2081 1844 2108 τοῦ

1051 2131 1202 2166 πνεύματος
1213 2130 1383 2166 ἐπικρατείᾳ,
1396 2131 1444 2156 καὶ
1454 2129 1625 2164 ἀντεμῦάλλῃ
1635 2129 1693 2159 ταῖς
1703 2127 1843 2162 ἐμϐολαῖς.

1052 2177 1126 2202 Ἔδει
1141 2177 1195 2211 γάρ
1212 2185 1257 2211 μοι
1272 2177 1318 2202 καὶ
1339 2175 1561 2210 φλεγμαινόντων
1574 2174 1724 2208 ὀνομάτων,
1744 2174 1787 2199 ἵνα
1805 2173 1843 2208 μὴ

1051 2221 1086 2246 τὰ
1114 2221 1218 2255 μεγάλα
1247 2220 1320 2247 κακὰ
1349 2219 1635 2255 σμικροπρεπέστερον
1655 2217 1844 2252 διηγήσωμαι.

1051 2267 1112 2297 Τοῖς
1124 2264 1169 2292 οὖν
1183 2267 1211 2293 ὲν
1232 2267 1271 2301 τῷ
1292 2266 1385 2301 τοιῷδε
1408 2266 1533 2292 πλέουσιν
1557 2264 1611 2291 ἀπὸ
1627 2263 1739 2295 λεπτοῦ,
1758 2263 1843 2297 φασὶ,

1053 2312 1130 2346 μίτου
1140 2312 1169 2338 τδ
1188 2312 1236 2347 ζῇν
1249 2311 1393 2346 ἠρτῆσθαι.
1408 2311 1440 2338 El
1451 2311 1479 2337 δὲ
1496 2311 1542 2337 καὶ
1555 2312 1568 2337 ὁ
1581 2309 1750 2345 κυϐερνήτης
1761 2317 1845 2343 νομο-

1050 2356 1208 2388 διδάσκαλος
1229 2358 1282 2391 εῐη,
1309 2357 1371 2383 τινα
1393 2356 1434 2382 δεῖ
1444 2356 1533 2390 ψυχὴν
1558 2355 1647 2390 ἔχειν;
1668 2355 1743 2381 Ἐπεὶ
1758 2354 1780 2380 δ’
1795 2353 1843 2381 οὖν

1053 2403 1208 2437 συνήκαμεν
1232 2402 1277 2428 τὸν
1300 2401 1361 2428 νοῦν
1378 2402 1427 2436 τῆς
1447 2401 1615 2435 ἀπολείψεως
1629 2400 1682 2426 τῶν
1703 2399 1842 2435 πηδαλίων

1052 2446 1196 2481 (δεομένων
1221 2446 1275 2481 γὰρ
1296 2447 1376 2482 ἡμῶν
1396 2446 1493 2478 σώζειν
1517 2447 1548 2472 ἐκ
1577 2446 1631 2472 τῶν
1661 2445 1774 2471 ἐνόντων
1791 2445 1841 2480 τὴν

1051 2492 1127 2524 ναῦν,
1145 2492 1175 2518 τὸ
1186 2492 1286 2527 βιϐλίον
1305 2492 1517 2526 ὑπανεγίνωσκε)
1543 2491 1653 2522 πειθοῦς
1665 2491 1839 2525 ἀπογνόντες,

1051 2538 1174 2572 ἀνάγκην
1197 2537 1246 2572 ἤδη
1269 2537 1452 2572 προσήγομεν·
1469 2537 1516 2564 καί
1531 2545 1573 2568 τις
1595 2536 1761 2572 στρατιώτης
1775 2544 1839 2569 γεν-

1051 2583 1131 2614 νάδας
1149 2582 1327 2617 (συμπλέουσι
1339 2582 1368 2609 δὲ
1387 2583 1451 2617 ἡμῖν
1465 2581 1586 2617 Ἀράϐιοι
1603 2582 1694 2616 συχνοὶ
1713 2581 1767 2616 (24)
1785 2581 1840 2607 τῶν

830 2678 918 2706 DION.
940 2679 1076 2708 PETAVII
1096 2681 1211 2708 ΝΟΤΕ.

251 2747 307 2782 (25)
320 2750 456 2790 Μεᾷιὶκεν
468 2749 532 2790 οὖν,
542 2752 691 2790 _Dositlt_eus
706 2755 732 2790 in
749 2763 804 2788 quo
819 2756 934 2790 quisque
953 2756 1000 2783 ha-

218 2781 275 2825 bitu
292 2781 478 2825 eratliniunte
490 2787 615 2825 sabbato,
637 2788 664 2814 in
679 2781 773 2825 eodem
792 2781 1000 2825 έιιᾰιιέέτέὖρὸῖο-

218 2818 274 2845 lere
291 2819 436 2857 sentiebat.
454 2825 482 2847 ut
500 2821 537 2847 ait
548 2821 678 2858 Origenes
696 2823 743 2850 lib.
758 2831 780 2849 ιι
799 2824 867 2857 Περὶ
887 2818 998 2860 ἀρέῶν.

1050 2757 1179 2796 Ex_il_liu_s
1205 2757 1296 2796 itaque
1311 2763 1383 2785 secta
1406 2759 1495 2796 potuit
1509 2765 1573 2796 esse
1593 2757 1748 2796 navarchus
1771 2757 1834 2796 iste.

1084 2792 1152 2828 (24L
1166 2792 1420 2828 ’ᾼράᾷιοισυχνοΛ
1448 2792 1560 2828 Equites
1585 2795 1663 2819 erant
1686 2792 1836 2827 sagittarii.

1049 2824 1116 2854 Vide
1127 2824 1214 2854 Notit.
1233 2824 1334 2854 Orient.
1343 2824 1459 2861 imperii.
