1993 3058
185 144 253 171 1553

761 139 954 168 EPISTOLA‘Z.
978 152 1014 159 —
1038 137 1148 166 EPIST.
1169 135 1214 165 IV.

1742 140 1812 168 1554

183 203 238 230 ἀπὸ
251 203 299 230 τοῦ
320 203 458 237 τάγματος
474 200 646 236 τῶνὶππέων)
661 201 691 227 τὸ
702 200 775 234 ξίφος
788 199 967 234 σπασάμενος,

1023 197 1147 232 plerique
1169 205 1201 224 ex
1223 197 1346 232 equitum
1370 197 1476 230 ordine)
1502 197 1602 224 educto
1624 197 1717 233 gladio
1730 203 1813 232 caput

182 247 315 283 ἠπείλησε
343 246 496 282 τάνθρώπῳ
518 246 567 281 τὴν
588 244 710 280 κεφαλὴν
727 244 886 278 ἀποκόψειν,
899 244 922 269 εἰ
938 242 975 278 μὴ

183 294 353 330 ἀντιλήψοιτο
359 293 406 320 τοῦ
417 293 545 327 σκάφους.
555 293 583 318 '0
593 292 621 318 δέ
627 291 788 326 αὐτόχρημα
797 289 975 320 Μακκαϐαῖος

182 338 237 372 οἷος
247 338 281 375 ἧν
293 339 493 374 ἐγκαρτερῆσαι
514 338 553 373 τῷ
574 337 698 372 δόγματι.
722 336 865 371 Μεσούσης
881 334 909 361 δὲ
925 333 974 368 ἠδη

182 386 232 420 τῆς
245 385 353 416 νυκτὸς,
366 384 540 411 ἀναπείθεται
552 382 616 418 παρ’
629 383 724 408 ἑαυτοῦ
735 382 839 417 πρὺςτῇ
855 379 974 415 καθέδρᾳ

183 431 318 466 γενέσθαι.
327 429 384 457 Νῦν
395 430 458 464 γὸιρ⁷
470 429 563 465 φησιν,
578 430 591 455 ὁ
603 427 683 463 νόμος
695 428 801 462 ἐφίησιν
813 426 868 461 (9.5)
881 425 974 459 ἐπειδὴ

182 478 229 504 νῦν
247 475 339 510 σαφῶς
350 475 396 502 τὸν
414 475 484 510 ὑπὲρ
502 475 552 510 τῆς
573 474 662 509 ψυχῆς
685 473 791 507 θέομεν.
806 471 876 507 Πρὸς
895 470 974 496 τοῦτο

182 524 288 558 αἴρεται
302 521 416 556 θόρυϐος
431 520 461 552 ἐξ
477 519 575 555 ἀρχῆς,
586 519 690 552 ἀνδρῶν
704 517 820 552 οἰμωγὴ,
835 515 973 548 γυναικῶν

181 568 305 602 ὀλολυγή.
315 568 451 597 ’Ἅπαντες
464 565 647 595 ἐθεοκλύτουν,
662 563 831 593 ἐποτνιῶντο,
844 561 898 587 τῶν
914 561 973 595 φιλ-

182 613 270 639 τάτων
283 612 519 647 ὺπεμιμνήσκοντο
532 617 538 625 ·
568 609 647 644 μόνος
667 608 834 643 Ἀμάραντος
856 605 972 640 εὔθυμος

181 657 226 693 ἦν,
241 658 278 689 ὡς
288 657 386 684 αὐτίκα
400 657 433 683 ἂν
447 654 636 691 παραγράψων
650 654 712 684 τοὺς
733 652 883 682 δανειστάς.
907 651 972 685 Ἐμέ

181 703 210 729 δέ
234 703 262 729 ἐν
280 703 337 733 τοῖς
351 702 454 731 δεινοῖς,
465 700 566 735 ὄμνυμί
583 708 623 725 σοι
636 699 695 725 θεὸν
707 698 736 724 ὃν
748 696 889 731 φιλοσοφία
905 704 972 730 πρε.-

183 747 286 777 σὸεύει,
301 747 330 772 τὸ
347 745 494 780 Ὁμηρικὸν
514 744 640 779 ἕθραττεν
651 743 748 774 ἐκεῖνο,
761 741 797 777 μὴ
808 742 861 776 ἄρα
872 740 971 775 ἀληθὲς

181 793 223 827 εἴη
240 792 307 826 (26),
322 791 367 817 τὸν
380 791 441 817 καθ’
466 789 562 820 ’ύδατος
587 788 700 814 θάνατον
716 787 825 821 ὄλεθρον
842 784 910 812 εἶναι
923 785 970 811 καὶ

181 837 264 871 αὐτῆς
281 837 330 871 τῆς
344 835 442 870 ψυχῆς.
464 835 544 868 Λέγει
565 833 619 868 γὰρ
637 833 709 859 ἐστιν
722 833 787 859 ὅπου
802 831 856 858 τῶν
871 831 944 857 ἐπῶν
959 837 965 844 ·

219 937 292 969 Αἶας
302 937 327 962 δ’
342 936 546 968 ἐξαπόλωλεν,
558 934 622 961 ἐπεὶ
632 934 701 960 πίεν
714 932 849 967 ἁλμυρὸν
863 931 951 965 ὕδωρ.

180 992 226 1019 τὸν
240 994 268 1019 ἐν
287 992 404 1027 θαλάττῃ
421 992 534 1018 θάνατον
542 990 741 1026 ἀκριϐεστάτην
749 988 887 1015 ἀπώλειαν
901 985 969 1014 εἶναι

180 1039 329 1073 τιθέμενος.
361 1037 460 1063 Οὐδένα
477 1035 541 1070 γοῦν
566 1035 644 1062 ἄλλον
660 1034 855 1066 ἐξαπολωλέναι
868 1032 967 1068 φησιν,

180 1084 237 1110 ἀλλ’
251 1083 366 1114 ἕκαστος
376 1081 565 1117 ἀποθνήσκων,

565 1145 648 1178 ᾶὶδός
663 1143 831 1177 δ’ἐϐεϐήκει.

180 1203 261 1229 Ταῦτ’
276 1203 329 1237 ἄρα
340 1203 385 1228 καὶ
399 1203 428 1228 ἐν
439 1202 511 1228 δυοῖν
525 1201 635 1228 νεκύαιν
656 1201 670 1227 ὁ
683 1201 779 1237 μικρὸς
806 1200 872 1232 Αἴας
891 1200 969 1227 οὐδα-

181 1248 231 1282 μοῦ
243 1248 289 1274 τοῦ
308 1248 443 1282 δράματος
467 1248 660 1282 εἰσενήνεκται,
690 1246 728 1278 ὡς
747 1247 794 1281 τῆς
808 1247 896 1281 ψυχῆς
919 1247 968 1273 οὐκ

179 1292 262 1328 οὔσης
275 1294 303 1319 ἐν
316 1293 379 1328 ᾅδου
389 1301 395 1306 ·
409 1293 456 1319 καὶ
485 1292 632 1328 Ἀχιλλεὺς,
654 1292 723 1327 ἀνὴρ
739 1292 919 1326 εὐψυχότατός
937 1301 967 1318 τε

179 1338 226 1363 καὶ
246 1337 500 1371 φιλοκινδυνότατος,
530 1337 670 1372 ἀποδειλιᾷ
698 1337 764 1371 πρὸς
783 1337 828 1363 τὸν
843 1338 871 1363 ἐν
891 1336 966 1363 ὕδατι

180 1383 303 1416 θάνατον,
322 1383 351 1410 ὅν
368 1392 400 1417 γε
416 1384 461 1410 καὶ
474 1382 620 1417 λευγαλέον
635 1382 722 1409 καλεῖ.

214 1472 330 1502 Τούτους
350 1471 461 1498 ἑλίττων
475 1472 537 1502 τοὺς
552 1471 697 1506 λογισμοὺς
708 1491 714 1503 ,
732 1472 788 1506 ὁρῶ
804 1473 868 1503 τοὺς
882 1480 965 1507 στρα-

177 1516 277 1548 τιώτας
294 1517 417 1549 ἅπαντας
433 1518 620 1553 ἐσπασμένους
646 1518 781 1553 μαχαίρας
791 1527 798 1533 ·
817 1518 864 1544 καὶ
879 1517 962 1544 πυοὸ-
976 1536 998 1565 C

179 1571 259 1597 μενος
273 1562 422 1597 ἐμάνθανον
441 1564 504 1597 παρ’
519 1563 618 1595 αὐτῶν,
631 1563 668 1594 ὡς
689 1564 770 1590 καλὸν
788 1564 834 1589 ἐπὶ
851 1563 898 1589 τοῦ
912 1572 961 1589 κα-

177 1608 373 1642 ταστρώματος
398 1608 478 1639 ὄντας
498 1608 537 1634 ἔτι
561 1609 627 1644 πρὸς
650 1608 695 1635 τὸν
719 1609 787 1644 ἀέρα
803 1609 853 1643 τὴν
876 1609 965 1643 ψυχὴν

178 1652 297 1686 ὲρυγεῖν,
312 1651 379 1678 ἀλλὰ
397 1652 434 1686 μὴ
453 1652 522 1686 πρὸς
539 1652 614 1687 κῦμα
626 1653 766 1687 χανόντας.
787 1653 904 1684 Τούτους
916 1654 966 1679 αὑ-

177 1699 286 1731 τοφυεῖς
310 1698 458 1733 Ὀμηρίδας
473 1698 598 1732 ἐνόμισα,
612 1699 658 1725 καὶ
675 1699 776 1733 ἐθέμην
789 1699 827 1733 τῷ
839 1699 963 1732 δόγματι.

177 1741 244 1768 Εἶτα
261 1743 390 1777 κηρύττει
402 1752 444 1774 τις
463 1742 627 1777 ὲξαρτᾶσθαι
638 1744 759 1778 χρυσίον,
776 1741 817 1774 οἷς
830 1743 887 1770 ἐστι
899 1752 905 1758 ·
918 1743 966 1769 καὶ

176 1785 217 1819 οἷς
235 1785 278 1823 ἦν,
293 1788 435 1823 ἐξήρτητο,
449 1790 495 1815 καὶ
506 1788 624 1824 χρυσίον,
639 1789 684 1815 καὶ
694 1789 708 1814 ὃ
723 1798 748 1814 τι
757 1788 830 1820 ἄξιον
842 1788 964 1824 χρυσίου.

177 1833 232 1859 Καὶ
248 1834 276 1860 αι
290 1836 417 1868 γυναῖκες
432 1835 511 1860 αὐταί
526 1843 556 1860 τε
572 1834 761 1866 ἐσκευάζοντο,
777 1835 825 1860 καὶ
841 1836 896 1865 τοῖς
910 1834 966 1859 δεο-

179 1879 271 1913 μένοις
286 1879 435 1914 ἁρπεδόνας
453 1879 573 1914 διένεμον
585 1880 652 1913 (27)'
666 1880 747 1906 πάλαι
762 1880 968 1914 καταδεδειγμέ-

177 1933 222 1951 νον
241 1925 319 1952 τοῦτο
339 1927 436 1957 ποιεῖν,
457 1926 520 1952 νοῦν
544 1926 573 1952 δὲ
589 1926 644 1961 ἔχει
664 1926 796 1952 τοιοῦτον.
814 1925 908 1960 Φέρειν
928 1925 968 1951 δεῖ

177 1969 259 2004 τιμὴν
274 1970 399 2004 ἐντάφιον
411 1970 456 1996 τὸν
470 1971 500 1996 ἐκ
514 1971 643 2004 ναυαγίου
659 1971 764 2005 νεκρόν.
774 1971 802 1996 '0
816 1970 870 2005 γὰρ
883 1978 967 2005 προσ-

177 2014 266 2049 τυχὼν
280 2016 326 2040 καὶ
341 2015 473 2049 κερδάνας
485 2035 492 2046 ,
519 2015 616 2050 νόμους
636 2015 809 2050 Ἀδραστείας
820 2015 965 2047 αἰδέσεται,

179 2061 216 2096 μὴ
227 2061 286 2095 οὐχὶ
297 2062 394 2096 μικρόν
406 2071 432 2088 τι
443 2062 525 2096 μέρος
538 2061 723 2088 ἀποδάσασθαι
734 2061 773 2096 τῷ
793 2061 967 2096 χαρισαμένῳ

176 2107 207 2133 τὸ
233 2107 440 2133 πολλαπλάσιον.
470 2107 522 2134 Καὶ
543 2108 567 2133 οἱ
588 2107 637 2142 μὲν
664 2105 734 2142 ἦσαν
760 2106 828 2141 πρὸς
850 2106 964 2136 τούτοις.

184 2152 254 2186 Ἐγὼ
272 2152 300 2178 δὲ
315 2152 557 2188 παρακαθήμενος,
573 2153 603 2178 τὸ
620 2152 787 2186 παλαμναῖον
813 2151 964 2185 βαλάντιον,

1025 241 1128 269 homini
1147 249 1208 269 sese
1223 245 1426 276 amputaturum
1443 242 1560 268 minatus
1577 246 1629 274 est,
1645 241 1699 268 nisi
1716 249 1811 268 navem

1025 288 1240 323 gubernaret.At
1252 288 1295 315 ille
1308 296 1453 323 germanus
1465 288 1634 316 Maccabmus
1645 289 1672 314 in
1686 288 1813 322 dogmate

1024 341 1075 361 suo
1090 334 1269 361 nihilominus
1287 334 1454 369 perstiturus
1471 335 1625 362 videbatur.
1648 334 1735 361 Media
1749 338 1812 360 lar.-

1024 379 1084 406 dem
1108 383 1188 406 nocte
1211 384 1308 414 suapte
1333 384 1431 413 sponte
1450 379 1483 406 ad
1506 380 1691 414 gubernacula
1716 380 1812 406 sedere

1024 425 1118 460 ctepit.
1134 424 1211 452 Nunc
1227 426 1310 457 enim,
1331 425 1379 456 ait,
1397 425 1440 451 lex
1466 424 1556 452 facere
1578 426 1651 453 istud
1669 425 1809 460 permittit,

1023 471 1153 505 quoniam
1171 471 1248 505 plane
1263 471 1296 497 de
1307 471 1361 497 vita
1380 470 1578 505 periclitamur.
1594 470 1634 497 Ad
1653 471 1704 498 hoc
1717 471 1806 498 subla-

1023 520 1068 543 tus
1083 515 1116 543 de
1134 517 1240 550 integro
1253 516 1386 542 tumultus
1397 535 1404 546 ,
1420 515 1542 542 virorum
1562 516 1677 549 gemitus
1688 536 1695 547 ,
1711 516 1809 543 mulie-

1023 569 1082 588 rum
1098 561 1218 588 ululatus
1235 571 1241 588 :
1259 560 1386 595 quiritari
1400 568 1506 593 omnes,
1522 567 1553 587 ac
1570 559 1692 586 divinum
1708 568 1808 588 numen

1022 606 1173 638 obtestari,
1197 606 1376 633 charissimos
1404 613 1527 640 quosque
1551 603 1690 631 recordari
1713 613 1719 631 :
1738 612 1809 632 unus

1022 651 1117 678 hilaris
1129 655 1189 677 erat
1202 651 1376 682 Amarantus,
1391 654 1420 676 ut
1436 650 1481 684 qui
1497 649 1646 676 creditores
1665 656 1729 675 suos
1746 649 1811 675 sul;-

1021 696 1085 723 inde
1106 697 1285 723 fraudaturus
1304 699 1388 723 esset.
1413 695 1453 722 Me
1477 702 1540 722 vero
1561 694 1587 720 in
1612 693 1698 720 tantis
1714 693 1805 724 malis,

1022 749 1069 776 per
1082 749 1185 768 numen
1200 741 1266 768 illud
1279 742 1355 775 juro,
1369 741 1442 775 quod
1459 739 1632 775 philosophia
1648 742 1806 771 veneratur,

1020 786 1088 813 illud
1113 786 1286 814 Homericum
1311 787 1448 818 terrebat,
1469 794 1504 813 ne
1525 785 1595 812 forte
1615 792 1709 812 verum
1724 787 1806 816 esset,

1021 835 1135 859 mortem
1149 833 1176 858 in
1192 832 1272 866 aquis
1296 831 1503 866 prmfocatorum
1527 830 1610 857 etiam
1634 830 1730 856 anima:
1747 836 1807 856 esse

982 868 1004 897 Β
1020 877 1108 912 ipsius
1123 876 1275 904 interitum.
1292 877 1336 903 Ait
1349 876 1420 904 enim
1435 875 1547 907 alicubi,

1056 932 1164 960 Interii!
1176 933 1255 960 salsis
1272 933 1354 967 epotis
1368 932 1492 966 ﬂuctibus
1513 931 1596 965 Ajax,

1019 993 1049 1016 ut
1062 989 1156 1022 letum,
1177 988 1249 1023 quod
1267 988 1294 1014 in
1311 988 1378 1014 mari
1402 987 1512 1018 accidit,
1533 993 1670 1014 summum
1684 985 1805 1012 omnium

1018 1035 1133 1062 exitium
1144 1041 1207 1061 esse
1222 1033 1368 1068 significet.
1388 1033 1494 1060 Idcirco
1514 1031 1651 1059 neminem
1668 1029 1807 1058 interiisse

1017 1080 1067 1112 ait,
1085 1079 1133 1107 sed
1149 1079 1340 1113 unusquisque

1261 1145 1374 1172 moriens
1391 1144 1513 1178 delapsus
1528 1143 1562 1170 ad
1576 1143 1673 1170 Orcum
1686 1147 1735 1170 est.

1017 1201 1056 1229 Ac
1071 1205 1216 1236 propterea
1233 1201 1259 1228 in
1273 1201 1380 1228 duabus
1396 1200 1513 1233 inferiis,
1531 1200 1622 1227 minor
1646 1199 1714 1234 Ajax
1739 1206 1807 1226 nus-

1017 1254 1098 1278 quam
1113 1250 1171 1273 toto
1198 1245 1322 1273 dramate
1337 1246 1480 1272 inducitur
1492 1265 1499 1277 ,
1516 1245 1596 1279 quasi
1616 1245 1686 1279 apud
1703 1243 1806 1271 inferos

1017 1291 1076 1326 ejus
1095 1292 1185 1318 anima
1202 1299 1256 1319 non
1274 1297 1357 1319 esset.
1374 1291 1445 1324 Quin
1462 1291 1544 1318 etiam
1558 1290 1678 1318 Achilles
1692 1291 1736 1317 ille
1750 1289 1805 1316 for-

1016 1337 1152 1368 tissimus,
1168 1342 1195 1364 et
1212 1338 1240 1364 in
1258 1337 1334 1372 163
1345 1337 1474 1371 periculis
1489 1337 1640 1364 subeundis
1655 1336 1806 1363 audacissi-

1017 1390 1088 1414 mus,
1113 1388 1228 1410 mortem
1256 1383 1435 1410 nihilominus
1460 1384 1487 1410 in
1514 1383 1593 1418 aquis
1614 1382 1805 1417 perhorrescit,

1016 1436 1096 1464 quam
1109 1429 1246 1455 exitialem
1260 1429 1342 1455 etiam
1357 1432 1506 1463 nuncupat.

1052 1474 1114 1500 Haec
1126 1481 1188 1501 eum
1200 1475 1293 1500 animo
1308 1481 1368 1501 ineo
1389 1474 1546 1506 revolvens,
1556 1481 1620 1500 ecce
1641 1473 1688 1499 tibi
1705 1472 1805 1499 milites

1015 1527 1110 1547 omnes
1125 1520 1229 1547 strictis
1253 1520 1352 1554 gladiis
1367 1523 1460 1547 astare
1479 1519 1570 1552 video,
1587 1526 1619 1545 ac
1646 1518 1805 1546 sciscitatus

1016 1565 1049 1592 ab
1072 1565 1126 1592 illis
1155 1565 1252 1597 audio,
1271 1565 1406 1600 optimum
1433 1572 1505 1597 esse.
1531 1565 1654 1601 quandiu
1683 1564 1712 1591 in
1738 1563 1806 1592 foris

1015 1610 1104 1638 adhuc
1123 1614 1215 1642 stant,
1245 1611 1365 1637 animam
1395 1610 1423 1637 in
1445 1617 1535 1637 aerem
1559 1609 1735 1644 profundere,
1750 1617 1806 1636 non

1016 1657 1043 1682 in
1061 1655 1172 1687 ﬂuctus,
1193 1656 1354 1682 oscitantes.
1370 1654 1426 1682 llos
1456 1663 1507 1689 ego
1534 1658 1632 1689 sponte
1658 1654 1756 1688 factos,
1773 1661 1806 1682 ac

1017 1701 1125 1728 nativos
1153 1700 1264 1728 Homeri
1289 1705 1443 1728 sectatores
1467 1701 1632 1732 arbitrabar,
1647 1701 1727 1735 eique
1743 1706 1806 1728 sen-

1016 1747 1108 1774 tentiae
1124 1746 1258 1773 favebant.
1273 1746 1343 1774 Tum
1361 1747 1558 1782 proclamatnm
1575 1751 1616 1774 est
1635 1755 1650 1774 a
1665 1748 1804 1781 quopiam,

1016 1791 1216 1825 suspenderent
1235 1799 1250 1817 e
1270 1791 1359 1822 collo,
1378 1791 1591 1825 quibuscunque
1615 1791 1674 1817 auri
1701 1791 1805 1824 aliquid

1017 1840 1100 1863 esset.
1122 1836 1228 1869 Quibus
1256 1840 1326 1867 erat,
1355 1843 1521 1870 suspensum
1545 1841 1599 1868 est,
1625 1843 1679 1862 non
1706 1843 1803 1862 aurum

1017 1883 1109 1912 modo,
1127 1881 1174 1908 sed
1188 1881 1323 1916 quidquid
1344 1889 1411 1908 auro
1427 1882 1559 1908 arstimari
1575 1885 1692 1916 poterat.
1709 1880 1805 1907 Mulie-

1017 1934 1061 1954 res
1082 1928 1147 1961 ipsae
1165 1934 1226 1953 cum
1245 1926 1419 1953 adornabant
1437 1934 1509 1958 sese,
1532 1931 1590 1953 tum
1616 1926 1754 1953 funiculos
1770 1925 1805 1952 iis

1017 1972 1117 2005 quibus
1134 1979 1204 2005 opus
1217 1975 1278 1997 erat
1297 1970 1472 2004 dividebant;
1491 1971 1595 2005 pridem
1608 1971 1642 1997 ad
1659 1971 1685 1997 id
1701 1970 1804 1996 fat-ien-

1017 2016 1082 2044 dum
1099 2016 1205 2043 eductis
1222 2015 1360 2043 omnibus.
1378 2016 1465 2050 Hujus
1482 2020 1573 2044 autem
1593 2017 1630 2043 rei
1651 2016 1738 2051 gratia
1755 2016 1802 2042 Iit:

1017 2062 1165 2096 sepulturae
1186 2062 1304 2095 pretium
1331 2061 1452 2088 conferri
1472 2069 1487 2087 ιι
1507 2061 1648 2096 naufragis
1665 2061 1803 2088 convenit.

1017 2106 1070 2139 Qui
1103 2106 1175 2133 enim
1203 2107 1230 2133 in
1257 2114 1306 2134 eos
1334 2107 1472 2138 inciderit,
1490 2111 1517 2134 et
1546 2107 1573 2133 id
1601 2106 1670 2133 lucri
1696 2105 1803 2138 fecerit,

1018 2152 1153 2179 Adrastia).
1170 2151 1243 2187 leges
1259 2152 1410 2185 verebitur,
1424 2160 1459 2179 ne
1482 2160 1536 2178 non
1553 2152 1678 2186 exiguam
1699 2151 1724 2177 ei
1740 2158 1804 2184 par-

176 2197 225 2232 ’τῇν
253 2197 485 2232 παρακαταθήκην
501 2197 546 2223 τοῦ
568 2197 642 2228 ξένου
659 2196 776 2223 ἔκλαιον.
799 2196 842 2227 Ὠς
859 2194 928 2221 οἶδεν
949 2196 964 2221 ό

1019 2201 1070 2224 tem
1084 2202 1222 2232 aspergat,
1237 2198 1283 2232 qui
1300 2201 1376 2224 tanto
1385 2197 1463 2231 plura
1476 2197 1591 2231 largitus
1609 2195 1701 2223 fuerit.
1714 2196 1804 2229 Atque

176 2242 278 2274 Ξένιος,
291 2243 372 2268 οὐκει
386 2243 574 2278 τεθνηξοίμην,
587 2243 644 2269 ἀλλ’
656 2243 680 2268 εὶ
693 2242 706 2267 ὁ
720 2241 794 2276 Θρᾲξ
808 2241 963 2276 ἀποστερή-

178 2297 251 2314 σοιτο
264 2309 271 2320 ,
287 2288 342 2315 τῶν
355 2289 504 2323 χρημάτων
523 2289 616 2314 ἕνεκεν
628 2298 634 2304 ·
655 2289 684 2315 ὂν
706 2288 752 2314 καὶ
771 2287 914 2314 ἀποθανὼν
930 2287 963 2314 ἂν

175 2333 342 2368 ᾐσχυνόμην.
363 2334 494 2360 Ἐνταῦθα
510 2334 558 2368 μέν
569 2343 601 2367 γε
615 2334 646 2360 τὸ
658 2333 854 2366 ἐξαπολωλέναι
869 2332 962 2367 κέρδος

175 2378 219 2415 ἦν,
236 2379 282 2406 καὶ
295 2379 521 2411 συναπολωλέναι,
540 2380 586 2406 καὶ
597 2380 746 2415 ἀποδράσαι
762 2379 810 2414 τὴν
825 2378 959 2413 αἴσθησιν.

1018 2243 1057 2269 illi
1075 2243 1184 2277 quidem
1201 2242 1235 2269 iis
1252 2242 1334 2269 rebus
1351 2243 1570 2277 occupabantur.
1591 2241 1623 2267 Al
1637 2248 1687 2276 ego
1705 2241 1803 2268 sedens

1017 2288 1111 2315 infelix
1137 2287 1203 2314 illud
1223 2288 1404 2322 marsupium,
1417 2288 1572 2322 depositum
1585 2286 1701 2320 hospitis
1718 2286 1803 2313 deﬂe-

1015 2332 1175 2361 bam.Novit
1186 2333 1323 2367 hospitum
1336 2339 1437 2366 praeses
1450 2331 1532 2362 Deus,
1542 2339 1596 2357 non
1606 2330 1679 2365 quod
1688 2331 1805 2357 morien-

1016 2379 1080 2406 dum
1091 2378 1156 2405 mihi
1167 2384 1249 2410 esset,
1261 2378 1308 2405 sed
1320 2378 1392 2413 quod
1403 2377 1568 2405 concreditis
1579 2377 1701 2412 pecuniis
1712 2375 1803 2403 Thrax

791 2468 882 2496 DION.
903 2469 1039 2498 PETAVII
1054 2469 1170 2498 NOTAE.

213 2559 269 2593 (25)
277 2560 341 2586 Νῦν
351 2559 528 2594 γέιρῳησὶν,
542 2561 558 2586 ὁ
569 2561 656 2594 νόμος
670 2561 802 2594 ἐφίησιν.
812 2559 850 2587 Ita
863 2560 962 2587 docent

177 2594 301 2626 magistri
322 2596 348 2620 in
363 2593 534 2629 Talmudicis
555 2593 671 2629 Digestis
686 2593 766 2622 tract.
785 2594 822 2620 De
838 2595 961 2626 sabbato,

176 2633 203 2653 (ιι
224 2629 354 2655 IIatnbam
373 2629 400 2655 in
415 2628 490 2659 lad.,
505 2630 576 2662 quod
592 2628 723 2663 pluribus
744 2630 875 2664 exemplis
900 2629 963 2656 illu-

177 2667 274 2732 mé’b‘l)‘
285 2697 333 2731 Μὴ
343 2696 400 2731 ἄρα
413 2696 522 2729 ἀληθὲς
535 2697 590 2729 εἴη.
604 2697 672 2724 IIinc
689 2697 876 2731 Athenagoras
890 2701 960 2724 orat.

178 2732 217 2758 De
232 2740 344 2763 resurr.,
365 2733 428 2762 τοὺς
444 2732 472 2756 ἐν
496 2732 643 2765 ναυαγίοις,
657 2732 703 2758 καὶ
723 2733 854 2765 ποταμοῖς
866 2732 963 2758 δυσθα-

178 2767 273 2798 νάτους
287 2767 414 2801 appellat,
426 2766 499 2800 quod
527 2774 559 2793 ea
579 2774 652 2794 mors
683 2766 783 2793 misera
805 2767 884 2801 vulgo
898 2774 963 2793 cen-

177 2806 339 2871 δδῗὲέιῗτάς
354 2833 520 2869 ἁρπεδόνας
537 2834 690 2869 διένειμεν.
720 2834 810 2861 Schol.
828 2834 911 2870 Soph.
931 2835 964 2862 ad

1015 2562 1061 2588 illa
1080 2561 1218 2595 Antigona:
1232 2568 1240 2586 .'

1053 2617 1154 2651 Βρόχῳ
1162 2616 1296 2650 μιτρώδει
1315 2616 1456 2647 σινδόνος
1472 2622 1654 2649 ﬂammei-qr,

1017 2663 1075 2690 hinc
1097 2662 1231 2689 adnotat:
1248 2661 1356 2696 Κυρίως
1377 2660 1435 2696 ᾃτὴν
1455 2659 1605 2696 ἁρπεδόνην
1629 2659 1678 2695 τὴν
1699 2660 1802 2696 ἐνντοῖς

1017 2697 1158 2731 ὑφάσμασι
1176 2704 1251 2730 φασι.
1271 2694 1349 2729 Apud
1377 2694 1523 2731 Pollucem.
1539 2694 1584 2731 lib.
1602 2694 1708 2731 V,__cap.
1724 2694 1802 2731 thin

1017 2723 1083 2758 voce
1093 2723 1205 2762 'Pelliciz,
1221 2723 1316 2757 catena
1332 2730 1454 2763 quaedam
1470 2729 1602 2763 ἁρπεδόνη
1621 2723 1731 2756 dicitur.
1746 2723 1803 2755 IIe-

1016 2767 1129 2793 rodotus
1146 2766 1191 2792 lib.
1206 2772 1235 2792 III
1247 2763 1386 2799 [XLVIII],
1406 2771 1432 2799 p.
1448 2763 1500 2791 204
1510 2783 1517 2796 ,
1534 2763 1568 2790 de
1583 2764 1635 2798 filis
1650 2763 1800 2798 usurpavit;

1019 2809 1070 2827 nos
1088 2800 1223 2827 funiculos
1238 2799 1392 2826 maluimus.
