1964 3058
182 87 252 123 4555

713 85 847 113 SYNESII
861 84 1093 113 PTOLEMAIDIS
1112 83 1266 112 EPISCOPI

1744 83 1818 110 £338

180 145 225 172 ille
239 143 457 175 del'raudandus,
471 151 552 180 quem
566 144 608 171 vel
623 148 749 172 mortuas
766 145 970 172 erubescerem.
987 169 988 172 η

1040 146 1057 170 υ
1069 143 1097 169 δὲ
1110 143 1195 169 ἐποίει
1213 142 1288 177 παρὰ
1303 142 1386 173 πόδας
1395 141 1439 168 τὸν
1455 142 1587 173 κίνδυνον,
1603 141 1652 176 οὐχ
1662 141 1705 167 Et:
1711 150 1755 174 ρον
1769 139 1817 176 ἦν.

180 189 230 217 Hic
247 190 330 225 igitur
353 193 381 216 et
397 189 484 216 emori
510 189 616 215 lucrum
634 194 701 222 erat,
716 194 743 216 et
762 190 844 216 simul
870 189 966 219 cruori,

180 239 207 262 et
220 233 354 262 moriendi
371 241 484 262 sensum
500 232 627 268 etl'ugere.
641 233 719 266 Quod
736 241 801 261 vero
820 233 968 261 discrimen

181 280 250 307 adeo
271 280 299 306 in
322 279 447 314 proximo
474 276 603 311 faciebat,
631 279 699 305 nihil
717 283 777 306 erat
795 279 869 307 aliud
886 287 969 313 quam

181 325 256 361 quod
280 325 372 360 passis
396 324 465 351 velis
479 324 617 359 navigium
635 324 784 351 ferebatur.
802 324 971 352 Contrahere

182 375 273 398 autem
304 379 358 398 non
388 370 497 398 licebat.
520 369 588 397 Nam
618 377 680 397 cum
711 370 811 404 saepius
840 370 971 398 rudentes

182 416 405 452 aggrederemur,
426 415 531 450 fatigati
561 423 683 448 eramus,
702 415 877 443 mordacibus
903 416 970 443 reti-

182 462 313 489 nentibus
339 460 488 492 trochleis;
505 468 555 488 nec
582 460 669 488 levior
683 461 799 496 angebat
822 465 922 492 metus,
939 469 971 488 ne

183 508 224 536 vel
241 515 257 535 e
277 510 440 542 tempestate
465 506 565 533 emersi
592 506 629 533 ita
650 507 818 541 comparatis
842 507 971 534 omnibus

183 560 233 588 per
248 557 355 579 noctem
372 552 404 578 ad
419 552 494 579 littus
510 552 717 586 appellet-emus.
734 553 912 580 Commodum
931 553 972 580 in—

184 603 261 626 terea
284 597 344 625 dies
365 597 497 627 exoritur.
515 597 658 631 solemque
674 597 871 632 conspicimus,
900 597 972 624 haud

185 643 244 671 scio
258 651 293 670 an
306 650 425 678 unquam
442 643 470 670 in
486 643 540 670 vita
556 643 718 677 jucundius.
731 642 881 671 Remittere
897 644 975 671 dein-

185 697 262 724 ceps,
282 693 376 723 tepore
400 692 550 720 crescente,
568 693 664 716 ventus
690 689 813 724 incmpit,
836 693 917 724 atque
936 689 973 717 ita

187 735 292 762 siccato
309 741 373 761 rore
389 733 519 769 paulatim
535 734 623 760 moliri
641 734 782 765 rudentes,
797 742 828 761 ac
845 735 903 762 vela
919 739 974 761 tra-

1022 188 1078 214 ἀλλ’
1098 188 1139 214 ὅτι
1153 189 1234 214 πᾶσιν
1251 187 1344 218 ἱστίοις
1365 187 1460 222 ήναῠς
1471 187 1592 222 ἐφέρετο,
1616 186 1817 221 ’Υποτεμέσθαι

1022 233 1050 259 δὲ
1064 233 1113 259 οὐκ
1129 231 1173 268 ἦν.
1196 233 1276 258 Ἀλλὰ
1298 232 1427 263 πολλάκις
1445 233 1670 268 ἐπιχειρήσαντες
1684 233 1740 264 τοῖς
1761 241 1815 259 κα-

1021 278 1127 310 λωδίοις
1140 300 1146 309 ,
1164 278 1412 313 άπηγορεύκειμεν,
1437 278 1491 304 τῶν
1509 277 1614 313 τροχῶν
1635 278 1814 310 ὲνδακόντων,

1022 324 1069 350 καὶ
1091 323 1216 359 ὑφώρμει
1237 324 1296 355 δέος
1311 324 1360 350 οὐκ
1377 323 1500 355 ἔλαττον,
1516 325 1541 349 εἰ
1555 323 1602 350 καὶ
1622 323 1818 356 διαγενοίμεθα

1023 370 1055 395 ἐκ
1074 369 1121 395 τοῦ
1148 369 1292 401 κλύδωνος.
1312 369 1399 401 οὕτως
1415 369 1525 404 ἔχοντας
1544 369 1573 395 ὲν
1589 369 1669 395 νυκτὶ
1685 368 1818 400 πελάζειν

1023 416 1055 450 τῇ
1069 417 1116 451 γῇ.
1133 415 1230 442 Φθάνει
1247 414 1276 440 δὲ
1292 414 1392 450 ἡμέρα,
1409 415 1455 441 καὶ
1475 414 1583 450 ὁρῶμεν
1607 414 1653 440 τὸν
1668 414 1755 449 ἥλιον,
1776 414 1817 446 ὡς

1024 460 1074 486 οὐκ
1090 458 1149 486 οῖδα
1164 460 1190 486 εί
1208 468 1273 486 ποτε
1286 459 1371 493 ἥδιον.
1391 459 1428 485 Τὸ
1442 459 1471 485 δὲ
1491 458 1601 494 πνεῦμα
1621 459 1686 494 ῥᾷον
1703 459 1812 492 ἐγίνετο

1023 505 1072 540 τῆς
1086 505 1167 537 ἁλέας
1182 505 1360 540 ὲπιδιδούσης,
1373 505 1420 531 καὶ
1434 505 1450 540 ἡ
1463 505 1556 540 δρόσος
1564 504 1727 540 ὲξισταμένη
1741 513 1816 539 παρ-

1024 552 1079 586 εῖχε
1103 552 1168 586 ἡμῖν
1193 551 1342 586 κεχρῆσθαι
1368 552 1424 582 τοῖς
1442 551 1599 582 καλωδίοις,
1614 550 1661 577 καὶ
1681 551 1712 577 τὸ
1729 550 1816 576 ἱστίον

1026 597 1272 632 μεταχειρίζεσθαι.
1299 597 1494 623 Ύπαλλάττειν
1511 597 1560 631 μὲν
1574 594 1621 622 οὖν
1647 596 1730 623 ἱστίον
1755 596 1819 622 ἓτε-

1027 651 1072 678 ρον
1104 642 1178 669 νόοον
1205 644 1255 669 οὐκ
1288 643 1396 678 εἴχομεν
1413 651 1420 657 '
1449 643 1628 678 ὴνεχυρίαστο
1654 643 1718 678 γάρ.
1754 643 1818 669 Ἀν-

1025 687 1214 722 ελαμϐάνομεν
1229 688 1257 713 δὲ
1271 688 1337 714 αὐτὸ
1349 707 1356 718 ,
1382 686 1509 721 καθάπερ
1533 686 1588 712 τῶν
1608 686 1728 722 χιτώνων
1753 687 1820 717 τοὺς

1026 733 1141 764 κόλπους
1151 741 1157 748 ·
1171 733 1217 759 καὶ
1228 734 1291 768 πρὶν
1301 734 1375 768 ὥρας
1387 731 1456 759 εἶναι
1471 732 1615 767 τέτταρας,
1631 731 1821 766 ἀποϐαίνομεν

187 783 264 806 ctare
278 778 442 814 permissum
457 782 510 805 est.
523 778 657 805 Caeterum
670 778 842 806 subdititium
861 779 974 807 alterius

1042 778 1190 805 ἱτεθνάναι
1213 778 1269 814 [ῃν.
1293 779 1324 805 τὸ
1348 778 1405 805 τεθ.
1423 778 1440 814 ἢ
1467 778 1512 805 τὸν
1526 777 1650 813 θάνανον]
1670 777 1823 813 προσδοκή-

188 824 250 851 loco
278 824 368 851 velum
402 830 555 858 supponere
585 823 699 851 minitne
727 824 884 858 potuimus;
912 832 975 852 nam

188 869 397 904 oppigneratum
423 872 493 896 erat.
509 867 665 896 Refecimus
691 876 756 904 ergo
779 869 852 896 istud
874 870 975 904 ipsum,

189 914 304 950 perinde
323 921 355 941 ac
374 914 530 941 tunicarum
547 914 643 941 sinus:
662 922 693 941 ac
712 915 780 941 citra
799 914 882 942 horas
908 921 977 950 qua-

190 964 255 987 tuor
280 959 327 995 qui
343 960 491 988 morituros
505 967 567 987 esse
585 968 636 987 nos
653 960 787 988 hactenus
802 961 977 996 putabamus.

191 1005 225 1032 ad
242 1005 377 1033 desertam
391 1005 534 1039 quamdam
550 1005 725 1032 solitudinem
744 1005 917 1040 appellimus,
934 1006 979 1033 cui

191 1058 282 1086 neque
305 1059 371 1086 ager
403 1051 430 1078 in
458 1051 621 1086 propinquo,
640 1059 729 1086 neque
755 1051 886 1086 oppidum
917 1051 979 1084 luit,

193 1100 303 1124 centum
320 1096 393 1124 enim
410 1095 468 1123 fere
484 1100 511 1124 et
529 1096 640 1132 triginta
665 1097 699 1124 ab
718 1103 784 1131 agro
805 1095 903 1124 stadiis
923 1100 982 1124 erat

1029 833 1124 855 σαντες
1151 824 1217 859 (‘28).
1235 825 1263 850 ὲν
1285 824 1400 859 ἐσχατιᾷ
1424 823 1478 850 τινὶ
1495 824 1647 858 πανερήμῳ
1661 831 1668 837 ·
1692 823 1741 849 καὶ
1755 822 1822 849 οὗτε

1029 871 1116 902 πόλιν,
1137 870 1199 897 οὔτε
1218 871 1301 906 ἀγρὸν
1317 871 1416 906 ἐχούσῃ
1435 870 1560 904 γείτονα,
1577 869 1699 901 σταδίους
1722 869 1824 895 ἑκατόν

1031 924 1082 941 που
1099 915 1166 950 πρὸς
1183 917 1238 947 τοῖς
1261 916 1408 951 τριάκοντα
1422 915 1536 942 κατόπιν
1552 915 1648 950 ἀγροῦ.
1671 915 1702 941 Ἦ
1715 915 1764 949 μὲν
1775 912 1824 941 οὖν

1030 960 1097 992 ναῦς
1115 961 1243 987 ἐσάλευεν
1259 961 1305 987 ἐπὶ
1321 960 1457 996 μετεώρου
1467 969 1473 976 ·
1488 960 1570 995 λιμὴν
1582 959 1637 995 γὰρ
1650 960 1665 986 ὁ
1677 959 1758 990 τόπος
1771 959 1824 985 οὐκ

1031 1004 1076 1043 ἦν,
1099 1007 1146 1034 καὶ
1167 1007 1296 1034 ἐσάλευεν
1321 1007 1364 1033 ἐπ’
1388 1006 1513 1042 ἀγκύρας
1531 1007 1606 1041 μιᾶς.
1631 1006 1663 1032 Ἦ
1687 1006 1769 1040 ἑτέρα
1793 1005 1824 1032 δὲ

1031 1052 1230 1087 άπημπόλητο·
1251 1052 1346 1088 τρίτην
1364 1052 1419 1087 γὰρ
1436 1052 1562 1087 ἄγκυραν
1590 1050 1760 1086 Ἀμάραντος
1771 1051 1825 1077 οὐκ

1032 1097 1177 1132 ὲκτήσατοι

193 1143 300 1171 dissita.
315 1144 352 1170 Ac
375 1143 453 1171 navis
470 1144 578 1178 quidem
599 1143 626 1170 in
648 1145 703 1171 alto
726 1143 874 1171 ﬂuetuahat
891 1152 897 1170 :
913 1151 974 1171 nam
996 1144 1073 1172 locus
1094 1144 1139 1171 ille
1166 1144 1354 1178 importuosus
1378 1148 1448 1175 erat,
1480 1150 1507 1172 et
1532 1151 1586 1172 una
1624 1143 1703 1180 164
1721 1144 1749 1171 in
1769 1151 1825 1170 an-

194 1191 278 1219 chora
297 1191 446 1219 ﬂuctuabat
460 1201 467 1219 :
479 1192 564 1219 altera
581 1192 655 1220 enim
679 1196 738 1220 erat
758 1192 892 1220 distracta
906 1199 912 1216 :
929 1193 1037 1220 tertiam
1054 1199 1137 1227 porro
1152 1192 1301 1219 anchoram
1319 1193 1485 1220 Amarautus
1500 1201 1554 1219 non
1572 1192 1676 1220 habuit.

232 1239 325 1274 Itaque
347 1239 429 1267 simul
455 1240 652 1274 optatissimam
683 1240 808 1267 tellurem
831 1239 981 1274 attigimus.

196 1284 336 1318 amplecti,
374 1284 457 1311 veluti
492 1285 642 1318 spirantem
680 1289 806 1315 matrem,
837 1285 982 1319 ccepimus,

199 1330 373 1364 hymnosque
395 1328 451 1356 Deo
470 1329 662 1364 gratulatorios
678 1329 712 1356 de
735 1337 810 1357 more
831 1330 982 1358 concinen-

197 1377 250 1402 tes.
273 1372 423 1407 adiecimus
448 1377 475 1399 et
504 1377 643 1399 recentem
673 1373 748 1400 illutn
777 1380 911 1405 casum,e
930 1381 984 1408 quo

198 1421 298 1452 praeter
312 1417 469 1452 opinionem
498 1417 596 1444 servati
625 1417 736 1449 fuimus,
751 1417 865 1445 biduum
893 1419 921 1444 in
950 1426 984 1445 eo

198 1463 260 1490 loco
284 1462 457 1495 commorati,
473 1462 537 1490 dum
567 1470 641 1489 mare
669 1463 822 1490 desaeviret.
845 1464 897 1491 Sed
923 1471 985 1491 eum

201 1509 253 1534 iter
282 1507 373 1535 facere
407 1515 541 1542 nusquam
569 1515 722 1542 possemus,
741 1508 850 1535 nemine
874 1516 986 1543 compa-

201 1558 278 1580 rente
297 1553 462 1585 mortalium,
479 1560 587 1580 rursum
611 1553 679 1580 mari
711 1561 761 1580 nos
788 1554 986 1586 commisimus,

203 1599 352 1635 statimque
379 1599 466 1633 prima
489 1599 551 1626 lttce
579 1599 729 1631 solventes,
753 1600 875 1627 secundo
905 1605 988 1627 vento

203 1649 260 1672 tota
279 1645 323 1672 illa
338 1649 365 1672 et
381 1644 534 1679 insequenti
551 1645 596 1672 die
616 1645 820 1680 navigavimus;
833 1653 886 1680 qua
908 1646 987 1673 incli-

205 1694 297 1723 nante,
314 1698 368 1717 una
389 1694 416 1717 et
432 1690 515 1718 ﬂatus
531 1690 640 1723 defecit,
657 1698 808 1725 magnoque
829 1692 856 1718 in
871 1699 990 1719 maerore

206 1736 319 1763 fuimus.
334 1735 430 1771 Optari
443 1743 508 1763 vero
522 1743 537 1762 a
559 1736 638 1763 nobis
657 1735 747 1763 denuo
763 1736 988 1771 tranquillitatem

207 1781 359 1816 oportebat.
372 1780 437 1807 Erat
459 1785 524 1808 tunc
538 1782 663 1808 exeuntis
686 1782 789 1808 mensis
803 1783 899 1809 tertius
914 1782 990 1809 deci-

1075 1240 1172 1274 Ἠμεῖς
1197 1239 1243 1271 δὲ,
1268 1240 1361 1274 ἐπειδὴ
1387 1240 1437 1274 τῆς
1461 1240 1592 1274 φιλτάτης
1607 1240 1738 1275 ἡψάμεθα
1754 1240 1824 1275 γῆς,

1035 1285 1233 1321 περιδάλλομεν
1245 1305 1253 1318 ,
1272 1286 1366 1321 ὥσπερ
1383 1285 1506 1321 ἔμψυχον
1530 1284 1611 1312 οὖσαν
1632 1286 1754 1321 μητέρα·
1776 1286 1826 1312 καὶ

1034 1323 1219 1362 άποθύσαντες
1244 1330 1346 1369 ὕμνους
1359 1331 1398 1366 τῷ
1420 1331 1479 1366 Θεῷ
1493 1331 1687 1367 χαριστηρίους
1700 1352 1707 1364 ,
1728 1331 1827 1365 ὥσπερ

1036 1375 1188 1411 εἰώθειμεν,
1204 1376 1416 1412 προσεθήκαμεν
1428 1378 1519 1408 αὐτοῖς
1530 1378 1576 1404 καὶ
1590 1377 1639 1412 τὴν
1654 1377 1767 1411 ἔναγχος
1781 1377 1828 1403 τύ-

1036 1430 1098 1457 χην,
1114 1422 1159 1456 ἀφ’
1173 1420 1207 1458 ἧς
1221 1422 1297 1459 παρὰ
1317 1421 1395 1454 δόξαν
1406 1421 1559 1457 ἐσώθημεν,
1572 1422 1619 1448 δύο
1635 1422 1699 1458 ἑξῆς
1715 1421 1826 1457 ἐπιμεί-

1039 1474 1133 1497 ναντες
1147 1466 1265 1501 ἡμέρας,
1285 1466 1337 1498 ἓως
1352 1467 1384 1493 ἂν
1398 1466 1536 1502 ἀφυῦρίσῃ
1553 1467 1584 1493 τὸ
1599 1466 1726 1500 πέλαγος.
1747 1466 1827 1492 Ἐπεὶ

1039 1511 1067 1538 δὲ
1079 1511 1180 1547 ἄπορον
1194 1510 1228 1548 ἦν
1236 1512 1287 1547 ὁδῷ
1295 1512 1458 1547 χρήσασθαι,
1471 1512 1585 1547 μηδενὸς
1597 1512 1746 1548 ἀνθρώπων
1759 1512 1828 1548 69w-

1040 1557 1133 1592 μένου,
1150 1557 1229 1584 πάλιν
1244 1557 1468 1592 ὲπετολμήσαμεν
1480 1558 1512 1592 τῇ
1528 1557 1649 1593 θαλάσσῃ
1662 1565 1669 1572 ·
1682 1557 1729 1584 καὶ
1741 1557 1828 1592 ἄραν-

1039 1610 1084 1633 τες
1100 1601 1181 1633 εὐθὺς
1196 1602 1350 1637 ἀρχομένης
1365 1602 1472 1638 ἡμέρας
1482 1622 1489 1633 ,
1503 1602 1637 1636 ἐπλέομεν
1653 1603 1686 1629 ὲκ
1700 1601 1829 1637 πρύμνης

1040 1647 1131 1681 ἀνέμῳ
1145 1648 1234 1674 πᾶσαν
1247 1648 1330 1681 αὐτὴν
1351 1647 1399 1674 καὶ
1419 1647 1467 1683 τὴν
1489 1647 1683 1682 ὲπιγενομένην
1704 1647 1827 1683 ἡμέραν·

1042 1689 1076 1727 ἧς
1088 1692 1137 1727 ήδη
1146 1693 1291 1728 ληγούσης,
1300 1693 1329 1719 τὸ
1341 1693 1449 1728 πνεῦμα
1457 1692 1588 1719 ἀπέλιπεν
1601 1693 1683 1728 ἡμᾶς,
1693 1693 1739 1718 καὶ
1750 1693 1831 1726 ἡμεῖς

1042 1738 1201 1773 ὴνιάθημεν.
1223 1739 1386 1774 Ἑμέλλομεν
1409 1739 1438 1765 δὲ
1461 1739 1515 1774 ἄρα
1546 1738 1675 1773 ποθήσειν
1698 1738 1830 1773 γαλήνην.

1041 1781 1095 1810 Ἦν
1113 1783 1162 1818 μὲν
1186 1782 1231 1810 οὖν
1255 1784 1464 1820 τρισκαιδεκάτη
1486 1784 1542 1819 (29)
1562 1783 1709 1818 φθίνοντος.
1729 1783 1831 1818 Ἐπῃω-

803 1836 893 1864 DlON.
910 1837 1047 1866 PETAVII
1065 1839 1179 1867 NOT/E.

245 1896 301 1931 (28)
317 1897 350 1922 Ol
361 1896 498 1923 τεθνάναι
517 1896 791 1930 προσδοκήσαντες.
816 1895 914 1923 Nescio
928 1897 993 1930 quid

211 1931 257 1961 sit,
269 1931 341 1966 quod
355 1931 382 1957 in
401 1938 453 1966 ms.
466 1931 597 1966 4_reperi,
608 1931 632 1957 οἱ
651 1931 681 1966 τὸ
703 1930 841 1966 Ἀθήναιον
864 1932 992 1966 προσδοκ.

251 1950 257 1961 ,
269 1939 341 1993 rbuou
355 1939 382 1957 In
401 1939 453 1957 ms.
466 1939 482 1958 4
498 1939 597 1965 reperi,
608 1939 632 1957 οι
651 1939 681 1957 το
710 1939 841 1966 Λυηναιον
864 1939 992 1966 προσοοκ.

247 1966 275 2000 (2
294 1966 304 1999 )
322 1963 382 1992 Ἦν
392 1963 519 2000 μὲνοῦν
532 1965 768 2000 τρισκαιδεκάτῃ.
784 1965 843 1991 Νοη
858 1970 947 2000 potest
964 1967 999 1993 de

212 2001 303 2027 lunari
325 1999 418 2027 menée
433 1999 460 2026 id
473 2000 571 2034 accipi.
589 1999 655 2026 Nam
674 1999 780 2031 σύνοδος
802 2001 829 2026 in
845 1999 907 2027 eum
925 2001 997 2027 diem

214 2035 321 2067 incidit,
339 2038 369 2060 ut
392 2035 475 2068 paulo
497 2040 559 2069 post
577 2035 699 2065 indicat,
717 2042 780 2061 cum
799 2042 858 2062 eam
877 2036 999 2062 nominat

215 2069 355 2104 συνοδικὴν
382 2069 476 2096 νύκτα.
497 2070 589 2102 Quare
609 2069 833 2104 τρισκαιδεκάτην
860 2070 1000 2103 φθίνοντος

215 2111 264 2138 per
279 2104 451 2131 catachresin
479 2105 597 2138 appellat
626 2105 697 2131 diem
719 2104 752 2130 18
775 2105 917 2138 popularis
934 2105 998 2131 Ale-

216 2139 415 2165 xandrinorum
446 2139 548 2166 mensis
574 2139 702 2172 alicuius.
729 2139 814 2170 Quem
840 2146 889 2166 uos
915 2147 948 2166 ex
966 2140 999 2167 iis

216 2180 278 2207 qua:
298 2173 325 2199 in
342 2173 393 2199 hac
413 2173 527 2207 epistola
544 2178 708 2206 narrantur,
735 2174 948 2208 investigemus,
976 2174 998 2201 si

218 2215 386 2241 possumus;
420 2215 529 2242 unaque
560 2215 661 2234 annum
695 2215 751 2242 quo
777 2213 926 2242 tempestas
954 2209 1000 2235 illa

218 2243 346 2277 contigit,
357 2246 390 2277 ret
404 2243 641 2277 epistolascripta
653 2247 696 2269 est
707 2251 722 2269 a
739 2242 865 2277 Synesio.
879 2242 1001 2270 Primum

220 2275 319 2315 pagina
334 2276 402 2315 itii,
422 2275 579 2315 'nocte_illa
595 2275 655 2315 quae
679 2275 849 2315 Parasceven
877 2278 953 2315 inter
975 2282 1002 2304 et

221 2311 365 2339 sabbatum
383 2311 539 2339 intercessit
552 2330 559 2341 ,
577 2312 807 2339 vehementiorem
832 2312 1003 2339 inerebuisse

223 2351 410 2381 tempestatem
427 2345 483 2378 ait;
507 2346 618 2381 quando
641 2347 796 2374 navarchus
820 2346 949 2378 Iudaeus,
967 2347 1002 2374 ob

223 2381 329 2416 sabbati
346 2381 517 2416 religionem,
531 2380 638 2416 abiecto
654 2382 847 2416 gubernaculo,
863 2382 891 2408 in
906 2389 1002 2408 navem

224 2423 254 2442 se
267 2415 392 2450 proiecit,
402 2414 503 2450 ’donec
519 2415 607 2441 media
626 2414 714 2447 nocte,
729 2416 765 2442 ob
780 2416 924 2444 imminens
942 2416 1004 2443 vitae

225 2450 392 2484 periculum,
415 2449 449 2476 ad
461 2457 531 2484 opus
553 2449 634 2476 rediit
648 2449 804 2484 (pag.162).
819 2450 1000 2478 Commodum

225 2490 321 2511 exorto
336 2484 412 2515 sole,
433 2488 496 2512 ante
517 2485 610 2510 heram
626 2484 679 2511 diei
696 2489 836 2518 quartam,
857 2485 891 2511 ad
908 2484 1004 2512 solitu-

226 2518 317 2545 dinem
334 2519 474 2553 appellunt
488 2519 560 2553 (pag.
586 2518 657 2553 165).
679 2518 718 2545 ibi
731 2523 842 2553 propter
854 2524 1004 2553 tempesta-

227 2556 282 2580 tem
299 2553 411 2589 biduum
431 2557 593 2580 manserunt
608 2553 645 2587 (p.
664 2553 734 2589 1764).
751 2553 843 2581 Tertio
862 2555 907 2581 die
920 2562 1004 2589 appe-

229 2591 313 2619 tente,
333 2587 463 2614 rudentes
479 2589 598 2619 solvunt,
618 2588 707 2618 tertia,
725 2592 756 2615 ut
771 2593 892 2622 apparet,
914 2587 1003 2621 feria;

229 2628 323 2656 quam,
334 2625 361 2648 et
375 2626 542 2656 sequentem,
558 2622 586 2648 in
597 2622 751 2657 navigando
761 2627 938 2650 consumunt.
951 2624 1006 2650 Hac

231 2663 306 2687 vero,
320 2663 380 2690 quae
394 2663 490 2690 quarta
505 2661 674 2688 numeratur,
687 2662 812 2689 exeunte,
831 2662 927 2684 ventus
943 2658 1005 2684 illos

231 2690 365 2729 destituit.
383 2690 545 2729 _Sequentem
558 2696 677 2729 noctem,
691 2691 834 2729 quaeinter
848 2692 865 2718 4
880 2696 908 2729 et
921 2692 938 2718 5
964 2693 1004 2720 fe-

232 2725 301 2751 riam
313 2725 454 2759 interiecta
478 2729 530 2756 est,
548 2726 665 2759 appellat
694 2725 833 2759 συναδικὴν
864 2726 957 2758 νύκτα,
979 2731 1006 2753 et

233 2759 304 2786 diem
321 2760 422 2793 ipsum,
440 2759 567 2787 videlicet
582 2761 675 2787 feriam
690 2760 717 2792 5,
731 2761 769 2787 ait
785 2759 817 2787 15
829 2760 915 2788 fuisse
931 2768 1006 2788 men-

234 2793 274 2824 sis
288 2794 449 2828 desinentis,
467 2794 520 2822 hoc
542 2798 586 2822 est
613 2795 646 2822 l8
670 2796 772 2822 mensis
804 2795 956 2830 aequabilis,
980 2801 1006 2822 ct

1047 1899 1212 1934 Egyptiaci.
1227 1899 1362 1932 Quocirca
1390 1899 1491 1926 mensis
1519 1897 1619 1934 aliquis
1648 1897 1832 1934 inveniendus

1047 1932 1196 1969 est—[cujus
1211 1935 1237 1960 in
1251 1935 1322 1961 diem
1340 1934 1382 1965 18,
1406 1938 1438 1969 et
1452 1933 1547 1969 feriant
1561 1968 1565 1969 ν
1577 1932 1603 1965 5,
1621 1933 1762 1969 neotuenia
1791 1933 1833 1969 lu:

1049 1969 1124 1995 naris
1150 1966 1262 1997 incidat.
1291 1969 1340 1996 llic
1359 1973 1401 1995 est
1420 1968 1508 1995 Tltoth
1535 1967 1738 1994 Alexandrinus
1766 1966 1832 1994 anni

1049 2002 1209 2031 Diocletiani
1227 2004 1288 2035 127,
1303 2012 1363 2030 arra:
1378 2004 1541 2031 Christianae
1561 2002 1623 2029 “0.
1639 2002 1699 2034 Quo
1721 2002 1832 2035 quidem

1050 2045 1150 2074 aureus
1167 2046 1297 2066 numerus
1313 2038 1439 2065 Nic-.enus
1455 2038 1505 2074 fuit
1522 2036 1628 2074 X_Ii,_a_d
1650 2037 1684 2074 i5
1707 2035 1833 2074 Septem-

1050 2072 1106 2099 bris
1119 2074 1274 2106 ascriptus;
1295 2074 1322 2099 in
1343 2081 1424 2107 quem
1455 2073 1513 2099 dies
1539 2072 1571 2098 18
1585 2070 1674 2107 Τγὴοιιι
1693 2070 1832 2107 congruit,

1050 2108 1127 2142 cyclo
1140 2105 1206 2135 solis
1224 2105 1274 2142 9'1,
1296 2105 1384 2134 littera
1402 2108 1431 2134 Β.
1450 2107 1568 2133 Proinde
1598 2106 1768 2142 Septembris
1801 2105 1833 2131 15

1015 2152 1037 2179 D
1052 2140 1106 2179 iuit
1125 2143 1190 2169 feria
1210 2143 1236 2169 5.
1252 2141 1430 2179 _Noviluniuu_i
1447 2142 1567 2168 medium
1577 2149 1614 2179 ex
1640 2140 1772 2179 Parisiitis
1790 2144 1832 2166 la-

1052 2177 1124 2204 bulis
1139 2177 1310 2205 Alexandria:
1327 2177 1504 2204 commissum
1521 2179 1563 2203 est
1577 2175 1643 2202 hora
1663 2174 1690 2205 8,
1709 2175 1753 2206 53,
1769 2178 1832 2208 post

1052 2212 1192 2239 meridiem
1209 2212 1263 2239 diei
1281 2212 1332 2245 l4;
1348 2219 1441 2238 verum
1457 2216 1546 2238 autem
1563 2210 1741 2245 novilttnium.
1763 2209 1834 2245 hora

1053 2246 1096 2275 l0,
1112 2247 1156 2273 48.
1173 2246 1235 2273 Fuit
1248 2254 1314 2281 ergo
1334 2247 1458 2281 συνοδική
1487 2253 1539 2272 nox
1559 2245 1622 2281 ista.
1637 2244 1739 2281 Exilis
1753 2244 1835 2281 colli-

1051 2281 1136 2314 gitur,
1153 2289 1226 2308 anno
1240 2278 1340 2309 Christi
1368 2281 1420 2307 410
1450 2278 1612 2307 Alexandria
1637 2278 1832 2314 Ptolemaidem

1053 2312 1195 2350 navigasse
1222 2315 1379 2351 Syncsium,
1398 2315 1537 2351 Septemb.
1555 2314 1581 2344 9,
1600 2314 1666 2351 feria
1685 2313 1712 2345 6,
1739 2318 1766 2339 et
1785 2312 1834 2351 S_e-

1053 2348 1154 2382 pteui'h.
1181 2351 1223 2384 15,
1244 2348 1314 2378 Teria
1342 2351 1358 2377 5
1375 2348 1525 2384 contigisse
1554 2357 1613 2383 quae
1641 2348 1685 2374 hic
1710 2348 1833 2384 exponit,

1053 2384 1141 2412 Thoth
1162 2386 1204 2413 18.
1235 2385 1274 2412 Ae
1298 2383 1514 2412 verisimile’est
1545 2386 1681 2410 recentem
1707 2387 1773 2408 tunc
1799 2383 1835 2408 ab

1053 2419 1224 2456 ordinatigne
1243 2421 1337 2447 fuisse.
1351 2420 1491 2454 Siquidem
1506 2417 1678 2456 Alexandria:
1691 2424 1764 2443 anno
1774 2417 1835 2456 ipso

1054 2453 1105 2480 410
1118 2455 1153 2481 ab
1167 2454 1318 2488 Theophilo
1340 2453 1517 2481 consecratus
1535 2458 1578 2479 est
1593 2453 1750 2488 cpiscopus,
1762 2456 1792 2477 ut
1808 2453 1834 2477 in

1054 2489 1129 2516 illitis
1145 2490 1200 2516 vita
1219 2487 1347 2517 diximus.
1366 2489 1414 2516 llic
1427 2493 1469 2516 est
1482 2488 1588 2514 fruetus
1600 2487 1718 2513 Iuethodi
1736 2491 1835 2512 itostne

1054 2530 1087 2550 ac
1100 2523 1231 2551 doctrina:
1242 2530 1403 2559 temporum.
1415 2531 1475 2558 quae
1485 2523 1590 2559 levibus
1605 2529 1701 2559 rerum
1712 2521 1834 2559 vestigiis

1054 2565 1180 2595 magnam
1206 2556 1373 2595 plerumque
1390 2556 1485 2595 Ala—cem
1499 2557 1591 2595 aliut
1606 2556 1738 2595 historiae.
1764 2556 1834 2595 Sane

1053 2591 1212 2626 pritiiulum'
1233 2591 1327 2621 sacris'
1337 2593 1474 2620 initiatum
1496 2592 1591 2623 fuisse,
1613 2598 1675 2617 cum
1692 2591 1763 2616 hanc
1778 2591 1835 2623 epi-

1055 2628 1153 2654 stolam
1182 2629 1324 2660 scriberet,
1343 2636 1375 2655 ex
1396 2628 1430 2655 iis
1451 2626 1617 2658 ostenditur,
1633 2632 1694 2659 quae
1707 2633 1768 2659 pag.
1788 2626 1835 2651 166

1056 2663 1161 2694 scribit,
1177 2663 1212 2690 de
1229 2663 1371 2690 mulierum
1385 2662 1510 2689 abdicato
1520 2661 1766 2693 consortio;qnam
1779 2667 1834 2694 rem

1055 2697 1107 2732 sibi
1122 2701 1263 2732 tantopere
1280 2697 1430 2732 injunctam
1450 2697 1490 2723 ait
1516 2696 1550 2723 ab
1566 2694 1790 2732 quptioi‘ratre
1806 2693 1837 2720 Et

1057 2731 1082 2767 in
1101 2732 1153 2759 line
1165 2729 1296 2767 epistolas,
1306 2729 1421 2758 uxorem
1432 2732 1469 2757 ait
1483 2738 1513 2758 se
1529 2731 1632 2757 sororis
1648 2730 1749 2756 habere
1767 2729 1835 2756 locu.

1057 2765 1149 2802 Itaque
1163 2765 1235 2794 ccrta
1256 2772 1297 2795 est
1314 2767 1474 2802 conjectura
1486 2770 1591 2793 nostra.
