1964 3058
126 137 191 164 1557

718 130 953 161 ΕΡΙΞΤΟΙΛΕ.-
977 133 1084 162 EPIST.
1107 134 1147 162 lV.

1671 134 1743 164 I335

124 197 241 233 ρημένου
265 195 293 222 δὲ
309 203 434 221 τοσουτου
458 195 589 227 κινδύνου,
603 194 752 230 μελλούσης
771 195 810 225 εἰς
828 193 911 220 ταύτὸ

964 202 1024 223 nius
1050 195 1120 222 dies.
1140 194 1228 221 Tanto
1255 199 1345 222 autem
1374 193 1547 230 impendente
1574 193 1744 227 discrimine,

125 241 334 277 συνδραμεῖσθαι
345 242 395 276 τῆς
415 249 446 268 τε
458 242 566 267 συνόδου
579 241 633 267 τῶν
645 240 777 275 ἀστέρων,
794 240 841 266 καὶ
854 238 909 266 τῶν

125 287 349 323 πολυθρυλλήτων
371 287 489 322 τυχαίων
508 286 563 320 (50)
582 287 599 313 ἃ
616 287 709 322 μηδείς
724 294 789 312 ποτε
799 305 805 317 ,
821 285 887 319 φασὶ
901 305 908 314 ,

124 334 212 360 πλέων
233 333 366 367 ἐθάρσησε
379 352 387 364 ,
402 333 448 359 καὶ
464 332 521 358 δέον
544 333 618 368 ἡμᾶς
634 331 823 367 ἐλλιμενίζειν,
847 331 872 358 οἱ
887 331 909 357 δ’

124 378 296 412 ὲλελήθειμεν
318 376 396 409 αὖθις
415 378 663 412 ἀναδεδραμηκότες
677 378 723 404 ἐπὶ
737 378 766 403 τὸ
782 377 908 410 πέλαγος.

130 420 162 446 'H
177 420 204 446 δὲ
225 420 328 451 στάσις,
351 419 452 455 ἤρξατο
467 419 516 454 μὲν
531 419 585 445 ἀπὸ
600 419 653 446 τῶν
668 419 807 454 ἀρκτικῶν
823 427 907 445 πνευ-

126 465 216 500 μάτων
231 473 237 480 ·
253 465 300 491 καὶ
309 461 357 491 ’ὗσέ
372 474 403 499 γε
415 465 498 492 πολλὰ
515 465 585 492 κατὰ
597 465 646 500 τὴν
660 464 800 499 συνοδικὴν
813 464 908 490 νύκτα.

127 511 243 536 Ἔπειτα
262 510 378 545 ἡκόσμει
395 510 429 535 τὰ
449 509 608 544 πνεύματα,
627 510 674 535 καὶ
689 510 706 544 ἡ
724 508 843 535 θάλασσα
863 516 910 534 κυ-

124 554 194 582 ¹ιιεὼν
206 555 334 590 ἐγεγόνει.
353 556 393 582 Τὰ
406 555 433 581 δὲ
448 555 512 590 περὶ
526 556 611 590 ἡμᾶς.
627 552 669 581 οἷα
679 553 752 584 sine;
765 552 798 589 ἦν
812 553 840 579 ἐν
854 554 910 584 τοῖς

123 601 264 633 τοιούτοις,
282 602 324 628 ἵνα
343 601 380 637 μὴ
395 602 469 637 πάθη
484 602 662 638 παραπλήσια
675 601 715 632 δίς
728 599 909 634 ἀφηγώμεθα,

124 647 153 672 ὲν
172 643 213 678 οἷς
229 645 274 682 ἦν,
297 646 386 682 ὤνησέ
407 655 433 673 τι
457 647 488 673 τὸ
509 647 622 682 μέγεθος
644 646 691 672 τοῦ
713 644 863 681 χειμῶνοςο
880 643 910 670 τὺ

124 691 209 727 κέρας
223 691 356 727 ὲτετρίγει
372 691 438 727 (51),
455 693 501 718 καὶ
521 693 600 727 ἡμεῖς
616 691 724 727 ᾠόμεθα
745 692 910 726 προτονιζειν

124 738 173 773 τὴν
192 737 266 764 ναῦν.
288 735 353 764 Εἶτα
370 738 506 772 κατεαγὺς
531 738 624 772 μέσον,
649 739 733 772 ἐγγὺς
757 739 806 773 μὲν
829 736 911 773 ἦλθεν

125 782 253 811 ἀπολέσαι
271 783 375 814 πάντας
400 784 483 818 ἡμᾶς.
512 784 587 810 Ἐπεὶ
606 784 635 811 δὲ
655 784 705 810 οὐκ
728 783 909 816 ἀπολώλεκεν,

125 827 191 854 αὐτὸ
213 828 245 863 δὴ
263 828 343 855 τοῦτο
366 829 413 855 καὶ
440 829 616 863 περιέσωσεν.
639 829 675 856 Οὐ
696 829 749 865 γὰρ
767 826 801 863 ἦν
822 828 910 859 ἄλλως

125 873 234 906 ἐνέγκαι
244 873 293 908 τὴν
308 873 368 908 βίαν
381 874 428 900 τοῦ
442 873 606 908 πνεύματος.
623 873 708 901 Πάλιν
722 873 751 900 δὲ
767 873 910 905 δυσπειθὲς

123 915 158 953 ἦν
173 919 203 944 τὺ
217 918 310 949 ἱστίον,
327 919 373 945 καὶ
383 919 432 945 οὐκ
445 919 572 955 εὔτροχον
586 920 626 951 είς
639 918 805 955 καθαίρεσιν.
819 919 912 950 Οὕτως

124 963 172 991 οὖν
186 964 261 999 παρὰ
276 965 353 997 δόξαν
373 965 619 1001 ἁποιρορτισάμενοι
632 965 682 1001 τὴν
695 965 846 1000 ἀπληστίαν
862 965 912 999 τῆς

124 1010 216 1045 βιαίας
233 1012 334 1046 φορᾶς,
361 1012 468 1047 ἡμέραν
489 1012 553 1046 ἑξῆς
572 1012 619 1038 καὶ
642 1011 726 1038 νύκτα
746 1011 910 1046 ὴνέχθημεν.

124 1054 180 1089 Ἶῐς
201 1058 252 1092 ἤδη
269 1059 333 1094 περὶ
347 1058 477 1093 δευτέραν
491 1058 574 1092 οὔσης
587 1058 700 1094 ὀρνίθων
724 1058 805 1093 ᾠδὴν,
820 1058 912 1084 ἐλάθο-

127 1111 176 1137 μεν
190 1103 366 1138 ὲγχρίψαντες
381 1104 470 1139 ἀκαρῆ
483 1103 570 1139 πέτρᾳ
580 1103 787 1139 προόεὸλημένῃ
798 1103 847 1138 τῆς
860 1103 912 1138 γῆς

125 1147 187 1173 ὅσον
202 1145 269 1174 εἶναι
285 1148 413 1183 βραχεῖαν
430 1148 607 1184 χερρόνησον.
627 1148 696 1183 Βοῆς
710 1148 737 1174 δὲ
747 1147 907 1183 γενομένης,

125 1195 218 1229 ἐπειδή
242 1203 282 1226 τις
307 1194 505 1230 παρηγγύησεν
530 1195 597 1230 αὐτῇ
625 1196 660 1229 γῇ
678 1195 808 1226 πελάσαι,
830 1194 911 1228 θροῦς

124 1239 196 1275 ἠροη
225 1240 315 1272 πολὺς,
331 1241 489 1275 καὶ-ἥκιστα
511 1240 666 1275 ξύμφωνος·
678 1240 732 1266 τῶν
747 1240 796 1274 μὲν
807 1239 912 1266 ναυτῶν

126 1286 309 1320 πεφρικότων,
321 1286 398 1321 ἡμῶν
413 1286 441 1312 δὲ
459 1285 488 1317 ἐξ
510 1285 638 1320 ἀπειρίας
653 1285 691 1311 τὼ
711 1286 784 1320 χεῖρε
802 1286 912 1320 ἐπικρο-

126 1330 254 1363 τούντων,
267 1332 314 1358 καὶ
329 1331 544 1366 περιϐαλλόντων
556 1331 697 1366 ἀλλήλους,
709 1331 756 1357 καὶ
766 1331 816 1358 οὐκ
833 1331 908 1366 ἐχόν-

126 1384 180 1401 των
194 1376 268 1403 ὅπως
280 1376 439 1411 χρησόμεθα
448 1376 486 1411 τῷ
502 1376 598 1412 πλήθει
613 1376 661 1411 τῆς
674 1377 771 1412 χαρᾶς.
789 1377 913 1410 Ἐλέγετο

127 1421 155 1448 δὲ
170 1422 184 1448 ό
200 1422 328 1456 μέγιστος
344 1422 425 1453 αὐτὸς
451 1420 518 1448 εἶναι
540 1422 594 1448 τῶν
617 1423 805 1458 περιστάντων
833 1423 908 1458 ἡμᾶς

127 1467 266 1494 κινδύνων.
285 1468 353 1503 Ἤδη
370 1467 397 1493 δὲ
413 1467 630 1503 ὑποφαινομένης
643 1468 760 1503 ἡμέρας,
772 1467 912 1494 κατασείει

960 248 1022 266 cum
1037 240 1063 266 in
1078 240 1149 267 idem
1163 240 1284 268 siderum
1297 240 1398 271 coitus.
1412 244 1439 267 et
1460 239 1566 267 famosa
1578 239 1623 266 illa
1634 238 1745 272 fortuita

954 293 1128 314 ,eoncursura
1144 290 1246 318 essent,
1262 286 1373 320 quibus,
1389 290 1419 312 ut
1435 285 1522 317 aiunt,
1535 293 1616 312 nemo
1631 292 1745 312 securus

961 339 1079 364 utiquam
1097 339 1126 359 se
1146 332 1214 359 mari
1231 333 1384 366 commisit;
1397 340 1516 367 eumque
1540 334 1566 359 in
1583 337 1662 366 portu
1679 339 1745 359 ceu-

960 375 1059 403 sistcre
1083 381 1232 411 oporteret,
1255 377 1443 412 imprudentes
1466 385 1576 404 rursum
1606 377 1633 404 in
1659 376 1744 402 altum

959 422 1046 448 evecti
1062 429 1168 450 sumus.
1180 423 1240 457 lpsa
1259 431 1340 458 porro
1356 427 1505 457 tempestas
1516 430 1530 448 a
1545 422 1745 456 septentriona-

961 466 1033 492 libus
1050 468 1138 494 ventis
1154 467 1260 495 initium
1276 468 1380 498 habuit,
1396 468 1600 502 plurimumque
1613 474 1644 493 ea
1660 467 1745 493 inter-

961 511 1028 539 lunii
1056 516 1138 540 nocte
1161 513 1244 547 pluit;
1259 517 1315 540 tum
1342 514 1414 541 venti
1438 513 1626 547 perbaechari,
1642 519 1673 538 ae
1694 511 1742 537 mi-

961 558 1033 585 sceri
1050 566 1082 586 ex
1099 558 1153 586 imo
1175 566 1250 586 mare
1267 559 1359 594 coepit.
1376 558 1452 591 ρυυα
1467 559 1500 585 ad
1517 566 1567 585 nos
1583 557 1692 588 attinet,
1705 557 1743 583 ita

961 610 1011 629 nos
1033 602 1209 635 habebamus,
1223 606 1253 630 ut
1274 604 1300 630 in
1320 603 1420 630 talibus
1436 611 1486 630 usu
1502 602 1592 630 venire
1615 601 1693 632 solet,
1711 608 1744 627 ne

961 648 1002 675 bis
1023 649 1134 676 eosdem
1160 656 1241 676 casus
1260 657 1429 676 recenseam.
1444 650 1482 676 Ac
1508 653 1564 675 tum
1590 648 1648 682 ipsa
1676 655 1744 674 non-

960 695 1028 721 nihil
1051 695 1221 730 tempestatis
1251 694 1410 730 magnitudo
1435 694 1549 729 profuit.
1568 693 1663 728 Itaque
1688 693 1742 726 pri-

961 747 1034 767 mum
1048 749 1080 768 ex
1095 746 1214 768 antenna
1229 740 1321 776 fragor
1336 741 1446 768 auditus
1457 744 1509 767 est.
1522 739 1645 773 Cumque
1657 739 1746 765 inten-

961 787 996 813 tis
1008 787 1167 814 rudentibus
1181 786 1289 814 ﬁrmare
1304 794 1400 814 navem
1411 786 1617 816 institisscmus,
1630 783 1746 812 subinde

955 833 1050 860 inedia
1072 833 1119 860 illa
1139 833 1279 860 confracta
1304 839 1389 867 prope
1415 832 1496 859 nobis
1516 830 1643 858 omnibus
1661 829 1746 856 exitio

963 878 1023 906 fuit.
1040 878 1092 906 Sed
1108 886 1170 905 cum
1190 879 1273 906 exitio
1287 886 1340 906 non
1358 878 1463 909 fuisset,
1479 877 1531 904 hoc
1555 877 1644 911 ipsum
1664 875 1746 902 nobis

960 925 1078 951 salutem
1106 924 1208 951 attulit.
1223 923 1316 959 Neque
1329 923 1402 951 enim
1424 923 1479 950 alio
1496 922 1577 949 modo
1603 925 1745 948 ventorum

961 971 1003 997 vis
1034 970 1166 998 sustineri
1203 973 1320 1005 poterat.
1346 969 1465 997 Rursum
1500 973 1590 995 autem
1624 970 1745 994 tractatu

958 1015 1069 1042 dillicile
1080 1015 1168 1042 velum
1185 1017 1253 1046 erat,
1265 1022 1315 1041 nec
1330 1014 1364 1041 ad
1385 1013 1602 1041 contrahendum
1616 1011 1744 1039 volubile.

961 1061 1041 1089 Hune
1064 1060 1118 1088 fere
1134 1060 1161 1087 in
1183 1061 1459 1093 modum,imminulo
1475 1064 1573 1094 praeter
1589 1060 1746 1094 opinionem

962 1107 1130 1134 violentioris
1147 1113 1244 1134 cursus
1267 1106 1380 1140 impetu,
1398 1106 1469 1133 diem
1491 1109 1655 1138 noctemque
1681 1111 1747 1130 con-

961 1153 1038 1180 tinuo
1064 1152 1226 1180 ferebamur.
1246 1152 1346 1179 Eadem
1372 1156 1462 1184 nocte,
1485 1150 1606 1178 secundo
1636 1149 1746 1176 circiter

958 1199 1110 1233 gallicinio,
1120 1197 1235 1225 subinde
1243 1197 1275 1224 ad
1285 1197 1482 1233 prominentem
1493 1196 1638 1231 quamdam
1647 1200 1746 1223 eterra

958 1251 1068 1277 rupem,
1091 1251 1150 1279 quae
1178 1244 1287 1271 brevem
1316 1243 1513 1270 cherronesqu
1544 1242 1671 1271 faciebat,
1697 1248 1748 1267 nec

963 1291 1074 1324 opinato
1103 1298 1199 1317 naVem
1227 1289 1394 1324 appulimus.
1417 1289 1456 1315 Ad
1481 1288 1533 1315 hoc
1550 1289 1669 1314 clamore
1681 1287 1748 1314 sub-

962 1337 1036 1368 lato,
1050 1343 1113 1362 ctlm
1141 1335 1254 1370 propius
1275 1339 1374 1361 terram
1394 1334 1488 1360 subire
1505 1340 1555 1359 nos
1572 1332 1682 1367 quidam
1699 1331 1749 1358 ad—

959 1385 1096 1411 moneret,
1116 1380 1212 1414 ingens
1229 1383 1322 1406 coorta
1339 1378 1499 1406 vociferatio
1514 1381 1565 1409 est,
1584 1377 1749 1410 minimeque

959 1426 1157 1457 consentiens:
1174 1425 1266 1452 nautis
1288 1424 1396 1458 quidem
1418 1421 1749 1450 horrescentibusznobis

963 1478 1028 1498 vero
1045 1479 1098 1505 ιιι-ω
1121 1471 1230 1498 inscitia
1251 1477 1349 1497 manus
1369 1469 1615 1504 applaudentibus.
1632 1473 1659 1495 et
1681 1467 1749 1494 invi-

127 1521 171 1544 τις
193 1513 335 1549 ἄνθρωπος
350 1513 475 1548 χωρικῶς
488 1513 652 1549 ἐσταλμένος
661 1535 669 1546 ,
684 1514 731 1540 καὶ
745 1513 865 1540 δείκνυσι
879 1514 912 1548 τῇ

965 1524 1022 1543 cem
1038 1516 1198 1550 complexis,
1210 1522 1299 1549 neque
1315 1513 1406 1549 gaudii
1423 1513 1634 1548 magnitudinem
1658 1511 1750 1538 animo

127 1558 200 1594 χειρὶ
222 1559 320 1589 τόπους
335 1559 472 1590 ὑπόπτους
485 1579 492 1590 ,
516 1560 564 1586 καὶ
577 1559 686 1594 ἐτέρους
703 1559 750 1591 οὓς
771 1559 825 1585 ἔδει
845 1558 913 1594 θα.ρι

129 1603 221 1639 ρῆσαι.
233 1604 286 1630 Καὶ
296 1604 372 1636 τέλος
382 1604 460 1639 μόνος
468 1602 549 1640 ἦλθεν
561 1605 607 1631 ἐπὶ
618 1604 743 1639 κελητίου
752 1603 911 1638 δισκάλμου⁶

128 1649 195 1685 ὅπερ
220 1649 321 1684 ἐξάψας
337 1650 384 1676 τοῦ
410 1649 520 1681 πλοίου,
543 1649 762 1684 μεταχειρίζεται
776 1648 807 1675 τὸ
828 1648 914 1684 πηδά-

127 1695 194 1722 λιον.
225 1697 254 1722 Ὀ
269 1696 297 1722 δὲ
319 1696 404 1731 Σύρος
428 1695 544 1732 ἄσμενος
562 1695 658 1730 ἐξέστη
683 1696 732 1730 τῆς
756 1695 912 1731 προεδρίας.

135 1741 283 1773 Ἀναλύσας
303 1741 331 1768 δὲ
348 1741 470 1773 σταδίους
485 1742 515 1768 οὐ
544 1742 669 1774 πλείους,
692 1741 708 1777 ἢ
735 1742 913 1776 πεντήκοντα,

128 1786 177 1821 τήν
192 1794 222 1811 τε
248 1785 314 1812 ναῦν
331 1786 468 1820 ὲνορμίζει
493 1786 656 1821 λιμενισκῐῳ
675 1786 798 1821 χαρίεν-τι
817 1785 915 1820 (Ἀζά-

125 1840 186 1866 ριον
203 1829 279 1866 οἶμαι
297 1831 424 1858 καλοῦσιν
443 1832 499 1867 (52)
525 1832 611 1865 αὑτό)
628 1851 635 1864 ,
653 1832 698 1858 καὶ
713 1833 787 1867 ἡμᾶς
807 1832 853 1858 ἐπὶ
865 1831 914 1867 τῆς

129 1877 218 1912 ἠϊόνος
230 1877 391 1908 ἀπεϐίϐασε,
409 1878 499 1913 σωτὴρ
516 1878 562 1904 καὶ
575 1878 679 1912 δαίμων
694 1877 795 1911 ἀγαθὸς
808 1878 914 1904 ἀποκα-

129 1923 268 1958 λούμενος.
287 1924 341 1950 Καὶ
357 1924 426 1958 μετὰ
443 1923 540 1959 μικρὸν
553 1924 649 1959 ἑτέραν
660 1923 763 1950 ὁλκάδα
776 1923 914 1959 εἰσήλασε,

130 1970 178 1996 καὶ
195 1970 268 2005 μάλα
283 1969 340 2005 [γρ.
360 1970 407 1996 καὶ
430 1969 528 2004 πάλιν]
546 1970 639 2004 ἄλλην,
655 1971 702 1996 καὶ
715 1970 780 2005 πρὶν
797 1970 916 2004 ἑσπέραν

129 2012 209 2043 εἶναι.
226 2015 306 2041 πέντε
328 2015 477 2049 γεγόναμεν
495 2015 547 2041 ὑπὸ
561 2014 607 2041 τοῦ
633 2015 774 2041 θεσπεσίου
801 2015 918 2051 πρεσϐύ-

129 2070 177 2087 του
204 2061 398 2095 περισωθεϊσαι
418 2061 560 2096 φορτίδες,
588 2061 703 2095 πρᾶγμα
723 2061 917 2088 ἐναντιώτατον

130 2107 169 2142 τῷ
185 2107 316 2141 Ναυπλίῳ
333 2107 483 2138 ποιοῦντος.
497 2107 553 2133 Καὶ
568 2107 622 2140 γὰρ
635 2108 684 2141 οὐχ
701 2107 800 2142 ὁμοίως
815 2108 917 2139 ἐκεῖνος

130 2153 193 2184 τοὺς
214 2152 268 2178 ἀπὸ
286 2152 333 2178 τοῦ
360 2153 492 2187 χειμῶνος
510 2152 639 2184 ἐδείξατο.
661 2153 703 2184 Ἐς
725 2153 818 2187 δὲτὴν
841 2153 918 2179 ὑστε-

963 1561 1144 1596 capientibus.
1160 1560 1275 1586 Aiebant
1289 1566 1426 1586 summum
1446 1558 1524 1593 165
1539 1558 1590 1584 hoc
1615 1557 1749 1587 omnium.

962 1616 1022 1644 quae
1040 1608 1170 1635 hactenus
1192 1607 1380 1641 contigerant,
1398 1604 1482 1631 fuisse
1510 1603 1667 1630 discrimen.
1683 1602 1750 1628 tium

959 1655 1016 1690 jam
1036 1654 1189 1685 diluxisset,
1208 1652 1289 1679 homo
1318 1650 1427 1684 quidam
1444 1649 1549 1690 rustico
1575 1648 1669 1674 habitu
1699 1654 1752 1674 no-

963 1686 1006 1727 bis
1025 1699 1127 1730 innuit,
1159 1705 1296 1732 manuque
1326 1696 1409 1723 infida
1433 1686 1492 1721 loca
1520 1694 1699 1723 demonstrat,
1725 1695 1752 1718 et

963 1746 1028 1776 alia,
1045 1744 1144 1778 quibus
1173 1750 1222 1769 nos
1246 1747 1303 1769 tuto
1324 1741 1493 1769 committere
1510 1747 1662 1774 possemus.
1678 1737 1751 1764 Tan-

964 1790 1024 1817 dem
1051 1794 1077 1816 et
1103 1790 1162 1824 ipsc
1188 1789 1314 1816 binorum
1340 1787 1505 1815 scalmorum
1536 1785 1626 1812 celoce
1643 1787 1684 1811 est
1702 1783 1752 1810 ad—

965 1839 1060 1862 vectus
1092 1820 1179 1869 :-qua
1210 1834 1243 1860 ad
1274 1839 1371 1859 navem
1397 1831 1503 1864 alligata
1537 1820 1772 1864 gubernaculum»

965 1879 1074 1915 accipit.
1103 1878 1158 1906 Nec
1184 1886 1254 1912 atgre
1280 1877 1366 1912 Syrus
1388 1875 1439 1901 hoc
1461 1874 1498 1901 illi
1519 1874 1622 1900 honore
1648 1871 1750 1903 cessit;

965 1927 1012 1961 qui
1044 1933 1105 1953 eum
1139 1932 1193 1951 non
1219 1923 1298 1958 plura
1330 1920 1527 1956 quinquaginta
1555 1918 1652 1945 stadiis
1682 1916 1752 1944 rele-

965 1973 1070 2008 gisset,
1104 1977 1199 1998 navem
1226 1969 1271 1996 vix
1292 1967 1326 1995 ad
1354 1966 1480 2001 exiguum
1507 1964 1672 2000 quemdam,
1705 1962 1753 1990 sed

967 2024 1106 2045 alumnum
1132 2019 1242 2050 portum
1273 2013 1385 2048 appellit
1416 2011 1565 2046 (Azarium
1590 2010 1688 2044 opinor
1709 2015 1754 2036 vo-

967 2064 1054 2098 cant),
1072 2066 1099 2090 et
1117 2069 1168 2088 nos
1179 2061 1212 2088 ad
1230 2060 1307 2086 littus
1319 2058 1442 2093 exponit,
1463 2061 1587 2084 servator
1608 2063 1640 2082 ac
1657 2054 1753 2090 genius

969 2109 1058 2136 bonus
1082 2114 1128 2134 ore
1155 2105 1277 2133 omnium
1304 2105 1482 2131 acclamatus.
1510 2101 1642 2135 Brevique
1660 2103 1753 2134 postea

969 2155 1064 2183 eodem
1093 2153 1244 2180 actuariam
1272 2150 1422 2182 subduxit,
1439 2156 1472 2175 ac
1492 2155 1595 2175 rursus
1608 2147 1699 2174 aliam.
1715 2146 1754 2172 lta

132 2199 222 2230 ραίαν,
245 2198 319 2226 ἄλλοι
341 2199 473 2233 κατῆραν,
499 2195 536 2225 ὦν
557 2198 622 2225 ἔνιοι
647 2198 701 2225 τῶν
726 2198 912 2234 προλαϐόντων

967 2205 1031 2228 ante
1049 2206 1190 2234 vesperam
1210 2197 1331 2232 quinque
1347 2195 1449 2222 fuimus
1464 2194 1498 2221 ab
1523 2192 1616 2220 divino
1630 2192 1677 2219 illo
1689 2198 1755 2218 sene

131 2245 203 2279 ἡμᾶς
219 2242 289 2278 ἦσαν
300 2244 354 2270 ἀπὸ
374 2244 577 2279 Ἀλεξανδρείας
591 2244 707 2279 ἡμέραν.
726 2245 780 2270 Καὶ
799 2243 845 2269 νῦν
859 2243 918 2269 όλό-

132 2289 231 2325 κληρός
254 2291 336 2324 ἐσμεν
360 2290 466 2321 στόλος,
491 2290 519 2315 ὲν
541 2289 644 2324 νεωρίῳ
670 2289 770 2324 μικρῷ.
793 2289 868 2315 Ἐπεὶ
889 2289 917 2315 δὲ

132 2336 197 2371 ἡμῖν
210 2336 259 2370 ἤδη
280 2335 329 2362 καὶ
349 2335 384 2362 τὰ
406 2335 500 2368 ἐφόδια
525 2335 695 2370 κατεδήδοτο.
715 2334 753 2360 Οὐ
768 2334 822 2369 γὰρ
842 2334 917 2366 ὄντες

132 2380 224 2412 ἐθάδες
235 2381 353 2415 ἀτυχεῖν,
369 2380 422 2406 οὐδ’
431 2380 590 2411 ἐλπίσαντες
598 2380 767 2416 ὑπερήμεροι
779 2380 916 2414 γενέσθαι,

134 2427 232 2461 μέτριά
253 2435 284 2460 γε
303 2425 477 2461 ένετιθέμεθα
490 2445 497 2457 ,
515 2426 561 2451 καὶ
583 2425 643 2452 οὐδὲ
666 2426 771 2456 τούτοις
799 2426 916 2461 μετρίως

133 2471 290 2507 ἐχρώμεθα·
304 2472 318 2497 ὁ
329 2471 357 2496 δὲ
373 2470 527 2506 πρεσϐύτης
541 2471 587 2496 καὶ
601 2469 680 2496 τοῦτο
691 2469 816 2501 ἠκέσατο,
830 2470 918 2501 διδοὺς

969 2251 1083 2275 εει-ναίω
1115 2244 1248 2273 onerariae
1271 2250 1365 2274 naves,
1390 2244 1486 2268 contra
1511 2247 1591 2275 quam
1623 2237 1757 2272 Nauplius

968 2293 1107 2328 quondam
1124 2292 1169 2318 ille
1185 2290 1260 2318 fecit.
1276 2288 1370 2323 Neque
1394 2287 1467 2314 enim
1485 2286 1610 2313 similiter
1637 2284 1671 2310 ab
1685 2287 1756 2310 tein-

969 2342 1074 2374 pestate
1093 2337 1139 2364 ille
1167 2336 1289 2370 iactatos
1315 2334 1434 2367 eXt-epiL
1452 2331 1588 2359 Postridie
1610 2329 1655 2356 alii
1672 2328 1757 2355 delati

968 2373 1053 2412 sunt:
1071 2384 1142 2411 inter
1170 2389 1239 2416 quos
1262 2379 1384 2408 nonnulli
1403 2385 1459 2404 uno
1484 2380 1546 2403 ante
1570 2383 1619 2401 nos
1631 2374 1675 2401 die
1691 2373 1758 2399 Ale—

974 2429 1088 2458 xandria
1114 2428 1262 2456 solverant.
1290 2425 1368 2452 Nunc
1392 2424 1466 2459 justa
1490 2421 1588 2450 classis
1613 2426 1709 2448 sumus
1727 2418 1755 2445 in

972 2479 1088 2511 augusta
1104 2473 1250 2501 admodum
1268 2471 1396 2499 statione.
1414 2468 1466 2496 Sed
1495 2475 1556 2495 cum
1581 2466 1637 2501 jam
1654 2463 1756 2492 cibaria

735 2548 824 2575 DION.
837 2549 972 2579 PETAVll
986 2551 1099 2580 ΝΟΤᾹΞ.

173 2626 229 2660 (⁸50)
248 2626 301 2652 Καὶ
329 2625 386 2651 τῶν
413 2625 668 2657 πολυθρυλλήτων
699 2626 837 2659 τυχαίων.
865 2628 919 2653 Τυ-

134 2663 200 2697 χαῖα
213 2661 314 2697 passim
329 2661 663 2697 olunesinterpretantur,
679 2661 832 2696 pervulgata
847 2663 918 2695 peri-

134 2695 207 2727 cuia,
221 2695 293 2730 quod
318 2695 390 2730 circa
422 2695 493 2721 luna:
507 2695 607 2721 coitqu
626 2697 778 2728 periculosa
792 2697 828 2722 sit
844 2697 919 2723 navi-

135 2732 218 2766 gatio.
230 2729 292 2756 Sed
310 2729 399 2755 nescio
415 2730 554 2766 quomodo
570 2730 658 2766 minus
674 2731 699 2756 id
714 2732 811 2765 placet.
824 2731 919 2765 Suspi-

135 2765 218 2792 cabar
233 2769 323 2791 certos
338 2772 368 2790 ea
398 2772 464 2790 voce
487 2765 634 2798 siguilicari
661 2771 768 2793 ventos.
792 2765 844 2792 Sed
863 2774 917 2793 non

137 2801 250 2827 nllirmo.

172 2835 229 2869 (3i)
248 2834 280 2860 Τί·
294 2832 381 2867 χέμις
401 2833 548 2867 ἐτετρίγει.
574 2833 720 2869 Gregorius
742 2834 871 2862 Nazianz.
889 2836 916 2862 in

969 2638 1055 2658 carm.
1068 2629 1104 2656 De
1120 2630 1172 2656 vita
1190 2636 1239 2655 sua
1254 2629 1444 2661 tempestatem
1464 2623 1638 2654 describens,

1021 2687 1112 2714 Κάλοι
1126 2685 1151 2711 δ’
1163 2685 1308 2718 ὲρόχθουν
1321 2682 1422 2709 ἱστίων
1429 2679 1654 2715 πληρουμένων.

1004 2733 1059 2768 (3‘2)
1077 2729 1318 2768 [ΧΙλΙΧὶᾈζὶὶριον
1328 2726 1406 2762 οΤμαΙ
1420 2726 1579 2768 καλοῦσινς.
1594 2724 1708 2768 ξιοίςιιι.
1728 2724 1756 2768 in

973 2760 1159 2802 descriptione
1175 2760 1264 2802 Libya:
1279 2760 1363 2789 Amat"
1374 2761 1475 2802 montis
1491 2760 1625 2792 meminit,
1643 2764 1670 2787 et
1686 2760 1755 2785 Aza-

973 2797 1074 2830 rorum'.
1092 2801 1162 2828 Plin.
1182 2797 1233 2827 lib.‘
1248 2807 1283 2831 vi,
1299 2805 1359 2832 cap.
1375 2797 1419 2824 29.
