1964 3058
232 127 301 155 1339

750 121 884 150 SYNESII
904 121 1134 150 I'TOLEMAIDIS
1154 118 1308 150 EPISCOPI

1784 123 1857 151 1340

229 181 412 214 defecissent;
438 180 539 216 quippe
552 179 675 207 nondum
692 179 829 214 ejusmodi
845 179 958 207 casibus
973 187 1018 207 as-

1075 179 1121 214 μὲν
1138 180 1231 206 οὐδέν·
1247 181 1279 207 οὐ
1298 179 1352 215 γὰρ
1368 181 1422 207 οὐδ’
1439 181 1532 216 ὅμοιος
1545 179 1580 216 ἦν
1601 181 1706 216 ἔχοντι·
1723 181 1814 214 δείξας
1830 183 1861 209 δὲ

231 228 315 259 sueti,
327 234 378 254 nec
391 234 442 254 nos
456 226 640 262 praastitutum
652 230 759 260 tempus
774 232 940 253 excessurus
953 225 1017 256 rati,

231 273 354 300 modicos
366 275 534 299 commeatus
546 272 781 306 imposueratnus;
798 278 848 298 nec
858 271 892 298 iis
912 271 1017 298 modice

233 322 323 344 tamen
345 318 508 344 utebamur:
526 316 591 344 huic
618 316 690 343 malo
720 315 869 343 remedium
887 315 957 342 idem
973 316 1019 342 ille

231 370 315 389 senex
332 362 468 393 adhibuit,
484 370 539 389 non
554 366 583 389 ut
597 365 721 396 erogaret
746 361 866 396 aliquid;
886 368 949 388 nam
969 369 1019 388 nec

233 408 354 442 alioquin
382 408 491 435 habenti
513 407 614 435 similis
635 411 711 440 eral;
728 407 774 434 sed
794 405 924 440 scopulos
948 405 1020 432 indi-

232 460 310 483 cans.
331 454 401 480 inter
417 461 486 489 quos
508 453 615 480 latitare
637 453 781 488 prandium
806 452 840 479 iis
859 460 1020 486 comamque

233 498 314 530 dixit,
329 499 375 533 qui
391 499 517 526 laborare
533 499 642 526 vellent.
660 498 726 525 Inde
747 506 797 525 nos
815 498 918 532 piscatu
934 498 1019 532 septi-

233 551 307 571 mum
319 544 375 578 jam
390 544 461 571 diem
479 544 562 571 vitam
584 545 751 577 toleramus;
771 544 949 575 robustiores,
962 552 1020 570 inu-

234 598 322 618 raznas
346 595 373 617 ct
395 591 516 617 locustas
531 591 654 625 ingentes
678 590 791 624 capiunt
812 599 817 616 :
834 589 1020 617 adolescentes

233 635 377 670 gobiorum
393 641 419 662 et
439 635 557 661 iulorum
574 635 652 669 copia
674 635 768 662 beatos
787 643 817 661 se
838 638 945 669 putant.
963 634 1019 668 Ego

233 687 307 710 vero,
326 684 352 706 et
378 679 517 707 Romanus
542 680 587 706 ille
614 679 774 709 monachus.
795 679 925 710 conchis,
951 687 1020 713 quas

235 725 345 759 lepadas
357 730 465 757 vocant,
480 733 580 759 corpus
594 725 746 752 ﬁrmamus.
774 725 820 752 Est
837 729 927 751 autem
945 725 1020 758 lepas

233 775 354 797 ustrcum
371 779 534 803 concavum,
561 772 633 806 quod
656 772 701 798 ubi
723 780 817 799 saxum
833 771 1021 806 apprchende-

233 817 280 847 rit,
294 817 467 844 adluerescit.
482 817 570 852 Atque
586 818 663 844 initio
684 825 751 844 sane
765 825 798 844 eo
825 821 922 844 venatu
940 824 1020 851 parce

234 863 380 890 admodum
396 864 566 895 vivebamus,
584 872 645 891 cum
661 864 732 898 quod
755 864 871 898 quisque
891 863 1018 897 cepisset.
1036 875 1056 901 Β

234 909 261 936 id
275 910 326 937 sibi
339 911 436 945 cupide
451 911 592 942 retineret,
610 918 659 937 nec
681 910 757 937 alteri
776 909 926 944 quidquam
947 908 1018 934 alter

235 955 431 990 impertiretur.
447 955 525 984 Nunc
541 956 638 990 majori
663 963 758 983 omnes
773 956 799 981 in
826 954 904 989 copia
928 961 1019 980 versa-

234 1007 307 1031 mur,
320 1000 392 1035 quod
405 1008 436 1028 ea
449 1001 483 1028 de
507 1009 592 1028 causa
615 1001 740 1035 conligit.
757 1000 885 1027 Mulieres
912 999 1020 1034 Libyca:

235 1047 394 1074 mulieribus
412 1055 472 1081 qua:
487 1048 630 1075 nobiscum
644 1049 782 1082 navigant,
801 1046 842 1073 vel
855 1046 1018 1081 gallinarum

234 1091 276 1118 lac
308 1092 422 1119 libenter
446 1093 621 1127 praebuerint.
650 1092 774 1119 Praebent
793 1099 859 1119 vero
885 1091 1020 1126 quidquid

234 1137 305 1163 coelo
322 1137 369 1164 illo
383 1141 510 1172 terraque
532 1138 663 1173 gignitur,
685 1145 806 1170 caseum,
823 1138 951 1167 farinam.
965 1137 1020 1164 liba

235 1182 399 1214 hordeacea,
418 1183 577 1209 vcrveeiuas
602 1189 711 1212 carnes,
728 1182 854 1217 gallinas,
872 1189 921 1208 ova
946 1182 1022 1216 galli-

235 1236 331 1255 nacea.
352 1228 411 1255 Iam
426 1233 453 1255 et
473 1228 574 1256 otidem
591 1229 722 1256 nonnulla
743 1229 854 1260 obtulit,
871 1236 948 1255 avem
963 1235 1022 1255 sna-

234 1274 320 1301 vitate
335 1274 472 1309 imprimis
484 1275 648 1308 exquisitam
666 1284 673 1301 :
690 1282 771 1308 quam
787 1274 810 1301 si
825 1275 888 1308 quis
904 1274 1023 1301 rusticus

234 1320 336 1351 videat,
354 1327 485 1355 pavonem
499 1327 562 1347 esse
578 1319 688 1346 dixerit.
708 1320 787 1355 166
802 1321 856 1346 Illa}
888 1320 971 1355 igitur
995 1320 1022 1346 id

235 1373 323 1400 genus
340 1366 503 1392 munuscula
529 1366 562 1392 ad
577 1373 660 1392 naves
673 1364 815 1398 deferunt;
833 1373 872 1392 ea:
885 1373 948 1393 vero
963 1373 1023 1400 qua:

236 1411 391 1445 acceperint
408 1411 536 1438 omnibus
559 1411 774 1437 communicant.
789 1412 861 1443 Quin
885 1411 967 1438 etiam
989 1410 1023 1438 de

235 1461 334 1483 venatu
362 1463 413 1483 suo
434 1456 489 1490 jam
515 1456 594 1483 nobis
622 1456 760 1490 oderunt;
791 1456 918 1491 aliusque
941 1464 1023 1491 super

236 1501 320 1528 alium
336 1502 419 1534 venit,
436 1509 518 1536 super
534 1502 622 1528 virum
638 1509 722 1536 puer;
741 1510 824 1536 super
843 1509 956 1536 puerum
970 1502 1021 1532 vir,

1072 226 1189 261 πέτρας,
1205 227 1234 253 ὲν
1244 223 1288 258 αῖς
1298 227 1408 262 ἄριστον
1420 226 1472 262 ἔφη
1485 227 1530 254 καὶ
1540 227 1647 254 δεῖπνον
1661 227 1780 263 ἑκάστης
1793 229 1862 264 ὴμέ-

1073 280 1122 307 ρας
1146 272 1299 308 κεκρύφθαι
1315 274 1371 304 τοῖς
1391 273 1566 308 βουλομένοις
1592 275 1693 301 πονεῖν.
1714 274 1861 300 Ἐντεῦθεν

1072 317 1245 352 ἰχουώμενοι,
1261 318 1352 353 ζῶμεν
1366 318 1471 354 ἡμέραν
1487 318 1604 353 ἑϐδόμην
1619 319 1670 354 ἤδη
1681 326 1687 333 ·
1706 319 1732 345 οἱ
1751 321 1800 354 μὲν
1815 321 1861 346 ἐν·

1070 364 1155 396 τελεῖς
1168 384 1174 395 ,
1198 364 1332 399 μυραίνας
1351 373 1380 390 τε
1400 365 1446 391 καὶ
1467 365 1603 399 καράϐους
1627 364 1786 399 εὐμεγέθεις
1816 366 1862 391 αἰ-

1072 409 1180 444 ροῦντες
1193 419 1199 425 ·
1224 410 1258 436 τὰ
1282 410 1310 436 δὲ
1329 410 1458 445 μειράκια
1477 410 1523 436 ἐπὶ
1544 410 1655 442 κωϐίοις
1674 410 1783 444 εὐτυχεῖ
1798 409 1859 445 [πρ.

1070 455 1177 491 εὐωχεῖ]
1203 456 1249 482 καὶ
1275 455 1381 487 ἰούλοις.
1413 455 1482 489 Ἐγὼ
1505 455 1534 482 δὲ
1555 455 1602 482 καὶ
1621 457 1636 482 ὁ
1658 455 1860 491 Θρησκευτὴςό

1077 501 1219 536 Ῥωμαῖος,
1239 502 1285 528 ἐπὶ
1298 503 1358 533 ταῖς
1373 502 1471 528 λεπάσι
1486 501 1655 537 ρωννὺμεῧα.
1675 502 1707 527 Ἦ
1717 502 1745 527 δὲ
1759 501 1858 532 λεπὰς,

1071 547 1182 582 δστρεόν
1205 549 1262 573 ἐστι
1278 547 1376 579 κοῖλον,
1387 548 1454 582 ὅπερ
1472 547 1581 574 ἐπειδὰν
1602 547 1717 582 λάϐηται
1741 548 1859 581 πέτρας.

1071 592 1287 627 ἀπισχυρίζεται.
1305 593 1344 619 Τὰ
1358 592 1408 627 μὲν
1423 591 1470 618 οὖν
1486 593 1592 628 πρῶτα,
1602 593 1737 627 γλίσχρως
1751 592 1860 627 ἐζῶμεν

1071 636 1124 663 ἀπο
1139 637 1187 671 τῆς
1202 637 1302 672 θήρας,
1320 637 1516 672 περιεχόμενος
1541 637 1658 668 ἕκαστος
1672 638 1734 664 ὅτου
1748 638 1795 663 καὶ
1811 637 1862 663 λα-

1071 683 1158 708 ϐοιτο·
1173 682 1257 709 ἐδίδου
1275 683 1301 709 δὲ
1315 683 1388 719 δῶρα
1401 683 1487 715 οὐδεὶς
1499 684 1596 710 οὐδενί.
1617 684 1673 710 Νῦν
1689 683 1717 709 δὲ
1731 684 1759 709 ἐν
1771 683 1861 717 ἀφθο-

1071 727 1196 762 νωτέροις
1211 727 1343 760 ἅπαντες,
1363 728 1416 755 ἀπὸ
1433 729 1538 755 τοιᾶσδε
1555 729 1653 760 αἰτίας·
1675 730 1707 755 Ai
1727 730 1862 763 γυναῖκες

1071 774 1131 803 ταῖς
1145 773 1276 806 γυναιξὶν,
1288 774 1316 800 αἱ
1329 774 1464 800 Λίϐυσσαι
1476 776 1536 806 ταῖς
1552 774 1706 806 πλεούσαις,
1721 773 1862 808 βούλοιντο

1074 819 1121 852 μὲν
1144 818 1176 845 ἂν
1190 820 1235 844 καὶ
1254 819 1283 844 τὸ
1301 819 1355 845 τῶν
1371 819 1485 854 ὀρνίθων
1507 820 1578 854 γάλα
1603 822 1752 855 παρασχεῖν
1765 829 1772 835 ·
1790 829 1860 855 παρ-

1071 864 1162 898 έχουσι
1172 864 1236 898 γοῦν
1248 865 1297 891 ὅσα
1308 865 1403 897 αὐταῖς
1416 865 1469 901 ἀήρ
1489 874 1517 892 τε
1535 866 1612 901 φέρει
1629 866 1674 892 καὶ
1689 866 1735 900 γῆ,
1747 866 1861 900 τυροὺς,

1071 908 1181 943 ἄλευρα,
1194 909 1324 943 πέμματα
1338 911 1369 936 ὲκ
1382 910 1494 946 κριθῶν,
1512 911 1580 945 κρέα
1596 911 1702 946 ἄρνεια,
1716 910 1862 945 ἀλεκτορι-

1069 954 1126 986 δας,
1137 955 1177 982 ὡὰ
1186 955 1429 991 ἀλεκτόρεια.Ἦδη
1438 956 1465 983 δέ
1478 965 1518 988 τις
1533 958 1580 984 καὶ
1587 957 1670 983 ὡτίδα
1679 957 1780 983 ἔδωκεν
1791 958 1860 989 (35),

1069 999 1162 1035 ὄρνεον
1173 1000 1293 1032 ἐκτόπως
1308 1000 1357 1035 ήδύ
1368 1007 1375 1015 ·
1394 1001 1455 1027 ἰδὼν
1467 1001 1499 1028 ἂν
1514 1002 1641 1037 ἄγροικος
1652 1002 1760 1028 ὲπείποι
1775 1002 1859 1028 ταών-

1070 1042 1153 1072 Αὗται
1174 1045 1205 1080 δὴ
1225 1046 1452 1081 κατακομίζουσιν
1468 1047 1513 1073 ἐπὶ
1525 1048 1572 1082 τὴν
1588 1047 1656 1073 ναῦν
1669 1047 1704 1073 τὰ
1724 1048 1816 1082 δῶρα·
1832 1049 1860 1074 αἱ

1071 1091 1100 1117 δὲ
1115 1091 1258 1126 δεχόμεναι
1276 1092 1428 1119 κοινοῦνται
1440 1093 1496 1123 τοῖς
1508 1092 1690 1127 βουλομένοις.
1708 1094 1739 1119 0i
1753 1093 1783 1119 δὲ
1795 1094 1861 1128 ἡμῖν

1071 1136 1121 1172 Ιἢδη
1140 1137 1173 1162 τὰ
1185 1137 1238 1163 ἀπὸ
1251 1137 1300 1172 τῆς
1315 1137 1401 1173 θήρας
1411 1138 1558 1172 δωροῦνται
1573 1147 1579 1152 ·
1595 1139 1640 1165 καὶ
1651 1139 1713 1173 ἥκει
1727 1147 1769 1170 τις
1780 1139 1860 1170 ἄλλος

1072 1180 1115 1206 ἐπ’
1131 1181 1211 1215 ἄλλῳ,
1228 1183 1291 1213 παῖς
1306 1182 1348 1208 ἐπ’
1365 1182 1451 1217 ἀνδρὶ,
1466 1183 1513 1209 καὶ
1526 1183 1594 1218 ἀνὴρ
1611 1183 1656 1209 ἐπὶ
1669 1183 1754 1213 παιδὶ,
1767 1183 1860 1218 φέρων

1072 1225 1115 1251 ἀει
1129 1226 1155 1251 τί
1172 1234 1217 1260 μοι
1231 1226 1316 1258 ξένιον
1329 1234 1335 1241 ·
1358 1227 1371 1252 ὸ
1393 1227 1441 1262 μὲν
1456 1228 1679 1263 ἡγκιστρωμένον
1700 1227 1830 1262 ἰχθύδιον,
1847 1228 1860 1253 ὁ

1071 1271 1100 1297 δὲ
1121 1272 1198 1303 ἄλλος
1212 1272 1276 1298 ἄλλο
1291 1282 1316 1299 τι.
1331 1282 1336 1288 ·
1360 1274 1469 1305 πάντως
1488 1274 1518 1300 ἓν
1535 1274 1566 1308 γέ
1583 1282 1607 1299 τι
1625 1273 1737 1308 ἀγαθὸν,
1759 1271 1798 1300 ὧν
1813 1275 1862 1307 φέ-

1075 1326 1151 1353 ρουσι
1163 1319 1270 1353 πέτραι.
1289 1320 1366 1354 Ἐμοὶ
1379 1321 1432 1355 γὰρ
1443 1321 1493 1346 οὐκ
1506 1320 1561 1346 ἔστι
1577 1320 1729 1355 βουλομένῳ
1737 1320 1771 1346 τὰ
1786 1319 1862 1354 παρὰ

1072 1364 1125 1390 τῶν
1140 1365 1275 1398 γυναικῶν
1290 1365 1424 1399 δέχεσθαι,
1441 1365 1489 1400 σὴν
1500 1366 1580 1400 χάριν
1593 1365 1639 1391 καὶ
1653 1365 1742 1398 τοῦτο,
1760 1366 1806 1391 ἶνα
1823 1366 1860 1399 μή

1072 1418 1114 1440 τις
1133 1409 1271 1444 ἐκεχειρία
1290 1419 1334 1444 μοι
1345 1410 1413 1445 πρὸς
1428 1411 1512 1442 αὑτὰς
1527 1410 1646 1444 γένηται,
1668 1409 1739 1446 κᾷτα
1751 1411 1863 1437 ἐπειδὰν

1073 1455 1235 1489 ἐξόμνυσθαι
1249 1456 1305 1491 δὲῃ,
1319 1456 1474 1491 διαποροίην
1491 1457 1666 1491 ἀρνούμενος.
1688 1457 1766 1484 Ἐπεί
1785 1458 1812 1483 τί
1829 1465 1862 1490 γε

1074 1501 1175 1527 ἐκώλυε
1187 1502 1217 1528 τὸ
1232 1503 1278 1528 ἐπὶ
1294 1503 1348 1533 τοῖς
1365 1503 1527 1537 ἐπιτηδείοις
1541 1503 1660 1538 τρυφᾷν.
1680 1503 1758 1529 Οὕτω
1774 1503 1862 1530 πολλὰ

237 1553 336 1573 munus
353 1546 386 1572 ad
404 1554 446 1573 me
466 1546 614 1573 identidem
632 1547 741 1581 aliquod
759 1546 849 1573 ferens
866 1556 872 1573 :
888 1546 933 1573 hic
945 1546 1023 1573 hamo

1079 1546 1241 1581 πολλαχόθεν
1257 1548 1359 1583 συρρεῖ.
1377 1548 1413 1573 Σὺ
1431 1548 1480 1582 μὲν
1503 1545 1548 1574 οὗν
1571 1548 1672 1583 ἀρετὴν
1691 1547 1747 1583 [πρ.
1762 1548 1864 1584 ἀρετῇ]

236 1596 344 1626 captum
356 1592 528 1627 pisciculum;
540 1592 610 1618 alitus
620 1592 692 1618 aliud
707 1601 712 1618 :
727 1592 840 1618 omnino
853 1592 916 1618 boni
926 1591 1024 1618 saltem

237 1637 340 1672 aliquid
366 1637 453 1664 exiis
482 1646 542 1672 qua:
566 1637 594 1664 in
624 1637 698 1663 saxis
726 1637 914 1664 inveniuntur.
931 1636 1024 1671 Neque

237 1685 308 1711 cnim
323 1684 387 1712 libet
405 1684 470 1711 mihi
496 1692 511 1710 a
537 1684 699 1711 mulieribus
715 1684 865 1718 quidquam
890 1684 1024 1718 accipere,

237 1735 340 1765 tuaque
357 1730 408 1756 hoc
426 1730 516 1765 ipsum
543 1737 638 1761 causa,
655 1737 688 1757 ne
704 1737 765 1756 cum
790 1729 824 1756 iis
839 1729 1024 1756 ftedusulluai

237 1776 362 1806 habeant.
385 1779 414 1802 ut
441 1779 548 1810 postea,
563 1783 625 1802 cum
645 1776 670 1801 id
697 1775 876 1809 jurejurando
899 1775 1026 1801 inﬁcian-

237 1823 302 1850 dum
315 1822 378 1854 erit,
396 1822 422 1848 in
433 1821 555 1856 negando
567 1822 693 1848 inteream.
711 1821 821 1855 Alioqui
834 1821 898 1855 quid
911 1827 1027 1855 praesen-

237 1869 311 1895 tibus
326 1868 366 1895 uti
389 1867 498 1894 deliciis
526 1867 676 1902 prohibet?
703 1866 771 1894 adeo
798 1867 890 1894 multa:
905 1866 1026 1900 undique

239 1913 442 1941 circumfluunt.
467 1914 506 1941 Ac
524 1917 552 1939 tu
570 1913 681 1948 quidem
708 1913 803 1939 virtuti
837 1912 908 1940 hanc
924 1912 1026 1938 incola-

239 1966 301 1984 rum
314 1958 501 1985 liberalitatem
516 1958 630 1990 tribues,
651 1965 732 1992 quam
747 1957 773 1984 in
789 1957 912 1992 hospitas
927 1965 982 1991 prae
997 1965 1027 1983 se

241 2004 347 2037 ferunt;
376 2003 427 2030 boc
442 2009 533 2031 autem
552 2004 632 2038 longe
655 2003 728 2030 aliud
746 2007 798 2034 est,
817 2003 890 2038 quod
907 2011 958 2029 nec
975 2010 1028 2028 mr-

240 2054 347 2076 mOratu
371 2049 511 2082 indignum
535 2049 627 2079 fuerit,
650 2048 677 2075 in
706 2052 782 2075 tanta
798 2049 948 2083 praesertim
977 2048 1026 2074 o.ii

240 2095 328 2129 copia.
344 2093 456 2121 Veneris
480 2095 532 2124 ira,
548 2098 681 2128 quantum
707 2094 808 2128 conjici
825 2098 923 2129 potest.
942 2095 968 2121 in
995 2102 1026 2121 ea

240 2141 351 2175 regione
371 2144 506 2166 versatur.
528 2139 624 2167 Parem
650 2144 724 2167 certe
747 2147 807 2166 cum
831 2139 1027 2167 Lemniadibus

241 2186 423 2213 calamitatem
453 2186 642 2219 experiuntur.
667 2185 791 2213 Mammas
819 2185 928 2213 feminis
943 2193 1026 2220 supra

241 2230 351 2257 modum
378 2233 538 2263 aSsurgunt,
559 2237 609 2255 nec
636 2237 729 2256 carum
758 2229 934 2263 proportione
964 2233 1028 2256 sunt

241 2282 353 2313 pectora
369 2286 376 2304 :
393 2277 461 2304 adeo
475 2280 505 2303 ut
518 2276 637 2304 infantes
658 2284 711 2303 non
730 2284 778 2311 per
793 2276 916 2307 axillam,
933 2275 980 2303 sed
993 2283 1026 2303 ex

242 2323 365 2351 humeris
400 2322 534 2350 sublatam
560 2322 689 2357 papillam
716 2325 859 2357 exsugant.
881 2321 938 2349 Nisi
960 2321 1030 2348 forte

242 2369 344 2396 dixerit
357 2368 493 2403 quispiam
515 2368 693 2395 llanunonem
715 2372 741 2395 et
759 2368 918 2395 llammonis
930 2372 1030 2394 terram

243 2423 298 2443 non
312 2415 400 2450 magis
415 2415 507 2441 ovium
533 2421 616 2449 quam
633 2422 780 2449 puerorum
806 2414 939 2440 nutricem
953 2421 1031 2446 esse;

243 2460 415 2487 commodam
436 2460 604 2495 proindeque
626 2459 783 2487 hominibus
796 2459 876 2494 juxta
895 2467 926 2486 ac
951 2466 1031 2494 pecu-

243 2507 325 2534 dibus
350 2507 482 2541 largiores
500 2511 527 2533 et
541 2506 688 2540 ampliores
701 2505 782 2533 lactis
796 2505 886 2532 fontes
901 2512 915 2531 a
931 2509 1030 2532 natura

245 2559 306 2584 esse
321 2551 417 2583 datos;
438 2551 470 2578 ad
499 2551 581 2585 idque
604 2551 747 2586 capaciora
770 2551 864 2582 ubera,
886 2558 934 2578 seu
965 2558 1029 2577 vasa

245 2596 401 2623 necessaria
418 2595 515 2622 fuisse.
531 2594 625 2630 Itaque
637 2595 746 2630 quando
761 2594 794 2622 de
813 2594 880 2621 viris
900 2594 1028 2625 audiunt,

1078 1591 1154 1626 λογιῇ
1172 1592 1222 1626 τὴν
1240 1592 1437 1627 φιλοφροσύνην
1458 1593 1510 1619 τῶν
1528 1593 1679 1628 ἐγχωρίων,
1707 1593 1741 1627 ῆν
1756 1594 1798 1624 εἰς
1815 1594 1865 1624 τὰς

1078 1637 1288 1671 ὲπιξενουμὲνας
1310 1638 1491 1664 ἐνδείκνυνται
1507 1647 1513 1654 '
1537 1638 1568 1664 τὸ
1587 1638 1616 1664 δὲ
1637 1638 1753 1673 ἑτεροῖόν
1778 1639 1864 1671 ἐστιν,

1078 1680 1133 1709 οἷον
1150 1683 1224 1716 ἄξιον
1238 1682 1307 1709 εἶναι
1323 1684 1370 1709 καὶ
1384 1684 1574 1718 διηγήσασθαι,
1591 1686 1638 1711 καὶ
1650 1684 1736 1711 ταῦτα
1749 1685 1798 1711 ἐπὶ
1815 1685 1867 1719 τῆς

1078 1727 1125 1753 νῦν
1135 1728 1194 1762 ἐμοὶ
1205 1727 1261 1763 [γρ.
1272 1727 1349 1764 ἡμῖν]
1364 1729 1504 1763 παρούσης
1518 1729 1623 1763 σχολῆς.
1638 1730 1753 1764 Μήνιμα
1771 1729 1866 1764 ’Λφρο-

1078 1773 1153 1808 δίτης
1167 1794 1174 1805 ,
1195 1774 1232 1805 ὡς
1250 1774 1358 1801 εἰκάσαι
1369 1794 1376 1806 ,
1393 1774 1503 1809 κατέχει
1518 1774 1566 1809 τὴν
1581 1774 1682 1809 χώραν.
1698 1774 1866 1809 Δυστυχοῦσι

1079 1819 1142 1852 γοῦν
1159 1818 1215 1854 [γρ.
1231 1820 1305 1855 γὰρῖ·
1322 1819 1390 1854 ὅπερ
1408 1820 1436 1846 αι
1449 1820 1566 1855 Λήμνιαι
1580 1818 1659 1847 αὗται
1674 1820 1725 1855 γὰρ
1741 1821 1868 1856 ὑπερμα-

1080 1863 1156 1895 ζῶσι,
1178 1865 1223 1890 καὶ
1236 1864 1421 1900 ἁσυμμέτρως
1435 1865 1526 1900 ἔχουσι
1536 1865 1589 1891 τῶν
1600 1866 1728 1901 στέρνων.
1746 1866 1818 1892 ὥστε
1834 1867 1868 1893 τὰ

1081 1907 1167 1942 βρέφη
1185 1907 1222 1942 μὴ
1233 1907 1276 1933 διὰ
1293 1908 1392 1943 μάλης,
1408 1908 1476 1934 ἀλλὰ
1489 1909 1523 1935 δι’
1534 1908 1616 1943 ὤμων
1630 1911 1700 1944 σπᾷν
1714 1910 1764 1944 τῆς
1782 1910 1868 1946 Θηλῆς

1080 1953 1297 1989 ἀναϐεϐημένης.
1319 1954 1352 1981 Εἰ
1376 1955 1412 1990 μή
1432 1963 1473 1986 τις
1492 1955 1563 1981 εἴποι
1581 1955 1628 1981 τὸν
1648 1957 1803 1990 Ἄμμωνα,
1820 1957 1868 1984 καὶ

1079 1999 1129 2034 τὴν
1143 2000 1290 2034 ’Ἄμμωνος
1311 2000 1373 2034 γῆν,
1390 2000 1420 2026 οὐ
1441 2000 1541 2035 μᾶλλον
1563 1998 1632 2027 εἶναι
1654 2001 1826 2036 μηλοτρόφον
1851 2003 1867 2037 ῆ

1080 2044 1260 2080 κουροτρόφον
1272 2044 1377 2078 ἀγαθήν
1387 2053 1394 2060 ·
1408 2045 1511 2071 ἀνεῖναι
1522 2045 1549 2070 δὲ
1560 2045 1609 2080 τὴν
1620 2045 1699 2078 φύσιν
1712 2045 1868 2080 ἀνθρώποις

1079 2091 1178 2124 ὁμοίως
1196 2091 1242 2116 καὶ
1254 2091 1365 2125 κτήνεσι
1378 2090 1575 2126 δαψιλεστέρας
1588 2093 1635 2117 καὶ
1650 2091 1801 2128 ἁδροτέρας
1817 2092 1869 2124 τὰς

1080 2136 1126 2162 τοῦ
1142 2135 1276 2169 γάλακτος
1295 2136 1421 2168 πίδακας,
1437 2137 1482 2163 καὶ
1498 2138 1538 2168 εις
1552 2136 1630 2163 τοῦτο
1644 2137 1698 2164 δεῖν
1713 2137 1870 2173 ἁδροτέρων

1080 2182 1201 2208 οὐθεὶτων
1220 2191 1250 2208 τε
1265 2182 1312 2208 καὶ
1333 2182 1467 2209 θυλάκων.
1482 2183 1671 2209 Μανϐἀνουσαι
1685 2183 1716 2218 δὴ
1726 2184 1804 2219 παρὰ
1815 2183 1871 2210 τῶν

1045 2219 1065 2247 D
1080 2227 1194 2262 ἀνδρῶν,
1209 2225 1305 2259 οἶςτισι
1324 2227 1488 2261 συμῦόλαιον
1520 2229 1617 2262 γέγονε
1635 2228 1702 2263 πρὸς
1724 2228 1871 2264 ἄνθρωπον

1080 2272 1233 2307 ὑπερόριον,
1249 2273 1289 2299 ὅτι
1309 2272 1347 2308 μὴ
1366 2274 1419 2299 πᾶν
1438 2273 1468 2299 τὸ
1486 2273 1552 2308 ὺῆλυ
1566 2274 1686 2300 τοιοῦτόν
1700 2275 1784 2305 ἐστιν,
1805 2276 1871 2301 ἀπι-

1082 2317 1174 2344 στοῦσι
1184 2327 1190 2333 ·
1208 2319 1255 2344 καὶ
1269 2319 1379 2345 ἐπειδὰν
1396 2318 1530 2346 λὰΰωνται
1544 2320 1672 2353 γυναικὸς
1687 2320 1776 2354 ξένης,
1793 2321 1872 2354 φιλο-

1081 2365 1253 2400 φρονοῦνται,
1266 2365 1313 2391 καὶ
1323 2365 1413 2392 πάντα
1426 2366 1541 2401 δρῶσιν,
1559 2367 1588 2398 ἐς
1600 2367 1624 2392 τ’
1638 2366 1670 2392 ἂν
1683 2366 1732 2398 τὰς
1746 2366 1872 2399 ἀγκάλας

1080 2408 1317 2444 διερευνήσωνται.
1340 2410 1373 2436 'H
1400 2409 1490 2436 ἰδοῦσα
1511 2410 1586 2443 λέγει
1608 2410 1677 2445 πρὸς
1696 2409 1791 2444 ἄλλην,
1823 2411 1871 2437 καὶ

1084 2454 1210 2481 καλοῦσιν
1226 2455 1356 2490 ἀλλήλας,
1371 2455 1464 2491 ὥσπερ
1477 2456 1501 2482 oi
1522 2456 1645 2488 Κίκονες.
1661 2456 1694 2482 Ai
1709 2456 1738 2482 δὲ
1756 2465 1873 2490 συμπροι-

1083 2501 1167 2527 τῶσιν
1189 2501 1235 2527 ἐπὶ
1256 2501 1306 2536 τὴν
1334 2501 1407 2533 θέαν,
1442 2502 1488 2528 καὶ
1515 2502 1560 2528 ἐπὶ
1593 2501 1679 2537 τούτῳ
1704 2502 1873 2537 δωροφοροῦ-

1085 2556 1137 2574 σιν.
1157 2547 1236 2582 Ἡμῖν
1251 2547 1279 2573 δὲ
1290 2545 1324 2582 ἦν
1344 2548 1389 2574 καὶ
1400 2547 1454 2574 τῶν
1474 2548 1506 2573 ἐκ
1518 2547 1618 2574 Πόντου
1633 2548 1849 2583 θεραπαινίδιον,
1859 2548 1873 2574 δ

1085 2592 1258 2620 συνελθοῦσαι
1273 2594 1354 2628 τέχνη
1373 2593 1420 2620 καὶ
1436 2593 1516 2628 φύσις
1526 2614 1533 2626 ,
1556 2594 1626 2628 ὑπὲρ
1640 2594 1702 2625 τοὺς
1724 2593 1872 2629 μύρμηκας

839 2659 937 2687 'DION.
960 2658 1096 2686 Pl‘lTAVll
1113 2658 1229 2687 ΝΟΤΑΕ.

284 2716 339 2747 (53)
357 2716 412 2742 Καὶ
436 2717 525 2743 ὼτίὸα
551 2717 672 2745 ἔδωκεν.
697 2717 824 2751 Xenoph.
839 2717 886 2743 lib.
911 2725 918 2743 ι
939 2717 1031 2742 Ἀναό.

247 2750 350 2786 Athon.
362 2751 413 2786 lib.
431 2760 468 2781 ιχ.
490 2752 560 2786 apud
584 2760 664 2786 qut-tu
688 2750 828 2779 Plutarch.
847 2752 883 2778 ait
904 2751 1034 2786 φέρεσθαι

1085 2717 1204 2744 Plinium
1231 2717 1278 2744 lib.
1300 2725 1327 2748 Χ,
1342 2724 1403 2751 cap.
1421 2717 1466 2747 ‘22,
1494 2717 1553 2750 lego
1573 2716 1662 2742 otidas
1683 2715 1831 2751 damnatas
1847 2715 1873 2741 in

1086 2752 1166 2779 cibis.
1184 2752 1289 2778 Emissa
1307 2750 1383 2778 enini
1395 2753 1498 2779 ossibus
1513 2750 1638 2783 medulla,
1658 2750 1749 2777 odoris
1764 2750 1874 2777 ta‘dilm

249 2785 395 2822 πρμπολλα
411 2786 444 2812 τὰ
465 2785 522 2822 {ea
535 2785 621 2813 ταῦτα
637 2788 676 2818 εἰς
692 2787 741 2822 τὴν
762 2786 964 2822 Ἀλεξάνδρειαν
981 2787 1023 2812 ἀπ

1086 2789 1215 2822 extemplo
1231 2787 1358 2822 sequitur.

249 2820 298 2854 θῇς
318 2821 521 2856 παρακειμένης
546 2821 658 2856 Λιϐύης.
684 2821 768 2849 Arist.
793 2829 838 2849 vni
867 2820 926 2847 Hist
955 2820 1034 2855 Apud
