1964 3058
113 129 179 156 1341

708 134 898 165 ΕΡΙΞΤΟΙηΕ.
916 150 953 157 -
976 135 1082 164 EPIST.
1105 136 1136 164 ν.

1664 130 1733 159 1512

110 188 223 224 ἔντομον
239 190 352 223 ἔδειξαν.
371 192 454 228 Ἀμφὶ
467 193 545 221 τοῦτο
556 192 590 230 ἦν
607 194 700 222 ἅπασα
715 197 836 233 σπουδὴ,
850 197 897 224 καὶ

949 197 1047 232 quibus
1059 196 1169 232 aliquod
1183 203 1246 224 cum
1257 195 1380 224 externis
1392 192 1588 222 commercium
1601 191 1662 224 fuit,
1678 198 1732 218 non

110 235 190 260 τοῦτο
205 236 280 271 παρὰ
293 236 348 263 τῶν
362 239 500 272 γυναικῶν
514 240 628 268 πλεῖστα
644 242 821 278 ἐνεπορεύετο
830 251 837 258 ·
849 243 896 269 καὶ

114 279 324 314 μετεπέμποντο
337 282 404 309 αὐτὸ
422 284 554 320 πρότριτα
570 285 637 322 ἄλλη
655 288 720 322 παρ’
734 287 832 323 ἄλλης,
848 297 896 322 γυ-

112 326 203 357 ναῖκες
232 326 285 353 τῶν
308 328 505 363 ἀγρογειτόνων
527 332 694 367 εὐδαίμονες.
720 334 756 360 Τὸ
775 334 804 360 δὲ
825 333 896 360 οὕτω

113 370 214 405 σφόδρα
239 371 347 407 ἰταμὸν,
373 373 443 401 ὥστε
467 376 514 402 καὶ
533 377 729 404 ἀποδύσασθαι.
751 379 835 405 Τοῦτό
855 387 895 405 σοι

110 414 203 449 δρᾶμα
217 417 248 442 ἐκ
262 418 391 452 τραγικοῦ
407 421 529 455 κωμικὸν
547 422 561 448 ὃ
575 430 605 448 τε
616 422 720 457 δαίμων
736 424 802 458 ἡμῖν
815 424 895 459 ἐνήρ-

113 467 189 493 μοσε,
200 461 276 495 κάγὼ
288 464 344 494 τοῖς
358 464 426 498 πρὸς
441 465 470 491 σὲ
482 466 636 501 γράμμασι.
651 468 704 494 Καὶ
718 467 776 495 οἶδα
792 469 840 504 μὲν
851 469 897 495 ὲκ-

110 504 200 558 effxis;
278 508 422 545 ἐπιστολὴν
437 512 477 542 είς
495 512 583 547 μῆκος
595 512 641 539 τοῦ
657 515 767 550 μετρίου
788 515 892 549 μεῖζον.

126 549 188 576 AD"
204 550 296 588 ὥσπερ
309 553 356 580 τοῦ
376 556 494 583 συνεῖναί
514 565 554 583 σοι
572 559 643 584 κατὰ
658 549 811 594 πρόσωπον,
826 560 896 587 οὕτω

113 595 158 621 καὶ
173 596 220 622 τοῦ
237 598 354 632 γράφειν
375 600 520 636 ἀπλήστως
533 602 586 638 ἔχω
600 604 656 639 [γρ.
674 604 743 639 ἔχων
755 605 763 640 ]
775 613 781 620 ⁸
797 606 855 641 ἅμα
868 606 897 632 δὲ

112 643 172 668 οὐδὲ
188 643 300 676 ἐλπίσας
318 646 358 672 ἔτι
379 655 420 674 σοι
443 648 625 682 διαλέξεσθαι,
640 651 687 677 νῦν
710 652 803 687 ἐπειδὴ
826 652 895 685 ὲξὺν,

112 689 295 725 ἐμφοροῦμαι.
332 692 411 720 Ἀλλὰ
435 694 487 720 κᾶν
510 697 570 727 ταῖς
592 697 758 732 ἐφημερίσι,
782 698 847 732 περ)⁵
864 698 897 729 ἃς

111 735 277 768 ἐσπούδακα,
295 737 343 773 τὴν
360 739 503 775 ἐπιστολὴν
524 742 683 776 ἐφαρμόσας
704 742 762 778 [γρ.
780 743 896 778 ἐναρμό-

113 780 192 817 σαις]
206 800 214 813 ,
232 782 270 814 ὡς
292 784 395 818 συχνῶν
411 786 522 820 ἡμερῶν
541 786 626 822 ἔχοιμ’
648 787 681 814 ἂν
704 789 894 823 ὑπομνήματα.

115 827 257 862 ”Ερρωσο,
274 830 321 856 καὶ
342 830 388 856 τὸν
404 831 460 857 υἱὸν
481 832 625 868 Διόσκορον
649 834 741 860 κέλευε
760 834 828 868 μετὰ
848 835 896 868 τῆς

113 873 217 907 μητρὸς
231 875 277 900 καὶ
293 875 343 909 τῆς
362 876 474 910 τίτθης.
493 877 526 909 ἃς
542 878 597 911 ἐγὼ
620 879 667 904 καὶ
691 878 777 913 φιλῶ,
795 879 841 905 καὶ
867 880 895 904 ἐν

111 917 237 951 ἀδελφαῖς
263 920 331 953 ἄγω.
355 921 492 948 ’Ἄσπασαι
519 923 569 958 τὴν
596 924 824 959 σεϐασμιωτάτην
849 924 895 950 καὶ

111 962 319 997 θεοφιλεστάτην
340 967 498 1001 φιλόσοφον,
521 969 568 995 καὶ
587 969 631 995 τὸν
646 970 792 1004 εὐδαίμονα
816 969 895 1004 χορὸν

111 1009 156 1035 τὸν
179 1009 348 1037 ἀπολαύοντα
366 1013 416 1048 τῆς
437 1014 581 1046 θεσπεσίας
605 1016 698 1051 αὐδῆς.
721 1017 768 1043 Ἐκ
787 1017 895 1043 πάντων

110 1054 139 1080 δὲ
157 1055 272 1090 μάλιστα
294 1057 339 1084 τὸν
363 1058 509 1094 ίερώτατον
533 1061 638 1096 πατέρα
661 1062 716 1096 (51)
739 1062 895 1094 Θεότεκνον,

110 1100 159 1126 καὶ
171 1101 216 1127 τὸν
229 1102 336 1135 ἑταῖρον
348 1104 364 1138 ἡ
369 1104 426 1138 μῶν
444 1105 602 1133 Ἀθανάσιον
610 1116 616 1121 ·
631 1107 676 1133 τὸν
688 1107 716 1133 δὲ
726 1107 895 1143 ὁμοψυχότα-

111 1154 156 1171 τον
168 1147 232 1181 ἡμῖν
246 1148 335 1180 Γάϊον,
348 1147 377 1175 εὖ
390 1148 438 1176 οἷδ’
455 1151 496 1177 ὄτι
510 1152 617 1185 φρονῶν
627 1152 677 1179 ὅσα
688 1152 753 1186 ἐγὼ,
765 1154 833 1188 μετὰ
844 1154 897 1180 τῶν

112 1192 249 1225 συγγενῶν
268 1193 385 1225 τάττεις.
402 1195 469 1222 Μετ’
491 1196 603 1223 ἐκείνων
617 1197 682 1231 γοῦν
696 1198 895 1233 προσειρήσϐω,

111 1238 157 1263 καὶ
177 1237 191 1264 ό
213 1237 363 1274 θαυμάσιος
383 1242 575 1276 γραμματικὸς
590 1242 728 1274 Θεοδόσιος
740 1263 747 1275 ,
762 1243 791 1274 ὃς
809 1244 834 1269 εί
850 1245 897 1270 καὶ

113 1283 208 1317 μάντις
218 1283 255 1310 ὢν
268 1284 403 1321 ἔκρυπτεν
415 1287 497 1321 ἡμᾶς.
524 1288 662 1323 Προγνοὺς
677 1289 729 1324 γὰρ
741 1290 770 1315 ὲν
784 1285 824 1320 οἷς
839 1288 898 1315 ἔσο⁴

113 1337 171 1364 μαι,
190 1331 321 1358 κατέϐαλε
340 1332 388 1368 τὴν
409 1333 563 1369 προθυμίαν
577 1335 627 1369 τῆς
646 1336 695 1362 σὺν
714 1335 781 1370 ἡμῖν
795 1336 897 1370 ἀποδη-

113 1374 192 1408 μίαςο
207 1375 264 1402 ἀλλ’
280 1375 325 1403 οὖν
341 1377 428 1412 ἔγωγε
451 1379 531 1405 αὑτὸν
552 1380 600 1407 καὶ
624 1379 693 1414 φιλῶ
711 1380 758 1406 καὶ
776 1380 897 1412 ἀσπάζο-

113 1427 171 1453 μαι.
188 1420 224 1447 Σὺ
244 1421 272 1447 δὲ
296 1423 429 1457 μηδέποτε
439 1424 597 1456 πλεύσειας.
615 1425 647 1452 Et
664 1425 694 1451 δέ
711 1433 776 1451 ποτε
789 1425 898 1456 πάντως

110 1463 210 1499 δεήσοι,
225 1466 292 1493 ἀλλὰ
309 1467 346 1503 μή
362 1477 402 1494 τοι
416 1469 553 1503 φθίνοντός
565 1478 597 1504 γε
614 1470 707 1506 μηνός-

945 251 1006 271 eam
1023 251 1085 271 esse
1097 243 1218 270 universi
1233 250 1317 269 sexus
1331 241 1527 272 conditionem,
1546 236 1617 265 haud
1631 239 1734 263 temere

946 289 1024 316 fidem
1037 289 1181 320 adhibent:
1202 287 1285 316 simul
1304 294 1368 314 vero
1385 294 1418 313 ac
1434 285 1606 320 peregrinam
1629 283 1657 309 in
1669 289 1732 308 mu-

944 335 1040 362 lierem
1067 335 1222 366 inciderint,
1247 333 1402 360 humaniter
1427 331 1576 365 excipiunt,
1604 327 1730 362 nihilque

946 388 1000 407 non
1014 380 1128 410 faciunt.
1140 380 1226 407 donec
1241 379 1330 406 sinum
1346 380 1561 412 pel-scrutentur.
1574 374 1640 407 Quae
1651 379 1734 408 porro

946 424 1116 459 cognoverit.
1130 423 1208 451 alteri
1237 423 1328 450 statim
1345 422 1422 454 dicit,
1437 428 1522 455 seque
1547 419 1664 446 invicem
1685 416 1733 443 ad-
1777 443 1779 446 ς

945 475 1054 501 vocant,
1069 467 1297 503 quemadmodum
1321 467 1435 494 Cicones
1457 465 1591 492 fecerunt.
1616 464 1669 490 Illae
1697 461 1730 488 ad

946 514 1132 548 spectaculum
1170 512 1327 546 frequentes
1365 513 1551 541 concurrunt;
1578 508 1613 534 ob
1643 506 1727 540 idque

946 567 1058 587 munera
1082 567 1175 586 secum
1200 557 1326 585 afferunt.
1344 556 1524 583 Commodum
1554 560 1618 580 vero
1651 551 1731 578 nobis

946 606 1072 632 ancillula
1092 613 1124 632 ex
1137 604 1223 631 Ponto
1242 603 1365 638 quaedam
1380 605 1451 633 erat,
1462 608 1543 635 quam
1557 602 1655 626 natura
1670 604 1732 623 cum

947 655 1006 678 arte
1020 651 1196 678 consentiens
1219 657 1302 684 supra
1328 648 1459 675 formicas
1474 645 1604 674 uberibus
1619 642 1732 670 incisam

947 701 973 723 et
988 700 1158 723 contractam
1173 695 1324 722 ellinxerat.
1341 693 1421 720 Circa
1435 693 1509 719 illam
1521 690 1641 718 studium
1653 695 1735 714 omne

947 743 1092 769 mulierum
1115 745 1191 774 erat;
1218 741 1422 776 plurimumque
1450 737 1484 765 ab
1511 737 1554 763 his
1579 733 1734 768 compendii

948 788 1087 816 faciebat:
1102 787 1170 814 adeo
1188 791 1216 816 ut
1240 787 1332 814 triduo
1358 790 1420 812 ante
1444 784 1565 810 ﬁnitima:
1581 779 1735 815 opulentio-

948 842 1046 869 resque
1071 834 1178 861 feminae
1200 833 1274 860 illam
1292 832 1325 859 ad
1340 839 1401 859 sese
1416 838 1449 857 ex
1465 829 1579 856 alterius
1598 827 1679 854 domo
1693 825 1733 850 \i-

947 880 1041 907 cissim
1057 883 1238 907 accerserent.
1267 878 1313 904 Illa
1332 884 1419 911 usque
1437 883 1470 903 eo
1495 881 1594 909 procax
1616 876 1686 902 erat,
1704 873 1734 896 ut

948 926 1030 953 etiam
1048 933 1150 959 corpus
1177 925 1303 951 nudaret.
1320 922 1375 950 Hoc
1405 922 1454 950 tibi
1483 921 1577 948 drama
1596 917 1733 945 comicum

949 980 982 998 ex
1010 971 1114 1006 tragico
1141 978 1203 997 cum
1242 969 1322 997 nobis
1354 968 1424 996 Deus
1454 968 1513 1001 ipse
1546 962 1733 999 temperavit,

951 1019 1030 1054 167
1058 1023 1114 1044 tum
1141 1017 1212 1043 idem
1238 1016 1307 1043 meis
1327 1014 1360 1041 ad
1385 1019 1410 1040 te
1432 1012 1532 1040 litteris
1558 1010 1640 1037 facio.
1657 1006 1734 1054 ‘Scio

946 1052 1111 1097 Inevlongius
1138 1069 1219 1096 quam
1245 1068 1294 1094 par
1314 1063 1357 1085 est
1381 1057 1524 1092 epistolam
1550 1052 1733 1089 produxisse.

946 1108 994 1135 sed
1016 1106 1244 1142 quemadmodum
1268 1112 1359 1131 coram
1385 1107 1475 1130 tecum
1505 1099 1620 1135 agendo.
1647 1098 1687 1125 sic
1707 1101 1734 1123 et

947 1153 1094 1181 scribendo
1118 1151 1222 1186 expleri
1253 1158 1367 1184 nequeo.
1398 1148 1532 1175 Praeterea
1557 1153 1619 1172 cum
1645 1148 1734 1170 tecum

947 1198 1065 1232 amplius
1080 1197 1280 1224 collocuturum
1291 1203 1334 1222 me
1343 1202 1404 1222 esse
1422 1193 1555 1222 diffidant.
1570 1197 1653 1222 nunc,
1667 1195 1734 1223 qua-

947 1249 1027 1271 tenus
1042 1244 1115 1274 licet,
1134 1243 1271 1270 desiderio
1289 1249 1350 1268 meo
1376 1241 1447 1267 facio
1470 1239 1548 1266 satis.
1569 1237 1732 1270 Quanquam

943 1289 966 1316 si
983 1289 1125 1324 epistolam
1139 1289 1209 1315 hanc
1229 1287 1261 1314 ad
1276 1285 1467 1321 ephemeridas
1483 1291 1557 1310 meas
1577 1285 1734 1308 accommo-

947 1336 1012 1362 dare
1027 1334 1134 1363 vellem.
1153 1340 1222 1367 quas
1232 1340 1294 1359 cum
1306 1331 1398 1358 studio
1413 1329 1528 1359 conleci,
1551 1326 1733 1362 plurimarum

947 1380 1054 1406 dierum
1082 1378 1296 1406 commentarios
1325 1376 1465 1404 haberem.
1498 1373 1573 1402 Vale.
1601 1376 1628 1398 et
1650 1369 1736 1397 filium

948 1426 1110 1452 Dies-corum
1131 1432 1191 1450 eum
1221 1428 1307 1450 matre
1329 1426 1357 1449 et
1385 1421 1485 1452 amita,
1511 1426 1580 1454 quas
1602 1424 1653 1452 ego
1673 1421 1736 1442 amo

957 1473 984 1497 et
1000 1477 1124 1497 sororum
1145 1469 1205 1495 loco
1232 1467 1329 1499 habeo,
1346 1467 1438 1493 valere
1452 1473 1467 1492 a
1483 1463 1629 1498 mejubeto
1645 1470 1653 1488 :
1669 1467 1736 1487 ncc-

111 1516 165 1534 non
177 1511 331 1538 reverenda!
342 1519 373 1540 ac
387 1511 442 1540 Deo
456 1514 625 1542 charissima:
640 1505 819 1549 philosophiae
834 1516 982 1549 magistra,
1003 1514 1130 1548 fclicique
1145 1513 1184 1540 illi
1197 1513 1292 1545 choro,
1322 1512 1370 1546 qui
1403 1510 1495 1538 divina
1525 1515 1593 1536 voce
1624 1505 1735 1536 fruitur.

111 1554 387 1606 sa“flent-plurimam
419 1560 514 1588 dicito.
539 1561 613 1588 Inter
635 1566 749 1588 cwteros
769 1569 834 1588 vero
859 1561 1036 1589 sanctissimo
1071 1560 1207 1595 imprimis
1229 1561 1300 1594 patri
1319 1558 1492 1587 Theotecno,
1509 1559 1536 1582 et
1551 1553 1638 1582 sodali
1653 1552 1737 1578 Atha-

111 1601 200 1628 nasio.
220 1602 315 1630 Caium
332 1611 397 1632 vero
412 1606 503 1633 animo
523 1607 603 1635 nobis
634 1607 889 1642 conjunctissimum
905 1615 960 1634 non
976 1607 1072 1634 dubito
1097 1610 1123 1633 te
1149 1606 1220 1633 idem
1235 1604 1308 1640 quod
1323 1611 1375 1639 ego
1402 1603 1564 1631 sentientem
1595 1599 1667 1626 inter
1694 1603 1738 1624 co-

111 1652 336 1698 gnatos-nostros
358 1651 505 1680 ascribere.
523 1651 602 1680 Hunc
625 1656 654 1679 tu
677 1661 742 1688 ergo
757 1660 821 1680 cum
859 1653 914 1679 illis
933 1653 1039 1680 salvere
1065 1652 1183 1686 iubeas;
1212 1658 1321 1679 necnon
1338 1650 1477 1685 egregium
1493 1648 1570 1675 illum
1597 1650 1735 1680 gramma-

112 1693 195 1721 ticum
209 1694 403 1731 Theodosium,
422 1699 468 1733 qui
487 1700 596 1734 quidem
613 1704 691 1727 vates
706 1708 768 1726 cum
785 1704 868 1730 esset,
889 1699 979 1726 celare
994 1699 1027 1726 de
1039 1706 1071 1726 eo
1087 1706 1137 1726 nos
1151 1698 1248 1725 voluit.
1263 1697 1331 1725 Cum
1345 1697 1418 1724 enim
1435 1703 1495 1730 qua:
1511 1693 1591 1721 nobis
1605 1693 1735 1718 eventura

111 1747 204 1769 essent
216 1744 390 1778 przevideret,
405 1747 549 1774 nobiscum
567 1747 756 1782 proﬁciscendi
777 1748 924 1774 consilium
942 1746 1053 1780 abiecit.
1075 1745 1259 1772 Nihilominus
1282 1744 1359 1770 illum
1382 1750 1433 1778 ego
1453 1746 1480 1769 et
1499 1747 1578 1772 amo,
1593 1742 1620 1766 et
1635 1736 1734 1765 salulo-

113 1787 153 1814 'Iu
174 1797 238 1816 vero
259 1797 326 1818 cave
349 1799 468 1826 unquam
489 1793 557 1820 mari
581 1798 635 1821 tete
652 1792 840 1825 commiseris;
867 1793 908 1819 sin
929 1792 1042 1819 omnino
1065 1798 1178 1819 necesse
1199 1789 1348 1826 aliquando
1374 1787 1474 1820 fuerit,
1499 1789 1527 1813 at
1545 1792 1601 1812 non
1619 1784 1736 1811 exeunte

113 1836 208 1863 saltem
224 1844 318 1865 mense
331 1837 404 1866 istud
423 1838 530 1866 feceris.

390 1884 561 1911 ΕΠΙΣΤΟΛΗ
580 1886 617 1912 E'.

344 1928 408 1961 Τοῖς
432 1931 651 1964 πρεσϐυτέροις.

157 1973 276 2008 Ἀγαθὸν
287 1975 455 2004 πεποιθέναι
464 1976 512 2003 ἐπὶ
521 1977 638 2010 Κύριον,
649 1976 667 2010 ἡ
675 1974 846 2003 πεποιθέναι
854 1975 900 2007 ἐπ’

112 2019 278 2053 ἄνθρωπον.
288 2020 367 2047 Ἀλλὰ
374 2021 436 2052 τοὺς
449 2022 480 2047 ὲκ
489 2023 537 2057 τῆς
547 2023 703 2057 ἁθεωτὰτης
713 2022 842 2058 αἱρέσεως
850 2023 900 2048 Εὑ-

113 2065 206 2099 νομίου
215 2065 382 2101 πυνθάνομαι
390 2067 539 2094 Κυντιανον
553 2067 648 2102 ὄνομα,
657 2068 702 2094 καὶ
710 2067 758 2102 τὴν
767 2068 812 2094 ἐπὶ
823 2076 901 2102 στρα-

111 2110 224 2137 τοπέδου
237 2111 434 2147 θρυλλουμένην
450 2113 496 2138 ὑπ’
508 2113 597 2139 αὐτῶν
608 2113 765 2140 δυναστείαν
781 2121 900 2148 προστηρ

114 2156 258 2190 σαμένους,
267 2157 412 2192 μοιχᾶσθαι
419 2158 499 2185 πάλιν
507 2158 555 2193 τὴν
569 2159 731 2194 Ἐκκλησίαν
744 2159 790 2185 xui.
806 2158 901 2193 ψευδο-

113 2202 288 2234 διδασκάλους
295 2203 370 2235 τινὰς
376 2204 516 2238 ἐφιστάναι
522 2224 528 2234 ,
535 2204 637 2238 παγίδα
645 2206 703 2236 ταῖς
712 2204 765 2230 τῶν
774 2205 900 2239 ἀκεραιο-

112 2247 142 2274 τέ
147 2256 199 2283 ρων
206 2247 315 2283 ψυχαῖς,
322 2248 368 2280 οὓς
375 2249 487 2284 ἔναγχος
494 2251 517 2276 οἱ
524 2250 598 2285 παρὰ
604 2250 753 2277 Κυντιανοῦ
762 2249 884 2276 σταλέντε
889 2258 902 2281 ς

113 2294 158 2320 ἐπ’
164 2295 228 2322 αὐτὸ
235 2295 323 2327 τοῦτο,
333 2296 589 2323 καταπεπλεύκασιν
597 2296 717 2331 ἄγοντες.
726 2296 758 2323 ’1-1
768 2297 821 2332 γὰρ
829 2297 901 2331 δίκη,

113 2340 260 2376 πρόσχημα
276 2342 326 2376 τῆς
347 2342 474 2373 ἀσεϐείας
489 2342 547 2368 ὲστί
556 2351 563 2358 ·
584 2343 683 2378 μᾶλλον
700 2343 729 2369 δὲ
742 2342 816 2377 ἀγὼν
832 2343 902 2378 ὑπὲρ

113 2385 249 2418 ἀσεϐείας.
270 2384 350 2414 Οὗτοι
362 2387 452 2414 τοίνυν
466 2389 490 2414 oi
503 2388 574 2414 νόθοι
591 2388 783 2424 πρεσϐύτεροι,
798 2389 822 2414 οἱ
839 2389 902 2423 νεή-

113 2430 190 2462 λυδες
200 2431 343 2458 ἀπόστολοι
357 2431 403 2458 τοῦ
420 2431 542 2458 διαϐόλου
559 2440 588 2457 τε
608 2432 656 2458 καὶ
672 2431 823 2458 Κυντιανοῦ
838 2451 845 2463 ,
862 2431 900 2466 μὴ

113 2475 231 2502 λάϐωσιν
246 2477 318 2511 ὑμᾶς
333 2477 541 2512 ἐμπηδήσαντες
557 2473 579 2511 ᾧ
591 2477 750 2512 ποιμαίνετε
766 2477 882 2512 ποιμνίῳ
892 2485 899 2492 ·

116 2521 154 2556 μὴ
166 2521 284 2548 λάθωσιν
302 2523 374 2557 ὑμᾶς
388 2522 427 2558 τῷ
446 2523 512 2557 σίτῳ
524 2523 554 2549 τὺ
567 2523 687 2555 ζιζάνιον
699 2523 901 2558 παρασπείρον-

113 2574 171 2597 τες.
198 2566 351 2601 Κατάδηλοι
373 2567 456 2594 πᾶσιν
475 2569 544 2594 είσιν
567 2568 594 2594 αἱ
610 2568 712 2594 τούτων
733 2567 899 2602 καταφυγαί.

117 2611 189 2636 Ἴστε
203 2611 275 2641 τίνες
289 2611 368 2647 ἀγροὶ
389 2613 503 2646 δέξαιντ’
519 2613 551 2639 ἂν
563 2613 660 2645 αὐτούς
672 2621 679 2628 ·
696 2613 753 2639 ἴστε
768 2614 839 2645 τινες
860 2613 900 2639 oi-

114 2655 172 2684 κίαι
189 2658 244 2687 τοῖς
261 2656 372 2693 λῃσταῖς
394 2657 540 2693 ἀνεῴγασι.
557 2659 708 2686 Μετέλθετε
723 2660 786 2691 τοὺς
806 2659 900 2694 φῶρας

152 2714 160 2729 ¹
180 2713 250 2741 Psal.
265 2721 347 2746 cxvn.
361 2715 387 2742 8.
518 2731 519 2734 η
855 2721 859 2724 ’

1247 1877 1417 1906 EPISTOLA
1439 1877 1472 1904 γ.

1257 1923 1455 1951 Sacerdotibus.

986 1972 1090 1999 Bonum
1109 1977 1148 1999 est
1169 1970 1300 2005 conﬁdere
1319 1970 1347 1996 in
1365 1968 1496 1999 Domino,
1512 1973 1591 2001 quam
1606 1962 1738 1998 conlidere

951 2021 978 2047 in
993 2021 1097 2047 Itmm'ne
1113 2021 1133 2046 '.
1153 2020 1204 2046 Sed
1221 2026 1270 2046 eos
1285 2017 1366 2044 audio
1377 2037 1383 2049 ,
1400 2015 1448 2051 qui
1461 2023 1494 2042 ex
1511 2013 1594 2048 impia
1609 2011 1735 2039 Eunomii

951 2070 1025 2093 secta
1041 2070 1106 2093 sunt
1121 2065 1144 2092 si
1161 2064 1357 2097 Quintianum,
1377 2061 1472 2089 nescio
1489 2067 1587 2095 quem.
1604 2062 1688 2093 atque
1704 2056 1738 2083 il-

952 2114 1005 2140 lam
1027 2113 1053 2139 in
1073 2112 1205 2139 comitatu
1223 2110 1374 2146 potentiam
1387 2128 1394 2140 ,
1415 2115 1498 2143 quam
1522 2105 1672 2132 identidem
1692 2102 1736 2137 ja-

952 2165 1047 2191 etant,
1063 2167 1118 2194 prae
1138 2166 1168 2185 se
1186 2157 1323 2189 ferentes,
1341 2162 1452 2182 rursum
1472 2150 1622 2180 adulterari
1641 2149 1737 2176 Eccle-

953 2205 1021 2232 siam
1033 2224 1041 2236 ,
1058 2193 1086 2231 et
1103 2203 1190 2230 falsos
1208 2203 1336 2229 doctores
1355 2199 1558 2234 simpliciorum
1577 2195 1678 2223 animis
1695 2193 1737 2220 la-

953 2257 1040 2284 queos
1060 2249 1247 2284 pratendere,
1268 2254 1339 2282 quos
1359 2245 1406 2280 qui
1426 2244 1461 2271 ab
1480 2241 1632 2275 Quintiano
1652 2246 1739 2273 nuper

953 2296 987 2322 ad
1004 2296 1054 2322 hoc
1071 2294 1203 2323 destinati
1216 2298 1298 2325 sunt,
1315 2299 1408 2319 secum
1424 2290 1602 2317 advexerunt.
1619 2287 1687 2313 Nam
1705 2285 1739 2312 lis

953 2342 997 2369 illa
1009 2362 1016 2374 ,
1037 2349 1119 2375 quam
1142 2329 1312 2375 pratexuht,
1330 2337 1481 2372 impietatis
1500 2334 1576 2362 color
1595 2337 1661 2364 est;
1680 2331 1739 2358 sive

953 2388 1045 2423 potius
1061 2394 1109 2421 pro
1126 2386 1265 2420 impietate
1282 2388 1434 2411 certamen.
1450 2381 1632 2414 Quamobrem
1649 2377 1739 2404 videte

952 2422 987 2459 ne
1012 2430 1160 2458 adulterini
1184 2430 1230 2456 isti
1251 2427 1423 2464 presbyteri,
1444 2426 1562 2459 novique
1586 2422 1686 2450 diaboli
1711 2425 1739 2447 et

953 2476 1095 2510 Quintiani
1116 2475 1251 2510 apostoli.
1272 2474 1343 2501 clam
1363 2472 1441 2499 vobis
1459 2471 1485 2498 in
1503 2477 1583 2502 eum,
1604 2469 1648 2496 cui
1670 2475 1738 2502 pra:-

953 2523 1039 2554 estis,
1065 2529 1175 2557 gregem
1200 2519 1340 2550 insiliant,
1361 2527 1428 2546 neve
1448 2518 1536 2546 clam.
1557 2523 1618 2544 eum
1645 2513 1738 2541 tritico

953 2568 1049 2595 lolium
1069 2570 1172 2594 serant.
1193 2566 1262 2593 Nota
1282 2565 1412 2592 omnibus
1436 2567 1501 2590 sunt
1518 2562 1627 2589 illorum
1645 2558 1738 2595 perfu~

953 2613 1008 2648 εἰη.
1034 2612 1118 2639 Scitis
1140 2611 1254 2646 quinam
1283 2611 1346 2638 illos
1376 2609 1434 2644 agri
1457 2608 1632 2642 suscipiant;
1658 2605 1737 2633 scitis

955 2666 1079 2694 quaenam
1092 2658 1165 2687 aedes
1179 2657 1335 2685 latronibus
1348 2659 1477 2692 pateant,
1495 2654 1575 2690 168
1588 2652 1679 2689 sagaci
1695 2651 1738 2680 fu-

713 2770 804 2798 DION.
815 2770 954 2798 PETAVII
971 2769 1086 2798 ΝΟΤᾸΕ.

150 2839 206 2875 (54)
224 2839 278 2866 Τὸν
293 2838 449 2873 ιερώτατον
465 2841 585 2875 πατέρα.
605 2840 755 2868 Theotccni
770 2843 797 2868 et
811 2840 897 2868 Athan

949 2841 954 2868 i
970 2839 1094 2868 meminit
1110 2839 1191 2876 epist.
1209 2839 1247 2866 16.
