1964 3058
229 99 300 128 1545

230 163 274 183 res
290 154 408 182 odoratu
421 153 634 190 perserutamini
649 162 656 180 :
675 151 825 180 Mosaicam
841 151 916 179 illam
933 151 1018 178 bene-
1032 153 1054 181 Α

229 202 379 229 dictionem
398 200 617 232 consectamiui,
637 206 691 234 qua
715 205 765 225 eos
792 197 950 228 benedixit,
970 196 1018 231 qui

229 246 364 274 adversus
387 245 504 273 sceleris
518 252 581 272 reos
599 244 628 271 in
642 243 745 271 castris
759 243 882 270 animum
905 250 1019 270 manus-

229 297 282 323 que
305 294 462 317 moverunt.
485 289 553 316 Illud
574 295 639 315 vero
668 295 718 322 par
743 293 786 315 est
809 287 843 314 ad
867 295 916 314 vos
936 295 1019 314 usur-

229 343 312 370 pare.
338 335 459 362 fratres:
476 335 593 362 honesta
617 333 683 361 [iant
708 333 833 360 honesle.
854 333 1019 368 Amputetur

229 381 321 408 omnis
346 381 380 408 de
403 381 480 407 luero
495 379 657 411 contentio;
677 379 768 406 omnia
792 378 839 406 Dei
853 386 937 406 causa
954 386 1019 406 sus-

228 428 377 462 cipiantur.
403 425 463 453 Non
488 424 614 452 eamdem
640 431 702 452 esse
725 424 838 451 virtutis
863 428 946 459 atque
971 431 1020 451 ne-

229 474 325 508 quitiae
360 473 502 499 materiem
527 475 646 506 oportet.
673 471 785 498 Cursus.
803 471 850 499 ille
874 478 924 506 pro
960 471 1019 505 pie-

229 522 286 545 tate
310 523 353 546 est
375 526 381 543 :
413 525 462 552 pro
484 517 627 544 animabus
648 516 829 548 certandum,
846 524 881 544 ne
897 524 968 552 quas
984 516 1019 543 ab

229 563 354 590 Ecclesia
379 563 549 598 praedentur,
571 562 644 597 quod
664 562 720 596 jam
742 562 770 589 in
788 562 1019 590 consuetudinem

230 608 286 635 illis
312 608 390 635 abiit.
421 607 553 642 Quisquis
580 612 672 634 autem
692 614 740 642 per
762 606 891 634 Ecclesiae
908 606 1019 635 tuenda:

229 654 349 688 speciem
364 653 537 688 marsupium
555 657 653 688 auget,
672 657 756 688 atque
780 652 832 680 hoc
847 652 926 687 ipso,
943 652 1018 687 quod

229 699 264 726 iis
292 699 463 733 temporibus
488 698 564 726 utilis
592 705 654 725 esse
681 697 820 730 videatur,
846 705 908 733 quae
933 698 1018 725 animi

228 745 283 772 vim
301 743 468 779 eﬂlagitant,
487 743 540 771 sibi
565 747 730 778 potestatem
755 744 905 776 conciliat,
930 744 954 772 is
975 748 1019 771 est

227 798 311 825 quem
329 798 379 817 nos
394 793 471 817 extra
484 789 674 817 Christianum
693 790 863 817 consortium
884 791 1018 818 amanda-

763 94 896 123 SYNESH
916 93 1148 122 premamus
1166 94 1322 123 EPISCOPI

1800 89 1875 117 1344

1070 151 1284 186 ρινηλατοῦντεςσ
1294 149 1412 185 ζηλωταὶ
1422 148 1529 183 γίνεσθε
1543 147 1593 182 τῆς
1605 146 1730 182 εὐλογίας
1741 147 1793 182 τῆς
1803 147 1875 174 Μω-

1071 197 1177 232 σαῖκῆς,
1191 197 1224 232 ἦν
1231 196 1362 230 εὐλόγησε
1374 195 1437 226 τοὺς
1448 195 1556 230 ἄνδρας,
1571 194 1596 220 οἳ
1608 193 1679 220 κατὰ
1694 193 1751 220 τῶν
1767 193 1875 227 ἠσεϐη-

1070 242 1157 268 κότων
1168 243 1197 268 ὲν
1208 243 1242 277 τῇ
1261 240 1420 278 παρεμϐολῇ
1438 240 1496 275 [γερ.
1511 241 1572 271 ταῖς
1589 238 1802 274 παρεμϐολαῖς].
1822 239 1875 264 καὶ

1070 288 1183 323 γνώμην
1194 289 1242 314 καὶ
1254 289 1348 323 χεῖρας
1364 287 1503 321 ἐκίνησαν.
1526 285 1630 312 Ἐκεῖνο
1642 285 1669 311 δὲ
1682 285 1773 311 εἰπεῖν
1792 284 1874 316 ἄξιον

1070 334 1139 369 arpi);
1159 334 1242 368 ὑμᾶς,
1269 332 1390 367 ἀδελφοὶ.
1415 331 1449 358 τὰ
1475 330 1544 358 καλὰ
1563 330 1654 362 καλῶς
1680 329 1813 364 γινέσθω.
1840 329 1873 355 Ἡ

1070 380 1141 415 ὑπὲρ
1161 378 1273 415 κέρδους
1289 379 1346 414 ἔρις
1360 377 1508 413 ἀνῃρήσῡω
1522 383 1528 391 ⁸
1546 376 1656 403 ἅπαντα
1670 376 1715 402 διὰ
1732 375 1781 402 τὸν
1799 375 1874 402 Θεὸν

1069 425 1274 461 ἐγκεχειρίσοω.
1299 426 1337 452 Οὐ
1354 425 1395 451 δεῖ
1423 424 1474 459 τὴν
1498 423 1585 458 αὐτὴν
1608 422 1709 458 ἀρετῆς
1728 420 1799 448 εἶναι
1822 422 1874 448 καὶ

1070 471 1202 506 πονηρίας
1221 471 1348 498 ὑπόθεσιν
1358 477 1364 484 ·
1378 470 1449 505 ὑπὲρ
1468 469 1611 500 εὐσεϐείας
1626 470 1640 495 ὁ
1658 468 1759 504 δρόμος
1771 476 1778 483 ·
1795 468 1873 502 ὑπὲρ

1069 517 1162 552 ψυχῶν
1184 516 1364 551 ἀγωνιστέον,
1388 516 1424 551 μή
1451 523 1527 546 τινας
1552 515 1606 541 ἀπὸ
1628 514 1678 548 τῆς
1700 513 1873 548 Ἑκκλησίας

1070 563 1233 598 συλήσωσιν,
1249 563 1317 598 ὅπερ
1331 561 1391 594 ἔθος
1405 561 1454 596 ἤδη
1467 560 1639 595 πεποίηνται.
1655 561 1704 591 ’ος
1720 559 1743 585 δ’
1766 559 1801 585 ἂν
1817 559 1872 594 τὴν

1076 606 1241 640 Ἐκκλησίαν
1259 605 1495 641 προστησάμενος,
1508 604 1577 640 αὔξῃ
1589 603 1742 639 βαλάντιον,
1758 603 1809 630 καὶ
1823 603 1871 630 διὰ

1068 651 1115 678 τοῦ
1130 651 1218 678 δοκεῖν
1233 649 1302 678 εἶναι
1326 652 1462 686 χρήσιμος
1475 652 1504 677 ὲν
1522 651 1629 684 καιροῖς
1640 649 1790 676 ἀπαιτοῦσι
1806 649 1871 683 δρι-

1072 697 1187 733 μύτητα,
1199 698 1355 724 δυναστείαν
1364 697 1454 732 ἑαυτῷ
1464 695 1678 731 κατεργάζηται,
1687 692 1765 726 οὗτός
1779 696 1870 726 ἐστιν,

1069 743 1099 770 ὃν
1125 744 1206 779 ἡμεῖς
1232 743 1340 771 συνόδου
1367 743 1538 779 Χριστιανῶν
1563 741 1782 777 ὲκκηρύττομεν.
1809 741 1872 768 Οὐκ

1070 790 1198 825 ἐποίησεν
1214 791 1228 816 ὁ
1241 790 1306 822 Θεὸς
1322 790 1404 825 ἀτελῆ
1418 790 1469 825 τὴν
1492 789 1593 824 ἀρετήν
1606 796 1613 803 ·
1629 788 1659 814 οὺ
1673 787 1761 814 δεῖται
1782 795 1872 820 πονη-

228 839 286 862 tum
305 835 443 863 volumus.
464 834 523 862 Non
542 842 667 862 mancam
689 835 818 862 virtutem
839 835 903 862 fecit
923 835 1018 868 Deus;

1074 835 1135 871 ρίας
1150 836 1294 872 συμμάχου
1306 844 1314 852 ·
1330 836 1380 863 οὐκ
1393 835 1564 869 ἐπιλείψουσι
1577 834 1744 870 στρατιῶται
1757 833 1799 868 τῷ
1807 833 1872 868 Θεῷ

226 889 284 908 non
302 881 349 908 illa
365 882 501 908 societate
520 881 652 915 nequitia:
671 881 797 916 indiget;
817 888 872 908 non
891 881 947 909 Deo
967 882 1019 908 mi-

227 927 293 955 lites
305 927 433 960 decrunt,
448 927 580 954 Eeclesiis
596 927 687 954 idonei
702 937 708 953 :
725 927 927 954 commilitones
944 928 1019 954 inve-

227 973 285 1000 niet
298 994 306 1006 ,
323 973 367 1000 hic
385 973 496 1008 quidem
515 973 650 1000 mercedis
668 978 813 1008 expertes,
834 972 881 1000 sed
902 974 928 1000 in
947 973 1019 1000 ccclo

227 1018 308 1053 plena
323 1019 449 1046 mercede
465 1018 621 1045 donandos.
643 1017 784 1052 Ejusmodi
806 1026 853 1045 vos
869 1018 948 1045 sitis:
968 1018 1018 1044 ho-

227 1069 338 1091 nestum
352 1068 395 1091 est
411 1063 485 1092 enim
506 1068 534 1091 et
552 1063 586 1091 iis
604 1064 676 1091 bene
696 1064 820 1099 precari,
836 1064 883 1099 qui
906 1068 1019 1092 strenue

228 1116 290 1136 sese
305 1113 402 1144 gerunt
415 1130 422 1141 ,
440 1113 467 1136 et
487 1109 520 1137 iis
536 1110 584 1144 qui
602 1117 702 1142 secus,
719 1110 878 1144 imprecari.
898 1109 1019 1142 Quicun-

228 1162 282 1188 que
298 1155 382 1188 igitur
397 1155 510 1182 mollius
527 1155 632 1190 egerit,
648 1163 680 1183 ac
701 1163 757 1183 rem
778 1155 952 1190 prodiderit,
972 1160 1019 1182 aut

227 1201 274 1235 qui
292 1204 452 1235 perseeutus
471 1200 583 1235 quidem
604 1201 687 1228 fuerit
701 1221 708 1233 ,
729 1202 777 1229 sed
797 1202 951 1228 alienorum
969 1202 1019 1228 ali-

228 1246 295 1280 quid
311 1246 450 1281 rapuerit,
469 1247 493 1274 is
507 1247 579 1282 apud
595 1246 678 1274 Deum
697 1247 808 1274 minime
825 1248 860 1274 sit
877 1247 1016 1274 innoxius.

229 1292 287 1319 Iloc
304 1292 394 1326 ipsum
413 1292 546 1320 duntaxat
564 1293 590 1319 in
608 1293 727 1320 taedium
743 1293 889 1324 adducite,
908 1301 939 1319 ac
951 1301 1018 1327 pra-

228 1344 279 1364 vos
303 1338 365 1364 illos
381 1338 570 1373 argentarios,
585 1338 632 1372 qui
654 1338 775 1364 divinum
795 1338 892 1372 dogma
912 1338 1016 1365 nunnni

228 1383 316 1410 instar
333 1383 502 1416 adulteram,
517 1383 716 1411 circumducite
732 1393 738 1411 :
761 1384 826 1410 date
842 1391 952 1418 operam
964 1404 971 1414 .
989 1388 1018 1410 ut

227 1429 384 1463 cujusmodi
408 1429 454 1456 isti
478 1429 550 1461 sint,
577 1437 673 1457 omnes
697 1429 862 1463 intelligant.
886 1430 925 1456 Ad
945 1431 1018 1457 hunc

229 1473 342 1500 modum
358 1473 475 1501 infames
491 1474 530 1500 illi
553 1474 729 1501 Ptolemaidis
753 1473 854 1502 ﬁnibus
876 1475 1017 1509 expellan-

228 1523 292 1546 tur:
304 1526 339 1546 ac
350 1519 487 1554 quidquid
511 1519 550 1546 rei
571 1527 634 1546 cum
652 1519 687 1546 iis
704 1520 882 1554 imperiatum
897 1506 954 1552 est,
973 1528 1016 1548 se-
1030 1506 1052 1536 c

228 1571 291 1592 cum
312 1572 366 1591 non
391 1572 542 1600 appensum
570 1565 707 1592 auferant.
738 1566 790 1598 Qui
817 1574 898 1594 secus
925 1566 1014 1600 faxit,

228 1610 301 1644 apud
331 1609 414 1638 Deum
438 1616 599 1639 exsecratus
622 1617 693 1639 esto.
719 1611 852 1647 Quisquis
881 1613 1016 1640 nefarium

227 1660 392 1683 conventum
408 1657 502 1684 videns
519 1657 646 1692 negligit,
661 1661 707 1684 aut
722 1658 837 1685 audiens
852 1658 948 1686 audire
962 1658 1019 1686 dis-

228 1701 356 1734 simulat,
377 1706 423 1728 aut
438 1702 505 1728 lucri
525 1703 559 1729 ab
574 1703 607 1729 iis
630 1704 794 1737 contagione
816 1703 935 1731 infectus
956 1708 1018 1736 est,

230 1746 280 1773 bos
299 1754 348 1781 pro
366 1746 525 1774 Amalecitis
541 1747 635 1774 haberi
656 1748 848 1782 praecipitans,
875 1755 891 1774 a
917 1748 1019 1782 quibus

229 1791 298 1818 nihil
317 1790 420 1818 auferri
437 1791 626 1818 manubiarum
644 1792 718 1819 licet.
751 1793 788 1820 De
801 1800 835 1820 eo
851 1793 898 1828 qui
915 1794 1064 1829 acceperit,

1070 883 1221 918 πρέποντες
1241 883 1415 918 Ἐκκλησίαις
1426 890 1432 897 ·
1449 882 1561 918 εὑρήσει
1574 881 1735 916 συμμάχους
1748 880 1870 906 ἐνταῦθα

1071 930 1120 965 μὲν
1134 929 1282 964 ἀμίσθους,
1306 930 1335 956 ὲν
1349 928 1456 965 οὐρανῷ
1486 928 1513 954 δὲ
1529 927 1744 963 ἐντελομίσθους.
1771 926 1870 962 Ὑμεῖς

1068 972 1142 1002 οὗτοι
1152 974 1268 1008 γίνεσθε·
1276 974 1358 1000 καλὸν
1369 974 1424 1008 γὰρ
1434 974 1482 1000 καὶ
1494 972 1658 1008 κατορθοῦσι
1670 971 1867 1003 συνεύξασθαι·

1070 1020 1152 1047 καλὸν
1160 1020 1190 1046 δὲ
1207 1020 1253 1047 καὶ
1268 1019 1484 1056 παραϐαίνωσιν
1496 1018 1697 1054 ἐπαράσασθαι.
1712 1018 1811 1048 Ὅστις
1832 1017 1867 1044 ἂν

1069 1064 1116 1094 οὖν
1134 1066 1318 1102 μαλακίσηται
1339 1066 1387 1093 καὶ
1402 1066 1493 1102 προὸᾦ
1504 1085 1511 1097 ,
1531 1066 1578 1092 καὶ
1592 1066 1666 1095 ὅστις
1679 1064 1714 1091 ἂν
1727 1063 1867 1098 ἐπεξέλθῃ

1072 1113 1131 1148 μὲν,
1144 1113 1255 1148 ἁρπάσῃ
1269 1111 1298 1138 δέ
1307 1121 1332 1139 τι
1341 1112 1396 1139 τῶν
1407 1106 1566 1147 ἀλλοτρίων,
1582 1110 1618 1146 μὴ
1628 1110 1750 1140 ἀναίτιος
1761 1109 1870 1143 γένοιτο

1069 1158 1108 1194 τῷ
1123 1158 1194 1194 Θεῷ.
1210 1159 1258 1184 Ἓν
1275 1157 1355 1184 τοῦτο
1379 1158 1459 1192 μόνον
1473 1159 1513 1189 είς
1537 1156 1620 1192 μέσον
1644 1156 1778 1182 ἑλκύσατε
1789 1176 1796 1187 ,
1822 1156 1870 1181 καὶ

1069 1203 1132 1235 τοὺς
1143 1203 1306 1238 τραπεζίτας
1313 1203 1376 1234 τοὺς
1387 1203 1522 1238 πονηροὺς
1531 1202 1594 1233 τοὺς
1607 1201 1733 1236 καθάπερ
1743 1202 1870 1236 νόμισμα

1069 1250 1100 1276 τὺ
1110 1250 1198 1285 δόγμα
1214 1250 1244 1276 τὸ
1257 1249 1328 1276 θεῖον
1343 1249 1607 1284 παραχαράττοντας
1618 1268 1625 1279 ,
1646 1247 1849 1282 περιενέγκατε
1861 1254 1868 1261 ·

1070 1297 1136 1322 πᾶσι
1163 1298 1293 1330 ποιήσατε
1314 1295 1480 1330 καταφανεῖς
1503 1293 1600 1325 οἵτινές
1615 1293 1678 1320 εισι.
1695 1291 1764 1328 Κᾷθ*
1780 1292 1870 1323 οὕτως

1069 1342 1160 1377 ἄτιμοι
1182 1342 1236 1368 τῶν
1257 1342 1436 1376 Πτολεμαΐδος
1447 1341 1518 1376 ὅρων
1539 1339 1785 1374 ἀπεληλάσθωσαν,
1809 1339 1824 1364 ὅ
1844 1347 1868 1364 τι

1070 1389 1118 1415 σὺν
1134 1388 1225 1418 αὺτοῖς
1248 1388 1310 1422 ἥχει
1326 1387 1430 1422 χρῆμα,
1453 1387 1508 1412 πᾶν
1535 1384 1745 1420 ἁμειαγώγητον
1759 1383 1868 1417 ἀποφέ-

1070 1441 1172 1468 ροντες.
1191 1433 1220 1459 Ὀ
1232 1433 1260 1459 δὲ
1278 1433 1353 1468 παρὰ
1367 1432 1454 1459 ταῦτα
1474 1431 1569 1463 ποιῶν,
1587 1431 1723 1466 ὶπὰρατος
1739 1429 1780 1464 τῷ
1794 1429 1867 1463 Θεῷ.

1069 1478 1164 1510 Ὅστις
1173 1479 1259 1513 ἀσεϐῆ
1274 1478 1382 1505 σύνοδον
1398 1478 1460 1505 ἰδὼν
1472 1477 1610 1513 παρεῖδεν,
1627 1477 1643 1511 ἢ
1659 1475 1782 1506 ἀκούσας
1796 1483 1869 1510 παρ-

1067 1525 1196 1560 ήκουσεν,
1216 1525 1234 1560 ἢ
1263 1525 1354 1560 κέρδει
1373 1525 1437 1560 παρ’
1463 1524 1553 1551 αὐτῶν
1568 1522 1734 1558 ἐμολύνατο,
1753 1521 1868 1552 τούτους

1068 1570 1149 1604 ἡμεῖς
1172 1569 1356 1605 Ἀμαληκίτας
1364 1568 1439 1596 εἶναι
1452 1568 1651 1603 διαταττόμεθα
1662 1587 1670 1598 ,
1683 1566 1749 1602 παρ’
1766 1563 1805 1592 ὦν
1818 1567 1868 1592 οὐκ

1069 1615 1158 1648 ἔξεστι
1184 1616 1349 1651 κομίσασθαι
1375 1616 1505 1651 λάφυρον.
1526 1615 1595 1650 Περὶ
1615 1615 1644 1641 δὲ
1665 1613 1712 1640 τοῦ
1736 1612 1868 1643 λαϐόντος

1069 1662 1152 1696 φησιν
1167 1663 1181 1688 ὁ
1191 1662 1266 1694 Θεὸς,
1280 1662 1534 1696 Μεταμεμέλημαι,
1551 1661 1594 1687 ὅτι
1609 1659 1797 1686 ἐϐασίλευσα
1812 1657 1869 1684 τὸν

1071 1707 1182 1734 Σαούλ.
1209 1707 1278 1733 Ἀλλ’
1295 1708 1373 1742 ὑμῶν
1396 1708 1443 1734 ἐπὶ
1464 1706 1559 1742 μηδενὶ
1577 1704 1777 1740 μεταμέλοιτω
1798 1702 1868 1730 ἀλλὰ

1074 1752 1148 1786 μέλοι
1163 1753 1212 1788 μὲν
1225 1753 1302 1788 ὑμῶν
1315 1753 1354 1789 τῷ
1368 1752 1438 1788 Θεῷ,
1455 1753 1530 1788 μέλοι
1541 1752 1569 1778 δὲ
1582 1752 1647 1786 ὑμῖν
1661 1750 1709 1777 τοῦ
1724 1749 1795 1776 Θεοῦ

1094 1797 1138 1824 illa
1159 1797 1204 1825 Dei
1226 1807 1276 1825 vox
1288 1803 1329 1826 est
1345 1808 1352 1826 :
1389 1799 1501 1826 Paenitet
1519 1806 1560 1825 me
1573 1797 1642 1832 quod
1656 1803 1741 1831 regem
1761 1796 1865 1822 consti-

230 1837 324 1863 merim
342 1836 408 1864 Seu!
423 1839 444 1865 ¹.
468 1837 521 1865 Sed
551 1839 637 1866 vestri
653 1839 728 1866 nulla
746 1840 823 1867 illum
841 1840 870 1867 in
892 1847 922 1867 re
945 1841 1076 1875 pmniteat
1088 1864 1095 1877 ,
1116 1853 1210 1872 verum
1225 1851 1252 1873 et
1268 1854 1341 1873 cura:
1358 1854 1406 1873 vos
1427 1845 1481 1873 Deo
1500 1846 1577 1876 sitis,
1600 1849 1625 1871 et
1646 1844 1724 1870 vobis
1740 1842 1866 1870 vicissim

231 1882 314 1911 Deus.

509 1949 676 1980 EPlSTOLA
696 1953 740 1980 Vl.

573 2009 680 2040 Ariusio.

267 2065 301 2092 At
315 2064 421 2092 Cantas
435 2065 585 2092 etiamnum
601 2069 758 2098 cunctatur,
775 2074 825 2094 nec
839 2068 881 2095 vel
899 2073 997 2102 sponte
1009 2089 1016 2100 ,

229 2111 272 2138 vel
296 2111 476 2142 necessitate.
499 2111 528 2137 tit
543 2110 648 2145 justus.
669 2112 749 2147 169
766 2112 854 2140 Porro
876 2113 969 2141 venire
984 2115 1018 2141 il-

230 2157 286 2184 lam
311 2159 439 2192 oportet,
466 2160 496 2183 ut
518 2158 639 2184 sciamus
665 2158 730 2192 quid
757 2159 867 2186 tandem
895 2160 1015 2195 allegare

228 2202 334 2237 possit,
351 2202 509 2237 quibusque
524 2210 575 2230 nos
590 2203 678 2230 oculis
692 2204 820 2238 aspiciet,
833 2212 847 2230 a
859 2204 962 2239 quibus
974 2205 1013 2231 vel

229 2247 326 2275 invitis
347 2255 428 2283 quem
450 2251 510 2275 erat
527 2256 628 2283 equum
652 2249 777 2281 furatus,
797 2258 888 2277 emere
911 2250 1014 2284 voluit,

229 2300 281 2325 ne.
297 2296 327 2320 ut
340 2293 446 2325 aiebat,
460 2293 563 2328 absque
575 2302 646 2328 equo
661 2295 739 2323 miles
754 2299 838 2323 esset.
851 2295 936 2322 Ot'l'ert
951 2304 1018 2324 vero

227 2338 348 2373 pretium
365 2345 432 2365 sane
448 2346 529 2373 quam
552 2340 698 2374 exiguum,
724 2348 814 2375 neque
829 2341 948 2369 vendere
968 2342 1016 2369 de‘

230 2383 416 2411 trcctantibus
432 2384 523 2411 reddit
538 2404 545 2416 ,
563 2385 609 2412 sed
623 2385 687 2420 jure
703 2386 806 2414 habere
822 2394 852 2414 se
866 2395 967 2422 equum
983 2388 1017 2414 il-

230 2429 286 2456 lum
313 2429 485 2464 arbitratur;
514 2431 667 2465 praesertim
694 2439 756 2458 cum
779 2439 831 2459 nec
854 2432 1019 2467 Agathocles

229 2474 347 2509 aliquis,
378 2483 430 2503 nec
444 2475 591 2510 Dionysius
617 2477 674 2510 sit,
691 2477 791 2512 quibus
809 2478 952 2513 tyrannica
970 2479 1021 2505 im-

230 2518 306 2550 peria
321 2522 375 2545 tam
395 2524 525 2547 extrema:
541 2520 726 2555 improbitatis
742 2522 931 2556 impunitatem
948 2523 1020 2550 fece-

231 2567 315 2596 rant;
335 2565 382 2592 sed
407 2565 513 2592 Carnas
540 2566 761 2601 Cappliarodita,
782 2576 861 2603 quem
889 2576 1021 2596 revocare

231 2608 265 2634 aJ
283 2609 355 2643 leges
370 2617 424 2637 non
441 2611 476 2638 sit
493 2611 612 2639 diﬂicile.
631 2612 723 2646 Quare
740 2614 762 2641 si
779 2615 843 2649 quis
862 2622 925 2642 eum
941 2614 974 2641 ad
993 2618 1020 2642 te

232 2651 365 2686 deducat,
383 2655 425 2682 fac
441 2657 512 2683 istud
533 2657 735 2694 intelligamus,
753 2665 782 2687 ut
805 2667 821 2687 e
842 2660 950 2695 Cyrene
973 2661 1019 2696 qui

232 2704 326 2725 coram
342 2699 417 2727 illum
433 2702 616 2736 convincant,
635 2712 750 2732 evocare
765 2706 914 2741 possimus.

273 2786 283 2799 '
300 2784 389 2820 ilics.
419 2795 470 2820 xv,
491 2789 532 2815 ll.

1346 1956 1519 1983 ΕΠΙΣΤΟΛΙΙ
1539 1956 1585 1989 (ζ’.

1398 2013 1533 2044 Ἀνναίῳ.

1114 2070 1142 2097 Ὁ
1156 2070 1184 2096 δὲ
1196 2071 1306 2105 Καρνᾶς
1401 2068 1547 2104 Ἀκαρνᾶς]
1562 2069 1602 2095 ἔτι
1627 2068 1731 2103 μέλλει,
1744 2069 1794 2095 καὶ
1809 2069 1865 2096 οὗθ’

1073 2114 1154 2145 ἑκὼν,
1182 2114 1237 2140 οῧίΓ
1268 2115 1314 2141 ὑπ’
1343 2114 1466 2148 ἀνάγκης
1483 2113 1588 2147 γίνεται
1606 2113 1718 2144 δίκαιος.
1749 2114 1813 2148 Χρὴ
1837 2115 1865 2140 δὲ

1072 2160 1151 2194 ἥκειν
1173 2159 1254 2186 αὑτὸν
1271 2160 1314 2185 ἴνα
1327 2159 1443 2194 εἰδῶμεν
1458 2159 1472 2185 ὅ
1482 2167 1509 2184 τι
1528 2159 1575 2185 καὶ
1587 2158 1672 2192 λέγει,
1685 2159 1732 2184 καὶ
1750 2156 1864 2190 οἷςτισιν

1071 2205 1219 2240 ὀφθαλμοῖς
1237 2206 1310 2240 ἡμᾶς
1330 2204 1519 2239 ἁντιϐλέψεται
1530 2224 1536 2236 ,
1555 2204 1620 2239 παρ’
1633 2201 1671 2230 ὧν
1688 2203 1791 2237 ἠξίωσε
1818 2205 1865 2229 καὶ

1070 2251 1207 2281 ἀκόντων,
1235 2250 1264 2277 ὃν
1289 2250 1421 2285 κέκλοφεν
1444 2250 1527 2276 ἵππον
1556 2250 1733 2284 ὠνήσασθαι,
1762 2250 1806 2276 ἵνα
1829 2250 1865 2284 μὴ

1071 2296 1241 2331 στρατιώτης
1255 2317 1262 2328 ,
1279 2297 1373 2331 φησὶν,
1401 2296 1519 2328 ἄνιππος
1600 2295 1739 2331 Προτείνει
1766 2296 1795 2322 δὲ
1818 2305 1863 2322 κο-

1073 2344 1134 2378 μιδῇ
1165 2343 1279 2378 σμικρὸν
1295 2343 1437 2378 ἀργύριον,
1457 2343 1504 2369 καὶ
1529 2343 1567 2378 μὴ
1584 2343 1792 2377 ἀποδιδομένας
1815 2345 1864 2370 οὑκ

1070 2389 1231 2415 ἀποδίδωσιν
1244 2397 1250 2403 ·
1275 2389 1332 2415 ἀλλ’
1351 2389 1435 2415 οἴεται
1454 2390 1502 2416 σὺν
1521 2389 1583 2424 δίκῃ
1605 2388 1651 2415 τὸν
1668 2388 1752 2415 ἵππον
1768 2389 1843 2423 ἔχειν
1856 2398 1862 2404 ·

1072 2436 1119 2461 καὶ
1132 2434 1219 2460 ταῦτα
1241 2435 1290 2460 οὐκ
1309 2434 1347 2460 ὢν
1368 2434 1545 2469 Ἀγαθοκλῆς,
1565 2434 1582 2467 ἢ
1602 2433 1752 2465 Διονύσιος,
1772 2432 1814 2465 οἷς
1837 2435 1862 2460 αι

1073 2480 1228 2515 τυραννίδες
1251 2480 1402 2514 ἐπέτρεπον
1429 2480 1500 2506 οὕτω
1526 2480 1596 2506 πάνυ
1617 2482 1747 2515 πονηροῖς
1773 2478 1861 2507 εἶναι·

1073 2527 1141 2554 ἀλλὰ
1156 2527 1267 2561 Καρνᾶς
1278 2527 1292 2552 ὁ
1306 2526 1518 2560 Καπφαροδίτης
1528 2545 1536 2556 ,
1550 2526 1580 2551 ὃν
1595 2526 1625 2551 οὐ
1642 2526 1763 2560 χαλεπὸν
1777 2527 1860 2554 ἐπαν-

1072 2574 1186 2607 αγαγεῖν
1200 2573 1239 2603 είς
1257 2573 1319 2604 τοὺς
1334 2571 1443 2606 νόμους.
1461 2572 1508 2598 “Av
1519 2569 1565 2598 οὖν
1581 2571 1662 2607 διάγῃ
1676 2580 1718 2603 τις
1731 2573 1816 2599 αὑτὸν
1828 2572 1863 2602 ἀς

1074 2617 1118 2648 σὲ,
1136 2617 1203 2652 μηδὲ
1216 2618 1297 2652 ἡμεῖς
1316 2617 1494 2652 ἁγνοήσωμεν
1509 2636 1517 2648 ,
1533 2617 1577 2643 ἵνα
1599 2617 1664 2648 τοὺς
1692 2617 1765 2644 κατὰ
1781 2619 1864 2654 πρόσο

1072 2671 1146 2690 ωπον
1161 2662 1241 2689 αὐτὸν
1257 2663 1417 2696 ἐλέγξοντας
1431 2662 1485 2689 ἀπὸ
1497 2663 1626 2699 Κυρήνης
1638 2663 1814 2700 καλέσωμεν.
