1964 3058
229 129 297 157 156³1

758 121 890 151 SYNESII
909 121 1141 151 PTOLEMAIDIS
1161 119 1313 149 EPISCOPI

1787 118 1860 145 13ίῇ

228 188 368 220 superstes
384 181 557 211 commodum
572 179 628 209 eris
642 190 649 208 :
663 184 690 208 et
705 184 839 207 summam
856 179 958 207 Christi
979 179 1012 206 ad

1070 179 1124 215 εῐης
1141 179 1303 215 σωζόμενος,
1320 178 1366 205 καὶ
1387 177 1502 213 μεγίστη
1518 175 1663 211 προσθήκη
1677 177 1715 210 τῷ
1729 175 1860 202 6.6131(1-

228 232 351 261 scbolam
373 230 559 258 accessionem
579 227 643 255 facit
663 226 836 254 Paschalium
858 226 1014 253 libellorum

229 284 361 305 numerus
376 283 432 303 una
444 283 505 303 cum
521 274 601 302 annis
618 279 794 301 cxcrescens.
816 272 884 299 Nam
901 271 948 306 qui
963 271 1016 298 hoc

229 329 301 350 anno
313 322 415 349 missus
427 324 481 352 est,
493 325 520 348 et
533 319 700 354 voluptatem
711 317 813 352 pariter
827 321 854 344 et
868 316 1014 343 utilitatem

228 367 387 394 civitatibus
403 365 505 397 attulit,
528 363 628 399 partim
655 362 854 390 sententiarum
870 361 1015 396 gravitate,

229 412 329 448 partim
345 411 481 441 suavitate
497 410 656 438 verborum.

511 474 679 503 EPISTOLA
703 473 727 501 Χ
737 487 745 496 ο

371 542 549 577 Philosophia:
577 541 713 576 magistra:
741 539 877 575 Hypatire.

266 608 327 636 Tibi
338 607 401 643 ipsi,
417 615 449 635 ac
461 614 509 642 per
522 611 548 634 te
561 606 727 634 beatissimis
741 605 887 634 sodalibus
902 605 1017 632 salutem

231 655 304 687 dico,
322 654 400 682 beata
423 653 552 686 domina;
576 652 738 687 jamdudum
756 651 865 686 quidem
890 658 1020 678 accusare

231 701 363 736 gestiens,
388 699 460 734 quod
486 699 576 726 trullas
597 706 611 724 a
633 696 713 725 vobis
738 697 845 724 litteras
867 696 1018 731 accipiant;

231 754 306 774 nunc
317 750 407 772 autem
427 744 504 771 video
529 751 572 770 me
587 751 602 770 ει
626 743 704 770 vobis
720 742 847 769 omnibus
870 741 1018 773 contemni,

230 799 281 826 pro
299 798 332 818 eo
352 789 425 825 quod
441 789 508 816 nihil
522 789 632 823 quidem
653 788 718 815 mali
740 787 821 819 facio,
840 787 867 814 in
884 786 1020 821 plerisque

231 843 297 863 \ero
320 834 509 862 infortunatus
534 841 606 865 sum,
626 837 652 860 et
677 837 811 867 quantum
833 832 1020 858 infortunatus

1065 225 1129 260 λείῳ
1154 224 1201 252 τοῦ
1224 224 1340 260 Χριστοῦ
1360 224 1464 258 γίνεται
1486 224 1501 250 ό
1518 222 1572 248 τῶν
1598 221 1793 256 πανηγυρικῶν
1817 223 1859 256 βιο

1066 272 1149 298 ϐλιων
1171 271 1286 306 ἀριθμὸς
1307 272 1364 302 τοῖς
1389 271 1522 301 ἐνιαυτοῖς
1541 268 1781 303 συναυξανόμενος.
1815 269 1861 300 Ὡς

1066 317 1081 344 ὅ
1094 325 1125 351 γε
1139 316 1219 352 τῆτες
1238 316 1445 351 καταπεμφθεὶς
1457 315 1545 349 λόγος,
1562 314 1608 341 καὶ
1623 313 1674 350 ἧσε
1688 314 1738 345 τὰς
1753 314 1859 344 πόλεις,

1067 362 1114 388 καὶ
1132 361 1232 397 ὢνησε,
1246 361 1276 387 τὸ
1292 361 1340 396 μὲν
1360 360 1399 395 τῷ
1414 359 1522 395 μεγέθει
1541 359 1595 386 τῶν
1610 359 1764 394 νοημάτων,
1784 359 1815 384 τδ
1829 358 1861 384 δὲ

1067 407 1121 433 τῶν
1135 407 1274 441 ὀνομάτων
1287 408 1320 442 τῇ
1337 407 1440 442 χάριτι.

1351 473 1523 500 ΕΠΙΣΤΟΛΗ
1549 473 1574 499 l'.

1278 540 1318 574 Τῇ
1336 542 1494 575 φιλοσόφῳ
1519 541 1648 574 Ύπατίςι.

1105 608 1193 643 Λύτήν
1206 616 1245 641 σε,
1258 607 1306 633 καὶ
1321 607 1364 633 διὰ
1382 606 1428 633 σοῦ
1450 607 1512 638 τοὺς
1538 608 1762 643 μακαριωτάτους
1781 608 1860 635 ἑταί-

1071 663 1134 691 ρους
1151 653 1318 688 ἀσπάζομαι,
1335 652 1462 679 δέσποινα
1488 653 1621 688 μακαρία,
1647 652 1730 679 πάλαι
1756 653 1805 687 μὲν
1824 654 1861 680 ἂν

1070 700 1221 735 ἐγκαλέσας
1239 700 1280 734 ἐφ’
1297 697 1338 731 οἷς
1350 700 1400 726 οὐκ
1415 699 1542 734 ἀξιοῦμαι
1561 699 1733 734 γραμμάτων
1743 706 1749 712 ·
1768 698 1816 725 νῦν
1829 699 1861 726 δὲ

1070 745 1129 774 οἶδα
1158 741 1369 782 παρεωραμένος
1396 745 1440 780 ὑφ’
1470 745 1595 771 ἁπάντων
1624 744 1719 779 ὑμῶν,
1747 745 1789 778 ἐφ’
1817 741 1861 776 οἷς

1070 789 1156 816 ἀδικῶ
1172 789 1221 824 μὲν
1234 789 1321 821 οὐδὲν,
1337 788 1428 823 ἀτυχῶ
1441 788 1469 814 δὲ
1482 788 1576 819 πολλὰ,
1591 788 1638 814 καὶ
1653 789 1703 814 ὅσα
1716 787 1862 823 ἄνθρωπος

1072 834 1205 869 ἀτυχῆσαι
1230 834 1352 860 δύναται.
1389 833 1458 860 Ἀλλ’
1485 834 1564 868 εἴπερ
1590 831 1662 868 εἶχον
1684 834 1862 868 ἐντυγχάνειν

230 881 379 916 quisquam
402 887 465 907 esse
490 883 590 913 potest.
609 877 710 906 Verum
739 878 760 905 si
782 881 887 904 vestras
912 877 1018 904 litteras

1071 879 1217 915 ὑμετέραις
1234 879 1399 911 ἐπιστολαῖς,
1423 880 1470 906 καὶ
1487 879 1631 914 μανθάνειν
1654 881 1683 906 ὲν
1704 877 1745 911 οἷς
1759 879 1863 914 διατρί-

232 933 350 954 mererer
365 925 496 960 accipere,
518 929 546 951 et
563 931 618 959 quo
635 923 690 950 silit
712 923 738 950 in
754 927 826 950 statu
852 930 896 950 res
924 927 1019 949 vestrm.

231 978 423 1006 cognoscerent:
444 974 570 1005 (prorsus
589 976 654 996 vero
670 969 850 996 secundiores
869 976 929 995 esse
947 969 1018 1001 illas,

232 1021 260 1043 et
275 1015 462 1044 commodiore
477 1015 556 1050 genio
572 1015 611 1042 uti
632 1023 681 1042 vos
701 1015 842 1049 arbitror),
859 1014 970 1041 dimidia
986 1022 1019 1040 ex

233 1066 309 1097 parte
321 1061 455 1088 duntaxat
466 1060 589 1088 adversis
603 1067 750 1094 premerer,
765 1059 788 1086 si
800 1060 827 1086 in
841 1060 917 1086 vobis
930 1065 1018 1086 essem

233 1107 341 1133 beatus.
361 1106 437 1132 [\unc
457 1113 542 1132 unum
560 1105 626 1131 illud
647 1104 675 1130 in
701 1104 779 1131 malis
805 1104 872 1130 meis
895 1110 1018 1130 numero.

233 1151 292 1178 Non
309 1152 381 1178 enim
399 1150 487 1178 solum
509 1150 603 1177 liberis
620 1150 698 1180 meis,
719 1149 765 1176 sed
786 1149 868 1175 etiam
885 1148 980 1175 amicis
994 1151 1021 1174 et

232 1198 356 1225 omnium
371 1196 558 1224 benevolentia
582 1203 641 1222 sum
656 1195 777 1227 orbatus,
797 1198 834 1225 et,
851 1194 923 1228 quod
939 1198 1021 1228 caput

232 1246 286 1274 est,
301 1242 478 1270 divinissima;
492 1241 589 1268 anima:
607 1245 670 1273 tum,
687 1247 768 1275 quam
783 1247 834 1274 ego
848 1239 914 1266 mihi
935 1239 1020 1265 solum

234 1295 442 1322 permansuram
466 1294 640 1322 speraveram
659 1293 721 1312 cum
745 1285 797 1311 hac
814 1284 930 1311 fortuna:
949 1284 1020 1317 inju-

235 1334 288 1365 ria,
307 1338 364 1361 tum
378 1333 440 1361 istis
454 1334 571 1360 fatorum
591 1331 719 1358 ﬂuctibus
743 1331 922 1366 superiorem.

506 1398 677 1426 EPISTOLA
697 1397 742 1425 XI.

542 1466 718 1501 Presbyteris.

1071 925 1131 951 ϐετε
1156 925 1275 960 (πάντως
1293 925 1321 951 δὲ
1338 926 1367 951 ἐν
1392 925 1532 959 ἁμείνοσίν
1558 926 1628 957 ἐστε,
1647 926 1694 951 καὶ
1719 925 1862 956 καλλίονος

1071 969 1201 1005 πειρᾶσθε
1215 969 1261 996 τοῦ
1274 969 1410 1005 δαίμονος)
1425 969 1454 1002 ἐξ
1473 970 1599 1004 ἡμισείας
1615 969 1647 996 ἂν
1661 969 1794 1004 ἔπραττον
1809 978 1861 996 πο.

1070 1015 1171 1051 νήρως,
1197 1016 1225 1041 ὲν
1247 1015 1310 1050 ὑμῖν
1332 1015 1463 1050 εὐτυχῶν.
1486 1016 1553 1042 Νυνὶ
1567 1015 1596 1042 δὲ
1613 1015 1642 1041 ἓν
1665 1024 1692 1041 τι
1715 1015 1860 1042 καὶτοῦτο

1069 1061 1257 1095 τῶνχαλεπῶν
1272 1062 1355 1094 ἐστιν,
1381 1061 1398 1088 ἆ
1415 1070 1447 1096 με
1461 1060 1633 1096 κατείληφεν.
1655 1061 1863 1096 ’Λπεστέρημαι

1072 1107 1141 1142 μετὰ
1156 1107 1211 1133 τῶν
1233 1107 1357 1139 παιδίων,
1379 1108 1427 1134 καὶ
1447 1107 1502 1134 τῶν
1522 1108 1616 1142 φίλων,
1641 1107 1688 1134 καὶ
1708 1108 1758 1142 τῆς
1784 1107 1862 1142 παρὰ

1071 1153 1181 1179 πάντων
1205 1153 1328 1184 εὐνοίας·
1353 1154 1399 1179 καὶ
1420 1153 1450 1179 τὸ
1479 1153 1616 1188 μέγιστον,
1640 1153 1690 1187 τῆς
1717 1152 1862 1187 θειοτάτης

1072 1207 1118 1225 σου
1138 1199 1237 1233 ψυχῆς,
1254 1198 1287 1234 ἣν
1308 1198 1364 1233 ἐγὼ
1385 1199 1467 1234 μόνην
1489 1198 1598 1233 ἐμαυτῷ
1615 1198 1743 1233 ἐμμένειν
1757 1197 1862 1232 ἤλπισα

1072 1245 1187 1279 κρείττω
1205 1244 1251 1270 καὶ
1268 1244 1409 1278 δαιμονίας
1425 1244 1566 1278 ἐπηρείας,
1580 1244 1626 1270 καὶ
1645 1243 1698 1269 τῶν
1713 1242 1742 1275 ea
1763 1243 1863 1277 εἱμαρ-

1073 1290 1158 1325 μένης
1174 1289 1327 1325 ῥευμάτων.

1343 1397 1515 1424 ΕΠΙΣΤΟΛΗ
1535 1397 1585 1424 1Α¹.

1158 1465 1222 1498 Τοῖς
1241 1466 1452 1499 πρεσϐυτέροις
1468 1463 1524 1499 [γρ.
1545 1463 1607 1496 τοῖς
1621 1463 1774 1498 ΙερεῦσινῙ.

268 1535 362 1571 Neque
391 1535 469 1562 vobis
493 1538 573 1561 antea
597 1540 722 1568 superior
744 1540 805 1560 esse
832 1533 927 1567 potui,
955 1540 1018 1559 cum

1106 1532 1173 1559 Οὔτε
1196 1533 1326 1567 πρότερον
1344 1532 1421 1566 ὑμῶν
1447 1530 1502 1564 ἐγὼ
1521 1531 1629 1566 περιῆν,
1648 1530 1741 1565 ἁπάσῃ
1764 1530 1858 1567 ῥώμῃ,

234 1581 301 1608 totis
318 1581 434 1612 viribus,
451 1584 478 1606 et
490 1578 619 1606 adhibitis
634 1579 768 1606 machinis
782 1578 909 1606 omnibus
929 1586 1020 1606 sacer-

233 1627 340 1654 dotium
356 1627 536 1654 detrectarem
553 1634 561 1652 :
579 1633 668 1660 neque
687 1632 730 1652 me
747 1632 796 1652 vos
811 1625 891 1652 modo
907 1633 1021 1659 supera-

234 1672 295 1705 stis,
317 1672 363 1699 sed
379 1671 514 1699 divinitus
529 1671 650 1706 profecto
669 1671 794 1705 contigit,
813 1675 841 1697 ut
855 1676 882 1698 et
900 1670 1019 1697 nondum

234 1721 312 1750 tunc,
327 1721 355 1744 et
367 1724 439 1744 nunc
453 1717 572 1751 primum
588 1716 624 1743 ita
641 1716 677 1743 sit
692 1716 803 1742 factum.
821 1715 952 1750 Equidem
965 1723 1020 1742 non

234 1771 318 1790 unam
337 1767 453 1789 mortem
469 1762 528 1797 ejus
542 1762 660 1789 vitandae
685 1761 835 1788 {unctionis
849 1769 933 1789 causa
953 1762 1021 1789 sub-

235 1808 338 1835 iissein.
356 1808 433 1843 171
450 1807 542 1842 Neque
556 1808 628 1834 enim
645 1807 714 1834 satis
735 1807 864 1834 idoneum
887 1815 929 1834 mc
942 1811 1021 1842 pitta-

235 1854 310 1884 bam,
327 1854 376 1888 qui
391 1854 430 1880 rei
452 1853 613 1888 dignitatem
629 1853 803 1879 sustinerem.
822 1852 875 1879 Sed
891 1853 1020 1887 quoniam

235 1898 302 1925 mihi
320 1898 390 1925 Deus
411 1905 465 1924 non
487 1897 560 1932 quod
577 1904 715 1932 cuperem,
734 1897 782 1923 sed
797 1896 868 1931 quod
892 1897 950 1932 ipse
966 1897 1020 1923 vcl-

235 1943 282 1976 let,
297 1943 437 1979 imposuit,
454 1942 578 1970 eumdem
597 1942 673 1969 illum
693 1950 800 1977 prec0r,
824 1942 871 1977 qui
890 1943 951 1969 vitae
972 1950 1022 1977 gu-

234 1989 364 2016 kernator
380 1989 497 2019 exstitit,
515 1988 585 2023 ejus,
606 1988 680 2023 quod
703 1989 730 2015 in
755 1987 933 2022 gubernando
956 1995 1023 2015 con-

233 2033 310 2065 tulit,
326 2041 388 2060 esse
407 2033 618 2060 moderatorem.
637 2033 689 2065 Qui
704 2032 779 2059 enim
799 2033 827 2059 in
843 2032 1022 2067 philosophiae

234 2077 302 2107 otio,
327 2084 359 2103 ac
378 2076 490 2104 minime
516 2077 658 2111 negotiosa
681 2084 773 2103 rerum
791 2077 1022 2111 contemplatione

233 2126 342 2150 atatem
355 2121 485 2154 contrivi,
504 2125 666 2157 tantumque
683 2122 744 2149 vitae
758 2123 832 2150 euris
844 2129 876 2149 ac
889 2122 1021 2150 molestiis

234 2168 329 2200 tribui,
344 2171 477 2202 quantum
496 2168 530 2195 ad
545 2176 617 2200 eam,
641 2176 701 2203 qua:
723 2169 749 2196 in
775 2169 827 2196 hoc
842 2176 957 2203 corpore
973 2170 1021 2196 de—

234 2213 318 2248 gitur,
337 2213 432 2245 vitam,
455 2219 488 2240 ac
510 2213 591 2241 civile
614 2213 640 2240 in
667 2214 749 2241 rebus
769 2214 886 2248 publicis
902 2214 1018 2242 ofﬁcium
1037 2205 1059 2233 Ῐ)

234 2257 304 2285 satis
326 2261 407 2289 esset,
428 2257 474 2292 qui
492 2258 634 2286 continuis
656 2259 710 2286 illis
723 2260 798 2286 curis
813 2267 924 2293 possum
945 2260 1019 2288 solii»

233 2302 315 2329 cere?
332 2302 385 2328 Aut
410 2302 457 2336 qui
480 2303 614 2337 meipsum
633 2305 805 2338 negotiorum
827 2305 916 2332 turbis
931 2305 1018 2340 impli-

234 2356 312 2379 cans.
339 2348 366 2374 in
389 2355 435 2375 eas
453 2349 553 2375 mentis
570 2348 787 2382 pulchritudines
811 2350 933 2377 animum
955 2359 1018 2386 pos-

234 2401 295 2421 sum
323 2393 477 2424 intendere,
504 2394 605 2428 quibus
634 2394 688 2421 frui
715 2394 784 2421 beati
813 2395 956 2430 cujusdam
978 2401 1018 2424 est

233 2438 301 2466 otii?
315 2436 382 2465 Sine
397 2437 499 2472 quibus
515 2437 582 2464 milii
603 2445 636 2465 ac
658 2438 710 2465 mei
732 2438 866 2466 similibus
882 2439 937 2466 vita
958 2440 1020 2466 uni~

234 2491 313 2511 versa
337 2483 429 2511 vitalis
458 2491 521 2511 esse
544 2491 598 2510 non
624 2489 723 2518 potest.
750 2484 882 2519 Equidem
910 2485 1019 2520 assequi

234 2530 348 2556 minime
365 2537 490 2564 possum.
512 2529 566 2556 Deo
586 2537 651 2556 vero
665 2529 768 2562 omnia,
787 2535 817 2556 ut
844 2530 931 2563 aiunt,
955 2539 1018 2565 pos—

234 2574 336 2606 sibilia,
361 2575 444 2602 etiam
464 2583 524 2610 quae
548 2574 607 2602 ﬁeri
627 2583 681 2602 non
705 2579 833 2610 possunt.
858 2575 911 2603 Vos
939 2576 1021 2610 igitur

235 2619 287 2655 ipsi
313 2621 450 2655 supplices
477 2628 526 2656 pro
549 2629 592 2648 me
608 2621 642 2647 ad
669 2621 753 2648 Deum
776 2628 875 2648 manus
898 2621 1018 2654 tendite;

235 2670 319 2698 atque
339 2669 367 2691 et
395 2665 507 2692 urbanae
532 2665 711 2698 multitudini,
739 2669 767 2693 et
796 2673 963 2700 quaecunque
992 2667 1019 2693 in

1071 1579 1118 1605 καὶ
1136 1579 1268 1614 μηχαναῖς
1293 1577 1418 1608 ἐκκλίνας
1437 1575 1596 1612 ἱερωσύνην,
1623 1575 1685 1602 οὔτε
1710 1576 1756 1602 νῦν
1780 1577 1860 1611 ὑμεῖς

1071 1624 1138 1659 ἐμοῦ
1152 1624 1351 1658 κεκρατήκατε.
1372 1623 1452 1649 Ἀλλὰ
1463 1622 1533 1648 θεῖον
1548 1621 1602 1657 ἄρα
1612 1620 1655 1656 ἧν,
1671 1623 1716 1648 καὶ
1731 1622 1762 1648 τὸ
1776 1623 1860 1657 μήπω

1071 1671 1142 1701 τότε,
1160 1670 1206 1696 καὶ
1219 1670 1249 1696 τὸ
1266 1670 1312 1696 νῦν
1331 1669 1390 1704 ἤδη.
1414 1669 1483 1702 Ἐγὼ
1497 1669 1525 1695 δὲ
1543 1667 1657 1698 πολλοὺς
1679 1668 1711 1694 ἂν
1726 1669 1860 1699 θανάτους

1071 1716 1130 1742 ἀντὶ
1144 1715 1224 1750 τῆσδε
1247 1715 1295 1750 τῆς
1320 1715 1489 1750 λειτουργίας
1512 1716 1632 1751 εἱλόμην.
1661 1716 1698 1742 Οὐ
1723 1715 1776 1750 γὰρ
1800 1716 1859 1741 κατ’

1071 1761 1188 1795 ἐμαυτὸν
1200 1758 1269 1787 εἶναι
1282 1761 1326 1787 τὸν
1338 1761 1439 1796 κόσμον
1453 1761 1615 1797 ἐλογιζόμην
1625 1761 1671 1787 τοῦ
1688 1761 1857 1796 πράγματος.

1072 1806 1124 1832 Τοῦ
1138 1806 1205 1832 Θεοῦ
1217 1806 1245 1831 δὲ
1261 1806 1454 1839 ἐπενεγκόντος
1470 1807 1518 1841 οὐχ
1535 1807 1602 1840 ὅπερ
1615 1806 1706 1841 ᾔτουν,
1720 1806 1776 1832 ἀλλ’
1791 1806 1860 1840 ὅπερ

1070 1851 1209 1885 ἠϐούλετο.
1236 1851 1349 1886 εὔχομαι
1376 1851 1421 1878 τὸν
1447 1852 1591 1886 γενόμενον
1614 1852 1698 1886 νομέα
1721 1851 1767 1877 τοῦ
1789 1851 1858 1885 βίον.

1049 1900 1061 1939 li
1071 1890 1197 1930 γενέσθαι
1221 1897 1268 1923 καὶ
1293 1895 1341 1922 τοῦ
1366 1896 1529 1931 νεμηθέντος
1558 1896 1721 1931 προστάτην.
1753 1896 1782 1921 Ὀ
1806 1897 1859 1930 γὰρ

1045 1949 1047 1953 ‘
1072 1942 1201 1973 ὲννεάσας
1211 1943 1243 1977 τῇ
1258 1941 1329 1968 κατὰ
1344 1941 1502 1976 φιλοσοφίαν
1520 1943 1612 1977 σχολῇ,
1630 1943 1675 1968 καὶ
1687 1942 1788 1977 Oedipi;
1806 1943 1859 1967 τῶν

1071 1989 1154 2015 ὄντων
1165 1988 1331 2023 ἀπράγμονι,
1350 1989 1397 2015 καὶ
1412 1988 1538 2015 τοσοῦτον
1553 1985 1699 2035 ὀμιλήσαί
1708 1989 1858 2023 φροντίσιν,

1071 2034 1132 2060 ὅσον
1154 2034 1357 2069 ἀφοσιώσασθαι
1379 2033 1418 2069 τῷ
1437 2035 1507 2069 μετὰ
1532 2029 1735 2069 σώματοςᾟζῳ,
1759 2035 1807 2060 καὶ
1822 2034 1859 2068 τῷ

1072 2079 1183 2115 πολίτης
1203 2080 1340 2114 γεγονέναι
1359 2080 1473 2110 πόλεων,
1496 2080 1554 2111 πῶς
1577 2080 1687 2115 ἀρκέσω
1712 2079 1859 2114 μερίμναις

1072 2125 1197 2160 ἐχούσαις
1220 2126 1376 2160 συνέχειαν;
1400 2126 1416 2160 ἢ
1437 2126 1496 2158 πῶς
1519 2126 1637 2160 ἐμαυτὸν
1657 2125 1765 2156 ἐπιδοὺς
1789 2125 1858 2159 ὗχλῳ

1072 2170 1250 2205 πραγμάτων,
1270 2170 1310 2196 ἐτι
1328 2170 1473 2205 προσόαλώ
1488 2172 1542 2202 τοῖς
1556 2170 1602 2197 νοῦ
1617 2171 1754 2202 κάλλεσιν,
1773 2170 1790 2197 ἃ
1811 2172 1858 2205 μό-

1072 2225 1120 2251 νης
1131 2216 1190 2242 ἐστὶ
1205 2216 1374 2252 καρποῦσθαι
1390 2218 1439 2251 τῆς
1455 2217 1593 2252 μακαρίας
1611 2216 1722 2251 σχολῆς;
1736 2213 1790 2247 Ἶις
1805 2226 1859 2250 χω-

1075 2261 1115 2295 ρὶς
1132 2261 1193 2295 ἐμοὶ
1209 2261 1255 2287 καὶ
1271 2262 1327 2292 τοῖς
1340 2262 1440 2296 ὁμοίοις
1455 2262 1525 2295 ἐμοὶ,
1542 2262 1615 2292 ἅπας
1633 2262 1647 2287 ὁ
1662 2261 1718 2296 βίος
1731 2261 1857 2292 ἀϐίωτος.

1079 2305 1148 2339 Ἐγὼ
1166 2307 1214 2340 μὲν
1231 2307 1281 2332 οὐκ
1297 2307 1329 2333 ἂν
1346 2307 1454 2342 εἰδείην.
1472 2307 1517 2342 Τῷ
1532 2307 1592 2343 Θεῷ
1614 2307 1651 2337 δὲ.
1669 2306 1744 2341 φασὶ,
1770 2307 1860 2333 πάντα

1071 2350 1181 2384 δυνατὰ,
1207 2352 1253 2379 καὶ
1268 2352 1302 2378 τὰ
1326 2353 1453 2380 ἀδύνατα.
1477 2354 1558 2379 Αὖτοί
1581 2361 1610 2379 τε
1630 2351 1676 2380 οὖν
1699 2353 1767 2387 ὑπὲρ
1792 2352 1861 2387 ἐμοῦ

1072 2397 1166 2430 χεῖρας
1182 2397 1297 2428 ἱκέτιδας
1308 2398 1391 2432 ἄρατε
1406 2398 1474 2433 πρὸς
1488 2398 1563 2430 Θεὸν,
1576 2398 1623 2425 καὶ
1637 2397 1676 2432 τῷ
1698 2406 1727 2423 τε
1741 2397 1770 2423 ἐν
1783 2397 1860 2424 ἄστει

1072 2441 1161 2477 δήμῳ,
1180 2443 1227 2469 καὶ
1237 2443 1293 2469 ὅσοι
1310 2443 1370 2469 κατ’
1383 2443 1483 2478 ἀγροὺς
1498 2443 1514 2478 ἢ
1534 2442 1694 2478 κωμητικὰς
1710 2441 1860 2477 ἐκκλησίας

1071 2488 1235 2520 αὐλίζονται,
1263 2488 1312 2519 τὰς
1331 2489 1401 2524 ὑπὲρ
1425 2489 1503 2524 ήμῶν
1526 2489 1619 2523 εὐχὰς,
1645 2489 1691 2515 καὶ
1714 2489 1791 2523 κοινῇ
1814 2488 1860 2514 καὶ

1071 2533 1132 2559 καθ’
1157 2534 1205 2560 ἕνα
1222 2535 1288 2561 πᾶσι
1307 2536 1530 2569 παρεγγυήσατε,
1558 2535 1588 2560 Εἰ
1613 2534 1667 2569 γὰρ
1694 2533 1732 2569 μὴ
1757 2533 1860 2569 ἕρημος

1071 2579 1266 2614 ἀπολειφθείην
1290 2579 1370 2610 Θεοῦ,
1390 2580 1449 2606 τότε
1473 2579 1613 2615 γνώσομαι
1639 2579 1688 2613 τὴν
1711 2579 1861 2613 ἱερωσύνην

1072 2623 1122 2649 οὐκ
1148 2623 1282 2652 ἀπόβασιν
1307 2622 1388 2650 οὖσαν
1414 2623 1582 2658 φιλοσοφίας,
1607 2623 1664 2650 ἀλλ’
1692 2623 1860 2650 ὲπανάὸασιν

1060 2701 1067 2711 ι
1075 2667 1131 2702 [γρ.
1151 2668 1300 2704 ἐπίϐασιν].

235 2709 318 2745 agris.
334 2715 382 2737 aut
405 2710 433 2738 in
459 2711 572 2746 paganis
588 2711 714 2739 ecclesiis
729 2711 814 2746 degit,
836 2718 896 2738 meo
909 2710 1019 2738 nomine
1038 2709 1133 2746 preces
1150 2714 1259 2748 publice
1271 2714 1455 2749 privatimque
1470 2714 1607 2743 universis
1637 2713 1761 2741 indicite.
1795 2711 1862 2739 Nam

236 2758 289 2784 sia
307 2756 362 2785 Deo
376 2757 524 2787 derelictus
541 2766 596 2786 non
615 2758 704 2792 fuero,
727 2762 784 2786 tum
801 2765 949 2794 agnoscam
973 2758 1158 2787 sacerdotium
1179 2769 1234 2788 non
1263 2762 1430 2789 descensum
1460 2769 1522 2790 esse
1546 2769 1562 2789 a
1594 2760 1780 2797 philosophia,
1816 2759 1862 2787 sed

236 2811 391 2832 ascensum.
