  <div class='ocr_page' id='page_1' title='image "/cluster/home/n/w/nwhite01/storage/ocr_20150623/66/njp.32101077772695/706.png"; bbox 0 0 1964 3058; ppageno 0'>
   <div class='ocr_carea' id='block_1_1' title="bbox 55 144 175 174">
    <p class='ocr_par' dir='ltr' id='par_1_1' title="bbox 55 144 175 174">
     <span class='ocr_line' id='line_1_1' title="bbox 55 144 175 174; baseline -0.017 0"><span class='ocrx_word' id='word_1_1' title='bbox 55 144 57 146; x_wconf 76' lang='grc'><em>’</em></span> <span class='ocrx_word' id='word_1_2' title='bbox 109 145 175 174; x_wconf 69' lang='grc'><strong>1549</strong></span> 
     </span>
    </p>
   </div>
   <div class='ocr_carea' id='block_1_2' title="bbox 380 197 620 224">
    <p class='ocr_par' dir='ltr' id='par_1_2' title="bbox 380 197 620 224">
     <span class='ocr_line' id='line_1_2' title="bbox 380 197 620 224; baseline -0.008 0"><span class='ocrx_word' id='word_1_3' title='bbox 380 197 551 224; x_wconf 81' lang='grc' dir='ltr'><strong>ΕΠΙΣΤΟΛΗ</strong></span> <span class='ocrx_word' id='word_1_4' title='bbox 573 197 620 222; x_wconf 80' lang='lat' dir='ltr'><strong>IB&#39;.</strong></span> 
     </span>
    </p>
   </div>
   <div class='ocr_carea' id='block_1_3' title="bbox 427 243 576 277">
    <p class='ocr_par' dir='ltr' id='par_1_3' title="bbox 427 243 576 277">
     <span class='ocr_line' id='line_1_3' title="bbox 427 243 576 277; baseline -0.007 -7"><span class='ocrx_word' id='word_1_5' title='bbox 427 243 576 277; x_wconf 62' lang='grc' dir='ltr'>Κυρίλλιει.</span> 
     </span>
    </p>
   </div>
   <div class='ocr_carea' id='block_1_4' title="bbox 144 288 892 326">
    <p class='ocr_par' dir='ltr' id='par_1_4' title="bbox 144 288 892 326">
     <span class='ocr_line' id='line_1_4' title="bbox 144 288 892 326; baseline -0.005 -8"><span class='ocrx_word' id='word_1_6' title='bbox 144 291 196 318; x_wconf 84' lang='grc' dir='ltr'>Ἴθι</span> <span class='ocrx_word' id='word_1_7' title='bbox 228 290 304 326; x_wconf 75' lang='grc' dir='ltr'>παρὰ</span> <span class='ocrx_word' id='word_1_8' title='bbox 329 289 378 324; x_wconf 82' lang='grc' dir='ltr'>τὴν</span> <span class='ocrx_word' id='word_1_9' title='bbox 412 289 516 324; x_wconf 79' lang='grc' dir='ltr'>μητέρα</span> <span class='ocrx_word' id='word_1_10' title='bbox 548 289 603 323; x_wconf 81' lang='grc'>(58)</span> <span class='ocrx_word' id='word_1_11' title='bbox 636 289 685 324; x_wconf 84' lang='grc' dir='ltr'>τὴν</span> <span class='ocrx_word' id='word_1_12' title='bbox 723 288 892 324; x_wconf 79' lang='grc' dir='ltr'><strong>Ἐκκλησίαν,</strong></span> 
     </span>
    </p>
   </div>
   <div class='ocr_carea' id='block_1_5' title="bbox 108 332 895 371">
    <p class='ocr_par' dir='ltr' id='par_1_5' title="bbox 108 332 895 371">
     <span class='ocr_line' id='line_1_5' title="bbox 108 332 895 371; baseline -0.006 -8"><span class='ocrx_word' id='word_1_13' title='bbox 108 335 206 369; x_wconf 78' lang='grc' dir='ltr'>ἅδελφὲ</span> <span class='ocrx_word' id='word_1_14' title='bbox 223 335 352 370; x_wconf 82' lang='grc' dir='ltr'>Κύριλλε,</span> <span class='ocrx_word' id='word_1_15' title='bbox 367 332 401 371; x_wconf 84' lang='grc' dir='ltr'>ἧς</span> <span class='ocrx_word' id='word_1_16' title='bbox 423 334 647 369; x_wconf 80' lang='grc' dir='ltr'>οὑκ-ἀπεκόπης,</span> <span class='ocrx_word' id='word_1_17' title='bbox 664 333 720 360; x_wconf 77' lang='grc' dir='ltr'>ἀλλ’</span> <span class='ocrx_word' id='word_1_18' title='bbox 742 334 782 365; x_wconf 86' lang='grc' dir='ltr'><strong>είς</strong></span> <span class='ocrx_word' id='word_1_19' title='bbox 800 333 895 368; x_wconf 81' lang='grc' dir='ltr'>καιρὸν</span> 
     </span>
    </p>
   </div>
   <div class='ocr_carea' id='block_1_6' title="bbox 111 378 895 416">
    <p class='ocr_par' dir='ltr' id='par_1_6' title="bbox 111 378 895 416">
     <span class='ocr_line' id='line_1_6' title="bbox 111 378 895 416; baseline -0.004 -9"><span class='ocrx_word' id='word_1_20' title='bbox 111 382 271 416; x_wconf 81' lang='grc' dir='ltr'>ὲχωρίσθης,</span> <span class='ocrx_word' id='word_1_21' title='bbox 288 381 318 412; x_wconf 80' lang='grc' dir='ltr'>ὃς</span> <span class='ocrx_word' id='word_1_22' title='bbox 340 382 399 412; x_wconf 86' lang='grc' dir='ltr'>ταῖς</span> <span class='ocrx_word' id='word_1_23' title='bbox 422 380 479 415; x_wconf 78' lang='grc' dir='ltr'>[γρ.</span> <span class='ocrx_word' id='word_1_24' title='bbox 501 379 516 405; x_wconf 85' lang='grc' dir='ltr'>ὃ</span> <span class='ocrx_word' id='word_1_25' title='bbox 542 379 602 414; x_wconf 76' lang='grc' dir='ltr'>καὶ]</span> <span class='ocrx_word' id='word_1_26' title='bbox 616 379 670 405; x_wconf 80' lang='grc' dir='ltr'><strong>τῶν</strong></span> <span class='ocrx_word' id='word_1_27' title='bbox 691 378 895 414; x_wconf 82' lang='grc' dir='ltr'><strong>ἁμαρτημάτων</strong></span> 
     </span>
    </p>
   </div>
   <div class='ocr_carea' id='block_1_7' title="bbox 111 423 896 462">
    <p class='ocr_par' dir='ltr' id='par_1_7' title="bbox 111 423 896 462">
     <span class='ocr_line' id='line_1_7' title="bbox 111 423 896 462; baseline -0.006 -8"><span class='ocrx_word' id='word_1_28' title='bbox 111 427 199 460; x_wconf 76' lang='grc' dir='ltr'>ἀξίαις</span> <span class='ocrx_word' id='word_1_29' title='bbox 227 427 377 462; x_wconf 84' lang='grc' dir='ltr'>διώρισται.</span> <span class='ocrx_word' id='word_1_30' title='bbox 411 424 488 452; x_wconf 90' lang='grc' dir='ltr'><strong>Δοκῶ</strong></span> <span class='ocrx_word' id='word_1_31' title='bbox 516 425 571 460; x_wconf 86' lang='grc' dir='ltr'>γὰρ</span> <span class='ocrx_word' id='word_1_32' title='bbox 598 424 697 451; x_wconf 83' lang='grc' dir='ltr'>εἰδέναι</span> <span class='ocrx_word' id='word_1_33' title='bbox 726 423 830 459; x_wconf 80' lang='grc' dir='ltr'><strong>σαφῶς,</strong></span> <span class='ocrx_word' id='word_1_34' title='bbox 856 424 896 450; x_wconf 79' lang='grc' dir='ltr'><strong>ὅτι</strong></span> 
     </span>
    </p>
   </div>
   <div class='ocr_carea' id='block_1_8' title="bbox 111 469 897 505">
    <p class='ocr_par' dir='ltr' id='par_1_8' title="bbox 111 469 897 505">
     <span class='ocr_line' id='line_1_8' title="bbox 111 469 897 505; baseline -0.004 -7"><span class='ocrx_word' id='word_1_35' title='bbox 111 473 182 498; x_wconf 81' lang='grc' dir='ltr'>τοῦτ’</span> <span class='ocrx_word' id='word_1_36' title='bbox 204 473 236 498; x_wconf 88' lang='grc' dir='ltr'>ἂν</span> <span class='ocrx_word' id='word_1_37' title='bbox 263 472 346 498; x_wconf 74' lang='grc' dir='ltr'>πάλαι</span> <span class='ocrx_word' id='word_1_38' title='bbox 366 472 412 498; x_wconf 74' lang='grc' dir='ltr'><strong>καὶ</strong></span> <span class='ocrx_word' id='word_1_39' title='bbox 435 471 449 497; x_wconf 75' lang='grc' dir='ltr'><strong>ὁ</strong></span> <span class='ocrx_word' id='word_1_40' title='bbox 472 470 560 502; x_wconf 79' lang='grc' dir='ltr'>κοινὸς</span> <span class='ocrx_word' id='word_1_41' title='bbox 584 470 663 505; x_wconf 84' lang='grc' dir='ltr'>ἡμῶν</span> <span class='ocrx_word' id='word_1_42' title='bbox 687 469 779 504; x_wconf 79' lang='grc' dir='ltr'>πατὴρ</span> <span class='ocrx_word' id='word_1_43' title='bbox 809 470 823 495; x_wconf 77' lang='grc' dir='ltr'>ὁ</span> <span class='ocrx_word' id='word_1_44' title='bbox 848 469 897 503; x_wconf 72' lang='grc' dir='ltr'><strong>τῆς</strong></span> 
     </span>
    </p>
   </div>
   <div class='ocr_carea' id='block_1_9' title="bbox 111 513 898 552">
    <p class='ocr_par' dir='ltr' id='par_1_9' title="bbox 111 513 898 552">
     <span class='ocr_line' id='line_1_9' title="bbox 111 513 898 552; baseline -0.006 -8"><span class='ocrx_word' id='word_1_45' title='bbox 111 517 186 548; x_wconf 78' lang='grc' dir='ltr'>ὁσίας</span> <span class='ocrx_word' id='word_1_46' title='bbox 204 518 313 552; x_wconf 75' lang='grc' dir='ltr'>μνήμης</span> <span class='ocrx_word' id='word_1_47' title='bbox 330 516 467 551; x_wconf 81' lang='grc' dir='ltr'>ἐποίησεν,</span> <span class='ocrx_word' id='word_1_48' title='bbox 484 516 508 541; x_wconf 84' lang='grc' dir='ltr'><strong>εί</strong></span> <span class='ocrx_word' id='word_1_49' title='bbox 525 515 561 551; x_wconf 83' lang='grc' dir='ltr'>μὴ</span> <span class='ocrx_word' id='word_1_50' title='bbox 579 515 609 541; x_wconf 82' lang='grc' dir='ltr'>τὸ</span> <span class='ocrx_word' id='word_1_51' title='bbox 627 514 715 550; x_wconf 87' lang='grc' dir='ltr'>χρεὼν</span> <span class='ocrx_word' id='word_1_52' title='bbox 732 514 842 548; x_wconf 72' lang='grc' dir='ltr'>ἔφθασε.</span> <span class='ocrx_word' id='word_1_53' title='bbox 861 513 898 540; x_wconf 81' lang='grc' dir='ltr'><strong>Τὸ</strong></span> 
     </span>
    </p>
   </div>
   <div class='ocr_carea' id='block_1_10' title="bbox 113 558 898 599">
    <p class='ocr_par' dir='ltr' id='par_1_10' title="bbox 113 558 898 599">
     <span class='ocr_line' id='line_1_10' title="bbox 113 558 898 599; baseline -0.006 -9"><span class='ocrx_word' id='word_1_54' title='bbox 113 564 167 599; x_wconf 81' lang='grc' dir='ltr'>γὰρ</span> <span class='ocrx_word' id='word_1_55' title='bbox 178 565 208 590; x_wconf 79' lang='grc' dir='ltr'>ἐν</span> <span class='ocrx_word' id='word_1_56' title='bbox 222 564 313 598; x_wconf 82' lang='grc' dir='ltr'>μέτρῳ</span> <span class='ocrx_word' id='word_1_57' title='bbox 327 563 406 595; x_wconf 84' lang='grc' dir='ltr'>τάξαι</span> <span class='ocrx_word' id='word_1_58' title='bbox 421 562 470 597; x_wconf 82' lang='grc' dir='ltr'>τὴν</span> <span class='ocrx_word' id='word_1_59' title='bbox 483 561 628 597; x_wconf 86' lang='grc' dir='ltr'>τιμωρίαν,</span> <span class='ocrx_word' id='word_1_60' title='bbox 643 560 754 595; x_wconf 78' lang='grc' dir='ltr'><strong>γνώμης</strong></span> <span class='ocrx_word' id='word_1_61' title='bbox 768 558 802 594; x_wconf 80' lang='grc' dir='ltr'>ἦν</span> <span class='ocrx_word' id='word_1_62' title='bbox 818 559 898 590; x_wconf 80' lang='grc' dir='ltr'>εὐθὺς</span> 
     </span>
    </p>
   </div>
   <div class='ocr_carea' id='block_1_11' title="bbox 114 604 899 645">
    <p class='ocr_par' dir='ltr' id='par_1_11' title="bbox 114 604 899 645">
     <span class='ocr_line' id='line_1_11' title="bbox 114 604 899 645; baseline -0.006 -9"><span class='ocrx_word' id='word_1_63' title='bbox 114 609 331 645; x_wconf 81' lang='grc' dir='ltr'>ὑπισχνουμένης</span> <span class='ocrx_word' id='word_1_64' title='bbox 356 607 529 643; x_wconf 76' lang='grc' dir='ltr'>συγγνώμην.</span> <span class='ocrx_word' id='word_1_65' title='bbox 547 607 631 633; x_wconf 74' lang='grc' dir='ltr'>Αὑτὸν</span> <span class='ocrx_word' id='word_1_66' title='bbox 654 605 700 633; x_wconf 71' lang='grc' dir='ltr'>οὖν</span> <span class='ocrx_word' id='word_1_67' title='bbox 724 607 826 632; x_wconf 81' lang='grc' dir='ltr'>ἐκεῖνον</span> <span class='ocrx_word' id='word_1_68' title='bbox 854 604 899 631; x_wconf 64' lang='grc' dir='ltr'>τὸν</span> 
     </span>
    </p>
   </div>
   <div class='ocr_carea' id='block_1_12' title="bbox 114 650 900 690">
    <p class='ocr_par' dir='ltr' id='par_1_12' title="bbox 114 650 900 690">
     <span class='ocr_line' id='line_1_12' title="bbox 114 650 900 690; baseline -0.006 -9"><span class='ocrx_word' id='word_1_69' title='bbox 114 656 187 681; x_wconf 85' lang='grc' dir='ltr'>ὅσιον</span> <span class='ocrx_word' id='word_1_70' title='bbox 203 655 278 690; x_wconf 82' lang='grc' dir='ltr'>ἱερέα</span> <span class='ocrx_word' id='word_1_71' title='bbox 296 654 389 689; x_wconf 80' lang='grc' dir='ltr'>νόμιζέ</span> <span class='ocrx_word' id='word_1_72' title='bbox 414 663 455 680; x_wconf 91' lang='grc' dir='ltr'><strong>σοι</strong></span> <span class='ocrx_word' id='word_1_73' title='bbox 477 654 621 680; x_wconf 73' lang='grc' dir='ltr'><strong>δεδωκέναι</strong></span> <span class='ocrx_word' id='word_1_74' title='bbox 638 652 687 686; x_wconf 81' lang='grc' dir='ltr'><strong>τὴν</strong></span> <span class='ocrx_word' id='word_1_75' title='bbox 713 651 834 681; x_wconf 72' lang='grc' dir='ltr'>κάθοδον,</span> <span class='ocrx_word' id='word_1_76' title='bbox 853 650 900 676; x_wconf 71' lang='grc' dir='ltr'>καὶ</span> 
     </span>
    </p>
   </div>
   <div class='ocr_carea' id='block_1_13' title="bbox 115 697 900 737">
    <p class='ocr_par' dir='ltr' id='par_1_13' title="bbox 115 697 900 737">
     <span class='ocr_line' id='line_1_13' title="bbox 115 697 900 737; baseline -0.006 -10"><span class='ocrx_word' id='word_1_77' title='bbox 115 700 246 737; x_wconf 79' lang='grc' dir='ltr'><strong>πρόσελθε</strong></span> <span class='ocrx_word' id='word_1_78' title='bbox 270 699 308 735; x_wconf 86' lang='grc' dir='ltr'><strong>τῷ</strong></span> <span class='ocrx_word' id='word_1_79' title='bbox 330 700 389 735; x_wconf 82' lang='grc' dir='ltr'><strong>Θεῷ</strong></span> <span class='ocrx_word' id='word_1_80' title='bbox 412 698 601 734; x_wconf 85' lang='grc' dir='ltr'>καθαρευούσῃ</span> <span class='ocrx_word' id='word_1_81' title='bbox 626 697 727 728; x_wconf 77' lang='grc' dir='ltr'>πάθους</span> <span class='ocrx_word' id='word_1_82' title='bbox 749 697 832 731; x_wconf 75' lang='grc' dir='ltr'>ψυχῇ,</span> <span class='ocrx_word' id='word_1_83' title='bbox 853 697 900 722; x_wconf 77' lang='grc' dir='ltr'>καὶ</span> 
     </span>
    </p>
   </div>
   <div class='ocr_carea' id='block_1_14' title="bbox 116 741 899 782">
    <p class='ocr_par' dir='ltr' id='par_1_14' title="bbox 116 741 899 782">
     <span class='ocr_line' id='line_1_14' title="bbox 116 741 899 782; baseline -0.008 -9"><span class='ocrx_word' id='word_1_84' title='bbox 116 747 268 782; x_wconf 76' lang='grc' dir='ltr'><strong>ἀμνηστίαν</strong></span> <span class='ocrx_word' id='word_1_85' title='bbox 284 746 383 781; x_wconf 78' lang='grc' dir='ltr'>ἐχούσῃ</span> <span class='ocrx_word' id='word_1_86' title='bbox 404 745 508 772; x_wconf 83' lang='grc' dir='ltr'>κακῶν.</span> <span class='ocrx_word' id='word_1_87' title='bbox 531 744 611 771; x_wconf 79' lang='grc' dir='ltr'>Ἀλλὰ</span> <span class='ocrx_word' id='word_1_88' title='bbox 628 744 675 771; x_wconf 76' lang='grc' dir='ltr'>καὶ</span> <span class='ocrx_word' id='word_1_89' title='bbox 691 743 735 770; x_wconf 74' lang='grc' dir='ltr'>διὰ</span> <span class='ocrx_word' id='word_1_90' title='bbox 750 743 840 777; x_wconf 85' lang='grc' dir='ltr'>πάσης</span> <span class='ocrx_word' id='word_1_91' title='bbox 854 741 899 767; x_wconf 85' lang='grc' dir='ltr'>εὐ-</span> 
     </span>
    </p>
   </div>
   <div class='ocr_carea' id='block_1_15' title="bbox 116 787 901 828">
    <p class='ocr_par' dir='ltr' id='par_1_15' title="bbox 116 787 901 828">
     <span class='ocr_line' id='line_1_15' title="bbox 116 787 901 828; baseline -0.009 -9"><span class='ocrx_word' id='word_1_92' title='bbox 116 795 206 828; x_wconf 79' lang='grc' dir='ltr'>φήμου</span> <span class='ocrx_word' id='word_1_93' title='bbox 233 793 342 828; x_wconf 85' lang='grc' dir='ltr'><strong>μνήμης</strong></span> <span class='ocrx_word' id='word_1_94' title='bbox 368 792 417 825; x_wconf 83' lang='grc' dir='ltr'>ἄγε</span> <span class='ocrx_word' id='word_1_95' title='bbox 440 791 486 817; x_wconf 79' lang='grc' dir='ltr'>τὸν</span> <span class='ocrx_word' id='word_1_96' title='bbox 511 791 582 826; x_wconf 70' lang='grc' dir='ltr'>ἱερὸν</span> <span class='ocrx_word' id='word_1_97' title='bbox 601 791 713 822; x_wconf 76' lang='grc' dir='ltr'>ἐκεῖνον,</span> <span class='ocrx_word' id='word_1_98' title='bbox 731 789 777 816; x_wconf 79' lang='grc' dir='ltr'>καὶ</span> <span class='ocrx_word' id='word_1_99' title='bbox 790 787 901 822; x_wconf 77' lang='grc' dir='ltr'><strong>θεοφιλῆ</strong></span> 
     </span>
    </p>
   </div>
   <div class='ocr_carea' id='block_1_16' title="bbox 117 833 900 873">
    <p class='ocr_par' dir='ltr' id='par_1_16' title="bbox 117 833 900 873">
     <span class='ocr_line' id='line_1_16' title="bbox 117 833 900 873; baseline -0.005 -10"><span class='ocrx_word' id='word_1_100' title='bbox 117 837 287 873; x_wconf 75' lang='grc' dir='ltr'>πρεσϐύτην,</span> <span class='ocrx_word' id='word_1_101' title='bbox 312 837 358 862; x_wconf 86' lang='grc' dir='ltr'><strong>τὸν</strong></span> <span class='ocrx_word' id='word_1_102' title='bbox 384 836 563 869; x_wconf 81' lang='grc' dir='ltr'>ἀποδείξαντά</span> <span class='ocrx_word' id='word_1_103' title='bbox 591 844 621 862; x_wconf 90' lang='grc' dir='ltr'><strong>σε</strong></span> <span class='ocrx_word' id='word_1_104' title='bbox 648 834 779 870; x_wconf 76' lang='grc' dir='ltr'>πρόεδρον</span> <span class='ocrx_word' id='word_1_105' title='bbox 803 833 900 868; x_wconf 84' lang='grc' dir='ltr'>δήμου.</span> 
     </span>
    </p>
   </div>
   <div class='ocr_carea' id='block_1_17' title="bbox 117 881 680 916">
    <p class='ocr_par' dir='ltr' id='par_1_17' title="bbox 117 881 680 916">
     <span class='ocr_line' id='line_1_17' title="bbox 117 881 680 916; baseline -0.005 -7"><span class='ocrx_word' id='word_1_106' title='bbox 117 884 228 915; x_wconf 84' lang='grc' dir='ltr'><strong>Πάντως</strong></span> <span class='ocrx_word' id='word_1_107' title='bbox 243 891 284 909; x_wconf 90' lang='grc' dir='ltr'><strong>σοι</strong></span> <span class='ocrx_word' id='word_1_108' title='bbox 299 882 346 909; x_wconf 77' lang='grc' dir='ltr'>καὶ</span> <span class='ocrx_word' id='word_1_109' title='bbox 363 881 441 908; x_wconf 81' lang='grc' dir='ltr'>τοῦτο</span> <span class='ocrx_word' id='word_1_110' title='bbox 455 882 505 908; x_wconf 85' lang='grc' dir='ltr'><strong>οὐκ</strong></span> <span class='ocrx_word' id='word_1_111' title='bbox 519 881 680 916; x_wconf 83' lang='grc' dir='ltr'>ἀποθύμιον.</span> 
     </span>
    </p>
   </div>
   <div class='ocr_carea' id='block_1_18' title="bbox 389 968 630 997">
    <p class='ocr_par' dir='ltr' id='par_1_18' title="bbox 389 968 630 997">
     <span class='ocr_line' id='line_1_18' title="bbox 389 968 630 997; baseline -0.012 0"><span class='ocrx_word' id='word_1_112' title='bbox 389 969 560 997; x_wconf 82' lang='grc' dir='ltr'><strong>ΕΠΙΣΤΟΛΗ</strong></span> <span class='ocrx_word' id='word_1_113' title='bbox 579 968 630 995; x_wconf 84' lang='lat' dir='ltr'><strong>Il&quot;.</strong></span> 
     </span>
    </p>
   </div>
   <div class='ocr_carea' id='block_1_19' title="bbox 312 1013 707 1050">
    <p class='ocr_par' dir='ltr' id='par_1_19' title="bbox 312 1013 707 1050">
     <span class='ocr_line' id='line_1_19' title="bbox 312 1013 707 1050; baseline -0.008 -7"><span class='ocrx_word' id='word_1_114' title='bbox 312 1016 412 1050; x_wconf 78' lang='grc' dir='ltr'>Πέτρῳ</span> <span class='ocrx_word' id='word_1_115' title='bbox 433 1015 622 1049; x_wconf 75' lang='grc' dir='ltr'>πρεσϐυτέρῳ</span> <span class='ocrx_word' id='word_1_116' title='bbox 641 1013 707 1049; x_wconf 79' lang='lat'><strong>(39).</strong></span> 
     </span>
    </p>
   </div>
   <div class='ocr_carea' id='block_1_20' title="bbox 154 1060 904 1098">
    <p class='ocr_par' dir='ltr' id='par_1_20' title="bbox 154 1060 904 1098">
     <span class='ocr_line' id='line_1_20' title="bbox 154 1060 904 1098; baseline -0.004 -8"><span class='ocrx_word' id='word_1_117' title='bbox 154 1063 221 1094; x_wconf 81' lang='grc' dir='ltr'>Θεὸς</span> <span class='ocrx_word' id='word_1_118' title='bbox 240 1063 359 1098; x_wconf 71' lang='grc' dir='ltr'>ἡγείσθω</span> <span class='ocrx_word' id='word_1_119' title='bbox 383 1062 482 1093; x_wconf 87' lang='grc' dir='ltr'>παντὸς</span> <span class='ocrx_word' id='word_1_120' title='bbox 511 1061 591 1096; x_wconf 72' lang='grc' dir='ltr'>ἔργου</span> <span class='ocrx_word' id='word_1_121' title='bbox 617 1062 663 1087; x_wconf 75' lang='grc' dir='ltr'><strong>καὶ</strong></span> <span class='ocrx_word' id='word_1_122' title='bbox 687 1061 776 1094; x_wconf 75' lang='grc' dir='ltr'>λόγου.</span> <span class='ocrx_word' id='word_1_123' title='bbox 800 1060 852 1088; x_wconf 82' lang='grc' dir='ltr'>Τὸν</span> <span class='ocrx_word' id='word_1_124' title='bbox 875 1061 904 1087; x_wconf 78' lang='grc' dir='ltr'>δὲ</span> 
     </span>
    </p>
   </div>
   <div class='ocr_carea' id='block_1_21' title="bbox 119 1107 906 1145">
    <p class='ocr_par' dir='ltr' id='par_1_21' title="bbox 119 1107 906 1145">
     <span class='ocr_line' id='line_1_21' title="bbox 119 1107 906 1145; baseline -0.004 -9"><span class='ocrx_word' id='word_1_125' title='bbox 119 1109 297 1145; x_wconf 80' lang='grc' dir='ltr'>διακομιστὴν</span> <span class='ocrx_word' id='word_1_126' title='bbox 318 1108 371 1135; x_wconf 85' lang='grc' dir='ltr'><strong>τῶν</strong></span> <span class='ocrx_word' id='word_1_127' title='bbox 386 1108 582 1144; x_wconf 77' lang='grc' dir='ltr'><strong>πανηγυρικῶν</strong></span> <span class='ocrx_word' id='word_1_128' title='bbox 597 1107 780 1143; x_wconf 73' lang='grc' dir='ltr'>γραμμάτιον,</span> <span class='ocrx_word' id='word_1_129' title='bbox 802 1107 819 1134; x_wconf 81' lang='grc' dir='ltr'>ἃ</span> <span class='ocrx_word' id='word_1_130' title='bbox 839 1116 906 1133; x_wconf 86' lang='grc' dir='ltr'>κατ-</span> 
     </span>
    </p>
   </div>
   <div class='ocr_carea' id='block_1_22' title="bbox 121 1153 905 1190">
    <p class='ocr_par' dir='ltr' id='par_1_22' title="bbox 121 1153 905 1190">
     <span class='ocr_line' id='line_1_22' title="bbox 121 1153 905 1190; baseline -0.005 -8"><span class='ocrx_word' id='word_1_131' title='bbox 121 1155 247 1190; x_wconf 80' lang='grc' dir='ltr'>αγγέλλει</span> <span class='ocrx_word' id='word_1_132' title='bbox 263 1155 312 1190; x_wconf 82' lang='grc' dir='ltr'>τὴν</span> <span class='ocrx_word' id='word_1_133' title='bbox 327 1155 424 1190; x_wconf 82' lang='grc' dir='ltr'>κυρίαν</span> <span class='ocrx_word' id='word_1_134' title='bbox 446 1154 501 1189; x_wconf 72' lang='grc'><strong>(40)</strong></span> <span class='ocrx_word' id='word_1_135' title='bbox 517 1154 566 1189; x_wconf 82' lang='grc' dir='ltr'>τῆς</span> <span class='ocrx_word' id='word_1_136' title='bbox 581 1154 676 1189; x_wconf 77' lang='grc' dir='ltr'>ἑορτῆς</span> <span class='ocrx_word' id='word_1_137' title='bbox 690 1153 796 1188; x_wconf 82' lang='grc' dir='ltr'>ἡμέραν</span> <span class='ocrx_word' id='word_1_138' title='bbox 813 1154 905 1179; x_wconf 76' lang='grc' dir='ltr'>ἐννεα-</span> 
     </span>
    </p>
   </div>
   <div class='ocr_carea' id='block_1_23' title="bbox 121 1198 906 1236">
    <p class='ocr_par' dir='ltr' id='par_1_23' title="bbox 121 1198 906 1236">
     <span class='ocr_line' id='line_1_23' title="bbox 121 1198 906 1236; baseline -0.005 -8"><span class='ocrx_word' id='word_1_139' title='bbox 121 1201 283 1236; x_wconf 77' lang='grc' dir='ltr'>καιδεκάτην</span> <span class='ocrx_word' id='word_1_140' title='bbox 296 1200 342 1227; x_wconf 79' lang='grc' dir='ltr'>τοῦ</span> <span class='ocrx_word' id='word_1_141' title='bbox 363 1199 503 1235; x_wconf 79' lang='grc' dir='ltr'>Φαρμουθὶ</span> <span class='ocrx_word' id='word_1_142' title='bbox 522 1199 615 1234; x_wconf 78' lang='grc' dir='ltr'>μηνὸς,</span> <span class='ocrx_word' id='word_1_143' title='bbox 627 1199 665 1230; x_wconf 86' lang='grc' dir='ltr'>ὡς</span> <span class='ocrx_word' id='word_1_144' title='bbox 681 1199 730 1233; x_wconf 81' lang='grc' dir='ltr'>τῆς</span> <span class='ocrx_word' id='word_1_145' title='bbox 743 1199 788 1224; x_wconf 75' lang='grc' dir='ltr'>ἐπὶ</span> <span class='ocrx_word' id='word_1_146' title='bbox 804 1198 906 1233; x_wconf 84' lang='grc' dir='ltr'>ταύτην</span> 
     </span>
    </p>
   </div>
   <div class='ocr_carea' id='block_1_24' title="bbox 121 1243 905 1282">
    <p class='ocr_par' dir='ltr' id='par_1_24' title="bbox 121 1243 905 1282">
     <span class='ocr_line' id='line_1_24' title="bbox 121 1243 905 1282; baseline -0.006 -8"><span class='ocrx_word' id='word_1_147' title='bbox 121 1246 241 1282; x_wconf 80' lang='grc' dir='ltr'><strong>ἀγούσης</strong></span> <span class='ocrx_word' id='word_1_148' title='bbox 252 1245 347 1277; x_wconf 78' lang='grc' dir='ltr'>νυκτὸς</span> <span class='ocrx_word' id='word_1_149' title='bbox 366 1245 397 1272; x_wconf 80' lang='grc' dir='ltr'>τὸ</span> <span class='ocrx_word' id='word_1_150' title='bbox 412 1245 596 1279; x_wconf 85' lang='grc' dir='ltr'>ἀναστάσιμον</span> <span class='ocrx_word' id='word_1_151' title='bbox 619 1243 733 1279; x_wconf 76' lang='grc' dir='ltr'>ἐχούσης</span> <span class='ocrx_word' id='word_1_152' title='bbox 748 1245 905 1278; x_wconf 82' lang='grc' dir='ltr'>μυστήριον,</span> 
     </span>
    </p>
   </div>
   <div class='ocr_carea' id='block_1_25' title="bbox 121 1289 907 1326">
    <p class='ocr_par' dir='ltr' id='par_1_25' title="bbox 121 1289 907 1326">
     <span class='ocr_line' id='line_1_25' title="bbox 121 1289 907 1326; baseline -0.006 -7"><span class='ocrx_word' id='word_1_153' title='bbox 121 1292 214 1319; x_wconf 78' lang='grc' dir='ltr'>τοῦτον</span> <span class='ocrx_word' id='word_1_154' title='bbox 235 1292 281 1318; x_wconf 74' lang='grc' dir='ltr'>καὶ</span> <span class='ocrx_word' id='word_1_155' title='bbox 294 1291 450 1326; x_wconf 78' lang='grc' dir='ltr'>προσιόντα,</span> <span class='ocrx_word' id='word_1_156' title='bbox 474 1290 521 1317; x_wconf 71' lang='grc' dir='ltr'><strong>καὶ</strong></span> <span class='ocrx_word' id='word_1_157' title='bbox 541 1290 687 1316; x_wconf 74' lang='grc' dir='ltr'>ἐπανιόντα</span> <span class='ocrx_word' id='word_1_158' title='bbox 704 1289 907 1323; x_wconf 81' lang='grc' dir='ltr'>φιλανθρωπίας</span> 
     </span>
    </p>
   </div>
   <div class='ocr_carea' id='block_1_26' title="bbox 123 1335 907 1373">
    <p class='ocr_par' dir='ltr' id='par_1_26' title="bbox 123 1335 907 1373">
     <span class='ocr_line' id='line_1_26' title="bbox 123 1335 907 1373; baseline -0.006 -9"><span class='ocrx_word' id='word_1_159' title='bbox 123 1338 233 1373; x_wconf 81' lang='grc' dir='ltr'>ἁπάσης</span> <span class='ocrx_word' id='word_1_160' title='bbox 256 1337 405 1369; x_wconf 72' lang='grc' dir='ltr'>ἀξιώσατε·</span> <span class='ocrx_word' id='word_1_161' title='bbox 431 1337 479 1363; x_wconf 77' lang='grc' dir='ltr'>καὶ</span> <span class='ocrx_word' id='word_1_162' title='bbox 504 1335 604 1371; x_wconf 75' lang='grc' dir='ltr'>ἀμοιϐῇ</span> <span class='ocrx_word' id='word_1_163' title='bbox 627 1335 703 1367; x_wconf 81' lang='grc' dir='ltr'>ζώων</span> <span class='ocrx_word' id='word_1_164' title='bbox 730 1335 771 1368; x_wconf 77' lang='grc' dir='ltr'><strong>ἐφ’</strong></span> <span class='ocrx_word' id='word_1_165' title='bbox 791 1335 907 1369; x_wconf 80' lang='grc' dir='ltr'>ἑκάτερα</span> 
     </span>
    </p>
   </div>
   <div class='ocr_carea' id='block_1_27' title="bbox 123 1380 908 1418">
    <p class='ocr_par' dir='ltr' id='par_1_27' title="bbox 123 1380 908 1418">
     <span class='ocr_line' id='line_1_27' title="bbox 123 1380 908 1418; baseline -0.005 -9"><span class='ocrx_word' id='word_1_166' title='bbox 123 1382 261 1418; x_wconf 79' lang='grc' dir='ltr'>πέμψατε.</span> <span class='ocrx_word' id='word_1_167' title='bbox 281 1383 374 1414; x_wconf 83' lang='grc' dir='ltr'><strong>Ὅστις</strong></span> <span class='ocrx_word' id='word_1_168' title='bbox 397 1381 467 1417; x_wconf 74' lang='grc' dir='ltr'>ὑπὲρ</span> <span class='ocrx_word' id='word_1_169' title='bbox 487 1381 533 1407; x_wconf 82' lang='grc' dir='ltr'><strong>τοῦ</strong></span> <span class='ocrx_word' id='word_1_170' title='bbox 554 1380 590 1416; x_wconf 84' lang='grc' dir='ltr'>μὴ</span> <span class='ocrx_word' id='word_1_171' title='bbox 616 1380 742 1414; x_wconf 85' lang='grc' dir='ltr'>γενέσθαι</span> <span class='ocrx_word' id='word_1_172' title='bbox 759 1381 818 1410; x_wconf 86' lang='grc' dir='ltr'>ταῖς</span> <span class='ocrx_word' id='word_1_173' title='bbox 848 1380 908 1405; x_wconf 83' lang='grc' dir='ltr'><strong>Ἔκ-</strong></span> 
     </span>
    </p>
   </div>
   <div class='ocr_carea' id='block_1_28' title="bbox 123 1426 909 1465">
    <p class='ocr_par' dir='ltr' id='par_1_28' title="bbox 123 1426 909 1465">
     <span class='ocr_line' id='line_1_28' title="bbox 123 1426 909 1465; baseline -0.008 -9"><span class='ocrx_word' id='word_1_174' title='bbox 123 1429 248 1465; x_wconf 83' lang='grc' dir='ltr'>κλησίαις</span> <span class='ocrx_word' id='word_1_175' title='bbox 269 1429 373 1460; x_wconf 77' lang='grc' dir='ltr'>ἐλλιπὲς</span> <span class='ocrx_word' id='word_1_176' title='bbox 390 1427 448 1458; x_wconf 76' lang='grc' dir='ltr'>ἔθος</span> <span class='ocrx_word' id='word_1_177' title='bbox 466 1428 588 1463; x_wconf 82' lang='grc' dir='ltr'>ἀρχαῖον,</span> <span class='ocrx_word' id='word_1_178' title='bbox 602 1427 648 1453; x_wconf 71' lang='grc' dir='ltr'>καὶ</span> <span class='ocrx_word' id='word_1_179' title='bbox 670 1426 794 1461; x_wconf 75' lang='grc' dir='ltr'>πάτριον,</span> <span class='ocrx_word' id='word_1_180' title='bbox 817 1426 909 1459; x_wconf 74' lang='grc' dir='ltr'>μέσοις</span> 
     </span>
    </p>
   </div>
   <div class='ocr_carea' id='block_1_29' title="bbox 124 1471 909 1508">
    <p class='ocr_par' dir='ltr' id='par_1_29' title="bbox 124 1471 909 1508">
     <span class='ocr_line' id='line_1_29' title="bbox 124 1471 909 1508; baseline -0.008 -6"><span class='ocrx_word' id='word_1_181' title='bbox 124 1475 220 1501; x_wconf 81' lang='grc' dir='ltr'>ἑαυτὸν</span> <span class='ocrx_word' id='word_1_182' title='bbox 233 1476 288 1506; x_wconf 86' lang='grc' dir='ltr'>τοῖς</span> <span class='ocrx_word' id='word_1_183' title='bbox 300 1474 353 1501; x_wconf 85' lang='grc' dir='ltr'><strong>τῶν</strong></span> <span class='ocrx_word' id='word_1_184' title='bbox 368 1473 504 1508; x_wconf 84' lang='grc' dir='ltr'>πολεμίων</span> <span class='ocrx_word' id='word_1_185' title='bbox 520 1473 611 1504; x_wconf 81' lang='grc' dir='ltr'>ὅπλοις</span> <span class='ocrx_word' id='word_1_186' title='bbox 625 1472 771 1503; x_wconf 73' lang='grc' dir='ltr'>ἐπέδωκεν,</span> <span class='ocrx_word' id='word_1_187' title='bbox 790 1471 909 1502; x_wconf 81' lang='grc' dir='ltr'>ὑποστὰς</span> 
     </span>
    </p>
   </div>
   <div class='ocr_carea' id='block_1_30' title="bbox 123 1516 910 1556">
    <p class='ocr_par' dir='ltr' id='par_1_30' title="bbox 123 1516 910 1556">
     <span class='ocr_line' id='line_1_30' title="bbox 123 1516 910 1556; baseline -0.006 -9"><span class='ocrx_word' id='word_1_188' title='bbox 123 1521 298 1556; x_wconf 81' lang='grc' dir='ltr'>ὁδοιπορῆσαι</span> <span class='ocrx_word' id='word_1_189' title='bbox 322 1520 356 1546; x_wconf 80' lang='grc' dir='ltr'>δι’</span> <span class='ocrx_word' id='word_1_190' title='bbox 388 1519 507 1546; x_wconf 85' lang='grc' dir='ltr'>ὑπόπτου</span> <span class='ocrx_word' id='word_1_191' title='bbox 535 1519 584 1553; x_wconf 81' lang='grc' dir='ltr'>τῆς</span> <span class='ocrx_word' id='word_1_192' title='bbox 614 1517 715 1553; x_wconf 78' lang='grc' dir='ltr'>χώρας.</span> <span class='ocrx_word' id='word_1_193' title='bbox 745 1517 837 1543; x_wconf 82' lang='grc' dir='ltr'>Ταῦτα</span> <span class='ocrx_word' id='word_1_194' title='bbox 863 1516 910 1543; x_wconf 79' lang='grc' dir='ltr'><strong>καὶ</strong></span> 
     </span>
    </p>
   </div>
   <div class='ocr_carea' id='block_1_31' title="bbox 124 1562 910 1601">
    <p class='ocr_par' dir='ltr' id='par_1_31' title="bbox 124 1562 910 1601">
     <span class='ocr_line' id='line_1_31' title="bbox 124 1562 910 1601; baseline -0.006 -8"><span class='ocrx_word' id='word_1_195' title='bbox 124 1566 214 1593; x_wconf 83' lang='grc' dir='ltr'>πείθει</span> <span class='ocrx_word' id='word_1_196' title='bbox 223 1566 273 1601; x_wconf 82' lang='grc' dir='ltr'><strong>τὴν</strong></span> <span class='ocrx_word' id='word_1_197' title='bbox 288 1565 364 1591; x_wconf 89' lang='grc' dir='ltr'>πόλιν</span> <span class='ocrx_word' id='word_1_198' title='bbox 377 1565 448 1600; x_wconf 83' lang='grc' dir='ltr'>ὑπὲρ</span> <span class='ocrx_word' id='word_1_199' title='bbox 463 1564 542 1599; x_wconf 77' lang='grc' dir='ltr'>ἡμῶν</span> <span class='ocrx_word' id='word_1_200' title='bbox 553 1563 689 1598; x_wconf 77' lang='grc' dir='ltr'>εὔχεσθαι.</span> <span class='ocrx_word' id='word_1_201' title='bbox 706 1564 751 1589; x_wconf 84' lang='grc' dir='ltr'><strong>Δεῖ</strong></span> <span class='ocrx_word' id='word_1_202' title='bbox 763 1563 816 1598; x_wconf 78' lang='grc' dir='ltr'>γὰρ</span> <span class='ocrx_word' id='word_1_203' title='bbox 827 1562 910 1597; x_wconf 76' lang='grc' dir='ltr'>αὐτὴν</span> 
     </span>
    </p>
   </div>
   <div class='ocr_carea' id='block_1_32' title="bbox 124 1608 912 1646">
    <p class='ocr_par' dir='ltr' id='par_1_32' title="bbox 124 1608 912 1646">
     <span class='ocr_line' id='line_1_32' title="bbox 124 1608 912 1646; baseline -0.009 -6"><span class='ocrx_word' id='word_1_204' title='bbox 124 1612 250 1640; x_wconf 71' lang='grc' dir='ltr'>ἐντεῦθεν</span> <span class='ocrx_word' id='word_1_205' title='bbox 273 1612 324 1646; x_wconf 74' lang='grc' dir='ltr'>ἤδη</span> <span class='ocrx_word' id='word_1_206' title='bbox 352 1611 400 1645; x_wconf 86' lang='grc' dir='ltr'><strong>τὴν</strong></span> <span class='ocrx_word' id='word_1_207' title='bbox 425 1611 474 1645; x_wconf 84' lang='grc' dir='ltr'>τῆς</span> <span class='ocrx_word' id='word_1_208' title='bbox 500 1609 620 1644; x_wconf 74' lang='grc' dir='ltr'><strong>ἐφ’ήμίν</strong></span> <span class='ocrx_word' id='word_1_209' title='bbox 637 1609 762 1640; x_wconf 75' lang='grc' dir='ltr'>ἀϐουλίας</span> <span class='ocrx_word' id='word_1_210' title='bbox 788 1608 912 1642; x_wconf 77' lang='grc' dir='ltr'>αἴσθησιν</span> 
     </span>
    </p>
   </div>
   <div class='ocr_carea' id='block_1_33' title="bbox 126 1649 913 1692">
    <p class='ocr_par' dir='ltr' id='par_1_33' title="bbox 126 1649 913 1692">
     <span class='ocr_line' id='line_1_33' title="bbox 126 1649 913 1692; baseline -0.009 -7"><span class='ocrx_word' id='word_1_211' title='bbox 126 1658 267 1691; x_wconf 82' lang='grc' dir='ltr'>δέξασθαι,</span> <span class='ocrx_word' id='word_1_212' title='bbox 280 1657 341 1692; x_wconf 79' lang='grc' dir='ltr'>ἥτις</span> <span class='ocrx_word' id='word_1_213' title='bbox 367 1655 496 1682; x_wconf 75' lang='grc' dir='ltr'>ἐκάλεσεν</span> <span class='ocrx_word' id='word_1_214' title='bbox 512 1656 551 1686; x_wconf 84' lang='grc' dir='ltr'><strong>είς</strong></span> <span class='ocrx_word' id='word_1_215' title='bbox 569 1654 728 1689; x_wconf 85' lang='grc' dir='ltr'>ἱερωσύνην,</span> <span class='ocrx_word' id='word_1_216' title='bbox 743 1654 791 1688; x_wconf 83' lang='grc' dir='ltr'>οὑχ</span> <span class='ocrx_word' id='word_1_217' title='bbox 841 1654 913 1688; x_wconf 62' lang='grc' dir='ltr'>παρα</span> 
     </span>
    </p>
   </div>
   <div class='ocr_carea' id='block_1_34' title="bbox 126 1698 915 1739">
    <p class='ocr_par' dir='ltr' id='par_1_34' title="bbox 126 1698 915 1739">
     <span class='ocr_line' id='line_1_34' title="bbox 126 1698 915 1739; baseline -0.009 -9"><span class='ocrx_word' id='word_1_218' title='bbox 126 1703 208 1739; x_wconf 78' lang='grc' dir='ltr'>ρησία</span> <span class='ocrx_word' id='word_1_219' title='bbox 223 1702 265 1734; x_wconf 86' lang='grc' dir='ltr'><strong>τίς</strong></span> <span class='ocrx_word' id='word_1_220' title='bbox 283 1702 341 1727; x_wconf 73' lang='grc' dir='ltr'>ἐστι</span> <span class='ocrx_word' id='word_1_221' title='bbox 360 1701 428 1736; x_wconf 82' lang='grc' dir='ltr'>πρὸς</span> <span class='ocrx_word' id='word_1_222' title='bbox 448 1699 513 1726; x_wconf 89' lang='grc' dir='ltr'>Θεὸν</span> <span class='ocrx_word' id='word_1_223' title='bbox 533 1699 594 1726; x_wconf 78' lang='grc' dir='ltr'><strong>ὃ).ου</strong></span> <span class='ocrx_word' id='word_1_224' title='bbox 607 1699 692 1734; x_wconf 86' lang='grc' dir='ltr'>δήμου</span> <span class='ocrx_word' id='word_1_225' title='bbox 713 1698 833 1725; x_wconf 73' lang='grc' dir='ltr'>διαϐάντι</span> <span class='ocrx_word' id='word_1_226' title='bbox 847 1705 915 1733; x_wconf 72' lang='grc' dir='ltr'>προ-ο</span> 
     </span>
    </p>
   </div>
   <div class='ocr_carea' id='block_1_35' title="bbox 126 1744 911 1782">
    <p class='ocr_par' dir='ltr' id='par_1_35' title="bbox 126 1744 911 1782">
     <span class='ocr_line' id='line_1_35' title="bbox 126 1744 911 1782; baseline -0.009 -6"><span class='ocrx_word' id='word_1_227' title='bbox 126 1748 270 1782; x_wconf 78' lang='grc' dir='ltr'>εύξασθαι“</span> <span class='ocrx_word' id='word_1_228' title='bbox 286 1747 344 1774; x_wconf 84' lang='grc' dir='ltr'>ἀλλ’</span> <span class='ocrx_word' id='word_1_229' title='bbox 358 1747 431 1778; x_wconf 81' lang='grc' dir='ltr'>ὅστις</span> <span class='ocrx_word' id='word_1_230' title='bbox 447 1746 526 1777; x_wconf 81' lang='grc' dir='ltr'>αὐτὸς</span> <span class='ocrx_word' id='word_1_231' title='bbox 540 1745 610 1780; x_wconf 75' lang='grc' dir='ltr'>ὑπὲρ</span> <span class='ocrx_word' id='word_1_232' title='bbox 621 1745 667 1771; x_wconf 81' lang='grc' dir='ltr'>τοῦ</span> <span class='ocrx_word' id='word_1_233' title='bbox 683 1745 812 1778; x_wconf 81' lang='grc' dir='ltr'>σωθῆναι,</span> <span class='ocrx_word' id='word_1_234' title='bbox 826 1744 911 1769; x_wconf 83' lang='grc' dir='ltr'>δεῖται</span> 
     </span>
    </p>
   </div>
   <div class='ocr_carea' id='block_1_36' title="bbox 126 1789 912 1830">
    <p class='ocr_par' dir='ltr' id='par_1_36' title="bbox 126 1789 912 1830">
     <span class='ocr_line' id='line_1_36' title="bbox 126 1789 912 1830; baseline -0.008 -9"><span class='ocrx_word' id='word_1_235' title='bbox 126 1794 255 1830; x_wconf 77' lang='grc' dir='ltr'>γενέσθαι</span> <span class='ocrx_word' id='word_1_236' title='bbox 269 1793 443 1828; x_wconf 85' lang='grc' dir='ltr'>δημαίτητος.</span> <span class='ocrx_word' id='word_1_237' title='bbox 461 1792 538 1817; x_wconf 77' lang='grc' dir='ltr'>Ἐπεὶ</span> <span class='ocrx_word' id='word_1_238' title='bbox 555 1791 602 1817; x_wconf 76' lang='grc' dir='ltr'>καὶ</span> <span class='ocrx_word' id='word_1_239' title='bbox 615 1791 664 1825; x_wconf 81' lang='grc' dir='ltr'>τῆς</span> <span class='ocrx_word' id='word_1_240' title='bbox 679 1790 772 1816; x_wconf 77' lang='grc' dir='ltr'>ἐνθάδε</span> <span class='ocrx_word' id='word_1_241' title='bbox 787 1789 895 1816; x_wconf 85' lang='grc' dir='ltr'>συνόδου</span> <span class='ocrx_word' id='word_1_242' title='bbox 906 1797 912 1803; x_wconf 93' lang='grc'><strong>·</strong></span> 
     </span>
    </p>
   </div>
   <div class='ocr_carea' id='block_1_37' title="bbox 127 1834 914 1876">
    <p class='ocr_par' dir='ltr' id='par_1_37' title="bbox 127 1834 914 1876">
     <span class='ocr_line' id='line_1_37' title="bbox 127 1834 914 1876; baseline -0.009 -8"><span class='ocrx_word' id='word_1_243' title='bbox 127 1841 229 1876; x_wconf 76' lang='grc' dir='ltr'>πλῆθος</span> <span class='ocrx_word' id='word_1_244' title='bbox 242 1840 270 1866; x_wconf 81' lang='grc' dir='ltr'><strong>δὲ</strong></span> <span class='ocrx_word' id='word_1_245' title='bbox 284 1839 388 1874; x_wconf 84' lang='grc' dir='ltr'>συχνῶν</span> <span class='ocrx_word' id='word_1_246' title='bbox 402 1838 495 1873; x_wconf 79' lang='grc' dir='ltr'>ἱερέων</span> <span class='ocrx_word' id='word_1_247' title='bbox 505 1846 511 1852; x_wconf 90' lang='grc'><strong>·</strong></span> <span class='ocrx_word' id='word_1_248' title='bbox 527 1836 655 1871; x_wconf 83' lang='grc' dir='ltr'>συντυχία</span> <span class='ocrx_word' id='word_1_249' title='bbox 669 1845 710 1867; x_wconf 82' lang='grc' dir='ltr'><strong>τις</strong></span> <span class='ocrx_word' id='word_1_250' title='bbox 722 1834 767 1870; x_wconf 82' lang='grc' dir='ltr'>ἦν,</span> <span class='ocrx_word' id='word_1_251' title='bbox 791 1837 824 1871; x_wconf 79' lang='grc' dir='ltr'>ἢν</span> <span class='ocrx_word' id='word_1_252' title='bbox 837 1836 850 1861; x_wconf 85' lang='grc' dir='ltr'>ὁ</span> <span class='ocrx_word' id='word_1_253' title='bbox 867 1835 914 1861; x_wconf 81' lang='grc' dir='ltr'><strong>νῦν</strong></span> 
     </span>
    </p>
   </div>
   <div class='ocr_carea' id='block_1_38' title="bbox 129 1882 916 1923">
    <p class='ocr_par' dir='ltr' id='par_1_38' title="bbox 129 1882 916 1923">
     <span class='ocr_line' id='line_1_38' title="bbox 129 1882 916 1923; baseline -0.008 -10"><span class='ocrx_word' id='word_1_254' title='bbox 129 1887 184 1923; x_wconf 75' lang='grc' dir='ltr'>[γρ.</span> <span class='ocrx_word' id='word_1_255' title='bbox 201 1886 248 1913; x_wconf 79' lang='grc' dir='ltr'>καὶ</span> <span class='ocrx_word' id='word_1_256' title='bbox 261 1886 275 1912; x_wconf 81' lang='grc' dir='ltr'>ὁ</span> <span class='ocrx_word' id='word_1_257' title='bbox 288 1885 346 1920; x_wconf 79' lang='grc' dir='ltr'>καὶ]</span> <span class='ocrx_word' id='word_1_258' title='bbox 364 1884 457 1919; x_wconf 81' lang='grc' dir='ltr'>καιρὸς</span> <span class='ocrx_word' id='word_1_259' title='bbox 473 1883 608 1919; x_wconf 72' lang='grc' dir='ltr'>ἤθροισεν,</span> <span class='ocrx_word' id='word_1_260' title='bbox 622 1882 775 1917; x_wconf 82' lang='grc' dir='ltr'>ὲπιθεμένῳ</span> <span class='ocrx_word' id='word_1_261' title='bbox 791 1891 835 1917; x_wconf 90' lang='grc' dir='ltr'><strong>μοι</strong></span> <span class='ocrx_word' id='word_1_262' title='bbox 848 1882 916 1916; x_wconf 80' lang='grc' dir='ltr'>γρά-</span> 
     </span>
    </p>
   </div>
   <div class='ocr_carea' id='block_1_39' title="bbox 127 1927 914 1968">
    <p class='ocr_par' dir='ltr' id='par_1_39' title="bbox 127 1927 914 1968">
     <span class='ocr_line' id='line_1_39' title="bbox 127 1927 914 1968; baseline -0.006 -9"><span class='ocrx_word' id='word_1_263' title='bbox 127 1934 178 1968; x_wconf 82' lang='grc' dir='ltr'><strong>ψαι</strong></span> <span class='ocrx_word' id='word_1_264' title='bbox 191 1932 259 1967; x_wconf 75' lang='grc' dir='ltr'>πρὸς</span> <span class='ocrx_word' id='word_1_265' title='bbox 275 1932 356 1966; x_wconf 78' lang='grc' dir='ltr'>ὑμᾶς.</span> <span class='ocrx_word' id='word_1_266' title='bbox 380 1928 410 1956; x_wconf 56' lang='lat' dir='ltr'><strong>EI</strong></span> <span class='ocrx_word' id='word_1_267' title='bbox 424 1930 452 1955; x_wconf 78' lang='grc' dir='ltr'>δὲ</span> <span class='ocrx_word' id='word_1_268' title='bbox 469 1928 550 1963; x_wconf 79' lang='grc' dir='ltr'>μηδὲν</span> <span class='ocrx_word' id='word_1_269' title='bbox 572 1928 650 1963; x_wconf 72' lang='grc' dir='ltr'>ἔσχον</span> <span class='ocrx_word' id='word_1_270' title='bbox 664 1928 761 1958; x_wconf 76' lang='grc' dir='ltr'>εἰπεῖν,</span> <span class='ocrx_word' id='word_1_271' title='bbox 777 1927 839 1953; x_wconf 82' lang='grc' dir='ltr'>οἴων</span> <span class='ocrx_word' id='word_1_272' title='bbox 858 1927 914 1962; x_wconf 57' lang='lat'><strong>[713.</strong></span> 
     </span>
    </p>
   </div>
   <div class='ocr_carea' id='block_1_40' title="bbox 129 1973 913 2013">
    <p class='ocr_par' dir='ltr' id='par_1_40' title="bbox 129 1973 913 2013">
     <span class='ocr_line' id='line_1_40' title="bbox 129 1973 913 2013; baseline -0.01 -8"><span class='ocrx_word' id='word_1_273' title='bbox 129 1979 178 2006; x_wconf 66' lang='grc' dir='ltr'>καὶ</span> <span class='ocrx_word' id='word_1_274' title='bbox 188 1976 254 2013; x_wconf 79' lang='grc' dir='ltr'>οἷον]</span> <span class='ocrx_word' id='word_1_275' title='bbox 267 1976 377 2003; x_wconf 83' lang='grc' dir='ltr'>ἀκούειν</span> <span class='ocrx_word' id='word_1_276' title='bbox 389 1975 512 2006; x_wconf 86' lang='grc' dir='ltr'>είώθατε,</span> <span class='ocrx_word' id='word_1_277' title='bbox 528 1973 674 2008; x_wconf 85' lang='grc' dir='ltr'>συγγνώμη</span> <span class='ocrx_word' id='word_1_278' title='bbox 690 1973 738 2008; x_wconf 79' lang='grc' dir='ltr'>μὲν</span> <span class='ocrx_word' id='word_1_279' title='bbox 754 1973 815 2007; x_wconf 74' lang='grc' dir='ltr'>ἐμοὶ</span> <span class='ocrx_word' id='word_1_280' title='bbox 825 1973 913 2005; x_wconf 77' lang='grc' dir='ltr'>τοῦτο,</span> 
     </span>
    </p>
   </div>
   <div class='ocr_carea' id='block_1_41' title="bbox 129 2018 912 2058">
    <p class='ocr_par' dir='ltr' id='par_1_41' title="bbox 129 2018 912 2058">
     <span class='ocr_line' id='line_1_41' title="bbox 129 2018 912 2058; baseline -0.008 -8"><span class='ocrx_word' id='word_1_281' title='bbox 129 2023 255 2058; x_wconf 66' lang='grc' dir='ltr'>ἔγκλημα</span> <span class='ocrx_word' id='word_1_282' title='bbox 269 2023 296 2049; x_wconf 78' lang='grc' dir='ltr'>δὲ</span> <span class='ocrx_word' id='word_1_283' title='bbox 311 2022 386 2056; x_wconf 83' lang='grc' dir='ltr'>ὑμῖν,</span> <span class='ocrx_word' id='word_1_284' title='bbox 401 2021 442 2046; x_wconf 77' lang='grc' dir='ltr'><strong>ὅτι</strong></span> <span class='ocrx_word' id='word_1_285' title='bbox 466 2020 511 2046; x_wconf 83' lang='grc' dir='ltr'><strong>τὸν</strong></span> <span class='ocrx_word' id='word_1_286' title='bbox 532 2019 581 2045; x_wconf 74' lang='grc' dir='ltr'><strong>οὐκ</strong></span> <span class='ocrx_word' id='word_1_287' title='bbox 603 2019 692 2045; x_wconf 74' lang='grc' dir='ltr'>εἰδότα</span> <span class='ocrx_word' id='word_1_288' title='bbox 711 2018 746 2045; x_wconf 76' lang='grc' dir='ltr'>τὰ</span> <span class='ocrx_word' id='word_1_289' title='bbox 767 2018 845 2052; x_wconf 85' lang='grc' dir='ltr'>λόγια</span> <span class='ocrx_word' id='word_1_290' title='bbox 866 2018 912 2045; x_wconf 80' lang='grc' dir='ltr'>τοῦ</span> 
     </span>
    </p>
   </div>
   <div class='ocr_carea' id='block_1_42' title="bbox 130 2064 562 2096">
    <p class='ocr_par' dir='ltr' id='par_1_42' title="bbox 130 2064 562 2096">
     <span class='ocr_line' id='line_1_42' title="bbox 130 2064 562 2096; baseline -0.012 -1"><span class='ocrx_word' id='word_1_291' title='bbox 130 2069 198 2096; x_wconf 82' lang='grc' dir='ltr'>Θεοῦ</span> <span class='ocrx_word' id='word_1_292' title='bbox 210 2068 262 2094; x_wconf 87' lang='grc' dir='ltr'><strong>τῶν</strong></span> <span class='ocrx_word' id='word_1_293' title='bbox 275 2067 383 2094; x_wconf 78' lang='grc' dir='ltr'>εἰδότων</span> <span class='ocrx_word' id='word_1_294' title='bbox 399 2064 562 2092; x_wconf 81' lang='grc' dir='ltr'>ἀνθείλεσθε.</span> 
     </span>
    </p>
   </div>
   <div class='ocr_carea' id='block_1_43' title="bbox 676 141 1143 171">
    <p class='ocr_par' dir='ltr' id='par_1_43' title="bbox 676 141 1143 171">
     <span class='ocr_line' id='line_1_43' title="bbox 676 141 1143 171; baseline 0.006 -3"><span class='ocrx_word' id='word_1_295' title='bbox 676 141 868 170; x_wconf 66' lang='lat' dir='ltr'><strong>EPISTOLIE.</strong></span> <span class='ocrx_word' id='word_1_296' title='bbox 895 157 928 162; x_wconf 93' lang='lat'><strong>—</strong></span> <span class='ocrx_word' id='word_1_297' title='bbox 946 142 1054 170; x_wconf 82' lang='lat' dir='ltr'><strong>EPIST.</strong></span> <span class='ocrx_word' id='word_1_298' title='bbox 1075 143 1143 171; x_wconf 83' lang='lat' dir='ltr'><strong>XIV.</strong></span> 
     </span>
    </p>
   </div>
   <div class='ocr_carea' id='block_1_44' title="bbox 1214 199 1467 227">
    <p class='ocr_par' dir='ltr' id='par_1_44' title="bbox 1214 199 1467 227">
     <span class='ocr_line' id='line_1_44' title="bbox 1214 199 1467 227; baseline 0.004 -1"><span class='ocrx_word' id='word_1_299' title='bbox 1214 199 1383 227; x_wconf 80' lang='lat' dir='ltr'><strong>EPISTOLA</strong></span> <span class='ocrx_word' id='word_1_300' title='bbox 1408 199 1467 227; x_wconf 80' lang='lat' dir='ltr'><strong>XII.</strong></span> 
     </span>
    </p>
   </div>
   <div class='ocr_carea' id='block_1_45' title="bbox 1281 246 1394 281">
    <p class='ocr_par' dir='ltr' id='par_1_45' title="bbox 1281 246 1394 281">
     <span class='ocr_line' id='line_1_45' title="bbox 1281 246 1394 281; baseline 0 -9"><span class='ocrx_word' id='word_1_301' title='bbox 1281 246 1394 281; x_wconf 83' lang='lat' dir='ltr'><strong>Cyrillo.</strong></span> 
     </span>
    </p>
   </div>
   <div class='ocr_carea' id='block_1_46' title="bbox 983 289 1732 326">
    <p class='ocr_par' dir='ltr' id='par_1_46' title="bbox 983 289 1732 326">
     <span class='ocr_line' id='line_1_46' title="bbox 983 289 1732 326; baseline 0.003 -10"><span class='ocrx_word' id='word_1_302' title='bbox 983 289 1060 317; x_wconf 79' lang='lat' dir='ltr'><strong>Vade</strong></span> <span class='ocrx_word' id='word_1_303' title='bbox 1074 289 1106 317; x_wconf 85' lang='lat' dir='ltr'><strong>ad</strong></span> <span class='ocrx_word' id='word_1_304' title='bbox 1119 294 1233 318; x_wconf 91' lang='lat' dir='ltr'><strong>matrem</strong></span> <span class='ocrx_word' id='word_1_305' title='bbox 1248 290 1410 324; x_wconf 82' lang='lat' dir='ltr'><strong>Ecclesiam,</strong></span> <span class='ocrx_word' id='word_1_306' title='bbox 1424 290 1525 326; x_wconf 80' lang='lat' dir='ltr'><strong>Cyrille</strong></span> <span class='ocrx_word' id='word_1_307' title='bbox 1540 290 1636 324; x_wconf 78' lang='lat' dir='ltr'><strong>frater,</strong></span> <span class='ocrx_word' id='word_1_308' title='bbox 1652 298 1666 318; x_wconf 86' lang='lat' dir='ltr'><strong>a</strong></span> <span class='ocrx_word' id='word_1_309' title='bbox 1680 299 1732 326; x_wconf 80' lang='lat' dir='ltr'><strong>qua</strong></span> 
     </span>
    </p>
   </div>
   <div class='ocr_carea' id='block_1_47' title="bbox 947 336 1732 372">
    <p class='ocr_par' dir='ltr' id='par_1_47' title="bbox 947 336 1732 372">
     <span class='ocr_line' id='line_1_47' title="bbox 947 336 1732 372; baseline 0.004 -10"><span class='ocrx_word' id='word_1_310' title='bbox 947 336 1060 362; x_wconf 90' lang='lat' dir='ltr'><strong>minime</strong></span> <span class='ocrx_word' id='word_1_311' title='bbox 1085 336 1238 368; x_wconf 84' lang='lat' dir='ltr'><strong>absciSsus,</strong></span> <span class='ocrx_word' id='word_1_312' title='bbox 1262 337 1308 364; x_wconf 90' lang='lat' dir='ltr'><strong>sed</strong></span> <span class='ocrx_word' id='word_1_313' title='bbox 1334 337 1367 364; x_wconf 86' lang='lat' dir='ltr'><strong>ad</strong></span> <span class='ocrx_word' id='word_1_314' title='bbox 1391 341 1497 372; x_wconf 89' lang='lat' dir='ltr'><strong>tempus</strong></span> <span class='ocrx_word' id='word_1_315' title='bbox 1524 342 1667 372; x_wconf 85' lang='lat' dir='ltr'><strong>separatus</strong></span> <span class='ocrx_word' id='word_1_316' title='bbox 1691 346 1732 369; x_wconf 86' lang='lat' dir='ltr'><strong>es,</strong></span> 
     </span>
    </p>
   </div>
   <div class='ocr_carea' id='block_1_48' title="bbox 946 381 1732 416">
    <p class='ocr_par' dir='ltr' id='par_1_48' title="bbox 946 381 1732 416">
     <span class='ocr_line' id='line_1_48' title="bbox 946 381 1732 416; baseline -0.001 -7"><span class='ocrx_word' id='word_1_317' title='bbox 946 381 1019 416; x_wconf 86' lang='lat' dir='ltr'><strong>quod</strong></span> <span class='ocrx_word' id='word_1_318' title='bbox 1037 389 1086 416; x_wconf 93' lang='lat' dir='ltr'><strong>pro</strong></span> <span class='ocrx_word' id='word_1_319' title='bbox 1100 382 1245 409; x_wconf 83' lang='lat' dir='ltr'><strong>criminum</strong></span> <span class='ocrx_word' id='word_1_320' title='bbox 1262 382 1360 409; x_wconf 89' lang='lat' dir='ltr'><strong>merito</strong></span> <span class='ocrx_word' id='word_1_321' title='bbox 1371 382 1477 409; x_wconf 83' lang='lat' dir='ltr'><strong>deliniri</strong></span> <span class='ocrx_word' id='word_1_322' title='bbox 1495 383 1575 410; x_wconf 88' lang='lat' dir='ltr'><strong>solet.</strong></span> <span class='ocrx_word' id='word_1_323' title='bbox 1592 382 1649 410; x_wconf 85' lang='lat' dir='ltr'><strong>Hoc</strong></span> <span class='ocrx_word' id='word_1_324' title='bbox 1660 384 1732 410; x_wconf 88' lang='lat' dir='ltr'><strong>enim</strong></span> 
     </span>
    </p>
   </div>
   <div class='ocr_carea' id='block_1_49' title="bbox 948 428 1734 464">
    <p class='ocr_par' dir='ltr' id='par_1_49' title="bbox 948 428 1734 464">
     <span class='ocr_line' id='line_1_49' title="bbox 948 428 1734 464; baseline 0.003 -10"><span class='ocrx_word' id='word_1_325' title='bbox 948 433 1024 454; x_wconf 88' lang='lat' dir='ltr'><strong>certo</strong></span> <span class='ocrx_word' id='word_1_326' title='bbox 1046 428 1119 455; x_wconf 91' lang='lat' dir='ltr'><strong>scire</strong></span> <span class='ocrx_word' id='word_1_327' title='bbox 1138 428 1243 460; x_wconf 72' lang='lat' dir='ltr'><strong>videor,</strong></span> <span class='ocrx_word' id='word_1_328' title='bbox 1264 429 1383 464; x_wconf 89' lang='lat' dir='ltr'><strong>idipsum</strong></span> <span class='ocrx_word' id='word_1_329' title='bbox 1397 429 1462 456; x_wconf 92' lang='lat' dir='ltr'><strong>olim</strong></span> <span class='ocrx_word' id='word_1_330' title='bbox 1479 436 1649 456; x_wconf 87' lang='lat' dir='ltr'><strong>communem</strong></span> <span class='ocrx_word' id='word_1_331' title='bbox 1666 438 1734 464; x_wconf 88' lang='lat' dir='ltr'><strong>quo-</strong></span> 
     </span>
    </p>
   </div>
   <div class='ocr_carea' id='block_1_50' title="bbox 948 474 1735 509">
    <p class='ocr_par' dir='ltr' id='par_1_50' title="bbox 948 474 1735 509">
     <span class='ocr_line' id='line_1_50' title="bbox 948 474 1735 509; baseline 0.005 -10"><span class='ocrx_word' id='word_1_332' title='bbox 948 481 1001 508; x_wconf 86' lang='lat' dir='ltr'><strong>que</strong></span> <span class='ocrx_word' id='word_1_333' title='bbox 1023 479 1162 507; x_wconf 91' lang='lat' dir='ltr'><strong>nostrum,</strong></span> <span class='ocrx_word' id='word_1_334' title='bbox 1180 481 1212 501; x_wconf 90' lang='lat' dir='ltr'><strong>ac</strong></span> <span class='ocrx_word' id='word_1_335' title='bbox 1237 479 1339 501; x_wconf 77' lang='lat' dir='ltr'><strong>sanctae</strong></span> <span class='ocrx_word' id='word_1_336' title='bbox 1363 475 1502 502; x_wconf 62' lang='lat' dir='ltr'><strong>memoria</strong></span> <span class='ocrx_word' id='word_1_337' title='bbox 1525 479 1628 509; x_wconf 77' lang='lat' dir='ltr'><strong>patrem</strong></span> <span class='ocrx_word' id='word_1_338' title='bbox 1648 474 1735 503; x_wconf 82' lang='lat' dir='ltr'><strong>fuisse</strong></span> 
     </span>
    </p>
   </div>
   <div class='ocr_carea' id='block_1_51' title="bbox 949 517 1733 553">
    <p class='ocr_par' dir='ltr' id='par_1_51' title="bbox 949 517 1733 553">
     <span class='ocr_line' id='line_1_51' title="bbox 949 517 1733 553; baseline 0.003 -9"><span class='ocrx_word' id='word_1_339' title='bbox 949 517 1098 550; x_wconf 77' lang='lat' dir='ltr'><strong>facturum,</strong></span> <span class='ocrx_word' id='word_1_340' title='bbox 1121 518 1145 546; x_wconf 89' lang='lat' dir='ltr'><strong>si</strong></span> <span class='ocrx_word' id='word_1_341' title='bbox 1171 527 1226 545; x_wconf 90' lang='lat' dir='ltr'><strong>non</strong></span> <span class='ocrx_word' id='word_1_342' title='bbox 1250 527 1314 546; x_wconf 87' lang='lat' dir='ltr'><strong>cum</strong></span> <span class='ocrx_word' id='word_1_343' title='bbox 1331 518 1423 546; x_wconf 82' lang='lat' dir='ltr'><strong>fatalis</strong></span> <span class='ocrx_word' id='word_1_344' title='bbox 1451 519 1518 546; x_wconf 90' lang='lat' dir='ltr'><strong>hora</strong></span> <span class='ocrx_word' id='word_1_345' title='bbox 1545 520 1733 553; x_wconf 74' lang='lat' dir='ltr'><strong>praevenisset.</strong></span> 
     </span>
    </p>
   </div>
   <div class='ocr_carea' id='block_1_52' title="bbox 949 560 1735 599">
    <p class='ocr_par' dir='ltr' id='par_1_52' title="bbox 949 560 1735 599">
     <span class='ocr_line' id='line_1_52' title="bbox 949 560 1735 599; baseline 0.003 -10"><span class='ocrx_word' id='word_1_346' title='bbox 949 562 1017 590; x_wconf 87' lang='lat' dir='ltr'><strong>Nam</strong></span> <span class='ocrx_word' id='word_1_347' title='bbox 1035 560 1109 598; x_wconf 91' lang='lat' dir='ltr'><strong>quod</strong></span> <span class='ocrx_word' id='word_1_348' title='bbox 1131 570 1219 598; x_wconf 67' lang='lat' dir='ltr'><strong>poena:</strong></span> <span class='ocrx_word' id='word_1_349' title='bbox 1237 564 1346 591; x_wconf 88' lang='lat' dir='ltr'><strong>modum</strong></span> <span class='ocrx_word' id='word_1_350' title='bbox 1368 564 1486 599; x_wconf 80' lang='lat' dir='ltr'><strong>aliquem</strong></span> <span class='ocrx_word' id='word_1_351' title='bbox 1505 564 1659 595; x_wconf 73' lang='lat' dir='ltr'><strong>constituit,</strong></span> <span class='ocrx_word' id='word_1_352' title='bbox 1683 565 1735 591; x_wconf 91' lang='lat' dir='ltr'><strong>hoc</strong></span> 
     </span>
    </p>
   </div>
   <div class='ocr_carea' id='block_1_53' title="bbox 950 609 1736 644">
    <p class='ocr_par' dir='ltr' id='par_1_53' title="bbox 950 609 1736 644">
     <span class='ocr_line' id='line_1_53' title="bbox 950 609 1736 644; baseline 0.001 -9"><span class='ocrx_word' id='word_1_353' title='bbox 950 609 1010 644; x_wconf 89' lang='lat' dir='ltr'><strong>ipso</strong></span> <span class='ocrx_word' id='word_1_354' title='bbox 1030 609 1114 636; x_wconf 83' lang='lat' dir='ltr'><strong>animi</strong></span> <span class='ocrx_word' id='word_1_355' title='bbox 1139 609 1269 636; x_wconf 89' lang='lat' dir='ltr'><strong>iudicium</strong></span> <span class='ocrx_word' id='word_1_356' title='bbox 1294 609 1368 636; x_wconf 92' lang='lat' dir='ltr'><strong>dedit</strong></span> <span class='ocrx_word' id='word_1_357' title='bbox 1392 609 1483 636; x_wconf 78' lang='lat' dir='ltr'><strong>statim</strong></span> <span class='ocrx_word' id='word_1_358' title='bbox 1506 610 1613 636; x_wconf 84' lang='lat' dir='ltr'><strong>veniam</strong></span> <span class='ocrx_word' id='word_1_359' title='bbox 1638 617 1736 644; x_wconf 68' lang='lat' dir='ltr'><strong>reprae-</strong></span> 
     </span>
    </p>
   </div>
   <div class='ocr_carea' id='block_1_54' title="bbox 951 653 1736 688">
    <p class='ocr_par' dir='ltr' id='par_1_54' title="bbox 951 653 1736 688">
     <span class='ocr_line' id='line_1_54' title="bbox 951 653 1736 688; baseline -0.003 -7"><span class='ocrx_word' id='word_1_360' title='bbox 951 657 1060 681; x_wconf 86' lang='lat' dir='ltr'><strong>sentare</strong></span> <span class='ocrx_word' id='word_1_361' title='bbox 1082 654 1230 688; x_wconf 88' lang='lat' dir='ltr'><strong>cupientis.</strong></span> <span class='ocrx_word' id='word_1_362' title='bbox 1255 653 1349 688; x_wconf 80' lang='lat' dir='ltr'><strong>Itaque</strong></span> <span class='ocrx_word' id='word_1_363' title='bbox 1367 658 1492 680; x_wconf 79' lang='lat' dir='ltr'><strong>sanctum</strong></span> <span class='ocrx_word' id='word_1_364' title='bbox 1510 654 1585 680; x_wconf 77' lang='grc' dir='ltr'>ἱΙΙιιιη</span> <span class='ocrx_word' id='word_1_365' title='bbox 1608 653 1736 681; x_wconf 80' lang='lat' dir='ltr'><strong>sacerdo-</strong></span> 
     </span>
    </p>
   </div>
   <div class='ocr_carea' id='block_1_55' title="bbox 952 698 1737 733">
    <p class='ocr_par' dir='ltr' id='par_1_55' title="bbox 952 698 1737 733">
     <span class='ocr_line' id='line_1_55' title="bbox 952 698 1737 733; baseline 0 -8"><span class='ocrx_word' id='word_1_366' title='bbox 952 704 1005 726; x_wconf 88' lang='lat' dir='ltr'><strong>tem</strong></span> <span class='ocrx_word' id='word_1_367' title='bbox 1031 699 1081 726; x_wconf 87' lang='lat' dir='ltr'><strong>tibi</strong></span> <span class='ocrx_word' id='word_1_368' title='bbox 1106 699 1222 726; x_wconf 88' lang='lat' dir='ltr'><strong>reditum</strong></span> <span class='ocrx_word' id='word_1_369' title='bbox 1242 699 1416 726; x_wconf 87' lang='lat' dir='ltr'><strong>concessissc</strong></span> <span class='ocrx_word' id='word_1_370' title='bbox 1444 703 1518 733; x_wconf 89' lang='lat' dir='ltr'><strong>puta,</strong></span> <span class='ocrx_word' id='word_1_371' title='bbox 1543 703 1570 726; x_wconf 88' lang='lat' dir='ltr'><strong>et</strong></span> <span class='ocrx_word' id='word_1_372' title='bbox 1595 698 1629 725; x_wconf 89' lang='lat' dir='ltr'><strong>ad</strong></span> <span class='ocrx_word' id='word_1_373' title='bbox 1651 699 1737 726; x_wconf 84' lang='lat' dir='ltr'><strong>Deum</strong></span> 
     </span>
    </p>
   </div>
   <div class='ocr_carea' id='block_1_56' title="bbox 952 743 1736 779">
    <p class='ocr_par' dir='ltr' id='par_1_56' title="bbox 952 743 1736 779">
     <span class='ocr_line' id='line_1_56' title="bbox 952 743 1736 779; baseline -0.003 -9"><span class='ocrx_word' id='word_1_374' title='bbox 952 744 1051 770; x_wconf 81' lang='lat' dir='ltr'><strong>accede</strong></span> <span class='ocrx_word' id='word_1_375' title='bbox 1064 751 1151 770; x_wconf 90' lang='lat' dir='ltr'><strong>vacuo</strong></span> <span class='ocrx_word' id='word_1_376' title='bbox 1165 744 1256 779; x_wconf 78' lang='lat' dir='ltr'><strong>pravis</strong></span> <span class='ocrx_word' id='word_1_377' title='bbox 1279 743 1423 770; x_wconf 68' lang='lat' dir='ltr'><strong>affectibus</strong></span> <span class='ocrx_word' id='word_1_378' title='bbox 1439 743 1541 775; x_wconf 87' lang='lat' dir='ltr'><strong>animo,</strong></span> <span class='ocrx_word' id='word_1_379' title='bbox 1562 747 1589 770; x_wconf 85' lang='lat' dir='ltr'><strong>et</strong></span> <span class='ocrx_word' id='word_1_380' title='bbox 1603 743 1736 769; x_wconf 82' lang='lat' dir='ltr'><strong>malorum</strong></span> 
     </span>
    </p>
   </div>
   <div class='ocr_carea' id='block_1_57' title="bbox 952 788 1737 824">
    <p class='ocr_par' dir='ltr' id='par_1_57' title="bbox 952 788 1737 824">
     <span class='ocr_line' id='line_1_57' title="bbox 952 788 1737 824; baseline -0.001 -9"><span class='ocrx_word' id='word_1_381' title='bbox 952 790 1075 824; x_wconf 86' lang='lat' dir='ltr'><strong>priorum</strong></span> <span class='ocrx_word' id='word_1_382' title='bbox 1100 789 1195 816; x_wconf 91' lang='lat' dir='ltr'><strong>oblito.</strong></span> <span class='ocrx_word' id='word_1_383' title='bbox 1227 789 1280 816; x_wconf 83' lang='lat' dir='ltr'><strong>Sed</strong></span> <span class='ocrx_word' id='word_1_384' title='bbox 1305 793 1332 816; x_wconf 88' lang='lat' dir='ltr'><strong>et</strong></span> <span class='ocrx_word' id='word_1_385' title='bbox 1349 789 1429 824; x_wconf 89' lang='lat' dir='ltr'><strong>plena</strong></span> <span class='ocrx_word' id='word_1_386' title='bbox 1453 788 1656 823; x_wconf 66' lang='lat' dir='ltr'><strong>praedicationis</strong></span> <span class='ocrx_word' id='word_1_387' title='bbox 1680 795 1737 815; x_wconf 88' lang='lat' dir='ltr'><strong>me-</strong></span> 
     </span>
    </p>
   </div>
   <div class='ocr_carea' id='block_1_58' title="bbox 953 833 1736 870">
    <p class='ocr_par' dir='ltr' id='par_1_58' title="bbox 953 833 1736 870">
     <span class='ocr_line' id='line_1_58' title="bbox 953 833 1736 870; baseline -0.004 -8"><span class='ocrx_word' id='word_1_388' title='bbox 953 835 1040 862; x_wconf 84' lang='lat' dir='ltr'><strong>moria</strong></span> <span class='ocrx_word' id='word_1_389' title='bbox 1057 842 1222 870; x_wconf 87' lang='lat' dir='ltr'><strong>proscquerc</strong></span> <span class='ocrx_word' id='word_1_390' title='bbox 1244 843 1354 862; x_wconf 88' lang='lat' dir='ltr'><strong>sacrum</strong></span> <span class='ocrx_word' id='word_1_391' title='bbox 1382 835 1469 866; x_wconf 92' lang='lat' dir='ltr'><strong>illum,</strong></span> <span class='ocrx_word' id='word_1_392' title='bbox 1498 839 1526 862; x_wconf 88' lang='lat' dir='ltr'><strong>et</strong></span> <span class='ocrx_word' id='word_1_393' title='bbox 1547 833 1601 861; x_wconf 89' lang='lat' dir='ltr'><strong>Deo</strong></span> <span class='ocrx_word' id='word_1_394' title='bbox 1623 834 1736 860; x_wconf 87' lang='lat' dir='ltr'><strong>charum</strong></span> 
     </span>
    </p>
   </div>
   <div class='ocr_carea' id='block_1_59' title="bbox 917 878 1738 916">
    <p class='ocr_par' dir='ltr' id='par_1_59' title="bbox 917 878 1738 916">
     <span class='ocr_line' id='line_1_59' title="bbox 917 878 1738 916; baseline -0.002 -8"><span class='ocrx_word' id='word_1_395' title='bbox 917 878 939 905; x_wconf 84' lang='grc' dir='ltr'>Β</span> <span class='ocrx_word' id='word_1_396' title='bbox 953 888 1059 912; x_wconf 89' lang='lat' dir='ltr'><strong>senem,</strong></span> <span class='ocrx_word' id='word_1_397' title='bbox 1074 881 1120 916; x_wconf 92' lang='lat' dir='ltr'><strong>qui</strong></span> <span class='ocrx_word' id='word_1_398' title='bbox 1140 885 1167 908; x_wconf 88' lang='lat' dir='ltr'><strong>te</strong></span> <span class='ocrx_word' id='word_1_399' title='bbox 1181 881 1280 916; x_wconf 90' lang='lat' dir='ltr'><strong>popqu</strong></span> <span class='ocrx_word' id='word_1_400' title='bbox 1292 880 1423 916; x_wconf 76' lang='lat' dir='ltr'><strong>prchecit.</strong></span> <span class='ocrx_word' id='word_1_401' title='bbox 1444 880 1563 908; x_wconf 84' lang='lat' dir='ltr'><strong>Prorsus</strong></span> <span class='ocrx_word' id='word_1_402' title='bbox 1577 880 1629 907; x_wconf 88' lang='lat' dir='ltr'><strong>hoc</strong></span> <span class='ocrx_word' id='word_1_403' title='bbox 1642 880 1677 906; x_wconf 91' lang='lat' dir='ltr'><strong>ab</strong></span> <span class='ocrx_word' id='word_1_404' title='bbox 1691 880 1738 906; x_wconf 90' lang='lat' dir='ltr'><strong>illo</strong></span> 
     </span>
    </p>
   </div>
   <div class='ocr_carea' id='block_1_60' title="bbox 955 926 1396 962">
    <p class='ocr_par' dir='ltr' id='par_1_60' title="bbox 955 926 1396 962">
     <span class='ocr_line' id='line_1_60' title="bbox 955 926 1396 962; baseline -0.005 -8"><span class='ocrx_word' id='word_1_405' title='bbox 955 926 1003 954; x_wconf 88' lang='lat' dir='ltr'><strong>tibi</strong></span> <span class='ocrx_word' id='word_1_406' title='bbox 1018 934 1075 954; x_wconf 88' lang='lat' dir='ltr'><strong>non</strong></span> <span class='ocrx_word' id='word_1_407' title='bbox 1091 926 1270 962; x_wconf 88' lang='lat' dir='ltr'><strong>injucundum</strong></span> <span class='ocrx_word' id='word_1_408' title='bbox 1287 926 1396 953; x_wconf 84' lang='lat' dir='ltr'><strong>accidit.</strong></span> 
     </span>
    </p>
   </div>
   <div class='ocr_carea' id='block_1_61' title="bbox 1218 971 1475 999">
    <p class='ocr_par' dir='ltr' id='par_1_61' title="bbox 1218 971 1475 999">
     <span class='ocr_line' id='line_1_61' title="bbox 1218 971 1475 999; baseline 0.004 -1"><span class='ocrx_word' id='word_1_409' title='bbox 1218 971 1388 999; x_wconf 87' lang='lat' dir='ltr'><strong>EPISTOLA</strong></span> <span class='ocrx_word' id='word_1_410' title='bbox 1408 971 1475 999; x_wconf 78' lang='lat' dir='ltr'><strong>XIII.</strong></span> 
     </span>
    </p>
   </div>
   <div class='ocr_carea' id='block_1_62' title="bbox 1218 1018 1475 1053">
    <p class='ocr_par' dir='ltr' id='par_1_62' title="bbox 1218 1018 1475 1053">
     <span class='ocr_line' id='line_1_62' title="bbox 1218 1018 1475 1053; baseline 0.004 -8"><span class='ocrx_word' id='word_1_411' title='bbox 1218 1018 1300 1045; x_wconf 79' lang='lat' dir='ltr'><strong>Petro</strong></span> <span class='ocrx_word' id='word_1_412' title='bbox 1314 1019 1475 1053; x_wconf 77' lang='lat' dir='ltr'><strong>presbylero.</strong></span> 
     </span>
    </p>
   </div>
   <div class='ocr_carea' id='block_1_63' title="bbox 991 1063 1739 1098">
    <p class='ocr_par' dir='ltr' id='par_1_63' title="bbox 991 1063 1739 1098">
     <span class='ocr_line' id='line_1_63' title="bbox 991 1063 1739 1098; baseline 0.001 -8"><span class='ocrx_word' id='word_1_413' title='bbox 991 1063 1100 1090; x_wconf 86' lang='lat' dir='ltr'><strong>Initium</strong></span> <span class='ocrx_word' id='word_1_414' title='bbox 1127 1064 1220 1098; x_wconf 89' lang='lat' dir='ltr'><strong>operis</strong></span> <span class='ocrx_word' id='word_1_415' title='bbox 1251 1065 1340 1092; x_wconf 91' lang='lat' dir='ltr'><strong>omnis</strong></span> <span class='ocrx_word' id='word_1_416' title='bbox 1363 1072 1396 1091; x_wconf 89' lang='lat' dir='ltr'><strong>ac</strong></span> <span class='ocrx_word' id='word_1_417' title='bbox 1418 1064 1555 1092; x_wconf 86' lang='lat' dir='ltr'><strong>sermonis</strong></span> <span class='ocrx_word' id='word_1_418' title='bbox 1581 1063 1652 1092; x_wconf 89' lang='lat' dir='ltr'><strong>Deus</strong></span> <span class='ocrx_word' id='word_1_419' title='bbox 1670 1069 1739 1092; x_wconf 87' lang='lat' dir='ltr'><strong>esto.</strong></span> 
     </span>
    </p>
   </div>
   <div class='ocr_carea' id='block_1_64' title="bbox 957 1109 1740 1145">
    <p class='ocr_par' dir='ltr' id='par_1_64' title="bbox 957 1109 1740 1145">
     <span class='ocr_line' id='line_1_64' title="bbox 957 1109 1740 1145; baseline 0.003 -9"><span class='ocrx_word' id='word_1_420' title='bbox 957 1109 1125 1137; x_wconf 89' lang='lat' dir='ltr'><strong>Solemnium</strong></span> <span class='ocrx_word' id='word_1_421' title='bbox 1151 1111 1303 1137; x_wconf 86' lang='lat' dir='ltr'><strong>litterarum</strong></span> <span class='ocrx_word' id='word_1_422' title='bbox 1328 1111 1454 1139; x_wconf 87' lang='lat' dir='ltr'><strong>latorem,</strong></span> <span class='ocrx_word' id='word_1_423' title='bbox 1477 1111 1577 1145; x_wconf 82' lang='lat' dir='ltr'><strong>quibus</strong></span> <span class='ocrx_word' id='word_1_424' title='bbox 1592 1112 1740 1138; x_wconf 83' lang='lat' dir='ltr'><strong>constituta</strong></span> 
     </span>
    </p>
   </div>
   <div class='ocr_carea' id='block_1_65' title="bbox 959 1155 1740 1183">
    <p class='ocr_par' dir='ltr' id='par_1_65' title="bbox 959 1155 1740 1183">
     <span class='ocr_line' id='line_1_65' title="bbox 959 1155 1740 1183; baseline -0.001 -1"><span class='ocrx_word' id='word_1_425' title='bbox 959 1155 1062 1182; x_wconf 60' lang='lat' dir='ltr'><strong>Icstivaa</strong></span> <span class='ocrx_word' id='word_1_426' title='bbox 1075 1155 1226 1182; x_wconf 87' lang='lat' dir='ltr'><strong>celebritati</strong></span> <span class='ocrx_word' id='word_1_427' title='bbox 1241 1156 1300 1183; x_wconf 90' lang='lat' dir='ltr'><strong>dies</strong></span> <span class='ocrx_word' id='word_1_428' title='bbox 1317 1155 1448 1182; x_wconf 88' lang='lat' dir='ltr'><strong>indicitur</strong></span> <span class='ocrx_word' id='word_1_429' title='bbox 1467 1155 1501 1182; x_wconf 89' lang='lat' dir='ltr'><strong>ad</strong></span> <span class='ocrx_word' id='word_1_430' title='bbox 1519 1155 1589 1181; x_wconf 90' lang='lat' dir='ltr'><strong>diem</strong></span> <span class='ocrx_word' id='word_1_431' title='bbox 1605 1156 1740 1182; x_wconf 82' lang='lat' dir='ltr'><strong>decimum</strong></span> 
     </span>
    </p>
   </div>
   <div class='ocr_carea' id='block_1_66' title="bbox 958 1201 1743 1237">
    <p class='ocr_par' dir='ltr' id='par_1_66' title="bbox 958 1201 1743 1237">
     <span class='ocr_line' id='line_1_66' title="bbox 958 1201 1743 1237; baseline 0.001 -10"><span class='ocrx_word' id='word_1_432' title='bbox 958 1209 1060 1228; x_wconf 89' lang='lat' dir='ltr'><strong>nouum</strong></span> <span class='ocrx_word' id='word_1_433' title='bbox 1085 1202 1189 1229; x_wconf 88' lang='lat' dir='ltr'><strong>mensis</strong></span> <span class='ocrx_word' id='word_1_434' title='bbox 1212 1201 1385 1234; x_wconf 78' lang='lat' dir='ltr'><strong>I‘harmuthi,</strong></span> <span class='ocrx_word' id='word_1_435' title='bbox 1401 1201 1437 1228; x_wconf 87' lang='lat' dir='ltr'><strong>ita</strong></span> <span class='ocrx_word' id='word_1_436' title='bbox 1451 1207 1480 1228; x_wconf 91' lang='lat' dir='ltr'><strong>ut</strong></span> <span class='ocrx_word' id='word_1_437' title='bbox 1505 1202 1583 1236; x_wconf 78' lang='lat'><strong>172</strong></span> <span class='ocrx_word' id='word_1_438' title='bbox 1598 1209 1658 1237; x_wconf 68' lang='lat' dir='ltr'><strong>qua:</strong></span> <span class='ocrx_word' id='word_1_439' title='bbox 1680 1210 1743 1236; x_wconf 81' lang='lat' dir='ltr'><strong>pro-</strong></span> 
     </span>
    </p>
   </div>
   <div class='ocr_carea' id='block_1_67' title="bbox 958 1248 1743 1283">
    <p class='ocr_par' dir='ltr' id='par_1_67' title="bbox 958 1248 1743 1283">
     <span class='ocr_line' id='line_1_67' title="bbox 958 1248 1743 1283; baseline -0.001 -8"><span class='ocrx_word' id='word_1_440' title='bbox 958 1249 1029 1275; x_wconf 81' lang='lat' dir='ltr'><strong>xime</strong></span> <span class='ocrx_word' id='word_1_441' title='bbox 1046 1248 1120 1274; x_wconf 85' lang='lat' dir='ltr'><strong>illam</strong></span> <span class='ocrx_word' id='word_1_442' title='bbox 1151 1248 1288 1275; x_wconf 81' lang='lat' dir='ltr'><strong>antecedit</strong></span> <span class='ocrx_word' id='word_1_443' title='bbox 1298 1255 1363 1278; x_wconf 78' lang='lat' dir='ltr'><strong>nox,</strong></span> <span class='ocrx_word' id='word_1_444' title='bbox 1383 1248 1594 1276; x_wconf 86' lang='lat' dir='ltr'><strong>resurrectionis</strong></span> <span class='ocrx_word' id='word_1_445' title='bbox 1613 1249 1743 1283; x_wconf 86' lang='lat' dir='ltr'><strong>mysterio</strong></span> 
     </span>
    </p>
   </div>
   <div class='ocr_carea' id='block_1_68' title="bbox 958 1293 1742 1325">
    <p class='ocr_par' dir='ltr' id='par_1_68' title="bbox 958 1293 1742 1325">
     <span class='ocr_line' id='line_1_68' title="bbox 958 1293 1742 1325; baseline -0.001 -5"><span class='ocrx_word' id='word_1_446' title='bbox 958 1298 1119 1321; x_wconf 83' lang='lat' dir='ltr'><strong>consecrata</strong></span> <span class='ocrx_word' id='word_1_447' title='bbox 1144 1294 1200 1325; x_wconf 85' lang='lat' dir='ltr'><strong>sit,</strong></span> <span class='ocrx_word' id='word_1_448' title='bbox 1219 1293 1291 1320; x_wconf 90' lang='lat' dir='ltr'><strong>hunc</strong></span> <span class='ocrx_word' id='word_1_449' title='bbox 1315 1299 1342 1321; x_wconf 92' lang='lat' dir='ltr'><strong>et</strong></span> <span class='ocrx_word' id='word_1_450' title='bbox 1365 1294 1510 1321; x_wconf 82' lang='lat' dir='ltr'><strong>adeuntem</strong></span> <span class='ocrx_word' id='word_1_451' title='bbox 1535 1297 1562 1321; x_wconf 93' lang='lat' dir='ltr'><strong>et</strong></span> <span class='ocrx_word' id='word_1_452' title='bbox 1584 1294 1742 1320; x_wconf 81' lang='lat' dir='ltr'><strong>redeuntem</strong></span> 
     </span>
    </p>
   </div>
   <div class='ocr_carea' id='block_1_69' title="bbox 958 1339 1744 1374">
    <p class='ocr_par' dir='ltr' id='par_1_69' title="bbox 958 1339 1744 1374">
     <span class='ocr_line' id='line_1_69' title="bbox 958 1339 1744 1374; baseline 0.001 -9"><span class='ocrx_word' id='word_1_453' title='bbox 958 1339 1031 1366; x_wconf 83' lang='lat' dir='ltr'><strong>omni</strong></span> <span class='ocrx_word' id='word_1_454' title='bbox 1056 1347 1118 1366; x_wconf 88' lang='lat' dir='ltr'><strong>cum</strong></span> <span class='ocrx_word' id='word_1_455' title='bbox 1138 1339 1312 1366; x_wconf 81' lang='lat' dir='ltr'><strong>humanitate</strong></span> <span class='ocrx_word' id='word_1_456' title='bbox 1336 1340 1535 1374; x_wconf 83' lang='lat' dir='ltr'><strong>proscquimini</strong></span> <span class='ocrx_word' id='word_1_457' title='bbox 1549 1361 1556 1372; x_wconf 89' lang='lat'><strong>,</strong></span> <span class='ocrx_word' id='word_1_458' title='bbox 1584 1347 1616 1367; x_wconf 87' lang='lat' dir='ltr'><strong>ac</strong></span> <span class='ocrx_word' id='word_1_459' title='bbox 1635 1340 1744 1374; x_wconf 81' lang='lat' dir='ltr'><strong>jumen-</strong></span> 
     </span>
    </p>
   </div>
   <div class='ocr_carea' id='block_1_70' title="bbox 960 1385 1742 1420">
    <p class='ocr_par' dir='ltr' id='par_1_70' title="bbox 960 1385 1742 1420">
     <span class='ocr_line' id='line_1_70' title="bbox 960 1385 1742 1420; baseline 0 -10"><span class='ocrx_word' id='word_1_460' title='bbox 960 1389 1051 1411; x_wconf 89' lang='lat' dir='ltr'><strong>torum</strong></span> <span class='ocrx_word' id='word_1_461' title='bbox 1077 1385 1228 1412; x_wconf 85' lang='lat' dir='ltr'><strong>mutatione</strong></span> <span class='ocrx_word' id='word_1_462' title='bbox 1256 1385 1283 1411; x_wconf 96' lang='lat' dir='ltr'><strong>in</strong></span> <span class='ocrx_word' id='word_1_463' title='bbox 1305 1389 1448 1420; x_wconf 89' lang='lat' dir='ltr'><strong>utramque</strong></span> <span class='ocrx_word' id='word_1_464' title='bbox 1475 1388 1577 1420; x_wconf 89' lang='lat' dir='ltr'><strong>partem</strong></span> <span class='ocrx_word' id='word_1_465' title='bbox 1603 1385 1742 1417; x_wconf 66' lang='lat' dir='ltr'><strong>dimittite,</strong></span> 
     </span>
    </p>
   </div>
   <div class='ocr_carea' id='block_1_71' title="bbox 960 1430 1746 1465">
    <p class='ocr_par' dir='ltr' id='par_1_71' title="bbox 960 1430 1746 1465">
     <span class='ocr_line' id='line_1_71' title="bbox 960 1430 1746 1465; baseline 0 -9"><span class='ocrx_word' id='word_1_466' title='bbox 960 1431 1008 1465; x_wconf 89' lang='lat' dir='ltr'><strong>qui</strong></span> <span class='ocrx_word' id='word_1_467' title='bbox 1024 1436 1053 1457; x_wconf 92' lang='lat' dir='ltr'><strong>ut</strong></span> <span class='ocrx_word' id='word_1_468' title='bbox 1068 1438 1102 1458; x_wconf 89' lang='lat' dir='ltr'><strong>ne</strong></span> <span class='ocrx_word' id='word_1_469' title='bbox 1117 1430 1251 1458; x_wconf 79' lang='lat' dir='ltr'><strong>Ecclesiis</strong></span> <span class='ocrx_word' id='word_1_470' title='bbox 1264 1435 1341 1457; x_wconf 85' lang='lat' dir='ltr'><strong>vetus</strong></span> <span class='ocrx_word' id='word_1_471' title='bbox 1356 1435 1384 1458; x_wconf 90' lang='lat' dir='ltr'><strong>et</strong></span> <span class='ocrx_word' id='word_1_472' title='bbox 1400 1431 1486 1465; x_wconf 81' lang='lat' dir='ltr'><strong>patria</strong></span> <span class='ocrx_word' id='word_1_473' title='bbox 1511 1430 1681 1457; x_wconf 77' lang='lat' dir='ltr'><strong>consuetudo</strong></span> <span class='ocrx_word' id='word_1_474' title='bbox 1705 1431 1746 1456; x_wconf 93' lang='lat' dir='ltr'><strong>in-</strong></span> 
     </span>
    </p>
   </div>
   <div class='ocr_carea' id='block_1_72' title="bbox 961 1476 1746 1509">
    <p class='ocr_par' dir='ltr' id='par_1_72' title="bbox 961 1476 1746 1509">
     <span class='ocr_line' id='line_1_72' title="bbox 961 1476 1746 1509; baseline -0.003 -5"><span class='ocrx_word' id='word_1_475' title='bbox 961 1476 1118 1509; x_wconf 87' lang='lat' dir='ltr'><strong>tercideret,</strong></span> <span class='ocrx_word' id='word_1_476' title='bbox 1135 1476 1162 1503; x_wconf 91' lang='lat' dir='ltr'><strong>in</strong></span> <span class='ocrx_word' id='word_1_477' title='bbox 1179 1476 1268 1503; x_wconf 85' lang='lat' dir='ltr'><strong>media</strong></span> <span class='ocrx_word' id='word_1_478' title='bbox 1289 1484 1349 1503; x_wconf 90' lang='lat' dir='ltr'><strong>sese</strong></span> <span class='ocrx_word' id='word_1_479' title='bbox 1370 1476 1490 1504; x_wconf 87' lang='lat' dir='ltr'><strong>hostium</strong></span> <span class='ocrx_word' id='word_1_480' title='bbox 1506 1483 1583 1502; x_wconf 84' lang='lat' dir='ltr'><strong>arma</strong></span> <span class='ocrx_word' id='word_1_481' title='bbox 1598 1477 1746 1506; x_wconf 83' lang='lat' dir='ltr'><strong>commisit,</strong></span> 
     </span>
    </p>
   </div>
   <div class='ocr_carea' id='block_1_73' title="bbox 962 1520 1747 1557">
    <p class='ocr_par' dir='ltr' id='par_1_73' title="bbox 962 1520 1747 1557">
     <span class='ocr_line' id='line_1_73' title="bbox 962 1520 1747 1557; baseline -0.001 -9"><span class='ocrx_word' id='word_1_482' title='bbox 962 1529 1010 1557; x_wconf 88' lang='lat' dir='ltr'><strong>per</strong></span> <span class='ocrx_word' id='word_1_483' title='bbox 1026 1526 1181 1555; x_wconf 85' lang='lat' dir='ltr'><strong>suspectam</strong></span> <span class='ocrx_word' id='word_1_484' title='bbox 1208 1521 1344 1556; x_wconf 82' lang='lat' dir='ltr'><strong>regionem</strong></span> <span class='ocrx_word' id='word_1_485' title='bbox 1374 1521 1425 1548; x_wconf 87' lang='lat' dir='ltr'><strong>iter</strong></span> <span class='ocrx_word' id='word_1_486' title='bbox 1452 1521 1616 1555; x_wconf 88' lang='lat' dir='ltr'><strong>suscipiens.</strong></span> <span class='ocrx_word' id='word_1_487' title='bbox 1639 1520 1747 1547; x_wconf 71' lang='lat' dir='ltr'><strong>Eaedem</strong></span> 
     </span>
    </p>
   </div>
   <div class='ocr_carea' id='block_1_74' title="bbox 964 1566 1749 1601">
    <p class='ocr_par' dir='ltr' id='par_1_74' title="bbox 964 1566 1749 1601">
     <span class='ocr_line' id='line_1_74' title="bbox 964 1566 1749 1601; baseline -0.001 -7"><span class='ocrx_word' id='word_1_488' title='bbox 964 1569 1060 1595; x_wconf 68' lang='lat' dir='ltr'><strong>Iitlera:</strong></span> <span class='ocrx_word' id='word_1_489' title='bbox 1076 1567 1178 1594; x_wconf 85' lang='lat' dir='ltr'><strong>civitati</strong></span> <span class='ocrx_word' id='word_1_490' title='bbox 1194 1567 1310 1595; x_wconf 83' lang='lat' dir='ltr'><strong>suadent</strong></span> <span class='ocrx_word' id='word_1_491' title='bbox 1333 1571 1362 1593; x_wconf 92' lang='lat' dir='ltr'><strong>ut</strong></span> <span class='ocrx_word' id='word_1_492' title='bbox 1382 1574 1430 1601; x_wconf 91' lang='lat' dir='ltr'><strong>pro</strong></span> <span class='ocrx_word' id='word_1_493' title='bbox 1452 1567 1530 1593; x_wconf 89' lang='lat' dir='ltr'><strong>nobis</strong></span> <span class='ocrx_word' id='word_1_494' title='bbox 1546 1566 1630 1593; x_wconf 84' lang='lat' dir='ltr'><strong>Deum</strong></span> <span class='ocrx_word' id='word_1_495' title='bbox 1654 1573 1749 1600; x_wconf 71' lang='lat' dir='ltr'><strong>prece-</strong></span> 
     </span>
    </p>
   </div>
   <div class='ocr_carea' id='block_1_75' title="bbox 963 1612 1748 1646">
    <p class='ocr_par' dir='ltr' id='par_1_75' title="bbox 963 1612 1748 1646">
     <span class='ocr_line' id='line_1_75' title="bbox 963 1612 1748 1646; baseline -0.005 -5"><span class='ocrx_word' id='word_1_496' title='bbox 963 1619 1017 1641; x_wconf 88' lang='lat' dir='ltr'><strong>tur.</strong></span> <span class='ocrx_word' id='word_1_497' title='bbox 1033 1613 1092 1641; x_wconf 73' lang='lat' dir='ltr'><strong>1am</strong></span> <span class='ocrx_word' id='word_1_498' title='bbox 1110 1613 1182 1641; x_wconf 89' lang='lat' dir='ltr'><strong>enim</strong></span> <span class='ocrx_word' id='word_1_499' title='bbox 1199 1613 1262 1640; x_wconf 87' lang='lat' dir='ltr'><strong>inde</strong></span> <span class='ocrx_word' id='word_1_500' title='bbox 1279 1620 1337 1639; x_wconf 87' lang='lat' dir='ltr'><strong>cam</strong></span> <span class='ocrx_word' id='word_1_501' title='bbox 1353 1616 1471 1646; x_wconf 84' lang='lat' dir='ltr'><strong>oportet,</strong></span> <span class='ocrx_word' id='word_1_502' title='bbox 1489 1620 1546 1639; x_wconf 68' lang='lat' dir='ltr'><strong>sua:</strong></span> <span class='ocrx_word' id='word_1_503' title='bbox 1560 1619 1624 1646; x_wconf 83' lang='lat' dir='ltr'><strong>erga</strong></span> <span class='ocrx_word' id='word_1_504' title='bbox 1641 1619 1683 1639; x_wconf 91' lang='lat' dir='ltr'><strong>me</strong></span> <span class='ocrx_word' id='word_1_505' title='bbox 1698 1612 1748 1638; x_wconf 92' lang='lat' dir='ltr'><strong>im-</strong></span> 
     </span>
    </p>
   </div>
   <div class='ocr_carea' id='block_1_76' title="bbox 963 1657 1749 1693">
    <p class='ocr_par' dir='ltr' id='par_1_76' title="bbox 963 1657 1749 1693">
     <span class='ocr_line' id='line_1_76' title="bbox 963 1657 1749 1693; baseline -0.003 -9"><span class='ocrx_word' id='word_1_506' title='bbox 963 1658 1115 1693; x_wconf 66' lang='lat' dir='ltr'><strong>prudentiae</strong></span> <span class='ocrx_word' id='word_1_507' title='bbox 1130 1665 1241 1685; x_wconf 91' lang='lat' dir='ltr'><strong>sensum</strong></span> <span class='ocrx_word' id='word_1_508' title='bbox 1258 1665 1374 1692; x_wconf 83' lang='lat' dir='ltr'><strong>capere;</strong></span> <span class='ocrx_word' id='word_1_509' title='bbox 1398 1665 1458 1692; x_wconf 88' lang='lat' dir='ltr'><strong>quae</strong></span> <span class='ocrx_word' id='word_1_510' title='bbox 1475 1657 1585 1691; x_wconf 86' lang='lat' dir='ltr'><strong>quidem</strong></span> <span class='ocrx_word' id='word_1_511' title='bbox 1601 1657 1635 1683; x_wconf 89' lang='lat' dir='ltr'><strong>ad</strong></span> <span class='ocrx_word' id='word_1_512' title='bbox 1657 1664 1749 1684; x_wconf 71' lang='lat' dir='ltr'><strong>sacer-</strong></span> 
     </span>
    </p>
   </div>
   <div class='ocr_carea' id='block_1_77' title="bbox 964 1702 1749 1734">
    <p class='ocr_par' dir='ltr' id='par_1_77' title="bbox 964 1702 1749 1734">
     <span class='ocr_line' id='line_1_77' title="bbox 964 1702 1749 1734; baseline -0.001 -4"><span class='ocrx_word' id='word_1_513' title='bbox 964 1704 1068 1730; x_wconf 79' lang='lat' dir='ltr'><strong>dotium</strong></span> <span class='ocrx_word' id='word_1_514' title='bbox 1084 1703 1173 1730; x_wconf 78' lang='lat' dir='ltr'><strong>evexit</strong></span> <span class='ocrx_word' id='word_1_515' title='bbox 1184 1722 1192 1734; x_wconf 98' lang='lat'><strong>,</strong></span> <span class='ocrx_word' id='word_1_516' title='bbox 1208 1711 1262 1729; x_wconf 83' lang='lat' dir='ltr'><strong>non</strong></span> <span class='ocrx_word' id='word_1_517' title='bbox 1278 1711 1340 1729; x_wconf 84' lang='lat' dir='ltr'><strong>cum</strong></span> <span class='ocrx_word' id='word_1_518' title='bbox 1355 1703 1399 1730; x_wconf 86' lang='lat' dir='ltr'><strong>cui</strong></span> <span class='ocrx_word' id='word_1_519' title='bbox 1420 1703 1453 1729; x_wconf 90' lang='lat' dir='ltr'><strong>ad</strong></span> <span class='ocrx_word' id='word_1_520' title='bbox 1476 1702 1559 1730; x_wconf 89' lang='lat' dir='ltr'><strong>Deum</strong></span> <span class='ocrx_word' id='word_1_521' title='bbox 1574 1702 1701 1733; x_wconf 87' lang='lat' dir='ltr'><strong>adeundi,</strong></span> <span class='ocrx_word' id='word_1_522' title='bbox 1717 1710 1749 1729; x_wconf 86' lang='lat' dir='ltr'><strong>ac</strong></span> 
     </span>
    </p>
   </div>
   <div class='ocr_carea' id='block_1_78' title="bbox 964 1747 1749 1782">
    <p class='ocr_par' dir='ltr' id='par_1_78' title="bbox 964 1747 1749 1782">
     <span class='ocr_line' id='line_1_78' title="bbox 964 1747 1749 1782; baseline 0 -8"><span class='ocrx_word' id='word_1_523' title='bbox 964 1754 1014 1782; x_wconf 87' lang='lat' dir='ltr'><strong>pro</strong></span> <span class='ocrx_word' id='word_1_524' title='bbox 1028 1747 1156 1773; x_wconf 82' lang='lat' dir='ltr'><strong>universo</strong></span> <span class='ocrx_word' id='word_1_525' title='bbox 1171 1748 1272 1781; x_wconf 90' lang='lat' dir='ltr'><strong>populo</strong></span> <span class='ocrx_word' id='word_1_526' title='bbox 1292 1747 1463 1781; x_wconf 86' lang='lat' dir='ltr'><strong>supplicandi</strong></span> <span class='ocrx_word' id='word_1_527' title='bbox 1479 1752 1553 1775; x_wconf 87' lang='lat' dir='ltr'><strong>esset</strong></span> <span class='ocrx_word' id='word_1_528' title='bbox 1569 1747 1686 1781; x_wconf 83' lang='lat' dir='ltr'><strong>ﬁducia;</strong></span> <span class='ocrx_word' id='word_1_529' title='bbox 1702 1748 1749 1774; x_wconf 87' lang='lat' dir='ltr'><strong>scd</strong></span> 
     </span>
    </p>
   </div>
   <div class='ocr_carea' id='block_1_79' title="bbox 964 1792 1750 1828">
    <p class='ocr_par' dir='ltr' id='par_1_79' title="bbox 964 1792 1750 1828">
     <span class='ocr_line' id='line_1_79' title="bbox 964 1792 1750 1828; baseline 0 -10"><span class='ocrx_word' id='word_1_530' title='bbox 964 1792 1010 1826; x_wconf 92' lang='lat' dir='ltr'><strong>qui</strong></span> <span class='ocrx_word' id='word_1_531' title='bbox 1026 1797 1056 1819; x_wconf 91' lang='lat' dir='ltr'><strong>ut</strong></span> <span class='ocrx_word' id='word_1_532' title='bbox 1068 1792 1172 1820; x_wconf 83' lang='lat' dir='ltr'><strong>servari</strong></span> <span class='ocrx_word' id='word_1_533' title='bbox 1186 1792 1244 1827; x_wconf 83' lang='lat' dir='ltr'><strong>ipse</strong></span> <span class='ocrx_word' id='word_1_534' title='bbox 1255 1796 1358 1827; x_wconf 74' lang='lat' dir='ltr'><strong>posset,</strong></span> <span class='ocrx_word' id='word_1_535' title='bbox 1374 1793 1473 1827; x_wconf 89' lang='lat' dir='ltr'><strong>populo</strong></span> <span class='ocrx_word' id='word_1_536' title='bbox 1488 1793 1666 1828; x_wconf 80' lang='lat' dir='ltr'><strong>deprecatore</strong></span> <span class='ocrx_word' id='word_1_537' title='bbox 1681 1801 1750 1827; x_wconf 85' lang='lat' dir='ltr'><strong>opus</strong></span> 
     </span>
    </p>
   </div>
   <div class='ocr_carea' id='block_1_80' title="bbox 965 1836 1751 1872">
    <p class='ocr_par' dir='ltr' id='par_1_80' title="bbox 965 1836 1751 1872">
     <span class='ocr_line' id='line_1_80' title="bbox 965 1836 1751 1872; baseline -0.004 -6"><span class='ocrx_word' id='word_1_538' title='bbox 965 1838 1086 1866; x_wconf 83' lang='lat' dir='ltr'><strong>haberet.</strong></span> <span class='ocrx_word' id='word_1_539' title='bbox 1104 1837 1256 1865; x_wconf 73' lang='lat' dir='ltr'><strong>Praesertim</strong></span> <span class='ocrx_word' id='word_1_540' title='bbox 1274 1845 1336 1864; x_wconf 91' lang='lat' dir='ltr'><strong>cum</strong></span> <span class='ocrx_word' id='word_1_541' title='bbox 1354 1837 1380 1864; x_wconf 89' lang='lat' dir='ltr'><strong>in</strong></span> <span class='ocrx_word' id='word_1_542' title='bbox 1400 1838 1470 1865; x_wconf 88' lang='lat' dir='ltr'><strong>idem</strong></span> <span class='ocrx_word' id='word_1_543' title='bbox 1495 1843 1600 1872; x_wconf 90' lang='lat' dir='ltr'><strong>tempus</strong></span> <span class='ocrx_word' id='word_1_544' title='bbox 1623 1836 1751 1863; x_wconf 85' lang='lat' dir='ltr'><strong>inciderit</strong></span> 
     </span>
    </p>
   </div>
   <div class='ocr_carea' id='block_1_81' title="bbox 965 1881 1752 1917">
    <p class='ocr_par' dir='ltr' id='par_1_81' title="bbox 965 1881 1752 1917">
     <span class='ocr_line' id='line_1_81' title="bbox 965 1881 1752 1917; baseline -0.005 -7"><span class='ocrx_word' id='word_1_545' title='bbox 965 1888 1061 1910; x_wconf 88' lang='lat' dir='ltr'><strong>coacta</strong></span> <span class='ocrx_word' id='word_1_546' title='bbox 1074 1883 1129 1909; x_wconf 88' lang='lat' dir='ltr'><strong>huc</strong></span> <span class='ocrx_word' id='word_1_547' title='bbox 1143 1882 1274 1917; x_wconf 88' lang='lat' dir='ltr'><strong>synodus,</strong></span> <span class='ocrx_word' id='word_1_548' title='bbox 1290 1882 1469 1916; x_wconf 89' lang='lat' dir='ltr'><strong>plurimorum</strong></span> <span class='ocrx_word' id='word_1_549' title='bbox 1494 1881 1599 1907; x_wconf 84' lang='lat' dir='ltr'><strong>scilicet</strong></span> <span class='ocrx_word' id='word_1_550' title='bbox 1624 1881 1752 1907; x_wconf 78' lang='lat' dir='ltr'><strong>sacerdo—</strong></span> 
     </span>
    </p>
   </div>
   <div class='ocr_carea' id='block_1_82' title="bbox 967 1925 1751 1961">
    <p class='ocr_par' dir='ltr' id='par_1_82' title="bbox 967 1925 1751 1961">
     <span class='ocr_line' id='line_1_82' title="bbox 967 1925 1751 1961; baseline -0.003 -7"><span class='ocrx_word' id='word_1_551' title='bbox 967 1932 1023 1954; x_wconf 86' lang='lat' dir='ltr'><strong>tum</strong></span> <span class='ocrx_word' id='word_1_552' title='bbox 1043 1935 1210 1959; x_wconf 74' lang='lat' dir='ltr'><strong>concursus,</strong></span> <span class='ocrx_word' id='word_1_553' title='bbox 1231 1934 1311 1961; x_wconf 82' lang='lat' dir='ltr'><strong>quem</strong></span> <span class='ocrx_word' id='word_1_554' title='bbox 1339 1925 1484 1960; x_wconf 66' lang='lat' dir='ltr'><strong>praesentis</strong></span> <span class='ocrx_word' id='word_1_555' title='bbox 1507 1929 1596 1952; x_wconf 81' lang='lat' dir='ltr'><strong>status</strong></span> <span class='ocrx_word' id='word_1_556' title='bbox 1621 1925 1751 1959; x_wconf 85' lang='lat' dir='ltr'><strong>temporis</strong></span> 
     </span>
    </p>
   </div>
   <div class='ocr_carea' id='block_1_83' title="bbox 965 1971 1753 2004">
    <p class='ocr_par' dir='ltr' id='par_1_83' title="bbox 965 1971 1753 2004">
     <span class='ocr_line' id='line_1_83' title="bbox 965 1971 1753 2004; baseline -0.006 -4"><span class='ocrx_word' id='word_1_557' title='bbox 965 1974 1136 2004; x_wconf 87' lang='lat' dir='ltr'><strong>convocavit,</strong></span> <span class='ocrx_word' id='word_1_558' title='bbox 1151 1977 1207 1998; x_wconf 93' lang='lat' dir='ltr'><strong>tum</strong></span> <span class='ocrx_word' id='word_1_559' title='bbox 1222 1979 1284 1998; x_wconf 92' lang='lat' dir='ltr'><strong>cum</strong></span> <span class='ocrx_word' id='word_1_560' title='bbox 1301 1971 1334 1997; x_wconf 89' lang='lat' dir='ltr'><strong>ad</strong></span> <span class='ocrx_word' id='word_1_561' title='bbox 1351 1979 1399 1998; x_wconf 91' lang='lat' dir='ltr'><strong>vos</strong></span> <span class='ocrx_word' id='word_1_562' title='bbox 1426 1971 1548 1998; x_wconf 76' lang='lat' dir='ltr'><strong>Scribere</strong></span> <span class='ocrx_word' id='word_1_563' title='bbox 1564 1977 1624 1996; x_wconf 91' lang='lat' dir='ltr'><strong>sum</strong></span> <span class='ocrx_word' id='word_1_564' title='bbox 1640 1976 1753 2004; x_wconf 82' lang='lat' dir='ltr'><strong>aggres-</strong></span> 
     </span>
    </p>
   </div>
   <div class='ocr_carea' id='block_1_84' title="bbox 967 2014 1752 2051">
    <p class='ocr_par' dir='ltr' id='par_1_84' title="bbox 967 2014 1752 2051">
     <span class='ocr_line' id='line_1_84' title="bbox 967 2014 1752 2051; baseline -0.009 -5"><span class='ocrx_word' id='word_1_565' title='bbox 967 2027 1025 2046; x_wconf 79' lang='lat' dir='ltr'><strong>sus.</strong></span> <span class='ocrx_word' id='word_1_566' title='bbox 1042 2018 1120 2051; x_wconf 85' lang='lat' dir='ltr'><strong>Quod</strong></span> <span class='ocrx_word' id='word_1_567' title='bbox 1139 2018 1162 2045; x_wconf 87' lang='lat' dir='ltr'><strong>si</strong></span> <span class='ocrx_word' id='word_1_568' title='bbox 1178 2017 1246 2044; x_wconf 89' lang='lat' dir='ltr'><strong>nihil</strong></span> <span class='ocrx_word' id='word_1_569' title='bbox 1269 2024 1364 2044; x_wconf 86' lang='lat' dir='ltr'><strong>eorum</strong></span> <span class='ocrx_word' id='word_1_570' title='bbox 1379 2017 1471 2043; x_wconf 83' lang='lat' dir='ltr'><strong>dicere</strong></span> <span class='ocrx_word' id='word_1_571' title='bbox 1493 2016 1578 2050; x_wconf 87' lang='lat' dir='ltr'><strong>potui,</strong></span> <span class='ocrx_word' id='word_1_572' title='bbox 1594 2014 1752 2048; x_wconf 85' lang='lat' dir='ltr'><strong>cujusmodi</strong></span> 
     </span>
    </p>
   </div>
   <div class='ocr_carea' id='block_1_85' title="bbox 966 2060 1753 2097">
    <p class='ocr_par' dir='ltr' id='par_1_85' title="bbox 966 2060 1753 2097">
     <span class='ocr_line' id='line_1_85' title="bbox 966 2060 1753 2097; baseline -0.008 -6"><span class='ocrx_word' id='word_1_573' title='bbox 966 2065 1061 2092; x_wconf 92' lang='lat' dir='ltr'><strong>audire</strong></span> <span class='ocrx_word' id='word_1_574' title='bbox 1076 2065 1179 2096; x_wconf 89' lang='lat' dir='ltr'><strong>soletis,</strong></span> <span class='ocrx_word' id='word_1_575' title='bbox 1195 2063 1261 2090; x_wconf 90' lang='lat' dir='ltr'><strong>mihi</strong></span> <span class='ocrx_word' id='word_1_576' title='bbox 1275 2063 1384 2097; x_wconf 88' lang='lat' dir='ltr'><strong>quidem</strong></span> <span class='ocrx_word' id='word_1_577' title='bbox 1398 2063 1448 2097; x_wconf 83' lang='lat' dir='ltr'><strong>ipsi</strong></span> <span class='ocrx_word' id='word_1_578' title='bbox 1461 2062 1671 2090; x_wconf 87' lang='lat' dir='ltr'><strong>condonandum</strong></span> <span class='ocrx_word' id='word_1_579' title='bbox 1682 2060 1753 2091; x_wconf 85' lang='lat' dir='ltr'><strong>erit;</strong></span> 
     </span>
    </p>
   </div>
   <div class='ocr_carea' id='block_1_86' title="bbox 132 2107 1752 2147">
    <p class='ocr_par' dir='ltr' id='par_1_86' title="bbox 132 2107 1752 2147">
     <span class='ocr_line' id='line_1_86' title="bbox 132 2107 1752 2147; baseline -0.006 -6"><span class='ocrx_word' id='word_1_580' title='bbox 132 2110 210 2142; x_wconf 75' lang='lat' dir='ltr'><strong>vobis</strong></span> <span class='ocrx_word' id='word_1_581' title='bbox 230 2117 320 2141; x_wconf 86' lang='lat' dir='ltr'><strong>autem</strong></span> <span class='ocrx_word' id='word_1_582' title='bbox 343 2113 430 2147; x_wconf 63' lang='lat' dir='ltr'><strong>culpa:</strong></span> <span class='ocrx_word' id='word_1_583' title='bbox 452 2110 646 2142; x_wconf 86' lang='lat' dir='ltr'><strong>tribuendum,</strong></span> <span class='ocrx_word' id='word_1_584' title='bbox 673 2109 802 2144; x_wconf 88' lang='lat' dir='ltr'><strong>quoniam</strong></span> <span class='ocrx_word' id='word_1_585' title='bbox 823 2109 977 2137; x_wconf 84' lang='lat' dir='ltr'><strong>divinarum</strong></span> <span class='ocrx_word' id='word_1_586' title='bbox 1006 2110 1210 2146; x_wconf 90' lang='lat' dir='ltr'><strong>Scripturarum</strong></span> <span class='ocrx_word' id='word_1_587' title='bbox 1232 2111 1358 2146; x_wconf 80' lang='lat' dir='ltr'><strong>ignarqu</strong></span> <span class='ocrx_word' id='word_1_588' title='bbox 1381 2108 1539 2136; x_wconf 86' lang='lat' dir='ltr'><strong>earumdem</strong></span> <span class='ocrx_word' id='word_1_589' title='bbox 1562 2107 1657 2143; x_wconf 75' lang='lat' dir='ltr'><strong>peritis</strong></span> <span class='ocrx_word' id='word_1_590' title='bbox 1676 2110 1752 2133; x_wconf 85' lang='lat' dir='ltr'><strong>ante-</strong></span> 
     </span>
    </p>
   </div>
   <div class='ocr_carea' id='block_1_87' title="bbox 133 2161 276 2198">
    <p class='ocr_par' dir='ltr' id='par_1_87' title="bbox 133 2161 276 2198">
     <span class='ocr_line' id='line_1_87' title="bbox 133 2161 276 2198; baseline -0.021 -9"><span class='ocrx_word' id='word_1_591' title='bbox 133 2161 276 2198; x_wconf 66' lang='lat' dir='ltr'><strong>posuistis.</strong></span> 
     </span>
    </p>
   </div>
   <div class='ocr_carea' id='block_1_88' title="bbox 404 2203 645 2231">
    <p class='ocr_par' dir='ltr' id='par_1_88' title="bbox 404 2203 645 2231">
     <span class='ocr_line' id='line_1_88' title="bbox 404 2203 645 2231; baseline -0.012 0"><span class='ocrx_word' id='word_1_592' title='bbox 404 2203 577 2231; x_wconf 79' lang='grc' dir='ltr'><strong>ΕΠῘΣΤΟΛΗ</strong></span> <span class='ocrx_word' id='word_1_593' title='bbox 596 2203 645 2229; x_wconf 86' lang='grc' dir='ltr'><strong>ΙΔ’.</strong></span> 
     </span>
    </p>
   </div>
   <div class='ocr_carea' id='block_1_89' title="bbox 459 2250 597 2283">
    <p class='ocr_par' dir='ltr' id='par_1_89' title="bbox 459 2250 597 2283">
     <span class='ocr_line' id='line_1_89' title="bbox 459 2250 597 2283; baseline -0.014 -5"><span class='ocrx_word' id='word_1_594' title='bbox 459 2250 597 2283; x_wconf 63' lang='grc' dir='ltr'><strong>’Λννυσίῳ⁵</strong></span> 
     </span>
    </p>
   </div>
   <div class='ocr_carea' id='block_1_90' title="bbox 169 2290 917 2331">
    <p class='ocr_par' dir='ltr' id='par_1_90' title="bbox 169 2290 917 2331">
     <span class='ocr_line' id='line_1_90' title="bbox 169 2290 917 2331; baseline -0.012 -7"><span class='ocrx_word' id='word_1_595' title='bbox 169 2297 263 2328; x_wconf 73' lang='grc' dir='ltr'>Οὕτως</span> <span class='ocrx_word' id='word_1_596' title='bbox 278 2296 411 2331; x_wconf 83' lang='grc' dir='ltr'>ἀμύνουσι</span> <span class='ocrx_word' id='word_1_597' title='bbox 423 2294 532 2328; x_wconf 86' lang='grc' dir='ltr'>γονεῦσι</span> <span class='ocrx_word' id='word_1_598' title='bbox 553 2293 657 2324; x_wconf 79' lang='grc' dir='ltr'>παῖδες.</span> <span class='ocrx_word' id='word_1_599' title='bbox 681 2290 786 2325; x_wconf 83' lang='grc' dir='ltr'>Ἀπέχω</span> <span class='ocrx_word' id='word_1_600' title='bbox 807 2290 856 2325; x_wconf 80' lang='grc' dir='ltr'>τὴν</span> <span class='ocrx_word' id='word_1_601' title='bbox 868 2299 917 2325; x_wconf 82' lang='grc' dir='ltr'><strong>χα-</strong></span> 
     </span>
    </p>
   </div>
   <div class='ocr_carea' id='block_1_91' title="bbox 136 2335 919 2377">
    <p class='ocr_par' dir='ltr' id='par_1_91' title="bbox 136 2335 919 2377">
     <span class='ocr_line' id='line_1_91' title="bbox 136 2335 919 2377; baseline -0.008 -9"><span class='ocrx_word' id='word_1_602' title='bbox 136 2351 188 2377; x_wconf 86' lang='grc' dir='ltr'>ριν.</span> <span class='ocrx_word' id='word_1_603' title='bbox 206 2342 317 2376; x_wconf 77' lang='grc' dir='ltr'>Καρνᾶς</span> <span class='ocrx_word' id='word_1_604' title='bbox 341 2339 432 2374; x_wconf 81' lang='grc' dir='ltr'>ἱκέτης</span> <span class='ocrx_word' id='word_1_605' title='bbox 457 2347 506 2373; x_wconf 90' lang='grc' dir='ltr'><strong>μου</strong></span> <span class='ocrx_word' id='word_1_606' title='bbox 530 2338 651 2372; x_wconf 84' lang='grc' dir='ltr'>γέγονεν,</span> <span class='ocrx_word' id='word_1_607' title='bbox 675 2335 705 2364; x_wconf 76' lang='grc' dir='ltr'>οὗ</span> <span class='ocrx_word' id='word_1_608' title='bbox 724 2337 773 2372; x_wconf 82' lang='grc' dir='ltr'>τὴν</span> <span class='ocrx_word' id='word_1_609' title='bbox 784 2336 889 2363; x_wconf 81' lang='grc' dir='ltr'>ἱκεσίαν</span> <span class='ocrx_word' id='word_1_610' title='bbox 904 2337 919 2362; x_wconf 85' lang='grc' dir='ltr'><strong>ὁ</strong></span> 
     </span>
    </p>
   </div>
   <div class='ocr_carea' id='block_1_92' title="bbox 134 2382 919 2421">
    <p class='ocr_par' dir='ltr' id='par_1_92' title="bbox 134 2382 919 2421">
     <span class='ocr_line' id='line_1_92' title="bbox 134 2382 919 2421; baseline -0.01 -6"><span class='ocrx_word' id='word_1_611' title='bbox 134 2388 201 2419; x_wconf 76' lang='grc' dir='ltr'>Θεὸς</span> <span class='ocrx_word' id='word_1_612' title='bbox 222 2385 435 2421; x_wconf 81' lang='grc' dir='ltr'>αίδεσιμωτέραν</span> <span class='ocrx_word' id='word_1_613' title='bbox 460 2384 581 2418; x_wconf 71' lang='grc' dir='ltr'>ἐποίησε.</span> <span class='ocrx_word' id='word_1_614' title='bbox 608 2382 662 2409; x_wconf 82' lang='grc' dir='ltr'><strong>Ποῦ</strong></span> <span class='ocrx_word' id='word_1_615' title='bbox 685 2383 739 2417; x_wconf 66' lang='grc' dir='ltr'><strong>γὰρ</strong></span> <span class='ocrx_word' id='word_1_616' title='bbox 764 2382 857 2417; x_wconf 84' lang='grc' dir='ltr'>ἱερέως</span> <span class='ocrx_word' id='word_1_617' title='bbox 880 2382 919 2412; x_wconf 78' lang='grc' dir='ltr'><strong>εἰς</strong></span> 
     </span>
    </p>
   </div>
   <div class='ocr_carea' id='block_1_93' title="bbox 136 2427 919 2465">
    <p class='ocr_par' dir='ltr' id='par_1_93' title="bbox 136 2427 919 2465">
     <span class='ocr_line' id='line_1_93' title="bbox 136 2427 919 2465; baseline -0.01 -5"><span class='ocrx_word' id='word_1_618' title='bbox 136 2433 204 2460; x_wconf 78' lang='grc' dir='ltr'>ἰδίαν</span> <span class='ocrx_word' id='word_1_619' title='bbox 236 2431 363 2458; x_wconf 80' lang='grc' dir='ltr'>ὑπόθεσιν</span> <span class='ocrx_word' id='word_1_620' title='bbox 396 2430 526 2465; x_wconf 69' lang='grc' dir='ltr'>περιιδεῖν</span> <span class='ocrx_word' id='word_1_621' title='bbox 555 2428 696 2463; x_wconf 80' lang='grc' dir='ltr'>ἀγώγιμον</span> <span class='ocrx_word' id='word_1_622' title='bbox 724 2427 866 2462; x_wconf 73' lang='grc' dir='ltr'>ἄνθρωπον</span> <span class='ocrx_word' id='word_1_623' title='bbox 890 2428 919 2452; x_wconf 83' lang='grc' dir='ltr'>ὲν</span> 
     </span>
    </p>
   </div>
   <div class='ocr_carea' id='block_1_94' title="bbox 1228 2196 1488 2225">
    <p class='ocr_par' dir='ltr' id='par_1_94' title="bbox 1228 2196 1488 2225">
     <span class='ocr_line' id='line_1_94' title="bbox 1228 2196 1488 2225; baseline -0.004 0"><span class='ocrx_word' id='word_1_624' title='bbox 1228 2197 1396 2225; x_wconf 80' lang='lat' dir='ltr'><strong>EPISTOLA</strong></span> <span class='ocrx_word' id='word_1_625' title='bbox 1419 2196 1488 2224; x_wconf 75' lang='lat' dir='ltr'><strong>XIV.</strong></span> 
     </span>
    </p>
   </div>
   <div class='ocr_carea' id='block_1_95' title="bbox 1306 2243 1415 2278">
    <p class='ocr_par' dir='ltr' id='par_1_95' title="bbox 1306 2243 1415 2278">
     <span class='ocr_line' id='line_1_95' title="bbox 1306 2243 1415 2278; baseline -0.009 -8"><span class='ocrx_word' id='word_1_626' title='bbox 1306 2243 1415 2278; x_wconf 75' lang='lat' dir='ltr'><strong>Anyaio.</strong></span> 
     </span>
    </p>
   </div>
   <div class='ocr_carea' id='block_1_96' title="bbox 1007 2289 1756 2326">
    <p class='ocr_par' dir='ltr' id='par_1_96' title="bbox 1007 2289 1756 2326">
     <span class='ocr_line' id='line_1_96' title="bbox 1007 2289 1756 2326; baseline -0.004 -8"><span class='ocrx_word' id='word_1_627' title='bbox 1007 2291 1053 2318; x_wconf 88' lang='lat' dir='ltr'><strong>Sic</strong></span> <span class='ocrx_word' id='word_1_628' title='bbox 1069 2294 1197 2326; x_wconf 82' lang='lat' dir='ltr'><strong>parentes</strong></span> <span class='ocrx_word' id='word_1_629' title='bbox 1215 2290 1388 2318; x_wconf 88' lang='lat' dir='ltr'><strong>ulciscuntur</strong></span> <span class='ocrx_word' id='word_1_630' title='bbox 1411 2289 1470 2316; x_wconf 85' lang='lat' dir='ltr'><strong>ﬁlii.</strong></span> <span class='ocrx_word' id='word_1_631' title='bbox 1495 2289 1644 2324; x_wconf 84' lang='lat' dir='ltr'><strong>Acccptum</strong></span> <span class='ocrx_word' id='word_1_632' title='bbox 1669 2290 1756 2316; x_wconf 85' lang='lat' dir='ltr'><strong>habeo</strong></span> 
     </span>
    </p>
   </div>
   <div class='ocr_carea' id='block_1_97' title="bbox 972 2335 1756 2370">
    <p class='ocr_par' dir='ltr' id='par_1_97' title="bbox 972 2335 1756 2370">
     <span class='ocr_line' id='line_1_97' title="bbox 972 2335 1756 2370; baseline -0.003 -6"><span class='ocrx_word' id='word_1_633' title='bbox 972 2337 1144 2364; x_wconf 82' lang='lat' dir='ltr'><strong>beneﬁcium.</strong></span> <span class='ocrx_word' id='word_1_634' title='bbox 1160 2336 1265 2363; x_wconf 86' lang='lat' dir='ltr'><strong>Carnas</strong></span> <span class='ocrx_word' id='word_1_635' title='bbox 1281 2336 1393 2370; x_wconf 84' lang='lat' dir='ltr'><strong>supplex</strong></span> <span class='ocrx_word' id='word_1_636' title='bbox 1416 2335 1481 2362; x_wconf 90' lang='lat' dir='ltr'><strong>mihi</strong></span> <span class='ocrx_word' id='word_1_637' title='bbox 1498 2335 1560 2367; x_wconf 81' lang='lat' dir='ltr'><strong>fuit,</strong></span> <span class='ocrx_word' id='word_1_638' title='bbox 1585 2335 1665 2369; x_wconf 86' lang='lat' dir='ltr'><strong>cujus</strong></span> <span class='ocrx_word' id='word_1_639' title='bbox 1689 2343 1756 2370; x_wconf 83' lang='lat' dir='ltr'><strong>sup-</strong></span> 
     </span>
    </p>
   </div>
   <div class='ocr_carea' id='block_1_98' title="bbox 972 2379 1756 2416">
    <p class='ocr_par' dir='ltr' id='par_1_98' title="bbox 972 2379 1756 2416">
     <span class='ocr_line' id='line_1_98' title="bbox 972 2379 1756 2416; baseline -0.001 -9"><span class='ocrx_word' id='word_1_640' title='bbox 972 2381 1146 2416; x_wconf 84' lang='lat' dir='ltr'><strong>plicationem</strong></span> <span class='ocrx_word' id='word_1_641' title='bbox 1175 2381 1339 2408; x_wconf 87' lang='lat' dir='ltr'><strong>sanctiorem</strong></span> <span class='ocrx_word' id='word_1_642' title='bbox 1369 2380 1441 2408; x_wconf 89' lang='lat' dir='ltr'><strong>Deus</strong></span> <span class='ocrx_word' id='word_1_643' title='bbox 1467 2380 1526 2414; x_wconf 91' lang='lat' dir='ltr'><strong>ipse</strong></span> <span class='ocrx_word' id='word_1_644' title='bbox 1552 2379 1679 2407; x_wconf 78' lang='lat' dir='ltr'><strong>reddidit.</strong></span> <span class='ocrx_word' id='word_1_645' title='bbox 1706 2380 1756 2412; x_wconf 86' lang='lat' dir='ltr'><strong>Qui</strong></span> 
     </span>
    </p>
   </div>
   <div class='ocr_carea' id='block_1_99' title="bbox 972 2425 1759 2460">
    <p class='ocr_par' dir='ltr' id='par_1_99' title="bbox 972 2425 1759 2460">
     <span class='ocr_line' id='line_1_99' title="bbox 972 2425 1759 2460; baseline -0.004 -6"><span class='ocrx_word' id='word_1_646' title='bbox 972 2427 1043 2454; x_wconf 88' lang='lat' dir='ltr'><strong>enim</strong></span> <span class='ocrx_word' id='word_1_647' title='bbox 1066 2426 1214 2454; x_wconf 85' lang='lat' dir='ltr'><strong>sacerdotis</strong></span> <span class='ocrx_word' id='word_1_648' title='bbox 1238 2429 1290 2458; x_wconf 89' lang='lat' dir='ltr'><strong>est,</strong></span> <span class='ocrx_word' id='word_1_649' title='bbox 1313 2425 1465 2460; x_wconf 73' lang='lat' dir='ltr'><strong>iudicatum</strong></span> <span class='ocrx_word' id='word_1_650' title='bbox 1481 2433 1513 2453; x_wconf 88' lang='lat' dir='ltr'><strong>ac</strong></span> <span class='ocrx_word' id='word_1_651' title='bbox 1529 2426 1692 2460; x_wconf 85' lang='lat' dir='ltr'><strong>prehensum</strong></span> <span class='ocrx_word' id='word_1_652' title='bbox 1711 2425 1759 2452; x_wconf 86' lang='lat' dir='ltr'><strong>ho-</strong></span> 
     </span>
    </p>
   </div>
   <div class='ocr_carea' id='block_1_100' title="bbox 729 2481 1108 2510">
    <p class='ocr_par' dir='ltr' id='par_1_100' title="bbox 729 2481 1108 2510">
     <span class='ocr_line' id='line_1_100' title="bbox 729 2481 1108 2510; baseline -0.003 0"><span class='ocrx_word' id='word_1_653' title='bbox 729 2481 820 2510; x_wconf 84' lang='lat' dir='ltr'><strong>DION.</strong></span> <span class='ocrx_word' id='word_1_654' title='bbox 840 2481 978 2509; x_wconf 74' lang='lat' dir='ltr'><strong>PETAV’II</strong></span> <span class='ocrx_word' id='word_1_655' title='bbox 994 2481 1108 2509; x_wconf 68' lang='grc' dir='ltr'><strong>ΝΟΤΕ..</strong></span> 
     </span>
    </p>
   </div>
   <div class='ocr_carea' id='block_1_101' title="bbox 173 2541 920 2581">
    <p class='ocr_par' dir='ltr' id='par_1_101' title="bbox 173 2541 920 2581">
     <span class='ocr_line' id='line_1_101' title="bbox 173 2541 920 2581; baseline -0.007 -8"><span class='ocrx_word' id='word_1_656' title='bbox 173 2546 229 2581; x_wconf 80' lang='grc'><strong>(58)</strong></span> <span class='ocrx_word' id='word_1_657' title='bbox 245 2547 296 2573; x_wconf 84' lang='grc' dir='ltr'>Ἴθι</span> <span class='ocrx_word' id='word_1_658' title='bbox 313 2544 392 2578; x_wconf 67' lang='grc' dir='ltr'>παρὰ</span> <span class='ocrx_word' id='word_1_659' title='bbox 402 2543 461 2578; x_wconf 81' lang='grc' dir='ltr'>τὴν</span> <span class='ocrx_word' id='word_1_660' title='bbox 471 2543 592 2581; x_wconf 59' lang='grc' dir='ltr'>μηρέρα.</span> <span class='ocrx_word' id='word_1_661' title='bbox 606 2541 721 2581; x_wconf 59' lang='lat' dir='ltr'><strong>Videtur</strong></span> <span class='ocrx_word' id='word_1_662' title='bbox 735 2542 791 2570; x_wconf 64' lang='lat' dir='ltr'><strong>haec</strong></span> <span class='ocrx_word' id='word_1_663' title='bbox 804 2542 920 2581; x_wconf 71' lang='lat' dir='ltr'><strong>epistola</strong></span> 
     </span>
    </p>
   </div>
   <div class='ocr_carea' id='block_1_102' title="bbox 135 2577 920 2614">
    <p class='ocr_par' dir='ltr' id='par_1_102' title="bbox 135 2577 920 2614">
     <span class='ocr_line' id='line_1_102' title="bbox 135 2577 920 2614; baseline -0.006 -6"><span class='ocrx_word' id='word_1_664' title='bbox 135 2577 199 2609; x_wconf 71' lang='lat' dir='ltr'><strong>data</strong></span> <span class='ocrx_word' id='word_1_665' title='bbox 216 2577 277 2608; x_wconf 79' lang='lat' dir='ltr'><strong>esse</strong></span> <span class='ocrx_word' id='word_1_666' title='bbox 300 2577 359 2614; x_wconf 84' lang='lat' dir='ltr'><strong>poi</strong></span> <span class='ocrx_word' id='word_1_667' title='bbox 380 2577 504 2614; x_wconf 77' lang='lat' dir='ltr'><strong>mortem</strong></span> <span class='ocrx_word' id='word_1_668' title='bbox 519 2577 750 2614; x_wconf 27' lang='lat' dir='ltr'><strong>Theophiliaqum</strong></span> <span class='ocrx_word' id='word_1_669' title='bbox 764 2585 846 2614; x_wconf 78' lang='lat' dir='ltr'><strong>anno</strong></span> <span class='ocrx_word' id='word_1_670' title='bbox 868 2577 920 2604; x_wconf 72' lang='lat' dir='ltr'><strong>M2</strong></span> 
     </span>
    </p>
   </div>
   <div class='ocr_carea' id='block_1_103' title="bbox 136 2613 919 2650">
    <p class='ocr_par' dir='ltr' id='par_1_103' title="bbox 136 2613 919 2650">
     <span class='ocr_line' id='line_1_103' title="bbox 136 2613 919 2650; baseline -0.008 -7"><span class='ocrx_word' id='word_1_671' title='bbox 136 2616 261 2650; x_wconf 74' lang='lat' dir='ltr'><strong>contigit.</strong></span> <span class='ocrx_word' id='word_1_672' title='bbox 272 2649 277 2650; x_wconf 21' lang='grc' dir='ltr'><strong>γ</strong></span> <span class='ocrx_word' id='word_1_673' title='bbox 288 2613 325 2640; x_wconf 78' lang='lat' dir='ltr'><strong>Ex</strong></span> <span class='ocrx_word' id='word_1_674' title='bbox 341 2621 427 2648; x_wconf 87' lang='lat' dir='ltr'><strong>eaque</strong></span> <span class='ocrx_word' id='word_1_675' title='bbox 440 2613 591 2650; x_wconf 70' lang='lat' dir='ltr'><strong>colligitur</strong></span> <span class='ocrx_word' id='word_1_676' title='bbox 613 2613 745 2650; x_wconf 54' lang='lat' dir='ltr'><strong>QYI‘IIIUIII</strong></span> <span class='ocrx_word' id='word_1_677' title='bbox 763 2613 844 2650; x_wconf 54' lang='lat' dir='ltr'><strong>istum</strong></span> <span class='ocrx_word' id='word_1_678' title='bbox 861 2613 919 2650; x_wconf 66' lang='lat' dir='ltr'><strong>epi-</strong></span> 
     </span>
    </p>
   </div>
   <div class='ocr_carea' id='block_1_104' title="bbox 137 2646 920 2712">
    <p class='ocr_par' dir='ltr' id='par_1_104' title="bbox 137 2646 920 2712">
     <span class='ocr_line' id='line_1_104' title="bbox 137 2646 920 2685; baseline -0.003 -9"><span class='ocrx_word' id='word_1_679' title='bbox 137 2646 250 2685; x_wconf 68' lang='lat' dir='ltr'><strong>scopum</strong></span> <span class='ocrx_word' id='word_1_680' title='bbox 267 2649 363 2679; x_wconf 78' lang='lat' dir='ltr'><strong>fuisse,</strong></span> <span class='ocrx_word' id='word_1_681' title='bbox 379 2646 406 2675; x_wconf 75' lang='lat' dir='ltr'><strong>et</strong></span> <span class='ocrx_word' id='word_1_682' title='bbox 421 2648 457 2676; x_wconf 93' lang='lat' dir='ltr'><strong>ob</strong></span> <span class='ocrx_word' id='word_1_683' title='bbox 471 2646 579 2683; x_wconf 77' lang='lat' dir='ltr'><strong>culpam</strong></span> <span class='ocrx_word' id='word_1_684' title='bbox 603 2646 723 2682; x_wconf 81' lang='lat' dir='ltr'><strong>aliquam</strong></span> <span class='ocrx_word' id='word_1_685' title='bbox 739 2654 754 2673; x_wconf 93' lang='lat' dir='ltr'><strong>a</strong></span> <span class='ocrx_word' id='word_1_686' title='bbox 768 2646 920 2682; x_wconf 83' lang='lat' dir='ltr'><strong>Theophilo</strong></span> 
     </span>
     <span class='ocr_line' id='line_1_105' title="bbox 137 2684 462 2712; baseline -0.009 0"><span class='ocrx_word' id='word_1_687' title='bbox 137 2685 259 2712; x_wconf 79' lang='lat' dir='ltr'><strong>Ecclesia</strong></span> <span class='ocrx_word' id='word_1_688' title='bbox 277 2684 462 2711; x_wconf 88' lang='lat' dir='ltr'><strong>interdictum.</strong></span> 
     </span>
    </p>
   </div>
   <div class='ocr_carea' id='block_1_105' title="bbox 159 2691 462 2712">
    <p class='ocr_par' dir='ltr' id='par_1_105' title="bbox 159 2691 462 2712">
     <span class='ocr_line' id='line_1_106' title="bbox 159 2691 462 2712; baseline -0.01 0"><span class='ocrx_word' id='word_1_689' title='bbox 159 2691 259 2712; x_wconf 71' lang='lat' dir='ltr'><strong>CCIESIII</strong></span> <span class='ocrx_word' id='word_1_690' title='bbox 277 2691 462 2711; x_wconf 80' lang='lat' dir='ltr'><strong>Interalculm.</strong></span> 
     </span>
    </p>
   </div>
   <div class='ocr_carea' id='block_1_106' title="bbox 172 2716 922 2753">
    <p class='ocr_par' dir='ltr' id='par_1_106' title="bbox 172 2716 922 2753">
     <span class='ocr_line' id='line_1_107' title="bbox 172 2716 922 2753; baseline -0.007 -6"><span class='ocrx_word' id='word_1_691' title='bbox 172 2720 229 2753; x_wconf 76' lang='lat'><strong>(59)</strong></span> <span class='ocrx_word' id='word_1_692' title='bbox 242 2718 341 2753; x_wconf 83' lang='grc' dir='ltr'>Πέτρῳ</span> <span class='ocrx_word' id='word_1_693' title='bbox 353 2717 551 2751; x_wconf 77' lang='grc' dir='ltr'>πρεσϐυτέρῳ.</span> <span class='ocrx_word' id='word_1_694' title='bbox 566 2716 645 2745; x_wconf 83' lang='lat' dir='ltr'><strong>Falsa</strong></span> <span class='ocrx_word' id='word_1_695' title='bbox 665 2716 773 2744; x_wconf 86' lang='lat' dir='ltr'><strong>videtur</strong></span> <span class='ocrx_word' id='word_1_696' title='bbox 795 2717 867 2753; x_wconf 63' lang='lat' dir='ltr'><strong>huic</strong></span> <span class='ocrx_word' id='word_1_697' title='bbox 882 2716 922 2742; x_wconf 84' lang='lat' dir='ltr'><strong>in-</strong></span> 
     </span>
    </p>
   </div>
   <div class='ocr_carea' id='block_1_107' title="bbox 137 2752 920 2789">
    <p class='ocr_par' dir='ltr' id='par_1_107' title="bbox 137 2752 920 2789">
     <span class='ocr_line' id='line_1_108' title="bbox 137 2752 920 2789; baseline -0.005 -8"><span class='ocrx_word' id='word_1_698' title='bbox 137 2754 264 2789; x_wconf 86' lang='lat' dir='ltr'><strong>scriptio.</strong></span> <span class='ocrx_word' id='word_1_699' title='bbox 280 2753 348 2789; x_wconf 65' lang='lat' dir='ltr'><strong>IVam</strong></span> <span class='ocrx_word' id='word_1_700' title='bbox 373 2752 406 2789; x_wconf 76' lang='lat' dir='ltr'><strong>ad</strong></span> <span class='ocrx_word' id='word_1_701' title='bbox 425 2753 516 2786; x_wconf 87' lang='lat' dir='ltr'><strong>plures</strong></span> <span class='ocrx_word' id='word_1_702' title='bbox 533 2753 623 2789; x_wconf 73' lang='lat' dir='ltr'><strong>datam</strong></span> <span class='ocrx_word' id='word_1_703' title='bbox 652 2760 722 2789; x_wconf 76' lang='lat' dir='ltr'><strong>esse,</strong></span> <span class='ocrx_word' id='word_1_704' title='bbox 755 2759 789 2789; x_wconf 79' lang='lat' dir='ltr'><strong>ex</strong></span> <span class='ocrx_word' id='word_1_705' title='bbox 803 2760 835 2778; x_wconf 79' lang='lat' dir='ltr'><strong>ea</strong></span> <span class='ocrx_word' id='word_1_706' title='bbox 863 2752 920 2789; x_wconf 70' lang='lat' dir='ltr'><strong>ipsa</strong></span> 
     </span>
    </p>
   </div>
   <div class='ocr_carea' id='block_1_108' title="bbox 138 2786 921 2823">
    <p class='ocr_par' dir='ltr' id='par_1_108' title="bbox 138 2786 921 2823">
     <span class='ocr_line' id='line_1_109' title="bbox 138 2786 921 2823; baseline -0.005 -8"><span class='ocrx_word' id='word_1_707' title='bbox 138 2786 285 2823; x_wconf 72' lang='lat' dir='ltr'><strong>colligitur.</strong></span> <span class='ocrx_word' id='word_1_708' title='bbox 300 2787 468 2823; x_wconf 81' lang='lat' dir='ltr'><strong>Crediderim</strong></span> <span class='ocrx_word' id='word_1_709' title='bbox 486 2792 578 2823; x_wconf 79' lang='lat' dir='ltr'><strong>autem</strong></span> <span class='ocrx_word' id='word_1_710' title='bbox 599 2786 742 2823; x_wconf 79' lang='lat' dir='ltr'><strong>Synesiuln</strong></span> <span class='ocrx_word' id='word_1_711' title='bbox 756 2787 921 2813; x_wconf 76' lang='lat' dir='ltr'><strong>Alexandria</strong></span> 
     </span>
    </p>
   </div>
   <div class='ocr_carea' id='block_1_109' title="bbox 137 2821 921 2859">
    <p class='ocr_par' dir='ltr' id='par_1_109' title="bbox 137 2821 921 2859">
     <span class='ocr_line' id='line_1_110' title="bbox 137 2821 921 2859; baseline -0.005 -7"><span class='ocrx_word' id='word_1_712' title='bbox 137 2821 215 2852; x_wconf 67' lang='lat' dir='ltr'><strong>banc</strong></span> <span class='ocrx_word' id='word_1_713' title='bbox 223 2823 366 2859; x_wconf 85' lang='lat' dir='ltr'><strong>epistolam</strong></span> <span class='ocrx_word' id='word_1_714' title='bbox 378 2822 412 2849; x_wconf 88' lang='lat' dir='ltr'><strong>ad</strong></span> <span class='ocrx_word' id='word_1_715' title='bbox 426 2821 542 2849; x_wconf 85' lang='lat' dir='ltr'><strong>clericos</strong></span> <span class='ocrx_word' id='word_1_716' title='bbox 553 2829 618 2849; x_wconf 86' lang='lat' dir='ltr'><strong>suos</strong></span> <span class='ocrx_word' id='word_1_717' title='bbox 632 2822 750 2855; x_wconf 84' lang='lat' dir='ltr'><strong>misisse,</strong></span> <span class='ocrx_word' id='word_1_718' title='bbox 764 2829 827 2848; x_wconf 90' lang='lat' dir='ltr'><strong>cum</strong></span> <span class='ocrx_word' id='word_1_719' title='bbox 841 2822 921 2855; x_wconf 84' lang='lat' dir='ltr'><strong>paulo</strong></span> 
     </span>
    </p>
   </div>
   <div class='ocr_carea' id='block_1_110' title="bbox 973 2541 1597 2577">
    <p class='ocr_par' dir='ltr' id='par_1_110' title="bbox 973 2541 1597 2577">
     <span class='ocr_line' id='line_1_111' title="bbox 973 2541 1597 2577; baseline 0 -9"><span class='ocrx_word' id='word_1_720' title='bbox 973 2546 1036 2569; x_wconf 86' lang='lat' dir='ltr'><strong>ante</strong></span> <span class='ocrx_word' id='word_1_721' title='bbox 1052 2542 1198 2577; x_wconf 87' lang='lat' dir='ltr'><strong>episcopus</strong></span> <span class='ocrx_word' id='word_1_722' title='bbox 1214 2549 1229 2569; x_wconf 86' lang='lat' dir='ltr'><strong>a</strong></span> <span class='ocrx_word' id='word_1_723' title='bbox 1245 2541 1398 2576; x_wconf 84' lang='lat' dir='ltr'><strong>Theophilo</strong></span> <span class='ocrx_word' id='word_1_724' title='bbox 1413 2541 1500 2568; x_wconf 80' lang='lat' dir='ltr'><strong>factus</strong></span> <span class='ocrx_word' id='word_1_725' title='bbox 1514 2546 1597 2577; x_wconf 76' lang='lat' dir='ltr'><strong>esset.</strong></span> 
     </span>
    </p>
   </div>
   <div class='ocr_carea' id='block_1_111' title="bbox 1008 2576 1756 2611">
    <p class='ocr_par' dir='ltr' id='par_1_111' title="bbox 1008 2576 1756 2611">
     <span class='ocr_line' id='line_1_112' title="bbox 1008 2576 1756 2611; baseline 0 -8"><span class='ocrx_word' id='word_1_726' title='bbox 1008 2577 1063 2611; x_wconf 73' lang='grc'><strong>(40)</strong></span> <span class='ocrx_word' id='word_1_727' title='bbox 1083 2578 1114 2603; x_wconf 75' lang='grc' dir='ltr'><em>Ἀ</em></span> <span class='ocrx_word' id='word_1_728' title='bbox 1137 2577 1333 2611; x_wconf 69' lang='grc' dir='ltr'>καταγγέλλει</span> <span class='ocrx_word' id='word_1_729' title='bbox 1347 2578 1404 2611; x_wconf 83' lang='grc' dir='ltr'><strong>τὴν</strong></span> <span class='ocrx_word' id='word_1_730' title='bbox 1424 2577 1540 2611; x_wconf 82' lang='grc' dir='ltr'>κυρίαν.</span> <span class='ocrx_word' id='word_1_731' title='bbox 1567 2576 1673 2604; x_wconf 81' lang='lat' dir='ltr'><strong>Pascha</strong></span> <span class='ocrx_word' id='word_1_732' title='bbox 1691 2577 1756 2603; x_wconf 87' lang='lat' dir='ltr'><strong>illlld</strong></span> 
     </span>
    </p>
   </div>
   <div class='ocr_carea' id='block_1_112' title="bbox 973 2611 1757 2646">
    <p class='ocr_par' dir='ltr' id='par_1_112' title="bbox 973 2611 1757 2646">
     <span class='ocr_line' id='line_1_113' title="bbox 973 2611 1757 2646; baseline 0 -8"><span class='ocrx_word' id='word_1_733' title='bbox 973 2611 1089 2638; x_wconf 91' lang='lat' dir='ltr'><strong>incurrit</strong></span> <span class='ocrx_word' id='word_1_734' title='bbox 1113 2611 1140 2637; x_wconf 92' lang='lat' dir='ltr'><strong>in</strong></span> <span class='ocrx_word' id='word_1_735' title='bbox 1168 2619 1269 2638; x_wconf 86' lang='lat' dir='ltr'><strong>annum</strong></span> <span class='ocrx_word' id='word_1_736' title='bbox 1292 2611 1354 2640; x_wconf 73' lang='grc'><strong>412,</strong></span> <span class='ocrx_word' id='word_1_737' title='bbox 1384 2612 1461 2646; x_wconf 82' lang='lat' dir='ltr'><strong>cyclo</strong></span> <span class='ocrx_word' id='word_1_738' title='bbox 1485 2613 1556 2639; x_wconf 75' lang='lat' dir='ltr'><strong>lunae</strong></span> <span class='ocrx_word' id='word_1_739' title='bbox 1573 2612 1617 2643; x_wconf 77' lang='lat' dir='ltr'><strong>H.</strong></span> <span class='ocrx_word' id='word_1_740' title='bbox 1644 2612 1711 2639; x_wconf 90' lang='lat' dir='ltr'><strong>solis</strong></span> <span class='ocrx_word' id='word_1_741' title='bbox 1732 2612 1757 2642; x_wconf 86' lang='lat' dir='ltr'><strong>I,</strong></span> 
     </span>
    </p>
   </div>
   <div class='ocr_carea' id='block_1_113' title="bbox 974 2645 1759 2682">
    <p class='ocr_par' dir='ltr' id='par_1_113' title="bbox 974 2645 1759 2682">
     <span class='ocr_line' id='line_1_114' title="bbox 974 2645 1759 2682; baseline -0.001 -9"><span class='ocrx_word' id='word_1_742' title='bbox 974 2647 1069 2682; x_wconf 66' lang='lat' dir='ltr'><strong>litterae</strong></span> <span class='ocrx_word' id='word_1_743' title='bbox 1099 2650 1268 2682; x_wconf 21' lang='lat' dir='ltr'><strong>tuncrera_l_it</strong></span> <span class='ocrx_word' id='word_1_744' title='bbox 1293 2645 1348 2679; x_wconf 80' lang='lat' dir='ltr'><strong>GF,</strong></span> <span class='ocrx_word' id='word_1_745' title='bbox 1373 2645 1477 2674; x_wconf 71' lang='lat' dir='ltr'><strong>Pascha</strong></span> <span class='ocrx_word' id='word_1_746' title='bbox 1498 2647 1564 2681; x_wconf 82' lang='lat' dir='ltr'><strong>Apr.</strong></span> <span class='ocrx_word' id='word_1_747' title='bbox 1581 2647 1627 2678; x_wconf 75' lang='lat' dir='ltr'><strong>M,</strong></span> <span class='ocrx_word' id='word_1_748' title='bbox 1650 2647 1697 2682; x_wconf 92' lang='lat' dir='ltr'><strong>qui</strong></span> <span class='ocrx_word' id='word_1_749' title='bbox 1717 2651 1759 2673; x_wconf 85' lang='lat' dir='ltr'><strong>est</strong></span> 
     </span>
    </p>
   </div>
   <div class='ocr_carea' id='block_1_114' title="bbox 974 2680 1760 2716">
    <p class='ocr_par' dir='ltr' id='par_1_114' title="bbox 974 2680 1760 2716">
     <span class='ocr_line' id='line_1_115' title="bbox 974 2680 1760 2716; baseline 0.001 -9"><span class='ocrx_word' id='word_1_750' title='bbox 974 2681 1154 2708; x_wconf 81' lang='lat' dir='ltr'><strong>Phamenoth.</strong></span> <span class='ocrx_word' id='word_1_751' title='bbox 1172 2681 1215 2707; x_wconf 89' lang='lat' dir='ltr'><strong>I9.</strong></span> <span class='ocrx_word' id='word_1_752' title='bbox 1232 2680 1295 2708; x_wconf 69' lang='lat' dir='ltr'><strong>[hcc</strong></span> <span class='ocrx_word' id='word_1_753' title='bbox 1319 2690 1401 2716; x_wconf 91' lang='lat' dir='ltr'><strong>porro</strong></span> <span class='ocrx_word' id='word_1_754' title='bbox 1416 2680 1531 2716; x_wconf 73' lang='lat' dir='ltr'><strong>epistola</strong></span> <span class='ocrx_word' id='word_1_755' title='bbox 1550 2680 1760 2709; x_wconf 49' lang='lat' dir='ltr'><strong>morem—fuisse</strong></span> 
     </span>
    </p>
   </div>
   <div class='ocr_carea' id='block_1_115' title="bbox 974 2716 1760 2752">
    <p class='ocr_par' dir='ltr' id='par_1_115' title="bbox 974 2716 1760 2752">
     <span class='ocr_line' id='line_1_116' title="bbox 974 2716 1760 2752; baseline 0.001 -10"><span class='ocrx_word' id='word_1_756' title='bbox 974 2716 1155 2752; x_wconf 82' lang='lat' dir='ltr'><strong>demonstrat,</strong></span> <span class='ocrx_word' id='word_1_757' title='bbox 1169 2720 1198 2742; x_wconf 91' lang='lat' dir='ltr'><strong>ut</strong></span> <span class='ocrx_word' id='word_1_758' title='bbox 1216 2716 1261 2752; x_wconf 81' lang='lat' dir='ltr'><strong>qui</strong></span> <span class='ocrx_word' id='word_1_759' title='bbox 1276 2716 1452 2752; x_wconf 39' lang='lat' dir='ltr'><strong>hlexandrini</strong></span> <span class='ocrx_word' id='word_1_760' title='bbox 1468 2718 1589 2752; x_wconf 83' lang='lat' dir='ltr'><strong>episcopi</strong></span> <span class='ocrx_word' id='word_1_761' title='bbox 1612 2716 1760 2744; x_wconf 80' lang='lat' dir='ltr'><strong>Paschalcs</strong></span> 
     </span>
    </p>
   </div>
   <div class='ocr_carea' id='block_1_116' title="bbox 975 2751 1760 2787">
    <p class='ocr_par' dir='ltr' id='par_1_116' title="bbox 975 2751 1760 2787">
     <span class='ocr_line' id='line_1_117' title="bbox 975 2751 1760 2787; baseline 0.003 -11"><span class='ocrx_word' id='word_1_762' title='bbox 975 2751 1081 2787; x_wconf 81' lang='lat' dir='ltr'><strong>litteras</strong></span> <span class='ocrx_word' id='word_1_763' title='bbox 1097 2751 1211 2787; x_wconf 50' lang='lat' dir='ltr'><strong>ferrent,</strong></span> <span class='ocrx_word' id='word_1_764' title='bbox 1228 2751 1262 2787; x_wconf 69' lang='lat' dir='ltr'><strong>ab</strong></span> <span class='ocrx_word' id='word_1_765' title='bbox 1276 2751 1406 2779; x_wconf 82' lang='lat' dir='ltr'><strong>Ecclesiis</strong></span> <span class='ocrx_word' id='word_1_766' title='bbox 1423 2751 1614 2787; x_wconf 77' lang='lat' dir='ltr'><strong>exciperentur</strong></span> <span class='ocrx_word' id='word_1_767' title='bbox 1629 2752 1760 2779; x_wconf 83' lang='lat' dir='ltr'><strong>omnibus</strong></span> 
     </span>
    </p>
   </div>
   <div class='ocr_carea' id='block_1_117' title="bbox 975 2785 1759 2821">
    <p class='ocr_par' dir='ltr' id='par_1_117' title="bbox 975 2785 1759 2821">
     <span class='ocr_line' id='line_1_118' title="bbox 975 2785 1759 2821; baseline 0.001 -9"><span class='ocrx_word' id='word_1_768' title='bbox 975 2785 1153 2812; x_wconf 76' lang='lat' dir='ltr'><strong>humanitatis</strong></span> <span class='ocrx_word' id='word_1_769' title='bbox 1170 2785 1277 2818; x_wconf 76' lang='lat' dir='ltr'><strong>ciliciis,</strong></span> <span class='ocrx_word' id='word_1_770' title='bbox 1297 2794 1328 2814; x_wconf 85' lang='lat' dir='ltr'><strong>ac</strong></span> <span class='ocrx_word' id='word_1_771' title='bbox 1339 2787 1470 2821; x_wconf 86' lang='lat' dir='ltr'><strong>jumcnlis</strong></span> <span class='ocrx_word' id='word_1_772' title='bbox 1486 2785 1519 2814; x_wconf 70' lang='lat' dir='ltr'><strong>at!</strong></span> <span class='ocrx_word' id='word_1_773' title='bbox 1537 2788 1588 2815; x_wconf 91' lang='lat' dir='ltr'><strong>iter</strong></span> <span class='ocrx_word' id='word_1_774' title='bbox 1604 2787 1759 2814; x_wconf 85' lang='lat' dir='ltr'><strong>Iacieudum</strong></span> 
     </span>
    </p>
   </div>
   <div class='ocr_carea' id='block_1_118' title="bbox 975 2821 1180 2854">
    <p class='ocr_par' dir='ltr' id='par_1_118' title="bbox 975 2821 1180 2854">
     <span class='ocr_line' id='line_1_119' title="bbox 975 2821 1180 2854; baseline 0.005 -7"><span class='ocrx_word' id='word_1_775' title='bbox 975 2821 1180 2854; x_wconf 79' lang='lat' dir='ltr'><strong>adjuvarculur.</strong></span> 
     </span>
    </p>
   </div>
  </div>
