1964 3058
236 150 300 177 ΙΞΒΙ

759 145 894 173 SY’NESlI
914 144 1148 174 PTOLEMAIDIS
1168 143 1322 171 EPISCOPI

1794 143 1805 168 1
1812 141 1870 169 552

236 210 336 235 minem
351 214 401 235 sua
418 209 570 242 praasertim
586 213 669 233 causa
693 206 748 239 pati
769 205 867 240 jejunii
882 205 1025 240 tempore?

1092 204 1216 240 ηστίμοις
1235 203 1368 239 ἡμέραις;
1382 202 1475 233 Ὅστις
1487 199 1533 228 οὖν
1541 199 1609 236 ἦγεν
1623 201 1713 232 αὐτὸν,
1727 201 1778 228 οὐκ
1794 202 1871 236 ἀφῆ-

236 254 419 286 Quamobrem
434 253 482 287 qui
505 252 582 279 illum
606 251 731 284 adduxit,
756 258 810 278 non
837 251 961 282 dimisit;
977 250 1026 277 sed

237 303 348 334 ereptus
373 299 411 326 illi
437 299 521 325 homo
535 302 587 325 est.
603 297 682 330 Quod
701 297 724 323 si
749 299 860 331 propter
876 296 929 322 vim
946 296 1026 322 istam

237 352 334 380 poenas
348 345 382 371 ab
394 351 426 371 eo
443 347 561 379 repetas,
576 350 609 370 eo
623 343 732 370 demum
743 342 847 369 erimus
860 341 982 371 adducti,
999 343 1028 367 ut

239 391 273 418 iis
289 389 487 417 humanitatem
507 388 715 419 adhiberemus,
728 388 774 422 qui
791 387 870 414 nobis
898 386 1028 421 injuriam

239 436 393 463 fecissent:
416 435 450 462 iis
465 441 530 461 vero
556 433 720 464 faceremus,
746 432 793 467 qui
817 431 921 458 nullam
948 431 1028 458 nobis

241 481 412 508 intulissent.

507 524 674 551 EPISTOIA
703 522 762 549 XV.

466 571 647 602 Philosophia:
664 570 809 603 ιιιαιιὶδιιτιλ.

277 618 315 645 Eo
343 626 402 646 sutn
433 617 574 645 infortunii
609 616 758 646 redactus,
787 618 816 640 ut
847 612 1029 648 hydroscopio

242 672 313 699 opus
329 665 452 691 habeam.
477 663 546 689 ane
573 662 625 689 huc
653 661 717 688 mihi
733 659 863 686 fabricari
886 667 917 685 ac
930 658 1028 685 coemi.

243 710 368 736 Tubulus
383 714 425 736 est
439 709 555 744 cylindri
576 708 691 742 figuram
707 706 822 737 habens,
837 705 911 732 tibiae
925 704 1030 739 magni-

243 755 337 782 tudine
351 759 433 790 atque
442 755 537 781 forma.
548 753 634 780 Hicin
648 760 701 779 una
713 755 788 779 recta
800 751 870 778 linea
881 751 1030 778 incisiones

243 802 334 834 habet,
345 801 446 836 quibus
459 808 592 836 aquarum
614 800 807 827 libramentum
825 797 1027 832 cognoscimus.

243 848 359 876 Obturat
371 848 442 875 enim
461 847 537 873 illum
553 846 638 873 altera
651 853 684 872 ex
698 847 774 879 parte
791 850 888 873 couns.
903 842 1030 877 aequabili

243 893 368 928 positura
397 892 526 923 insertus,
553 892 593 918 ita
618 895 647 917 ut
669 889 822 916 communis
838 889 873 915 sit
888 888 1029 914 amborum
1047 886 1066 913 Β

245 938 330 969 hasis,
346 937 408 964 coni
422 937 550 964 videlicet
576 940 658 970 atque
679 934 756 969 173
783 933 883 961 tubuli.
908 932 965 960 lloc
991 934 1033 967 ip-

245 991 306 1010 sum
323 988 375 1015 est,
390 982 464 1017 quod
478 982 623 1017 baryllium
637 981 784 1015 appellant.
799 979 859 1006 Jam
875 987 936 1006 cum
951 978 1033 1005 tubu-

244 1029 301 1056 lum
317 1029 344 1056 in
359 1037 456 1063 aquam
472 1028 643 1063 deposueris,
660 1031 769 1054 erectus
785 1026 868 1057 subit,
895 1029 924 1052 ut
949 1025 977 1052 in
1000 1031 1033 1051 eo

245 1075 395 1103 incisiones
412 1075 491 1102 facile
509 1081 654 1101 numerare
667 1073 756 1109 possis
770 1081 777 1106 ;
791 1079 824 1099 ex
838 1071 937 1107 quibus
952 1071 1033 1098 libra-

244 1124 366 1148 mentum
379 1120 566 1156 cognoscitur.

509 1175 676 1203 EPlSTOLA
696 1174 767 1202 XVI.

584 1220 689 1248 Eidem.

283 1267 456 1296 Decumbens
483 1267 510 1293 in
538 1267 610 1293 lecto
638 1266 708 1292 hanc
741 1265 886 1299 epistolam
916 1264 1031 1292 dictavi.

246 1320 329 1348 quam
343 1312 447 1338 utinam
463 1311 609 1338 incolumis
624 1310 757 1344 aecipias,
777 1314 874 1342 mater,
892 1316 924 1336 ac
939 1316 1028 1341 soror,

247 1363 277 1386 ct
295 1358 440 1392 magistra,
463 1358 588 1391 beneque
608 1364 655 1390 per
680 1356 736 1382 lucc
754 1356 847 1382 omnia
868 1355 903 1382 de
919 1363 962 1381 me
977 1362 1034 1380 me-

248 1405 312 1437 rita,
329 1407 356 1431 et
372 1403 394 1431 si
411 1410 466 1438 qua
481 1407 523 1430 est
541 1403 593 1429 alia
611 1410 655 1428 res
670 1401 851 1436 appellatiove
863 1399 1032 1428 honorifica!

248 1449 312 1476 Mihi
329 1456 397 1475 vero
414 1449 538 1482 corporis
554 1447 731 1474 imbecillitas
745 1455 778 1474 ex
795 1446 959 1481 aegritudine
974 1446 1034 1472 ani-

249 1495 286 1522 ιιὶ
302 1494 447 1529 dependet.
468 1493 602 1520 Paulatim
627 1501 670 1520 me
691 1497 862 1520 mortuorum
884 1493 1033 1520 liberarunt

1081 268 1138 290 κεν,
1153 259 1211 286 ἀλλ’
1225 258 1348 294 ἀφῃρέθη
1371 258 1416 284 τὴν
1433 257 1584 293 ἄνθρωπον.
1599 258 1647 283 Ἂν
1661 255 1708 283 οὖν
1728 257 1798 292 ὑπὲρ
1819 255 1871 282 τοῦ

1079 304 1221 340 βεϐιάσθαι
1245 313 1287 330 σοι
1311 303 1348 338 δῷ
1369 303 1456 338 δίκην,
1480 302 1664 338 περιέστημεν
1676 303 1757 338 ἡμεῖς
1775 303 1816 333 εἰς
1839 302 1872 328 τὸ

1078 352 1134 382 τοῖς
1150 351 1199 385 μὲν
1213 349 1354 384 ἠδικηκόσι
1374 348 1501 382 γενέσθαι
1514 348 1710 382 φιλάνθρωποι,
1729 347 1829 377 αὐτοὺς
1842 345 1870 373 δὲ

1078 396 1142 428 τοὺς
1157 395 1233 422 οὐδὲν
1247 394 1406 426 ἀδικοῦντας
1421 394 1589 428 ἠδικηκέναι.

1349 437 1525 465 ΕΠΙΣΤΟΛΗ
1545 438 1595 463 lE’.

1357 483 1396 517 Τῇ
1414 483 1581 518 φιλοσόφῳ.

1115 531 1192 558 Οὕτω
1207 531 1277 557 πάνυ
1298 530 1426 564 πέπραγα
1443 529 1580 563 πονήρως,
1599 527 1667 553 ὥστε
1688 526 1869 560 ὑιιροσκοπίου

1082 587 1126 613 μοι
1149 578 1188 604 δεῖ
1214 577 1280 611 (lii),
1309 575 1449 607 Ἐπῐταξον
1474 576 1541 601 αὐτὸ
1565 573 1745 609 χαλκενθῆναί
1767 581 1798 600 τε
1822 574 1872 599 καὶ

1081 623 1265 658 συνωνηθῆναι
1281 622 1338 657 [γρ.
1358 620 1525 655 σννωσθῆναι
1542 619 1558 655 ἢ
1583 618 1787 654 συνενωοῆναι].
1813 618 1872 644 Σω-

1080 669 1128 705 λήν
1143 671 1200 695 ἐστι
1214 667 1391 702 κυλινδρικὺς,
1409 666 1490 693 αὐλοῦ
1513 666 1558 692 καὶ
1584 665 1677 700 σχῆμα
1692 665 1739 690 καὶ
1753 664 1872 699 μέγεθος

1080 715 1160 750 ἔχων.
1184 712 1265 744 Οὗτος
1288 713 1332 740 ἐπί
1349 721 1420 742 τινος
1434 712 1539 741 εὐθείας
1556 711 1663 745 δέχεται
1679 710 1730 742 τὰς
1750 718 1873 736 κατατο-

1084 760 1146 795 μὰς,
1162 759 1205 790 αἷς
1217 760 1269 786 τῶν
1287 759 1391 786 ὑδάτων
1412 759 1460 793 τὴν
1481 758 1566 792 ῥοπὴν
1580 756 1636 792 [πρ.
1654 755 1729 792 ῥοὴν]
1746 755 1874 788 ἐξετάζο-

1083 815 1143 842 μεν.
1171 805 1386 841 Ἐπιπωματίζει
1410 804 1464 839 γὰρ
1486 803 1567 830 αὑτὸν
1591 803 1623 829 ἐκ
1646 802 1760 837 θατέρου
1783 802 1874 834 κῶνος

1083 852 1153 879 κατὰ
1170 853 1244 878 Θέσιν
1262 852 1322 886 ῑσην
1345 850 1513 885 ἐγκείμενος,
1531 849 1568 880 ὡς
1588 846 1657 875 εἶναι
1682 848 1774 882 κοινὴν
1792 847 1874 882 βάσιν

1081 901 1181 934 ἀμφοῖν
1196 899 1243 925 τοῦ
1268 898 1355 924 κώνου
1379 906 1408 923 τε
1435 897 1483 923 καὶ
1508 897 1555 923 τοῦ
1579 895 1707 930 σωλῆνος.
1737 894 1809 921 Αὐτὸ
1841 894 1874 929 δὴ

1082 945 1160 972 τοῦτό
1178 945 1251 970 ἐστιν
1266 943 1297 970 τὸ
1308 943 1460 978 βαρύλλιον.
1481 943 1567 969 Ὅταν
1579 940 1626 968 οὖν
1641 943 1679 972 εις
1696 941 1768 976 ὕδωρ
1783 940 1874 974 καθῇς

1083 992 1127 1018 τὸν
1142 991 1230 1021 αὐλὸν,
1248 990 1325 1025 ὀρθὸς
1341 989 1459 1023 ἑστήξει,
1473 989 1521 1015 καὶ
1536 986 1648 1023 παρέξει
1660 988 1701 1013 σοὶ
1717 987 1766 1018 τὰς
1783 995 1875 1012 xam-

1083 1035 1168 1070 τομὰς
1185 1034 1310 1069 ἀριθμεῖν
1321 1042 1328 1050 ·
1346 1035 1374 1060 αἱ
1389 1033 1417 1060 δὲ
1437 1033 1486 1068 τῆς
1512 1033 1597 1068 ῥοπῆς
1614 1032 1670 1068 [γρ.
1695 1030 1794 1067 ῥητῆς]
1818 1031 1875 1057 εἰσι

1085 1081 1260 1116 γνωρίσματα
1276 1079 1346 1116 (42).

1348 1176 1523 1202 ΕΠΙΣΤυΛΗ
1543 1176 1601 1210 tcr.

1402 1222 1441 1256 Τῇ
1465 1221 1552 1256 αὐτῇ.

1120 1267 1286 1302 κλινοπετὴς
1301 1267 1476 1302 ὑπηγόρευσα
1490 1268 1539 1302 τὴν
1561 1266 1712 1301 ἐπιστολὴν,
1732 1268 1765 1301 ἣν
1781 1266 1876 1299 ὑγιαί-

1084 1322 1166 1341 νουσα
1192 1314 1328 1349 κομίσαιο,
1347 1314 1444 1348 μῆτερ,
1462 1313 1508 1339 καὶ
1520 1313 1632 1347 ἀδελφὴ,
1649 1313 1695 1339 καὶ
1717 1312 1876 1343 διδάσκαλε,

1085 1360 1131 1386 καὶ
1145 1359 1189 1385 διὰ
1203 1359 1310 1386 πάντων
1323 1358 1424 1385 τούτων
1443 1359 1621 1394 εὐεργετικὴ·
1649 1358 1696 1385 καὶ
1714 1358 1789 1384 ἅπαν
1810 1358 1826 1384 ὅ
1847 1367 1876 1384 τι

1085 1405 1174 1439 τίμιον
1189 1405 1236 1431 καὶ
1251 1404 1378 1439 πρᾶγμα,
1394 1405 1442 1431 καὶ
1457 1404 1551 1439 ὄνομα.
1573 1404 1652 1439 Ἐμοὶ
1666 1404 1693 1430 δὲ
1709 1404 1743 1430 τὰ
1756 1404 1806 1439 τῆς
1819 1412 1876 1430 σοι·

1088 1450 1203 1485 ματικῆς
1227 1450 1368 1481 ἀσθενείας
1393 1450 1509 1484 ψυχικῆς
1530 1449 1621 1481 αἰτίας
1644 1449 1770 1484 ἐξῆπται.
1794 1449 1877 1476 Κατὰ

1087 1495 1183 1531 μικρόν
1200 1503 1233 1530 με
1244 1495 1350 1530 δαπανᾷ
1362 1494 1417 1522 τῶν
1435 1495 1547 1522 παιδίων
1559 1495 1614 1522 τῶν
1628 1494 1799 1522 ἀπελθόντων
1816 1494 1874 1530 [γρ.

249 1539 405 1568 recordatio
421 1539 541 1566 conficit.
559 1538 666 1566 Tandiu
685 1539 776 1565 vivere
794 1537 939 1573 Syuesium
955 1545 1035 1572 Opor-

1090 1540 1286 1576 παρελοόντων]
1311 1541 1328 1576 ἡ
1353 1541 1458 1576 μνήμη.
1484 1541 1589 1576 Μέχρις
1613 1540 1718 1566 ἐκείνου
1737 1540 1786 1575 ζῇν
1799 1541 1876 1573 ἀξιον

251 1587 338 1619 lebat,
364 1585 454 1620 quoad
475 1585 538 1612 vita:
561 1585 696 1611 malorum
720 1592 818 1619 expers
841 1587 911 1611 erat.
937 1582 1036 1609 Postea

251 1633 324 1660 vclnl
351 1631 492 1659 cohibitus
518 1637 645 1662 torrens,
673 1637 728 1657 uno
755 1631 856 1664 impetu
885 1628 1035 1663 profluxit,

250 1683 412 1712 mutataque
428 1677 491 1703 vita'
506 1677 596 1703 omnis
610 1681 652 1703 est
663 1675 836 1710 iucunditas.
860 1673 969 1701 Utinam
990 1677 1037 1699 aut

252 1723 360 1752 vivere.
388 1725 436 1748 aut
462 1721 581 1755 sepulcri
607 1720 755 1748 liberorum
781 1720 940 1747 meminisse
965 1719 1038 1745 desi-

252 1774 315 1794 nant
330 1767 336 1793 l
356 1765 397 1793 Tu
414 1773 479 1793 vero
495 1771 522 1792 et
538 1765 597 1799 ipsa
615 1765 722 1796 valeas,
740 1768 767 1792 et
785 1764 874 1791 beatis
896 1763 1038 1791 sodalibus

252 1813 369 1840 salutem
386 1819 402 1838 a
419 1819 462 1839 me
477 1811 579 1842 dicito,
596 1810 677 1837 initio
692 1817 707 1837 a
724 1809 880 1837 Theotecno
898 1814 993 1844 patre,
1012 1813 1039 1836 et

254 1859 339 1886 fratre
355 1856 506 1884 Athanasio
521 1856 605 1888 facto,
618 1856 749 1890 deinceps
768 1855 913 1883 universis.
928 1854 996 1882 Tum
1015 1855 1038 1881 si

254 1904 317 1938 quis
334 1903 367 1930 ad
382 1909 430 1930 eos
448 1902 615 1934 accesserit,
631 1901 678 1936 qui
696 1902 744 1929 tibi
762 1910 793 1929 ex
811 1902 903 1928 animo
921 1903 976 1934 sit;
995 1902 1038 1927 cui

254 1950 370 1984 gratiam
389 1949 489 1976 debere
506 1956 549 1975 me
571 1952 681 1982 oportet
699 1948 749 1975 hoc
768 1948 827 1982 ipso
850 1948 923 1983 quod
940 1948 988 1975 tibi
1006 1956 1040 1975 ex

254 1995 347 2022 animo
374 1994 428 2026 sit;
458 1993 529 2020 hunc
554 1997 583 2019 tu
610 2001 721 2028 quoque
749 1994 823 2020 velut
847 1993 1040 2020 charissinnnn

255 2040 389 2071 amicum,
409 2047 469 2066 meo
491 2039 600 2066 nomine
623 2039 725 2067 salutes
742 2039 834 2066 velim.
856 2039 975 2067 Mearum
998 2048 1041 2066 re-

255 2093 315 2112 rum
336 2085 360 2112 si
385 2085 452 2119 quid
474 2084 523 2111 tibi
537 2091 611 2110 cura:
633 2088 687 2115 est,
714 2088 788 2111 recte
810 2084 898 2112 facis:
915 2085 958 2111 sin
972 2085 1041 2112 nihil

255 2138 329 2158 cura!
344 2134 402 2163 est,
419 2137 506 2164 neque
521 2129 592 2156 istud
610 2128 757 2156 admodum
772 2137 851 2156 curo.

514 2173 681 2201 EPlSTOLA
700 2173 782 2202 XVII.

571 2219 726 2246 Heliodoro.

292 2265 412 2293 Plurima
427 2265 465 2292 illi
484 2265 555 2292 bona
571 2264 733 2298 contingant
746 2264 792 2298 qui
809 2264 1039 2298 magnificentiam

1088 1586 1223 1618 Συνέσιον,
1249 1586 1344 1622 μέχρις
1362 1584 1395 1621 ἦν
1418 1586 1532 1621 ἄπειρος
1553 1586 1607 1612 τῶν
1626 1586 1673 1613 τοῦ
1699 1586 1757 1621 βίου
1770 1587 1875 1613 κακῶν.

1087 1629 1153 1658 Εῐτα
1177 1631 1272 1666 ὥσπερ
1296 1631 1385 1666 ῥεῦμα
1410 1631 1564 1666 ὲπιπχεθὲν,
1588 1631 1686 1666 ἀθρόον
1711 1632 1806 1667 tepor}.
1829 1633 1877 1658 καὶ

1089 1676 1236 1711 μετέϐαλεν
1251 1677 1268 1711 ἡ
1283 1676 1420 1711 γλυκύτης
1434 1677 1481 1703 τοῦ
1506 1677 1574 1711 βίου.
1600 1677 1764 1712 Παυσαίμην
1775 1676 1793 1712 ἢ
1809 1676 1876 1708 ζῶν,

1087 1721 1104 1757 ἢ
1124 1721 1296 1757 μεμνημένος
1309 1722 1364 1748 τῶν
1381 1721 1461 1748 υἱέων
1481 1722 1528 1748 τοῦ
1542 1722 1639 1756 τάφου.
1657 1723 1693 1749 Σὺ
1707 1722 1735 1748 δὲ
1754 1723 1822 1758 αὐτή
1847 1731 1877 1749 τε

1089 1767 1231 1802 ὑγιαίνοις.
1244 1768 1290 1794 καὶ
1303 1768 1425 1795 ἄσπασαι
1435 1768 1498 1798 τοὺς
1512 1767 1662 1803 μακαρίους
1676 1768 1808 1803 ἑταίρους.
1822 1768 1878 1794 ἀπὶ

1088 1812 1135 1839 τοῦ
1151 1812 1251 1848 πατρὸς
1267 1812 1413 1839 Θεοτέκνου
1431 1812 1480 1838 καὶ
1493 1812 1547 1839 ἀπὸ
1570 1812 1617 1838 τοῦ
1631 1812 1744 1846 ἀδελφοῦ
1762 1812 1879 1839 Ἀθανα-

1090 1857 1147 1884 σίου
1174 1856 1326 1893 ἀρξαμένη,
1349 1857 1454 1888 πάντας
1486 1856 1565 1891 ἑξῆς·
1593 1857 1641 1883 καὶ
1667 1857 1693 1882 εἴ
1720 1865 1762 1888 τις
1785 1857 1878 1888 αὐτοῖς

1090 1902 1282 1938 προσγέγονεν,
1305 1902 1342 1934 ὡς
1368 1900 1438 1929 εἶναι
1453 1911 1494 1928 σοι
1513 1902 1697 1937 καταθύμιοςο
1720 1902 1770 1937 ἐμὲ
1793 1902 1822 1928 δὲ
1838 1903 1879 1928 δεῖ

1090 1949 1169 1984 χάριν
1194 1947 1310 1983 ὀφείλειν
1336 1948 1419 1982 αὐτῷ,
1444 1948 1511 1974 διότι
1536 1956 1577 1974 σοι
1606 1947 1773 1982 καταθύμιός
1801 1949 1876 1974 ἐστι·

1091 1995 1214 2021 κάκεῖνον
1226 1993 1263 2025 ὡς
1278 1993 1354 2028 φίλον
1368 1993 1494 2028 φίλτατον
1509 1993 1629 2020 domum
1645 1993 1710 2028 παρ’
1722 1993 1800 2028 ἐμοῦ.
1816 1993 1878 2019 Τῶν

1091 2039 1205 2074 ὲμῶλεῐ
1217 2039 1243 2065 τί
1265 2047 1306 2064 σοι
1325 2038 1412 2073 μέλει,
1429 2038 1517 2070 καλῶς
1541 2039 1644 2070 ποιεῖς’
1663 2038 1710 2065 καὶ
1723 2039 1747 2064 εἰ
1761 2038 1800 2072 μὴ
1814 2038 1879 2073 μέλ·

1091 2084 1132 2110 λει
1224 2083 1325 2120 μέλει].
1340 2083 1400 2111 οὐδὲ
1416 2084 1478 2119 ἐμοὶ
1490 2083 1584 2120 τούτοιρ
1601 2083 1687 2119 μέλει.

1371 2174 1544 2200 ΕΠΙΣΤΟΛΗ
1565 2175 1614 2201 ιΖ¹.

1403 2219 1576 2252 ἸΙλιοδώρῳ.

1130 2263 1218 2291 Πολλὰ
1234 2265 1342 2298 κάγαθὰ
1360 2264 1464 2298 γένοιτο
1477 2265 1514 2299 τῷ
1528 2265 1592 2291 δεῖνι
1607 2264 1662 2300 [γρ.
1681 2264 1773 2302 τῷδε],
1787 2265 1823 2292 δι’
1837 2267 1880 2293 εὖ·

863 2364 955 2392 DION.
970 2363 1106 2392 PETAVII
1132 2363 1247 2391 ΝΟΤΕ.

292 2457 347 2494 (Η)
366 2457 577 2494 Ὑδροσκοπίρυ
589 2464 640 2490 μοι
653 2455 706 2482 δεῖ.
722 2454 1039 2494 ᾼιμιῐιεβυῐηηὲργαλεῖον

292 2463 347 2494 (Η)
366 2463 577 2491 ’Υΰροσκοπιου
589 2464 640 2490 μοι
653 2463 706 2482 cel.
722 2463 883 2490 nqnnegum
900 2463 912 2480 ε
933 2463 1039 2488 γαΛειον

256 2493 395 2528 quoddam
418 2500 480 2528 esse
496 2492 586 2526 potius
605 2498 688 2528 quant
715 2491 866 2528 clepsydra:
942 2498 1040 2528 genus,

258 2525 287 2555 ut
303 2529 410 2562 vulgata
426 2525 514 2554 lexiva
530 2533 670 2562 perperam
683 2525 794 2554 habent.
810 2526 1041 2562 existimaverim;

258 2560 432 2596 nequeenim
456 2561 605 2596 clepsydra:
621 2561 653 2596 in
665 2568 763 2596 aquam
778 2560 922 2596 ‘deutissm,
947 2560 994 2596 sed
1015 2560 1041 2586 in

256 2594 308 2624 eas'
320 2597 409 2623 infusa
428 2597 518 2630 potius
533 2594 616 2630 aqua.
635 2594 795 2630 Cujusmodi
812 2602 875 2620 vero
892 2595 958 2630 illud
984 2594 1042 2630 l‘uef

259 2634 304 2662 rit,
319 2639 372 2658 non
391 2628 457 2658 satis
471 2628 568 2664 capio;
581 2630 657 2664 Apud
674 2629 778 2656 Vitruv.
793 2630 811 2656 l.
829 2637 885 2661 vnt,
901 2638 926 2656 c.
943 2628 970 2659 6,
995 2628 1041 2655 uhi

258 2667 293 2693 de
309 2673 440 2700 aquarum
458 2666 612 2694 libratione,
636 2665 809 2693 chorobates.
824 2664 946 2700 ejusdem
961 2671 1042 2700 gene—

260 2702 298 2727 ris
315 2698 539 2731 instrumentum,
564 2708 617 2726 non
635 2707 722 2734 pauca
742 2699 822 2731 hujus
845 2698 1041 2732 desctiptionis

261 2736 352 2762 habet.
366 2735 432 2760 Nam
445 2735 515 2760 inter
527 2738 635 2764 caetera.
653 2735 723 2761 inter
739 2734 870 2767 regulam,
880 2737 906 2759 et
918 2741 1038 2760 ancones

260 2773 402 2804 coniuncta
418 2769 614 2804 transversaria
630 2776 691 2804 esse
702 2769 749 2799 ait,
767 2776 826 2802 quae
840 2768 941 2804 habent
953 2769 1038 2804 lineas

261 2804 295 2831 ad
311 2803 530 2838 perpendiculum
554 2808 627 2830 recte
650 2803 812 2836 descriptas,
840 2803 1040 2838 pendentiaque

261 2847 293 2866 ex
312 2837 404 2874 regula
424 2838 630 2874 perpendicula,
653 2838 679 2864 in
704 2837 821 2872 singulis
839 2837 964 2872 partibus
984 2838 1043 2865 sin-

1091 2454 1165 2489 gula,
1179 2461 1249 2488 quae.
1265 2461 1328 2480 cum
1346 2453 1439 2490 regula
1457 2453 1538 2481 fuerit
1562 2454 1704 2485 collocata.
1721 2462 1809 2490 eaque
1823 2460 1879 2483 tau-

1092 2493 1155 2521 gent
1176 2497 1254 2522 aeque
1272 2496 1303 2515 ac
1324 2489 1426 2522 pariter
1446 2489 1532 2516 lineas
1556 2489 1769 2524 descriptionis,
1779 2491 1879 2518 indica-

1093 2524 1160 2551 bunt
1177 2524 1303 2550 libratam
1320 2524 1540 2550 collocationem.

1128 2558 1184 2593 (42)
1197 2559 1230 2584 Al
1244 2557 1278 2584 δὲ
1290 2557 1346 2591 τῆς
1364 2557 1460 2591 ῥοπῆς
1482 2559 1541 2585 εισι
1557 2559 1755 2592 γνωρίσματα.
1774 2559 1804 2586 ln
1822 2561 1880 2594 qui-

1093 2594 1208 2620 busdam
1224 2600 1291 2619 mss.
1310 2597 1368 2619 erat
1383 2593 1479 2627 ῥητῆς.
1495 2594 1567 2627 quod
1584 2598 1611 2620 et
1635 2594 1661 2620 in
1680 2595 1765 2622 variis
1786 2593 1880 2622 lectio-

1094 2629 1180 2665 nibus
1194 2627 1314 2654 Turneb.
1331 2627 1460 2665 editionis
1477 2628 1639 2665 legitur._ln_
1658 2629 1740 2665 unius
1758 2631 1880 2665 margine

1095 2663 1218 2690 scltolion
1230 2668 1299 2692 erat,
1313 2661 1385 2695 quod
1400 2663 1514 2690 exoletis
1530 2670 1562 2689 ac
1587 2662 1754 2697 fugientibus
1769 2661 1878 2695 liue'ris.

1095 2702 1124 2724 ut
1139 2699 1267 2732 pleraque
1283 2697 1343 2730 ejus
1357 2697 1472 2733 codicis,
1488 2698 1538 2732 legi
1557 2699 1669 2733 omnino
1683 2705 1737 2733 non
1752 2703 1878 2733 poterat;

1091 2731 1148 2773 hate
1161 2732 1477 2773 gunlasatuextudi'mus,
1494 2731 1613 2773 ἐνταῦθα
1622 2731 1679 2773 οὖν,
1691 2731 1781 2773 οἶμαι,

1091 2768 1141 2803 τὴν
1158 2767 1231 2802 ὥραν
1248 2766 1387 2803 ἐκάλεσεν.
1403 2767 1441 2793 Ex
1455 2767 1678 2803 quibusqvidetur
1691 2766 1880 2803 quisquis'ille

1093 2801 1136 2830 est
1159 2801 1304 2828 adnotator
1327 2801 1539 2839 hydroscopium
1557 2801 1591 2830 de
1610 2802 1742 2837 horologii
1765 2801 1879 2839 genere,

1097 2841 1194 2865 contra
1206 2844 1286 2872 quam
1302 2844 1362 2870 nos,
1377 2837 1512 2872 accipere.
