1993 3058
133 177 203 204 ίῖιῦὂ

738 173 926 203 EPISTOLAE.
942 189 977 194 —
992 173 1100 202 EPIST.
1120 172 1191 202 XXI.

1688 175 1757 204 1534

131 237 224 271 φήμου
241 236 355 271 μνήμης
373 236 421 272 τὴν
444 235 494 271 σὴν
516 235 610 269 ἄγοντι
625 235 855 271 σεμνοπρέπειαν,
872 235 920 262 καὶ

978 241 1046 261 ;uam
1062 233 1239 262 sanctissima
1252 233 1445 263 recordatione
1456 236 1645 272 prosequitur.
1661 243 1760 265 aures—

131 284 186 313 τὰς
208 281 336 308 ἁπάντων
350 281 434 313 ἀκοὰς
449 281 632 317 ἐκπεπληκότι
643 280 701 317 [γρ.
718 280 918 317 ἐμπεπληκότι]

131 327 185 353 τῶν
201 327 318 354 ἐπαίνων
337 327 391 354 τῶν
406 327 477 354 κατὰ
497 327 556 359 σοῦ,
580 327 761 362 ὀφειλομένων
783 329 816 362 τῇ
831 328 918 362 χρυσῇ

107 390 113 395 .
133 379 179 396 σου
195 371 267 407 ψυχῇ
291 371 338 398 καὶ
357 371 473 407 γλώττῃ.
489 371 563 406 Πλὴν
578 371 646 398 ἀλλὰ
661 371 737 406 παρὰ
759 371 842 403 πόδας
854 372 919 398 ἀπο-

129 417 210 448 δίδως
222 418 272 452 τὴν
288 416 369 453 χάρίν
378 418 427 452 τῆς
443 417 567 452 εὐλογίας
583 417 640 454 [γρ.
655 417 814 453 εὖφημίας],
829 418 921 444 ἀντευ-

133 462 264 496 φημεῖται
281 462 334 497 γὰρ
358 462 411 488 ὑπὸ
433 462 537 498 μυρίων
552 463 621 489 ὅσων
634 462 689 489 τῶν
712 463 766 489 σῶν
786 462 919 497 ἐραστῶν,

133 505 175 538 οἷς
198 507 299 534 ἅπασιν
319 507 375 541 ἐγὼ
390 507 444 534 τῶν
466 509 608 543 πρωτείων
624 507 802 543 ἀμφισϐητῶ·
821 507 921 543 μᾶλλον

133 553 163 579 δέ
176 554 225 580 οὐκ
238 553 404 589 ἀμφισϐητῶ
413 561 420 568 ·
437 554 606 589 συγχωροῦσι
619 553 673 589 γὰρ
688 553 814 584 ἅπαντες.

404 600 577 627 ΕΠΙΣΤΟΛΗ
596 600 651 627 IH'.

436 646 479 679 Τῷ
495 645 627 680 ἀδελφῷ.

178 691 206 718 '0
227 691 301 718 δεῖνα
317 690 461 726 βουλευτὴς
483 690 533 725 μέν
557 691 616 716 ἐστι
634 688 746 720 πόλεως,
770 689 799 715 ἐν
822 684 839 725 ᾗ
858 688 922 719 τοὺς

136 736 235 767 παῖδας
262 735 451 770 ἐγεννησάμην
477 733 534 770 [γρ.
561 732 789 769 ἐγεννησάμεθα].
815 733 922 768 Τρόπον

134 779 183 808 οὖν
198 789 259 807 τινα
277 780 381 811 πάντας
398 778 588 815 Ἀλεξανδρέας
607 778 645 810 ὡς
661 777 771 809 πολίτας
787 776 831 811 ὑφ’
843 776 921 812 ἡμῶν

135 826 268 860 τιμᾶσθαι
283 825 330 851 καὶ
341 824 456 860 ὁρᾶσθαι
468 825 613 860 προσήκει,
627 823 673 858 Τῷ
687 822 715 849 δέ
729 822 844 858 ὑπάρχει
855 828 921 855 συγ-

136 875 211 908 γενεῖ
221 881 252 900 τε
270 870 340 899 εἶναι
356 871 404 899 τοῦ
424 871 576 907 μακαρίτου
601 869 739 905 Θεοδώρου
763 869 865 904 σφόδρα
878 869 922 896 διὰ

972 288 1025 315 que
1048 280 1171 308 omnium
1202 279 1258 307 tuis
1279 280 1407 309 laudibus
1430 281 1571 317 implevit;
1610 289 1671 317 qua
1693 290 1759 310 cum

972 327 1087 359 animae,
1111 330 1170 353 tum
1195 326 1296 361 lingua!
1315 333 1405 354 aureae
1429 331 1483 354 tua:
1497 328 1596 356 merito
1609 327 1756 356 debentur.

972 371 1168 399 Verumtamen
1182 370 1301 399 subinde
1316 371 1356 398 illi
1373 372 1583 400 collaudationis
1598 373 1681 401 istius
1695 380 1759 408 gra-

973 418 1040 445 tiam
1067 417 1179 445 refers:
1200 416 1324 445 vicissim
1348 416 1421 444 cnim
1447 417 1690 447 innumerabilium
1716 419 1758 447 tui

972 466 1127 490 amatorum
1146 462 1342 499 praedicatione
1363 462 1462 496 fertur,
1480 463 1647 498 quibuscum
1667 465 1758 492 omni-

972 509 1024 536 bus
1037 508 1071 536 de
1085 509 1240 544 principatu
1250 507 1405 541 contendo;
1428 508 1471 536 vel
1485 515 1540 536 non
1556 510 1692 537 contendo
1709 518 1758 546 po-

973 554 1030 582 tius
1041 573 1049 588 ,
1063 554 1134 582 ultro
1144 554 1218 582 enim
1233 554 1298 581 mihi
1311 554 1346 582 ab
1358 554 1488 582 omnibus
1499 554 1671 583 conceditur.

1225 599 1394 628 EPISTULA
1410 600 1503 629 XVII].

1312 645 1417 673 Fratri.

1009 691 1059 719 Hic
1073 696 1184 720 senator
1197 691 1307 727 quidam
1321 693 1381 727 ejus
1394 692 1472 720 urbis
1486 696 1539 724 est,
1549 692 1576 720 in
1592 700 1644 728 qua
1658 693 1760 722 liberos

974 739 1086 767 sustuli.
1118 738 1208 772 Quare
1224 747 1318 767 omnes
1332 739 1535 774 quodammodo
1548 739 1759 774 Alexandrinos,

974 788 1104 819 tanquam
1125 783 1285 819 populares,
1314 784 1367 810 coli
1384 791 1399 810 a
1414 784 1509 816 nobis,
1532 788 1560 812 et
1578 785 1659 821 1⁸14
1672 786 1759 820 aspici

974 829 1111 857 convenit.
1132 828 1202 856 Huic
1215 837 1280 857 vero
1298 829 1433 864 contingit
1445 836 1508 857 cum
1522 830 1603 858 beato
1614 830 1760 860 Theodoro

976 875 1183 910 propinquitas,
1205 875 1285 910 cujus
1304 875 1376 910 apud
1395 882 1446 903 nos
1460 875 1595 910 imprimis
1613 876 1685 912 viget
1701 885 1760 905 me-

138 920 250 955 μνὴμης
273 919 339 954 ἡμῖν
363 917 458 953 ἀνδρὸς
484 916 649 952 γενομένου,
678 915 725 943 καὶ
748 914 831 951 μηδὲν
857 914 923 951 Ποῖ.

978 920 1078 954 moria,
1092 923 1149 947 tum
1165 923 1195 947 ut
1209 920 1301 954 aliquo
1317 920 1346 947 in
1364 920 1424 947 loco
1448 921 1518 955 apud
1534 921 1596 949 illos
1612 925 1697 953 esset,
1712 922 1759 958 qui

139 965 218 1001 μηδέ]
237 965 292 1000 (45)
320 963 479 999 ἀμελεῖσθαι
508 961 599 998 [ἀξίῳ]
626 961 703 996 παρὰ
726 960 782 988 τῶν
800 961 862 996 τῇδε
889 960 923 988 τὰ

140 1012 236 1047 πρῶτα
263 1011 378 1046 ἐχόντων
410 1010 439 1036 ἐν
471 1008 509 1044 τῷ
537 1007 736 1035 πολιτεύεσθαι.
768 1003 849 1034 Οὗτοί
879 1015 923 1042 μοι

140 1056 313 1093 προσήγαγόν
329 1064 358 1082 τε
373 1055 463 1088 αὐτὸν,
483 1055 593 1090 χρυσίον
607 1054 645 1086 ὡς
659 1054 731 1089 ὑμᾶς
745 1052 828 1089 νομὴν
843 1062 924 1089 στρα-

139 1101 249 1133 τιώταις
270 1100 435 1136 κομίζοντα·
469 1100 516 1126 καὶ
538 1098 685 1134 ἐδεήθησαν
706 1098 783 1133 ἐμοῖς
809 1097 924 1132 ἐφοδίοις

139 1148 284 1183 γράμμασι
307 1146 375 1181 πρὸς
399 1146 471 1181 ὑμᾶς
497 1144 679 1181 παραπέμψαι
710 1143 768 1180 [γρ.
793 1142 922 1180 πέμψαι],

140 1193 286 1228 ἡγούμενοι
298 1192 385 1218 πάντα
400 1191 488 1223 καλῶς
503 1191 574 1223 ἕξειν
587 1189 671 1226 αὺτῷ⁷
681 1190 788 1224 τυχόντι
800 1189 847 1216 τοῦ
859 1189 923 1224 παρ’

139 1239 208 1274 ἐμοῦ
219 1240 259 1266 σοί
270 1248 300 1265 τε
310 1239 357 1265 καὶ
370 1238 409 1273 τῷ
417 1237 475 1273 (rp.
484 1237 563 1273 τῷδε]
572 1237 638 1263 δεῖνι
645 1236 785 1271 συστῆναι.
794 1236 864 1270 Ἐγὼ
876 1235 924 1270 μὲν

139 1286 187 1315 οῦν
194 1289 262 1324 ὅπερ
270 1287 374 1324 ⁴ᾔτησαν
383 1288 471 1314 ἐδωκι
481 1295 488 1301 ·
498 1287 523 1313 εί
531 1285 559 1312 δὲ
569 1285 605 1321 μὴ
614 1285 713 1321 μάτην,
724 1284 803 1320 ὑμεῖς
812 1283 923 1316 δείξετε.

413 1332 586 1359 ΕΠΙΣΤΟΛΗ
605 1331 656 1357 18⁷.

359 1378 469 1412 Ἡρώδῃ
489 1377 538 1403 καὶ
555 1375 720 1410 Μαρτυρίῳ.

176 1425 233 1452 υὺκ
248 1425 277 1451 ἐν
299 1423 374 1459 αἰτίᾳ
398 1431 444 1459 μοι
459 1423 529 1450 δοκῶ
544 1421 707 1456 πεποιῆσθαι
721 1420 770 1455 τὴν
784 1419 925 1446 κοινωνίαν

140 1471 190 1506 τῆς
216 1470 370 1504 ἐπιστολῆς.
409 1468 478 1495 Ἀλλ’
503 1468 527 1494 εί
556 1467 669 1503 διῴκισα
693 1466 838 1502 γράμμασι
863 1465 926 1497 τοὺς

142 1517 330 1553 συνημμένους
354 1516 387 1551 τῇ
408 1515 515 1550 γνώμῃ,
540 1513 618 1540 τοῦτο
639 1512 673 1540 ἂν
694 1510 728 1548 ἦν
744 1512 774 1538 τὸ
791 1511 924 1538 ὑπαίτιον.

142 1562 327 1599 Προσείρησθε
346 1561 390 1597 δὴ,
411 1560 572 1595 θαυμάσιον
588 1558 635 1585 καὶ
650 1557 696 1585 τδν
711 1557 861 1584 ἐπιδιδόντα
875 1556 926 1592 τὴν

141 1595 297 1644 ἐπιστολὴν,
308 1607 338 1639 ὃς
352 1595 398 1633 ἐπὶ
410 1605 521 1642 χρυσίου
535 1603 675 1639 διακομιδῇ
691 1603 758 1638 πρὸς
769 1602 827 1639 [γρ.
839 1601 925 1638 παρὰ]
939 1595 960 1624 C

142 1655 214 1690 ὑμᾶς
237 1653 337 1688 ἐστάλη
360 1652 490 1688 δημοσίαν
512 1650 590 1682 ὁδὸν,
616 1648 735 1683 θάλψατε
760 1648 806 1675 τὸν
832 1648 926 1675 ἐνόντα

141 1700 252 1736 τρόπον,
276 1698 368 1734 ἐπειδή
395 1706 440 1733 μοι
457 1695 532 1731 παρὰ
554 1694 653 1726 παντὸς
668 1694 783 1729 συνέστη
798 1692 845 1720 τοῦ
864 1692 926 1728 βου-

142 1747 294 1783 λευτηρίου.
314 1745 369 1772 Καὶ
390 1743 537 1780 βουλοίμην
561 1741 611 1777 μὲν
633 1741 736 1776 ἀγαθοῦ
749 1748 822 1769 τινος
842 1739 926 1770 αἴτιος

142 1792 217 1828 αὑτῷ
226 1792 369 1827 γενέσθαι·
379 1791 409 1817 οὐ
426 1789 480 1825 μὴν
496 1786 555 1815 οῖδα
566 1788 607 1828 ὅτι
623 1786 723 1823 μᾶλλον
735 1785 812 1822 ὑμῶν
823 1784 927 1828 ἑτέροις

145 1827 237 1872 μέλειν
258 1836 333 1869 ἄξιον
352 1834 433 1870 ἡμῶν
450 1840 480 1860 τε
506 1831 553 1859 καὶ
570 1827 608 1858 ὧν
630 1831 664 1858 ἂν
680 1831 760 1866 ἡμεῖς
776 1827 926 1856 ἐπιϐάλλω-

147 1891 197 1910 ιεν
212 1882 268 1918 l1p.
285 1877 501 1916 ἐπιμελώμεθα].

424 1971 596 1999 ΕΠιΣΤΟΔΗ
614 1971 657 1998 ις’.

469 2017 606 2053 Διογένει.

182 2066 255 2098 Ἕως
279 2066 320 2092 ἐτι
342 2064 441 2101 περιῆν
465 2064 480 2090 ό
505 2063 658 2099 μακαρίτης
673 2060 818 2096 Θεόδωρος,
841 2058 929 2091 κοινὸς

147 2114 198 2150 μὲν
221 2111 254 2148 ἦν
283 2111 411 2139 ἁπάντων
435 2107 639 2137 Πενταπολιτῶν
662 2106 808 2142 πρόξενος·
835 2104 928 2138 διαφε-

147 2160 247 2195 ρόντως
261 2158 289 2185 δὲ
298 2158 361 2190 τοὺς
376 2157 525 2192 ἡμετέρους
540 2154 635 2190 γονέας
650 2153 791 2189 ἐξήρτητο,
799 2152 833 2186 τῇ
841 2159 872 2177 τε
890 2151 929 2182 εἰς

146 2206 255 2232 ἅπαντα
279 2203 392 2239 σπουδῇ,
411 2202 457 2231 καὶ
470 2202 503 2237 τῇ
522 2200 573 2236 τῆς
587 2199 709 2234 γλώττης
736 2197 866 2232 εὐστομίᾳ
883 2196 929 2223 καὶ

146 2251 248 2288 χάριτι.
272 2250 331 2277 Τῶν
354 2246 400 2276 οὖν
416 2247 480 2284 παρ’
495 2247 598 2274 ἐκείνου
623 2244 725 2273 πολλῶν
747 2243 794 2271 καὶ
814 2242 929 2288 ἡδίστων

974 966 1019 994 hic
1034 969 1097 993 sunt
1110 965 1270 1001 reipublicae
1287 965 1437 1000 principes.
1453 964 1485 992 Hi
1502 965 1536 992 ad
1555 973 1600 993 me
1620 966 1696 993 illum
1711 966 1761 995 de-

973 1012 1121 1044 duxerunt,
1137 1019 1200 1040 cum
1213 1011 1357 1046 pecuniam
1371 1010 1405 1038 ad
1418 1018 1468 1040 vos
1479 1011 1506 1038 in
1518 1011 1636 1040 militum
1654 1013 1760 1048 stipen-

973 1058 1019 1085 dia
1034 1057 1165 1090 deferret,
1174 1065 1207 1084 ac
1220 1057 1288 1085 meis
1297 1057 1332 1085 ad
1343 1064 1392 1085 vos
1403 1054 1633 1086 commendatitiis
1647 1058 1759 1093 litteris,

974 1108 1004 1131 ut
1019 1111 1082 1132 eum
1100 1111 1296 1138 prosequerer,
1322 1110 1339 1130 a
1351 1110 1394 1131 me
1413 1103 1604 1138 postularunt;
1629 1113 1761 1141 prospere

973 1148 1014 1176 illi
1025 1155 1138 1176 cessura
1150 1148 1241 1176 omnia
1263 1148 1332 1181 rati.
1349 1148 1374 1176 si
1393 1148 1444 1176 tibi
1460 1152 1488 1176 et
1501 1148 1539 1180 illi
1551 1150 1761 1179 commendatus

973 1193 1055 1222 foret.
1079 1193 1173 1229 Itaque
1190 1193 1263 1229 quod
1286 1201 1302 1221 a
1321 1201 1365 1222 me
1379 1193 1419 1222 illi
1434 1193 1595 1229 ﬂagitabant
1610 1197 1736 1225 concessi
1751 1207 1759 1226 :

974 1245 1067 1268 utrum
1081 1239 1184 1268 frustra
1196 1246 1251 1268 non
1267 1238 1390 1272 fecerim,
1403 1243 1525 1268 vestrum
1538 1241 1591 1269 erit
1603 1242 1759 1270 ostendere.

1237 1327 1406 1355 EPISTOLA
1420 1328 1491 1356 XIX.

1215 1373 1318 1401 Herodi
1333 1378 1357 1400 et
1378 1373 1523 1409 Martyrio.

1008 1418 1069 1447 Non
1079 1418 1252 1447 accusandus
1266 1418 1301 1446 ob
1313 1418 1341 1446 id
1353 1418 1422 1446 mihi
1436 1419 1541 1453 videor,
1557 1420 1632 1456 quod
1642 1422 1762 1457 epistola

974 1472 1024 1493 vos
1044 1465 1239 1492 communione
1259 1464 1433 1493 sociaverim.
1464 1465 1519 1493 Sed
1543 1466 1568 1494 si
1584 1466 1677 1495 animo
1694 1475 1763 1496 con-

973 1512 1084 1546 junctos
1101 1510 1201 1538 litteris
1213 1509 1423 1546 disjunxissem,
1442 1511 1495 1540 hoc
1507 1511 1598 1547 ipsum
1616 1513 1684 1541 mihi
1696 1514 1763 1542 vitio

975 1557 1135 1584 vertendum
1149 1555 1257 1584 fuisset.
1283 1557 1406 1585 Salutem
1427 1564 1444 1584 a
1459 1565 1504 1585 me
1521 1558 1648 1586 habetote
1659 1579 1668 1592 ,
1693 1566 1763 1595 prie-

977 1607 1081 1631 stantes
1096 1602 1166 1636 viri;
1182 1606 1211 1630 ct
1224 1610 1287 1631 eum
1301 1602 1349 1638 qui
1365 1603 1510 1639 epistolam
1534 1604 1607 1632 hanc
1624 1605 1701 1633 vobis
1713 1606 1762 1634 de-

978 1648 1059 1680 derit,
1073 1650 1175 1683 quique
1195 1648 1256 1676 auri
1277 1649 1405 1684 portandi
1426 1649 1513 1685 gratia
1528 1649 1638 1685 publica
1660 1651 1695 1679 ad
1715 1659 1763 1680 vos

977 1693 1022 1720 via
1035 1693 1176 1729 profectus
1187 1697 1246 1727 est,
1259 1693 1362 1728 quibus
1380 1694 1495 1729 potestis
1510 1694 1652 1730 obsequiis
1663 1695 1762 1724 fovete.

978 1739 1028 1767 llic
1041 1739 1114 1768 enim
1134 1739 1170 1767 ab
1196 1739 1325 1767 universo
1347 1739 1416 1767 mihi
1436 1743 1533 1768 senatu
1558 1741 1763 1771 commendatus

977 1788 1021 1812 est
1033 1793 1040 1818 ;
1055 1792 1087 1812 ac
1101 1785 1182 1812 velim
1197 1784 1324 1819 equidem
1334 1791 1417 1813 causa
1432 1785 1471 1813 illi
1486 1785 1551 1813 boni
1561 1785 1678 1822 alicujus
1690 1795 1763 1816 esse.

978 1829 1073 1865 Neque
1101 1837 1185 1865 porro
1211 1830 1270 1858 scio
1295 1830 1460 1866 quibusnam
1481 1831 1543 1860 aliis
1568 1831 1660 1867 potius
1680 1840 1763 1868 quam

978 1875 1058 1904 vobis
1067 1896 1076 1909 ,
1101 1879 1128 1904 et
1145 1883 1217 1904 curae
1228 1883 1291 1905 esse
1303 1883 1370 1910 nos,
1393 1880 1422 1904 et
1435 1884 1497 1912 quae
1513 1884 1530 1904 a
1542 1877 1621 1906 nobis
1635 1883 1763 1914 suscepta

979 1921 1094 1956 fuerint,
1110 1927 1244 1958 oporteat.

1247 1967 1416 1996 EPISTOLA
1436 1968 1496 1996 XX.

1305 2014 1427 2049 Diogeni.

1015 2059 1141 2093 Quandiu
1152 2059 1239 2088 beatae
1250 2060 1389 2088 memoria
1401 2060 1561 2088 Theodorus
1572 2060 1650 2095 vixit,
1659 2060 1711 2088 fuit
1719 2061 1763 2089 ille

981 2106 1091 2141 quidem
1104 2106 1257 2134 communis
1268 2105 1502 2141 Pentapolitarum
1513 2106 1613 2142 hospes
1622 2106 1762 2135 omnium:

982 2159 1038 2187 prae
1049 2152 1154 2179 caeteris
1168 2159 1234 2180 vero
1249 2156 1377 2187 parentes
1395 2151 1448 2180 sibi
1466 2156 1576 2180 nostros
1594 2152 1763 2185 devinxerat,

981 2205 1044 2226 cum
1064 2197 1196 2234 singulari
1209 2198 1245 2232 lin
1264 2197 1392 2225 omnibus
1419 2198 1525 2232 studio,
1551 2201 1608 2226 tum
1634 2198 1713 2234 copia
1736 2202 1765 2227 et

982 2242 1239 2272 suavitatedicendi.
1246 2241 1427 2275 Quamobrem
1435 2242 1581 2270 multorum
1590 2242 1765 2279 illiusjucun-

147 2277 193 2329 Et;
209 2277 362 2332 Ἀμμώνιον
381 2295 425 2322 τὸν
440 2277 549 2329 ἀνεψιὸν
563 2292 611 2328 τὴν
626 2291 706 2327 χάριν
720 2277 925 2325 ἀπομνημονεύ-

980 2289 1154 2317 dissimorum
1166 2287 1326 2316 meritorum
1332 2288 1481 2323 gratiamin
1493 2277 1688 2316 consobrinum
1704 2289 1764 2325 ejus

148 2352 250 2378 σωμεν.
272 2341 341 2376 Ἐγὼ
362 2341 410 2377 μὲν
425 2338 472 2367 οῦν
493 2339 591 2375 τούμὸν
610 2337 691 2374 μέρος
707 2336 833 2364 ἀπέτισα.
853 2334 886 2361 Τί
901 2333 930 2360 δὲ

147 2387 182 2425 ἦν
198 2389 312 2419 ἀπόντος
326 2387 416 2422 ἔργον,
433 2386 450 2421 ἢ
465 2387 521 2417 τοῖς
544 2384 659 2420 παροῦσι
675 2383 719 2410 τὸν
732 2382 815 2417 ἄνδρα
831 2379 930 2414 συστῆ-

150 2443 214 2467 σαι;
231 2434 269 2460 Τὸ
283 2433 311 2460 δέ
336 2432 374 2468 μὴ
391 2432 501 2467 βαρεῖαν
526 2429 601 2466 αὐτῷ
621 2429 670 2464 τὴν
692 2428 784 2456 αὐτόθι
805 2426 929 2462 γενέσθαι

148 2479 300 2516 διατριϐὴν,
317 2478 447 2514 ὑμέτερον
462 2477 551 2514 ἔργον.

414 2567 588 2596 ΕΠΙΣΤΟΛΗ
606 2567 661 2593 KA'

445 2614 487 2647 Τῷ
505 2614 638 2648 ἡγεμόνι-

189 2662 220 2689 Εί
236 2661 283 2688 τοῦ
298 2660 434 2695 Θεοδώρου
458 2659 553 2694 μνήμη
577 2657 652 2694 παρὰ
675 2657 709 2692 τῇ
731 2655 934 2690 σεμνοπρεπείᾳ.

151 2710 186 2744 τῇ
209 2708 253 2743 σῇ,
279 2706 337 2738 πῶς
358 2705 386 2732 δέ
406 2705 435 2731 οὐ
455 2703 576 2740 Δμέλλει;
603 2702 721 2738 Χάρισαι
744 2701 801 2732 τοῖς
825 2699 865 2730 είς
888 2695 934 2724 τδν

980 2334 1154 2362 Ammonium
1170 2333 1294 2361 conferre
1305 2334 1445 2361 debemus.
1462 2333 1518 2368 Ego
1532 2340 1596 2362 vero
1609 2333 1681 2369 quod
1692 2341 1766 2361 mea-

981 2386 1042 2406 rum
1060 2382 1120 2406 erat
1144 2378 1263 2413 partium
1281 2377 1407 2413 prastiti.
1425 2377 1504 2410 Quod
1526 2378 1598 2406 enim
1622 2377 1697 2404 aliud
1717 2377 1766 2405 ab-

981 2426 1067 2454 sentis
1086 2430 1146 2453 erat
1166 2424 1300 2456 ollicium,
1326 2431 1408 2459 quam
1433 2422 1612 2458 praesentibus
1627 2422 1764 2451 hominem

981 2471 1192 2501 commendare?
1208 2470 1242 2498 Ut
1265 2474 1355 2497 autem
1376 2476 1431 2497 non
1453 2469 1490 2497 sit
1515 2469 1553 2496 illi
1578 2468 1667 2504 gravis
1692 2467 1765 2503 apud

981 2523 1040 2552 vos,
1052 2520 1080 2545 et
1092 2516 1204 2543 molesta
1214 2514 1404 2546 commoratio,
1415 2517 1537 2540 vestrum
1551 2517 1594 2541 est
1608 2512 1762 2548 providere.

1244 2558 1412 2587 EPISTOLA
1428 2557 1501 2585 XXI.

1331 2604 1399 2631 Daci
1404 2624 1410 2631 .

1019 2654 1047 2681 Si
1065 2653 1137 2689 apud
1151 2651 1383 2688 magniﬁcentiam
1398 2654 1516 2679 vestram
1530 2650 1680 2687 etiamnum
1705 2657 1765 2676 ma-

982 2704 1029 2727 net
1042 2698 1179 2727 Theodori
1192 2697 1339 2730 memoria,
1353 2697 1400 2732 qui
1411 2700 1502 2724 autem
1517 2703 1571 2723 non
1589 2694 1718 2723 maneat?
1736 2695 1765 2723 in

760 2787 851 2816 DION.
872 2783 1010 2814 PETAVII
1030 2783 1147 2812 ΝΟΤΕ.

189 2889 246 2925 (ιδ)
261 2887 315 2917 Καὶ
328 2885 428 2914 οὐδέν.
441 2884 524 2912 Forte
537 2883 606 2910 οὐδὲ.
621 2882 707 2911 Porro
721 2882 788 2915 ἀξίω
809 2881 887 2910 deest
904 2881 925 2909 ir

978 2887 1004 2907 I0
1016 2877 1113 2907 veteri.

312 2936 447 2965 ΡΑτιιοι..
469 2932 527 2964 Gn.
553 2930 663 2962 LXVl.

1572 2922 1610 2953 b3
