1964 3058
251 157 262 184 I
269 157 321 184 555

765 155 897 194 SXNESII
917 155 1144 183 PTOI.F.MAIDIS
1166 156 1318 185 EPISCOPI

1806 162 1874 190 1556

251 217 328 244 illius
349 213 563 250 propinquorum
586 214 714 250 gratiam,
735 215 859 249 ejusdem
873 216 1038 243 consobrino

1096 216 1239 243 ὶπελοόντα
1268 217 1438 252 καθήκουσι,
1472 217 1521 252 τὴν
1550 219 1588 249 εἰς
1619 219 1665 245 τὸν
1694 219 1805 253 ἀνεψιὸν
1832 222 1875 247 τὸν

250 262 364 289 honoris
379 261 480 296 aliquid
499 261 637 288 adhibeto.
666 261 734 288 Nam
754 266 782 288 et
799 261 833 289 de
854 262 956 296 optimo
979 261 1038 288 viro

252 307 331 343 175
342 308 414 334 bene
425 302 485 334 eris
503 307 631 338 meritus,
656 311 683 334 et
698 314 802 341 magnae
817 306 985 334 Alexandriae
1000 315 1038 334 se-

251 358 344 380 natum
370 353 420 380 tibi
447 353 499 379 hoc
529 352 662 380 beneﬁcio
683 352 857 386 devinxeris;
887 360 949 379 nam
982 352 1037 380 fre-

250 403 366 433 quentes
379 399 517 426 hominem
533 398 568 425 ad
590 406 632 425 me
653 398 839 432 deduxerunt,
861 399 984 433 meisque
1009 404 1038 426 ut

249 453 311 472 eum
333 445 432 472 litteris
445 443 571 479 juvarem
584 443 767 479 postularunt.
783 444 820 472 Ut
836 444 917 479 igitur
934 444 1038 472 litteras

249 490 342 518 darem
353 510 361 522 ,
386 490 438 517 fuit
459 488 540 517 cilicii
557 489 609 516 mei
623 498 630 522 ;
653 494 683 516 ut
698 493 787 517 autem
801 491 855 517 non
876 489 987 517 inutiles
999 497 1038 518 ea!

249 538 320 570 sint,
343 537 395 565 hoc
414 545 429 564 a
452 536 530 564 vobis
547 536 705 571 requiritur.

507 590 675 618 EPISTOLA
689 590 772 619 XXII.

566 636 720 663 Anastasio.

286 681 401 709 Gavisus
417 689 489 709 sum.
504 680 605 708 Verum
617 685 748 715 quantum
766 681 866 715 putas?
877 679 960 707 Plane
973 687 1037 707 vero

252 728 348 755 intimo
377 728 458 754 corde
483 727 592 762 gavisus
619 735 690 760 sum,
707 731 886 762 posteaquam
901 727 1038 753 renuntia-

251 776 309 799 tum
339 775 380 799 est
401 779 498 798 aureos
526 772 586 799 illos
610 772 782 806 imperatoris
802 771 982 806 appellatione
1005 771 1038 798 li«

252 819 343 849 beros,
358 816 415 851 lege
432 820 495 843 tuos
509 824 570 845 esse
589 817 688 844 liberos
700 816 805 848 ,factos,
823 816 957 850 imprimis
976 815 1038 850 qui—

249 861 311 890 dem
344 861 418 896 quod
444 866 470 888 te
491 868 571 895 anno;
590 869 671 896 quem
697 861 771 888 enim
799 860 921 896 iustius?
939 860 1037 887 deinde

250 908 313 943 quia
323 907 458 943 pessimos
468 907 592 934 homines
611 907 668 939 odi,
684 914 802 941 quorum
814 905 998 933 tenebricosas
1012 908 1039 932 et

251 953 383 981 obscuras
408 960 470 988 spcs
489 953 633 988 splendida
661 960 808 988 puerorum
834 951 944 979 fortuna
974 958 1036 978 suc-

254 998 329 1025 cidit.

479 1075 482 1077 .
510 1053 679 1081 EPISTOLA
694 1053 789 1081 XXIII.

586 1099 706 1135 Diogeni.

285 1145 425 1181 Ejusmodi
445 1145 576 1180 Syrorum
594 1146 674 1174 luxus
691 1150 754 1173 est:
774 1150 801 1174 et
812 1149 1000 1180 cognatorum,
1012 1149 1040 1173 et

252 1193 403 1220 amicorum
417 1193 566 1220 obliviosos
578 1192 652 1220 facit.
680 1192 798 1225 Quintus
811 1192 883 1219 enim
898 1192 944 1219 hic
958 1199 1037 1219 men-

256 1238 295 1265 sis
309 1238 411 1273 agitur,
435 1246 468 1264 ex
494 1245 549 1272 quo
572 1237 655 1265 nullis
687 1245 737 1265 nos
770 1236 868 1265 litteris
897 1237 1037 1270 salutasti;

253 1282 404 1317 praesertim
426 1290 487 1309 cum
514 1286 611 1310 natura
636 1282 687 1310 tibi
703 1290 758 1309 non
784 1283 816 1310 ad
845 1283 1038 1310 necessitatem

252 1330 370 1358 tantum,
380 1326 427 1354 sed
440 1327 520 1354 etiam
531 1328 564 1355 ad
576 1328 786 1356 ostentationem
816 1332 897 1362 atque
912 1328 1037 1363 gloriam,

253 1372 384 1406 epistolas
405 1376 434 1399 ut
449 1372 553 1400 dictare
565 1380 661 1407 posses
678 1373 816 1401 tribuerit.
836 1373 889 1401 Sed
905 1374 929 1401 si
956 1379 984 1401 et
997 1375 1039 1409 ip-

254 1425 283 1444 se
294 1417 378 1449 vales,
395 1423 422 1445 et
438 1419 514 1445 aurei
527 1418 616 1453 pueri,
631 1424 658 1446 et
680 1418 744 1446 felix
756 1427 787 1447 ea
803 1419 881 1455 prole
894 1415 985 1448 mater
1005 1420 1039 1448 il-

254 1464 353 1497 lorum,
370 1464 409 1492 vel
422 1464 493 1492 istud
507 1465 587 1492 nobis
599 1465 706 1492 sufﬁcit.
982 1466 986 1472 '

506 1520 675 1548 EPISTOLA
690 1521 784 1549 XXIV.

574 1566 722 1601 Simplicio.

291 1611 373 1647 Atqui
392 1620 453 1639 cum
477 1616 585 1640 nortuna
623 1621 794 1647 nequaquam
821 1613 913 1641 extolli
935 1615 1040 1641 animos
1054 1611 1075 1639 C

255 1658 407 1692 oportebat,
421 1665 471 1685 nec
497 1663 619 1686 veterum
648 1659 799 1686 amicorum
816 1660 984 1692 meminisse,
999 1661 1040 1687 in-

256 1703 296 1730 fra
308 1707 468 1738 praesentem
489 1704 648 1740 dignitatem
679 1705 800 1732 credere.
817 1704 857 1732 Tu
876 1713 941 1733 vero
960 1706 1040 1740 longo

253 1750 310 1784 jam
325 1754 447 1785 tempore
467 1750 553 1777 nostri
571 1757 601 1777 es
619 1749 739 1784 oblitus;
760 1750 834 1785 quod
853 1751 965 1779 minime
985 1753 1040 1778 uti-

255 1800 308 1828 que
327 1793 449 1825 decebat,
472 1801 533 1821 cum
549 1801 655 1822 summa
672 1802 723 1822 nos
747 1799 841 1822 mutuo
855 1795 1041 1824 benevolentia

256 1839 438 1873 coniunxerit.

509 1896 675 1924 EPISTOLA
692 1896 777 1924 XXV.

572 1940 728 1968 Heliodoro.
745 1973 748 1976 .

293 1987 358 2014 Mihi
372 1987 482 2022 quidem
499 1986 579 2014 simul
596 1994 658 2013 cum
681 1994 814 2014 annorum
838 1994 919 2015 cursu
933 1988 960 2014 lit
972 1996 1043 2015 alno-

255 2033 294 2059 ris
305 2032 433 2060 accessio.
454 2031 495 2058 Tu
519 2039 584 2058 vero
616 2032 638 2058 si
657 2032 751 2060 eodem
766 2032 880 2060 affectus
903 2034 993 2065 modo,
1008 2034 1043 2060 ob

257 2077 427 2112 negotiorum
451 2077 678 2111 magnitudinem,
712 2084 746 2104 ne
773 2077 909 2105 tantillum
934 2079 1043 2113 quidem

258 2129 348 2155 vacas,
364 2126 403 2154 ut,
421 2121 649 2156 quemadmodum
666 2129 728 2156 ~par
757 2127 809 2154 est,
827 2123 923 2150 saltem
949 2124 1043 2154 semel,

256 2173 283 2194 et
295 2175 363 2202 quos
376 2175 425 2202 par
437 2172 489 2199 est,
506 2167 603 2194 litteris
618 2167 737 2194 honores
753 2168 806 2195 luis
816 2188 823 2201 ,
837 2168 877 2195 sic
887 2171 916 2194 ut
929 2168 1043 2203 publicis

257 2218 284 2240 te
309 2213 391 2240 rebus
415 2216 492 2239 tanto
521 2215 644 2247 tempore
669 2213 826 2246 subtrahas,
854 2219 984 2248 quantum
1011 2215 1044 2242 ad

256 2259 427 2288 scribendam
437 2258 579 2294 epistolam
593 2258 702 2291 sulIicit,
721 2259 800 2295 176
812 2260 862 2288 hoc
874 2260 907 2292 si,
922 2261 1042 2295 inquam,

257 2313 311 2332 non
323 2309 411 2340 potes,
426 2305 491 2332 mihi
507 2305 670 2340 significato.
692 2304 739 2332 Sin
754 2313 844 2332 veram
860 2307 894 2333 de
910 2311 935 2333 te
953 2307 1042 2342 suspi—

258 2350 364 2377 cionem
383 2350 454 2377 hanc
474 2349 620 2376 oblivionis
649 2349 784 2383 agnoscis,
800 2350 957 2384 pmnitendo
981 2359 1041 2378 cor-

257 2395 324 2431 rige,
340 2402 371 2422 ac
388 2394 502 2430 teipsum
523 2394 602 2420 nobis
617 2394 737 2421 restitue.

501 2449 671 2476 EI’ISTOLA
683 2449 778 2477 XXVI.

596 2495 696 2522 Troilo.

292 2542 326 2569 At
340 2542 362 2569 si
377 2549 465 2577 neque
478 2541 661 2577 Cyrenenses,
677 2548 766 2576 neque
789 2541 887 2569 vicina).
913 2542 1040 2569 civitates

256 2590 366 2624 dignam
390 2589 439 2617 tibi
458 2589 574 2625 gratiam
590 2588 713 2616 referunt
726 2596 775 2624 pro
791 2597 823 2617 eo
840 2589 911 2624 quod
923 2589 1040 2616 eximius

257 2635 417 2663 Anastasius
450 2636 483 2662 ad
519 2643 566 2663 eas
589 2635 707 2669 scribit,
735 2635 845 2663 omnino
867 2635 958 2662 divina
990 2635 1038 2662 tibi

1091 261 1195 287 ἐκείνου
1219 263 1311 297 τιμήν.
1340 263 1394 290 Καὶ
1408 263 1461 298 γὰρ
1484 263 1568 298 ἄνδρα
1588 264 1689 297 ἀγαθὸν
1709 262 1738 291 εὖ
1762 274 1876 300 πεποιη-

1091 306 1146 339 κὼς
1171 307 1230 343 ἔσῃ,
1254 309 1301 335 καὶ
1320 308 1358 344 τῷ
1374 309 1425 344 τῆς
1449 310 1568 344 μεγάλης
1598 310 1800 346 Ἀλεξανδρείας
1816 312 1873 346 βου·

1090 352 1223 388 λευτηρίῳ
1241 353 1436 388 χαρισάμενος”
1453 353 1490 385 ὡς
1517 354 1609 389 ἁθρόοι
1634 355 1774 390 γενόμενοι
1791 364 1874 390 προσ-

1090 399 1240 434 αγηόχασιν
1259 400 1321 434 ἐμοὶ
1345 399 1390 426 τὸν
1411 399 1509 435 ἄνδρα,
1530 401 1577 427 καὶ¹
1599 401 1746 435 ἐδεήθησαν
1763 401 1873 428 ὄνασθαί

1090 451 1116 469 τι
1143 443 1196 469 τῶν
1224 443 1364 478 ἡμετέρων
1389 445 1568 479 γραμμάτων.
1593 445 1630 471 Τὸ
1649 446 1697 480 μὲν
1722 444 1768 472 οὗν
1783 446 1873 473 δοῦναι

1089 489 1138 520 τὰς
1154 489 1305 520 ἐπιστολὰς,
1323 489 1454 525 ἡμέτερον
1467 488 1517 524 ἦν’
1534 489 1565 516 τὺ
1578 490 1606 516 δὲ
1621 491 1660 522 εἰς
1684 491 1776 526 ὄνησιν
1801 493 1873 527 αὖτῴ

1090 534 1225 568 γενέσθαι,
1241 536 1305 569 παρ’
1323 535 1399 570 ὑμῶν
1414 534 1590 570 ὲπιζητεῖται.

1356 579 1527 606 ΕΠΙΣΤΟΛΗ
1539 581 1602 606 KB’.

1344 625 1531 658 Ἀναστασίῳ
1558 625 1626 660 (ΑΗ).

1125 668 1239 703 Ἧσοην.
1264 668 1342 695 Ἀλλὰ
1358 669 1416 700 πῶς
1428 669 1497 702 οἵει;
1521 670 1594 698 Πάνυ
1616 671 1665 706 μὲν
1686 669 1732 698 οὖν
1750 673 1804 699 ἀπὸ
1825 674 1873 708 βα-

1090 713 1164 746 θείας
1179 714 1229 749 τῆς
1240 714 1350 750 γνώμης
1362 715 1459 751 ἥσθην,
1474 716 1566 752 μαθὼν
1582 717 1616 743 τὰ
1630 720 1718 753 χρυσᾶ
1731 720 1825 746 παιδία
1841 721 1873 755 τῇ

1089 760 1135 786 τοῦ
1153 760 1282 795 βασιλέως
1297 762 1381 797 φωνῇ,
1397 762 1471 796 νόμῳ
1487 771 1528 788 σοι
1545 763 1639 790 παιδία
1655 765 1799 800 γενόμενα,

1089 805 1167 833 λιστα
1181 807 1240 841 μὲν,
1259 808 1299 833 ὅτι
1323 816 1353 833 σε
1368 808 1436 842 φιλῶ
1450 816 1456 823 ’
1478 809 1539 835 ⁴τίνα
1554 809 1610 844 γὰρ
1631 810 1663 836 ἂν
1685 811 1873 847 δικαιότερον;

1090 849 1138 877 εἶθ’
1160 852 1200 878 ὃτι
1214 853 1346 888 πονηροὺς
1361 853 1518 888 ἀνθρώπους
1533 855 1613 889 μισῶ,
1631 852 1668 882 ὧν
1681 856 1728 888 τὰς
1741 858 1769 883 ἐν
1787 858 1875 892 σκότῳ

1092 897 1137 923 καὶ
1158 896 1268 931 γωνίαις
1293 897 1403 929 ἐλπίδας
1425 899 1442 933 ἡ
1464 899 1569 935 χρηστὴ
1593 899 1663 935 τύχη
1684 901 1738 927 τῶν
1760 902 1874 928 παιδίων

1055 931 1075 959 Β
1090 944 1248 980 ὁπετὲμετο.

1356 1046 1528 1073 ΕΠΙΣΤΟΛΗ
1545 1048 1610 1075 Kl".

1412 1092 1549 1126 Διογένει.

1124 1135 1249 1162 Τοιοῦτόν
1261 1137 1335 1163 ἐστιν
1351 1138 1366 1172 ἡ
1388 1137 1481 1172 Σύρων
1502 1140 1590 1174 τρυφή
1612 1139 1669 1174 [πρ.
1683 1140 1782 1176 τροφή]
1796 1150 1803 1156 ·
1828 1142 1876 1167 καὶ

1090 1182 1227 1215 συγγενῶν
1248 1183 1295 1209 καὶ
1311 1183 1394 1217 φίλων
1410 1184 1594 1220 ἐπιλήσμονας
1614 1186 1796 1212 ἀποδείκνυσι.
1814 1187 1875 1222 Μὴν

1088 1227 1143 1263 γὰρ
1164 1228 1254 1255 οὑτοσὶ
1277 1229 1399 1264 πέμπτος
1411 1250 1419 1261 .
1444 1231 1489 1265 ἀφ’
1505 1228 1535 1257 οὗ
1558 1232 1717 1266 γράμμασιν
1732 1233 1807 1267 ἡμᾶς
1825 1234 1876 1260 οὐκ

1089 1274 1214 1309 ὴσπάσω,
1230 1275 1276 1302 καὶ
1289 1275 1374 1302 ταῦτα
1388 1276 1483 1311 δούσης
1500 1277 1541 1303 σοὶ
1552 1278 1603 1312 τῆς
1619 1278 1725 1312 φύσεως
1746 1280 1777 1305 ού
1793 1279 1875 1314 μόνον

1090 1320 1157 1356 πρὸς
1172 1320 1276 1355 χρείαν,
1294 1321 1362 1348 ἀλλὰ
1377 1323 1423 1348 καὶ
1440 1322 1506 1357 πρὸς
1521 1323 1632 1355 ἔνδειξιν
1651 1324 1697 1350 καὶ
1719 1324 1875 1359 φιλοτιμίαν

1089 1367 1269 1403 ὑπαγορεύειν
1293 1369 1445 1400 ἐπιστολάς.
1474 1370 1543 1396 Ἀλλ’
1566 1371 1599 1397 ἂν
1625 1371 1705 1402 αὐτὸς
1736 1371 1873 1406 ὑγιαίνῃς,

1089 1414 1135 1440 καὶ
1148 1413 1183 1440 τὰ
1195 1415 1283 1450 χρυσᾶ
1301 1415 1404 1445 παιδία.
1419 1417 1465 1443 καὶ
1479 1418 1494 1452 ή
1509 1416 1653 1449 καλλίπαις
1669 1418 1759 1453 μήτηρ
1773 1418 1874 1449 αὐτῶν,

1097 1461 1163 1494 ἡμῖν
1180 1460 1226 1487 καὶ
1236 1460 1314 1486 τοῦτο
1328 1460 1388 1492 ἃλις
1401 1461 1465 1496 ἔχει.

1352 1518 1523 1546 ΕΠΙΣΤΟΛΗ
1543 1521 1605 1546 KA’.

1395 1567 1568 1599 Σιμπτλικίῳ.

1128 1608 1200 1636 Ἔδει
1227 1610 1318 1645 μέντοι
1339 1612 1398 1643 ταῖς
1422 1612 1515 1647 τύχαις
1537 1612 1586 1644 τὰς
1611 1613 1722 1648 γνώμας
1747 1613 1785 1649 μὴ
1815 1623 1876 1641 συν-

1091 1654 1262 1690 εξαίρεσθαι,
1287 1657 1353 1692 μηδὲ
1374 1657 1404 1683 τὸ
1422 1657 1577 1692 μεμνῆσθαι
1597 1658 1650 1684 τῶν
1671 1659 1753 1685 πάλαι
1779 1660 1875 1694 φίλων,

1091 1701 1202 1728 ἔλαττον
1221 1702 1345 1737 ἡγεῖσθαι
1366 1703 1413 1737 τῆς
1435 1703 1575 1739 παρούσης
1596 1705 1683 1736 ἀξίας.
1702 1706 1737 1731 Σὺ
1753 1706 1782 1731 δὲ
1797 1707 1877 1741 ἡμῶν

1091 1747 1247 1782 ἐπιλήσμων
1258 1749 1349 1781 ἐγένου
1364 1749 1458 1784 χρόνον
1473 1749 1580 1784 συχνοῦ.
1598 1750 1673 1785 Χρῆν
1689 1750 1717 1777 δὲ
1731 1751 1802 1786 οὐχὶ,
1820 1752 1877 1778 καί-

1091 1802 1131 1820 τοι
1144 1794 1259 1829 σφοδρᾶς
1271 1793 1415 1826 διαθέσεως
1427 1795 1583 1830 συναψάσης
1597 1796 1670 1831 ἡμᾶς
1686 1796 1822 1832 ἀλλήλοις.

1352 1893 1524 1920 ΕΠΙΣΤΟΛΗ
1547 1893 1611 1920 ΚΕ’.

1406 1939 1576 1973 Ἠλιοὸώρῳ.

1133 1983 1209 2018 Ἐμοὶ
1227 1983 1275 2018 μὲν
1299 1984 1460 2020 συμπρόεισι
1485 1986 1541 2016 τοῖς
1563 1986 1695 2018 ἐνιαυτοῖς
1717 1988 1764 2014 καὶ
1788 1989 1805 2023 ἡ
1829 1989 1880 2015 τοῦ

1094 2027 1205 2063 φίλτρου
1224 2029 1376 2065 προσθήκη.
1403 2031 1440 2057 Σὺ
1462 2030 1490 2056 δὲ
1510 2031 1533 2056 εἰ
1554 2031 1603 2065 μὲν
1617 2032 1716 2066 ὁμοίως
1732 2033 1814 2067 ἔχων,
1828 2035 1879 2060 οὐκ

1093 2074 1168 2107 ἄγεις
1183 2075 1278 2110 σχολὴν
1295 2075 1345 2101 ὑπὸ
1366 2075 1413 2101 τοῦ
1435 2075 1489 2102 τῶν
1504 2077 1674 2112 πραγμάτων
1690 2078 1768 2113 δχλου
1785 2080 1879 2114 γράμ-

1096 2128 1161 2154 μασι
1181 2121 1282 2155 τιμᾷν,
1308 2121 1345 2152 ὡς
1366 2122 1447 2152 εἰκὸς,
1464 2121 1537 2155 ἅπαξ
1557 2123 1632 2154 ποτὲ,
1650 2123 1697 2150 καὶ
1721 2124 1768 2156 οὓς
1792 2125 1878 2156 εἰκὸς,

1095 2165 1193 2200 κλέψας
1206 2167 1300 2194 σαυτὸν
1309 2167 1362 2193 ἀπὸ
1372 2167 1424 2193 τῶν
1434 2168 1569 2202 δημοσίων
1585 2170 1679 2204 χρόνον
1690 2169 1751 2196 ὅσον
1762 2170 1880 2205 ἀρκέσαι

1095 2211 1161 2246 πρὸς
1177 2211 1275 2247 μέτρον
1290 2212 1444 2247 ἐπιπολῆς,
1468 2213 1533 2240 αὐτὸ
1551 2214 1629 2240 τοῦτο
1645 2215 1775 2249 μήνυσον.
1801 2215 1834 2242 Εἰ
1850 2215 1880 2242 δὲ

1095 2257 1285 2290 ἐπιγινώσκεις
1300 2258 1501 2294 ἀληθευομένην
1525 2259 1594 2286 κατὰ
1611 2259 1657 2286 σοῦ
1685 2261 1735 2296 τὴν
1759 2261 1881 2295 ὑποψίαν

1093 2303 1143 2338 τῆς
1166 2303 1261 2339 λήθης,
1283 2304 1426 2341 διόρθωσαι
1445 2306 1590 2342 μετανοίᾳ,
1617 2306 1664 2333 καὶ
1690 2307 1788 2334 σαυτὸν
1812 2309 1881 2343 ἡμῖν

1093 2349 1260 2384 ἐπανάγαγε.

1355 2451 1526 2478 ΕΠΙΣΤΟΛΗ
1544 2451 1617 2485 κεῖν.

1427 2498 1549 2531 Τρωῑῖῖῳ.

1134 2541 1202 2569 Ἀλλ’
1225 2543 1249 2569 εἰ
1272 2544 1342 2577 μήτε
1363 2544 1528 2579 Κυρηναῖοι,
1551 2543 1613 2578 μήθ’
1630 2545 1656 2570 al
1682 2543 1775 2575 πόλεις
1797 2546 1882 2571 ἀστυ-

1093 2589 1217 2622 γειτόνων
1233 2589 1389 2616 ἁποτίσουσί
1402 2598 1441 2616 σοι
1460 2590 1537 2624 χάριν
1554 2589 1640 2621 ἀξίαν,
1655 2590 1712 2616 ἀνθ’
1725 2586 1764 2616 ὧν
1786 2592 1801 2617 ὁ
1815 2592 1880 2618 ϐαυ-

1094 2635 1190 2669 μάσιος
1207 2635 1380 2666 Ἀναστάσιος
1395 2636 1488 2668 αὑταῖς
1500 2635 1610 2671 γράφει,
1626 2636 1736 2667 πάντως
1751 2645 1784 2671 γε
1801 2639 1819 2673 ἡ
1834 2638 1882 2664 τοῦ

841 2711 929 2740 DION.
950 2712 993 2738 PE
1003 2711 1091 2738 l‘AVll
1110 2711 1227 2739 NOTAE.

295 2792 349 2827 (ιι)
365 2790 525 2820 Anastasius
549 2791 604 2824 hic,
620 2795 752 2826 quantum
773 2798 900 2825 auguror,
926 2790 969 2827 ab
988 2791 1039 2815 im-

258 2825 382 2861 peratore
409 2827 533 2861 regendis
559 2825 652 2854 liberis
684 2826 742 2853 suis
766 2831 825 2852 erat
856 2825 1036 2861 praepositus;

258 2860 330 2890 duod
352 2860 462 2893 indicat,
486 2869 547 2889 cum
564 2866 590 2890 et
614 2869 713 2896 pueros
732 2862 791 2888 illus
815 2861 887 2895 regia
913 2860 1035 2895 appella-

1093 2789 1166 2828 ιῐοιιο
1179 2797 1382 2828 θυι-θοδννοοοι,
1402 2795 1429 2820 et
1443 2791 1554 2820 eosdem
1573 2792 1630 2828 lege
1646 2791 1718 2821 ﬁlios
1735 2792 1882 2821 Anastasii

1093 2827 1180 2854 factos
1198 2827 1363 2862 gratulatur.
