1964 3058
122 185 188 214 4557

693 179 883 214 EPISTOLA'J.
898 200 932 207 —
948 184 1058 213 EPIST.
1079 184 1163 213 XXX.

1668 183 1738 212 I558

120 243 185 271 Θεοῦ
218 252 259 271 σοι
279 242 548 282 προσέσται”χάρις,
571 243 594 280 ᾧ
614 245 711 272 σαυτὸν
733 245 841 276 οίκιιοῖς
866 245 900 280 τῇ

959 251 1009 272 non
1023 243 1111 272 deerit
1125 243 1223 279 gratia,
1242 243 1286 271 cui
1302 247 1356 271 tete
1375 243 1445 271 bene
1463 242 1584 271 mereudi
1599 243 1739 272 voluntate

121 290 245 325 κοινωνίᾳ
252 289 300 325 τῆς
308 290 484 326 εὐεργετικῆς
492 291 687 327 προαιρέσεως.
697 290 900 326 Εὑδαιμονοίης,

121 336 213 370 ἄριστε
232 336 393 371 φιλοσόφων.
413 336 491 363 Οὕτω
512 336 567 373 γὰρ
588 336 648 371 ἐμοί
666 345 695 362 σε
710 336 784 371 φίλον
799 335 902 368 καλεῖν,

122 380 214 416 ὥσπερ
227 380 392 417 ὑπαγορεύει
408 381 441 408 τὰ
458 382 618 417 πράγματα.

384 427 556 454 ΕΠΙΣΤΟΔΗ
574 428 635 454 ΚΖ’.

404 473 586 500 Κώνσταντι.

154 523 186 549 Εἰ
200 522 228 549 δὲ
249 521 408 557 φιλοσοφίας
421 521 504 556 τιμᾷς
518 520 629 556 ἀρετὴν,
651 520 682 546 οὺ
705 520 784 555 μόνον
799 520 828 546 ἐν
846 518 904 550 τοῖς

122 568 247 603 παροῦσι,
262 568 309 594 καὶ
328 566 508 603 μετασχοῦσιν
526 566 623 601 αὐτῆς,
645 566 713 593 ἀλλὰ
736 566 784 593 καὶ
804 565 834 592 ἐν
848 565 904 596 τοῖς

122 612 218 639 ἀποῦσι
238 612 374 646 τιμήσεις.
398 611 427 637 '0
452 611 594 642 θεσπέσιος
615 610 790 646 ’Δμυντιανὸς
810 610 825 636 ὸ
839 610 904 645 παρ’

122 658 184 692 ἡμῖν
191 655 325 693 [τρ.ὑμῖν]
333 665 397 683 ποτε
401 656 490 691 τυχὼν
495 655 631 691 ἀμείνονος
637 655 749 691 λήξεως,
756 654 904 690 ὲμοὶδοκεῖ,

122 702 235 738 πάρεστι
250 701 298 728 καὶ
310 702 419 729 ἀπεῖναι
435 701 530 728 δοκῶν.
550 700 650 728 Τούτου
666 701 784 736 συγγενῆ
800 700 903 736 σφόδρα

123 747 292 783 αὐτανέψιον,
304 748 318 774 ὸ
330 748 395 783 παρ’
408 748 471 782 ὑμῖν
481 748 634 783 Σωτήριχος
645 747 742 774 ἀδικεῖ.
759 746 849 779 Δεῖξον
865 747 906 773 ὅτι

123 794 189 829 κήδῃ
208 792 355 826 Διονυσίου,
376 793 424 819 καὶ
437 791 608 819 πεπαύσεται
623 793 777 828 Σωτήριχος
793 791 903 818 ἀδικῶν.

380 922 552 950 ΕΠΙΣΤΟΛΗ
570 923 639 950 κη’.
920 917 942 944 Β

416 968 591 1003 Σιμπλικίφ.

161 1014 280 1049 Ἀφιέναι
296 1014 362 1049 φησὶ
371 1014 425 1040 δεῖν
437 1015 451 1040 ὁ
464 1014 529 1045 Θεὸς
543 1015 576 1041 τὰ
590 1013 683 1049 ὀφειλή
689 1022 769 1049 ματα,
787 1013 912 1055 Ὀφείλεχ

122 1062 149 1088 δὲ
173 1063 187 1088 ὁ
209 1061 258 1096 μέν
280 1069 322 1093 τις
341 1060 473 1092 δάνεισμα
494 1061 606 1096 χρυσίου
619 1068 626 1075 ·
659 1062 672 1087 ό
693 1060 740 1093 δὲ,
761 1060 792 1087 τὸ
813 1060 905 1087 δοῦναι

122 1108 207 1142 δίκην.
231 1107 286 1134 Καὶ
300 1108 315 1133 ὸ
336 1106 383 1133 τοῦ
409 1106 500 1133 λαὸεῖν
521 1105 567 1133 οὖν
584 1106 662 1142 δίκην
676 1105 827 1141 ὑπεριδὼν,
853 1106 905 1132 ὑπ-

122 1155 221 1188 ήκουσε
238 1153 284 1180 τοῦ
299 1152 377 1180 Θεοῦ.

387 1199 559 1226 ΕΠΙΣΤΟΔΗ
577 1197 640 1225 KG'.

315 1245 467 1276 Πενταδίῳ
486 1244 710 1278 Αὐτουσταλιῳ.

157 1291 210 1318 Τοῦ
226 1292 289 1327 παρ’
305 1291 385 1327 ἡμῶν
396 1291 485 1325 δχλον,
502 1290 550 1317 καὶ
564 1289 618 1316 τῶν
631 1289 812 1324 πραγμάτων,
825 1288 905 1318 αὐτὸς

124 1337 155 1362 σὺ
178 1336 273 1363 σαυτὸν
295 1336 383 1362 αἰτιῶ.
406 1334 594 1370 Φιλοπιμηθεὶς
615 1334 670 1370 γὰρ
689 1335 756 1361 πᾶσι
779 1333 905 1368 γενέσθαι

124 1381 289 1416 καταφανὴς,
308 1381 349 1407 ὅτι
373 1388 406 1415 με
428 1380 471 1407 διὰ
486 1380 576 1415 πάσης
597 1380 674 1414 ἄγεις
695 1379 795 1415 τιμῆς,
820 1379 905 1406 ἆπασι

122 1431 178 1461 τοῖς
193 1429 436 1465 καταπονουμένοις
458 1429 501 1455 ἐπ’
517 1429 567 1464 ἐμὲ
587 1428 633 1455 τὸν
655 1428 753 1463 δρόμον
773 1427 904 1461 ἀνέῳξας.

123 1474 197 1502 om
216 1474 263 1503 οὖν
286 1476 358 1507 ὅπως
385 1476 527 1510 ποιήσεις,
551 1475 575 1501 εἰ
598 1474 638 1501 δεῖ
661 1482 726 1501 ποτε
750 1472 905 1500 πεπαῦσθαι

124 1524 195 1558 κάμὲ
212 1523 378 1558 κοπτόμενον
401 1522 453 1548 ὑπὸ
468 1520 586 1554 πολλῶν,
606 1521 653 1547 καὶ
676 1520 706 1546 σὲ
720 1520 785 1555 περὶ
800 1520 906 1546 πολλῶν

952 289 1096 317 concilias.
1110 289 1237 317 Feliciter
1259 288 1352 324 degas,
1367 289 1593 324 philosophorum
1617 290 1736 324 optime.

952 335 1032 364 Libet
1041 336 1115 364 enim
1128 342 1163 364 eo
1173 339 1200 363 te
1211 336 1380 371 ‘compellare
1398 336 1520 368 nomine,
1530 335 1605 372 quod
1616 343 1662 364 res
1671 335 1739 372 ipse

953 385 1113 418 suggerunt.

1198 426 1369 455 EPISTOLA
1385 427 1494 455 XXVII.

1269 472 1419 500 Constanti.
1426 478 1430 481 ‘
1628 494 1629 497 η

959 534 963 542 ι
996 517 1039 545 Tu
1054 526 1122 546 vero
1133 519 1156 547 si
1169 520 1196 546 in
1216 519 1323 547 honore
1335 518 1515 555 philosophiae
1538 518 1666 547 virtutem
1690 518 1741 546 lia-

953 563 1013 596 bes,
1024 571 1078 592 non
1091 565 1120 592 in
1130 565 1312 599 praesentibus
1329 565 1526 600 solum.eaque
1542 564 1676 599 praeditis,
1691 565 1738 592 sed

954 608 983 636 in
995 609 1154 636 absentibus
1168 609 1250 637 etiam
1262 609 1421 637 honorahis.
1433 608 1549 636 Divinus
1559 607 1740 644 Amyntianus

954 655 1002 689 qui
1013 655 1080 682 olim
1095 655 1167 690 apud
1182 663 1233 683 nos
1244 654 1395 683 feliciorem
1410 655 1445 683 ad
1472 658 1574 682 sortem
1602 654 1740 691 migravit.

955 702 1043 734 adest,
1064 705 1095 729 ut
1111 701 1178 728 mihi
1197 701 1307 737 quidem
1332 702 1451 735 videtur,
1463 702 1571 730 etiamsi
1585 701 1683 729 abesse
1701 702 1741 728 vi-

955 747 1064 774 deatur.
1083 746 1173 782 Hujus
1193 748 1314 775 maxime
1335 746 1492 782 propinquo
1505 746 1673 774 consobrino
1689 745 1742 772 So-

955 794 1079 821 terichus
1095 797 1188 821 vester
1208 793 1339 828 injuriam
1365 793 1441 820 facit.
1458 791 1578 820 Ostende
1592 792 1644 820 tibi
1668 799 1742 820 curae

956 846 1019 866 esse
1040 837 1199 874 Dionysium
1213 847 1221 872 ;
1237 837 1387 873 statimque
1400 837 1435 865 ab
1461 837 1567 873 injuria
1577 833 1740 865 Soterichus

957 883 1080 912 desistet.

1189 928 1357 957 EPISTOLA
1370 926 1493 957 XXVIII.

1272 974 1419 1009 Simplicio.

990 1020 1155 1047 Dimittenda
1184 1020 1256 1048 Deus
1289 1028 1351 1048 esse
1369 1020 1461 1048 debita
1487 1020 1564 1048 dicit.
1595 1011 1682 1047 liorro
1698 1018 1744 1046 hic

954 1065 1063 1100 quidem
1075 1065 1219 1100 pecuniam
1238 1070 1371 1099 mutuam,
1386 1066 1433 1093 ille
1450 1073 1515 1093 vero
1530 1073 1627 1100 poenas
1639 1065 1744 1100 depen-

955 1113 1020 1139 dere
1032 1112 1124 1139 debet.
1135 1112 1221 1147 Igitur
1238 1112 1286 1147 qui
1305 1116 1434 1147 repetere
1459 1112 1493 1139 ab
1512 1119 1545 1139 eo
1560 1118 1658 1147 poenas
1673 1118 1742 1139 con-

955 1158 1108 1193 tempserit,
1127 1157 1182 1185 Deo
1204 1157 1285 1186 fuerit
1301 1158 1459 1189 obsecutus,

1200 1202 1370 1231 EPISTOLA
1385 1202 1472 1230 XXIX
1514 1207 1519 1214 '

1203 1249 1335 1276 Pentadio
1365 1248 1517 1285 Augustali.

994 1295 1072 1329 Quod
1088 1295 1114 1322 in
1131 1295 1330 1330 interpellando
1359 1299 1386 1322 te
1401 1302 1462 1322 sum
1480 1295 1619 1328 assiduus,
1635 1300 1663 1323 tu
1694 1296 1742 1323 tibi

957 1341 1091 1376 imputare
1111 1341 1204 1369 debes.
1231 1341 1299 1368 Cum
1327 1341 1400 1368 enim
1417 1341 1594 1370 manifestum
1616 1342 1745 1370 omnibus

955 1394 1018 1414 esse
1029 1387 1173 1418 voluisses,
1188 1386 1263 1414 omni
1278 1394 1322 1414 me
1337 1386 1409 1422 apud
1426 1391 1453 1414 te
1463 1387 1491 1414 in
1507 1387 1610 1415 honore
1626 1394 1659 1415 ac
1682 1395 1745 1423 pre-

956 1433 995 1460 tio
1015 1440 1088 1465 esse,
1109 1433 1216 1460 cunctis
1233 1433 1266 1460 ad
1288 1440 1343 1465 me,
1365 1434 1414 1468 qui
1436 1433 1463 1459 in
1481 1433 1572 1468 aliqua
1589 1433 1745 1461 calamitate

957 1483 1033 1513 sunt,
1052 1486 1164 1506 cursum
1176 1478 1339 1514 patefecisti.
1367 1478 1445 1506 Nosti
1469 1480 1552 1514 igitur
1569 1479 1745 1515 quemadmo-

956 1525 1019 1553 dum
1034 1524 1128 1557 facies,
1139 1529 1168 1553 ut
1181 1529 1207 1553 et
1220 1532 1271 1560 ego
1284 1532 1301 1552 a
1312 1525 1415 1559 multis,
1429 1529 1457 1553 et
1471 1525 1505 1554 de
1519 1526 1613 1554 multis
1626 1530 1654 1554 tu
1667 1534 1683 1553 a
1702 1534 1746 1554 me

124 1570 168 1595 ὐπ’
184 1569 271 1604 ἐμοῦ·
295 1569 319 1594 εί
343 1567 391 1594 καὶ
405 1567 476 1593 πάνυ
491 1566 580 1593 δεῖται
604 1565 720 1601 μετρίων
744 1565 790 1592 καὶ
811 1565 905 1600 φιλαν-

959 1571 1100 1599 sollicitari
1124 1571 1233 1599 desinas
1263 1581 1271 1598 :
1297 1579 1450 1607 quanquam
1474 1572 1613 1600 moderata
1652 1572 1745 1600 omnia

124 1617 240 1652 Ορώπων
256 1615 326 1650 ὑπὲρ
341 1612 371 1642 οὗ
388 1614 496 1650 γράφω,
521 1613 567 1640 καὶ
583 1614 674 1648 τυχεῖν
698 1614 771 1639 ἔστιν
791 1611 907 1644 ἀξιώτα-

123 1671 179 1695 τος,
200 1662 236 1693 ὡς
260 1661 378 1692 ἅπαντες
401 1660 489 1687 ἴσασιν
503 1668 510 1676 ·
536 1658 747 1694 ἀποτυγχανέτω
761 1657 808 1684 σοῦ
824 1657 907 1693 μηδὲν

122 1708 213 1746 ἦττον,
236 1709 253 1744 ἥ
276 1709 300 1735 εί
325 1707 503 1743 παμπόνηρος
524 1715 555 1733 τε
573 1703 624 1741 ἦν,
650 1705 698 1733 καὶ
721 1705 907 1740 παμπονήρων

124 1756 209 1781 ἐδεῖτο
223 1754 404 1790 πραγμάτων.
419 1751 503 1779 Τοῦτό
516 1760 546 1777 τε
558 1749 616 1782 οὗν,
630 1751 678 1777 καὶ¹
691 1751 754 1777 ὅταν
766 1749 907 1784 ἀφίκωμαι

124 1801 201 1837 παρὰ
219 1801 248 1827 σὲ
261 1800 340 1835 δῆθεν
362 1798 559 1834 αἰτιασάμενος,
570 1797 721 1832 πρόσταττε
735 1797 791 1827 τοῖς
805 1794 908 1830 ὑπηρέ-

123 1856 183 1878 ταις
194 1845 361 1880 ὲπιζυγῶσαί
376 1853 420 1880 μοι
437 1844 507 1871 κατὰ
521 1844 568 1870 τοῦ
584 1843 729 1879 προσώπου
743 1842 792 1874 τὰς
811 1841 907 1876 θύρας.

127 1894 175 1919 Ἂν
191 1892 269 1919 τοῦτο
282 1891 425 1926 γενόμενον
442 1891 467 1917 oi
483 1890 532 1925 μὲν
546 1890 645 1920 ἴδωσιν,
659 1889 684 1915 oi.
699 1888 727 1915 δὲ
737 1888 790 1914 τῶν
802 1887 908 1913 ίδόντων

127 1940 274 1970 ἀκούσωσι,
297 1937 454 1964 τούντεῦθεν
476 1935 531 1971 ἐγώ
547 1944 588 1967 τε,
607 1935 654 1961 καὶ
673 1935 704 1961 σὺ
738 1933 848 1968 βαθεῖαν
871 1934 909 1959 εί-

128 1985 214 2019 ρήνην
229 1983 338 2018 ἄξομεν,
353 1982 390 2014 ὡς
405 1981 491 2013 οὐδείς
508 1989 540 2015 γε
555 1981 594 2007 ἔτι
607 1980 655 2007 τοῦ
672 1979 764 2007 λοιποῦ
778 1980 910 2016 προσδρα-

127 2030 217 2064 μεῖταί
238 2038 283 2064 μοι
302 2029 349 2055 καὶ
367 2026 645 2064 προσανακλαύσεται.
660 2026 691 2052 Ei
707 2026 735 2053 δὲ
755 2025 909 2052 ἀποδειλιά-

126 2085 194 2108 σεις,
216 2076 264 2102 καὶ
287 2076 338 2101 οὐκ
361 2074 499 2110 ἐθελήσεις
512 2072 600 2100 ταῦτά
616 2082 657 2100 σοι
673 2073 735 2104 τοὺς
750 2072 908 2107 ἀνθρώπους

126 2123 292 2156 συγγνῶναι,
316 2121 412 2157 ἀνέχου
428 2121 559 2152 πολλάκις
574 2121 624 2155 τῆς
639 2120 745 2156 ἡμέρας
767 2119 868 2153 ἀγαθόν
883 2128 909 2145 τι

126 2169 214 2195 ποιεῖν
227 2167 386 2203 ἀνθρώπους
400 2166 492 2198 ἱκέτας
511 2175 558 2193 σου
582 2166 741 2201 γενομένους
751 2165 784 2192 δι’
800 2165 867 2200 ἐμοῦ
879 2173 909 2191 τε

125 2214 174 2240 καὶ
189 2212 236 2240 τοῦ
248 2213 326 2239 Θεοῦ.
354 2211 425 2239 Ἀλλ’
444 2210 474 2238 εὖ
487 2211 586 2238 οἶδ’ὃτι
601 2211 652 2237 οὐκ
667 2209 864 2246 ἀπαγορεύσεις
879 2207 908 2235 εὖ

957 1617 1128 1652 cumprimis,
1144 1622 1171 1645 et
1185 1625 1262 1653 aequa
1277 1617 1398 1652 postulat
1411 1618 1435 1645 is
1450 1625 1500 1652 pro
1519 1625 1573 1652 quo
1587 1617 1743 1650 scribimus,

957 1667 1062 1699 estque,
1074 1668 1103 1691 ut
1117 1671 1212 1691 omnes
1226 1667 1337 1695 norunt,
1351 1664 1397 1699 qui
1410 1672 1440 1691 ea
1453 1666 1589 1699 impetret,
1614 1663 1746 1700 dignissi-

958 1717 1019 1737 mus
1030 1718 1036 1736 :
1051 1709 1101 1737 abs
1117 1712 1144 1737 te
1154 1709 1294 1744 rcjiciatur
1302 1709 1347 1737 ille
1355 1709 1469 1744 perinde
1483 1716 1514 1736 ac
1522 1710 1579 1737 siet
1589 1709 1647 1744 ipse
1657 1709 1744 1744 pessi-

957 1763 1019 1783 mus
1035 1758 1119 1789 esset,
1131 1760 1158 1782 et
1169 1755 1296 1790 pessimis
1307 1759 1397 1782 tecum
1412 1755 1446 1783 de
1462 1755 1544 1783 rebus
1559 1754 1743 1791 ageret.Quin

958 1801 1040 1829 etiam
1055 1809 1118 1829 cum
1135 1801 1168 1828 ad
1186 1807 1213 1829 te
1229 1801 1454 1837 expostulaturus
1468 1801 1574 1828 scilicet
1587 1800 1690 1832 adiero,
1704 1799 1742 1827 fa-

958 1847 1041 1875 mulis
1055 1848 1111 1875 tuis
1122 1848 1249 1883 praecipe,
1261 1847 1327 1874 mihi
1342 1850 1370 1873 ut
1381 1846 1416 1874 ob
1431 1854 1462 1874 os
1475 1846 1553 1881 I77
1568 1846 1680 1881 januam
1697 1852 1744 1873 oc-

958 1893 1080 1921 cludam.
1096 1893 1244 1929 Postquam
1263 1892 1335 1921 istud
1352 1900 1368 1920 a
1383 1897 1410 1920 te
1433 1892 1534 1919 factum
1548 1892 1594 1919 alii
1608 1891 1741 1923 viderint,

959 1939 1005 1967 alii
1020 1939 1098 1968 abiis
1110 1939 1248 1967 audierint
1260 1959 1267 1972 ,
1283 1939 1411 1974 deinceps
1426 1946 1477 1973 ego
1504 1943 1531 1965 et
1551 1942 1580 1965 tu
1602 1945 1700 1974 magna
1713 1937 1743 1965 in

959 1993 1026 2021 pace
1049 1986 1237 2018 versabimur,
1252 1985 1382 2020 quoniam
1402 1992 1481 2013 nemo
1495 1985 1528 2012 de
1538 1989 1637 2012 caetero
1652 1984 1686 2012 ad
1701 1991 1744 2012 me

959 2031 1109 2067 confugiet,
1126 2039 1176 2059 nec
1196 2038 1333 2058 erumnas
1354 2037 1420 2058 suas
1436 2029 1506 2065 apud
1522 2037 1566 2057 me
1579 2029 1742 2065 deplorabit.

959 2078 1037 2111 Quod
1051 2078 1075 2105 si
1095 2077 1167 2105 istud
1180 2076 1270 2104 facere
1284 2075 1426 2108 formidas,
1445 2084 1495 2103 nec
1512 2075 1648 2111 ejusmodi
1667 2075 1744 2111 quid-

959 2130 1040 2158 quam
1067 2123 1094 2149 in
1118 2126 1145 2150 te
1171 2121 1296 2150 homines
1315 2122 1383 2149 velis
1407 2121 1633 2155 animadvertere,
1655 2119 1698 2148 fac
1713 2125 1744 2148 ut

959 2168 1083 2204 quotidie
1104 2168 1205 2203 saepius
1228 2168 1261 2194 de
1274 2166 1434 2194 hominibus
1448 2167 1518 2194 bene
1531 2165 1631 2194 mereri
1659 2165 1744 2193 susti-

960 2222 1038 2248 neas,
1053 2214 1107 2242 tuis
1127 2221 1177 2249 per
1199 2220 1295 2240 me'ac
1319 2212 1406 2240 Deum
1428 2212 1607 2247 supplicibus.
1629 2210 1741 2244 Verum,

125 2259 222 2285 ποιῶν.
247 2258 350 2285 Οὔκουν
371 2257 433 2284 οὐδὲ
449 2256 515 2292 ἐγὼ,
538 2256 696 2293 πρεπούσας
715 2255 857 2287 ὑποθέσεις
877 2256 907 2290 τῇ

962 2261 1035 2296 quod
1049 2260 1134 2295 probe
1145 2259 1271 2294 equidem
1286 2259 1354 2292 scio,
1368 2266 1542 2294 nequaquam
1559 2262 1589 2285 tu
1604 2258 1672 2285 bene
1685 2264 1743 2284 me-

126 2303 209 2339 φὺσει
224 2311 271 2330 σου
283 2302 470 2338 ποριζόμενος.

407 2403 576 2430 ΕΠΙΣΤΟΛΗ
594 2402 634 2429 Λ’.

445 2449 487 2482 τῷ
505 2447 594 2480 αὐτῷ.

168 2497 238 2531 Ἐγὼ
260 2497 307 2524 καὶ
332 2495 379 2523 σοῦ
410 2495 527 2530 κήδομαι
546 2494 593 2520 καί¹
614 2492 690 2520 τοῦδε
704 2499 711 2507 ’
740 2491 786 2518 σοῦ
808 2492 857 2527 μὲν
872 2491 911 2522 ὡς

128 2543 167 2578 μὴ
185 2543 306 2578 ἀδικοίης
317 2550 325 2558 ·
345 2541 422 2568 τοῦδε
437 2540 476 2572 δὲ,
494 2539 532 2572 ὡς
555 2539 592 2574 μὴ
617 2538 744 2565 ἀδικοῖτο.
768 2538 799 2564 Εἰ
818 2537 847 2563 δὲ
863 2536 911 2563 καὶ

126 2589 170 2614 σοὶ
181 2588 256 2614 δοκεῖ
273 2587 341 2622 μετὰ
362 2586 409 2613 τοῦ
426 2585 570 2616 Πλάτωνος
591 2583 666 2619 (45),
688 2583 719 2609 τὸ
741 2582 843 2609 ἀδικεῖν
863 2581 909 2607 τοῦ

124 2632 277 2659 ἀδικεῖσθαι
296 2632 385 2667 μεῖζον
401 2628 470 2657 εἷναι
490 2630 585 2660 κακὸν.
607 2629 683 2655 ἐοικά
704 2636 745 2654 σοι
768 2626 909 2675 μᾶλλονῖίῆ

126 2680 197 2715 τῷδε
212 2678 380 2714 χαρίζεσθαι,
403 2677 528 2712 δεόμενος
544 2675 614 2710 ὑπὲρ
628 2674 708 2702 αὐτοῦ
725 2673 910 2709 πραττομένου

123 2726 202 2757 δίκας
215 2725 283 2760 ὑπὲρ
300 2721 337 2750 ὦν
353 2722 401 2749 οὐκ
412 2722 576 2760 ἐξήμαρτεν.

960 2306 1055 2336 rendo.
1068 2314 1100 2334 ac
1109 2305 1223 2341 proinde
1236 2312 1287 2332 nec
1302 2312 1352 2340 ego
1364 2308 1563 2332 consentaneas
1571 2307 1676 2332 natura:
1691 2307 1743 2331 tua:

959 2351 1120 2380 occasiones
1140 2349 1324 2386 procurando.
1346 2349 1530 2385 fatigabimur.

1215 2395 1382 2424 EPISTOLA
1401 2395 1486 2422 XXX.

1312 2441 1416 2468 Eidem.

994 2488 1050 2525 Ego
1062 2491 1090 2516 et
1103 2487 1143 2515 tui
1160 2494 1266 2520 curam,
1281 2490 1309 2514 et
1331 2487 1406 2514 illius
1425 2486 1513 2514 habeo
1527 2494 1534 2512 :
1551 2486 1602 2518 tui,
1615 2493 1650 2514 ne
1669 2485 1743 2519 inju-

962 2533 1030 2561 riam
1046 2533 1151 2567 facias;
1176 2540 1211 2560 ne
1226 2532 1356 2567 accipiat,
1375 2532 1460 2559 illius.
1475 2530 1536 2559 Jam
1557 2531 1583 2559 si
1598 2538 1661 2558 cum
1680 2531 1740 2558 Pla-

961 2583 1026 2607 tone
1053 2577 1160 2610 sentis,
1194 2576 1324 2611 injuriam
1352 2575 1472 2608 inferre,
1498 2582 1580 2610 quam
1605 2576 1740 2611 accipere,

962 2625 1048 2651 multo
1065 2631 1126 2651 esse
1140 2623 1282 2656 deterius;
1307 2621 1407 2649 melius
1423 2621 1457 2648 de
1484 2626 1511 2649 te
1535 2628 1617 2656 quam
1638 2621 1672 2650 de
1694 2621 1742 2649 illo

962 2671 1062 2698 mereri
1076 2670 1182 2701 videor,
1196 2676 1258 2696 cum
1273 2675 1322 2703 pro
1337 2667 1385 2695 illo
1398 2667 1541 2703 deprecor,
1555 2675 1572 2695 a
1586 2674 1641 2702 quo
1655 2675 1743 2702 poenae

961 2717 1022 2751 ejus
1034 2736 1041 2748 ,
1058 2715 1132 2751 quod
1146 2722 1200 2742 non
1216 2714 1356 2742 commisit
1368 2733 1376 2747 ,
1392 2713 1520 2742 criminis
1533 2716 1706 2749 repetuntur.

735 2806 825 2835 ΒΙΩΝ,
845 2805 983 2834 PETAVII
1006 2805 1119 2833 NOTAE.

160 2902 215 2939 (45)
230 2902 310 2930 Μετὰ
340 2899 392 2927 (οὗ
427 2898 592 2930 Πλάτωνος.
622 2896 687 2924 Vide
703 2895 781 2931 σονς.
796 2894 925 2923 Platonis.
