1955 3063
133 171 200 198 1561

697 171 887 201 EPISTOLIE.
906 187 940 192 —
966 172 1070 199 l-IPIST.
1092 171 1212 199 XXXVI.

1687 172 1756 199 1562

132 233 213 260 αὐτὸν
231 232 368 268 παραδοὺς
382 232 420 268 τῷ
435 233 579 269 ναυκλήρῳ
593 234 670 261 πλεῖν
682 235 846 269 ἀναγκάσεις
857 235 915 261 εὑθί

973 233 1127 262 cantilenas
1150 234 1215 261 vitae
1242 237 1444 261 consentaneas
1472 237 1635 265 canentem,
1651 233 1756 261 crimen

131 279 181 313 τῆς
205 278 369 313 ἐνεγκούσης
393 279 486 306 αὐτόν.
518 279 624 315 Ἐκείνη
646 279 701 315 γὰρ
715 279 747 306 ἂν
771 279 852 306 αὑτοῦ
873 280 919 306 καὶ

132 324 276 358 ἀνάσχοιτο
290 323 467 360 δικαιότερον.
491 324 595 352 Πλείτω
609 325 637 352 δὲ
651 325 790 361 δεδεμένος
809 325 856 352 ὲπὶ
872 325 918 351 τοῦ

132 368 362 404 καταστρώματος
375 378 382 385 ·
410 369 447 406 μὴ
467 370 521 407 γὰρ
534 371 575 402 εὶς
589 370 681 406 κοίλην
694 370 759 397 ναῦν
771 370 917 406 καταϐαίη.

138 415 213 441 Ἐπεὶ
230 415 268 450 μὴ
287 415 439 453 θαυμάσῃς,
451 417 475 443 εἰ
495 416 581 452 συχνὰ
600 417 654 444 τῶν
667 416 805 452 κεραμίων
819 416 918 452 ἡμιδεῆ

132 469 172 487 σοι
185 462 330 496 ποιήσειεν.
348 461 380 488 Εἰ
395 461 423 488 δὲ
438 462 453 488 ὸ
469 462 551 494 πλοῦς
566 463 763 497 παρατείνοιτο,
775 461 822 488 καὶ
838 462 919 497 μέχρι

129 506 229 541 τρυγὸς
246 506 278 533 ἂν
290 507 432 542 ὲκροφοῖτο
447 508 492 535 τὸν
508 508 665 544 ἀνθοσμίαν,
679 508 725 535 καὶ
740 508 802 540 τοὺς
818 508 919 540 ναύτας

128 552 152 580 δ’
167 552 200 580 ἂν
214 553 285 580 αὐτὰ
299 553 385 580 ταῦτα
409 555 494 582 ποιεῖν
509 555 677 582 ἀναπείσειε.
701 555 774 591 Πρὸς
795 555 850 591 γὰρ
862 557 920 587 τοῖς

130 598 219 631 ἄλλοις
242 600 290 626 καὶ
312 599 497 627 πιθανώτατον
519 600 550 627 τὸ
572 601 676 634 κακὸν,
700 602 740 632 εἰς
754 600 919 632 ἀπολαύσεις

128 645 294 681 ἡγήσασθαι.
311 646 367 672 Καὶ
386 646 428 678 τις
440 646 525 679 οὕτως
539 646 674 682 ὲμϐριθής
686 648 744 674 ἐστι
759 646 813 674 τῶν
829 647 919 682 μισθῷ

130 691 264 718 πλεόντων
276 692 325 727 τὴν
338 692 481 726 θάλατταν,
507 693 545 726 ὼς
568 693 605 729 μὴ
628 693 787 729 διαχυθῆναι
805 693 850 720 τοῦ
867 702 918 721 κα-

130 737 269 773 θάρματος
287 738 498 774 κορδακῐσαντος
519 740 548 766 ὲν
572 740 605 775 τῇ
631 739 678 767 τοῦ
694 740 823 776 ποτηρίου
839 749 919 776 περι-

130 784 215 819 φορᾷς
236 784 290 811 Καὶ
304 784 373 811 ἄλλα
388 784 473 812 πολλὰ
496 785 723 822 βωμολοχεύεται,
745 787 815 823 πρὸς
835 786 853 814 ἃ
878 787 919 814 δεῖ

129 828 284 865 πεφράχθαι
308 830 355 856 τὸν
377 830 538 866 ναύκληρον.
569 831 599 858 '0
625 832 674 867 μὲν
698 829 745 859 οὖν
764 832 917 864 Ὀδυσσεὺς,

129 873 173 900 ῐνα
188 873 226 910 μὴ
248 874 293 909 ὑφ’
309 875 406 910 ήδονῆς
426 875 598 912 διαφθαρείη,
614 876 664 911 τὴν
681 877 817 912 Σειρήνων
832 877 918 910 ἀκτὴν

970 287 1052 307 omne
1080 279 1109 306 in
1137 279 1213 306 illius
1247 279 1330 306 heros
1360 279 1545 306 transtulerit.
1571 278 1756 311 Quamobrem

971 325 1043 357 vide,
1056 332 1160 360 quaeso,
1180 324 1219 352 uti
1239 324 1316 351 illum
1335 324 1467 352 nauclero
1485 323 1662 351 committens
1681 328 1755 350 recta

971 370 997 397 in
1019 370 1136 406 patriam
1151 370 1280 405 navigare
1296 369 1462 405 compellas;
1486 369 1544 396 haec
1563 369 1635 397 enim
1652 369 1756 404 justius

969 416 1046 442 illum
1063 415 1232 444 toleraverit.
1243 415 1296 443 Sed
1312 416 1420 443 vinctus
1437 416 1465 442 in
1482 415 1613 442 transtris
1628 415 1755 450 naviget;

971 461 1083 488 minime
1096 469 1163 488 vero
1175 461 1204 488 in
1219 461 1379 489 interiorem
1392 469 1488 489 navem
1505 461 1675 489 descendat:
1690 461 1758 487 alio—

969 506 1015 541 qui
1034 505 1091 533 noli
1115 506 1210 534 mirari
1239 506 1263 534 si
1290 507 1384 541 plures
1411 506 1558 541 amphoras
1583 505 1697 533 dimidia
1723 513 1757 532 ex

970 556 1046 586 parte
1069 551 1165 579 inanes
1188 551 1339 587 reliquerit.
1365 551 1444 585 Quod
1468 552 1491 579 si
1507 551 1614 587 longior
1630 551 1664 579 sit
1680 551 1757 578 navi-

969 597 1054 631 gatio,
1073 597 1116 624 vel
1129 597 1163 624 ad
1177 596 1270 624 faecem
1283 605 1371 632 usque
1384 597 1529 625 odoratum
1543 597 1638 624 vinum
1660 603 1757 623 exsor-

970 642 1050 675 beat;
1074 650 1182 671 necnon
1207 643 1242 670 ad
1268 643 1339 670 idem
1365 642 1522 671 faciendum
1535 643 1650 670 navales
1665 642 1755 670 socios

969 688 1092 716 inducat.
1109 688 1176 716 Nam
1197 693 1295 724 praeter
1324 694 1424 716 caetera
1447 689 1608 724 cumprimis
1625 689 1756 716 blandum

969 733 1060 762 scelus
1074 738 1137 767 est,
1154 738 1184 762 ut
1209 735 1243 762 ad
1265 735 1421 770 voluptates
1436 735 1498 763 aliis
1522 739 1633 770 praeeat.
1656 734 1757 769 Ecquis

968 788 1034 808 vero
1048 780 1115 808 adeo
1131 785 1264 810 constans
1275 785 1317 810 est
1331 789 1363 809 ex
1389 783 1570 810 mercenariis
1586 782 1756 813 vectoribus,

969 826 1015 860 qui
1042 833 1097 853 non
1129 826 1268 854 hilaritate
1292 827 1408 863 gestiat,
1431 835 1494 855 cum
1517 827 1654 862 perditum
1679 827 1757 854 illum

969 871 997 898 in
1014 872 1223 900 circumlatione
1242 874 1332 908 poculi
1361 874 1456 902 restim
1478 879 1603 910 agentem
1635 881 1667 901 ac
1690 873 1758 901 sub-

127 917 268 954 δεδιμένος
281 919 460 955 παρήμειϐεν.
475 920 573 947 Οὑτοσὶ
581 920 620 954 δὲ,
643 920 686 948 ἶνα
700 920 738 957 μὴ
751 921 814 953 τοὺς
829 921 915 948 πλέον·

971 921 1117 950 sultantem
1133 922 1255 950 viderit?
1271 921 1356 950 Multa
1379 927 1406 950 et
1430 922 1484 949 alia
1510 921 1666 950 scurriliter
1681 920 1755 953 facit,

129 970 178 995 τας
199 963 279 1000 ἡδονῇ
302 960 483 1000 διαφθείρειεν
508 968 567 1002 [ιιφ.
582 965 748 1004 διαφθείρῃ],
770 967 803 995 ἂν
818 967 917 994 ἐκεῖνοι

130 1008 300 1044 σωφρονῶσι,
315 1009 466 1045 δεθήσεται.

970 967 1003 995 ad
1018 975 1081 1003 quae
1101 968 1239 996 munitum
1255 976 1317 997 esse
1332 969 1494 996 nauclerum
1512 971 1650 1003 oporteat.
1669 967 1758 1001 Atque

972 1012 1086 1049 Ulysses
1112 1014 1234 1050 quidem,
1258 1023 1294 1043 ne
1312 1015 1465 1050 voluptatis
1488 1014 1626 1042 illecebris
1644 1013 1755 1049 periret,

128 1057 239 1085 vinctus
263 1058 386 1086 sirenum
403 1059 495 1086 littora
513 1064 727 1096 praetergressus
752 1063 805 1089 est.
829 1060 864 1087 At
881 1061 914 1094 is,
934 1069 968 1089 ne
998 1065 1124 1091 vectores
1140 1062 1294 1099 voluptatis
1326 1063 1464 1092 lenocinio
1482 1066 1650 1097 corrumpat,
1674 1060 1697 1087 si
1713 1068 1756 1087 sa-

129 1105 205 1139 piunt
219 1105 270 1138 illi,
287 1106 434 1133 vincietur.

395 1153 451 1180 ΕΠΙ
457 1154 569 1181 ΣΤΟΛΗ
587 1154 648 1181 ΔΡ.

415 1197 454 1232 Τῇ
468 1199 635 1232 φιλοσόφῳ.

170 1242 267 1278 Ἠχοῦς
280 1241 356 1270 ἔοικα
370 1245 487 1279 πρᾶγμα
500 1244 587 1270 ποιεῖν
599 1252 606 1259 ·
630 1243 663 1273 ἃς
684 1244 840 1279 παρείληφα
860 1252 917 1279 φω-

128 1288 189 1320 νὰς.
201 1288 367 1325 ἁντιδίδωμι,
381 1289 426 1316 τὸν
440 1290 595 1325 θαυμαστὸν
614 1290 788 1326 Ἀλέξανδρον
797 1291 916 1318 ἐπαινῶν

129 1334 205 1370 παρὰ
219 1334 270 1362 σοί.

398 1381 570 1408 ΕΠΙΣΤΟΛΗ
589 1381 651 1409 ΛΔ’.

431 1427 618 1463 Αὑρηλιανῷ.

163 1471 246 1499 Οὔπω
259 1474 292 1509 τῇ
308 1474 420 1509 προνοίᾳ
437 1474 512 1509 μέλει
531 1474 674 1511 Ῥωμαίων
685 1482 693 1490 ·
717 1474 786 1502 ἀλλὰ
803 1474 916 1511 μελήσει

127 1518 204 1552 ποτὲ,
228 1519 275 1546 καὶ
298 1520 348 1546 οὐκ
363 1521 401 1551 εἰς
422 1520 495 1548 ἅπαν
515 1522 721 1557 οἰκουρήοουσιν
741 1522 766 1548 ol
782 1521 817 1549 τὰ
839 1522 916 1548 κοινὰ

1209 1152 1380 1181 EPISTOLA
1396 1152 1518 1182 XXXIII.

1258 1198 1438 1234 ΡΙιὶΙοεορΙιαξ.

1003 1243 1104 1272 Videor
1118 1244 1174 1279 jam
1193 1243 1284 1272 facere
1299 1244 1373 1280 quod
1386 1244 1456 1272 echo
1478 1244 1547 1272 solet
1560 1253 1568 1277 ;
1596 1244 1677 1280 179
1689 1252 1756 1279 quas

966 1296 1049 1317 voces
1061 1289 1166 1324 accepi,
1188 1288 1297 1321 refero,
1314 1289 1379 1316 dum
1393 1289 1531 1324 egregium
1544 1289 1620 1316 illum
1636 1290 1755 1316 Alexan-

967 1336 1047 1362 drum
1063 1335 1134 1370 apud
1153 1341 1178 1363 te
1192 1336 1322 1371 pmdico.

1207 1381 1377 1408 EPISTOLA
1393 1380 1513 1410 XXXIV.

1280 1427 1437 1455 Aureliano.

1001 1473 1127 1501 Nondum
1150 1473 1243 1501 divina
1266 1473 1436 1509 providentia
1454 1481 1548 1501 curam
1568 1473 1754 1501 Romanorum

966 1519 1045 1554 gerit,
1061 1520 1107 1547 sed
1117 1523 1192 1555 geret
1206 1519 1370 1554 aliquando;
1382 1527 1432 1547 nec
1443 1523 1574 1555 perpetuo
1585 1519 1657 1546 domi
1674 1520 1753 1547 uliosI

129 1564 225 1597 σώζειν
237 1566 391 1601 δυνάμενοι.
411 1566 491 1594 Ἀλλὰ
506 1566 545 1603 τῷ
562 1576 594 1603 γε
607 1569 702 1604 ῥήτορι
716 1568 756 1604 τῷ
773 1569 913 1604 συντρόφῳ

971 1565 1125 1597 manebunt,
1149 1567 1196 1601 qui
1213 1566 1408 1601 rempublicam
1425 1573 1534 1594 servare
1553 1570 1676 1601 possunt.
1700 1566 1752 1593 Sed

128 1610 175 1636 καὶ
197 1611 213 1646 ἠ
237 1611 362 1645 παροῦσά
375 1619 416 1638 σοι
431 1611 546 1647 δύναμις
561 1614 642 1649 ἀρκεῖ
664 1614 732 1649 πρὸς
744 1614 759 1640 ὃ
769 1613 826 1650 [γρ.
847 1614 862 1641 ὅ
875 1613 913 1650 τι]

127 1656 255 1691 τυγχάνει
279 1657 413 1692 δεόμενος.
436 1658 607 1686 ’Δπολαυέτω
630 1659 662 1696 δὴ
684 1660 732 1687 νῦν
763 1661 813 1697 μὲν
834 1660 915 1693 αὐτὸς

129 1701 210 1735 μόνος
230 1701 333 1737 ταύτης
346 1711 353 1718 ·
383 1703 479 1731 ἔπειτα
506 1705 578 1740 μετὰ
598 1705 653 1732 τῶν
677 1705 762 1734 ἐθνῶν
786 1707 915 1734 ἁπάντων

127 1747 267 1784 κάκείνης.

399 1825 570 1854 ΕΠΙΣΤΟΛΗ
588 1827 650 1855 ΛΕ¹.

429 1871 471 1905 Τῷ
487 1872 618 1908 ἀδελφῷ.

169 1917 390 1954 Ἐπιτομωτάτην
413 1918 472 1945 ὁδὸν
501 1919 548 1946 ἐπὶ
581 1919 612 1946 τὸ
642 1919 766 1948 πλουτεῖν
791 1919 914 1948 ὲὸάδισεν

134 1963 302 1996 ’Δθανάσιος.
319 1964 555 2000 Ἐγνωκεντὸμόσε
573 1965 641 1992 ἰτέον
651 1965 786 1998 εἶναιτοῖς
796 1966 914 2002 ἀποθνή-

128 2017 233 2042 σκουσι,
259 2010 307 2037 καὶ
330 2010 468 2046 πρακτέον
489 2012 588 2043 αὐτοὺς
609 2012 696 2039 πειθοί
717 2012 764 2039 καὶ
790 2012 834 2048 βίᾳ
860 2014 913 2040 πᾶν

126 2055 176 2082 ὅτι
189 2055 221 2082 ἂν
235 2055 352 2082 δύναιτο.
368 2057 425 2083 Οὐκ
438 2056 471 2083 ἂν
483 2054 530 2083 οὖν
541 2057 621 2084 αὑτὸν
633 2057 707 2084 λάθοι
718 2058 847 2094 δημόσιος
858 2058 913 2094 (49)

127 2101 175 2128 ἐπὶ
191 2101 307 2138 διαθήκῃ
332 2102 508 2138 καλούμενος,
524 2103 592 2130 ἀλλὰ
612 2105 701 2137 συνεὶς
726 2105 834 2133 ἅλλεται
856 2105 912 2142 (50)

128 2146 194 2182 [fon
211 2149 422 2185 συνεισάλλεται]
428 2170 434 2177 .

389 2196 560 2224 ΕΠΙΣΤΟΛΗ
579 2196 648 2231 AG".

445 2241 487 2275 Τῷ
506 2243 594 2276 αὐτῷ.

173 2287 369 2325 Ἐκκαιδεκάτῃ
387 2288 470 2323 μηνὸς
491 2288 583 2324 Ἀθὺρ,
600 2290 614 2315 ὁ
628 2288 780 2325 μακαρίτης
792 2290 913 2326 Καστρε-

128 2342 187 2366 κιος
200 2334 266 2361 αὐτὸ
277 2333 356 2360 τοῦτο
367 2334 486 2368 ἐγένετο,
501 2335 598 2370 φάσμα
612 2335 728 2370 χαλεπὸν
743 2335 805 2362 ἰδών
821 2344 850 2362 τε
866 2336 914 2362 καὶ

126 2378 338 2415 διηγησάμενος.

967 1611 1158 1639 contubernali
1174 1612 1278 1639 oratori
1294 1612 1337 1639 vel
1352 1618 1385 1639 ea
1408 1612 1576 1643 auctoritas,
1593 1619 1653 1646 quae
1669 1619 1753 1646 penes

967 1661 993 1684 te
1007 1664 1079 1684 nunc
1100 1661 1142 1684 est
1155 1678 1163 1689 ,
1177 1657 1209 1683 ad
1228 1657 1255 1684 id
1270 1657 1337 1685 satis
1351 1660 1412 1690 est,
1436 1664 1491 1692 quo
1508 1657 1554 1684 ille
1573 1664 1642 1692 opus
1659 1657 1749 1686 habet.

965 1701 1044 1729 Nunc
1062 1703 1148 1737 igitur
1168 1702 1220 1730 hac
1233 1702 1344 1737 quidem
1365 1703 1443 1730 solus
1463 1702 1639 1738 perfruatur:
1657 1706 1749 1737 postea

965 1755 1030 1775 vero
1055 1749 1141 1776 altera
1167 1748 1250 1776 etiam
1273 1748 1319 1776 illa
1332 1767 1341 1780 ,
1359 1756 1415 1776 una
1431 1756 1493 1776 cum
1518 1749 1676 1777 nationibus
1692 1749 1753 1776 uni-

966 1795 1062 1822 versis.

1206 1827 1373 1856 EPISTOLA
1398 1828 1506 1857 XXXV.

1297 1874 1401 1901 Fratri.

1000 1921 1312 1956 Compendiosissimam
1328 1920 1434 1948 ditandi
1449 1921 1493 1949 sui
1504 1920 1575 1947 viam
1592 1920 1653 1947 iniit
1670 1920 1752 1948 Atha-

965 1969 1070 1995 nasius.
1086 1968 1293 2003 Conﬂigendum
1315 1969 1387 1996 enim
1411 1974 1473 1997 esse
1486 1969 1606 1996 decrevit
1621 1969 1672 1996 sibi
1690 1977 1750 1997 cum

964 2014 1156 2046 moribundis,
1182 2013 1293 2049 illisque
1323 2014 1456 2049 quidquid
1483 2018 1577 2049 posset
1599 2022 1653 2049 quo
1678 2015 1770 2049 jure,-

964 2066 1018 2094 qua
1045 2059 1147 2093 injuria
1167 2059 1336 2087 faciendum.
1365 2060 1461 2095 Itaque
1479 2068 1560 2087 nemo
1578 2060 1652 2087 illum
1668 2061 1751 2087 lateat

965 2106 1093 2141 publicus
1116 2106 1207 2133 scriba
1225 2106 1260 2133 ad
1286 2110 1483 2134 testamentum
1502 2107 1672 2139 accersitus,
1703 2106 1751 2134 sed

965 2152 1046 2179 simul
1063 2152 1204 2187 irrumpit.
1413 2169 1418 2174 .

1206 2196 1373 2224 EPISTOLA
1390 2196 1510 2224 XXXVI.

1314 2243 1418 2270 Eidem.

1003 2289 1088 2317 Sexta
1108 2290 1214 2317 decima
1235 2290 1338 2318 mensis
1357 2290 1444 2326 Athyr
1467 2290 1568 2318 beatus
1597 2290 1751 2318 Castricius

967 2335 1020 2363 hoc
1033 2335 1122 2371 ipsum
1132 2355 1138 2366 ,
1153 2335 1249 2363 beatus
1266 2335 1388 2368 scilicet,
1404 2335 1494 2363 factus
1508 2339 1566 2368 est,
1580 2343 1642 2363 cum
1657 2335 1749 2364 horri-

967 2380 1021 2408 bile
1039 2382 1117 2416 prius
1135 2382 1224 2408 visum
1238 2382 1356 2410 intuitus
1372 2385 1457 2416 esset,
1473 2389 1505 2410 ac
1520 2387 1673 2411 narrasset~

743 2459 834 2488 DION.
854 2459 993 2488 PETAVII
1007 2460 1123 2489 ΝΟΤΛΕ.

164 2505 220 2541 (49)
239 2507 300 2534 οὐκ
314 2507 359 2543 dri
368 2503 426 2535 οὖν
446 2507 533 2535 λάθοι
547 2506 704 2543 δημόσιος-ε
718 2507 852 2543 Δημδσιος
863 2507 915 2543 hoc

128 2541 189 2568 loco
213 2542 379 2578 γραμματέα
396 2543 542 2578 significat.
565 2541 680 2578 Suidas:
697 2541 842 2578 δημοσίους
857 2542 915 2569 ἔλε-

128 2584 175 2610 γον
187 2576 250 2608 τοὺξ
268 2576 318 2611 τῆς
339 2576 442 2610 πόλεώς
455 2577 575 2609 δούλους.
597 2576 739 2605 Demosth.
748 2583 841 2604 contra
858 2578 913 2604 An-

125 2611 254 2648 drotion"
279 2611 400 2648 κᾷτ’νὲπὶ
419 2612 473 2648 μὲν
482 2613 548 2648 κταῖς
569 2613 707 2648 εἰσφοραῖς
726 2613 772 2639 τὸν
785 2612 914 2648 δημόσιον

128 2647 255 2683 παρεῖναι
271 2647 470 2683 προσέγραψεν.
481 2647 533 2675 Ubi
545 2648 616 2674 male
629 2647 775 2682 interpres,
785 2647 914 2683 δημόσιον

127 2681 200 2715 λέγει
221 2681 266 2717 τρν
287 2681 346 2714 ταῖς
361 2681 487 2717 βασάνοις
505 2682 692 2717 ὑποκείμενον,
703 2681 750 2709 διὸ
766 2681 914 2709 καὶὴδοῦλον

127 2717 213 2743 καλεῖ.
230 2715 278 2744 Est
291 2715 367 2744 enim"
377 2721 404 2744 et
420 2718 593 2753 Demostheni
604 2715 637 2745 'et
651 2716 767 2753 Synesio
782 2717 911 2753 δημόσιος

129 2759 224 2779 servus
252 2752 388 2786 publicus,
416 2753 444 2780 id
473 2757 514 2781 est
543 2752 678 2781 oﬁicialis.
696 2756 723 2780 et
746 2752 909 2780 tabularius.

129 2786 201 2813 Idem
213 2786 361 2823 Demosth.
374 2791 444 2814 orat.
465 2787 501 2814 De
514 2788 586 2822 falsa
600 2788 690 2823 leget”
699 2788 728 2814 ὲν
741 2789 797 2823 τοῖς
810 2789 909 2819 κοινοῖς

128 2823 183 2853 τοῖς
207 2821 350 2858 ὑμετέροις
371 2821 543 2858 χράμμασίν,
569 2824 598 2849 ὲν
620 2821 658 2858 τῷ
678 2822 804 2858 Μητρῴῳ
834 2823 909 2849 ταῦτ’

128 2830 183 2853 τοις
207 2830 350 2857 υμετεροις
394 2830 543 2858 ραμμασιν,
569 2830 598 2849 εν
620 2831 658 2858 τῳ
678 2830 705 2849 Μ
725 2830 804 2858 τρῳῳ
834 2830 908 2849 ταυτ

127 2858 214 2893 ἐστὶν,
230 2856 286 2893 [LI]
299 2857 343 2891 ἐφ’
356 2830 397 2889 οἷς
408 2859 422 2884 ὁ
433 2859 561 2893 δημόσιος
568 2831 765 2884 τέτακται.ἸἸἱε
774 2858 854 2884 etiam
862 2857 910 2892 δη-

128 2892 387 2927 μόσιοξαειιιατίιιδ
414 2892 463 2921 est
477 2897 504 2922 et
529 2892 687 2925 tabulariua,
708 2899 740 2920 ac
766 2899 906 2927 perperam

896 2983 911 3000 \

966 2506 1101 2542 Ulpianus
1116 2506 1189 2536 οἶκον
1203 2509 1343 2537 subaudit.
1358 2507 1418 2535 Jam
1440 2516 1506 2536 vero
1519 2509 1684 2538 Athanasius
1699 2510 1751 2539 iste

965 2549 1028 2569 eum
1045 2543 1135 2570 scriba
1153 2543 1262 2578 publico
1283 2547 1310 2571 et
1328 2543 1464 2578 tabulario
1483 2549 1582 2578 praesto
1595 2545 1698 2578 aderat,
1721 2550 1752 2574 ut

965 2582 1127 2615 testamenta
1143 2577 1320 2615 adltlteraret.
1334 2577 1413 2615 Quod
1427 2577 1750 2615 genushaeredipetarum

965 2613 1125 2648 perstringit
1145 2614 1284 2648 eleganter
1303 2614 1468 2641 Petronius:
1498 2613 1635 2647 Videbilis,
1652 2615 1749 2647 inst-it,

965 2647 1101 2685 oppidum}
1121 2647 1246 2685 tanquam
1262 2650 1288 2676 in
1303 2648 1454 2685 pestilentia
1477 2656 1593 2684 campos,
1619 2651 1645 2677 in
1656 2658 1750 2685 qumus

966 2683 1032 2709 nihil
1063 2684 1136 2710 aliud
1156 2689 1207 2715 est,
1225 2684 1277 2712 nisi
1293 2684 1422 2711 cadavera
1435 2690 1493 2717 qua:
1513 2683 1674 2717 lacerantur,
1703 2691 1750 2713 aut

963 2718 1100 2780 gruiggui
1126 2719 1254 2747 laceram.
1283 2719 1352 2747 Vide
1376 2717 1486 2750 Senem,
1501 2718 1548 2748 lib.
1565 2729 1592 2748 tv
1618 2721 1657 2747 De
1678 2720 1749 2754 hem,

998 2761 1023 2780 ι).
1076 2774 1082 2780 .
1284 2766 1287 2770 ·

962 2760 1023 2788 cap.
1037 2760 1082 2780 zu.

998 2788 1054 2823 (50)
1076 2789 1163 2816 Ἀλλὰ
1181 2789 1287 2823 συνεὶς
1304 2789 1436 2819 ἅλλεται.
1454 2791 1491 2819 Ex
1509 2791 1618 2819 duabus
1634 2791 1749 2819 vocibus

964 2830 1044 2849 unam
1060 2831 1091 2850 ex
1110 2824 1280 2862 conjectura,
1294 2832 1343 2862 nec
1359 2826 1488 2860 absurde,
1504 2831 1533 2854 ut
1546 2829 1656 2862 opinor,
1667 2825 1749 2854 fecis-

963 2865 1031 2897 sem,
1049 2863 1075 2897 et
1093 2859 1293 2897 συνεισάλλεται
1310 2861 1438 2897 legerem,
1457 2863 1510 2891 nisi
1524 2859 1710 2895 me‘veterumr
1721 2861 1749 2888 in

962 2894 1049 2921 altero
1063 2895 1202 2928 opocpmvia
1216 2894 1405 2925 deterruisset.
