1955 3063
224 145 292 174 1563

453 203 623 231 EPISTOLA
647 203 778 230 XXXVII.

545 261 655 296 Anysia.

255 316 386 347 Joannes.
402 325 482 352 quem
497 317 608 352 quidem
621 318 681 345 ideo
694 318 768 352 quod
782 322 809 345 te
822 323 896 344 amat
909 318 1004 352 diligo,

221 361 322 389 diﬁicili
347 361 444 389 morbo
465 361 640 390 conﬂictatus
662 367 715 390 est.
733 362 773 389 Ac
795 371 850 389 non
872 367 926 389 tam
949 371 1007 390 mo-

222 409 308 435 lestiis
325 408 349 435 ei
368 408 481 435 morbus
507 413 580 441 erat,
598 416 681 443 quam
702 408 775 444 quod
797 416 878 436 sacro
892 409 941 436 abs
958 412 1006 436 tuo

220 455 311 489 capite
336 459 459 482 remotus
481 459 565 482 esset.
587 454 654 482 Nam
676 459 703 482 et
718 462 792 482 nunc
812 455 907 483 eodem
923 455 1007 482 haeret

222 500 249 526 in
269 503 353 526 statu.
372 498 432 527 Jam
457 500 568 527 tertium
589 499 657 527 illud
685 501 872 528 molestiorem
889 500 914 527 ei
929 501 1008 534 aegri-

221 545 347 572 tudinem
369 544 443 571 facit.
463 545 569 572 Etenim
584 546 670 573 milite
690 546 802 580 dignum
816 545 924 580 aliquod
940 545 1008 572 faei-

220 598 273 618 nus
284 589 368 625 gestit
387 590 479 617 edere.
500 589 591 622 Quare
606 591 790 618 necessariam
812 591 894 619 istam
910 597 1007 618 cessa-

220 636 323 663 tionem
339 636 435 670 iniquo
449 635 542 662 animo
556 635 668 670 patitur.

452 692 620 720 EPISTOLA
635 692 780 720 XXXVIII.

538 750 691 777 Aureliano.

255 805 380 833 Divinam
397 810 470 833 tuam
487 806 605 833 animam
620 807 742 834 arbitror
757 807 791 834 ad
803 815 854 835 nos
871 807 933 835 ideo
944 815 1008 836 esse

220 852 381 884 demissam.
395 857 425 879 ut
439 860 586 880 commune
600 858 673 880 esset
685 853 826 880 hominum
844 854 958 885 bonum,
980 858 1008 881 et

742 144 874 172 SYNESII
911 144 1140 173 PTOLEMAIDIS
1170 146 1321 175 EPISCOPI

1775 148 1849 175 15οὓ

1329 204 1500 232 ΕΠΙΣΤΟᾹΙΙ
1517 205 1577 232 AZ'.

1383 261 1412 288 Ἀ
1417 262 1522 293 νυσίῳ.

1098 317 1232 352 Ἰωάννης,
1243 317 1271 344 ὃν
1282 318 1322 343 ὅτι
1333 325 1362 343 σε
1376 316 1457 351 φιλεῖ,
1471 316 1504 342 δι’
1518 317 1582 343 αὒτδ
1593 315 1671 342 τοῦτο
1680 315 1759 349 φιλῶ,
1771 315 1846 349 νόσῳ

1057 364 1161 399 χαλεπῇ
1176 364 1402 398 προσεπάλαισεν.
1425 361 1480 389 Ἦν
1496 363 1524 389 δὲ
1545 362 1617 397 αὐτῷ
1636 362 1732 392 δεινὸν,
1754 361 1804 396 οὐχ
1828 362 1845 396 ἡ

1057 410 1144 441 νόσος.
1162 409 1229 436 ἀλλὰ
1246 410 1276 436 τὸ
1292 410 1338 436 σοῦ
1349 410 1398 445 τῆς
1412 410 1486 445 ἱερᾶς
1496 410 1603 436 ἀπεῖναι
1616 408 1746 443 κεφαλῆς.
1765 408 1846 434 Ἐπεὶ

1057 456 1104 482 καὶ
1117 456 1163 482 νῦν
1179 457 1207 482 ὲν
1226 458 1283 488 τοῖς
1297 456 1399 492 ὁμοίοις
1412 456 1480 482 ἐστί.
1498 455 1590 490 Τούτῳ
1604 455 1632 482 δέ
1648 464 1674 482 τι
1689 455 1736 481 καὶ
1750 454 1845 489 τρίτου

1058 501 1159 537 προσὸν
1181 502 1370 537 χαλεπωτέραν
1386 502 1434 537 τὴν
1455 501 1532 528 νόσον
1552 502 1632 528 ποιεῖ.
1656 501 1722 535 Ἐρᾷ
1749 499 1797 526 τοῦ
1816 508 1845 525 τι

1057 549 1144 574 ποιεῖν
1162 546 1313 584 στρατιώτῃ
1335 546 1449 582 πρέπον,
1475 547 1523 573 καὶ
1539 545 1674 578 δυσκόλως
1695 545 1750 581 ἔχει
1773 545 1845 580 πρὸς

1057 593 1106 629 τὴν
1118 593 1147 626 ἐξ
1161 593 1282 629 ἀνάγκης
1295 593 1402 629 ἀργίαν.

1321 692 1493 719 ΕΠΙΣΤΟΛΗ
1512 692 1576 719 AH’.

1357 751 1379 776 A
1385 748 1542 783 ὺρηλιανῷ.

1094 803 1177 840 Οἶμαι
1200 813 1245 830 σου
1264 805 1314 839 τὴν
1338 804 1484 831 θεσπεσίαν
1506 803 1596 838 ψυχὴν
1618 803 1662 829 ἐπ’
1675 802 1741 830 αὐτὸ
1763 801 1846 828 τοῦτο

1058 846 1320 886 καταπεμφθεῐσαν,
1343 851 1386 884 ἐφ’
1407 847 1430 884 ᾧ
1452 849 1542 876 κοινὸν
1565 848 1666 883 ἀγαθὸν
1691 847 1845 883 ἀνθρώπων

220 897 275 924 illis
294 897 409 931 gratiam
429 897 554 929 haberet,
570 898 617 932 qui
633 906 681 926 eos
703 899 945 932 commendarent,
959 900 1005 934 qui

1065 895 1136 929 ῑῖναι,
1155 897 1204 923 καὶ
1224 897 1304 932 χάριν
1322 896 1419 923 εἰδέναι
1435 897 1492 927 τοῖς
1508 896 1648 921 συνιστᾶσι
1669 894 1731 926 τοὺς
1748 894 1846 928 δεομέ-

217 942 293 978 justa
318 946 458 978 peterent.
476 943 552 977 quod
580 948 795 972 consentaneam
823 949 931 972 natura
953 950 1006 972 tua:

219 989 361 1016 materiam
384 989 569 1024 suppeditent.
590 989 650 1017 Non
671 990 744 1017 enim
763 991 843 1026 180
859 995 1006 1026 propterea

220 1035 293 1070 quod
317 1039 451 1071 cognatus
474 1043 551 1063 meus
577 1040 620 1064 est
648 1035 779 1070 Herodes,
809 1037 856 1065 sed
872 1038 936 1072 quia
959 1038 1006 1072 jus

220 1082 352 1116 postulat,
367 1082 472 1109 idcirco
487 1082 537 1109 tibi
552 1082 756 1110 adolescentem
771 1084 944 1115 commendo,
959 1084 1006 1119 qui

220 1135 282 1155 cum
309 1128 473 1155 clarissimis
492 1127 645 1163 majoribus
677 1132 760 1156 natus
785 1129 842 1161 sit,
871 1137 1007 1164 agrosque

221 1177 351 1208 paternos
366 1173 474 1201 senatui
490 1173 638 1207 vectigales
651 1173 713 1208 jure
732 1174 906 1201 haereditario
925 1182 1006 1202 acce-

220 1220 302 1253 perit,
319 1223 496 1255 posteaquam
510 1219 567 1246 dux
585 1219 672 1256 factus
687 1224 740 1252 est,
755 1221 852 1248 eadem
867 1225 958 1248 tamen
973 1222 1007 1249 ab

220 1265 277 1297 illo,
295 1273 356 1300 quae
379 1266 413 1293 ab
430 1273 526 1293 recens
550 1266 579 1292 in
596 1269 722 1293 senatum
746 1267 878 1301 ascriptis
900 1268 1006 1295 tributa

219 1316 361 1346 petuntur.
377 1312 512 1346 duplicem
536 1315 565 1338 ut
581 1312 749 1339 (unctionem
768 1313 867 1346 obeat;
892 1314 1006 1341 alteram

220 1355 391 1384 fortunarum
414 1364 545 1389 suarum,
569 1357 681 1384 alteram
708 1358 781 1392 ejus,
799 1366 881 1394 quem
905 1359 1002 1394 gessit,

219 1403 396 1439 magistratus
410 1403 532 1431 nomine.

463 1458 630 1487 EPISTOLA
647 1459 767 1487 XXXIX.

558 1517 663 1546 Fratri.

254 1573 351 1600 Trahit
374 1581 418 1601 me
439 1574 472 1600 ad
499 1578 526 1602 te
549 1574 715 1602 desiderium
737 1583 790 1602 non
813 1575 905 1604 minus
921 1584 1003 1611 quam

222 1619 383 1646 necessitas.
397 1619 497 1652 Quzero
518 1620 603 1655 igitur
617 1620 717 1655 ecquid
732 1621 887 1648 venientem
907 1629 949 1649 me
969 1622 1008 1649 sis

222 1668 380 1698 exspectatu
386 1672 443 1692 rus.

495 1730 663 1758 EPISTOLA
678 1731 736 1758 XL.

561 1787 673 1815 Urania.

257 1843 363 1878 Equum
383 1844 415 1871 ad
436 1848 462 1871 te
481 1844 554 1872 dono
569 1844 642 1876 misi,
665 1844 699 1871 ad
715 1852 824 1872 omnem
842 1845 905 1880 equi
922 1846 1009 1874 virtu-

221 1893 277 1917 tem
296 1890 323 1917 in
342 1890 439 1925 primis
457 1898 471 1917 a
487 1893 587 1917 natura
610 1891 723 1923 factum,
738 1898 792 1926 quo
805 1891 890 1918 uteris
902 1895 933 1918 tu
946 1892 1007 1926 qui-

221 1936 283 1963 dem
315 1936 342 1962 in
367 1935 509 1962 curulibus
536 1935 754 1967 certaminibus;
783 1936 869 1964 uteris
893 1940 920 1964 et
944 1944 1006 1964 cum

222 1984 348 2007 venatum
366 1979 568 2013 prolieisceris,
596 1982 677 2014 atque
696 1980 723 2006 in
748 1980 853 2007 bellicis
871 1980 1006 2008 conﬂicti-

222 2023 286 2051 bus.
306 2023 358 2050 Sed
373 2027 401 2050 et
416 2031 479 2050 cum
504 2023 633 2059 Libycam
648 2023 683 2050 ob
697 2024 841 2050 victoriam
854 2024 1007 2059 triumpha-

223 2067 276 2094 bis.
300 2065 393 2101 Neque
412 2067 485 2093 enim
515 2067 574 2094 scio
597 2070 690 2093 utrum
716 2066 808 2101 potius
825 2067 862 2094 sit
879 2071 1005 2099 venator,

222 2119 258 2139 an
273 2112 300 2138 in
321 2111 392 2139 ludis
407 2111 594 2144 desultorius;
622 2119 727 2146 pompae
748 2112 851 2146 magis,
871 2120 905 2139 an
927 2112 1007 2140 bellis

1057 952 1119 975 νους
1134 943 1256 976 δικαίων,
1265 944 1305 970 ὅτι
1321 951 1368 969 σου
1386 941 1543 978 πρεπούσας
1557 941 1697 972 ὑποθέσεις
1711 941 1745 976 τῇ
1761 939 1844 974 φύσει

1057 989 1221 1026 πορίζονται.
1252 990 1290 1016 Ut)
1317 989 1371 1024 γὰρ
1397 989 1438 1015 ὅτι
1461 988 1594 1023 συγγενής
1616 988 1689 1013 ἐστιν
1719 985 1844 1022 Ἡρώδης

1056 1035 1139 1070 ἐμὸς,
1165 1035 1222 1061 ἀλλ’
1247 1035 1288 1061 ὅτι
1313 1034 1397 1061 δεῖται
1415 1033 1537 1064 δικαίων,
1561 1032 1606 1059 διὰ
1630 1031 1708 1058 τοῦτό
1735 1039 1777 1057 σοι
1796 1031 1845 1057 τὸν

1057 1080 1196 1108 νεανίσκον
1213 1080 1370 1115 συνίστημι,
1390 1079 1464 1110 ὅστις
1482 1079 1515 1105 ὲκ
1530 1077 1668 1113 προγόνων
1689 1077 1748 1112 (51)
1770 1076 1844 1111 λαμ.-

1057 1128 1190 1164 πρότατος
1212 1127 1260 1160 ὢν,
1282 1126 1329 1154 καὶ
1352 1126 1401 1161 τὴν
1421 1124 1551 1160 πατρῴαν
1571 1124 1655 1159 βῶλον
1669 1122 1789 1158 ὑποτελῆ
1809 1124 1843 1157 τῇ

1058 1174 1202 1209 συγκλήτῳ
1222 1173 1412 1208 διαδεξάμενος
1426 1193 1433 1204 ,
1455 1171 1549 1206 ἐπειδὴ
1574 1170 1684 1204 γέγονεν
1710 1168 1823 1204 ἡγεμὼν
1835 1189 1844 1199 ,

1057 1219 1178 1252 ἀξιοῦται
1191 1219 1325 1246 συντελεῖν
1337 1218 1430 1253 ὥσπερ
1443 1219 1467 1244 οἱ
1481 1216 1614 1243 νεόϐουλοι
1627 1215 1695 1250 (52),
1708 1214 1755 1241 καὶ
1770 1213 1846 1247 γενέ‹

1058 1266 1119 1292 σθαι
1136 1264 1245 1296 διπλοῦς
1263 1264 1418 1299 λειτουργός
1431 1271 1438 1278 ·
1460 1263 1491 1289 τὸ
1509 1262 1557 1298 μέν
1572 1270 1598 1288 τι
1612 1261 1656 1288 διὰ
1672 1260 1721 1295 τὴν
1736 1260 1844 1290 οὐσίαν,

1057 1312 1087 1338 τὸ
1099 1312 1127 1339 δὲ
1146 1312 1179 1338 δι’
1195 1312 1228 1347 ἣν
1241 1309 1324 1346 ἦρξεν
1339 1310 1435 1346 ἀρχήν.

1327 1454 1500 1482 ΕΠΙΣΤΟΛΗ
1517 1453 1579 1480 AO’.

1362 1509 1403 1542 Τῷ
1414 1508 1541 1543 ἀδελφῷ.

1099 1567 1188 1594 Ἐλκεῖ
1203 1576 1236 1602 με
1255 1567 1330 1602 παρὰ
1352 1567 1381 1593 σὲ
1402 1566 1482 1597 πόθος
1502 1566 1549 1592 καὶ
1562 1565 1652 1601 χρεία.
1669 1564 1846 1599 Πυνθὰνομαι

1056 1614 1145 1641 τοίνυν
1160 1614 1216 1649 (55)
1232 1614 1256 1640 εἰ
1271 1614 1428 1648 περιμενεῖς
1445 1611 1501 1648 [γρ.
1517 1611 1596 1647 εἴπερ
1611 1610 1711 1647 μενεῖς]
1731 1610 1843 1645 ἥξοντα.

1328 1725 1502 1752 ΕΠΙΣΤΟΛΙί
1521 1725 1566 1752 Μ’.

1273 1781 1406 1815 οὐρανίῳ
1434 1781 1490 1816 [γρ.
1502 1779 1631 1815 Χρύσῃ].

1095 1839 1225 1874 Ἐπεμψά
1257 1848 1297 1866 σοι
1328 1839 1412 1874 δῶρον
1444 1838 1527 1865 ἵππον
1556 1838 1778 1873 ἀκροφυέστατον
1803 1839 1846 1870 είς

1057 1886 1165 1913 ἃπασαν
1181 1884 1281 1920 ἀρετὴν
1293 1884 1369 1919 ἵππῳ
1383 1883 1573 1919 προσήκουσαν
1587 1891 1593 1898 ·
1616 1879 1638 1916 ᾧ
1648 1882 1738 1919 χρήσῃ
1751 1883 1802 1918 μὲν
1817 1885 1846 1909 ἐν

1057 1931 1183 1966 ἁμίλλαις
1198 1931 1306 1966 δρόμων
1319 1938 1325 1945 ·
1355 1929 1443 1965 χρήσῃ
1458 1929 1486 1955 δὲ
1499 1929 1561 1955 ὅταν
1576 1929 1622 1955 ἐπὶ
1634 1929 1720 1964 Θήραν
1732 1928 1845 1964 ἑξάγῃςι

1059 1977 1107 2004 καὶ
1123 1978 1151 2003 ὲν
1169 1977 1255 2011 ἀγῶσι
1269 1976 1436 2012 πολεμικοῖς.
1450 1977 1506 2004 Καὶ
1521 1978 1585 2003 ὅταν
1601 1975 1724 2011 κατάγῃς
1742 1975 1791 2000 ἐπὶ
1806 1975 1847 2010 τῷ

1059 2021 1168 2057 Λιϐυκῷ
1181 2022 1305 2058 τροπαίῳ
1320 2022 1431 2057 πομπὴν
1445 2022 1586 2049 ἐπινίκιον.
1603 2022 1639 2048 Οὐ
1651 2022 1705 2058 γὰρ
1719 2019 1779 2048 οἴδα
1792 2023 1808 2049 ὃ
1820 2031 1846 2048 τι

1062 2067 1161 2102 μᾶλλόν
1176 2068 1248 2099 ἐστι,
1266 2067 1430 2102 κυνηγέτης,
1449 2068 1466 2102 ἢ
1481 2067 1563 2102 κέλης
1574 2065 1728 2100 ἐναγώνιος,
1742 2066 1760 2101 ἢ
1776 2075 1847 2101 πομ-

1060 2114 1137 2144 πεὺς,
1154 2113 1171 2148 ἢ
1193 2113 1411 2148 πολεμιστήριος.
1440 2113 1471 2139 Εἰ
1485 2113 1513 2139 δὲ
1531 2113 1667 2139 Νισσαίων
1680 2112 1771 2139 ἵππων
1788 2113 1847 2147 (54)

223 2157 348 2185 idoneus.
373 2156 451 2190 Quod
476 2157 499 2185 si
527 2156 640 2185 Nissaeis
668 2157 748 2192 equis
773 2157 927 2185 deformior
951 2162 1004 2190 est,

1065 2158 1125 2185 [δεῖν
1149 2158 1221 2185 ἐστιν
1240 2158 1420 2193 ἀειδέστερος,
1440 2158 1560 2194 ὀχθώδης
1583 2167 1613 2185 τε
1626 2158 1663 2185 ὣν
1676 2159 1706 2185 τδ
1722 2159 1846 2194 κρανίον,

835 2245 926 2274 DION.
945 2245 1082 2274 PETAVII
1096 2246 1213 2276 NOTAE.

258 2336 315 2374 (51)
332 2337 432 2370 Ὅστις
443 2336 476 2363 ἐκ
491 2336 655 2374 προγᾷνῳν.
676 2335 799 2374 Herodes
813 2337 858 2363 hic
874 2337 1004 2371 patrimo-

223 2372 299 2400 nium
313 2376 455 2407 acceperat
471 2372 577 2399 senatui
593 2372 739 2399 obnoxium
755 2382 762 2398 :
779 2380 895 2406 cumque
910 2377 1005 2406 postea

223 2408 278 2436 dux
294 2408 381 2435 factus
396 2408 423 2434 in
436 2411 561 2434 senatum
578 2407 691 2434 allectus
706 2410 795 2440 esset,
829 2408 882 2434 alio
895 2408 1006 2434 nomine

224 2443 421 2477 appellabatur,
431 2443 585 2477 duplexque
599 2442 633 2469 ab
644 2449 676 2469 eo
690 2443 849 2477 peusitalio,
864 2446 891 2470 et
903 2443 1005 2477 publici

225 2479 330 2506 functio
346 2478 466 2519 muneris
479 2478 654 2519 erigebatur;
669 2478 706 2519 pb
720 2477 755 2519 id‘
764 2477 911 2519 Aureliano
929 2478 1004 2519 ill-um

225 2513 398 2540 commendat
416 2512 558 2548 Syuesius.
575 2512 710 2547 Ἦγεμλόνα
723 2512 828 2547 accipio
844 2514 877 2540 de
892 2513 1006 2541 ducibus

224 2549 263 2575 rei
281 2549 407 2575 militaris
420 2548 447 2583 in
467 2548 598 2583 limitibus
623 2548 802 2583 degentibus,
836 2549 883 2583 qui
899 2553 1005 2583 specta-

225 2583 294 2611 biles
310 2584 407 2610 vocali.
424 2582 528 2610 Notitiu
545 2582 615 2616 Imp.

262 2618 317 2652 (52)
341 2619 455 2651 ’Ὠσπερ
475 2620 501 2645 οὶ
525 2619 690 2645 νεόϐουλοι.
720 2617 785 2644 Inde
799 2618 927 2652 colligere
944 2618 1008 2646 licet

225 2654 305 2680 novis
319 2653 508 2686 senatoribus,
532 2653 583 2680 hoc
602 2657 644 2680 est
660 2653 686 2679 in
705 2653 844 2680 civitatum
861 2654 1006 2681 consilium

225 2688 341 2719 allectis,
354 2689 446 2715 munia
461 2688 584 2722 quaedam
597 2687 705 2723 publica
718 2688 854 2721 obeunda,
867 2692 1006 2723 sumptus-

226 2731 280 2757 que
297 2723 323 2750 in
335 2723 467 2757 rempubl.
484 2722 622 2751 faciendos
636 2722 730 2750 fuisse.
744 2724 834 2755 Quare
848 2722 1006 2758 plerumque

227 2758 354 2792 supplicii
372 2758 432 2785 loco
446 2763 505 2785 erat
519 2759 589 2785 inter
603 2762 743 2786 senatores
757 2759 879 2790 censeri;
894 2764 922 2785 et
931 2759 1004 2786 Con-

227 2794 363 2820 stantinus
384 2793 428 2820 illc
450 2793 583 2820 libertatis
605 2793 799 2821 ecclesiasticae
820 2794 916 2821 vindex
934 2795 1005 2821 inter

226 2833 322 2856 caetera
337 2828 474 2860 beneﬁcia,
490 2830 540 2855 hoc
550 2835 658 2863 quoque
673 2828 699 2854 iu
715 2828 885 2856 Christianos
901 2829 1005 2863 impen-

227 2863 275 2897 dit,
291 2869 320 2892 ut
333 2865 351 2892 ii
366 2863 628 2900 liberarentur-L660:
641 2863 685 2890 διὰ
694 2863 743 2899 τὴν
758 2864 797 2895 εἰς
810 2863 925 2899 Χριστὸν
940 2865 1005 2900 ὁμο-

1058 2337 1151 2382 λογῑὲιν
1162 2338 1405 2382 Ξιατεδριπάσθησαν2
1417 2338 1546 2379 βουλευτη
1552 2339 1620 2382 eiet;
1630 2337 1721 2382 évaptp
1726 2338 1847 2382 μεῖσθαι.

1061 2374 1097 2413 μῂ
1114 2373 1254 2407 βουλευταὶ
1267 2373 1341 2414 lives;
1353 2375 1495 2414 πρότερον,
1507 2374 1544 2414 ait
1559 2374 1668 2401 Sozom.
1685 2374 1733 2401 lib.
1748 2382 1768 2406 ι,
1783 2382 1810 2401 c.
1820 2374 1847 2402 8.

1059 2408 1126 2435 Vide
1141 2415 1201 2442 qum
1216 2408 1249 2435 ad
1266 2409 1409 2443 epistolam
1422 2408 1522 2435 Juliam
1542 2409 1570 2435 II
1587 2414 1761 2441 annotamus.

1096 2443 1199 2479 (55)7Ei
1214 2444 1380 2477 περιμενεῖς
1391 2443 1514 2476 ἥξοντα.
1532 2443 1558 2470 In
1574 2447 1627 2471 vet.
1637 2444 1849 2479 περιμένεις,θι

1058 2486 1113 2513 quo
1128 2478 1260 2506 adductus
1273 2487 1332 2505 smn
1347 2483 1376 2505 nt
1393 2480 1548 2513 περιμενεῖς
1563 2479 1722 2506 scriberem.

1095 2513 1152 2547 (54)
1166 2514 1200 2540 El
1214 2513 1248 2540 δὲ
1256 2514 1410 2540 Navim/(ur
1424 2515 1532 2540 ἵππων.
1544 2513 1623 2541 Nisaei
1639 2515 1700 2548 equi
1714 2522 1746 2540 ex
1759 2513 1847 2540 Media

1060 2549 1117 2576 sive
1131 2549 1258 2575 Armenia
1276 2549 1407 2580 celebres,
1423 2549 1523 2583 quibus
1543 2549 1687 2576 Persarum
1709 2549 1848 2583 principes

1061 2584 1116 2610 usi.
1138 2583 1235 2610 Strabo
1250 2584 1296 2610 lib.
1311 2592 1348 2611 xi.
1367 2583 1504 2611 Hierocles
1521 2585 1546 2611 in
1567 2584 1701 2618 Hippian.
1718 2591 1728 2610 :
1741 2585 1848 2611 Οὐκοῦν

1059 2618 1160 2655 οὐδὲτὸ
1170 2619 1247 2652 γένος
1257 2618 1495 2655 πολυπραγμονεῖν
1507 2619 1637 2652 ἀξιοῦσιν,
1651 2619 1678 2655 εξ
1689 2627 1730 2651 τις
1745 2619 1848 2654 Ἀρκὰς

1060 2654 1255 2690 ῆ-Κυρηναῖος,
1270 2654 1287 2689 ἢ
1302 2654 1356 2680 τῶν
1370 2654 1424 2690 ἀπο
1439 2655 1488 2690 τῆς
1511 2655 1639 2690 ἰὒηρίας,
1665 2654 1681 2689 ἢ
1696 2655 1848 2690 Καππαδο-

1059 2687 1128 2725 ἶιῶνε
1139 2687 1159 2725 ἢ)
1171 2687 1202 2723 νὴ
1219 2688 1267 2725 ᾼία
1281 2687 1314 2722 γε
1331 2687 1472 2722 Θετταλδςζ
1486 2690 1503 2725 ἢ
1519 2687 1704 2725 Μαυρούσιος.
1728 2689 1745 2724 ἦ
1763 2690 1813 2715 καὶ
1835 2690 1849 2716 6

1077 2723 1183 2760 ασιλείές
1197 2723 1251 2751 τῶν
1273 2724 1385 2760 Περσῶν
1407 2723 1639 2759 περισπούδαστος
1661 2725 1675 2750 ὁ
1694 2725 1846 2755 Νυσσαῖος.

1075 2758 1110 2785 ibi
1147 2757 1320 2794 Clrenenses'
1352 2757 1450 2794 equos'
1472 2761 1543 2787 inter
1576 2760 1701 2786 laudatos
1725 2767 1848 2786 comme-

1057 2798 1156 2820 morat.
1167 2793 1273 2822 Vitiosa
1288 2793 1383 2822 autem?
1394 2795 1420 2822 in
1432 2795 1486 2822 illis
1497 2795 1587 2822 verbis
1600 2800 1735 2829 postrema
1753 2793 1822 2821 haec.
1835 2795 1850 2819 ὁ

1058 2828 1184 2866 βασιλεὺς
1212 2829 1267 2855 τῶν
1295 2829 1426 2866 Περσῶν,
1451 2837 1501 2865 pro
1519 2828 1619 2865 quibus
1644 2828 1782 2865 βασιλεῦσι
1811 2830 1850 2856 le-

1054 2864 1172 2900 gcndum
1188 2868 1264 2900 puto.
1311 2888 1313 2890 .
