1955 3063
127 163 195 190 1365

711 165 901 194 EPISTOLIE.
918 182 952 187 -—
971 165 1080 195 EPIST.
1098 166 1191 196 XLIV.

1677 171 1745 200 1306

125 220 173 246 καὶ
187 219 365 255 λειπόσαρκος
386 220 434 254 τὴν
455 221 549 256 ὀσφὺν,
565 221 636 257 τάχα
652 222 701 257 μὲν
720 223 780 250 οὐδὲ
796 224 851 256 τοῖς
867 224 911 250 ἴπ-

973 224 1035 258 μιοᾱ
1056 214 1169 252 tumenti
1189 225 1301 258 eranio,
1321 225 1483 262 modicaque
1499 226 1575 255 circa
1592 227 1640 256 ilia
1660 235 1746 259 carne

126 276 197 298 ποις.
213 266 306 301 ὥσπερ
320 267 379 293 οὐδὲ
391 269 445 299 τοῖς
460 268 623 302 ἀνθρώποις,
635 269 693 304 ἅμα
707 270 795 296 πάντα
804 270 911 297 δίδωσιν

126 313 140 337 ὁ
152 312 226 343 Θεός.
244 312 288 346 Μή
301 320 363 338 ποτε
378 312 405 338 δὲ
416 312 494 339 τοῦτο
510 313 556 339 καὶ
575 313 643 348 πρὸς
655 314 761 345 ὲκείνας
776 314 850 348 αὑτῷ
863 315 912 346 τὰς

127 356 227 392 ἀρετὰς
242 356 372 387 συντελεῖ,
387 358 410 383 ει
430 357 463 384 τὰ
481 357 588 393 μαλακὰ
601 358 656 384 τῶν
671 359 796 395 σκληρῶν
809 359 912 386 ἐλάττω

128 403 203 437 παρὰ
227 403 277 437 τῆς
301 401 408 436 φύσεως
438 403 620 439 ἐκληρώσατο.
648 405 720 440 Πρὸς
738 406 828 441 μέντοι
848 406 913 439 τοὺς

128 449 223 479 πόνους
240 448 320 474 ὀστέα
344 448 452 484 σαρκῶν
470 446 527 475 οῖδα
543 450 731 486 διαρκέστερα.
750 451 782 477 οι
799 451 848 487 μὲν
864 449 912 478 οὖν

128 494 193 528 παρ’
216 493 281 527 ὑμῖν
306 494 383 520 ἵπποι
405 496 464 527 ταῖς
488 495 567 531 σαρξὶ
595 496 706 529 πλείους
732 497 815 530 εἰσὶν,
837 498 862 524 οι
884 497 913 524 δὲ

128 539 211 574 ήμέτε
217 536 276 581 pot,
286 541 342 571 τοῖς
359 540 473 572 ὀστέοις.

391 597 563 624 ΕΠΙΣΤΟΛΗ
582 599 649 626 MA'.

458 645 588 678 'Em’po).

170 689 380 726 Ἐμισθωσάμην
399 699 440 717 σοι
462 691 527 717 ναῦν
549 690 700 726 ἀνθρώπων
720 691 847 725 εὐγενῶν,
867 690 913 718 καὶ

130 736 263 762 πλεόντων
287 735 336 772 τὴν
360 736 493 763 θάλατταν
519 736 587 771 μετὰ
614 736 733 768 πλείονος
759 737 875 772 τέχνης.
895 736 911 772 ἢ

130 782 225 818 τύχης.
251 782 295 814 Ὧς
311 782 342 809 αῐ
355 791 385 816 γε
398 783 565 818 Καρπαθίων
581 783 692 814 ὁλκάδες
712 784 804 818 φήμην
823 782 914 818 ἔχουσι

130 828 232 863 διανοίᾳ
246 828 405 863 κεχρῆσθαι,
421 828 546 863 καθάπερ
565 829 591 855 al
613 829 737 855 Φαιάκων
752 828 806 854 τῶν
820 828 911 861 πάλαι,

132 875 196 909 πρὶν
212 873 258 900 ἐπὶ
272 873 321 909 τὴν
339 873 419 909 νῆσον
433 874 510 908 ἣκειν
526 874 556 900 τὺ
570 874 705 909 δαιμόνιον
723 875 836 910 μήνιμα.

392 930 562 957 ΕΠΙΣΤΟΛΙΙ
581 931 649 957 MB’.

446 975 608 1009 Κληὸονίῳ.

167 1021 304 1056 Συγγενὴς
321 1020 388 1056 ὲμδς
399 1021 553 1048 ἀδικεῖται·
575 1022 607 1048 σὺ
624 1021 651 1047 δὲ
668 1021 715 1047 καὶ
732 1021 807 1055 φίλος
817 1018 853 1054 εἴ,
869 1028 917 1048 και

131 1066 248 1099 δικάζειν
260 1066 363 1102 ἔλαχες.
383 1066 431 1093 Ἐκ
442 1068 507 1102 μιᾶς
520 1064 714 1106 οὖνπροσοχῆς
731 1067 845 1102 ὑπάρξει
859 1076 914 1098 σοι,

132 1113 216 1147 κάμοὶ
238 1112 285 1139 καὶ
304 1113 361 1144 τοῖς
375 1111 467 1148 νόμοις
486 1112 658 1148 χαρίσασθαι.
681 1112 814 1138 Ἐπανίτω
829 1111 917 1138 τοίνυν

138 1157 281 1191 Ἀσφάλιος
294 1158 334 1189 είς
345 1156 375 1184 τὸ
386 1156 517 1192 δεσπότης
527 1155 595 1183 εἶναι
605 1157 659 1183 τῶν
670 1157 809 1192 κεραμίων
823 1158 855 1192 τῇ
869 1156 916 1183 τοῦ

133 1203 233 1237 πατρὸς
249 1202 365 1239 διαθήκῃ
376 1202 536 1239 προσλαϐὼν
562 1203 610 1237 τὴν
625 1203 770 1237 ἀπόφασιν,
792 1203 841 1238 τῆς
854 1212 918 1229 κατ-

132 1246 247 1282 ηγορίας
261 1247 311 1274 οὐκ
324 1247 456 1283 ἐσομένης
479 1247 603 1282 ἐμποδὼν
625 1247 663 1282 τῷ
685 1248 841 1282 παραυτίκα
867 1247 918 1282 τῆς

133 1292 300 1327 ἀκροάσεως.
315 1292 384 1319 Πότε
403 1292 457 1328 γὰρ
472 1292 513 1319 δεῖ
525 1292 708 1323 δικαιοδοτεῖν,
723 1293 739 1328 ἢ
755 1293 800 1319 τὸν
812 1293 916 1328 χρόνον,

133 1339 161 1365 ἒν
175 1336 197 1373 ᾧ
209 1339 324 1374 μάλιστα
339 1339 508 1375 τυγχάνομεν
522 1339 641 1375 δεόμενοι
653 1339 699 1366 τοῦ
713 1339 798 1372 Θειοῦς

400 1418 571 1465 ΕΠΙΣΤόΛΗ
590 1438 655 1465 MP.

432 1483 625 1515 Ἀναστασιῳ.

167 1530 296 1564 Σωσηνᾶν
307 1538 348 1561 τις
359 1529 466 1557 ἔπεισεν
477 1530 493 1565 ἦ
503 1529 578 1563 Θεὸς,
591 1530 607 1565 ἢ
619 1529 707 1564 λόγος,
722 1530 739 1564 ἢ
753 1529 866 1564 δαίμων.
880 1529 920 1555 ὅτι

963 271 1017 300 sit:
1045 279 1102 298 non
1126 272 1218 298 omnia
1247 272 1329 299 simul
1356 273 1435 308 equis
1459 272 1577 302 fortasse
1593 273 1688 309 Deus,
1705 277 1746 304 uti

963 324 1051 350 neque
1069 315 1226 344 hominibus
1239 337 1246 348 ,
1266 317 1401 345 concedit.
1428 317 1497 346 Tum
1519 318 1592 346 haud
1616 319 1676 348 scio
1692 327 1748 348 non

961 361 1035 389 istud
1046 361 1134 397 ipsum
1152 362 1186 389 ad
1199 370 1246 390 eas
1263 370 1333 398 quas
1346 364 1483 396 recensui,
1498 365 1540 392 sin
1554 363 1587 393 ad
1603 365 1748 400 praedictas

962 407 1041 435 dotes
1062 407 1177 436 virtutes
1206 408 1246 436 iili
1276 408 1420 442 conferat,
1450 409 1627 444 quodduris
1656 411 1748 439 mollia

962 453 1067 481 minora
1087 454 1123 481 sit
1145 462 1161 481 a
1180 458 1276 481 natura
1303 455 1429 483 sortitus.
1448 454 1581 491 Equidem
1604 465 1668 485 ossa
1687 465 1748 485 car-

963 498 1044 527 nibus
1059 499 1092 527 ad
1108 500 1214 528 labores
1227 500 1286 528 scio
1299 500 1474 528 durabiliora.
1499 501 1590 535 Quare
1611 506 1747 532 vestrates

963 553 1029 573 sane
1041 546 1102 581 equi
1119 553 1202 576 carne
1214 551 1355 581 superant,
1371 552 1508 575 nostrates
1522 547 1641 577 ossibus.
1735 548 1739 552 ’

1239 602 1408 630 EPISTOLA
1427 603 1496 632 XLI.

1296 648 1400 676 Sodali.
1412 671 1415 675 .

997 692 1098 720 Navem
1116 691 1164 720 tibi
1179 692 1298 720 conduxi
1315 693 1455 720 hominum
1481 693 1626 727 nobilium,
1643 702 1675 722 ac
1692 702 1749 723 ma-

961 737 1015 773 jori
1031 742 1099 771 arte,
1113 746 1194 773 quam
1214 743 1315 766 natura
1339 739 1539 775 navigantium.
1561 739 1630 768 Nam
1646 741 1748 777 Carpa-

964 784 1082 811 thiorum
1097 784 1238 812 onerarias
1251 785 1357 812 ratione
1373 793 1438 812 usas
1449 793 1511 814 esse
1526 785 1628 818 ferunt,
1645 790 1675 813 ut
1687 787 1748 814 illas

965 829 1107 858 Phaeacum
1124 830 1310 865 antiquorum,
1325 830 1486 866 priusquam
1501 831 1535 859 ad
1550 830 1667 859 insulam
1682 832 1747 860 deo-

966 884 1026 904 rum
1046 875 1189 904 iracundia
1207 877 1360 911 perveniret

1223 932 1392 960 EPISTULA
1407 933 1490 962 XLII.

1288 977 1427 1007 Sidonio.

998 1023 1136 1059 Cognatus
1146 1032 1223 1054 meus
1234 1024 1365 1060 injuriam
1377 1026 1496 1060 patitur;
1512 1029 1542 1055 tu
1552 1033 1618 1055 vero
1631 1026 1709 1063 ιει
1720 1030 1749 1054 et

965 1069 1069 1097 amicus
1076 1077 1116 1101 es,
1125 1070 1261 1104 etjudicia
1268 1071 1382 1098 sortitus
1390 1080 1398 1099 :
1406 1071 1593 1100 eademaniml
1601 1072 1750 1101 attentione

964 1115 1032 1143 mihi
1045 1115 1149 1151 pariter
1164 1123 1196 1153 ac
1215 1116 1321 1151 legibus
1338 1117 1486 1151 gratiﬁcari
1499 1118 1624 1153 poteris.
1642 1116 1750 1146 Redeat

965 1161 1059 1196 itaque
1090 1161 1240 1197 Asphalius
1267 1167 1360 1190 noster
1383 1164 1417 1190 ad
1452 1163 1498 1198 jus
1527 1163 1750 1199 mancipiumque

967 1206 1132 1242 ﬁglinorum,
1147 1208 1221 1242 quod
1242 1208 1268 1235 ei
1284 1217 1367 1243 super
1382 1209 1471 1244 patris
1490 1213 1687 1238 testamentum
1704 1215 1749 1237 tua

967 1254 1102 1282 sententia
1116 1255 1278 1287 conﬁrmet;
1301 1262 1352 1282 nec
1371 1255 1504 1290 impediat
1524 1256 1662 1283 accusatio
1684 1262 1752 1290 quo-

968 1301 1059 1328 minus
1079 1300 1104 1329 ei
1135 1300 1230 1332 statim
1257 1301 1426 1329 audientiam
1456 1301 1579 1330 tribuas.~
1597 1301 1658 1335 Quo
1677 1302 1750 1329 enim

969 1347 1060 1381 potius
1075 1351 1197 1382 tempore
1208 1347 1254 1381 jus
1269 1347 1384 1375 reddere
1397 1351 1514 1382 oportet,
1528 1355 1611 1383 quam
1629 1354 1684 1383 quo
1697 1347 1751 1374 Deo

969 1391 1089 1419 maxime
1104 1391 1311 1427 supplicamus?

1222 1436 1392 1464 EPISTOLA
1409 1437 1501 1465 XLIII.

1285 1484 1438 1511 Anastasio.

1006 1527 1116 1556 Sosenat
1131 1529 1268 1564 persuasit
1283 1528 1393 1564 aliquis,
1417 1529 1474 1557 sive
1494 1528 1576 1561 Deus.
1599 1530 1657 1558 sive
1674 1530 1754 1562 ratio,

132 1577 180 1603 καὶ
193 1576 268 1610 παρὰ
283 1575 316 1601 τὰ
331 1575 418 1610 χωρία
428 1584 454 1601 τι
472 1575 576 1610 γίνεται
590 1576 645 1607 τοῖς
660 1574 823 1610 ἀνθρώποις,
839 1575 879 1606 εἰς
892 1575 918 1601 τὲ

973 1574 1029 1601 sive
1046 1575 1153 1610 genius,
1176 1582 1227 1610 pro
1246 1575 1405 1603 conditione
1424 1576 1550 1602 locorum
1575 1575 1679 1611 aliquid
1702 1576 1754 1604 ho—

132 1621 276 1656 τυγχάνειν
296 1629 326 1647 τε
345 1621 391 1647 καὶ
412 1621 609 1656 ἀποτυγχάνειν
633 1621 763 1655 εὐμενοῦς
781 1620 828 1648 τοῦ
841 1620 921 1654 Θεοῦ.

133 1667 264 1702 Πραττων
280 1664 326 1693 οὖν
349 1667 472 1702 πονήρως
486 1668 548 1702 παρ’
562 1668 640 1702 ἡμῖν,
657 1667 703 1693 καὶ
717 1667 771 1693 τῶν
788 1667 922 1701 πατρῴων

134 1711 254 1745 ἀκριϐῶς
278 1712 423 1743 ἐκκοπεὶς,
448 1712 552 1746 ἔγνωκε
567 1713 643 1739 πλεῖν
670 1714 709 1744 είς
723 1713 790 1739 τάπὶ
813 1712 923 1748 Θρᾴκης

134 1757 232 1792 χωρία,
246 1757 304 1783 ἐκεῖ
319 1758 562 1794 διαλλαγησόμενος
584 1760 652 1793 πρδς
666 1760 714 1794 τὴν
728 1760 822 1794 τύχην.
837 1760 867 1786 Εἰ
889 1760 920 1794 δή

136 1811 177 1828 σοι
191 1802 254 1837 φίλα
275 1803 329 1838 (55)
351 1803 419 1838 πρὸς
431 1804 481 1839 τὴν
499 1804 625 1839 δαίμονα,
647 1805 781 1841 σύστησον
796 1806 863 1841 αὐτῇ
879 1805 924 1832 τὸν

135 1849 285 1881 νεανίσκον,
299 1850 346 1876 καὶ
357 1850 490 1885 ὲξευρέτω
504 1852 564 1878 τινὰ
580 1851 662 1887 πόρον
675 1851 749 1887 αὐτῷ
762 1852 922 1888 χρημάτων.

142 1894 245 1929 Ῥᾴδιον
259 1895 286 1921 δὲ
303 1895 462 1932 βουλομένῃ.
479 1897 533 1923 Καὶ
546 1896 600 1933 γὰρ
611 1897 646 1923 τὰ
658 1898 758 1924 Νόννου
773 1897 820 1924 τοῦ
831 1898 924 1934 Σωση-

137 1942 186 1967 νᾶν
215 1941 349 1975 φύσαντος
372 1943 401 1969 οὐ
428 1943 553 1978 χαλεπῶς
570 1944 610 1975 εἰς
633 1944 742 1980 ἑτέρους
766 1945 923 1980 μετέθηκεν.

145 1988 323 2023 Ἀποῳηνάτω
338 1988 370 2023 δὴ
393 1990 440 2015 καὶ
458 1990 588 2024 Σωσηνᾶν
603 1989 771 2025 κληρονόμον
785 1990 924 2026 ἀλλοτρίου

139 2034 250 2069 πατρός.
268 2034 373 2062 Γένοιτο
385 2035 438 2070 γὰρ
453 2034 486 2062 ἂν
499 2035 585 2066 οὕτως
595 2035 625 2068 ἐξ
639 2036 747 2067 ἀδικίας
765 2035 796 2062 τὸ
810 2036 923 2064 δίκαιον.

403 2136 577 2163 ΕΠΙΣΤΟΛΗ
596 2137 660 2164 MA’.

427 2182 550 2218 Ἰωάννῃ
568 2183 634 2219 (56).

974 1620 1039 1647 mini
1053 1624 1207 1655 suppetere,
1217 1628 1273 1656 quo
1287 1620 1409 1649 favorem
1417 1620 1543 1649 Numinis
1559 1627 1606 1649 aut
1619 1622 1754 1657 acquirat.

973 1670 1020 1692 aut
1033 1667 1068 1693 ab
1084 1673 1118 1694 eo
1135 1667 1253 1694 excidat.
1272 1667 1364 1700 Quare
1383 1675 1446 1694 cum
1464 1666 1610 1695 infeliciter
1620 1668 1694 1703 apud
1707 1675 1756 1695 nes

973 1717 1073 1747 ageret,
1092 1712 1312 1748 patrimonioque
1332 1721 1446 1748 prorsus
1459 1714 1589 1742 exclusus
1603 1718 1688 1746 esset,
1702 1719 1757 1742 sta-

973 1759 1025 1785 tuit
1040 1758 1090 1786 sibi
1109 1758 1136 1785 in
1152 1758 1298 1786 Thraciam
1326 1760 1521 1795 navigandum,
1538 1768 1594 1795 quo
1614 1761 1670 1788 illic
1695 1768 1756 1788 cum

975 1803 1083 1830 fortuna
1098 1804 1336 1831 reconciliaretur.
1359 1804 1418 1831 Jam
1435 1805 1457 1832 si
1476 1806 1524 1833 tibi
1549 1813 1612 1833 cum
1629 1805 1679 1833 dea
1703 1806 1756 1832 ulla

975 1849 1153 1876 necessitudo
1172 1853 1225 1881 est,
1239 1849 1368 1884 juvenem
1382 1850 1406 1878 ei
1422 1850 1592 1883 commenda,
1617 1851 1654 1877 uti
1675 1857 1758 1885 pecu-

975 1897 1083 1923 niarum
1094 1896 1327 1923 conﬁciendarum
1345 1897 1477 1924 rationem
1492 1896 1611 1931 aliquam
1628 1896 1757 1923 inveniat.

975 1942 1002 1969 ld
1016 1949 1081 1970 vero
1097 1942 1198 1970 volenti
1218 1942 1270 1969 erit
1284 1941 1374 1969 facile.
1385 1942 1452 1970 Nam
1468 1946 1495 1970 et
1509 1942 1588 1970 facile
1602 1942 1692 1970 Nonni
1709 1941 1758 1970 So-

975 1996 1046 2015 senae
1061 1988 1148 2023 patris
1164 1988 1291 2016 fortunas
1304 1988 1338 2016 ad
1351 1988 1422 2016 alios
1434 1988 1586 2016 transtulit.
1602 1987 1696 2016 Faciat
1710 1989 1759 2024 igi-

975 2038 1020 2061 tur
1033 2037 1061 2062 et
1076 2033 1208 2061 Soscnam
1223 2034 1302 2062 alieni
1315 2034 1404 2070 patris
1413 2034 1557 2061 haeredem.
1576 2033 1615 2061 Ita
1629 2034 1704 2062 enim
1713 2033 1759 2070 jus

975 2088 1007 2108 ex
1028 2080 1129 2115 injuria
1146 2080 1204 2107 fiet.

1231 2133 1399 2162 EPISTOLA
1419 2135 1509 2164 XLIV.

1312 2180 1425 2209 Joanni.

176 2228 281 2265 Ὥσπερ
295 2228 388 2255 ἄλλοτε
404 2228 533 2261 πολλάκις
547 2229 593 2255 ἐπὶ
606 2229 661 2256 τῶν
674 2229 778 2265 καιρῶν
792 2230 918 2266 ὲγενόμηι

1012 2226 1081 2254 Cum
1097 2231 1124 2255 et
1140 2231 1221 2254 antea
1240 2234 1314 2262 saepe
1331 2227 1387 2254 tuis
1408 2234 1453 2254 me
1470 2226 1640 2261 temporibus
1666 2225 1759 2253 utilem

141 2275 183 2301 σοὶ
195 2275 339 2310 χρήσιμος,
352 2275 399 2301 καὶ
411 2275 650 2311 παρεμυθησάμην
659 2276 818 2311 δυσχέρειαν
829 2276 923 2311 τύχης.

140 2320 175 2346 τὰ
192 2320 241 2356 μὲν
256 2320 353 2354 λέγων,
374 2320 408 2347 τὰ
421 2320 449 2347 δὲ
466 2321 560 2352 ποιῶν,
578 2321 616 2352 ὡς
630 2321 758 2349 ἑκάστοτε
773 2323 789 2357 ἠ
812 2323 925 2358 δύναμις

140 2367 321 2402 ὑπηγόρευσε,
349 2368 396 2394 καὶ
420 2366 468 2394 νῦν
494 2367 560 2402 περὶ
585 2367 641 2394 τῶν
664 2367 869 2395 καταλαϐόντων
895 2377 925 2394 σε

142 2413 311 2448 πραγμάτων
332 2413 404 2439 δοκεί
426 2421 469 2448 μοι
494 2414 696 2447 συνεισενέγκαι
718 2413 780 2440 τινὰ
801 2413 924 2449 γνώμην,

141 2459 234 2495 ἐπειδὴ
253 2459 290 2495 μὴ
310 2459 388 2494 ἔργον
411 2459 537 2494 δύναμαι.
565 2459 690 2486 Συῡέσιον
711 2460 765 2494 γὰρ
784 2460 815 2486 οὐ
836 2459 924 2494 θέμις,

141 2505 193 2537 ἕως
218 2507 316 2541 ἐμπνεῖ
330 2515 360 2532 τε
383 2506 430 2533 καὶ
457 2506 586 2538 δύναται,
605 2506 642 2541 μὴ
658 2505 718 2541 οὔχὶ
734 2506 816 2532 παντὶ
834 2506 926 2542 τρόπῳ

143 2551 281 2587 πρόθυμον
295 2549 365 2578 εἶναι
379 2552 442 2584 τοὺς
453 2551 544 2586 φίλους
559 2551 659 2586 ἀγαθόν
668 2560 695 2578 τι
707 2552 804 2578 ποιεῖν.
825 2550 923 2578 ’Δκουε

977 2272 1028 2300 tibi
1042 2272 1157 2307 praebui,
1172 2279 1205 2299 ac
1220 2271 1338 2300 fortunat
1351 2272 1549 2304 difﬁcultatem,
1561 2280 1616 2307 qua
1632 2271 1758 2302 dicendo.

978 2326 1031 2353 qua
1046 2318 1213 2346 elaborando
1229 2318 1345 2346 subinde
1362 2326 1411 2353 pro
1432 2325 1492 2345 mea
1506 2317 1579 2345 virili
1595 2322 1674 2353 parte
1693 2317 1757 2344 sub-

978 2366 1082 2394 levavi:
1098 2370 1155 2393 tum
1171 2366 1198 2393 in
1210 2366 1355 2401 praesentia
1371 2365 1404 2392 de
1417 2365 1450 2392 iis
1465 2372 1527 2400 quae
1540 2364 1589 2391 tibi
1600 2367 1760 2394 evenerunt,

979 2413 1073 2440 videor
1091 2412 1254 2441 sententiam
1269 2419 1357 2440 meam
1371 2419 1403 2439 ac
1419 2411 1552 2446 judicium
1570 2413 1702 2445 praestare
1718 2409 1761 2436 de-

979 2459 1052 2492 bere,
1066 2459 1195 2493 quoniam
1211 2466 1281 2493 opus
1298 2458 1387 2493 ipsum
1398 2463 1514 2491 nequeo.
1530 2455 1674 2491 Synesium
1686 2454 1759 2482 enim

979 2512 1148 2540 nequaquam
1165 2504 1206 2532 fas
1220 2508 1272 2537 est,
1293 2503 1413 2540 quandiu
1430 2503 1527 2537 spirat.
1545 2507 1571 2529 et
1585 2505 1684 2536 potest,
1701 2508 1757 2527 non

978 2551 1052 2577 omni
1077 2551 1183 2578 ratione
1202 2553 1329 2586 paratum
1352 2557 1424 2582 esse,
1439 2556 1494 2584 quo
1518 2548 1552 2576 de
1571 2547 1665 2576 amicis
1691 2546 1759 2574 bene

757 2627 848 2656 DlON.
864 2627 1001 2655 PETAVll
1013 2626 1130 2655 NOTAE.

180 2708 237 2743 (55)
253 2709 285 2734 F.‘l
299 2707 332 2733 δέ
347 2716 394 2734 σοι
408 2708 491 2742 φίλα.
515 2706 665 2743 Cornarius
681 2706 756 2743 φιλία
775 2705 876 2743 legisse
888 2705 927 2731 vi—

144 2741 234 2772 detur.
251 2742 308 2775 Ego
326 2743 391 2768 nihil
409 2741 498 2770 'muto.
524 2742 590 2768 Φίλα
612 2746 638 2768 et
654 2741 749 2776 φιλικὰ
771 2741 927 2775 promiscue

142 2779 238 2815 eodem
257 2777 410 2815 significatu
430 2784 631 2815 nonnunquam
641 2777 728 2811 accipi
744 2776 843 2803 solent.
883 2810 888 2815 _

179 2814 235 2850 (56)
246 2812 523 2850 Elegantissimabmc
536 2812 650 2847 epistola
663 2816 714 2850 est,
725 2816 806 2845 atque
815 2812 927 2850 omnino

144 2845 309 2884 παράδοξοςῖ
326 2847 447 2884 Joannes
459 2848 520 2877 iste.
538 2845 618 2884 quem
635 2846 759 2874 eumdem
777 2853 838 2872 esse
852 2845 927 2871 arbi-

143 2883 202 2912 tror
222 2885 254 2912 de
268 2891 323 2920 quo
338 2883 417 2919 epist.
434 2883 462 2916 2,
480 2883 618 2918 parricidii
645 2885 788 2916 suspectus
800 2885 868 2913 erat,
884 2888 928 2907 oc-

979 2706 1037 2732 ciso
1052 2711 1099 2741 per
1113 2703 1229 2741 insidias
1246 2703 1469 2741 [Emilio__fratre.
1490 2701 1559 2730 Huic
1585 2708 1652 2735 ergo
1667 2701 1763 2741 suadet

980 2745 1008 2766 ut
1024 2740 1126 2767 crimen
1143 2743 1190 2776 aut
1210 2740 1275 2776 luat.
1292 2744 1335 2776 ant
1346 2739 1544 2776 ‘diluattseque
1556 2743 1618 2776 cum
1635 2739 1762 2776 universa

980 2776 1092 2802 cohorte
1107 2775 1236 2802 tribunali
1259 2782 1291 2800 ac.
1305 2773 1410 2809 judicio
1430 2773 1520 2804 sistat.
1537 2772 1665 2809 ultroque
1679 2772 1761 2798 etiam

980 2810 1047 2840 sibi,
1064 2810 1087 2837 si
1099 2809 1226 2838 conscius
1252 2806 1312 2842 est,
1335 2815 1442 2844 poenam
1468 2815 1501 2836 ac
1529 2806 1695 2842 supplicium
1719 2812 1763 2832 ar-

980 2848 1081 2873 cessat.
