1955 3063
201 99 269 127 1567

732 99 862 129 SYNESII
887 101 1116 132 PTOLEMAIDIS
1139 105 1291 134 EPISCOPI

1756 111 1832 140 £368

201 162 351 186 mereatur.
367 158 441 186 Audi
456 159 539 195 igitur
553 167 616 195 qua
632 165 705 188 recte
720 163 791 196 apud
808 168 833 191 te
845 163 990 198 disputan-

1042 168 1128 195 τοίνυν
1141 168 1159 195 ἀ
1173 177 1219 204 μοι
1231 169 1320 202 καλῶς
1335 169 1390 205 ἔχει
1405 169 1576 206 διαλεχθῆναι
1589 171 1657 206 πρὸς
1671 171 1713 200 σέ.
1728 172 1760 199 Et
1776 173 1832 207 μὲν

200 205 236 232 da
248 205 314 232 mihi
330 205 469 233 videntur.
484 205 512 232 Si
531 207 583 233 dea
600 210 643 234 est
663 207 745 239 fama,
762 209 800 235 uti
827 209 939 244 quidam
956 218 989 238 ex

201 251 305 279 nostris
321 251 410 286 poetis
425 252 535 284 asserit,
551 255 581 279 tu
604 253 714 281 beatum
731 253 880 290 Emylium
898 256 991 284 inter-

202 295 301 329 fecisti,
315 304 370 324 non
384 301 413 324 ut
434 297 523 333 relpsa
540 299 731 333 parricidium.
750 301 798 328 sed
822 305 852 327 ut
871 302 989 330 consilio

201 343 375 376 patraveris;
388 350 420 370 ac
432 343 580 371 barbarum
591 345 702 380 quidem
718 350 809 374 actum
824 347 989 380 institueris,

200 387 333 415 sicarium
353 395 419 415 vero
442 388 605 417 subornaris
629 398 662 418 ex
690 391 747 419 tuis
771 392 990 427 manipularibus

201 434 281 469 longe
309 433 543 464 crudelissimum.
560 435 624 464 Haec
648 437 722 465 enim
750 437 822 465 fama
843 442 988 467 testatur:

201 479 314 507 mentiri
326 487 391 508 vero
415 481 502 515 ipsam
529 481 608 510 nefas
633 487 688 516 est,
716 488 812 519 utpote
835 485 925 513 deam.
941 484 991 512 Sin

201 528 255 555 est.
287 528 318 552 ut
339 525 410 552 nihil
438 525 514 554 dicat
533 525 693 561 Hesiodus,
720 536 753 556 ac
778 529 863 556 multa
889 534 991 558 temere

203 569 393 605 proferuntur,
406 575 434 599 et
445 572 498 600 hoc
513 572 548 600 de
561 576 588 600 te
598 581 682 601 unum
700 574 780 609 182
795 578 838 602 est
850 583 866 603 e
878 576 989 604 multis:

203 615 277 651 quod
288 616 394 644 utinam
406 617 443 645 ita
455 625 518 646 sese
532 618 647 646 habeat!
661 619 776 648 minoris
789 621 861 648 enim
870 622 992 656 pecunia:

200 661 337 696 jacturam
359 670 442 699 quam
459 663 540 691 amici
551 664 632 692 facio.
654 665 739 701 Igitur
763 666 787 694 si
803 666 887 702 huius
909 668 990 695 inno-

203 715 269 736 cens
284 708 411 737 criminis
435 709 505 738 male
526 709 708 739 nihilominus
731 712 826 746 audis,
851 713 944 741 infelix
961 717 991 741 tu

203 754 311 789 quidem
321 762 373 788 es;
389 755 501 787 minime
515 759 606 784 tamen
622 757 762 797 iniustus;
785 762 868 793 atque
886 759 992 787 utinam

203 808 240 827 ne
255 800 348 828 infelix
372 801 484 838 quidem
511 804 608 832 esses!
625 804 662 831 At
680 804 709 831 in
734 804 781 832 illo
804 805 990 840 iustissimum

1039 213 1098 246 θεός
1112 215 1186 241 ἐστιν
1195 216 1213 250 ἡ
1223 215 1300 251 φήμη
1316 215 1372 251 (57)
1383 216 1454 242 κατά
1463 225 1523 243 τινα
1536 217 1591 244 τῶν
1597 218 1662 253 παρ’
1671 219 1737 253 ήμϊν
1746 227 1831 254 ποιη-

1037 259 1104 292 τῶν,
1116 260 1148 287 σὺ
1159 260 1293 297 διεχρήσω
1299 261 1345 288 τὺν
1353 262 1508 298 μακαρίτην
1515 262 1655 297 Αίμύλιον,
1665 264 1695 290 οὗ
1707 263 1830 300 πράξας,

1039 305 1107 332 ἀλλὰ
1135 305 1283 340 βουλεύσας
1305 307 1352 334 τδν
1373 307 1472 342 φόνον·
1501 309 1549 335 καὶ
1578 308 1744 345 βαρϐαρικὸν
1775 300 1831 345 μέν

1038 352 1130 387 δρᾶμα
1145 352 1262 385 συνθεὶς,
1278 352 1324 379 τὸν
1338 353 1442 387 σφαγέα
1452 353 1482 380 δὲ
1500 354 1595 386 καθεὶς
1610 355 1642 382 ἐκ
1655 356 1710 382 τῶν
1725 355 1830 383 σαυτοῦ

1039 395 1152 431 λοχιτῶν
1161 396 1207 423 τὸν
1217 397 1366 432 ὠμότατον.
1382 398 1463 431 Λέγει
1479 397 1529 432 μὲν
1538 398 1592 434 γὰρ
1604 399 1621 434 ἡ
1635 399 1711 435 φήμη
1722 400 1828 427 ταῦτα’

1039 441 1183 476 ψεύδεσθαι
1195 442 1224 469 δὲ
1243 442 1384 478 οὖθέμις,
1404 441 1488 470 οὖσαν
1510 442 1581 470 θεόν.
1604 444 1636 470 Et
1657 444 1686 470 δὲ
1704 445 1829 477 Ἠσίοδος

1041 484 1092 519 μὲν
1104 485 1179 512 οὐδὲν
1194 485 1277 520 λέγει.
1294 486 1380 513 πολλὰ
1393 487 1421 513 δὲ
1436 486 1543 521 λέγεται
1559 487 1659 523 μάτην,
1682 489 1729 515 καὶ
1746 489 1830 516 τοῦτο

1040 537 1105 566 πρι
1122 530 1169 557 σοῦ
1183 531 1237 558 τῶν
1253 531 1357 558 πολλῶν
1373 533 1446 559 ὲστιν
1467 533 1513 559 ἓν·
1531 533 1569 565 ὡς
1580 533 1667 568 ἔγωγε
1681 535 1829 570 βουλοίμην

1039 575 1090 602 ἄν·
1108 576 1171 611 περὶ
1188 576 1327 609 ἐλάττονος
1349 577 1404 614 γὰρ
1427 578 1557 614 ποιοῦμαι
1577 579 1627 615 τὴν
1650 580 1679 606 ὲν
1701 581 1829 616 ἀργυρίῳ

1041 619 1152 656 ζημίαν,
1168 621 1184 657 ἢ
1199 621 1247 657 τὴν
1260 623 1290 649 ὲν
1303 623 1382 658 φίλῳ.
1397 624 1453 650 Καὶ
1471 623 1518 651 νῦν
1537 624 1570 652 ἂν
1584 625 1634 660 οὺχ
1648 626 1772 658 ὑπαίτιος
1787 626 1832 652 ὢν

1040 666 1142 702 ἀκούῃς
1158 667 1265 701 κακῶς,
1284 668 1393 703 ἀτυχεῖς
1410 669 1460 705 μὲν
1475 669 1544 705 ἄρα,
1559 670 1617 698 ἀλλ’
1635 671 1685 698 οὐκ
1705 672 1828 703 ἀδικεῖς·

1041 711 1079 743 ὡς
1101 711 1203 746 ὤφελες
1221 713 1287 747 μηδὲ
1301 714 1420 749 ἀτυχεῖν.
1445 714 1514 741 Ἀλλ’
1534 715 1646 747 ἐκείνως
1661 717 1710 751 μὲν
1725 717 1757 744 ἀν
1783 725 1829 744 σοι

1042 757 1120 792 μῖσος
1135 757 1264 792 ὠφείλετο
1277 758 1380 786 δίκαιον
1390 766 1397 774 ⁸
1417 759 1488 787 οὕτω
1499 760 1528 787 δὲ
1543 761 1591 788 καὶ
1604 760 1688 793 ἔλεος,
1715 761 1788 796 Ἐγὼ
1798 762 1831 789 δέ

1043 811 1088 837 μοι
1099 803 1169 830 δοκῶ
1181 803 1241 830 λίαν
1256 804 1309 831 ὑπὸ
1323 805 1467 840 συνηθείας
1477 806 1615 842 ἁλώσιμος
1628 806 1677 839 ὢν,
1692 808 1830 840 κάκείνως

203 847 349 875 mercreris
359 847 464 879 odium,
476 849 504 876 in
517 848 569 876 hoc
579 857 645 878 vero
658 838 885 879 misericordiam.
898 851 991 885 Quan-

1042 849 1075 877 ἂν
1087 849 1136 885 τὴν
1150 850 1199 885 μὲν
1209 851 1308 886 πρᾶξιν
1321 838 1410 887 μισείν
1423 861 1429 868 ·
1452 853 1482 879 σὲ
1494 852 1523 879 δὲ
1533 838 1608 888 ὅμως
1622 838 1718 880 ἐλεεῖν.
1730 853 1785 880 Τοῦ
1799 838 1830 881 δέ

203 900 286 928 quam
301 900 351 929 ego
368 894 405 920 ita
428 894 495 922 mihi
519 895 723 924 necessitudine
747 904 780 925 ac
807 897 991 927 familiaritate

204 938 265 974 capi
284 946 365 973 posse
377 938 483 971 videor,
501 945 530 967 ut
544 940 588 968 vel
602 941 649 968 illo
663 941 776 977 quidem
791 943 873 970 modo
887 943 990 972 factum

204 984 299 1019 utique
315 985 367 1011 sim
382 984 580 1019 detestaturus,
599 986 640 1014 tui
655 994 720 1015 vero
738 987 918 1018 nihilominus
939 989 992 1017 mi-

204 1035 342 1058 serturus.
357 1030 505 1059 Estautcm
521 1031 583 1066 ejus
595 1033 642 1068 qui
659 1033 832 1066 misereatur,
841 1042 920 1069 opem
937 1034 992 1062 fer-

204 1084 245 1110 re,
260 1076 349 1112 quoad
367 1081 468 1112 potest,
479 1081 562 1113 atque
577 1078 605 1106 id
624 1079 790 1114 excogitare,
814 1088 933 1116 quanam
948 1089 993 1108 ra-

205 1122 281 1150 tione
290 1121 422 1157 prodesse
436 1130 517 1158 posse
527 1123 687 1151 arbitretur.
694 1124 877 1157 Quamobrem
892 1129 993 1153 utram-

205 1176 260 1204 que
282 1168 310 1196 in
340 1173 445 1204 partem
473 1170 560 1198 tibiid
578 1178 622 1198 me
640 1178 690 1205 par
707 1175 750 1199 est
781 1171 891 1199 consilii
914 1172 991 1204 dare,

205 1214 278 1250 quod
293 1215 426 1250 optimum
439 1213 544 1249 judico.
556 1215 591 1242 Δι
608 1215 679 1243 idem
698 1216 811 1244 omnino
826 1217 884 1244 sive
900 1216 993 1244 crimi-

205 1260 250 1288 nis
264 1261 388 1294 conscio,
408 1261 467 1289 sive
478 1261 618 1289 innocenti
633 1261 789 1290 conducere
804 1262 922 1290 videtur.
936 1262 992 1289 Ita-

205 1313 261 1341 que
273 1306 317 1333 fac
334 1307 442 1342 legibus
459 1310 488 1334 te
509 1307 655 1342 subjicias,
676 1307 818 1343 iudicique
837 1308 993 1336 committas

207 1360 261 1379 una
278 1359 341 1379 cum
356 1352 574 1388 manipularibus
590 1353 732 1385 omnibus,
752 1353 775 1380 si
790 1359 817 1380 et
832 1353 929 1381 borum
945 1361 994 1381 cu—

206 1406 265 1426 ram
280 1399 354 1434 geris
366 1399 497 1434 aliquam.
510 1398 592 1431 Quod
604 1398 628 1427 si
640 1399 820 1427 commissum
843 1400 892 1427 abs
909 1403 936 1427 te
951 1399 994 1427 fa-

207 1444 288 1472 cinus
299 1448 353 1476 est,
362 1451 422 1477 ora,
439 1444 575 1480 supplies,
588 1444 732 1476 contende.
748 1445 853 1472 nullum
870 1452 994 1480 procum-

207 1490 289 1518 bendi
306 1490 387 1518 tinem
401 1490 498 1524 facito,
510 1489 709 1525 donecjudicis
733 1491 871 1517 sententia
894 1491 990 1518 tortori

209 1536 325 1564 traditus
339 1535 435 1569 fueris,
447 1543 598 1571 poenasque
611 1535 786 1571 persolveris.
798 1535 993 1564 Percom'mode

210 1584 261 1610 hoc
273 1582 322 1610 tibi
332 1582 404 1617 apud
417 1582 567 1610 inferorum
577 1581 677 1617 judicia
685 1582 811 1614 cesserit.
821 1582 908 1610 amice
917 1581 995 1610 Joan-

209 1636 269 1662 nes,
282 1629 305 1657 si
320 1629 399 1664 prius
410 1629 537 1664 expiatus
547 1629 710 1657 decesseris.
726 1627 781 1656 Nec
796 1632 827 1655 tu
842 1628 912 1655 nihil
926 1636 995 1663 pra:-

210 1680 251 1702 ter
262 1675 345 1703 verba
363 1675 434 1702 hanc
446 1683 508 1703 esse
523 1675 744 1703 adhortationem
765 1674 890 1707 duxeris,
906 1683 995 1710 neque

210 1728 253 1749 me
271 1720 320 1748 tibi
335 1720 450 1749 illudere
463 1721 614 1756 putaveris.
639 1720 678 1748 lta
705 1728 748 1748 me
776 1728 856 1749 sacra
873 1721 995 1756 philoso-

210 1767 272 1802 phia
284 1766 371 1802 juvet,
388 1766 521 1802 liberique
534 1767 646 1802 insuper
661 1767 725 1798 mei,
748 1770 788 1799 ut,
807 1767 860 1795 nisi
882 1771 911 1793 tu
929 1767 994 1794 mihi

210 1813 395 1840 amicissimus
407 1811 492 1844 fores,
507 1812 576 1840 nihil
590 1812 725 1847 ejusmodi
739 1819 873 1840 suasurus
887 1812 994 1845 fuerim,

209 1859 283 1894 quod
299 1859 418 1886 inimicis
433 1860 502 1886 meis
526 1858 677 1893 deprecor:
703 1861 787 1893 atque
809 1858 913 1886 utinam
928 1867 996 1886 nun-

209 1913 291 1940 quam
307 1905 381 1933 istud
396 1905 450 1932 illis
464 1905 492 1932 in
507 1905 628 1932 animum
642 1904 752 1938 veniat,
770 1904 868 1931 melius
884 1911 946 1932 esse
958 1905 994 1936 ei,

209 1952 256 1987 qui
273 1951 400 1987 injuriam
415 1951 700 1983 fecerit,voluntarias
714 1957 809 1986 pinnas
824 1950 992 1985 dependere;

210 1997 257 2024 sed
287 1997 314 2024 in
343 1997 378 2024 iis
409 2004 471 2032 qua:
499 1997 603 2032 injuste
628 2000 805 2033 perpetrant,
835 2001 994 2032 perpetuam

210 2043 357 2078 quamdam
377 2043 534 2071 felicitatem
551 2043 678 2077 habeant,
694 2047 725 2070 ut
747 2047 775 2071 et
793 2043 907 2078 longiori
924 2048 994 2070 tem-

210 2096 276 2125 pore
290 2089 492 2122 sceleratisint,
507 2093 536 2117 et
549 2090 679 2118 omnibus
699 2089 756 2117 illic
779 2090 921 2125 suppliciis
942 2090 993 2117 ob-

210 2135 296 2163 noxii.
310 2135 373 2162 Tibi
402 2143 468 2163 vero
495 2136 531 2163 ob
546 2135 714 2171 singularem
742 2135 888 2163 amicitiam
905 2136 992 2163 ausim

1040 894 1179 927 ὲλεοῦντός
1194 896 1268 929 ἐστι,
1290 896 1398 932 βοηθεῖν
1420 897 1470 932 ὅση
1498 896 1626 932 δύναμις,
1649 899 1697 925 καὶ
1723 898 1831 935 ἐξευρί-

1041 948 1125 974 σκειν,
1145 940 1207 967 ὅθεν
1221 940 1256 968 ἂν
1270 941 1359 977 οῐηται
1371 942 1467 977 ὀνῆσαί
1480 951 1517 970 τι.
1533 943 1638 970 οὐκοῦν
1657 944 1720 971 καθ’
1732 944 1830 972 ἑκάτε-

1042 986 1089 1021 ρόν
1107 994 1153 1021 μοι
1172 987 1306 1022 προσήκει
1329 987 1531 1023 συμϐουλεῦσαί
1558 997 1599 1016 σοι
1615 989 1645 1015 τὸ
1666 990 1831 1024 φαινόμενον

1042 1029 1188 1064 βέλτιστον.
1207 1031 1299 1057 Ἔοικε
1318 1031 1347 1058 δὲ
1360 1032 1459 1060 ταύτὸν
1472 1031 1539 1059 εἶναι
1554 1033 1691 1069 συμφέρον
1704 1034 1783 1069 αίτίῳ
1799 1043 1831 1060 τε

1040 1076 1108 1108 δντι,
1124 1077 1170 1104 καὶ
1182 1077 1363 1113 ἀναιτίῳ.”18ι
1377 1077 1454 1114 παρά
1465 1080 1528 1111 τοὺς
1541 1079 1651 1114 νόμους,
1669 1080 1715 1106 καὶ
1730 1080 1833 1107 σαυτὸν

1041 1121 1132 1154 ἐπίδος
1148 1122 1187 1158 τῷ
1202 1122 1316 1158 δικαστῇ
1338 1123 1408 1158 μετά
1429 1123 1534 1159 ἀθρόων
1549 1124 1604 1151 τῶν
1621 1125 1744 1160 λοχιτῶν,
1758 1125 1786 1151 εἴ
1802 1133 1833 1152 τι

1042 1166 1110 1202 κήδῃ
1131 1167 1275 1194 κάκείνων.
1297 1168 1352 1194 Καὶ
1366 1169 1391 1194 εἰ
1406 1168 1455 1203 μὲν
1473 1169 1597 1204 ἐπράχθη
1611 1169 1641 1196 τὸ
1652 1169 1748 1201 δεινὸν,
1764 1170 1831 1205 δεή-

1042 1212 1115 1248 θητι,
1132 1212 1335 1244 καθικέτευσον.
1346 1213 1532 1250 ἀντιδόλησον,
1551 1215 1587 1250 μὴ
1603 1215 1670 1250 ἀνῇς
1682 1215 1831 1251 προκαλιν-

1041 1258 1181 1293 δούμενος,
1204 1259 1268 1294 πρὶν
1285 1259 1319 1286 ἂν
1336 1259 1472 1295 διαπράξῃ
1487 1260 1516 1286 τὸ
1531 1259 1594 1296 [γρ.
1610 1260 1668 1297 τῷ]
1687 1262 1764 1297 παρὰ
1777 1263 1830 1297 τῆς

1041 1304 1132 1340 ψήφου
1161 1306 1291 1340 συστῆναι
1314 1305 1412 1341 δημίῳ,
1437 1307 1484 1333 καὶ
1496 1306 1587 1333 δοῦναι
1608 1307 1659 1342 τὴν
1677 1307 1765 1342 δίκην.
1784 1308 1832 1334 Ἐν

1042 1350 1118 1386 καλῴ
1131 1359 1172 1377 σοι
1192 1351 1312 1379 κείσεται
1328 1352 1404 1388 παρὰ
1419 1354 1475 1385 τοῖς
1490 1353 1566 1380 κάτω
1585 1354 1780 1390 δικαστηρίοις,
1798 1355 1832 1382 τὸ

1043 1396 1287 1432 προκαθηράμενον
1296 1397 1432 1430 ἀπελθεῖν,
1445 1399 1537 1435 ἑταῖρε
1553 1399 1674 1434 Ἰωάννη.
1693 1400 1739 1435 Μὴ
1750 1400 1832 1434 λόγον

1042 1442 1130 1474 ἄλλως
1145 1443 1239 1479 οίηθῇς
1258 1443 1307 1479 τὴν
1331 1444 1504 1480 παραίνεσιν,
1516 1445 1583 1481 μηδὲ
1598 1445 1777 1482 προσπαίζειν
1795 1455 1831 1482 με

1043 1489 1156 1526 νομίσῃς
1172 1489 1272 1524 σαυτῷ.
1286 1489 1364 1517 Οὕτω
1376 1491 1425 1526 τῆς
1440 1491 1516 1526 ἱερᾶς
1530 1491 1689 1526 φιλοσοφίας
1702 1492 1830 1527 ὀναίμην,

1044 1535 1092 1561 καὶ
1109 1536 1222 1570 προσέτι
1234 1535 1289 1561 τῶν
1311 1535 1426 1563 παιδίων
1443 1536 1497 1563 τῶν
1512 1536 1642 1571 ἐμαυτοῦ,
1667 1537 1705 1568 ὡς
1722 1537 1773 1564 οὐκ
1797 1538 1832 1564 ἂν

1046 1578 1084 1615 μὴ
1096 1579 1215 1615 φιλτάτῳ
1229 1588 1270 1606 σοι
1281 1580 1439 1616 τυγχάνοντι
1452 1581 1649 1609 συνεϐούλευσά
1659 1590 1687 1608 τι
1698 1582 1830 1614 τοιοῦτον,

1044 1626 1059 1652 ὅ
1069 1633 1100 1660 γε
1111 1625 1266 1661 ἀπεύχομαι
1284 1627 1341 1658 τοῖς
1352 1626 1458 1663 ἐχθροῖς
1471 1628 1527 1659 τοίς
1539 1628 1632 1662 ἐμοῖς·
1647 1629 1695 1654 καὶ
1711 1629 1748 1663 μή
1765 1637 1832 1655 ποτε

1044 1672 1134 1699 αὐτῶν
1149 1672 1197 1699 ἐπὶ
1212 1672 1274 1699 νοῦν
1290 1672 1406 1708 ἀναϐαίη
1418 1693 1426 1706 ,
1446 1673 1478 1700 τὸ
1494 1673 1602 1701 κάλλιον
1625 1672 1693 1701 εἶναι
1710 1675 1755 1701 τὸν
1772 1675 1831 1701 ἀδι-

1045 1717 1144 1745 κοῦντα
1169 1717 1261 1745 δοῦναι
1286 1718 1421 1753 τιμωρίαν
1448 1719 1621 1754 αὐθαίρετον.
1653 1720 1733 1747 Ἀλλά
1764 1721 1832 1756 μηδὲ

1045 1763 1193 1790 παύσαιντο
1213 1764 1389 1800 εὐτυχοῦντες
1409 1765 1438 1790 ἐν
1453 1762 1495 1796 οἷς
1510 1764 1659 1797 ἀδικοῦσιν,
1686 1765 1731 1793 ἶνα
1745 1766 1834 1793 πλείω

1044 1818 1075 1836 τε
1089 1809 1184 1846 χρόνον
1199 1807 1254 1837 εἷεν
1267 1810 1358 1843 κακοὶ,
1373 1811 1421 1837 καὶ
1436 1810 1526 1840 πάσας
1541 1812 1599 1838 ἐκεῖ
1612 1811 1661 1844 τὰς
1675 1811 1751 1843 δίκας
1761 1812 1834 1846 ὀφεί-

1045 1855 1126 1883 λοιεν.
1147 1856 1219 1892 Πρὸς
1240 1857 1271 1883 σὲ
1285 1857 1313 1884 δὲ
1331 1857 1375 1884 διὰ
1393 1857 1485 1891 φιλίαν
1509 1856 1656 1884 κινδυνεύω
1671 1867 1698 1884 τι
1712 1858 1759 1885 καὶ
1777 1858 1833 1884 τῶν

1044 1900 1207 1936 ἀπορρήτων
1228 1902 1331 1928 εἰπεῖν·
1356 1901 1393 1933 ὡς
1410 1901 1535 1937 ἀνόμοιόν
1551 1902 1610 1928 ἐστι
1626 1902 1656 1929 ὲν
1671 1904 1754 1937 παχεί
1777 1902 1832 1928 σώο

1046 1955 1126 1982 ματι,
1141 1947 1188 1974 καὶ
1203 1947 1231 1973 ἐν
1247 1947 1349 1982 εἰδώλῳ
1362 1947 1454 1974 δοῦναι
1473 1947 1522 1982 τὴν
1536 1947 1624 1983 δίκην.
1645 1948 1833 1983 ἰσχυρθτερον

1046 1993 1096 2028 μὲν
1112 1992 1168 2028 γὰρ
1183 1992 1327 2028 ἀνθρώπου
1341 1992 1421 2025 Θεός⁸
1435 1993 1482 2019 τοῦ
1497 1992 1525 2020 δὲ
1539 1993 1611 2020 Θείου
1623 1995 1724 2025 παντὸς
1737 1993 1830 2020 διακό-

1045 2038 1202 2075 σμουίσκιά
1211 2039 1241 2065 τὸ
1252 2038 1432 2074 ἀνθρώπινον.
1442 2039 1513 2065 Ἀλλ’
1520 2039 1589 2074 ὅπερ
1597 2039 1664 2066 εἰσὶν
1674 2041 1703 2065 ὲν
1715 2041 1775 2071 ταῖς
1787 2048 1832 2066 πο-

1044 2084 1157 2116 λιτεῖαις
1174 2085 1198 2111 οι
1216 2084 1325 2119 δήμιοι,
1339 2085 1430 2120 χεῖρες
1449 2084 1503 2111 τῶν
1518 2084 1619 2120 νόμων,
1638 2085 1687 2120 τὴν
1701 2085 1787 2119 αὐτὴν
1803 2086 1833 2112 αι

1045 2131 1134 2157 rmvet
1147 2130 1240 2167 χρείαν
1249 2132 1283 2166 τῇ
1295 2129 1374 2166 φύσει
1386 2129 1432 2157 τοῦ
1447 2130 1550 2165 κόσμου
1571 2130 1745 2166 παρέχονται.
1771 2131 1833 2157 Δαί-

209 2187 311 2207 arcana
327 2179 451 2215 quaedam
465 2179 617 2214 patefacere
630 2188 638 2207 :
652 2187 708 2207 non
725 2180 797 2207 idem
811 2180 918 2208 scilicet
930 2187 992 2207 esse

1045 2176 1123 2211 μονές
1129 2177 1182 2203 είσι
1189 2176 1378 2212 καθαρτήριοι,
1386 2177 1484 2212 τέχνην
1490 2176 1593 2211 ἔχοντες
1600 2176 1646 2202 ἐπὶ
1652 2178 1710 2207 ταῖς
1720 2174 1831 2211 ψυχαῖς,

209 2227 239 2254 in
253 2233 348 2254 crasso
370 2232 498 2261 corpore,
528 2229 611 2261 atque
640 2225 669 2252 in
688 2225 838 2253 simulacro
867 2226 995 2261 idoloque

211 2279 307 2308 pennas
328 2272 412 2299 luere.
429 2271 548 2299 Homine
563 2271 664 2306 quippe
686 2271 786 2299 fortior
802 2271 874 2300 Deus
887 2277 946 2304 est;
963 2279 997 2299 ac

210 2318 310 2346 divinae
323 2319 413 2347 omnis
429 2317 681 2346 administrationis
710 2318 784 2345 velut
813 2318 911 2345 umbra
932 2322 997 2345 sunt

1045 2223 1078 2258 ἢν
1086 2223 1110 2249 ot
1117 2222 1229 2257 κναφεῖς
1236 2223 1282 2249 ἐπὶ
1289 2224 1345 2254 τοῖς
1358 2223 1475 2258 ίματίοις
1487 2221 1542 2259 (58)
1550 2223 1607 2255 τοῖς
1620 2223 1753 2257 πιναροίς.
1762 2221 1832 2248 Ἀλλ’

1046 2269 1072 2295 ετ
1085 2277 1127 2300 τις
1144 2268 1260 2304 ἱματίοις
1276 2268 1401 2304 αἴσθησις
1416 2266 1461 2304 ἦν,
1478 2270 1505 2296 τί
1521 2269 1555 2296 ἂν
1571 2269 1616 2306 οἵῃ
1635 2269 1749 2305 πάσχειν
1761 2267 1833 2295 αὐτὰ

1046 2314 1242 2350 λακτιζόμενα,
1272 2315 1320 2342 καὶ
1348 2315 1525 2351 νιτρούμενα,
1551 2316 1598 2342 καὶ
1619 2315 1710 2343 πάντα
1731 2315 1831 2351 τρόπον

822 2393 912 2422 DION.
928 2393 1065 2422 PETAVII
1084 2393 1199 2422 NOTAE.

249 2477 305 2512 (57)
317 2477 352 2503 El
363 2476 423 2511 μὲν
434 2476 501 2510 θεός
514 2475 600 2503 ἐστιν
610 2475 630 2510 ἠ
644 2475 738 2510 φήμη.
767 2475 878 2504 Hesiod.
891 2483 898 2501 :

213 2533 297 2566 Φήμη
309 2532 335 2558 δ’
345 2533 427 2565 οὔτις
436 2532 561 2567 πάμπαν
570 2532 748 2562 ἀπόλλυται.
762 2531 868 2566 ἥντινα
884 2532 993 2559 πολλοὶ

214 2567 286 2595 Λαοί
300 2566 553 2601 φημιζουσιέθεός
568 2567 606 2594 νύ
621 2576 666 2593 τοι
677 2567 743 2594 ἐστὶ
759 2566 809 2593 καί
823 2567 910 2600 αὕτη.

248 2612 305 2647 (58)
319 2613 372 2639 Ἢν
385 2614 412 2639 οι
425 2612 548 2647 κναφεῖς
556 2611 605 2638 ἐπὶ
616 2612 678 2645 τοῖς
693 2612 828 2647 ἱματίοις.
852 2612 996 2647 Sumptum

214 2647 239 2674 id
255 2655 270 2674 e
282 2647 374 2674 fabula
388 2647 510 2675 Platonis
523 2655 538 2674 x
553 2647 592 2674 De
604 2656 672 2681 rep.,
686 2648 731 2674 ubi
743 2648 814 2674 inter
832 2648 883 2674 alia
900 2647 996 2682 ἄνδρες

212 2681 320 2716 ἄγριοι,
345 2683 391 2708 καὶ
413 2682 540 2716 διάπυροι
555 2681 618 2708 ίδεῐν
633 2687 727 2710 sontes
745 2682 850 2710 animas
872 2681 993 2714 trahunt,

212 2717 256 2742 ἀπ’
271 2716 437 2752 ἀσπαλάθων
457 2716 653 2752 κνάμπτοντες.
664 2717 734 2744 Idem
746 2718 826 2744 habet
840 2722 867 2744 et
882 2718 908 2744 in
926 2716 994 2744 Gor—

212 2752 268 2785 gia,
286 2751 368 2787 cujus
388 2752 685 2787 verbardescribuntur
710 2752 746 2780 ab
760 2751 878 2780 Eusebio
903 2760 940 2779 xu
959 2752 997 2779 De

213 2786 459 2827 prtem-Gregorius
473 2786 612 2849 Nassenus
623 2786 728 2814 Catech.
752 2792 821 2813 orat.
846 2795 869 2813 c.
888 2786 920 2817 8,
940 2795 994 2828 non

216 2823 261 2850 tus
285 2821 431 2850 dissmtha
451 2821 486 2858 [ιι
510 2821 663 2858 jquaedam
685 2821 771 2850 alfert.
797 2821 837 2851 Ac
863 2821 997 2858 Synestus

234 2829 261 2850 IS
285 2829 431 2850 (ιιεειιιιιιιει
451 2829 522 2858 μιυ]
539 2829 663 2859 quanam
685 2829 771 2850 Ille“.
797 2829 837 2851 AC
863 2829 978 2858 bynestu

1046 2475 1157 2510 quidem
1179 2475 1214 2502 de
1238 2478 1342 2502 aeterno
1359 2475 1551 2502 damnatorum
1564 2475 1699 2510 supplicio
1713 2479 1787 2503 recte
1802 2481 1828 2503 et

1046 2519 1079 2538 ex
1094 2511 1250 2538 Christiana
1265 2510 1358 2544 regula
1373 2511 1456 2537 sentit
1470 2519 1531 2537 cum
1545 2511 1595 2541 ait,
1626 2511 1682 2536 ἀλλ’
1695 2511 1828 2543 ἀθάνατος

1046 2543 1114 2572 οὖσα
1127 2545 1193 2572 τίνει
1207 2545 1284 2580 δίκην
1295 2543 1437 2577 ἀθάνατον,
1450 2553 1504 2572 non
1518 2549 1546 2572 ut
1557 2545 1699 2579 Origenes.
1715 2546 1828 2581 ejusque

1047 2584 1197 2607 sectatores
1215 2580 1318 2615 opinati
1334 2584 1416 2610 sunt,
1443 2585 1498 2606 tam
1516 2581 1661 2607 damnatos
1676 2588 1759 2615 quam
1774 2580 1828 2607 dac-

1047 2623 1143 2642 mones
1159 2619 1222 2649 post
1239 2617 1347 2649 longam
1373 2616 1560 2650 purgationem
1586 2615 1620 2641 ad
1639 2615 1724 2641 vitam
1740 2623 1773 2642 ac
1784 2623 1828 2642 sa-

1047 2650 1132 2677 lutem
1152 2657 1215 2677 esse
1237 2655 1379 2677 venturos.
1413 2650 1485 2677 Sane
1508 2650 1625 2677 obscura
1651 2650 1775 2684 quaedam
1798 2658 1828 2677 ac

1046 2685 1137 2712 minus
1159 2686 1302 2712 commoda
1321 2692 1405 2719 super
1425 2685 1475 2712 hac
1501 2693 1530 2712 re
1555 2685 1665 2713 disserit
1680 2685 1828 2719 Gregorius

1044 2719 1184 2755 Nysseuus
1201 2720 1278 2747 Orat.
1290 2721 1390 2746 cates/1.
1404 2728 1464 2755 cap.
1484 2719 1536 2752 26,
1563 2727 1626 2755 pag.
1647 2719 1699 2747 5f6
1721 2720 1827 2755 ets”.

1047 2755 1092 2781 ubi
1109 2754 1211 2783 Christi
1235 2754 1450 2782 incarnationem
1471 2763 1526 2782 non
1546 2754 1634 2782 solum
1658 2754 1827 2784 hominibus,

1044 2790 1091 2816 sed
1115 2790 1197 2816 eliam
1214 2790 1408 2824 deceptoribus
1429 2797 1524 2817 eorum
1543 2789 1715 2816 demonibus
1733 2790 1828 2815 utilem

1042 2824 1131 2854 fuisse
1145 2824 1293 2861 signiﬁcat,
1303 2826 1335 2852 οὺ
1350 2825 1430 2861 μόνον
1442 2825 1487 2852 τὸν
1502 2824 1659 2852 ἀπολωλότα
1672 2824 1716 2852 διὰ
1726 2824 1830 2852 τούτων
