1955 3063
126 141 139 168 Ι
144 140 196 168 369

713 141 903 170 EPISTOLA‘Z.
920 156 955 161 —
970 139 1079 168 EPIST.
1094 138 1185 167 XLIV.

1678 137 1748 164 1370

124 196 313 232 κναπτὸμενα;
339 197 388 225 Διὰ
407 197 497 225 πόσων
519 198 542 225 δ’
556 197 590 226 ἂν
603 198 702 226 ὀδυνῶν
725 199 910 226 ὲκπεπλῦσθαι

964 197 1088 223 humana:
1096 195 1190 223 res.Et
1204 203 1285 230 quem
1298 195 1325 222 in
1339 193 1539 230 rebuspnblicis
1554 200 1633 221 usum
1648 192 1749 220 habent

124 242 237 278 κηλῖδας
252 243 368 278 ἀρχαίας
381 243 429 270 καὶ¹
443 244 646 280 προστετηκότα
659 245 837 280 ὀμόργματας
860 244 912 271 Ἐὦ

125 288 180 323 γὰρ
193 288 283 322 λέγειν
303 289 344 316 ὅτι
364 290 472 322 πολλοῖς
486 290 501 316 6
516 289 602 325 ῥύπος
617 290 703 322 οὕτως
716 291 797 326 ἐνέφυ
812 291 913 325 σφόδρα

124 334 171 361 διὰ
186 335 234 361 τοῦ
250 335 359 370 βάθους,
372 335 412 368 ὡς
423 335 628 368 άναπάλλακτος
652 334 732 368 εἶναι,
750 338 797 364 καὶ
816 336 912 370 φθάνει

124 379 319 416 διαφθαρέντα,
343 381 408 416 πρὶν
423 382 463 413 είς
477 381 527 417 τὴν
541 381 622 417 φύσιν
639 381 805 414 ἐπανελθεῖν,
822 381 863 408 ὅτι
882 380 913 408 τὺ

126 425 212 457 πάθος
227 426 318 458 αὐτοῖς
341 427 437 461 γέγονε
453 426 550 462 φύσις,
566 427 582 463 ἢ
597 427 640 454 διὰ
652 427 747 463 χρόνου
763 427 878 463 πλῆθος,
894 427 911 463 ἢ

125 471 170 498 διὰ
187 471 311 507 μέγεθος.
331 471 409 499 Οὕτω
428 472 458 499 δὲ
478 472 578 510 ἐχούσῃ
592 473 664 508 ψυχῇ
684 472 775 505 καλῶς
791 472 824 500 ἂν
841 470 913 508 εἶχεν

124 515 196 544 εἶναι
219 517 337 554 φθαρτῇ.
362 518 419 546 Νῦν
443 519 472 546 δὲ
497 519 533 546 τὰ
553 520 602 555 μὲν
625 520 813 556 ἁμαρτήματα
835 519 913 554 λόγον

126 563 184 599 ἔχει
200 563 268 599 πρὸς
287 564 337 596 τὰς
351 564 536 597 άνεκπλύτους
550 566 677 601 κηλῖδας”
691 567 708 601 ἡ
730 565 804 601 ψυχὴ
820 565 849 593 δὲ
863 566 913 593 οὐκ

124 608 165 634 ἐτι
180 608 247 643 πρὸς
262 608 400 644 θοιμάτιον
417 610 505 636 ἐκεῖνο
513 610 544 636 τὸ
556 610 670 646 πιναρόν
685 619 714 637 τε
726 611 773 638 καὶ
788 611 838 638 οὒκ
851 611 914 638 άντ-

124 653 198 688 ἐχον,
227 653 285 680 ἀλλ’
310 654 442 687 ἀθάνατος
462 653 546 687 οὖσα,
576 655 643 682 τίνει
663 655 741 691 δίκην
762 656 912 688 ἀθάνατον,

124 699 189 726 ὅταν
217 699 327 737 ἁμάρτῃ
341 700 487 728 δευσοποιὰ
513 709 544 728 τε
570 702 618 729 καὶ
641 702 821 730 άναπόνιπτα.
843 702 913 729 Ἀλλ’

124 746 155 772 ἑν
168 741 192 779 ᾧ
203 745 257 782 γάρ
272 754 315 778 τις
324 746 432 782 ἥμαρτε
445 746 496 783 βίῳ
508 747 586 780 δίκας
601 747 698 780 διδοὺς,
708 747 740 775 οὐ
753 747 811 784 [71),
825 747 913 786 οὖπω]

127 791 200 818 πάνυ
220 791 406 827 προστετηκδς
420 791 487 828 ἔχει,
508 792 556 819 καὶ
574 792 744 828 πμσιζῆσαν
761 793 792 820 τὺ
809 793 912 828 πάθος,

123 836 183 864 ἀλλ’
197 836 235 869 ὡς
247 836 281 864 ἄν
293 837 364 864 struat
376 845 429 869 τις,
445 837 598 873 ἀρτισαφὴς
611 835 678 865 οὖσα
690 838 762 874 ψυχὴ
771 858 779 870 ,
799 838 914 873 τάχιστα

126 882 272 910 πλύνεται·
297 883 339 910 διὸ
354 883 444 910 δοτέον
465 884 538 910 iactv
554 883 592 916 ὡς
614 883 654 911 ἔνι
680 884 725 911 διὰ
746 885 846 920 τάχους
864 884 913 921 τὴν

125 928 214 964 δίκην,
234 929 281 956 καὶ
301 930 433 966 τιμωροῖς
455 929 627 966 ἀνθρώποις,
648 931 717 958 ἀλλὰ
734 930 771 966 μὴ
793 930 911 965 δαίμοσι.

126 973 243 1008 Λέγεται
256 973 284 1001 δέ
296 982 338 1006 τις
349 973 436 1009 λόγος,
453 975 482 1007 δς
500 984 534 1011 με
546 975 646 1008 πείθει,
658 976 720 1008 τοὺς
732 975 914 1011 ἠδικημένους

124 1019 236 1056 κυρίους
247 1019 327 1052 εἶναι,
343 1021 516 1058 μακροτέρας
531 1030 562 1049 τι
583 1023 683 1054 ποιεῖν,
695 1023 743 1050 καὶ
756 1022 913 1058 ὲπιτέμνειν

124 1065 174 1097 τὰς
196 1065 340 1101 τιμωρίας.
361 1066 407 1093 Διδ
425 1067 614 1103 παραπλήσιόν
629 1068 704 1095 ἔστιν
719 1067 767 1094 ἕνα
781 1067 866 1094 κακόν
879 1076 911 1101 τι

127 1110 162 1146 μέ
168 1119 200 1145 γα
210 1111 387 1146 ἐργάσασθαι,
404 1113 451 1139 καὶ
462 1113 576 1145 πολλοὺς
586 1113 656 1141 κατὰ
669 1113 765 1150 μικρὸν
776 1114 911 1149 ἀδικῆσαι.

131 1156 266 1189 Ἐπέξεισι
289 1158 344 1193 γὰρ
369 1157 483 1191 ἕκαστος
503 1160 532 1191 ὲν
548 1159 587 1194 τῷ
604 1159 692 1196 μέρει,
709 1160 757 1187 καὶ
777 1159 817 1186 δεῖ
830 1160 913 1186 πᾶσιν

125 1203 297 1239 ὑπηρετῆσαι
309 1203 357 1239 τὴν
369 1203 456 1240 δίκην.
473 1205 557 1232 Ὅταν
573 1205 601 1232 δέ
616 1214 657 1238 τις
675 1207 783 1241 ίάσιμος
797 1206 825 1243 ᾖ,
841 1206 912 1241 μέγα

127 1249 203 1284 παρὰ
218 1248 256 1284 τῷ
268 1249 382 1285 δικαστῇ
394 1249 504 1276 δύναται
521 1250 551 1277 τὸ
564 1251 682 1278 τοσαῦτα
696 1252 913 1287 προπεπονθέναι

124 1294 174 1330 τὴν
183 1294 281 1330 ψυχὴν,
296 1295 335 1326 ὡς
347 1295 398 1330 ἥδη
410 1295 474 1322 παρ’
485 1296 574 1323 αὐτῶν
586 1296 642 1324 τῶν
654 1297 825 1332 ἠδικημένων
839 1297 913 1325 ἔλεον

125 1341 262 1377 εὑρέσθαι.
280 1341 348 1367 Πότε
358 1342 448 1368 τοίνυν
459 1342 532 1374 εἰκός
545 1343 603 1369 ἐστι
614 1343 663 1378 τῆς
675 1344 851 1380 μακαρίτιδος
866 1345 913 1371 Λί-

127 1386 221 1422 μυλίου
237 1384 326 1423 ψυχῆς
347 1389 624 1425 συγγνωμονεστέρας
638 1391 745 1426 τυχεῐν;
777 1391 848 1425 Ἐγὼ
864 1391 912 1426 μὲν

124 1431 171 1460 οὖν
189 1431 284 1469 οἶμαι⁹
313 1434 413 1468 μᾶλλον
425 1435 454 1461 δὲ
466 1433 525 1461 οῖδα
538 1435 642 1470 σαφῶς,
663 1435 701 1468 ὡς
723 1436 797 1468 ἅπας
821 1437 913 1472 ίκέτης

124 1479 273 1514 αίδέσιμος,
291 1479 366 1512 ὅστις
389 1479 484 1507 ἑαυτὸν
508 1480 703 1516 τετιμώρηται.
730 1482 784 1508 Καί
800 1491 842 1514 τις
861 1483 912 1518 ήδη

126 1525 194 1577 nep:
214 1525 344 1577 ﬁptvnel;
369 1525 518 1577 ἀπολογίαν
543 1527 742 1562 ἁμαρτήματος
763 1528 911 1560 καταστὰς.
926 1547 948 1577 c

125 1570 198 1606 αὐτῷ
211 1570 249 1606 τῷ
266 1570 366 1606 φθάσαι
389 1571 439 1606 τὴν
460 1572 551 1599 αίτίαν
570 1572 748 1608 ὁμολογῆσαι,
764 1573 812 1600 καὶ
829 1573 913 1610 φῆσαι

126 1617 263 1649 κολάσεως
288 1617 363 1650 άξιος
382 1616 462 1651 εἶναι,
489 1618 539 1654 τὴν
556 1618 667 1645 κόλασιν
690 1618 854 1654 ἐξωνήσατο.
877 1619 915 1646 T6

125 1662 154 1689 δὲ
167 1661 370 1698 ὲνευωχηθῆναι
383 1664 439 1694 τοῖς
452 1662 486 1689 δι’
500 1662 518 1689 ἃ
531 1671 571 1694 τις
585 1663 725 1698 ἠδίκησεν,
738 1663 793 1690 εἴτε
806 1665 915 1699 χρήμα-

127 1716 179 1738 σιν.
203 1707 258 1735 εῐτε
285 1707 409 1743 σώμασι,
435 1708 657 1744 βαρυθυμότερον
679 1709 726 1736 τὸν
751 1709 915 1745 ἠδικημένον

126 1754 279 1790 καθίστησι.
305 1750 361 1780 Καὶ
381 1754 422 1786 τίς
434 1753 468 1781 ἂν
481 1754 571 1788 γένοιο
583 1754 630 1781 τοῦ
646 1755 770 1790 σώματος
789 1754 914 1788 ἐξελθὼν,

125 1800 173 1836 sit)“
191 1800 243 1826 ὺπὺ
263 1799 351 1835 βιαίας
367 1799 444 1834 δίκης
459 1819 467 1832 ,
484 1800 538 1826 εἴτε
553 1799 646 1836 ἕτερον
663 1800 774 1835 τρόπον,
797 1800 916 1827 κᾶπειτα

125 1845 209 1880 αὐτὴν
233 1845 283 1880 τὴν
305 1845 366 1880 [ηο.
398 1845 482 1881 μόνην
507 1845 573 1881 τὴν]
596 1845 683 1881 ψυχὴν
703 1846 772 1882 αὐτῇ
793 1847 826 1882 τῇ
843 1845 915 1882 ψυχῇ

126 1891 307 1926 θεασάμενος,
328 1891 378 1917 οὐκ
390 1889 473 1925 οῠσης
487 1890 627 1926 ἀρνεῖσθαι
643 1900 684 1918 σοι
701 1890 824 1926 γλώττης
846 1891 915 1926 (59),

125 1936 182 1962 ἀλλ’
195 1935 432 1971 ἑγκεκολαμμένον
449 1935 518 1971 ἔχων
530 1936 698 1972 τούπίσημον
723 1937 754 1964 τὸ
770 1936 820 1972 τῆς
845 1937 916 1973 πρά-

129 1982 198 2015 ξεως
211 1990 218 2014 ;
238 1982 288 2008 οὐκ
304 1981 464 2016 ίλιγγιάσεις
474 1991 481 2016 ;
492 1983 542 2009 οὐκ
560 1983 726 2018 άπορήσεις;
740 1982 805 2019 ἓλξῃ
821 1983 915 2018 σιγῶν,

126 2029 174 2055 καὶ
198 2028 314 2065 ὲκκείσῃ
340 2030 372 2064 τῇ
395 2028 470 2065 δίκῃ,
489 2029 536 2055 καὶ
550 2029 593 2061 σὺ,
611 2029 699 2063 κάγὼ,
715 2030 763 2056 καὶ
777 2030 830 2061 πᾶς
843 2029 873 2056 ὃν
885 2029 917 2056 οὐ

126 2073 305 2110 προκαθαίρει
313 2075 442 2110 μετάνοια
447 2074 479 2110 δη
483 2075 665 2110 μοσιευθεῖσα.
675 2075 743 2102 Ἀλλ’
749 2075 915 2111 ἀνδριστέον,

125 2114 148 2144 ὦ
160 2119 266 2152 γενναῖε
276 2139 285 2151 ,
300 2120 423 2153 γενναῖος
436 2119 492 2155 γὰρ
513 2119 589 2156 εἴης.
607 2121 654 2147 καὶ
673 2120 727 2147 τῶν
748 2121 798 2155 μὲν
815 2121 917 2156 ἡδονῶν

129 2164 307 2200 ὑπεροπτέον,
328 2164 361 2196 ἃς
373 2165 528 2198 ἀδικοῦντες
539 2166 725 2202 ἐπορισάμεθα
733 2175 740 2182 ·
755 2167 818 2199 τοὺς
830 2167 858 2194 δὲ
870 2168 917 2194 άν-

961 242 1117 275 carniliees,
1133 246 1162 269 ιιι
1178 242 1265 276 legum
1289 241 1370 269 veluti
1394 249 1492 268 manus
1511 242 1577 271 sint,
1599 239 1669 266 idem
1687 239 1749 265 tini-

962 296 1048 316 versae
1061 293 1169 315 natura:
1182 287 1300 314 oﬂicium
1317 291 1447 322 pratstant
1461 286 1583 314 vindices
1597 286 1673 312 dirae.
1691 284 1749 311 Dte-

962 342 1060 362 mones
1075 334 1186 369 quidam
1201 334 1345 369 expiandis
1364 333 1515 361 sceleribus
1527 338 1659 367 praesunt,
1672 339 1748 358 eam-

962 380 1024 408 dem
1041 380 1067 407 in
1083 380 1183 407 animis
1199 380 1339 407 hominum
1357 385 1442 407 artem
1470 383 1639 410 escrcenles,
1665 385 1748 413 quam

962 424 990 452 in
1003 424 1121 452 sordidis
1131 424 1251 452 vestibus
1263 423 1381 452 fullones
1393 425 1548 451 instituunt.
1557 423 1634 456 Quod
1650 423 1671 450 si
1684 422 1747 457 quis

962 471 1085 498 vestibus
1114 478 1213 498 sensus
1229 471 1340 502 inesset,
1361 470 1427 505 quid
1446 477 1493 498 eas
1503 469 1611 497 demum
1627 469 1748 497 facturas

963 515 1116 548 arbitraris,
1130 523 1193 542 cum
1206 519 1233 543 et
1243 515 1366 543 calcibus
1378 514 1553 550 subiguntur.
1564 518 1591 542 et
1604 515 1676 541 nitro
1692 522 1751 549 per-

963 561 1110 594 fricantur,
1127 565 1155 589 et
1176 562 1251 589 omni
1280 562 1386 589 ratione
1412 560 1614 596 depectuntur?
1637 561 1750 595 quantis

962 615 1029 636 vero
1043 615 1105 635 cum
1119 607 1291 636 cruciatibus
1301 611 1409 635 veteres
1430 607 1527 634 sordes
1539 610 1567 634 et
1588 606 1686 634 insitas
1702 614 1750 641 pe-

962 653 1039 680 nitus
1054 653 1176 680 maculas
1185 653 1289 680 elutum
1303 652 1356 679 iri?
1371 651 1451 687 183
1465 651 1591 678 Nondum
1609 652 1660 678 hoc
1675 651 1748 683 dico,

963 699 1102 734 plerisque
1125 698 1226 727 sordes
1249 698 1313 726 illas
1327 702 1392 726 tam
1418 699 1527 733 penitus
1551 698 1748 731 adhaerescere,

963 744 1071 772 dilIicile
1084 749 1115 771 ut
1129 744 1193 772 exui
1209 745 1330 780 possint,
1346 751 1379 772 ac
1400 744 1478 779 prius
1493 749 1623 780 corrupte
1646 743 1751 771 lacera-

964 794 1052 826 taeque
1066 790 1203 822 dimuant.
1216 797 1299 826 quam
1308 791 1341 818 ad
1362 790 1486 818 nativum
1506 794 1607 818 statum
1624 789 1750 817 revocari

964 837 1113 872 potuerint.
1144 836 1292 872 Propterea
1323 837 1396 872 quod
1432 837 1528 864 vitium
1559 836 1587 864 in
1621 840 1749 863 naturam

965 883 1076 914 transit,
1090 883 1149 911 sive
1163 883 1190 910 id
1221 882 1356 918 temporis
1383 883 1580 919 longinquitas,
1608 883 1668 910 sive
1691 881 1750 909 vitii

962 929 1123 964 magnitudo
1143 928 1248 956 fecerit.
1267 928 1324 956 Hoc
1345 937 1410 956 vero
1435 929 1516 956 modo
1533 928 1636 956 aﬂ'eclae
1653 927 1751 954 animae

961 975 1148 1010 corruptionis
1162 975 1257 1010 capaci
1277 983 1339 1003 esse
1354 975 1533 1003 conduceret.
1558 974 1618 1002 Jam
1640 982 1704 1002 vero
1721 978 1750 1001 ut

961 1024 1074 1056 peccata
1087 1021 1203 1050 maculis
1219 1022 1365 1056 ejusmodi,
1381 1030 1442 1057 qua:
1452 1021 1509 1049 elui
1529 1024 1675 1056 nequeant,
1687 1028 1750 1056 pro-

961 1067 1089 1102 portione
1103 1067 1290 1103 respondeant
1306 1077 1313 1096 :
1339 1069 1431 1095 anima
1452 1071 1543 1095 tamen
1559 1067 1688 1095 obsoleta:
1710 1066 1750 1094 illi

960 1113 1041 1146 vesti,
1054 1120 1105 1140 nec
1119 1113 1249 1141 Iotionem
1262 1113 1421 1146 sustinenti,
1434 1121 1490 1141 non
1518 1113 1633 1149 perinde
1650 1113 1751 1142 similis

960 1162 1024 1192 est;
1045 1159 1094 1186 sed
1111 1166 1173 1186 cum
1201 1160 1364 1187 immortalis
1396 1159 1443 1192 sil,
1460 1167 1556 1195 poenas
1583 1159 1751 1186 immortales

964 1204 1026 1237 luit,
1045 1204 1154 1239 quoties
1168 1204 1290 1232 haerente
1308 1205 1418 1241 penitus
1436 1209 1463 1233 et
1477 1205 1599 1232 illutibili
1621 1212 1694 1232 noxa
1706 1212 1750 1231 se-

962 1254 1018 1278 met
1032 1250 1188 1284 obstringit.
1201 1250 1237 1277 At
1247 1250 1321 1278 enim
1343 1251 1365 1278 si
1389 1250 1417 1278 in
1440 1258 1494 1285 qua
1517 1250 1581 1285 quis
1604 1250 1751 1285 deliquerit

961 1296 1028 1328 vita,
1043 1295 1072 1323 in
1085 1303 1117 1323 ea
1133 1296 1274 1330 puniatur,
1289 1303 1345 1323 non
1358 1296 1440 1332 plane
1451 1296 1562 1324 insitum
1577 1300 1604 1324 et
1619 1296 1748 1323 inclitum

962 1343 1037 1370 hunc
1052 1342 1179 1370 allectum
1199 1342 1289 1377 gerit;
1304 1342 1352 1370 sed
1377 1349 1475 1370 recens
1506 1341 1634 1375 infectus,
1651 1345 1681 1369 ut
1712 1342 1752 1369 ita

961 1388 1064 1420 dicam,
1074 1388 1193 1420 animus,
1207 1388 1264 1415 cito
1278 1387 1410 1415 abluitur.
1423 1387 1484 1415 Ideo
1493 1388 1648 1421 celerrime,
1660 1387 1753 1422 quoad

962 1441 1121 1469 possumus,
1140 1441 1221 1469 p(ena
1247 1433 1391 1461 subeunda
1408 1437 1461 1467 est,
1490 1434 1532 1462 sic
1555 1438 1585 1461 ut
1614 1433 1754 1466 homines,

962 1487 1018 1507 non
1045 1479 1184 1507 damones
1209 1479 1356 1508 carniﬁces
1394 1480 1580 1515 experiamur.
1615 1479 1754 1507 Praeterea

963 1525 1146 1561 quorumdam
1175 1533 1304 1554 sermone
1334 1526 1504 1554 celebratum
1527 1531 1580 1558 est.
1615 1526 1756 1561 facileque

964 1570 1142 1605 persuadeor.
1159 1578 1209 1598 eos
1226 1571 1273 1606 qui
1289 1570 1419 1606 injuriam
1435 1572 1593 1606 acceperint
1608 1578 1755 1607 pinnarum

964 1615 1083 1642 arbitros
1099 1622 1172 1645 esse,
1185 1618 1212 1642 et
1226 1622 1273 1642 eas
1284 1615 1326 1642 vel
1342 1615 1536 1650 productiores
1550 1616 1593 1642 vel
1610 1616 1753 1643 breviores

965 1660 1066 1688 facere.
1085 1661 1189 1688 Idcirco
1200 1661 1313 1695 perinde
1326 1665 1369 1689 est
1383 1662 1428 1689 nni
1446 1662 1544 1697 ingens
1566 1662 1677 1697 aliquod
1693 1671 1756 1690 ma-

965 1706 1020 1732 lum
1033 1705 1144 1736 inferre,
1155 1714 1187 1733 ac
1198 1706 1324 1741 pluribus
1334 1707 1497 1735 mediocrem
1511 1707 1639 1743 injuriam
1650 1707 1750 1735 facere.

966 1751 1113 1780 Ulciscitur
1127 1752 1200 1780 enim
1213 1752 1328 1780 invicem
1343 1754 1535 1789 unusquisque
1548 1763 1555 1781 :
1573 1757 1600 1782 et
1614 1755 1755 1782 universis

964 1799 992 1826 in
1009 1806 1104 1833 poenas
1118 1799 1226 1834 erogari
1248 1807 1361 1828 necesse
1377 1804 1432 1828 est.
1446 1799 1549 1828 Verum
1566 1801 1677 1835 quando
1699 1800 1752 1827 ali—

965 1845 1028 1879 quis
1049 1844 1183 1879 ejusmodi
1210 1849 1252 1874 est
1268 1850 1296 1872 ut
1311 1846 1404 1874 sanari
1424 1847 1521 1882 possit,
1536 1847 1652 1874 multum
1677 1846 1750 1881 apud

963 1890 1083 1925 judicem
1115 1892 1195 1923 valet,
1213 1895 1288 1918 tanta
1309 1892 1366 1926 jam
1384 1892 1507 1919 animum
1535 1896 1614 1920 antea
1637 1899 1750 1926 perpes-

966 1943 1027 1964 sum
1049 1944 1121 1968 esse.
1141 1941 1171 1964 ut
1191 1937 1232 1964 vel
1257 1936 1330 1972 apud
1347 1936 1460 1965 aﬁ'eclos
1479 1937 1579 1972 injuria
1594 1937 1753 1964 misericor-

965 1981 1039 2009 diam
1063 1982 1196 2010 obtineat.
1229 1982 1410 2016 Quandonam
1439 1983 1522 2019 igitur
1542 1983 1689 2011 verisimile
1708 1987 1751 2010 est

966 2030 1061 2057 beatos
1071 2029 1183 2066 Emylii
1196 2037 1290 2057 manes
1305 2030 1469 2066 placatiores
1481 2029 1606 2058 futuros!
1619 2029 1752 2065 Equidem

967 2076 1007 2104 sic
1023 2076 1160 2108 existimo,
1174 2076 1217 2103 vel
1228 2081 1306 2103 certo
1322 2076 1415 2111 potius
1429 2076 1495 2104 mihi
1512 2075 1674 2112 persuadeo,
1686 2083 1751 2111 snp-

967 2121 1030 2158 plici
1055 2121 1130 2149 omni
1155 2122 1334 2149 reverentiam
1360 2122 1466 2155 haberi,
1493 2122 1541 2158 qui
1571 2123 1599 2150 in
1628 2122 1750 2157 seipsum

967 2166 1202 2194 animadverterit.
1222 2165 1254 2193 Et
1269 2166 1340 2201 apud
1352 2174 1404 2195 nos
1414 2166 1553 2194 interdum
1567 2166 1614 2202 qui
1630 2165 1664 2193 ad
1684 2173 1750 2201 pur-

128 2208 252 2244 θρώπους
265 2209 315 2236 οὐκ
333 2210 508 2245 αίσχυντέον,
523 2210 591 2238 ἀλλὰ
608 2211 648 2246 τῷ
662 2212 775 2247 δικαστῇ
791 2212 840 2247 μὲν
853 2213 913 2248 δμο-

970 2212 1088 2248 κοιιιιιιω
1100 2212 1203 2240 crimen
1220 2212 1433 2247 producebatur,
1447 2213 1500 2241 hoc
1520 2212 1581 2248 ipso
1597 2211 1670 2247 quod
1699 2219 1750 2238 no-

127 2254 254 2290 λογητέον
271 2257 322 2292 τὴν
337 2257 451 2291 πρᾶξιν
475 2257 630 2290 ὲξιλαστέον
645 2258 674 2285 δὲ
695 2259 728 2293 τῇ
756 2258 914 2294 παραυτίκα

129 2301 198 2327 τίσει
210 2301 260 2334 τὰς
280 2302 356 2329 κάτω
375 2303 480 2335 ποινάς.
497 2303 636 2338 Μεγίστου
648 2304 702 2340 γὰρ
716 2304 791 2336 ὄντος
811 2304 914 2338 ἀγαθοῦ

128 2346 175 2374 τοῦ
199 2347 237 2384 μὴ
259 2348 402 2384 ἁμαρτεῖν,
417 2349 542 2385 δεύτερον
557 2349 660 2384 ἀγαθὸν
680 2350 710 2377 τὸ
726 2350 915 2386 δικαιωθῆναι.

966 2265 1029 2285 xam
1053 2257 1196 2290 fateretur,
1220 2266 1305 2294 seque
1333 2258 1469 2294 supplicio
1494 2258 1608 2294 dignum
1631 2257 1752 2288 diceret.

968 2304 1108 2340 supplicio
1124 2308 1167 2333 est
1188 2308 1342 2340 exemptus.
1361 2305 1397 2331 At
1420 2304 1448 2332 in
1473 2304 1508 2332 iis
1525 2305 1607 2332 etiam
1627 2303 1755 2339 gloriari,

967 2357 1001 2378 ac
1014 2350 1088 2378 velut
1098 2351 1216 2385 epulari,
1235 2351 1271 2378 ob
1289 2358 1350 2386 qua
1375 2349 1476 2385 injuste
1505 2349 1610 2384 fecerit,
1630 2349 1688 2377 sive
1713 2357 1756 2377 ea

747 2437 837 2466 DION.
859 2437 995 2465 I’ETAVII
1010 2438 1125 2467 ΝΟΤιΕ.

130 2514 279 2551 εὐεργετῶν
292 2523 300 2530 ·
316 2514 383 2542 ἀλλὰ
397 2515 444 2551 καὶ
459 2515 539 2542 αὐτὸν
549 2515 598 2551 τὴν
609 2515 746 2542 ἀπώλειαν
759 2515 820 2542 καθ’
834 2515 913 2550 ἡμῶν

131 2550 421 2586 ξνεργήσανταςηιιυοι]
442 2555 478 2586 uti
489 2558 584 2577 aurum
600 2551 654 2586 igni
671 2555 828 2585 percoctum
845 2559 913 2577 con-

135 2585 252 2618 sumptis
266 2584 393 2612 sordibus
404 2604 411 2616 ,
423 2593 455 2612 ac
470 2585 535 2613 fasce
545 2584 638 2617 omni,
663 2584 760 2620 purum
777 2586 911 2617 redditur,

136 2627 167 2645 ac
178 2624 281 2646 natura:
293 2627 348 2646 sua:
364 2621 534 2653 restituitur,
558 2621 595 2647 ita
614 2621 692 2655 longo
717 2621 841 2648 cruciatu
859 2629 913 2648 non

135 2654 231 2684 homo,
252 2654 298 2681 sed
315 2655 377 2681 mali
392 2655 473 2682 etiam
486 2656 611 2682 inventor
625 2654 772 2682 remedium
789 2657 914 2689 assequi-

135 2695 188 2726 tur,
203 2689 247 2726 τόν
255 2697 284 2714 τε
296 2689 495 2726 ᾄνθρῳπον-τῆς
504 2691 601 2726 κακίας
608 2691 765 2726 ἐλευθερῶν,
775 2691 822 2717 καὶ
834 2691 914 2718 αὐτὸν

133 2725 178 2750 τὸν
189 2725 238 2759 τῆς
250 2724 346 2755 κακίας
360 2724 472 2760 εὑρετὴν
490 2724 612 2760 ἰώμενος.
628 2724 722 2760 Capite
737 2734 800 2753 vero
814 2726 849 2754 55
863 2727 915 2753 sub

134 2761 224 2791 linem,
239 2766 332 2795 eorum
346 2759 456 2786 animas
480 2759 528 2794 qui
544 2760 602 2788 sine
617 2761 752 2795 baptismo
777 2768 808 2787 ac
827 2761 914 2795 pmni-

133 2795 214 2820 tentia
230 2794 330 2829 mortui
341 2798 415 2824 sunt.
428 2794 490 2828 igne
504 2796 611 2829 purgari
624 2797 733 2827 asserit,
748 2800 774 2823 et
788 2796 820 2821 ad
830 2796 913 2822 Deum

134 2829 250 2865 I-t-verti._
266 2826 313 2860 Οἷς
327 2828 355 2854 δὲ
378 2826 581 2865 neaeram—proﬁt]
604 2830 637 2856 τὰ
658 2826 746 2865 πάθη.
773 2831 818 2856 καὶ
839 2831 915 2856 οὐδὲν

133 2863 273 2900 προσήχθη
286 2865 334 2900 τῆς
345 2863 450 2900 κηλὶδος
463 2863 620 2901 καθάρσιον,
630 2865 678 2900 οὐχ
691 2863 762 2901 ὕδωρ
776 2866 915 2900 μυστικὸν,

964 2515 1015 2542 οὐκ
1028 2515 1170 2550 ἐπίκλησις
1182 2514 1256 2545 θείας
1269 2515 1422 2550 δυνάμεως,
1436 2515 1485 2550 οὐχ
1497 2515 1513 2550 ἡ
1525 2515 1557 2541 ὲκ
1568 2514 1752 2550 ,μεταμελείας

964 2551 1092 2586 δρθωσις,
1116 2549 1222 2585 ἀνάγκη
1238 2549 1487 2586 πᾶσακαζτούτοις
1498 2549 1526 2586 ἓν
1539 2549 1577 2584 τῷ
1588 2550 1754 2586 νκαταλλήλῳ

965 2585 1092 2619 γενέσθαι
1104 2595 1110 2601 ·
1125 2585 1290 2629 κατάλληλον
1296 2585 1329 2626 δὲ
1344 2585 1383 2621 τῷ
1397 2585 1632 2627 κεκιῦδηλευμένερ
1647 2585 1752 2627 χρυσίῳ

965 2620 997 2647 τὸ
1008 2622 1205 2647 νωνευτήοιον.
1230 2629 1267 2647 ωε
1279 2629 1328 2647 τηε
1342 2620 1522 2647 ὲιιιιινθείσης
1542 2628 1631 2647 auset:
1655 2628 1752 2647 κακιας

965 2622 997 2647 τὸ
1008 2622 1205 2656 χωνευτήριον,
1230 2622 1267 2651 ὼς
1279 2622 1328 2654 τῆς
1342 2622 1522 2655 ὲμμιχθείσης
1542 2622 1631 2651 αὐτοῖς
1655 2622 1753 2651 κακίας

966 2656 1289 2696 ἀποτακείσηςημακροῖς
1306 2654 1515 2696 ὕπερονῘαίὦσι
1526 2655 1662 2696 ,καθαρὰν
1686 2655 1753 2696 απο-

967 2689 1138 2726 σωθῆναιτῴ
1153 2690 1212 2725 Θεῷ
1233 2691 1282 2752 την
1300 2690 1389 2724 φύσιν.
1421 2690 1486 2722 Quae
1509 2689 1550 2717 sic
1565 2690 1752 2724 interpretari,

967 2729 998 2752 ut
1014 2726 1048 2751 ab
1062 2724 1227 2752 Origeniano
1269 2730 1377 2752 oamale
1401 2725 1585 2752 vindicentur.
1603 2733 1655 2751 non
1675 2725 1752 2751 valde

967 2729 998 2752 ut
1014 2724 1048 2751 ab
1062 2724 1227 2760 Orig'eniano
1251 2724 1377 2759 dogmate
1401 2725 1585 2757 vindicentur,
1603 2733 1655 2751 non
1675 2725 1754 2751 valde

968 2760 1048 2787 facile
1063 2766 1123 2792 est;
1138 2765 1165 2786 et
1179 2761 1212 2787 de
1230 2761 1261 2787 iis
1279 2761 1343 2787 alibi
1358 2761 1475 2787 dicetur.

1003 2795 1059 2829 (59)
1078 2796 1137 2822 Dim
1149 2795 1244 2832 (iﬁgnc
1252 2795 1407 2832 ἀρνεῖσθαζ
1414 2803 1462 2822 σοι
1477 2794 1613 2832 γλώττης.
1628 2793 1753 2832 Notanda

968 2830 1080 2860 locutio.
1107 2830 1167 2856 κατ’
1191 2830 1306 2865 ἔλλειψιν
1334 2828 1528 2866 ρειινιίιευιωέἰς
1549 2830 1579 2856 τὸ
1602 2829 1663 2864 ἁρν.
1683 2828 1752 2862 Nisi,

969 2865 1049 2892 malis
1064 2866 1113 2892 οὐκ
1126 2865 1250 2900 ἐχούσης.
