1955 3063
195 141 261 168 45η
739 143 869 172 SYNESII
886 145 986 172 l’TOLl

1038 146 1112 174 tlDlS
1124 147 1275 175 EPISCOPI
1747 147 1819 173 15ῖί

193 211 259 237 αρε-ε
274 203 338 232 sint.
358 203 415 230 sive
442 210 571 238 corpora,
598 203 771 232 oﬂensiorem
794 213 856 233 eum
880 207 979 239 reddit,

1038 208 1129 240 Ὅστις
1157 208 1185 234 δὲ
1207 209 1301 244 χρόνον
1324 209 1405 235 πολὺν
1425 209 1525 235 ἀδικῶν
1551 208 1697 239 ἀκόλαστος
1728 208 1818 243 μέτει,

194 249 241 283 qui
261 249 360 283 injuria
376 250 411 276 sit
425 249 549 277 allectus.
565 250 689 283 Quonam
711 259 776 279 vero
799 255 854 280 tete
874 258 978 285 vertes,

196 299 372 330 posteaquam
389 303 503 329 corpore
526 297 687 328 excesseris.
712 297 769 325 sive
785 298 905 326 violenta
929 300 980 326 ali-

1029 253 1124 280 τοῦτον
1149 254 1189 280 δεῖ
1200 254 1320 289 νομίζειν
1336 254 1381 280 τὸν
1395 254 1585 290 ἀτυχέστατον,
1604 252 1634 281 οὗ
1654 255 1721 289 μήτε
1736 254 1818 284 Θεὸς.

1030 299 1092 333 μήτ’
1108 298 1249 334 ἄνθρωπος
1270 299 1390 334 κήδεται.
1414 299 1512 325 Σκόπει
1528 299 1580 334 γὰρ
1596 299 1642 325 καὶ
1665 299 1762 334 ταύτῃ.
1780 298 1819 324 Τὸ

194 348 247 376 qua
271 348 360 376 pmna,
383 341 441 368 sive
458 341 510 368 alia
533 343 631 377 quavis
647 344 763 376 ratione,
788 351 849 371 cum
869 349 896 371 tu
917 346 977 372 ani-

1038 343 1176 370 ικόλαστον
1189 342 1268 376 εἶναι,
1285 344 1352 379 πρὸς
1365 344 1450 371 κακοῦ
1469 345 1515 370 καὶ
1529 344 1644 378 λέγεται,
1659 343 1706 370 καὶ
1719 343 1818 370 ἀκούε-

195 393 266 413 mam
282 387 367 421 ipsam
380 388 470 414 anima
484 388 542 422 ipsa
554 395 646 415 coram
661 389 827 423 intueberis;
844 398 932 425 neque
944 390 977 418 ad

1038 398 1081 416 ται.
1105 389 1208 416 Οὐκοῦν
1230 390 1260 416 τὸ
1283 389 1445 416 κεκολάσθαι
1468 390 1535 425 πρὸς
1564 389 1679 424 ἀγαθοῦ.
1695 389 1740 424 Τῷ
1761 389 1818 425 γὰρ

195 432 372 460 inﬁciandum
389 433 479 460 futura
497 433 588 468 lingua
612 434 657 466 sit,
689 434 736 461 sed
766 442 862 462 recens
891 436 980 462 adhuc

1038 435 1140 470 ηναντίῳ
1156 436 1186 462 τὸ
1200 435 1320 462 ἐναντίον
1337 437 1351 462 ὁ
1366 435 1444 469 λόγος
1455 435 1541 471 νέμει.

195 480 308 508 sceleris
320 482 463 516 vestigium
475 489 633 516 expressum
649 487 730 517 atque
749 483 915 518 insculptum
934 491 991 518 prae
1014 491 1043 510 se
1067 483 1174 510 ferens?
1186 482 1244 510 Non
1260 483 1391 518 vertigine
1407 487 1462 509 tum
1490 483 1672 518 corripieris‘!
1692 490 1746 509 non
1763 482 1819 509 ba:-

196 525 288 552 rcbis?
308 524 413 553 Taccns
445 526 548 554 scilicet
573 527 743 558 aur-aberis.
774 535 806 554 ac
835 527 938 562 judicio
975 527 1082 556 sistcrls
1104 531 1143 560 tu,
1164 532 1191 555 et
1213 535 1263 563 ego
1290 529 1403 562 pariter,
1424 532 1451 555 et
1483 536 1675 563 quemcunque
1706 527 1818 562 publica

197 573 356 607 pumilentia
376 581 430 600 non
461 574 539 609 prius
570 575 697 610 expiarit.
729 575 782 602 Sed
804 579 975 604 conStantem
999 583 1060 603 csse
1074 579 1191 611 oportet,
1219 575 1299 603 fortis
1313 583 1345 603 ac
1370 584 1503 611 generose
1517 577 1568 603 vir.
1589 575 1681 603 Talem
1701 575 1775 602 enim
1792 579 1819 601 te

195 627 256 646 esse
275 620 366 655 cupio,
384 629 416 648 ac
431 622 582 656 voluptates
611 623 793 657 negligenda,
812 622 891 659 184
909 631 978 658 quas
1003 631 1051 658 per
1079 623 1186 650 facinus
1213 624 1406 658 quaesivimus;
1440 632 1530 658 neque
1546 624 1685 651 tominum
1716 623 1820 658 pudore

197 673 247 692 nos
266 665 356 698 debet,
373 666 420 694 sed
434 666 520 701 judici
535 667 719 694 confitendum
729 667 833 695 crimen
845 671 898 700 est,
931 672 958 695 et
992 668 1081 695 subita
1102 675 1182 703 paena
1197 669 1319 696 vindices
1338 668 1468 696 leniendae
1484 669 1569 695 furiae.
1592 667 1657 695 Nam
1674 676 1735 695 cum
1753 669 1820 695 nihil

197 713 308 739 omnino
328 720 444 748 peccare
475 714 623 741 maximum
651 714 772 741 omnium
803 715 935 742 bonorum
962 719 1022 746 est,
1052 720 1108 742 tum
1127 716 1160 742 ad
1188 716 1321 750 justitiam
1347 717 1470 744 revocari
1494 717 1646 744 secundum
1675 716 1702 742 in
1739 716 1821 742 bonis

197 757 287 784 locum
315 758 431 786 obtinet.
455 758 587 794 Quisquis
604 765 694 787 autem
711 761 792 796 longo
815 765 937 796 tempore
962 762 1089 795 injuriam
1104 762 1208 790 faciens
1222 770 1309 797 poma:
1322 770 1421 798 expers
1437 767 1539 794 manet,
1556 771 1616 790 cum
1632 771 1680 798 par
1693 767 1734 789 est
1750 763 1821 789 inte-

197 803 357 831 licissimum
373 804 478 837 haberi,
513 805 560 840 qui
595 814 682 840 neque
714 806 769 833 Deo
792 815 879 841 neque
913 807 1013 834 homini
1038 816 1111 835 cura:
1126 809 1222 836 sit.lta
1235 809 1307 836 enim
1329 809 1503 837 considerare
1530 809 1622 836 debes.
1654 809 1821 843 lmpunitum

196 859 258 879 esse
277 856 332 878 tam
351 852 425 879 dictu
448 860 530 887 quam
546 853 641 880 auditu
656 853 715 888 ipso
730 854 831 881 malum
862 855 1001 889 quidpiam
1015 860 1068 883 est.
1087 856 1169 892 Igitur
1192 857 1317 892 punitum
1336 864 1398 884 esse
1413 857 1440 884 in
1463 857 1542 884 bonis
1562 857 1729 884 censebitur.
1751 856 1821 882 Nam

197 900 336 926 contraria
352 900 500 928 contrariis
513 908 574 928 esse
591 901 744 934 tribuenda,
763 902 910 936 persuadet
930 903 1009 929 ratio.

234 957 365 992 Equidem
382 958 404 985 si
424 958 472 985 tibi
491 966 614 993 praesens
629 959 764 990 adessem.
781 960 849 987 nihil
875 964 903 988 te
934 968 981 987 ne-

1067 961 1097 986 Εἰ
1113 961 1161 995 μὲν
1174 958 1219 987 οὖν
1234 959 1289 994 ἐγὼ
1302 959 1396 995 παρὼν
1410 959 1565 994 ἐτύγχανον,
1578 959 1652 985 οὐδὲν
1669 959 1701 985 ἂν
1716 958 1771 984 ἔδει
1792 966 1822 983 σε

200 1010 278 1030 cesse
293 1003 362 1031 foret
378 1004 530 1032 molestiam
544 1005 615 1032 hanc
629 1013 737 1040 capere,
751 1009 779 1032 ut
795 1006 898 1040 pudore
910 1006 985 1032 oinni

199 1048 326 1084 deposito
347 1050 462 1085 teipsum
495 1051 636 1084 deferres;
657 1059 701 1079 me
725 1051 797 1079 enim
833 1052 904 1079 ultro
936 1052 984 1078 tibi

199 1095 362 1123 advocatum
380 1097 539 1131 praeberent,
556 1102 636 1133 teque
652 1097 686 1124 ad
709 1098 783 1133 leges
798 1102 926 1132 tanquam
951 1098 985 1124 ad

199 1142 322 1170 medicos
335 1142 510 1170 adducerem.
525 1142 592 1170 Nam
607 1144 659 1171 etsi
678 1143 748 1171 forte
762 1145 864 1172 stultus
886 1144 985 1179 aliquis

199 1187 314 1220 diceret,
327 1187 460 1215 Joannem
477 1197 490 1215 a
508 1188 623 1224 Synesio
636 1190 773 1222 accusari,
791 1194 819 1217 tu
839 1194 930 1218 tamen
945 1190 985 1217 rei

200 1233 346 1260 utilitatem
360 1233 540 1268 intelligeres,
556 1241 571 1259 a
586 1242 638 1266 me,
655 1238 685 1261 ut
702 1235 749 1261 tibi
767 1243 917 1269 parcerem,
933 1236 1000 1270 tui-,

199 1286 252 1312 que
267 1286 360 1305 curam
375 1286 509 1312 gererem,
532 1278 602 1305 hanc
617 1286 680 1306 esse
704 1280 849 1306 accusandi
875 1281 986 1314 provinn

200 1325 271 1351 ciam
287 1329 454 1358 Susceptam,
470 1328 510 1356 ut,
535 1328 668 1359 quantum
683 1325 711 1352 in
731 1326 810 1353 malis
829 1326 903 1358 licet,
923 1326 986 1353 bea-

199 1369 264 1396 tiori
279 1376 356 1396 esses
372 1369 398 1395 in
418 1373 502 1396 statu.
519 1369 609 1404 Atque
624 1369 681 1396 haec
696 1370 805 1404 quidem
821 1371 859 1398 ita
875 1371 983 1398 demum

201 1414 326 1441 facienda
356 1421 468 1446 censeo,
487 1414 510 1441 si
537 1414 688 1442 admissum
707 1415 816 1443 facinus
834 1420 895 1449 est;
913 1417 984 1452 quod

201 1465 229 1487 et
242 1460 280 1487 tui
298 1459 396 1494 ipsius,
415 1464 442 1487 et
459 1460 536 1487 urbis
554 1461 653 1495 gratia,
672 1461 775 1488 factum
790 1470 852 1489 esse
874 1463 986 1490 minime

201 1505 293 1532 velim.
309 1504 372 1532 Haec
391 1506 475 1538 enim,
501 1509 617 1540 cOgnata
643 1506 717 1534 caede
740 1511 907 1542 perpetrata,
929 1512 984 1534 tota

202 1551 276 1578 illius
290 1551 429 1586 parricidii
449 1551 555 1586 piaculo
572 1553 759 1579 contaminata
771 1553 917 1580 videbitur.
937 1553 984 1580 Sin

203 1601 230 1623 tu
246 1600 273 1624 et
289 1605 370 1623 manu
385 1601 412 1623 et
427 1597 520 1624 animo
536 1598 667 1625 innocens
684 1604 724 1629 es;
743 1598 815 1633 quod
830 1599 935 1626 utinam
950 1599 984 1625 ita

203 1643 248 1676 sit,
264 1643 415 1670 detestandi
444 1643 554 1678 quidem
572 1644 589 1670 ii
606 1648 672 1670 sunt
686 1628 732 1678 qui
752 1628 787 1671 ea
804 1645 936 1672 adversus
962 1649 988 1672 te
1002 1628 1022 1656 ϐ

202 1689 472 1722 comminiscuntur;
490 1692 517 1716 et
540 1689 602 1717 illos
628 1698 738 1725 quoque
768 1690 918 1717 inferorum
941 1691 985 1717 illa

203 1738 315 1763 manent
330 1735 465 1769 supplicia
479 1743 486 1768 ;
503 1736 634 1770 quoniam
652 1736 755 1763 nullius
770 1737 884 1771 perinde
899 1745 988 1764 mores

204 1780 259 1809 Deo
277 1781 460 1809 exsecrabilcs
488 1786 562 1814 sunt,
579 1789 610 1808 ac
640 1782 853 1817 famigeratoris,
881 1783 927 1818 qui
955 1791 988 1810 ex

203 1827 321 1855 obscuro
336 1827 436 1854 vulnus
455 1827 563 1863 inﬂigit.
578 1827 645 1854 Nam
659 1835 723 1855 cum
735 1829 771 1856 sit
783 1830 987 1864 ignavissimus,

204 1874 325 1909 ingentia
341 1875 410 1900 mala
429 1874 595 1908 cnnsciscit;
614 1882 646 1902 ac
662 1875 756 1903 nescio
765 1875 836 1910 quod
852 1876 885 1902 iis
899 1875 989 1903 inesse

204 1920 290 1948 fatum
310 1921 421 1952 dicitur,
438 1925 468 1948 ut
492 1921 589 1948 cinaedi
610 1921 690 1948 ﬁant:
723 1925 806 1956 atque
828 1921 881 1948 hoc
897 1922 987 1956 ipsum

205 1974 291 2001 genus
321 1967 462 1994 hominum
490 1967 517 1994 in
546 1967 592 1994 illa
608 1971 667 1994 arte
682 1968 864 2002 principatum
886 1972 988 1997 tenere.

207 2012 276 2039 Sunt
290 2013 362 2040 enim
378 2013 440 2040 aliis
454 2013 480 2040 in
497 2013 591 2040 multis
606 2013 698 2040 callidi
714 2020 746 2040 ac
757 2013 881 2040 solertes.
898 2012 989 2045 Quare

206 2059 230 2085 si
244 2058 306 2093 quis
322 2066 446 2085 rumores
461 2058 538 2086 falsis
552 2058 586 2085 de
602 2059 684 2086 rebus
696 2066 825 2094 spargere
837 2058 989 2092 deprehen-

206 2105 296 2138 datur,
312 2105 345 2133 de
358 2105 410 2132 hoc
427 2105 537 2132 homine
551 2112 638 2139 neque
653 2109 682 2131 tu
705 2104 823 2139 amplius
838 2104 990 2139 interroga-

206 2151 290 2183 veris,
305 2159 356 2178 nec
368 2151 478 2178 omnino
493 2151 672 2183 dubitaveris,
693 2150 739 2178 sed
762 2151 913 2185 quamlibet
939 2151 987 2177 tir-

192 2204 267 2224 .mus
279 2200 305 2224 et
321 2201 449 2223 constans
467 2203 528 2223 esse
540 2196 680 2228 videatur,
699 2197 831 2224 audacter
851 2196 989 2224 homincm

206 2241 352 2276 pronuntia
369 2241 539 2269 semimarem
556 2249 627 2273 esse,
646 2249 678 2269 ac
692 2249 791 2277 purum
817 2246 912 2277 putum
937 2243 990 2271 Co-

1037 1008 1151 1042 πρᾶγμα
1167 1007 1241 1041 σχεῖν
1255 1005 1474 1041 ἁπερυθριῶντα,
1490 1005 1536 1032 καὶ
1550 1005 1646 1031 σαυτὸν
1668 1003 1822 1038 καταγγέλ-

1036 1052 1133 1078 λοντα·
1151 1051 1208 1078 ἀλλ’
1227 1050 1344 1086 ἐμαυτὸν
1367 1051 1400 1077 ἂν
1416 1050 1497 1082 ἔταξα
1519 1051 1734 1086 συνηγορήσοντά
1762 1058 1822 1075 σοι·

1036 1098 1082 1124 καὶ
1106 1097 1279 1132 προσήγαγον
1305 1097 1337 1123 ἄν
1365 1104 1412 1128 σε,
1431 1095 1554 1130 καθάπερ
1573 1096 1688 1130 ἰατροῖς,
1704 1095 1761 1125 τοῖς
1778 1094 1809 1120 v6

1038 1150 1106 1176 μοις.
1129 1141 1254 1175 Ἀνόητος
1269 1140 1318 1175 μὲν
1333 1139 1387 1174 γὰρ
1411 1140 1443 1167 ἄν
1459 1148 1500 1170 τις
1526 1137 1612 1170 εἶπεν,
1636 1138 1672 1169 ὡς
1695 1139 1823 1168 Συνὲσιος

1042 1186 1163 1212 Ἰωάννου
1181 1187 1336 1222 κατηγορεῖ,
1352 1187 1383 1212 σὺ
1399 1186 1422 1212 δ’
1441 1185 1472 1211 ἂν
1491 1185 1625 1219 ἠπίστασο
1637 1184 1763 1219 τάληθὲς.
1779 1185 1823 1210 ὅτι

1038 1233 1124 1266 φειδοῖ
1143 1233 1190 1258 καὶ
1214 1232 1360 1267 κηδεμονίᾳ
1386 1233 1418 1266 τῇ
1435 1233 1467 1266 σῇ
1493 1231 1541 1266 τὴν
1564 1231 1729 1266 κατηγορίαν
1751 1230 1823 1256 εἱλό-

1038 1286 1101 1313 μην,
1129 1278 1163 1304 ἵν’
1188 1277 1226 1309 ὼς
1248 1279 1276 1304 ὲν
1304 1278 1398 1309 κακοῖς
1426 1277 1535 1312 ἄμεινον
1563 1277 1704 1311 πράξειας.
1741 1277 1824 1303 Ἀλλὰ

1035 1323 1121 1350 ταῦτα
1138 1323 1196 1358 μὲν,
1215 1324 1239 1350 ει
1261 1322 1398 1358 τάδίκημα
1420 1323 1542 1357 γέγονεν,
1560 1323 1574 1349 ὁ
1596 1323 1632 1358 μὴ
1650 1322 1753 1356 γένοιτό
1774 1323 1823 1349 σού

1035 1379 1065 1396 τε
1077 1370 1160 1397 ἓνεκα
1176 1371 1222 1397 καὶ
1234 1370 1284 1405 τῆς
1301 1370 1415 1402 πόλεως.
1433 1370 1544 1396 ’Ἅπασα
1558 1369 1618 1404 γὰρ’
1628 1368 1660 1396 ἂν
1675 1369 1716 1403 εἴη
1737 1368 1825 1403 μιαρὰ

1038 1416 1079 1451 τῷ
1101 1417 1183 1451 φόνῳ,
1202 1415 1380 1451 τολμηθέντος
1408 1415 1521 1450 αἵματος
1541 1415 1678 1449 ὁμογνίου.
1699 1414 1729 1440 ΙΞί
1742 1414 1770 1440 δὲ
1791 1415 1824 1439 σὺ

1036 1460 1155 1496 καθαρὸς
1182 1461 1228 1488 καὶ
1242 1462 1318 1495 χεῖρα
1340 1461 1387 1486 καὶ
1398 1459 1525 1495 γνώμην·
1543 1460 1583 1495 εἴη
1603 1459 1632 1486 δὲ
1647 1459 1749 1490 οὕτως’
1774 1460 1825 1485 t7:-

1037 1507 1130 1541 άρατοι
1145 1507 1194 1542 μὲν
1206 1507 1230 1533 οἱ
1243 1507 1328 1533 ταῦτα
1345 1506 1484 1537 συνθέντες
1499 1506 1545 1532 ἐπὶ
1564 1507 1613 1537 σοὶ,
1631 1505 1774 1536 κάκείνους
1796 1505 1826 1531 δὲ

1037 1552 1180 1587 περιμένει
1200 1552 1234 1578 τὰ
1250 1552 1319 1579 κατὰ
1334 1552 1386 1587 γῆς
1407 1551 1584 1586 κολαστήρια.
1606 1551 1650 1583 Ὠς
1666 1551 1715 1585 οὐχ
1730 1550 1827 1585 ἕτερος

1040 1599 1111 1625 οὕτω
1126 1599 1225 1634 τρόπος
1243 1597 1385 1633 θεομισὴς,
1400 1597 1438 1628 ὡς
1452 1599 1465 1623 ὁ
1479 1596 1618 1630 λογοποιδς
1631 1596 1645 1621 ὸ
1665 1595 1828 1631 τιτρώσκων

1039 1645 1068 1677 ἐξ
1089 1644 1216 1679 ἀφανοῦς.
1246 1643 1452 1677 ’Δγεννέστατος
1475 1642 1529 1676 γὰρ
1551 1641 1598 1672 ὢν,
1618 1641 1735 1676 μέγιστα
1752 1641 1829 1667 κακᾶ

1039 1690 1243 1726 διαπράττεται.
1270 1689 1323 1715 Καὶ
1335 1689 1454 1723 ,λέγεταί
1466 1697 1508 1720 τις
1526 1688 1615 1719 αὐτοῖς
1634 1689 1714 1722 μοῖρα
1735 1687 1827 1713 κιναί-

1038 1737 1092 1768 δοις
1115 1735 1293 1771 προσκεῖσθαι
1311 1735 1376 1771 (60),
1402 1735 1448 1761 καὶ
1474 1735 1528 1760 τῶν
1549 1735 1577 1760 ὲν
1601 1734 1728 1769 τῇτέχνῃ
1754 1733 1829 1759 τοῦτ’

1038 1781 1108 1810 εἶναι
1122 1783 1152 1809 τὸ
1167 1782 1324 1817 κράτιστονι
1344 1781 1404 1807 ἐπεὶ
1424 1781 1471 1807 καὶ
1485 1781 1552 1816 πρὸς
1565 1777 1633 1808 ἄλλα
1647 1779 1731 1806 πολλὰ
1749 1789 1828 1814 σοφι-

1040 1829 1100 1855 σταὶ
1114 1828 1231 1862 γίνονται
1251 1828 1298 1854 καὶ
1319 1828 1468 1862 εὐμήχανοι
1482 1835 1488 1841 ·
1513 1826 1582 1852 ὣστε
1598 1826 1630 1853 ἄν
1644 1834 1686 1856 τις
1703 1825 1760 1860 ἁλῷ
1776 1826 1829 1859 φή-

1041 1882 1092 1909 μας
1116 1874 1162 1900 ἐπὶ
1182 1875 1238 1905 τοῖς
1260 1873 1309 1900 οὐκ
1331 1871 1390 1899 οὖσι
1407 1871 1500 1903 ποιῶν,
1526 1871 1604 1897 τοῦτο
1631 1871 1729 1901 ἐκεῖνο,
1760 1871 1829 1905 μηδὲ

1039 1919 1179 1955 ἐπανέρῃ,
1208 1918 1276 1954 μηδὲ
1297 1918 1436 1953 διστάσῃς.
1469 1916 1549 1943 Ἀλλὰ
1571 1916 1623 1943 κᾶν
1646 1916 1830 1951 στερεώτατος

1039 1964 1109 1991 εἶναι
1130 1964 1207 2000 δοκῇ,
1227 1963 1336 2000 θαρρῶν
1351 1963 1501 1997 ἀποφαίνου
1524 1963 1570 1989 τὸν
1583 1962 1667 1997 ἄνδρα
1684 1962 1828 1996 ὴμίγυνον,

1039 2009 1201 2044 αὐτόχρημα
1215 2008 1350 2044 θιασώτην
1362 2008 1410 2042 τῆς
1425 2007 1538 2039 Κότυος.
1553 2007 1599 2033 Σοὶ
1613 2006 1641 2032 δὲ
1656 2004 1760 2038 ἔξεστιν
1775 2005 1830 2031 ἀπὸ

1039 2055 1094 2082 τῶν
1121 2055 1207 2088 λόγων
1233 2053 1335 2081 τούτων
1361 2053 1499 2088 ἀποφῆναι
1529 2051 1749 2086 συκοφαντοῦσαν
1776 2052 1829 2085 τὴν

1038 2100 1128 2133 δόξαν,
1147 2101 1172 2126 ει
1189 2100 1287 2126 σαυτόν
1303 2107 1332 2126 τε
1348 2098 1395 2125 καὶ
1417 2098 1479 2130 τοὺς
1497 2098 1559 2129 σοὺς
1574 2096 1692 2131 ἐπιδοίης
1706 2098 1739 2131 τῇ
1755 2096 1828 2131 δὶκῃ.

1039 2147 1106 2173 Εἰπὲ
1125 2146 1179 2181 γὰρ
1192 2145 1328 2176 εἰσελθὼν,
1349 2144 1387 2177 ὡς
1409 2143 1491 2178 Ἐμοῦ
1508 2143 1654 2178 κατήγοροι
1674 2142 1745 2172 τινες
1760 2143 1830 2168 εἰσιν

1040 2192 1162 2226 ἀφανεῖς,
1186 2192 1210 2218 οἳ
1238 2190 1493 2226 προκατεγνωκότες
1517 2188 1615 2222 αὐτῶν,
1636 2187 1739 2220 ἀξιοῦσι
1763 2187 1828 2213 λαν-

1041 2239 1147 2266 θάνειν·
1162 2237 1344 2273 κατηγοροῦσι
1356 2237 1384 2263 δὲ
1397 2237 1472 2272 ὅμως
1487 2235 1573 2262 πολλὰ
1591 2234 1638 2261 καὶ
1651 2234 1768 2269 χαλεπὰ,
1782 2234 1830 2260 καὶ

207 2286 309 2322 tytonis
322 2287 465 2313 asseclam.
481 2287 542 2314 Tibi
561 2295 624 2314 vero
642 2295 751 2315 summa
766 2287 882 2316 facultas
897 2295 930 2316 ex
955 2289 987 2316 iis

1041 2285 1225 2313 κινδυνεύουσι
1244 2284 1346 2310 πείθειν
1363 2282 1465 2314 ἐνίους·
1486 2281 1572 2313 οὕτως
1588 2281 1656 2307 εἰςιν
1679 2280 1829 2309 ἐπίϐουλοι.

207 2331 364 2358 rumoribus
392 2332 473 2358 datur
504 2332 699 2360 convincenda:
726 2333 881 2365 calumniae,
912 2335 935 2361 si
962 2338 988 2362 te

212 2379 329 2411 tuosque
350 2375 454 2411 judicio
479 2377 648 2411 permiseris.
668 2377 706 2404 lta
724 2377 795 2405 enim
813 2379 934 2406 omnium
962 2379 989 2406 in

205 2426 384 2456 conspectum
400 2422 528 2456 prodiens
545 2423 663 2457 loqueris
678 2432 685 2450 :
701 2422 831 2450 Nonnulli
856 2427 920 2451 sunt
942 2431 989 2450 oc-

207 2467 274 2494 culti
289 2467 340 2494 mci
357 2468 583 2499 calumniatores,
596 2469 714 2502 quicum
731 2476 781 2496 sua
792 2469 848 2504 jam
863 2469 991 2504 opinione

207 2513 329 2540 damnati
348 2514 413 2547 sint,
431 2514 515 2542 latere
531 2515 708 2542 nihilominus
722 2515 801 2550 185
813 2516 917 2542 volunt;
937 2515 990 2543 Sed

209 2561 292 2586 multa
314 2565 403 2588 tamen
419 2569 506 2596 eaque
521 2561 669 2595 peracerba
682 2561 761 2590 nobis
772 2562 916 2596 objiciunt.
931 2569 992 2596 qua:

209 2606 348 2642 aliquibus
368 2607 450 2635 etiam
469 2607 609 2643 probaturi
629 2607 777 2636 videntur:
795 2608 864 2636 adeo
889 2608 991 2635 versuti

1041 2333 1088 2359 καὶ
1102 2331 1183 2358 δεινοὶ
1199 2329 1363 2366 παραδοῦναι
1379 2328 1457 2363 λόγον
1468 2329 1501 2364 τῇ
1520 2331 1607 2364 φήμῃ.
1624 2325 1702 2362 Κᾷτα
1717 2326 1830 2352 διελθὼν

1040 2377 1091 2408 τὰς
1107 2376 1205 2407 αἰτίας,
1223 2376 1264 2409 ἐφ’
1279 2373 1322 2406 αἷς
1334 2374 1444 2406 ἀκούεις
1459 2373 1561 2405 κακῶς,
1576 2374 1664 2408 γάμον
1687 2373 1735 2399 καὶ
1750 2372 1830 2405 φονον

1041 2422 1161 2449 ἀνόσιον·
1178 2421 1269 2456 ἐπειδὴ
1285 2420 1428 2452 σπάταλον,
1443 2417 1528 2454 οἶμαι,
1545 2419 1605 2445 τινά.
1614 2427 1680 2452 φασι
1693 2417 1769 2452 παρὰ
1782 2417 1829 2443 σοῦ

1043 2468 1155 2496 κάθετον
1166 2466 1339 2502 ἐξειργάσθαι
1347 2466 1392 2493 τὸν
1403 2466 1482 2500 φόνον
1492 2474 1499 2480 ·
1515 2465 1607 2491 τοῦτον
1617 2464 1674 2499 ἅμα
1683 2464 1829 2499 προσάγων

1043 2514 1152 2550 δεήθητι
1176 2514 1222 2541 τοῦ
1236 2512 1407 2548 δικαστηρίου
1427 2512 1481 2547 (61)
1502 2511 1624 2545 λιπαρῶν
1642 2510 1689 2537 καὶ
1713 2510 1831 2545 προσπί-

1046 2569 1129 2590 πτων.
1142 2559 1178 2595 μὴ
1189 2558 1363 2590 ἁνεξέταστος
1371 2557 1511 2589 ἀπελθεῖν,
1525 2556 1591 2591 μηδὲ
1600 2556 1705 2590 ἐρήμην
1716 2555 1827 2580 ἁλῶναι.

1046 2607 1083 2633 Οὐ
1104 2606 1159 2641 γὰρ
1182 2605 1225 2640 δὴ,
1253 2605 1381 2641 κράτιστε
1402 2603 1457 2630 τῶν
1473 2602 1614 2638 ἡγεμόνων
1629 2602 1748 2637 (ἐρεῖς),
1763 2601 1829 2626 ἰιὸτι

820 2697 912 2724 DlON.
924 2695 1061 2725 PETAVII
1079 2695 1194 2725 ΝΟΤιίΕ.

247 2785 300 2821 (60)
316 2784 406 2819 Mpra
426 2786 568 2821 κινηίὸοις
584 2785 787 2817 προσκεῖσθαι.
817 2785 898 2813 Forte
911 2788 991 2821 μοῖρα

212 2820 339 2847 κίναιδος.
358 2825 386 2845 ιιι
401 2820 496 2854 γνώμη
513 2820 665 2854 qni/lenm;
678 2827 729 2847 etc.

249 2855 302 2889 (Gl)
320 2855 441 2890 Δειὶθιιτι
454 2855 506 2882 τοῦ
525 2856 725 2890 δικασῖηρίου.
756 2856 850 2884 Melius
865 2861 903 2884 cst
919 2856 994 2882 δικα-

1046 2786 1118 2813 στοῦ.
1133 2786 1199 2812 Nam
1211 2789 1302 2819 postea
1317 2785 1394 2818 quasi
1408 2783 1442 2811 de
1457 2791 1512 2810 uno
1526 2783 1636 2812 homine
1651 2783 1677 2810 in
1695 2783 1829 2818 singulari

1047 2822 1177 2857 loquitur,
1192 2822 1215 2847 εἱ
1230 2821 1256 2847 δὲ
1272 2821 1469 2856 φιλάνθρωπος,
1485 2826 1537 2847 etc.
