1955 3063
129 145 200 173 1575

690 148 882 177 ΕΡΙδΤΘΙΑΕ.
896 165 931 169 -
943 149 1052 178 EPIST.
1069 148 1156 178 XLV}.

1676 148 1744 176 1374

128 206 236 239 γραφὴν
248 204 287 234 εἰς
295 204 446 239 τούμφανὲς
454 205 540 238 οὐδεὶς
550 206 733 242 ἀπηνέγκατο,
749 209 824 243 παρὰ
834 208 911 235 τοῦτό

964 213 1039 240 sunt,
1055 213 1082 236 et
1095 209 1128 236 ad
1143 208 1362 236 disseminandos
1380 215 1504 236 rumores
1520 207 1656 235 instructi.
1674 207 1743 234 Tum

129 258 159 275 σε
177 250 216 275 δεῖ
231 250 405 284 ποιήσασθαι.
425 251 457 278 τὸ
474 252 511 287 μὴ
525 252 568 279 διὰ
581 253 671 287 πάσης
685 253 770 280 ἐλθεῖν
784 253 910 289 βασάνου,

130 295 272 328 μετιόντα,
293 296 340 323 καὶ
356 296 512 332 Θηρώμενον
534 299 584 333 τὴν
607 299 746 334 ἀλήθειαν.
776 300 806 326 Ὀ
821 300 911 327 διαϐε-

129 339 262 375 6οημένος
278 341 425 380 σπαταλος,
442 340 517 374 οὗτός
537 344 620 372 ἐστιν.
636 345 728 380 Ἔχεις
750 345 794 372 τὸν
810 346 910 382 ἄνδρα·

128 386 189 421 χριῗκ
210 386 249 421 τῷ
264 387 379 424 adipem.
395 388 494 415 Τοῦτον
510 389 537 415 εἴ
554 399 579 417 τι
594 391 700 425 γέγονε,
715 393 834 428 τήμερον
848 394 912 421 ἁνα-

128 432 245 467 φανῆναί
269 441 300 466 γε
319 429 524 470 δὀἱκατήγορον
538 437 619 463 αὑτοῦ
634 446 664 464 τε
674 438 774 472 κάμοῦ.
791 438 849 465 Κᾶν
862 439 911 474 μὲν

127 477 198 504 οὕτω
219 478 266 505 σοῦ
281 479 405 515 λέγοντος
421 482 458 517 μὴ
479 483 605 518 πείθηταί
619 492 659 510 σοι
670 492 677 498 ·
692 485 739 510 καὶ
757 484 831 511 τοῦθ’
853 485 911 517 ἃλις

127 523 182 557 ἔχει
198 524 266 559 πρός
284 533 314 559 γε
325 527 471 563 ἡμᾶς-τοὺς
485 528 642 564 ἀνθρώπους
652 536 659 544 ·
676 530 700 556 εἰ
715 530 744 556 δὲ
758 524 911 565 φιλάνθρωέ

127 570 178 602 πός
191 579 220 596 τε
238 571 279 606 εἴη
297 573 344 599 καὶ
357 574 498 608 χαρίσαιτό
509 583 549 601 σοι
563 574 611 610 τὴν
623 576 686 610 περὶ
697 575 799 602 τούτων
811 576 910 611 ἀκρόα-

129 625 182 645 σιν.
198 616 270 643 ἆπαν
287 618 404 645 ἐνταῦθα
418 620 475 646 ἐστι
489 620 519 646 τὸ
533 620 666 656 λαμπρῶς
680 621 909 657 ἀπολογήσασθαι,

127 663 175 689 καὶ
200 664 263 695 τοὺς
287 664 443 698 λογοποιοὺς
467 666 646 702 καταισχῦναι
666 675 696 694 τε
720 667 768 694 καὶ
796 676 911 694 κατασι-

126 709 219 742 γάσαι.
231 709 282 736 Τὸν
295 711 385 746 γὰρδὴ
397 712 532 739 σπάταλον
547 712 640 739 τοῦτον
651 713 680 740 οὐ
692 714 781 748 δεήσει
794 715 909 750 τρυφᾷν·
923 733 934 746 ,

127 755 194 782 ἀλλὰ
208 756 255 782 καὶ
270 755 422 792 δεθήσεται,
438 758 485 785 καὶ
498 759 673 795 κρεμήσεται,
689 760 735 786 καὶ
753 759 791 786 τὼ
804 759 912 795 πλευρὼ

126 801 328 837 διορυγήσεται.
351 803 437 830 Δεινοὶ
452 803 506 839 γὰρ
531 804 668 838 ἐξελέγξαι
687 805 867 840 προσποίησιν
886 805 910 831 οί

128 846 299 881 βασανισται’
323 848 370 875 καί
381 857 453 880 τινες
477 850 568 882 αὐτοῖς
588 850 682 885 ὖνυχές
708 851 775 877 εἰσιν
799 851 911 887 ἐξευρη-

129 891 214 926 μένοι,
231 893 417 928 συλλογισμῶν
434 894 652 929 ὲπιστημονικῶν
666 895 772 930 ἔχοντες
783 895 908 930 δύναμιν.

129 937 203 964 Ὣσο¹
225 939 277 965 ὅτι
301 938 334 965 ἂν
351 939 462 966 ἐκείνων
488 939 658 975 κρατούντων
683 941 821 975 ἀναφανῇ,
837 940 916 974 τοῦς

126 983 199 1010 ἔστιν
211 984 278 1010 αὐτὸ
298 985 423 1020 τάληθές.
446 986 493 1011 Ἂν
507 985 593 1018 οὕτως
604 986 740 1021 ἀπολυθῇς
757 986 840 1022 μηδὲν
854 987 912 1013 ἀδι-

127 1028 193 1061 κῶν,
217 1029 281 1056 ἄπει
299 1030 345 1056 τοῦ
363 1030 536 1066 δικαστηρίου
557 1030 706 1066 νενικηκὼς
732 1031 779 1057 καὶ
795 1031 909 1066 γαῦρος,

126 1074 227 1110 εὐαγής
237 1083 266 1102 τε
280 1074 317 1102 ὢν
330 1076 376 1102 καὶ
388 1076 485 1104 δοκῶν.
499 1077 529 1102 ΕΞ
543 1076 571 1103 δὲ
585 1076 639 1110 ὲγὼ
657 1077 705 1111 μὲν
719 1077 910 1112 εἰσηγησάμην

125 1119 195 1145 am
212 1129 253 1146 σοι
268 1120 416 1148 λυσιτελεῖν
438 1119 526 1156 οἶμαι,
544 1122 575 1148 σὺ
589 1122 617 1148 δὲ
640 1122 670 1148 σὺ
687 1123 825 1156 ποιήσεις,
851 1122 911 1149 οὐδὲ

125 1164 193 1199 πρὸς
216 1165 262 1192 τὸν
282 1166 412 1201 δικαστὴν
436 1167 542 1202 πρόσει,
566 1167 596 1194 τὸ
614 1168 662 1202 μὲν
681 1167 780 1203 ἀληθὲς
801 1165 855 1194 εἶδέ
869 1176 908 1200 τε,

124 1211 173 1238 καὶ
187 1209 256 1239 οἶδεν
277 1214 293 1248 ἡ
308 1213 380 1248 δίκη.
395 1214 507 1245 Πάντως
519 1215 533 1240 ὁ
543 1213 586 1240 διὰ
601 1213 710 1240 πάντων
720 1214 794 1248 ἥκων
809 1214 910 1247 ὀφθαλ-

126 1257 176 1292 μὸς
190 1257 236 1284 τοῦ
252 1258 330 1290 Θεοῦ,
346 1259 393 1285 καὶ
411 1258 514 1294 Λιῦύην
533 1259 616 1294 ἑώρα,
631 1259 678 1285 καὶ
692 1259 822 1294 φάραγγα
839 1259 911 1286 ὲκεί-

125 1311 184 1337 νην,
202 1303 249 1330 καὶ
264 1303 343 1338 Θροῦν
357 1305 470 1337 ἐκεῖνον,
485 1304 541 1331 εἴτε
555 1304 600 1331 τὸν
612 1304 705 1336 ὅντως,
724 1305 780 1331 εἴτε
792 1305 838 1331 τὸν
850 1305 912 1331 επι-

126 1348 247 1383 ποίητον,
261 1349 308 1375 καὶ
324 1349 368 1375 τὸν
383 1349 513 1384 Αὶμυλίου
530 1349 644 1386 δρόμον·
659 1351 706 1376 καὶ
717 1350 731 1376 ὅ
743 1359 768 1376 τι
781 1349 910 1384 πέπονθε,

125 1393 172 1418 καὶ
187 1392 231 1426 ὑφ’
248 1389 289 1426 οὗ,
309 1393 354 1419 καὶ
369 1393 383 1420 ὅ
396 1402 423 1420 τι
439 1391 509 1425 εἶπε,
524 1393 571 1420 καὶ
586 1394 600 1420 ὃ
613 1403 638 1421 τι
650 1394 781 1428 ἤκουσεν
797 1395 822 1421 εί
838 1395 869 1429 δή
884 1403 911 1422 τι

126 1438 173 1464 καὶ
186 1435 246 1464 εἷπε
256 1458 263 1470 ,
278 1439 325 1465 καὶ
339 1439 449 1474 ἤκουσε.
462 1440 494 1466 El
503 1439 532 1466 δὲ
545 1440 578 1466 ἂν
589 1440 708 1472 ἀναίτιος
723 1442 755 1467 σὺ
770 1441 816 1467 καὶ
828 1441 912 1467 καθα-

127 1484 172 1519 ρὸς
183 1484 221 1519 τῷ
237 1484 306 1520 Θεῷ,
322 1486 390 1520 μήτε
401 1485 517 1521 πράξας,
534 1486 601 1521 μήτε
617 1485 762 1521 βουλεύσας
776 1486 855 1522 ἔργον
872 1486 913 1519 ἐξ·

127 1531 246 1576 αγιστον,
263 1531 330 1558 ἀλλὰ
345 1533 452 1576 ἡμῖνγγε
461 1534 516 1564 τοῖς
531 1532 683 1568 ἀνθρώποις
694 1532 770 1559 οΰπω
779 1533 910 1568 καθαρὸς,
924 1547 945 1576 C

125 1575 178 1606 ἓως
193 1575 391 1611 ἀναπολόγητος
411 1575 454 1612 ᾗς.
471 1577 537 1603 Οὐδὲ
554 1576 724 1612 ὲμὸαλοῦμέν
746 1585 786 1604 σοι
804 1576 910 1609 δεξιάν·

125 1620 185 1647 οὐδὲ
202 1621 255 1647 ἀπὸ
269 1621 318 1656 τῆς
335 1621 419 1656 αὐτῆς
436 1622 609 1657 σιτησόμεοα.
631 1623 700 1654 Τοὺς
716 1623 845 1657 Λίμυλίου
858 1623 912 1659 γὰρ

126 1666 279 1701 ἀλάστορας
289 1667 405 1702 δέδιμεν,
417 1668 440 1693 εἰ
451 1667 586 1701 Θιγγάνων
595 1669 609 1699 ὴ
614 1668 671 1702 μῶν
679 1668 853 1704 ἑναπομόρξῃ
864 1669 913 1704 τὴν

126 1712 311 1748 προστροπὴν.
331 1713 391 1739 Εἰσὶ
407 1714 453 1739 καὶ
473 1714 538 1748 ἡμῖν
558 1715 656 1740 οἰκεῖαι
679 1713 806 1749 κηλῖδες,
826 1715 857 1740 οὐ
873 1714 913 1740 δεῖ

127 1758 172 1784 καὶ
186 1758 440 1793 προσερανίζεσοαι.

961 255 1078 282 crimina
1091 262 1268 290 percensens,
1283 254 1318 282 ob
1330 262 1390 290 qua
1407 254 1477 282 male
1492 254 1624 285 audieris,
1634 254 1744 288 nuptias

961 300 1078 333 scilicet,
1107 303 1134 328 et
1163 299 1361 327 exsecrandum
1390 299 1584 334 parricidium,
1614 298 1744 333 quoniam

962 347 1097 381 spatalum
1115 346 1260 381 quemdam
1277 347 1348 382 apud
1373 351 1398 373 te
1414 354 1476 374 esse
1499 345 1604 378 dicunt,
1621 344 1668 379 qui
1695 343 1744 370 abs

962 397 988 419 te
1007 391 1174 419 subornatus
1184 400 1244 420 eam
1258 391 1358 419 caedem
1374 392 1468 419 fecerit
1483 401 1488 418 :
1505 391 1630 418 eumdem
1655 390 1742 424 ipsum

961 436 1072 466 sistens.
1088 437 1122 464 ab
1137 437 1279 471 iudicibus
1297 437 1409 472 supplex
1424 437 1553 470 omnique
1565 443 1616 470 ope
1630 440 1744 462 conten-

961 483 1028 514 dito,
1044 491 1078 510 ne
1101 483 1160 510 sine
1182 484 1333 518 quastione
1358 484 1522 514 dimittatur,
1557 490 1623 509 neve
1641 481 1744 509 indicta

961 536 1045 557 causa
1056 529 1210 556 damnetur.
1223 529 1315 564 Neque
1331 529 1523 559 enim,dncum
1537 529 1638 564 optime
1652 528 1744 562 (dices

961 582 1022 602 eum
1038 575 1213 610 alloquens),
1234 575 1343 602 tametsi
1373 582 1454 602 nemo
1469 578 1560 609 aperte
1588 574 1744 601 accusatio-

961 628 1023 648 nem
1037 621 1107 648 hanc
1122 620 1280 653 intenderit,
1296 621 1356 648 ideo
1371 621 1419 648 tibi
1445 619 1672 648 committendum
1689 623 1744 649 est,

962 670 991 693 ut
1007 674 1061 694 non
1074 674 1156 694 omne
1172 667 1354 701 quaestionum
1368 674 1454 701 genus
1466 665 1597 693 adhibeas
1612 665 1644 691 ad
1661 665 1745 691 vesti-

961 712 1077 746 gandam
1093 712 1344 747 explorandamque
1358 713 1396 740 rei
1411 712 1565 739 veritatem.
1578 710 1616 738 En
1630 711 1675 737 ille
1687 711 1746 744 ipse

961 757 1083 791 spatalus
1094 761 1147 789 est,
1162 757 1196 784 de
1218 764 1273 792 quo
1290 765 1385 784 omnes
1421 757 1579 792 loquuntur.
1601 755 1743 782 Ilominem

961 805 1058 835 tenes;
1074 808 1151 830 utere
1164 803 1224 837 ejus
1234 810 1351 838 corpore
1369 812 1376 830 :
1393 803 1476 833 hunc.
1499 802 1523 829 si
1544 802 1610 836 quid
1633 801 1744 828 sceleris

962 848 1111 874 admissum
1127 853 1180 880 est,
1197 848 1277 875 hodie
1294 849 1338 876 sui
1363 848 1466 883 pariter
1482 855 1514 875 ac
1530 848 1581 875 mei
1599 851 1744 874 accusato-

962 901 1020 920 rem
1033 897 1141 928 oportet
1153 892 1221 921 fieri.
1237 893 1314 927 Quod
1332 895 1354 922 si
1365 894 1449 929 judex
1466 894 1503 920 ita
1522 897 1548 920 te
1561 893 1743 920 obtestantem

960 947 1015 966 non
1035 938 1138 972 audiat,
1155 939 1207 966 hoc
1231 940 1321 974 ipsum
1337 940 1405 967 satis
1421 946 1560 974 superque
1588 938 1641 965 erit
1665 937 1745 964 nobis

960 984 1130 1012 hominibus.
1144 984 1193 1012 Sin
1214 989 1242 1012 et
1258 985 1407 1012 humanum
1435 993 1465 1013 se
1484 985 1615 1020 praebeat,
1649 987 1676 1011 et
1702 984 1742 1010 tui

960 1029 1047 1064 gratia
1062 1037 1172 1056 causam
1185 1030 1259 1056 illam
1270 1030 1336 1057 velit
1348 1037 1525 1064 cognoscere,
1535 1033 1593 1056 tum
1605 1035 1669 1055 vero
1679 1034 1745 1060 ope-

961 1082 998 1101 rae
1010 1075 1128 1109 pretium
1144 1075 1198 1102 erit
1209 1075 1317 1110 egregie
1332 1076 1438 1102 crimen
1453 1074 1567 1106 diluere,
1586 1078 1613 1100 et
1628 1073 1743 1107 famige-

961 1124 1066 1148 ratores
1081 1121 1143 1148 illos
1160 1120 1263 1156 pudore
1279 1121 1387 1148 allicere
1403 1127 1435 1147 ac
1460 1127 1646 1154 compescere.
1677 1117 1743 1145 Nam

960 1167 1098 1202 spatalum
1114 1167 1196 1194 istum
1213 1174 1386 1202 nequaquam
1404 1173 1484 1201 agere
1498 1165 1609 1193 delicias
1635 1168 1745 1199 oporte—

961 1213 1018 1247 bit;
1034 1213 1081 1241 sed
1097 1217 1124 1240 et
1138 1213 1286 1247 vincietur,
1302 1218 1329 1240 et
1351 1212 1543 1247 suspendetur,
1559 1215 1585 1238 et
1602 1210 1686 1238 latera
1703 1209 1744 1237 fo-

960 1259 1062 1286 dietur.
1081 1259 1188 1287 Miriﬂci
1210 1260 1283 1287 enim
1305 1258 1339 1286 ad
1355 1258 1569 1286 convincendam
1591 1255 1745 1284 simulatio-

960 1313 1022 1332 nem
1040 1309 1104 1332 sunt
1135 1306 1299 1338 carniﬁces;
1319 1309 1346 1333 et
1367 1311 1472 1339 ungues
1502 1303 1613 1339 quidam
1628 1303 1662 1330 ab
1690 1301 1746 1330 illis

961 1351 1110 1386 excogitati
1129 1356 1203 1383 sunt,
1229 1351 1323 1379 eadem
1355 1350 1382 1377 vi
1409 1349 1525 1385 praediti,
1542 1356 1623 1383 quam
1643 1347 1745 1375 habent

962 1397 1082 1424 scientiae
1099 1397 1201 1432 proprii
1223 1396 1385 1432 syllogismi.
1396 1395 1475 1423 Unde
1489 1394 1624 1430 quidquid
1637 1394 1671 1420 iis
1685 1400 1746 1420 vm-

961 1443 1088 1470 centibus
1102 1450 1263 1477 expressum
1282 1442 1374 1473 fuerit,
1400 1448 1432 1468 ea
1457 1440 1612 1468 certissima
1643 1438 1746 1465 veritas

961 1492 1003 1516 est
1024 1488 1159 1515 habenda.
1185 1487 1263 1514 Hunc
1281 1487 1303 1515 si
1330 1487 1358 1514 in
1373 1486 1486 1514 modum
1511 1485 1654 1513 absolutus
1678 1484 1744 1513 eris,

963 1524 1077 1568 recipies
1094 1541 1109 1560 e
1121 1533 1227 1568 judicio
1241 1536 1268 1560 te
1289 1533 1378 1560 victor
1396 1539 1429 1559 ac
1443 1530 1628 1565 triumphans,
1646 1533 1674 1556 et
1689 1532 1745 1554 tam

962 1588 993 1607 re
1011 1580 1069 1615 ipsa
1085 1587 1166 1614 quam
1187 1578 1315 1614 opinione
1344 1578 1496 1607 hominum,
1524 1583 1609 1611 purus
1624 1578 1651 1602 et
1668 1574 1746 1601 inno-

962 1633 1039 1652 cens.
1058 1624 1157 1652 Verum
1182 1624 1205 1652 si
1221 1628 1248 1651 et
1265 1631 1316 1659 ego
1331 1623 1376 1650 illa
1400 1622 1524 1657 suggessi
1553 1628 1614 1655 quae
1631 1620 1658 1646 in
1689 1626 1745 1645 rem

965 1675 1040 1697 tuam
1060 1678 1122 1698 esse
1139 1670 1283 1703 videntur;
1301 1673 1328 1697 et
1343 1674 1369 1696 tu
1387 1668 1454 1695 nihil
1471 1668 1567 1694 horum
1585 1665 1679 1696 facies,
1697 1673 1746 1690 m-

963 1724 1016 1751 que
1033 1721 1059 1744 te
1078 1716 1160 1744 sistes
1176 1716 1284 1750 judici;
1305 1715 1345 1742 rei
1368 1713 1479 1749 quidem
1497 1713 1640 1740 veritatem
1667 1709 1745 1740 vidit,

964 1762 1094 1796 novitque
1105 1761 1221 1796 justitia.
1236 1761 1353 1788 Prorsus
1367 1760 1412 1787 ille
1425 1759 1471 1786 Dci
1487 1761 1586 1785 cuncta
1601 1760 1747 1791 penetrans

125 1804 225 1831 oculus
244 1809 270 1831 et
301 1809 367 1832 tunc
379 1803 490 1840 Libyam
506 1805 622 1840 aspexit,
646 1809 673 1831 et
688 1805 838 1832 convallem
861 1806 946 1839 illam,
962 1810 990 1835 et
1004 1814 1140 1834 rumorem
1156 1807 1231 1834 illum
1247 1813 1295 1834 seu
1321 1813 1414 1833 verum
1425 1825 1432 1837 ,
1455 1805 1513 1832 sive
1531 1804 1681 1831 conlictnm
1696 1809 1704 1834 ;
1721 1804 1748 1827 el.

126 1849 238 1884 Aimylii
268 1858 399 1884 cursum;
418 1858 533 1886 quaeque
556 1851 591 1883 is,
617 1855 644 1877 et
675 1859 690 1877 a
722 1858 776 1886 quo
805 1859 952 1887 perpessus
977 1857 1043 1885 est;
1076 1853 1142 1888 quid
1164 1853 1264 1880 dixerit
1281 1852 1349 1887 ipse,
1367 1851 1466 1886 quidve
1488 1849 1626 1881 audierit;
1643 1847 1666 1874 si
1682 1845 1747 1880 quid
1789 1865 1794 1882 ί

127 1903 172 1923 aut
189 1897 300 1928 dixerit,
317 1903 364 1925 aut
376 1898 505 1926 audierit.
537 1897 569 1925 Et
587 1897 638 1924 hoc
665 1898 777 1932 insuper
807 1900 894 1931 novit,
915 1900 1065 1934 quamlibet
1081 1899 1153 1934 apud
1175 1899 1261 1927 Deum
1285 1900 1420 1927 innocens
1445 1898 1495 1931 sis,
1515 1900 1543 1924 et
1567 1894 1681 1923 sceleris
1701 1901 1748 1920 ex-

127 1952 200 1979 pers,
212 1948 242 1971 ut
254 1944 453 1972 exsecrandum
474 1944 560 1971 hocce
574 1944 681 1971 facinus
723 1952 811 1979 neque
833 1945 924 1979 factis,
945 1953 1034 1980 neque
1061 1946 1186 1974 consiliis
1203 1945 1367 1978 admiseris;
1384 1943 1506 1972 nondum
1522 1946 1548 1970 te
1565 1946 1658 1970 tamen
1675 1939 1746 1974 apud

127 1998 177 2017 nos
201 1989 324 2016 homines
349 1989 522 2017 innocentem
552 1989 634 2024 186
662 1988 758 2021 videri,
787 1990 907 2024 quandiu
927 1994 1060 2026 purgatus
1074 1999 1128 2019 non
1144 1991 1209 2019 eris.
1224 1990 1318 2025 Itaque
1350 1998 1400 2017 nec
1415 1989 1539 2016 dextram
1564 1992 1654 2014 tecutn
1683 1986 1747 2020 jun-

127 2044 231 2072 gemus,
247 2043 297 2063 nec
307 2043 341 2063 ex
352 2036 446 2063 eadem
463 2042 556 2063 mensa
571 2043 720 2062 vesccmur.
743 2035 810 2062 Nam
835 2036 943 2072 Emylii
960 2037 1072 2065 ultrices
1096 2037 1183 2065 furias
1208 2036 1440 2068 exhorrescimus,
1461 2043 1496 2062 ne
1519 2034 1681 2068 contagione
1701 2037 1746 2058 tua

130 2084 201 2112 idem
220 2085 248 2111 in
264 2084 346 2112 nobis
361 2085 501 2120 piaculum
514 2085 663 2119 exprimas.
680 2083 739 2111 Non
769 2085 868 2112 desunt
899 2085 979 2114 nobis
1011 2085 1168 2114 domesticae
1187 2085 1273 2117 labes,
1303 2087 1333 2111 ut
1365 2083 1469 2111 alienas
1501 2081 1650 2109 conciliare
1681 2079 1748 2106 nihil

127 2140 240 2160 necesse
255 2133 300 2161 sit.

390 2177 563 2204 ΕΠῙΣἸῸΛΗ
580 2179 638 2205 ME'

445 2225 604 2258 Ὀλυμπίῳ.

163 2268 283 2295 Λυποῦσι
307 2277 356 2304 την
375 2269 536 2304 Ἐκκλησίαν
553 2270 687 2306 ἀλλότριοι
703 2268 825 2305 πονηροί.
848 2269 912 2296 Διά-

128 2315 190 2350 6ηοι
212 2316 270 2341 κατ’
294 2315 399 2342 αὐτῶν·
417 2316 442 2342 ol
468 2315 597 2342 πάτταλοι
623 2316 676 2352 γὰρ
700 2316 844 2348 παττάλοις
868 2316 913 2342 ὲκ-

129 2362 281 2398 κρούονται.
369 2386 371 2388 .

384 2408 557 2435 ΕΠΙΣΤΟΛΗ
576 2409 651 2443 Μςι.

425 2453 617 2487 Ἀναστασίφ.

165 2499 232 2526 Οὐδὲ
252 2499 371 2534 ΙΑμα.σις
395 2498 443 2534 μὲν
466 2495 548 2531 καλὸς
565 2499 631 2534 (62),
650 2499 835 2535 φυλαξάμενος
854 2500 913 2526 ἑπι-

129 2544 261 2580 δακρῦσαι
274 2544 321 2570 τοῦ
336 2543 525 2579 Πολυκράτους
538 2545 599 2575 ταῖς
613 2547 776 2580 συμφοραῖς,
798 2545 832 2577 ἃς
853 2545 912 2571 ἐσο-

131 2591 214 2625 μένας
227 2591 373 2626 προείδετο.
403 2590 472 2616 Ἀλλ’
486 2587 526 2622 οἷς
544 2591 699 2626 εὐτυχοῦντι
719 2592 827 2627 κήρυκα
839 2591 912 2625 πέμ-

129 2636 182 2672 ψας
206 2636 255 2672 τὴν
270 2636 360 2671 φιλίαν
380 2636 531 2669 ἀπείπατο,
556 2636 634 2672 δῆλον
649 2637 776 2671 ἐποίησεν
796 2637 836 2663 ὅτι
861 2635 912 2663 κᾶν

129 2683 288 2718 ἐδάκρυσεν,
306 2683 330 2708 sl
347 2681 497 2718 προῦλαϐεν
512 2683 529 2718 ἡ
542 2681 670 2718 συμφορὰ
683 2682 732 2718 τὴν
748 2682 911 2718 ἀπόρρησιν,

1222 2171 1389 2199 EPISTOLA
1409 2170 1490 2198 XLV.

1292 2218 1426 2254 Olympio.

1001 2266 1107 2295 Molesti
1132 2267 1263 2294 Ecclesia:
1287 2271 1351 2294 sunt
1379 2266 1461 2293 alieni
1485 2264 1595 2300 quidam
1623 2264 1747 2291 homines

965 2322 1099 2349 nequam;
1114 2313 1155 2341 fac
1170 2313 1224 2341 illis
1238 2313 1358 2340 obsistas
1377 2322 1384 2340 :
1405 2313 1500 2339 clavus
1513 2310 1586 2338 enim
1602 2310 1680 2337 clavo
1695 2310 1749 2344 pel-

965 2361 1042 2388 Μαι..
1218 2404 1386 2432 EPISTOLA
1405 2403 1497 2431 XLVI.

1280 2449 1436 2476 Anastasio.

999 2495 1053 2523 Nec
1068 2495 1175 2523 Amasis
1189 2495 1298 2530 quidem
1325 2494 1492 2529 probandus,
1508 2493 1552 2528 qui
1570 2501 1604 2520 ne
1620 2492 1746 2527 Polycra-

964 2542 999 2569 tis
1013 2541 1226 2572 calamitatibus,
1243 2549 1311 2575 quas
1324 2539 1432 2567 futuras
1449 2539 1623 2574 providebat,
1641 2538 1750 2573 illacry-

963 2592 1095 2619 maretur,
1109 2586 1260 2614 cavendum
1276 2586 1328 2613 sibi
1345 2586 1458 2621 putavit.
1470 2585 1665 2612 Verumtamen
1677 2585 1749 2619 quod

965 2635 989 2662 ei
1007 2634 1097 2661 adhuc
1119 2634 1227 2669 integra
1252 2632 1382 2660 felicitate
1399 2640 1444 2666 per
1463 2639 1615 2667 praeconem
1645 2639 1745 2658 renun-

965 2681 1041 2708 tiavit
1055 2680 1202 2708 amicitiam
1218 2701 1226 2714 ,
1245 2687 1298 2706 non
1316 2679 1433 2707 obseure
1451 2678 1598 2707 declaravit
1616 2679 1750 2714 lacryma—

724 2769 813 2797 DION.
835 2769 972 2797 PETAVII
992 2769 1107 2797 ΝΟΤιΕ,

165 2859 222 2895 (62)
246 2859 313 2886 οὐδ’
338 2860 460 2894 Ἄμασις
479 2859 537 2894 μὲν
564 2858 667 2892 καλός.
694 2857 759 2885 Vide
784 2857 914 2886 llcrodot.
932 2857 1038 2884 ΤΙιιιιίιι.

1809 1850 1825 1910 ί

1776 1927 1866 1958 (ιαμ
1906 1911 1918 1949 ἔ
