1955 3063
199 115 269 144 537i

721 119 857 150 SYNESII
882 121 1112 150 PTOLEMAIDIS
1142 121 1294 150 EPISCOPI

1758 121 1771 148 Ι
1776 121 1834 149 376

199 181 294 204 turum
308 175 394 206 fuisse
406 185 447 209 se,
463 177 486 206 si
504 178 736 207 renuntiationem
753 179 826 207 illam
843 181 986 208 calamitas

1050 181 1074 208 ib
1104 181 1132 207 δὲ
1152 181 1229 216 ἡμίν,
1249 180 1303 211 ἓως
1328 179 1378 215 μὲν
1398 180 1429 207 οὐ
1454 180 1678 215 προσεκόπτομεν
1701 181 1734 216 τῇ
1759 181 1832 215 τύχῃ

199 223 401 250 antecessisset.
427 222 468 250 Tu
494 230 572 255 vero.
596 225 718 259 quandiu
735 225 852 254 adversa
875 225 987 253 fortuna

201 276 255 295 non
280 268 349 301 fuit,
376 268 519 296 nobiscum
547 271 740 304 perseverasti.
764 270 829 299 Inde
853 279 907 299 una
923 279 986 299 cum

201 314 247 341 illa
264 314 412 342 recessisti.
425 313 471 342 Sic
481 315 552 342 enim
567 315 602 342 ab
616 316 649 344 iis
661 318 707 352 qui
719 324 735 345 e
747 317 864 345 Thracia
875 325 986 349 venere.

201 359 356 386 nuntiatum
370 363 423 390 est,
439 359 508 386 nihil
526 364 551 387 te
567 360 601 387 de
620 361 700 389 nobis
722 362 835 394 sentire,
851 367 898 389 aut
911 362 985 397 loqui

202 405 351 432 moderate.
367 405 449 440 Atqui
473 405 525 433 hoc
548 406 638 441 ipsum
663 414 718 434 non
731 408 812 442 plane
828 409 988 436 renuntiare

202 451 353 478 amicitiam
367 455 431 483 est,
456 451 503 479 sed
531 452 704 480 inimicitiam
719 453 894 482 denuntiare.
914 454 988 483 Satis

203 496 293 524 fuerat
307 497 465 532 (siquidem
481 495 508 524 id
521 501 580 525 erat
593 499 845 535 committendum).
862 507 917 528 non
932 508 989 528 me-

202 549 266 569 cum
279 541 372 569 dolere
381 550 389 574 ;
398 541 557 569 atdolorem
567 542 664 570 alierre
673 543 796 578 insuper,
809 545 987 572 acerbitatem

203 594 313 615 omnem
336 592 466 622 superat;
491 595 579 623 neque
596 588 639 616 vel
660 589 799 618 Amasidis
814 593 868 623 est,
882 590 926 618 vel
938 591 988 618 ho-

204 632 288 660 minis
304 633 427 661 omnino.
446 633 547 662 Verum
562 638 590 661 tu
611 634 726 662 forsitan
751 635 835 663 rebus
853 637 908 664 tuis
924 643 987 663 me-

205 677 259 706 lius
274 678 459 707 consulueris.
480 678 536 708 Fac
558 679 642 715 igitur
655 681 729 715 quod
752 679 908 708 faciendum
921 685 966 709 est
981 691 988 709 :

1040 226 1212 261 συνέμεινας.
1239 226 1356 252 Ἔπειτα
1373 227 1531 261 συναπῆρας
1545 225 1625 260 αὐτῇ.
1643 225 1725 259 Λέγει
1737 226 1794 260 γὰρ
1814 227 1833 260 ἡ

1039 271 1118 307 φήμη
1126 271 1170 298 διὰ
1177 271 1232 298 τῶν
1239 271 1293 298 ἀπὸ
1304 271 1414 307 Θρᾴκης
1422 271 1553 306 ἡκόντων,
1561 271 1638 298 οὐδὲν
1650 271 1711 297 οὔτε
1721 273 1834 307 φρονεῖν

1040 325 1070 343 σε
1089 318 1154 353 περὶ
1172 317 1261 352 ἡμῶν,
1278 317 1339 344 οὔτε
1353 317 1443 351 λέγειν
1462 317 1591 349 ἐπιεικές.
1615 317 1701 344 Τοῦτο
1715 317 1764 352 μὲν
1783 315 1833 343 οὖν

1038 363 1088 389 οὐκ
1098 362 1171 390 ἐστιν
1181 363 1250 395 ὅλως
1260 363 1351 398 φιλίαν
1361 363 1499 395 ἀπειπεῖν,
1512 363 1570 390 ἀλλ’
1584 363 1684 398 ἔχθραν
1696 364 1830 390 ἀνειπεῖν.

1041 409 1138 444 Ἤρκει
1149 409 1189 443 δὲ,
1206 409 1287 445 ειπερ
1302 410 1366 445 ἄρα,
1379 409 1410 436 τὸ
1426 409 1464 445 μὴ
1481 409 1669 436 συνανιᾶσθαι·
1690 409 1720 435 τὸ
1738 409 1766 435 δὲ
1783 408 1832 435 καὶ

1040 455 1240 490 προσανιάσαι,
1262 456 1356 492 πόρρω
1379 456 1488 483 δεινῶν⁸
1512 456 1560 482 καὶ
1580 455 1642 482 οὒτε
1672 455 1830 490 Ἀμάσιδος,

1037 500 1100 526 οὔτε
1113 494 1174 536 ὅλίς
1184 501 1364 538 ἀνθρώπινον.
1383 501 1464 529 Ἀλλὰ
1481 501 1525 528 σοὶ
1538 501 1593 536 γὰρ
1609 501 1675 533 ῐσως
1690 501 1761 536 ὑπὲρ
1776 500 1832 526 τῶν

1040 546 1155 574 σεαυτοῦ
1167 547 1338 583 πραγμάτων
1349 547 1481 575 ἔσκεπται
1494 547 1613 575 κάλλιον.
1627 546 1703 574 [Iolen
1714 546 1745 572 τὺ
1757 554 1833 581 ποιη-

1040 592 1121 619 τιὲον⁸
1139 593 1219 629 μόνον
1240 594 1265 620 εί
1285 594 1388 630 χαίρων
1410 594 1507 626 ποιεῖς.
1533 593 1640 628 Ἦμισυ
1662 592 1716 627 γὰρ
1738 592 1772 619 ἂν
1788 593 1831 627 εἴη

1041 639 1138 672 κακὸν,
1164 639 1190 666 εί
1215 640 1263 667 καὶ
1285 637 1327 672 οἷς
1345 641 1443 676 πάσχω
1466 640 1575 674 κακῶς,
1603 640 1668 676 ἡδὺς
1691 640 1752 675 εἵην
1774 640 1834 670 τοῖς

1041 685 1140 718 φίλοις.

205 726 313 751 tantum
331 728 363 751 ut
388 725 545 754 fortunatus
568 726 704 762 laetusque
726 726 829 761 facias;
846 727 991 757 dimidium
1010 731 1083 759 enim
1100 732 1164 760 mali
1185 733 1252 760 mihi
1269 733 1427 769 contigerit,
1445 734 1467 762 si
1481 733 1523 762 vel
1539 733 1583 761 his
1603 733 1671 768 ipsis
1699 731 1833 759 aerumnis

205 777 275 806 quas
291 771 391 807 patior,
406 773 504 801 amicis
520 773 686 810 voluptatem
702 775 859 803 conciliem.

453 839 624 870 EPISTOLA
639 841 745 871 XLVII.

532 898 678 927 Theotimo.

243 954 285 982 Ad
297 961 392 983 eorum
409 963 553 984 numerum
565 956 668 992 quibus
680 955 751 984 irata
768 955 928 992 Pentapoiis
939 960 994 990 est,

208 998 320 1027 Petrum
335 1001 478 1034 ascribito,
491 1001 630 1029 hominem
643 1001 678 1029 ad
691 1001 765 1037 leges
777 1001 996 1037 corrumpendas

209 1045 269 1074 sine
286 1046 349 1074 fuco
370 1045 536 1082 fallaciaque
551 1050 733 1082 grassantem.
751 1046 872 1074 Tametsi
888 1051 916 1074 et
932 1054 995 1074 eum

208 1092 326 1125 oderim,
340 1094 387 1128 qui
402 1093 443 1121 sie
462 1094 565 1122 ambiat
583 1103 590 1121 :
605 1093 685 1122 testis
698 1093 783 1129 hujus
797 1094 836 1121 rei
853 1093 926 1122 Deus
941 1097 994 1127 est,

207 1141 236 1165 et
258 1137 445 1167 Dioscurides.
467 1139 521 1167 Sed
543 1139 568 1167 is
591 1139 703 1167 homine
724 1139 778 1167 isto
802 1139 883 1174 longe
905 1138 995 1174 impu-

208 1183 320 1212 dentior
333 1189 386 1213 est.
402 1185 542 1221 Quidquid
554 1186 627 1214 enim
649 1186 859 1222 concupiverit,
874 1185 920 1213 nhi
937 1186 994 1221 pri-

211 1239 284 1258 mum
295 1232 427 1266 rapuerit.
435 1236 462 1260 et
470 1232 497 1259 in
509 1240 587 1260 suam
598 1236 760 1268 potestatem
771 1233 913 1265 averterit,
925 1236 998 1268 post-

211 1277 321 1305 modum
333 1278 437 1313 judicio
450 1279 591 1313 permittit.
603 1278 631 1306 Si
643 1279 779 1307 sententia
788 1279 892 1313 iudicis
905 1278 998 1305 vinca-

207 1327 267 1356 tur,
288 1331 370 1351 manu
389 1324 517 1359 superior
531 1327 583 1352 est.
604 1323 651 1352 Sic
666 1323 750 1360 igitur
765 1324 832 1352 fecit
849 1333 856 1351 :
872 1323 996 1351 Primum

208 1369 371 1404 amphoram
389 1370 482 1405 rapuit
497 1378 503 1397 :
521 1369 625 1398 idcirco
639 1370 699 1398 dies
713 1370 753 1397 illi
768 1377 784 1397 a
796 1370 914 1406 quodam
927 1370 999 1397 dici-

209 1419 267 1442 tur.
286 1415 336 1443 Hic
352 1423 414 1442 cum
430 1423 494 1443 eum
507 1416 684 1448 convicisset,
701 1423 790 1452 neque
807 1416 929 1444 reddidit
941 1417 997 1448 ille,

208 1466 240 1489 et
249 1461 577 1496 apparitoribusinsuper
590 1461 669 1497 187
683 1462 800 1489 verbera
814 1463 998 1490 comminatus

1306 845 1479 873 ΕΠΙΣΤΟΛΗ
1498 846 1555 873 MZ'

1368 903 1506 937 Θεοτίμφ.

1087 958 1212 994 Ἀρίθμει
1225 958 1272 985 καὶ
1285 957 1388 993 Πέτρον
1401 958 1486 993 ὀργὴν
1506 958 1710 992 Πενταπόλεως,
1727 959 1834 995 ἂνθρω-

1047 1013 1097 1032 πον
1109 1005 1139 1031 οὗ
1156 1004 1238 1040 τέχνῃ
1252 1004 1377 1040 μετιόντα
1391 1004 1422 1030 τδ
1440 1003 1514 1030 λύειν
1527 1005 1592 1037 τοὺς
1606 1005 1722 1040 νόμους·
1743 1006 1836 1032 καίτοι

1045 1050 1094 1078 καὶ
1115 1051 1162 1078 τὸν
1187 1049 1259 1077 οὕτω
1279 1050 1416 1086 μετιόντα,
1440 1049 1526 1085 μισῶ·
1543 1051 1590 1078 καὶ
1607 1051 1622 1077 ό
1636 1051 1704 1083 Θεὸς
1717 1051 1835 1083 σύνοιδε,

1046 1096 1094 1124 καὶ
1107 1096 1122 1123 ὁ
1145 1095 1346 1132 Διοσκουρίδης.
1377 1095 1446 1122 Ἀλλ’
1470 1092 1548 1128 οὗτός
1563 1097 1621 1124 ἐστι
1639 1098 1836 1134 νεανικώτερος

1046 1142 1152 1169 ἐκείνου
1182 1141 1304 1177 τάνδρός.
1321 1142 1403 1168 ὐτου
1428 1141 1482 1178 γὰρ
1507 1142 1670 1178 ἐπιθυμήσει
1693 1145 1837 1179 χρήματος

1047 1187 1155 1223 πρῶτον
1189 1187 1331 1222 ἁρπάσας,
1359 1187 1406 1213 καὶ
1439 1186 1484 1221 ὑφ’
1515 1187 1611 1214 ἑαυτὸν
1633 1188 1834 1223 ποιησάμενος,

1047 1234 1142 1261 ἔπειτα
1152 1233 1266 1268 πράττει
1278 1232 1327 1268 τὴν
1337 1231 1423 1267 δίκην.
1441 1231 1500 1259 Κᾶν
1513 1232 1569 1268 ἁλῷ
1581 1234 1616 1268 τῇ
1630 1233 1721 1267 ψήφῳ,
1740 1235 1838 1268 κρατεί

1046 1278 1080 1312 τῇ
1093 1277 1176 1312 χειρί.
1195 1277 1289 1308 Οὕτως
1302 1276 1427 1312 ἐποίησε·
1444 1277 1552 1312 πρῶτον
1563 1278 1671 1313 ἥρπασε
1685 1279 1834 1314 κεράμιον·

1048 1323 1188 1360 ἐγράψατό
1200 1331 1243 1355 τις
1257 1323 1354 1350 αὐτόν’
1369 1324 1383 1350 ὁ
1395 1323 1445 1357 μὲν
1459 1323 1573 1359 ἤλεγξεν
1582 1332 1590 1340 ο
1606 1325 1621 1351 ὀ
1631 1324 1660 1350 δὲ
1670 1324 1720 1351 οὐκ
1730 1321 1839 1352 ἀπέδω-

1049 1377 1106 1401 κεν,
1125 1367 1195 1396 ἀλλὰ
1218 1369 1266 1396 καὶ
1288 1369 1492 1404 προσηπείλησε
1515 1371 1571 1401 τοῖς
1594 1370 1702 1406 δημίοις
1717 1371 1834 1405 πληγάς.

1049 1415 1121 1450 Πρὸς
1131 1414 1162 1441 ὃν
1173 1415 1327 1450 νεμεσήσας
1339 1414 1405 1449 ἐγὼ,
1418 1415 1464 1442 καὶ
1473 1415 1587 1451 νομίσας
1601 1416 1652 1443 οὐκ
1666 1414 1734 1443 εἶναι
1746 1417 1839 1452 βιώσι-

1052 1470 1111 1497 μον,
1133 1461 1200 1489 ὄπου
1223 1461 1296 1493 τινες
1315 1461 1419 1488 ίδιῶται
1440 1462 1533 1497 χεῖρας
1550 1461 1641 1497 ἔχουσι
1659 1462 1768 1497 μείζους
1784 1463 1839 1489 τῶν

208 1510 265 1535 est.
285 1507 387 1535 Contra
403 1514 486 1543 quem
501 1507 690 1543 indignatione
703 1513 870 1539 commotus,
894 1515 947 1535 nec
961 1507 997 1535 ibi

1054 1508 1154 1544 νόμων,
1169 1508 1363 1544 παρεσκεύασα
1378 1508 1588 1544 λαμπροτάτους
1605 1508 1704 1544 ἄνδρας
1714 1509 1840 1542 etiamm;

212 1553 324 1581 vitalem
343 1552 411 1581 mihi
428 1561 492 1582 esse
509 1555 594 1582 vitam
610 1558 698 1588 ratus,
711 1554 759 1582 ubi
772 1554 871 1590 privati
887 1554 1000 1589 quidam

211 1605 312 1626 manus
323 1598 456 1627 haberent
467 1599 573 1635 legibus
587 1600 756 1634 potentiores
765 1620 774 1633 ,
787 1599 850 1632 feci,
868 1605 899 1626 ut
910 1599 1003 1635 splen-

209 1644 351 1672 didissimi
366 1644 492 1673 homines
506 1645 607 1673 decreti
618 1646 782 1673 auctoritate
795 1645 905 1673 adducti
915 1645 1003 1680 reipu-

213 1689 294 1717 blicae
301 1690 385 1717 statui
401 1691 615 1726 opitularentnr.
628 1690 657 1718 Si
666 1691 740 1718 enim
750 1690 803 1718 hoc
816 1691 841 1718 ei
851 1691 1003 1725 processis-

211 1739 267 1767 set,
281 1735 382 1763 multos
398 1735 474 1763 brevi
489 1735 586 1764 Petrus
596 1735 773 1764 vidissemus.
789 1735 819 1762 In
837 1743 893 1771 quo
907 1735 1003 1764 claris-

211 1782 287 1809 simo
299 1782 359 1810 viro
368 1781 499 1818 Martyrio
506 1788 632 1817 magnam
642 1781 731 1808 habeo
745 1781 872 1817 gratiam,
884 1781 930 1816 qui
941 1788 1001 1808 cum

214 1829 336 1856 maxime
353 1828 405 1856 hoc
416 1833 512 1856 nostro
530 1835 597 1856 casu
616 1827 723 1858 doluit,
742 1831 798 1855 tum
811 1827 934 1855 omnium
952 1827 1003 1854 fuit

214 1873 244 1900 in
260 1881 312 1908 ope
329 1873 440 1901 ferenda
463 1873 696 1909 promptissimus.
719 1872 835 1907 Propter
862 1880 924 1908 quae
938 1872 1003 1900 boni

215 1919 320 1954 aliquid
343 1926 359 1946 a
385 1918 440 1947 Deo
461 1923 658 1955 consequatur.
682 1918 735 1946 Sed
762 1919 896 1954 optimum
912 1923 1002 1947 tamen

217 1965 272 1993 erit
287 1965 358 2000 apud
368 1964 543 1992 Anthemium
554 1972 611 1993 rem
622 1964 697 1992 illam
710 1963 801 1992 fraudi
816 1965 842 1992 ei
858 1972 914 1992 non
929 1972 1003 1998 esse,

218 2013 243 2040 si
262 2012 297 2040 ab
312 2012 359 2040 illo
372 2012 486 2044 Petrus,
501 2011 730 2047 quemadmodum
754 2011 875 2039 minatus
887 2015 941 2045 est,
957 2019 1003 2039 re-

218 2059 337 2094 petierit.
363 2058 417 2086 Sed
434 2065 470 2086 ne
494 2058 548 2086 hoc
571 2057 714 2092 contingat
728 2077 737 2091 ,
758 2060 788 2085 te
811 2057 898 2085 etiam
920 2061 1004 2093 atque

214 2105 300 2132 etiam
311 2105 443 2135 obtestor.
459 2112 491 2132 ac
509 2111 557 2140 per
572 2106 601 2131 te
619 2102 806 2131 admirabilem
822 2103 899 2131 illum
914 2110 947 2131 ac
960 2110 1004 2132 sa-

217 2151 339 2187 pientem
356 2149 498 2178 Troilum:
517 2149 660 2186 prohibete
673 2148 859 2184 importunam
872 2148 947 2176 illam
961 2155 1006 2184 pe-

1051 1554 1186 1588 ἀποφάσει
1201 1554 1332 1589 βοηθῆσαι
1346 1555 1380 1589 τῇ
1395 1554 1562 1581 καταστάσει
1580 1555 1630 1590 τῆς
1645 1554 1796 1586 πολιτείας.
1808 1555 1840 1581 Et

1051 1601 1105 1636 γὰρ
1128 1600 1325 1636 προύχώρησεν
1350 1600 1435 1634 αὐτῷ,
1464 1599 1579 1631 πολλοὺς
1597 1600 1631 1627 ἂν
1655 1600 1731 1631 ἐντὸς
1747 1601 1840 1635 ὀλίγου

1051 1647 1171 1682 Πέτρους
1183 1646 1367 1681 ἐθεασάμεθα·
1388 1646 1432 1673 Ἐν
1444 1642 1466 1680 ᾧ
1479 1646 1560 1682 χάριν
1573 1646 1627 1682 ἔχω
1636 1647 1675 1682 τῷ
1690 1647 1841 1683 θαυμαστῷ

1051 1692 1212 1728 Μαρτυρίῳ,
1231 1692 1279 1719 καὶ
1294 1692 1547 1727 συνηγανακτηκότι
1565 1692 1692 1726 μάλιστα,
1709 1694 1756 1719 καὶ
1771 1702 1839 1727 προ-

1052 1738 1191 1773 θυμότατα
1215 1737 1325 1765 πάντων
1344 1737 1557 1773 ὺπηρετήσαντι.
1587 1738 1658 1764 ⁹Δνθ¹
1680 1735 1717 1765 ὧν
1738 1739 1841 1772 ἀγαθὸν

1052 1783 1133 1810 αὑτοῦ
1146 1791 1173 1810 τι
1185 1782 1289 1817 γένοιτο
1306 1781 1382 1817 παρὰ
1397 1781 1445 1808 τοῦ
1460 1781 1539 1809 Θεοῦ.
1554 1781 1635 1817 Παρὰ
1647 1782 1676 1808 δὲ
1697 1782 1840 1817 ’Δνθεμίου

1052 1829 1143 1861 καλῶς
1162 1829 1195 1856 ἂν
1211 1828 1267 1864 ἔχοι
1287 1828 1318 1854 τὸ
1332 1828 1369 1863 μὴ
1383 1827 1469 1854 κακόν
1482 1835 1508 1853 τι
1526 1827 1629 1861 λαϐεῖν,
1642 1829 1665 1854 εί
1676 1828 1778 1863 Πέτρος
1790 1829 1840 1855 αὐ-

1052 1875 1109 1908 τδν,
1133 1874 1228 1909 ὥσπερ
1249 1873 1408 1909 ἠπείλησεν,
1432 1873 1622 1908 ἀπαιτήσειεν.
1646 1873 1716 1900 Ἀλλ’
1738 1874 1782 1900 ἵνα
1805 1875 1842 1910 μὴ

1053 1915 1166 1957 γένηται
1188 1920 1284 1952 τοῦτο,
1299 1919 1395 1955 δέομαι
1409 1919 1492 1952 πάνυ,
1507 1919 1603 1954 δέομαι
1624 1919 1672 1946 σοῦ
1694 1928 1725 1946 τε
1745 1920 1840 1949 αὐτοῦ.

1053 1967 1101 1993 καὶ
1124 1966 1169 1993 διὰ
1188 1965 1235 1992 σοῦ
1256 1964 1304 1992 τοῦ
1330 1965 1484 2001 θαυμασίου
1511 1965 1608 2000 ἀνδρὸς
1632 1966 1679 1992 καὶ
1695 1965 1841 2001 φιλοσόφου

1053 2011 1187 2047 Τρωῒλου,
1199 2005 1340 2038 κωλύσατε
1357 2009 1404 2037 τὸν
1418 2010 1565 2046 ἀλητήριον
1581 2010 1725 2045 ἄνθρωπον
1737 2011 1787 2047 τὴν
1799 2012 1842 2038 διὰ

1053 2058 1108 2085 τῶν
1122 2058 1212 2094 νόμων
1224 2057 1270 2084 ἐπὶ
1281 2057 1343 2089 τοὺς
1357 2057 1456 2092 νόμους
1473 2057 1568 2085 ἐλθεῖν.
1587 2057 1663 2093 Ἐμοὶ
1676 2057 1724 2084 καὶ
1740 2058 1842 2085 Πεντα-

1055 2104 1158 2136 πόλεως
1176 2102 1262 2139 past,
1280 2103 1329 2129 καὶ
1341 2102 1390 2129 τοῦ
1411 2102 1448 2138 μὴ
1460 2101 1600 2137 γεγονέναι
1614 2102 1684 2138 φίλῳ
1698 2106 1843 2141 συμφορᾷς

1055 2149 1150 2176 αῐτιον.
1164 2147 1201 2175 Τὸ
1211 2147 1240 2174 δὲ
1250 2147 1310 2179 πῶς
1321 2145 1354 2174 ἃν
1365 2146 1536 2181 συκοφάντης
1543 2145 1703 2180 ἀνακοπείη,
1714 2146 1765 2173 οὐκ
1775 2147 1842 2182 ἐμὶν

216 2184 300 2228 stem,
317 2203 351 2223 ne
368 2195 457 2231 legum
469 2184 603 2223 adversus
620 2194 696 2230 leges
712 2193 842 2230 prmidio
854 2201 885 2223 se
899 2193 997 2222 contir-

1054 2194 1155 2229 εὑρεῖν,
1168 2192 1236 2220 ἀλλὰ
1252 2191 1308 2225 σὺν,
1323 2188 1346 2219 ὦ
1369 2191 1438 2228 πρὸς
1456 2190 1490 2218 τὰ
1505 2190 1577 2218 καλὰ
1593 2190 1702 2218 πάντων
1714 2191 1746 2219 σὺ
1767 2201 1842 2227 πορι-

218 2246 284 2270 met.
300 2241 357 2278 Ego
370 2249 436 2270 vero
451 2245 477 2270 et
491 2241 648 2276 Pentapolis
662 2247 758 2268 curam
784 2247 862 2276 gero.
877 2244 905 2268 et
916 2239 1001 2275 hujus

1055 2239 1173 2275 μώτατε.

218 2294 360 2325 praeterea,
377 2296 412 2316 ne
425 2288 514 2316 amico
534 2287 638 2315 homini
657 2287 843 2314 calamitatem
866 2286 1016 2314 attulerint.
1035 2285 1271 2319 Quemadmodum
1287 2289 1379 2314 autem
1397 2286 1569 2322 sycophanta
1580 2290 1752 2319 coerceatur,
1787 2293 1841 2314 non

219 2343 308 2364 meum
322 2339 365 2364 est
379 2334 513 2366 invenire.
528 2333 576 2362 sed
601 2337 678 2360 tuum
714 2333 816 2368 potius,
829 2340 846 2360 o
859 2332 902 2360 vir
914 2332 950 2360 ad
965 2332 1080 2360 honesta
1096 2331 1190 2359 omnia
1205 2331 1387 2368 excogitanda
1401 2332 1594 2360 solertissime.

463 2401 630 2431 EPISTOLA
640 2400 757 2429 XLVIII.

536 2457 693 2494 Pyhzmeni.

254 2518 332 2552 Quod
344 2518 377 2546 ad
392 2518 493 2553 regiam
504 2520 532 2545 te
543 2516 680 2544 civitatem
691 2514 802 2543 confers
816 2534 824 2548 ,
839 2514 909 2542 bene
925 2513 1003 2542 facis.

221 2566 340 2594 Tametsi
351 2566 423 2593 enim
437 2565 479 2592 vel
491 2564 562 2591 inter
575 2563 733 2591 Isaurorum
749 2565 857 2590 montes
869 2569 1003 2596 prospera

222 2609 330 2636 fortuna
346 2610 473 2642 utereris,
490 2607 672 2635 nihilominus
689 2605 806 2634 felicitas
822 2606 880 2640 ipsa
891 2610 1004 2642 propter

223 2656 313 2682 locum
332 2655 467 2682 infelicior
479 2659 529 2682 cst.
546 2653 606 2682 Mea
622 2658 713 2681 autem
732 2652 860 2681 nonnihil
875 2652 1003 2687 privatim

223 2701 349 2732 interest,
374 2699 403 2726 in
431 2699 492 2734 ipsa
520 2703 547 2726 te
574 2698 649 2734 regis
675 2697 819 2725 commode
840 2697 1006 2730 haberi,ubi

223 2751 398 2771 commorans
412 2744 549 2780 accipies,
567 2747 594 2772 et
618 2743 696 2771 dabis
715 2744 820 2771 litteras
832 2764 840 2777 ,
859 2751 920 2779 quae
939 2738 1019 2771 mihi

226 2795 290 2818 sunt
307 2792 439 2824 omnium,
456 2799 518 2827 qua
535 2799 551 2820 e
564 2789 681 2819 Thracia
693 2794 884 2826 exportantur,
900 2798 1007 2819 merces

227 2837 441 2870 pretiosissimae.

1319 2400 1492 2428 ΕΠΙΣΤΟΔΗ
1510 2401 1580 2429 MH’.

1353 2457 1538 2492 Πυλαιμένει.

1089 2513 1189 2545 Καλῶς
1208 2514 1296 2546 ποιεῖς
1314 2513 1352 2545 είς
1373 2513 1422 2549 τὴν
1442 2513 1557 2548 ἔχουσαν
1570 2513 1615 2540 τὸν
1631 2513 1744 2548 βασιλέα
1766 2513 1844 2540 πόλιν

1055 2559 1220 2588 ἐπανελθών.
1235 2560 1268 2587 Ei
1280 2560 1336 2595 γὰρ
1348 2559 1400 2587 κᾶν
1416 2561 1472 2591 τοῖς
1483 2559 1614 2594 Ἱσαύρων
1625 2559 1715 2595 ὄρεσιν
1725 2560 1742 2595 ἡ
1754 2559 1844 2594 ἀγαθὴ

1055 2615 1098 2633 σοι
1113 2605 1181 2642 τύχη
1198 2606 1291 2641 συνῆνο
1309 2605 1367 2632 ἀλλ’
1387 2605 1460 2632 ἔστιν
1477 2605 1589 2640 εὐτυχία
1605 2605 1682 2641 παρὰ
1698 2605 1745 2632 τὸν
1761 2606 1845 2632 τόπον

1056 2652 1237 2687 άτυχεστέρα,
1256 2651 1334 2686 Ἐμοὶ
1349 2651 1377 2678 δέ
1394 2660 1421 2677 τι
1433 2651 1482 2678 καὶ
1497 2650 1551 2686 ὶδιᾳ
1565 2650 1706 2687 διαφέρει,
1726 2651 1757 2677 τὸ
1779 2652 1844 2686 παρ’

1056 2699 1127 2726 αὐτὰ
1145 2707 1176 2725 σε
1190 2697 1321 2734 πράττειν
1336 2695 1366 2724 εὖ
1382 2697 1416 2724 τὰ
1436 2696 1568 2732 βασίλεια,
1583 2693 1614 2723 οὗ
1627 2696 1781 2732 διατρίϐων.
1799 2698 1846 2723 καὶ

1056 2744 1130 2780 λήψῃ
1145 2745 1192 2771 καὶ
1206 2744 1324 2779 πέμψεις
1340 2743 1483 2775 ἐπιστολάς
1492 2763 1500 2776 ,
1511 2743 1542 2770 τδ
1553 2742 1771 2778 τιμαλφέστατον
1785 2744 1847 2777 ἐμοὶ

1057 2791 1112 2818 τῶν
1128 2790 1182 2818 ἀπὸ
1193 2790 1303 2826 Θρᾴκης
1317 2789 1475 2826 ἀγωγίμων.
