1955 3063
114 147 187 174 1577

384 202 558 230 ΕΠΙΣΤΟΛῐί
576 203 644 230 MB'.

454 249 593 283 Θεοτίμῳ.

155 293 233 321 Πλέω
252 293 322 321 καλὰ
343 293 392 329 τῆς
413 294 560 329 Σιμωνίδου
581 294 724 327 συνουσίας
752 295 843 330 Ἱέρων
858 296 911 323 ἀπ-

115 339 268 376 ἐλαυσεν,ἢ
283 340 432 375 Σιμωνίδης
445 340 577 376 Ἱέρωνος.
590 341 645 368 Καὶ
655 340 699 367 ναὶ
714 340 753 376 μὰ
764 341 810 368 τὸν
823 341 910 376 φίλιον

115 385 164 412 τὸν
186 386 252 420 ἐμόν
267 394 297 412 τε
325 385 373 413 καὶ
390 386 445 418 σὺν,
461 386 523 413 οὔτε
539 395 569 413 σε
584 386 664 414 πλέον
690 387 845 423 ἑμακάρισα
859 388 909 422 τῆς

123 431 266 465 ’Δνθεμίου
276 430 324 458 τοῦ
336 432 454 466 μεγάλου
469 431 569 466 φιλίας,
583 432 601 467 ἢ
617 432 668 467 τῆς
682 432 732 467 σῆς
743 432 823 459 αὑτὸν
839 433 909 459 ἐκεῖ·

115 485 163 503 νον
180 476 225 503 τὸν
237 476 324 512 μέγαν
343 476 494 512 “Ᾱνθὲμιον.
519 477 609 514 Ἀνδρὶ
622 477 679 513 γὰρ
693 477 782 512 ἔχοντι
794 477 909 512 δύναμιν

114 519 144 546 τί
162 519 255 555 κτῆμα
269 519 389 553 κάλλιον,
406 521 423 556 ἢ
440 520 517 555 φίλος
541 519 608 557 ἦθος
627 521 816 557 ἀκαπήλευτον
836 530 909 557 παρ-

115 564 262 600 εχόμενος;
283 563 346 592 Οἷον
362 565 418 600 ἐγὼ
433 565 564 601 Θεὸτιμον
588 564 663 598 οῐδα,
677 567 726 603 τὴν
742 567 908 602 πραοτάτην,

116 609 167 636 καὶ
182 610 290 646 θεοφιλῆ
305 611 436 647 κεφαλήν.
456 611 538 639 Ἀλλὰ
551 611 630 639 τοῦτο
647 612 696 648 μὲν
713 612 745 639 σὺ
761 612 908 648 Σιμωνίδου

117 655 201 682 πλέον
227 657 323 687 ποιεῖς.
350 657 503 692 Σιμωνίδης
525 657 580 693 γὰρ
604 658 685 690 αὐτὸς
704 658 838 694 ὡμολόγει
853 659 908 694 (65)

116 702 188 738 πρὸς
200 702 330 738 ἀργύριον
341 703 522 738 διαλέγεσθαι.
541 704 645 731 Ἐκεῖνο
656 704 684 731 δὲ
696 705 794 738 κοινὸν,
808 705 850 732 ὅτι
861 705 910 733 καὶ

117 748 271 784 Σιμωνίδης
287 749 397 784 Ἱέρωνα
411 751 445 785 τῇ
459 750 567 786 διαδοχῇ
579 750 626 777 τοῦ
639 750 736 786 χρόνου
749 751 906 786 συνέστησε·

117 793 166 819 καὶ
177 793 221 820 διὰ
234 794 282 829 τῆς
294 793 424 830 Θεοτίμου
438 796 572 830 ποιήσεως
583 794 639 831 [ῃο.
650 795 700 827 τὰς
711 796 812 831 Σιμων.
830 797 909 832 ποιή-

118 838 199 875 σεις],
211 839 265 865 ἐστ’
278 839 311 866 ἂν
325 840 455 876 Ἕλληνες
470 838 532 873 ὦσι,
546 842 629 873 πολὺς
648 841 789 877 ’Δνθέμιος
805 843 834 869 ὲν
848 844 909 875 ταῖς

731 149 922 178 EPISTOLIE.
935 161 971 169 -ο
982 147 1090 176 EPIST.
1107 147 1138 175 L.

1678 146 1748 174 1578

1202 199 1379 236 ,ΕΡιδτοιΑ
1393 199 1487 229 xux.

1286 245 1430 272 Theotimo.

994 293 1077 320 Plura
1093 300 1125 320 ex
1140 291 1291 320 Simonidis
1305 291 1490 318 familiaritate
1503 290 1645 318 commoda
1664 289 1746 317 lliero

960 343 1128 367 consecutus
1144 342 1196 370 est.
1211 345 1294 373 quant
1314 345 1346 365 ex
1370 337 1498 366 Hieronis
1512 336 1681 365 Simonides.
1706 339 1746 365 Ac

961 385 1045 413 Deum
1062 389 1149 412 testor
1162 385 1288 412 amicitia:
1304 388 1407 411 nostrae
1432 383 1574 419 praesidem
1590 402 1598 415 ,
1613 391 1702 418 neque
1716 387 1745 411 te

960 431 1108 458 beatiorem
1134 430 1169 458 de
1193 430 1285 465 magni
1303 430 1378 458 illius
1399 429 1540 457 Anthemii
1555 428 1744 461 familiaritate

960 476 1121 512 praedicavi,
1146 483 1228 511 quam
1256 476 1290 503 de
1313 480 1360 503 tua
1388 482 1516 510 magnum
1535 474 1661 503 eumdem
1687 476 1746 502 An-

959 522 1102 550 themium.
1117 521 1226 549 Homini
1238 522 1311 550 enim
1325 525 1461 556 potestate
1472 520 1597 557 praedito,
1612 527 1674 556 qua:
1684 528 1744 548 me-

959 568 1012 596 lior
1027 573 1070 596 est
1088 568 1245 603 possessio,
1263 575 1346 603 quam
1369 567 1485 600 amicus,
1503 567 1551 602 qui
1567 566 1685 595 sinceris
1709 566 1746 594 sit

958 614 1125 649 minimeque
1146 613 1247 642 fucatis
1270 613 1416 641 moribus?
1441 613 1550 648 qualem
1571 619 1621 648 ego
1631 611 1745 640 Theoti-

958 667 1032 687 mum
1043 660 1117 692 novi,
1129 660 1316 692 mitissimum,
1328 666 1362 687 ac
1372 658 1428 687 Deo
1441 659 1634 687 charissimum
1649 663 1742 694 caput.

958 707 993 734 At
1015 706 1068 734 hoc
1089 705 1231 734 Simonide
1255 706 1373 741 amplius
1392 705 1473 734 facis.
1498 704 1566 732 Nam
1586 704 1745 732 Simonides

961 753 1042 789 188
1056 752 1116 787 ipse
1130 753 1220 788 pretio
1240 748 1340 780 adduci
1361 760 1391 780 se
1414 752 1448 779 ad
1469 750 1660 779 disserendum
1679 751 1746 778 fate-

958 799 1049 826 batur.
1069 798 1126 826 Hoc
1144 799 1279 827 ambobus
1295 805 1442 826 commune
1457 803 1510 830 est,
1527 797 1601 833 quod
1613 801 1641 825 et
1653 796 1744 823 Simo—

960 846 1038 873 uides
1051 844 1195 874 Hieronem
1211 846 1331 881 posteris
1346 845 1516 880 temporibus
1529 844 1743 876 commendavit,

117 873 272 920 sitv—167ml
286 873 447 922 διατριϐαῖς.
472 887 551 913 Ἀλλὰ
565 887 599 914 τὰ
616 887 666 922 μὲν
683 873 826 923 Ῥωμαίων
841 873 904 915 ὲκεῖξ

958 896 985 919 et
1002 891 1138 919 Theotimi
1155 873 1275 926 poetices
1289 873 1436 923 benefici-0,
1453 890 1575 926 quandiu
1591 889 1680 917 Grmci
1692 890 1744 916 du-

117 940 164 963 νος
176 931 260 965 αῠξοι·
277 933 308 958 σὺ
321 932 349 958 δὲ
362 932 466 959 ἐκείνου
479 932 509 960 τὸ
519 933 614 968 ὄνομα.
632 934 762 969 Ποιητικῇ
779 933 832 969 γὰρ
843 934 907 960 ἔδω-

117 985 166 1004 κεν
185 979 199 1004 ὁ
224 977 290 1010 Θεὸς
310 977 450 1013 ταμιεύειν
475 977 531 1014 [γρ.
558 979 764 1015 ἀποταμιεύειν]
786 980 836 1015 τὴν
860 979 906 1006 εὓ-

117 1022 222 1054 κλειαν,
235 1021 270 1060 ἦς
283 1023 314 1049 τὸ
329 1023 409 1051 καλὸν
426 1025 466 1056 είς
479 1024 509 1050 σὲ
523 1025 660 1060 περιήκει.

959 938 1071 969 rabunt,
1087 937 1250 965 Anthemius
1264 937 1317 965 erit
1336 937 1458 964 omnium
1479 937 1634 964 litterarqu
1653 934 1744 962 moni-

959 984 1059 1010 mentis
1071 983 1277 1011 celeberrimus.
1289 983 1390 1011 Verum
1404 991 1449 1011 res
1460 983 1505 1010 ille
1520 982 1631 1017 quidem
1644 981 1745 1008 Roma-

960 1035 1009 1055 nas
1024 1027 1183 1062 ampliﬁcet,
1198 1031 1228 1056 tu
1258 1028 1333 1056 illius
1349 1036 1449 1056 nomen
1472 1033 1553 1062 atque
1573 1027 1742 1055 memoriam.

119 1068 177 1095 Hoc
192 1070 266 1096 enim
278 1069 393 1104 poeticae
407 1077 421 1097 a
436 1069 491 1097 Deo
504 1077 669 1099 concessum
684 1074 737 1104 est,
749 1075 779 1099 ut
793 1072 908 1107 gloriam
930 1073 1070 1101 hominum
1089 1073 1245 1110 famamque
1261 1075 1413 1110 dispenset,
1434 1074 1516 1109 cujus
1530 1075 1558 1101 in
1576 1079 1601 1101 te
1615 1072 1745 1109 splendor

118 1116 210 1144 omnis
229 1125 262 1144 ac
278 1117 363 1146 decus
379 1117 525 1145 redundat.

395 1163 568 1192 ΕΠΙΣΤΟΛΗ
586 1164 626 1194 N’.

412 1210 457 1244 Τῷ
472 1211 602 1247 ἀδελφῷ.

161 1256 304 1284 Ἀπέκτονε
316 1256 372 1294 [γρ.
389 1258 554 1294 ἀπέκτεινε],
572 1258 638 1294 φησί
648 1267 702 1292 τις,
719 1258 844 1294 Ἰωάννης
859 1259 906 1286 Αἰ-

120 1302 223 1337 μύλιον·
239 1304 331 1339 ἔτερος
350 1303 454 1338 δέοτις,
469 1305 533 1337 τοὺς
552 1305 777 1340 πολιτευομένους
792 1305 905 1340 ἐχθροὺς

118 1349 162 1374 ἐπ’
175 1348 249 1384 αὐτῷ
259 1349 345 1376 ταῦτα
357 1350 525 1385 συμπλάσαι.
540 1350 577 1376 Τὸ
594 1349 643 1386 μὲν
655 1348 701 1377 οὖν
720 1349 821 1386 ἀληθὲς
836 1349 905 1377 οἶδεν

119 1395 136 1429 ὴ
155 1394 226 1430 δίκη,
240 1396 287 1422 καὶ
297 1395 312 1421 ὸ
323 1395 418 1431 χρόνος
429 1396 550 1432 εὑρήσει.
568 1395 639 1430 Ἐγὼ
650 1396 679 1423 δὲ
691 1396 793 1431 καίπερ
807 1396 905 1431 ἀδήλου

117 1440 165 1466 τοῦ
185 1440 346 1476 πράγματος
360 1441 445 1473 ὄντος,
462 1439 538 1477 οἶμαι
552 1441 606 1468 δεῖν
624 1441 747 1473 ἅπαντας
765 1441 828 1477 ἑξῆς
839 1442 906 1468 ἀπο-

118 1486 321 1520 τροπιάζεσθαι·
337 1486 382 1513 τὸν
398 1487 457 1522 μὲν,
481 1488 521 1514 ὅτι
543 1487 663 1519 τοιοῦτός
681 1488 766 1519 ἐστιν,
791 1487 856 1514 ὥστ’
881 1488 906 1514 εἰ

119 1532 165 1556 καὶ
181 1531 218 1566 μὴ
232 1531 392 1566 πεποίηκεν,
406 1531 463 1558 ἀλλ’
479 1532 606 1567 ἐποίησεν
618 1532 660 1559 ἄν’
679 1531 726 1558 καὶ
740 1533 795 1563 τοῖς
808 1531 905 1559 ἑαυτοῦ

1240 1162 1406 1191 EPISTOLA
1425 1162 1457 1191 L.

1299 1209 1403 1238 Fratri.

991 1255 1124 1288 Joannes,
1133 1255 1242 1290 aitjste,
1250 1255 1401 1292 1Emy|ium
1411 1255 1527 1290 occidit,
1536 1256 1606 1285 alius
1613 1265 1678 1285 vero
1685 1257 1744 1285 haec

958 1301 993 1329 ab
1005 1301 1124 1330 inimicis
1139 1302 1212 1337 ejus,
1229 1302 1277 1337 qui
1294 1301 1491 1338 rempublicam
1498 1306 1610 1338 gerunt,
1625 1303 1742 1331 conficta

957 1356 1019 1376 esse
1031 1348 1108 1376 dicit.
1126 1347 1308 1382 Quamobrem
1320 1349 1359 1376 rei
1376 1348 1489 1384 quidem
1507 1349 1650 1377 veritatem
1666 1351 1743 1378 novit.

953 1393 1073 1428 justitia,
1089 1397 1252 1429 tempusque
1264 1394 1460 1429 deprehendet.
1474 1394 1532 1430 Ego
1553 1403 1630 1429 vero,
1646 1403 1743 1431 quam-

955 1442 998 1468 vis
1013 1440 1102 1467 adhuc
1119 1440 1224 1468 incerta
1238 1448 1279 1474 re,
1295 1447 1394 1468 omnes
1411 1440 1446 1468 ad
1465 1449 1548 1468 unum
1565 1441 1745 1477 detestandos

956 1490 1023 1522 puto
1040 1495 1047 1514 :
1063 1486 1141 1514 illum
1157 1485 1278 1521 quidem,
1289 1486 1418 1522 quoniam
1435 1486 1569 1521 ejusmodi
1581 1491 1635 1521 est,
1652 1492 1693 1520 ut,
1710 1488 1742 1515 li-

956 1535 1001 1560 cet
1017 1531 1069 1559 hoc
1082 1539 1137 1558 non
1151 1532 1332 1564 commiserit,
1348 1535 1376 1558 at
1386 1532 1586 1560 commissurus
1598 1538 1674 1561 certe
1686 1533 1743 1561 fue-

118 1576 227 1610 τρόποις
247 1576 404 1611 πρέπουσαν
418 1576 507 1604 αίτίαν
526 1577 635 1610 ἐδέξατο
647 1585 654 1593 ⁸
671 1578 735 1609 τοὺς
753 1577 782 1603 δὲ
799 1577 845 1604 καὶ
865 1577 902 1613 μὴ

957 1578 999 1611 rit,
1015 1585 1066 1607 nec
1079 1578 1272 1606 abhorrentem
1287 1585 1303 1604 a
1313 1578 1373 1606 suis
1383 1578 1505 1606 moribus
1519 1579 1743 1607 criminationem

119 1621 273 1653 πλάσαντας
284 1642 291 1655 ,
309 1622 350 1648 ὅτι
373 1621 541 1649 συνέπλασαν
554 1621 596 1649 ἄν·
620 1622 668 1649 καὶ
682 1623 750 1658 πρὸς
765 1623 854 1649 αὐτῶν
871 1623 902 1649 τὸ

119 1667 281 1703 ἐγχείρημα.
299 1667 343 1699 Ὠς
355 1667 427 1695 ἔστιν
438 1665 503 1704 ἦθος
515 1668 648 1695 ἀνοίκειον
661 1667 763 1704 ὑποψίᾳ
773 1668 826 1695 τινί
833 1668 900 1704 (64)·

119 1713 170 1740 κᾶν
186 1713 211 1740 εί
228 1714 382 1749 συνωμόται
405 1714 498 1741 πολλοὶ
522 1717 698 1751 μαρτυροῖεν,
720 1714 797 1742 οῡδδν
810 1715 902 1746 αὐτοῖς

119 1759 193 1786 ἔσται
204 1759 284 1787 πλέον
299 1761 340 1792 είς
354 1760 455 1787 πίστιν.
470 1757 532 1788 οἷον
543 1760 570 1787 εί
581 1769 624 1792 τις
634 1758 799 1796 ἑταιρήσεως
809 1758 902 1786 διώκοι

118 1804 163 1831 τὸν
177 1805 287 1836 Δίαντα,
302 1805 389 1839 γέλως
401 1805 434 1832 ἂν
444 1805 486 1840 είη
500 1804 612 1837 πλατύς.
631 1804 661 1832 '0
673 1804 702 1831 δὲ
720 1804 902 1839 Ἀλέξανδρος,

120 1851 144 1876 εί
160 1851 197 1885 μὴ
214 1851 306 1885 θῆλυς,
325 1851 393 1878 ἀλλὰ
409 1850 552 1886 θηλυδρίας
568 1859 601 1885 γε
616 1848 661 1887 ἦν,
681 1851 728 1877 καὶ
744 1850 793 1886 τὴν
812 1850 902 1877 αἰτίαν

119 1895 226 1932 ἐχώρει.
242 1896 294 1923 Τὸν
307 1897 424 1932 Σίσυφον
435 1896 464 1923 δὲ
476 1897 523 1924 καὶ
539 1897 585 1924 τὸν
607 1896 735 1924 Ὀδυσσέα
751 1896 831 1932 μισῶ.
847 1896 902 1923 Καὶ

120 1941 174 1978 γὰρ
188 1941 215 1968 εί
228 1950 255 1968 τι
268 1942 315 1969 καὶ
327 1940 430 1976 λέγοιεν
443 1942 554 1978 ἀληθὲς,
567 1942 637 1970 ἀλλὰ
649 1941 763 1970 τοιοῦτοί
778 1951 810 1976 γε
817 1941 902 1978 ἦσαν,

119 1986 169 2014 οἷοι
185 1988 220 2014 τὰ
235 1987 319 2014 πλείω
339 1987 398 2024 [γρ.
420 1987 513 2025 πλεῖα]
532 1988 687 2024 ψεύδεσθαι.
717 1988 788 2023 Ἐγὼ
811 1989 839 2016 δὲ
862 1986 904 2020 οἷς

120 2033 220 2069 ἀτυχῶ,
236 2033 296 2060 λίαν
314 2033 435 2069 εὐτυχῶ,
451 2034 567 2061 πολιτῶν
580 2034 708 2061 τοιούτων
732 2034 837 2070 ἐχθρῶν
857 2034 904 2061 καὶ

121 2080 202 2114 φίλων
218 2080 405 2116 στερούμενος.
419 2080 626 2116 Διατετειχίσθω
637 2089 682 2116 μοι
693 2080 727 2108 τὰ
739 2081 808 2116 πρὸς
819 2081 903 2108 ἃπαν-

120 2135 177 2159 τας.
195 2126 278 2154 Οὐδὲν
291 2126 352 2162 ἐμοὶ
364 2126 432 2162 πρὸς
443 2127 553 2153 ἐκείνων
564 2127 668 2154 οὐδένα.
682 2126 763 2159 Ξένος
777 2128 806 2153 ὲν
819 2125 904 2160 ξένοις

954 1623 1091 1651 sustineat
1104 1632 1110 1650 :
1125 1623 1177 1650 hos
1200 1627 1304 1656 autem,
1319 1623 1362 1650 vel
1378 1623 1402 1650 si
1417 1623 1529 1651 minime
1546 1623 1744 1658 confluxerint,

954 1669 1083 1705 quoniam
1100 1672 1181 1696 erant
1205 1668 1365 1701 conticturi;
1393 1673 1476 1705 atque
1504 1670 1614 1697 illorum
1630 1671 1745 1706 ingenio.

954 1718 1170 1741 consentaneum
1181 1712 1233 1741 hoc
1245 1712 1353 1741 facinus
1368 1718 1421 1742 est.
1435 1713 1503 1742 Nam
1514 1722 1577 1742 cum
1585 1715 1739 1750 cujuspiam

953 1760 1018 1787 vita:
1028 1759 1100 1787 ratio
1106 1759 1237 1788 abhorret
1248 1759 1283 1787 ab
1295 1759 1386 1795 aliqua
1400 1760 1568 1795 suspicione,
1589 1762 1745 1797 quamlibet

954 1805 1033 1833 multi
1049 1805 1187 1840 conjurati
1211 1805 1400 1833 testimonium
1417 1805 1523 1840 dicant,
1545 1808 1631 1837 nihilo
1653 1809 1745 1843 magis

955 1851 1142 1887 probaverim.
1158 1850 1249 1878 Veluti
1264 1850 1288 1878 si
1303 1851 1366 1886 quis
1386 1857 1517 1887 tanquam
1540 1853 1675 1880 cinaedum
1691 1861 1741 1881 ac-

954 1900 1032 1924 cuset
1048 1896 1173 1931 Ajacem,
1195 1895 1254 1923 risu
1269 1896 1392 1924 omnium
1418 1897 1563 1924 obruatur.
1584 1898 1745 1926 Alexander

953 1949 1029 1972 vero.
1050 1945 1080 1968 ut
1100 1941 1222 1969 cinaedus
1243 1948 1299 1969 non
1322 1945 1407 1974 esset,
1423 1946 1452 1969 at
1476 1942 1648 1970 effeminatus
1663 1949 1744 1977 erat;

953 1992 981 2016 et
994 1988 1027 2015 ad
1037 1987 1109 2016 hanc
1115 1987 1336 2016 criminationem
1347 1988 1472 2016 idoneus.
1482 1988 1629 2024 Sisyphum
1644 1997 1742 2025 porro.

953 2038 982 2062 et
1006 2033 1131 2070 Ulyssem
1154 2034 1211 2068 odi,
1235 2034 1318 2070 quod,
1335 2034 1388 2063 etsi
1409 2035 1514 2070 aliquid
1533 2036 1590 2063 veri
1604 2036 1740 2068 dicerent,

953 2080 1088 2116 ejusmodi
1103 2085 1194 2108 tamen
1204 2085 1307 2113 essent,
1320 2085 1349 2108 ut
1365 2081 1466 2116 saepius
1478 2081 1670 2110 mentirentur.
1684 2082 1744 2117 Ego

954 2134 1022 2155 vero
1036 2127 1064 2155 iu
1077 2126 1130 2154 hac
1148 2126 1211 2163 ipsa
1230 2133 1290 2155 mea
1306 2127 1465 2156 calamitate
1479 2135 1540 2156 sum
1556 2128 1741 2159 fortunatissi-

733 2217 823 2246 DION.
843 2217 981 2246 PETAVll
996 2217 1113 2246 NOTAE.

155 2308 212 2344 (65)
220 2307 386 2344 Σιμωνίδης
404 2308 459 2342 γὰρ
472 2306 730 2344 αὐτὸςνὼμολότει.
753 2306 903 2344 S_i_momdis

957 2304 1057 2333 crimen
1072 2306 1138 2344 illud
1154 2307 1300 2344 commenti
1310 2314 1364 2344 no_n
1376 2306 1441 2344 sint,
1455 2310 1484 2334 at
1496 2307 1632 2344 ejusmodi:
1644 2308 1743 2344 saltem

121 2341 181 2370 cum
202 2341 321 2370 'lliei-onc
344 2341 515 2370 familiaritas
532 2343 647 2369 celebris
671 2343 731 2368 fuit.
764 2341 900 2376 Xenopli..

123 2378 242 2410 llieron.,
268 2377 335 2404 Plat.
359 2377 498 2412 episttﬁ.
524 2376 696 2404 “liberalitas
720 2382 812 2412 notata
831 2376 902 2411 apud

121 2413 216 2440 Athen.
231 2413 265 2440 M
280 2421 287 2440 :
301 2411 393 2444 Οὕτως
404 2413 434 2439 δὲ
445 2411 479 2449 ἢν
493 2411 647 2447 ὡς“ἀληθῶς
661 2411 755 2446 κίμϐιξ
765 2412 779 2438 ὁ
791 2412 905 2446 Σιμωνί-

120 2449 165 2483 δης
179 2449 217 2480 ὡς
230 2448 393 2482 Χαμαιλέων
405 2449 496 2483 φησίν,
509 2452 563 2474 etc.

155 2483 208 2519 (64)
228 2480 372 2515 Ὡξέσιιν
386 2480 621 2519 ἤθόςγάνοίκειον
632 2482 830 2519 ύποψίᾳλςτινί,
845 2480 902 2509 Ob-

122 2517 217 2553 scurus
240 2523 268 2545 et
293 2519 438 2553 perplexus
461 2518 556 2551 locus,
589 2525 670 2552 quem
693 2517 902 2553 implicatiorcm

123 2552 209 2579 reddit
221 2551 316 2580 recens
333 2551 378 2580 illa
393 2553 486 2580 editio.
516 2552 545 2580 in
566 2551 621 2580 uno
638 2558 690 2580 vet.
707 2551 823 2585 ὺττοψίας
836 2551 902 2584 legi-

123 2592 175 2619 tur,
195 2588 254 2623 levi
269 2587 426 2623 discrimine
437 2607 445 2620 ,
471 2587 519 2615 sed
535 2588 607 2623 quod
622 2595 747 2622 magnam
759 2586 827 2623 huic
841 2586 902 2623 loco

122 2623 206 2649 lucem
226 2622 331 2649 ali'erat.
353 2622 399 2650 Sic
420 2623 492 2650 enim
515 2621 694 2657 intelligimus
712 2621 775 2654 τινί,
790 2629 845 2648 non
867 2621 901 2648 ad

122 2657 220 2693 ὑποψίᾳ
234 2657 426 2690 referendum,
453 2657 502 2686 sed
523 2659 557 2685 de
571 2656 687 2692 persona
709 2656 901 2693 accipiendum

120 2691 213 2725 esse;'
227 2693 265 2719 ita
280 2696 370 2727 tanien
390 2696 420 2719 ut
449 2691 633 2727 interrogandi
658 2697 720 2719 nota
744 2691 902 2727 adjiciatur,

122 2729 170 2754 hoc
185 2735 284 2754 sensu:
299 2725 403 2755 Etenim
418 2731 496 2755 estne
513 2725 629 2761 alicujus
644 2728 698 2754 vita
715 2734 730 2753 a
745 2725 902 2761 suspicione

121 2763 240 2790 criminis
255 2762 364 2790 aliena?
386 2761 464 2794 Quod
481 2763 504 2789 si
525 2763 615 2789 minus
640 2763 691 2789 hoc
707 2762 835 2796 cuiquam
854 2768 901 2787 ar-

122 2797 219 2841 n'serilt,
236 2798 327 2841 videat
348 2798 562 2841 ecquid'rcctius
577 2797 698 2841 addenda
720 2798 754 2841 sit
769 2796 900 2837 particula

121 2829 167 2864 οἷς,
190 2833 242 2860 hoc
260 2832 353 2865 modo,
377 2829 415 2863 ὥς
437 2830 477 2864 οἷς
496 2833 578 2863 ἐστιν,
596 2839 649 2859 etc.
676 2829 803 2858 Auctoris
827 2832 899 2858 enim

121 2874 149 2894 ea
166 2875 243 2896 mens
261 2871 305 2896 est
325 2875 332 2894 :
353 2868 445 2895 odisse
462 2875 492 2896 se
511 2867 727 2904 famigcratores,
752 2865 825 2902 quod
849 2868 900 2894 etsi

955 2344 1030 2379 sunt.
1042 2345 1073 2379 ut
1080 2341 1197 2379 itlipsum
1210 2341 1324 2379 libenter
1336 2341 1436 2379 fuerint
1442 2341 1597 2379 conﬁcturri.
1606 2343 1661 2371 Καὶ
1672 2344 1741 2379 πρὸς

954 2375 1043 2412 αὐτῶν
1050 2375 1080 2402 τὸ
1088 2376 1249 2412 ἐγχείρημα,
1260 2376 1285 2403 id
1292 2381 1344 2408 est,
1354 2376 1477 2412 favetque
1485 2377 1543 2412 ipse
1552 2377 1605 2405 illis
1613 2375 1742 2411 conatus,

954 2414 981 2437 et
996 2410 1063 2437 bene
1080 2410 1211 2442 suecedit,
1228 2416 1368 2446 propterea
1381 2410 1452 2446 quod
1466 2410 1580 2440 Joannis
1593 2413 1698 2441 indoles
1713 2414 1741 2441 ei.

955 2445 1141 2482 criminationi
1152 2450 1252 2481 pateat.
1267 2445 1464 2482 Namqqubrum
1476 2449 1530 2474 vita
1542 2447 1577 2474 ab
1589 2448 1680 2482 aliqua
1694 2457 1743 2476 su-v

955 2480 1078 2518 spicione
1095 2480 1184 2518 aliena
1204 2485 1256 2514 est,
1275 2489 1310 2518 n_e
1330 2480 1365 2518 iis
1387 2482 1496 2518 quidem
1517 2483 1563 2517 qui
1584 2480 1646 2510 cum
1672 2483 1742 2518 ipsis

955 2515 1078 2543 criminis
1112 2517 1258 2550 participes
1283 2515 1403 2549 fuerint;
1431 2517 1497 2544 fides
1525 2515 1666 2544 habeatur.
1683 2515 1741 2546 'Sie

953 2557 1003 2590 ego
1038 2551 1072 2577 de
1098 2550 1182 2590 hujus
1218 2551 1268 2590 lo_ci
1291 2551 1434 2590 sententia
1466 2553 1616 2590 constituo:
1647 2552 1740 2590 [blll]

953 2585 1038 2622 Antea
1058 2585 1168 2622 quidem
1189 2586 1272 2613 verba
1290 2586 1347 2613 haec
1358 2605 1366 2618 ,
1391 2587 1439 2622 agt
1461 2587 1530 2622 πρὸς
1545 2587 1634 2614 αὐτῶν
1647 2585 1679 2614 τὸ
1695 2585 1740 2622 ay;

952 2620 1083 2655 χείρημα,
1101 2621 1141 2648 sic
1157 2621 1373 2655 interpretabar:
1399 2620 1500 2657 Estque
1522 2622 1593 2650 istud
1617 2620 1740 2650 criminis

952 2662 1040 2715 ἕδους
1060 2662 1155 2683 eorum
1177 2660 1282 2683 natura;
1306 2662 1538 2687 consentaneum;
1570 2657 1617 2684 sed
1640 2658 1740 2684 ἀνακό-

968 2689 1035 2715 ουθα
1060 2690 1126 2715 mihi
1150 2691 1302 2715 nosteriora
1319 2691 1492 2715 videbantur.
1514 2691 1598 2715 Porro
1613 2693 1645 2715 ad
1668 2693 1740 2715 lmnn

968 2689 1035 2716 ουθα
1060 2690 1126 2716 mihi
1150 2691 1302 2725 posteriora
1319 2691 1494 2719 videbantur.
1512 2691 1598 2718 Porro
1613 2693 1645 2718 ad
1667 2693 1740 2719 hunc

955 2724 1044 2760 locum
1071 2725 1136 2752 facit
1151 2724 1278 2760 Votnrnino
1304 2726 1415 2760 elegans
1439 2726 1580 2754 Ciceronis
1603 2729 1740 2754 sententia

956 2759 1032 2797 Orat.
1048 2767 1095 2794 pro
1108 2760 1185 2787 Rosc.
1200 2759 1275 2788 Com.
1286 2767 1295 2787 :
1306 2759 1409 2793 Nonne,
1423 2762 1472 2792 ait.
1485 2768 1512 2788 ut
1522 2762 1589 2796 ignis
1601 2763 1629 2788 in
1642 2770 1739 2797 aquam

954 2794 1085 2832 conjectus
1099 2796 1433 2832 continuerestinguitur,
1448 2801 1473 2822 et
1487 2794 1677 2832 refrigeretur,
1699 2799 1740 2824 sic

953 2831 1083 2862 refer-vena
1092 2830 1191 2864 falsum
1200 2831 1297 2857 crimen
1310 2832 1338 2857 in
1346 2830 1738 2865 purissimam'etcastissimum

954 2866 1033 2891 vitam
1047 2865 1174 2893 collatum
1189 2866 1280 2894 statim
1294 2866 1409 2894 concidit
1421 2872 1446 2894 et
1460 2867 1657 2903 exstinguitur?
