1955 3063
205 137 257 164 137

749 130 879 164 SYNESII
899 130 1129 164 P'I‘OI.EMAIDIS
1143 137 1298 165 EPISCOPI

1761 136 1850 171 ηπ

204 196 348 228 mus,dum
360 196 387 223 id
400 203 486 230 genus
502 196 622 223 inimicis
637 201 718 231 atque
733 197 831 223 amicis
845 204 935 224 careo.
950 197 978 223 In

1046 197 1140 233 βιῲην.
1171 198 1199 224 '0
1224 198 1324 233 τρόπος
1345 198 1420 233 ἡμᾶς
1444 199 1497 234 πρὸ
1515 198 1563 226 τοῦ
1588 199 1669 226 τόπου
1694 199 1833 236 διῴκισεν.

206 243 357 270 terclusum
370 243 436 269 mihi
449 243 484 269 sit
495 251 555 270 ctttn
572 243 700 270 otnnibus
716 244 928 274 commercium;
945 251 994 271 nec

203 289 239 315 sit
254 297 314 316 cum
331 289 445 316 istorum
463 290 517 316 ullo
532 297 676 316 commune
695 290 854 324 quidquam.
872 289 994 325 Peregri-

201 343 253 362 nus
272 335 343 362 inler
360 335 519 369 peregrinos
534 335 640 370 degam.
669 335 761 362 Mores
781 336 832 370 ipsi
851 343 901 362 nos
916 341 989 369 ante,

201 388 282 415 quam
299 381 387 413 locus,
404 385 577 415 separarum.
597 381 729 416 Equidem
744 382 865 416 Cyrenes
883 382 989 409 illustre

201 427 290 453 solum
306 426 417 462 deploro
432 447 438 458 ,
457 427 529 461 quod
546 427 694 453 Carneadze
716 428 780 454 olim
800 427 946 458 habebant,
961 431 988 454 et

200 472 349 506 Aristippi;
368 480 440 499 nunc
459 472 578 500 Joannes
604 477 631 500 et
650 472 736 504 Julii,
755 473 922 507 quibuscum
938 482 988 508 op-

200 522 315 551 portune
332 525 386 544 non
403 518 496 544 vivens
507 539 513 549 ,
529 521 684 553 opportune
699 518 867 553 peregrinor.
900 519 932 544 At
957 524 985 545 tu

199 570 232 589 ne
248 563 362 589 scribito
378 563 488 597 quidem
507 564 539 590 ad
557 572 599 590 me
614 564 669 590 ulla
685 564 718 590 tie
734 571 763 590 re
791 571 852 598 qua:
866 563 922 590 illic
939 571 986 598 ge-

198 609 277 640 ritur,
296 616 345 636 nec
364 616 411 636 eos
425 611 471 642 qui
491 610 564 636 litem
582 610 684 636 habent
701 611 901 636 commendato.
925 610 984 638 Non

196 654 268 680 enim
287 655 405 688 amplius
421 663 464 681 me
478 655 607 690 cuiquam
623 663 718 682 eorum
734 655 904 683 tradiderint.
922 656 985 682 Pro-

198 700 269 727 fecto
282 701 355 727 enim
371 700 580 728 infelicissimus
595 701 691 733 forem,
709 701 731 728 si
748 701 919 729 charissimte
936 710 980 736 pa-

195 747 255 773 triae
273 747 350 774 bonis
364 753 497 777 carerem.
514 747 594 782 189
608 747 859 775 controversiarum
875 755 939 774 vero
951 756 983 775 ac

1053 243 1198 278 ὐδύρομαι
1208 243 1236 270 δὲ
1247 244 1277 270 τὸ
1289 244 1393 271 κλεινὸν
1403 245 1501 279 ἔδαφος
1511 245 1561 280 τῆς
1573 245 1737 282 Κυρήνηςίὸ
1747 247 1834 274 πάλαι

1046 289 1095 323 μὲν
1119 287 1197 324 εἶχον
1214 290 1368 325 Καρνεάδαι
1383 291 1417 326 ςτε
1439 292 1484 317 καὶ
1520 292 1708 327 Ἀρίστιπποι·
1726 294 1786 320 νυνὶ
1801 293 1833 320 δὲ

1050 335 1170 362 Ἱωάνναι
1198 337 1244 362 καὶ
1267 336 1385 363 ’ἶούλιοιο
1404 337 1463 372 μεθ’
1479 334 1516 364 ὧν
1532 338 1582 364 οὐκ
1599 338 1735 373 εὐκαίρως
1751 339 1832 373 γενό-

1045 390 1134 415 μενος,
1151 382 1287 418 εὐκαίρως
1301 383 1442 426 ἀειοδημῶ.
1459 383 1494 410 Σὺ
1509 383 1537 410 δὲ
1549 383 1617 410 ἀλλὰ
1632 383 1700 419 μηδὲ
1713 384 1831 420 γράφειν

1041 426 1081 453 ἔτι
1107 436 1151 462 μοι
1172 429 1236 463 περὶ
1255 429 1309 455 τῶν
1332 429 1436 456 ἐκεῖθεν
1460 430 1630 465 πραγμάτων
1653 430 1735 461 τινός·
1760 431 1829 466 μηδὲ

1041 472 1196 500 συνιστάναι
1210 475 1273 505 τοὺς
1288 474 1398 509 ἔχοντας
1413 474 1500 506 δίκας.
1527 476 1564 501 Οὐ
1581 475 1635 510 γὰρ
1658 476 1692 502 ἂν
1706 476 1829 510 ἐπιδοίην

1038 518 1156 552 ἐμαυτὸν
1181 519 1221 546 ἔτι
1247 520 1349 546 τούτων
1374 520 1437 547 τινί.
1472 521 1664 556 Ἀτυχέστατος
1686 522 1773 556 μέντ’
1795 522 1829 548 ἆν

1038 564 1107 600 εἴην,
1124 565 1148 591 εἰ
1163 565 1218 592 τῶν
1233 566 1281 601 μὲν
1294 566 1403 600 ἀγαθῶν
1415 568 1465 602 τῆς
1477 568 1608 602 φιλτάτης
1622 569 1749 603 πατρίδος
1765 577 1828 595 στε-

1039 613 1147 649 ροίμην,
1177 614 1318 649 μετέχοιμι
1340 615 1369 641 δὲ
1391 615 1550 649 ἀντιλογιῶν
1569 617 1617 642 καὶ
1643 617 1826 652 πραγμάτων,

1037 658 1206 692 ἀφελκόντων
1225 669 1258 694 με
1277 662 1326 696 τῆς
1341 662 1369 688 ἐν
1389 661 1531 697 φιλοσοφίᾳ
1545 661 1695 697 ῥᾳστώνης·
1716 663 1764 690 καὶ
1778 671 1828 688 πε-

1036 705 1095 730 νίαν
1108 704 1137 737 ἐξ
1147 705 1282 740 ἀπραξίας
1294 706 1331 738 ὼς
1343 707 1437 742 κέρδος
1448 707 1584 742 ἑλόμενος,
1595 707 1740 734 τὰλλὸτοια
1753 708 1826 734 κακὶι

1037 750 1137 784 προῖκα
1152 751 1377 786 περιεργάσομαι.

196 793 366 826 negotiorum
384 793 520 827 particeps
533 801 638 823 essem,
655 800 716 828 qum
735 800 777 819 me
802 792 836 819 ab
852 793 909 819 otio
927 799 1087 820 revocarent
1102 794 1299 829 philosophiae;
1329 799 1355 823 et
1376 803 1437 822 cum
1460 800 1647 831 paupertatem
1671 805 1705 825 ex
1733 806 1827 826 cessa.

194 837 277 868 tione,
294 843 421 871 tanquam
443 837 539 869 ingens
566 838 670 863 lucrum
683 857 689 868 ,
710 837 878 869 adamarim,
896 839 982 872 gratis
1002 839 1100 866 alienis
1113 840 1266 867 commodis
1282 841 1425 868 servirem.

474 882 642 909 EPISTULA
659 882 702 909 LI.

536 928 629 955 Eidem

229 984 249 1011 E
263 984 401 1019 Phyconte
417 985 537 1013 diluculo
554 987 703 1017 solventes,
721 985 772 1013 sub
785 994 926 1021 vesperam
947 987 981 1013 ad

192 1031 315 1067 Erythrae
333 1033 422 1058 sinum
440 1033 617 1067 appulimus;
631 1033 677 1060 ubi
693 1034 829 1060 tantulum
846 1042 929 1061 murae
943 1034 982 1060 l'a-

192 1078 307 1106 cientes,
327 1083 459 1111 quantum
476 1077 509 1103 ad
526 1077 675 1104 bibendum
699 1082 725 1105 et
746 1078 902 1112 aquandutn
932 1087 981 1106 ne-

193 1129 269 1148 cesse
297 1122 345 1148 fuit
378 1121 479 1155 (fontes
500 1123 572 1148 enim
590 1123 649 1156 puri
665 1126 691 1149 et
708 1123 866 1150 suavissimi
891 1124 980 1151 laticis

192 1167 219 1194 in
232 1167 320 1201 ipsum
337 1167 413 1194 littus
427 1167 595 1202 erumpunt),
614 1167 768 1202 Carpathiis
782 1167 979 1202 profectionem

191 1213 363 1247 urgentibus,
380 1220 476 1240 rursus
499 1213 527 1239 in
552 1213 637 1239 altum
667 1214 754 1240 evecti
778 1221 883 1241 smnus.
910 1214 978 1241 Cum

191 1263 281 1285 autem
303 1263 386 1286 vento
417 1262 558 1286 uteremur
573 1258 715 1291 moderato
731 1259 846 1294 alioqui,
870 1259 918 1286 sed
946 1261 979 1287 ad

191 1305 301 1339 puppim
319 1310 450 1339 perpetuo
477 1305 609 1338 spirante,
634 1312 685 1331 nec
709 1305 825 1332 multum
857 1307 980 1341 quolibet

189 1351 234 1378 dic
252 1350 333 1385 spatii
350 1349 525 1377 confecturos
542 1358 591 1377 nos
609 1359 670 1378 eSse
690 1354 860 1386 putaremus,
889 1359 979 1386 quan-

191 1402 246 1422 tum
264 1396 333 1423 satis
360 1399 445 1428 esset,
463 1396 652 1430 imprudentes
674 1396 854 1424 confecimus.
877 1397 979 1430 Quinto

191 1442 254 1468 inde
271 1442 315 1469 die
331 1441 419 1468 facctn
450 1442 560 1469 eminus
583 1442 746 1477 conspicati,
771 1450 852 1477 quam
869 1452 884 1470 e
908 1443 978 1470 tttrri

192 1487 393 1522 appellentibus
407 1487 497 1514 nautis
509 1488 535 1514 in
548 1488 656 1521 signum
668 1488 796 1523 erigunt,
810 1488 886 1516 dicto
896 1489 978 1516 citius

189 1534 386 1561 exscendentes
402 1534 429 1560 in
451 1533 541 1560 insula
558 1533 648 1561 Pharo
670 1534 784 1562 fuimus.
810 1536 898 1562 Insula
919 1535 978 1570 ipsa

1296 888 1472 914 ΕΠΙΣΤΟΛΗ
1493 889 1557 915 NA’.

1358 934 1399 967 Τῷ
1412 935 1502 968 αὐτῷ.
1555 930 1557 932 ’

1069 989 1202 1024 Ἄραντες
1224 993 1256 1018 ἐκ
1277 993 1427 1025 Φυκοῦντος
1451 995 1604 1031 ἀρχομένης
1627 997 1712 1033 ἑῴας,
1733 999 1824 1035 δείλης

1031 1035 1109 1070 ἄμας
1122 1036 1159 1071 τῷ
1174 1038 1233 1064 κατ’
1255 1039 1386 1074 Ἐρυθρὰν
1402 1041 1494 1077 κόλπῳ
1509 1043 1706 1078 προσέσχομεν*
1736 1046 1825 1072 ἐνδια-

1031 1081 1176 1116 τρίψαντες
1190 1084 1227 1115 δὲ,
1244 1085 1304 1111 ὅσον
1321 1086 1392 1121 ὕδωρ
1407 1089 1477 1113 πιεῖν
1493 1089 1539 1114 καὶ
1554 1089 1734 1124 ὑδρεύσασθαι
1747 1093 1756 1125 (
1768 1101 1822 1127 πη-

1031 1127 1078 1173 γαί
1090 1127 1118 1154 δὲ
1131 1129 1173 1173 ἔπ’
1190 1130 1272 1164 αὐτὴν
1287 1131 1420 1159 ἐκδιδόασι
1435 1133 1484 1169 τὴν
1501 1135 1567 1169 ᾐόνα
1582 1135 1637 1171 [πρ.
1655 1136 1704 1172 τῆς
1718 1138 1822 1173 ἠϊόνος]

1030 1172 1166 1207 καθαροῦ,
1185 1174 1232 1200 καὶ
1251 1175 1357 1209 ἡδίστου
1371 1178 1519 1213 νάματος),
1537 1181 1750 1209 ὲπισπευδόντων
1767 1183 1822 1209 τῶν

1030 1218 1208 1252 Καρπαθίων,
1221 1218 1298 1252 αὖθις
1311 1222 1477 1258 ἀνήχθημεν.
1490 1224 1628 1260 Πνεύματι
1639 1227 1667 1253 δὲ
1680 1228 1823 1263 χρησάμε-

1030 1271 1069 1289 νοι
1084 1265 1186 1300 μετρίῳ
1203 1266 1262 1301 μὲν,
1279 1268 1335 1294 ἀλλ’
1349 1269 1382 1295 ὲκ
1395 1269 1524 1305 πρύμνης
1536 1271 1588 1304 ἀεὶ,
1601 1273 1648 1299 καὶ
1662 1273 1732 1308 μέγα
1743 1274 1822 1301 οὐδὲν

1031 1310 1072 1343 ἐφ’
1100 1311 1217 1346 ἑκάστης
1245 1313 1351 1349 ἡμέρας
1371 1315 1462 1342 ἀνύειν
1487 1316 1664 1351 ἐλπίσαντες,
1688 1320 1822 1355 ἐλάϐομεν

1030 1355 1188 1390 ὲξηνυκότες
1208 1358 1268 1385 ὅσον
1289 1360 1352 1386 ἔδει.
1380 1362 1435 1387 Καὶ
1457 1365 1607 1398 πεμπταῖοι
1630 1365 1674 1391 τὸν
1699 1367 1822 1400 φρυκτὸν

1031 1401 1145 1448 ἰδοντες,
1162 1402 1191 1429 ὃν
1204 1403 1325 1439 αἴρουσιν
1342 1407 1395 1433 ἀπὸ
1413 1407 1519 1444 πύργου
1543 1411 1599 1442 τοῖς
1621 1413 1821 1448 καταγομένοις

1031 1445 1172 1493 σννοημα·
1201 1448 1298 1477 θᾶττον
1319 1452 1335 1486 ἢ
1356 1452 1433 1486 λόγος
1449 1454 1680 1488 ἀποὸιὸασθέντες
1695 1445 1767 1493 ἦμεν
1790 1460 1821 1486 ἐν

1028 1492 1061 1525 τῇ
1079 1492 1152 1527 νήσῳ
1163 1494 1194 1528 τῇ
1210 1495 1300 1531 Φάρῳ.
1314 1497 1412 1533 Λυπρὰ
1429 1499 1457 1525 δὲ
1472 1500 1488 1535 ἡ
1502 1501 1591 1536 νῆσος,
1608 1503 1637 1528 ὲν
1686 1505 1753 1539 μήτε
1768 1505 1818 1531 δά-

1030 1545 1074 1568 σος
1087 1538 1160 1565 ἐστὶν
1174 1540 1305 1575 αὐτοφυὲς
1315 1563 1322 1574 ,
1342 1545 1408 1579 μήτε
1425 1546 1539 1581 καρπὸς,
1555 1547 1610 1573 ἀλλ’
1623 1538 1686 1580 ἅλες
1699 1538 1782 1581 τινές.

188 1581 292 1609 sterilis
308 1585 359 1613 est,
374 1582 400 1608 in
425 1589 478 1616 qua
493 1589 582 1616 neque
602 1582 701 1609 nativa:
731 1583 807 1610 silva-
819 1583 979 1618 quidquam,
1001 1592 1089 1619 neque
1115 1586 1202 1623 frugis
1225 1593 1276 1621 est,
1292 1591 1338 1617 sed
1364 1592 1430 1619 salis
1445 1594 1579 1621 duntaxat
1605 1596 1816 1631 aliquantulum.

457 1639 626 1667 EPISTOLA
646 1640 700 1668 LII.

533 1684 637 1712 Eidem.

226 1740 324 1768 Venire
337 1741 432 1769 nescio
453 1742 518 1777 quis
531 1742 646 1770 Athenis
674 1743 778 1770 dicitur
804 1743 975 1778 erepitlarum

187 1787 314 1821 institor;
345 1788 379 1816 de
409 1796 464 1824 quo
496 1789 562 1816 mihi
593 1789 694 1817 videris
731 1797 805 1817 anno
836 1791 977 1825 superiore

186 1837 299 1867 pertusa
329 1833 374 1860 illa
401 1834 586 1862 calceamenta
629 1835 775 1863 coemisse.
806 1835 886 1862 Nunc
911 1843 976 1863 vero

187 1879 266 1906 aiunt
285 1879 360 1906 illum
377 1880 535 1914 amplioretn
551 1881 707 1908 instituram
725 1881 849 1917 aggredi,
869 1882 975 1909 Atticas

186 1924 273 1951 stolas
283 1928 501 1959 eontpot'tantem
513 1945 520 1957 ,
541 1929 568 1953 et
589 1926 718 1953 theristra
737 1927 787 1954 tibi
804 1931 831 1954 et
847 1927 914 1954 mihi
941 1928 974 1954 ad

185 1970 311 1996 azstivum
327 1970 393 1997 anni
414 1975 523 2004 tempus
537 1971 754 1998 accommodata.
774 1972 865 2004 Quare
884 1973 975 2007 prius—

185 2023 266 2050 quam
281 2016 371 2042 omnia
387 2016 552 2048 vendiderit,
561 2021 681 2051 antqua:
690 2017 882 2052 exquisitioris
894 2023 974 2045 erunt

185 2060 278 2094 operis
296 2054 367 2094 ‘(qui
391 2061 463 2087 enitn
482 2061 562 2095 primi
581 2061 717 2095 incidunt,
734 2070 788 2089 non
813 2064 974 2098 posteriori-

185 2106 246 2138 bus,
261 2106 307 2133 Sed
324 2106 375 2133 sibi
389 2107 483 2141 utique
497 2108 643 2135 consulere
655 2108 773 2143 volunt),
787 2109 921 2143 hospitem
940 2109 973 2136 ad

185 2157 211 2178 te
223 2156 331 2185 vocato,
347 2153 470 2187 mihique
487 2157 543 2180 tres
558 2159 606 2180 aut
631 2158 750 2188 quatuor
770 2159 862 2182 vestes
877 2155 972 2182 emito.

184 2199 301 2227 Omnino
314 2199 448 2235 quidquid
473 2201 498 2227 in
527 2201 643 2236 pretium
662 2202 839 2236 persolveris,
854 2210 916 2229 cutu
936 2202 974 2229 fe-

185 2252 254 2273 nore
266 2245 315 2272 tibi
332 2253 347 2272 a
362 2253 405 2272 me
421 2247 598 2281 rependetnr.

452 2292 619 2320 EPISTOLA
638 2293 702 2320 Llll.

530 2338 635 2365 Eidem.

1291 1649 1462 1677 ΕΠΙΣΤΟΛΗ
1483 1653 1546 1681 NB'.

1349 1697 1390 1729 Τῷ
1404 1699 1494 1731 αὐτῷ.

1061 1747 1158 1774 ΖΉκειν
1180 1751 1228 1781 τιρ
1243 1751 1388 1794 ’ᾼΘήνηθεν
1411 1753 1517 1788 λέγεται
1542 1758 1750 1794 κρηπιδοπώλης
1769 1760 1818 1786 ἄν·

1027 1791 1145 1839 βρωπος,
1156 1796 1220 1830 παρ’
1233 1793 1264 1822 οὗ
1279 1805 1324 1832 μοι
1338 1798 1424 1830 δοκεῖς
1435 1801 1482 1826 καὶ
1495 1801 1608 1836 πέρυσιν
1618 1791 1752 1839 ἐωνῆσθαι
1765 1807 1817 1838 τὰς

1027 1838 1194 1886 ἀνατρήτους
1207 1842 1335 1877 ἐμϐάδας.
1351 1844 1408 1871 Νῦν
1421 1846 1450 1872 δέ
1465 1855 1546 1880 φασιν
1563 1849 1644 1876 αὑτὸν
1659 1838 1704 1877 ἐπὶ
1723 1853 1816 1886 μεῖζον

1026 1884 1244 1930 ἐμπορεύεσθαι,
1260 1887 1408 1922 κομίζοντα
1424 1890 1518 1922 στολὰς
1541 1884 1750 1930 Ἀττικουργεῖς·
1773 1899 1816 1924 σοί

1025 1936 1055 1977 τε
1071 1927 1209 1964 θερίστρια
1225 1931 1364 1966 πρέποντα
1389 1934 1436 1960 καὶ
1459 1935 1526 1970 ἡμῖν
1548 1927 1744 1972 ἀναϐολάς-εἰς
1765 1942 1816 1977 τὴν

1007 1979 1010 1982 ·
1025 1972 1098 2008 ὥραν
1113 1974 1158 2001 τοῦ
1177 1975 1263 2007 ἔτους.
1279 1977 1349 2011 Πρὶν
1364 1978 1398 2004 ἂν
1413 1977 1459 2006 οὖν
1481 1981 1589 2013 ἁπάσας
1604 1983 1730 2017 φθάσειεν
1746 1972 1817 2013 ἀπο-

1024 2019 1145 2068 δύμενος,
1161 2021 1177 2056 ἦ
1195 2021 1246 2053 τὰς
1259 2023 1309 2057 τῆς
1322 2024 1460 2057 καλλίονος
1477 2027 1607 2062 ἐργασίας
1624 2030 1665 2063 (οἱ
1679 2031 1734 2065 γὰρ
1747 2041 1816 2068 προ-

1024 2066 1248 2100 εντυγχάνοντες,
1274 2068 1323 2104 οὐχ
1345 2069 1414 2105 ὑπὲρ
1438 2071 1492 2098 τῶν
1516 2073 1641 2106 κατόπιν,
1660 2075 1718 2101 ἀλλ’
1743 2066 1816 2112 ὑπὲρ

1025 2111 1130 2137 ἑαυτῶν
1146 2112 1280 2147 δήπουθεν
1293 2114 1398 2146 ἀξιοῦσι
1412 2117 1620 2155 βουλεύεσθαι),
1638 2122 1759 2149 είσκάλει
1772 2111 1816 2150 τοι

1024 2156 1068 2182 τὸν
1083 2157 1168 2190 ξένον,
1186 2159 1235 2185 καὶ
1248 2161 1322 2195 πρίω
1338 2170 1382 2196 μοι
1396 2165 1470 2197 τρεῖς
1489 2165 1505 2200 ἢ
1523 2166 1654 2202 τέτταρας
1673 2167 1728 2195 τῶν
1746 2169 1816 2196 ἀνα-

1024 2202 1118 2230 ϐολῶν.
1132 2205 1245 2238 Πάντως
1256 2207 1271 2232 ὂ
1292 2216 1319 2233 τι
1330 2207 1362 2234 ἂν
1372 2208 1443 2244 ὑπὲρ
1456 2211 1506 2246 τῆς
1518 2213 1599 2248 τιμῆς
1616 2214 1730 2251 χατάϐῃ,
1746 2217 1814 2252 παρ’

1024 2249 1085 2284 ἐμοί
1099 2258 1140 2276 σοι
1153 2251 1352 2280 πολλαπλάσιον
1370 2255 1502 2283 κείσεται.

1291 2301 1463 2329 ΕΠΙΣΤΟΛΗ
1481 2302 1540 2331 NI".

1351 2348 1393 2380 Τῷ
1406 2349 1495 2382 αὐτῷ.

217 2393 401 2429 Epistolarum
418 2395 562 2430 prolixitas
575 2402 738 2431 argumento
752 2401 795 2425 est
807 2405 869 2425 eum
885 2405 899 2425 a
916 2406 971 2434 quo

1059 2401 1154 2436 Μῆκος
1170 2403 1315 2439 ἐπιπολῆς
1327 2405 1515 2441 ἀνοικειότητα
1528 2410 1676 2444 κατηγορεῖ
1692 2410 1738 2436 τοῦ
1755 2411 1812 2438 δια-

182 2440 359 2475 perferuntur
389 2442 509 2469 alienqu
547 2450 619 2470 esse.
650 2443 784 2471 Caeterum
821 2446 970 2479 praeclarus

182 2487 299 2514 Aeacius
310 2487 405 2514 eadem
418 2487 531 2522 quidem
545 2488 631 2520 novit,
647 2497 708 2523 qua:
722 2497 790 2524 ego;
816 2491 895 2526 plura
921 2499 970 2519 au-

182 2534 246 2562 lem,
259 2538 340 2565 quam
355 2540 415 2566 qua:
429 2533 648 2565 n0\'erit,dicet:
669 2537 768 2570 partim
785 2537 849 2570 quia
862 2545 970 2565 summo

183 2581 209 2604 te
222 2584 317 2604 amore
335 2580 513 2614 prosequitur
528 2589 535 2607 :
550 2582 651 2616 partim
671 2581 750 2616 190
767 2583 830 2616 quia
852 2583 970 2617 linguam

181 2621 263 2649 habet
283 2630 328 2650 res
343 2623 419 2658 ipsas
440 2630 629 2660 superantem.
651 2627 712 2654 Ideo
733 2629 804 2655 hanc
827 2629 970 2662 epistolam

181 2669 269 2703 magis
279 2669 415 2698 salutandi
433 2672 472 2698 tui
488 2671 587 2706 ofﬁcio,
601 2680 632 2700 ac
645 2674 709 2709 legi,
721 2681 803 2709 quam
814 2675 972 2703 necessitati

181 2714 277 2741 tribui.
298 2714 354 2742 Hoc
378 2724 444 2743 vero
470 2717 570 2745 habeat
597 2719 712 2746 honoris
738 2721 866 2755 epistola,
885 2724 914 2747 ut
939 2720 974 2748 de

182 2760 238 2786 lilio
254 2759 398 2789 Dioscurio
412 2765 643 2797 quemadmodum
668 2770 743 2794 recte
766 2775 795 2794 se
812 2767 922 2800 habeat,
941 2775 972 2794 ac

180 2807 409 2840 quemadmodum
428 2809 509 2844 legat,
531 2815 558 2837 et
574 2810 650 2839 IIIJI‘IS
665 2812 701 2838 sit
729 2813 848 2844 deditus,
869 2820 970 2839 renun-

181 2853 239 2880 tiet.
255 2852 310 2880 Nos
326 2859 416 2882 autem
432 2855 547 2883 fratrum
577 2857 616 2884 illi
634 2858 743 2885 turbam
759 2858 895 2891 dedimus,
917 2858 969 2886 IIe-

1024 2448 1191 2482 κομίζοντος.
1225 2449 1294 2476 Ἀλλ’
1320 2451 1334 2476 ὁ
1361 2450 1515 2486 Θαυμαστὸς
1539 2455 1664 2487 ’Δκάκιος
1685 2454 1739 2483 οἶδε
1763 2459 1814 2492 μὲν

1024 2494 1073 2520 ὅσα
1093 2495 1180 2528 κάγὼ,
1195 2495 1254 2531 ἐρεῖ
1266 2495 1294 2522 δὲ
1319 2497 1367 2523 καὶ
1382 2494 1420 2524 ὧν
1443 2496 1496 2525 οἶδε
1519 2499 1646 2532 πλείονα,
1660 2502 1699 2537 τῷ
1720 2511 1751 2529 τε
1767 2503 1813 2536 σὸς

1024 2540 1142 2575 ἐραστὴς
1160 2539 1240 2574 εἶναι,
1268 2543 1314 2569 καὶ
1337 2543 1388 2579 τὴν
1401 2543 1524 2578 γλῶτταν
1543 2546 1614 2581 ἔχειν
1638 2548 1758 2576 νικῶσαν
1779 2551 1814 2577 τὰ

1024 2586 1183 2621 πράγματα.
1199 2588 1280 2615 Ὥστε
1294 2589 1343 2625 τὴν
1353 2590 1497 2627 ἐπιστολὴν
1510 2592 1549 2627 τῷ
1560 2593 1633 2628 νόμῳ
1643 2593 1690 2621 τοῦ
1704 2604 1814 2631 προσει-

1025 2633 1084 2658 πεῖν
1102 2641 1132 2659 σε
1146 2633 1236 2666 πλέον,
1255 2634 1314 2671 ἢτῇ
1329 2637 1407 2673 χρείᾳ
1422 2638 1578 2673 χαρίζομαι.
1592 2639 1629 2666 Τὸ
1644 2640 1667 2666 δ’
1681 2641 1814 2676 ἀπαγγεῖ-

1023 2678 1066 2704 λαί
1082 2687 1123 2705 σοι
1137 2680 1202 2715 περὶ
1221 2681 1268 2707 τοῦ
1291 2681 1349 2708 υἱοῦ
1364 2683 1537 2718 Διοσκουρίου
1553 2683 1610 2720 [πρ.
1627 2686 1812 2723 Διοσκορίου].

1023 2723 1101 2750 τοῦτο
1118 2723 1168 2758 μὲν
1183 2725 1220 2757 ὡς
1235 2726 1361 2760 ὑγιαίνει·
1375 2728 1454 2754 τοῦτο
1466 2728 1488 2754 δ’
1503 2729 1541 2761 ὡς
1555 2730 1746 2764 ἀναγινώσκει,
1764 2734 1814 2759 καὶ

1024 2769 1183 2803 πρόσκειται
1200 2772 1254 2802 τοίς
1269 2772 1391 2806 βιῦλίοις,
1407 2774 1486 2801 τοῦτο
1496 2775 1547 2809 τῆς
1560 2776 1704 2812 ἐπιστολῆς
1722 2777 1815 2814 ὑπαρο

1022 2814 1092 2848 χέτω
1102 2816 1179 2850 τιμή.
1189 2815 1283 2851 Ἡμεῖς
1295 2818 1323 2844 δὲ
1343 2819 1418 2854 αὐτῷ
1435 2821 1589 2856 συμμορίαν
1604 2821 1727 2856 ἀδελφῶν
1741 2832 1814 2859 παρ-

1021 2860 1174 2895 εσχόμεθα,
1208 2862 1370 2898 προσθέντες
1409 2865 1528 2902 Ἡσυχίῳ
1565 2867 1662 2903 ζεῦγος
1688 2868 1813 2904 ἀδελφῶν
