1955 3063
144 157 208 184 1531

714 150 904 182 El‘lSTOLA-l.
920 166 954 171 —
970 150 1076 177 EPIST.
1095 151 1161 178 LVI.

1691 153 1761 183 1532

143 217 274 252 ᾶρρἑων.
291 215 344 247 Οὓς
361 216 481 250 εὐτυχεῖς
499 214 634 249 ποιήσειεν
650 214 664 240 ὁ
682 213 759 244 Θεὸς,
779 213 871 242 αὐτοῖς
896 219 926 237 τε

987 210 1073 245 λγώιὶυ
1087 211 1271 238 masculorum
1284 211 1402 240 fratrum
1420 219 1468 248 par
1482 211 1671 246 adjungentes.
1686 211 1762 244 Quos

144 265 189 290 καὶ
206 262 339 296 ἀδελφοῖς,
356 261 403 288 κσέι
415 261 515 295 γονέων
529 260 607 296 οἴκῳ,
624 261 671 287 καὶ
684 259 769 294 λοιπῷ
782 259 864 293 γένει,
880 257 926 284 καὶ

143 310 201 340 ταῖς
218 308 340 338 πατρίοις
359 307 477 334 πόλεσιν.

412 414 582 442 ΕΠΙΣΤΟΔΗ
602 414 663 440 NA'.

465 472 507 505 Τῷ
522 471 612 504 αὐτῷ.

179 528 274 564 Συχνοὶ
294 528 359 564 παρ’
372 528 438 564 ἡμῖν
460 528 506 555 καὶ
522 527 622 554 ἰδιῶται
639 527 686 554 καὶ
700 527 799 563 ἱερεῖς,
813 526 928 554 πλαττό-

146 574 220 610 μενοί
243 582 318 606 τινας
336 573 457 609 ὀνείρους
468 594 476 606 ,
492 573 539 605 οὓς
557 573 633 599 αὐτοὶ
648 572 774 600 καλοῦσιν
789 572 927 600 ἀποκαλύ-

143 620 214 654 ψεις,
232 619 351 646 ἐοίκασιν
367 617 442 653 ὕπαρ
457 627 501 653 μοι
520 618 614 645 δώσειν
629 618 722 652 κακὸν,
748 618 782 645 ἂν
797 618 834 654 μὴ
851 618 927 653 τάχι-

145 674 194 692 στοι
220 666 269 697 τὰς
295 665 371 700 ἱερὰς
404 664 519 700 Ἀθήνας
542 664 705 691 καταλαὸεῖν
734 672 778 699 μοι
804 663 927 699 γένηται.

151 712 259 742 Ὁσάκις
281 711 313 738 ἂν
327 708 373 738 οὖν
395 711 515 746 ἐντυχεῖν
530 719 571 736 σοι
585 710 689 745 πένοιτο
705 709 849 745 ναυκλήρῳ
863 710 928 736 Πει-

147 758 242 793 ραῗκῷ,
260 758 348 792 γράφε
370 758 436 792 πρὸς
450 757 533 792 ἡμᾶς.
555 756 659 783 Ἐκεῖσε
674 755 736 793 γὰρ,
750 754 929 790 ἐντευξόμεθα

145 805 202 835 ταῖς
216 803 378 834 ἐπιστολαῖς.
398 803 544 838 Ὀνήσομαι
558 802 586 829 δὲ
596 803 626 828 οὐ
638 802 717 837 μόνον
730 800 808 827 τοῦτο
821 800 869 836 τῆς
883 800 929 826 ἐπὶ

145 849 193 880 τὰς
211 849 324 884 Ἀθήνας
338 848 409 879 ὁδοῦ,
428 848 458 874 τὺ
467 848 519 875 τῶν
540 848 679 884 παρόντων
694 845 864 882 ἀπηλλάχθαι
880 855 930 872 κα-

145 894 210 926 κῶν,
239 894 307 921 ἀλλὰ
328 895 374 921 καὶ
387 894 416 921 τὺ
433 894 531 929 μηκέτι
549 894 612 925 τοὺς
627 892 731 919 ἐκεῖθεν
753 892 869 926 ἥκοντας
885 892 931 918 ἐπὶ
947 880 968 908 Β

145 939 232 972 λόγοις
247 940 408 974 προσκυνεῖν
419 947 426 954 ⁸
442 939 466 966 οἳ
480 939 562 974 μηδὲν
573 939 650 974 ἡμῶν
665 938 721 974 [γρ.
736 938 786 973 μὲν
801 937 864 973 min}
877 938 932 964 τῶν

146 982 248 1019 Θνητῶν
261 984 441 1019 διαφέρουσιν·
455 983 551 1010 οὔκουν
566 984 606 1014 εἰς
621 983 727 1010 σύνεσίν
741 992 773 1017 γε
787 983 841 1010 τῶν
860 983 932 1019 Ἀρι-

146 1029 285 1059 στοτέλους
302 1030 349 1055 καὶ
374 1029 524 1061 Πλάτωνος
541 1028 753 1063 ἀναστρέφονται
767 1029 795 1055 δὲ
811 1030 840 1055 ὲν
856 1030 930 1064 ἡμῖν,

145 1074 239 1109 ὥσπερ
253 1075 280 1101 ἐν
294 1075 414 1110 ἡμιόνοις
423 1075 540 1110 ἡμίθεοι,
556 1074 620 1101 διότι
634 1075 772 1102 τεθέανται
786 1075 836 1111 τὴν
853 1075 933 1101 Ἀκα-

145 1120 242 1154 δημίαν
258 1128 286 1146 τε
303 1120 349 1146 καὶ
370 1120 401 1146 τὸ
415 1119 536 1151 Λύκειον,
553 1119 600 1146 καὶ
613 1120 661 1156 τὴν
680 1120 708 1146 ὲν
753 1119 844 1155 Ζήνων
873 1120 932 1153 ὲφι-

146 1165 252 1200 λοσόφει
265 1166 402 1202 Ποικίλην,
414 1165 460 1192 νῦν
474 1166 560 1192 οὐκέτ’
574 1155 655 1192 οὖσαν
671 1165 806 1200 ποικίλην.
831 1165 860 1192 '0
878 1165 931 1201 γὰρ

146 1210 297 1243 ἀνθύπατος
327 1211 376 1242 τὰς
408 1211 515 1242 σανίδας
549 1210 670 1245 ὑφείλετο
701 1210 758 1245 [γρ.
785 1209 931 1246 ἀφείλετοι.

148 1257 262 1283 Ἔπειτα
278 1256 412 1284 ἐκώλυσεν
429 1258 527 1289 αὐτοὺς
542 1258 589 1283 ἐπὶ
605 1258 685 1294 σοφίᾳ
703 1256 796 1293 μεῖζον
811 1254 930 1293 φρονεῖν.

415 1366 586 1393 ΕΠΙΣΤΟΛΠ
605 1366 669 1393 NE'.

468 1433 512 1467 Τῷ
526 1433 615 1465 αὐτῷ.

183 1490 249 1517 ’Έλυ
256 1499 304 1522 σας
317 1490 346 1516 τὸ
357 1499 410 1525 πρυ
415 1490 534 1525 μνήσιον.
546 1489 630 1524 Κάγὼ
641 1490 690 1522 τὰς
698 1489 822 1526 ἡμιόνους
832 1489 895 1526 ἔστη
900 1499 932 1517 σα

979 257 1082 283 utinam
1098 257 1193 284 beatos
1215 265 1278 286 esse
1305 259 1370 286 velit
1388 258 1469 289 Deus.
1493 265 1550 286 tum
1565 258 1607 285 sui
1636 258 1760 292 ipsorum

978 301 1076 336 gratia,
1094 306 1151 328 tum
1163 302 1280 328 fratrum
1292 307 1318 330 et
1335 307 1475 337 parentum
1490 302 1610 334 familize,
1620 305 1649 331 et
1662 301 1762 336 reliqui

978 347 1100 382 generis,
1113 354 1145 374 ac
1157 348 1299 375 civitatum
1317 348 1481 383 patriarum.

1236 414 1406 442 EPISTOLA
1420 413 1488 442 LIV.

1319 471 1422 499 Eidem.

1013 526 1141 563 Plerique
1153 527 1224 562 apud
1240 534 1291 554 nos
1303 530 1357 554 tam
1376 525 1475 562 privati
1489 533 1572 561 quam
1591 525 1760 558 sacerdotes,

978 566 1082 599 somnia
1093 572 1216 608 quaedam
1238 571 1489 599 comminiscentcs.
1502 578 1572 606 quas
1587 570 1639 606 ipsi
1651 571 1756 599 revela—

979 616 1069 645 tiones
1086 616 1235 652 appellant,
1252 616 1376 651 vigilanti
1387 616 1455 643 mihi
1477 616 1579 643 malum
1595 617 1705 644 allaturi
1721 617 1764 645 vi-

978 660 1093 696 dentur,
1109 662 1164 690 nisi
1184 661 1341 697 propediem
1363 654 1459 690 sacras
1481 661 1601 690 Athenas
1621 663 1765 698 pervenire

978 706 1136 743 contigerit.
1151 705 1266 740 Quoties
1279 707 1362 743 igitur
1380 707 1409 735 in
1425 706 1567 744 Piraeicum
1598 709 1764 736 navarcham

979 752 1121 784 incideris,
1136 752 1170 780 ad
1187 760 1238 780 nos
1263 752 1388 780 scribito.
1404 753 1462 780 lllic
1483 755 1556 780 enim
1578 757 1641 782 tuas
1657 753 1765 782 litteras

979 797 1157 832 accipiemus.
1171 798 1230 825 Non
1243 798 1330 825 solum
1347 802 1439 825 autem
1454 806 1487 826 ex
1509 806 1540 826 ea
1556 799 1724 833 profectione
1737 799 1764 826 id

980 843 1107 871 utilitatis
1129 851 1294 879 consequar,
1321 845 1393 879 quod
1418 845 1600 879 praesentibus
1624 853 1669 873 me
1684 846 1764 873 malis

982 889 1121 916 exsolvam
1136 899 1143 916 :
1160 889 1208 916 sed
1231 889 1304 924 quod
1330 889 1459 925 deinceps
1472 898 1526 917 non
1554 891 1671 926 amplius
1689 890 1764 919 illim:

983 936 1123 964 venientes
1138 936 1305 964 eruditionis
1325 936 1437 963 nomine
1449 936 1610 974 venerabor.
1625 935 1677 970 Qui
1701 945 1764 964 cum

983 982 1052 1009 nihil
1076 990 1092 1010 a
1119 983 1282 1011 mortalibus
1302 983 1380 1010 nobis
1400 983 1573 1019 discrepent,
1599 983 1672 1011 haud
1700 991 1766 1012 sane

983 1031 1116 1062 quantum
1148 1028 1180 1055 ad
1207 1028 1364 1055 Aristotelis
1379 1027 1536 1056 Platonisve
1556 1028 1765 1064 intelligentiam

983 1073 1097 1107 attinet,
1115 1073 1294 1102 nihilominus
1306 1074 1378 1102 inter
1389 1081 1451 1107 nos,
1466 1074 1580 1110 perinde
1594 1078 1678 1110 atque
1694 1074 1767 1102 inter

983 1119 1072 1146 mulos
1083 1118 1205 1150 semidei,
1219 1123 1364 1147 versantur
1374 1128 1382 1147 :
1391 1126 1440 1154 pro
1457 1127 1490 1147 eo
1507 1118 1579 1155 quod
1590 1114 1767 1164 Acpdemiaur

983 1169 1010 1191 et
1027 1163 1152 1200 Lyc-zeum
1176 1164 1302 1197 viderint,
1329 1169 1357 1193 et
1377 1165 1482 1192 variam
1507 1165 1580 1192 illam
1606 1163 1766 1197 Porticum,

983 1211 1029 1237 ubi
1047 1210 1121 1237 Zeno
1137 1210 1399 1246 philosophahatur:
1432 1219 1493 1246 qum
1515 1219 1589 1238 nunc
1606 1211 1682 1238 varia
1704 1218 1768 1240 esse

983 1256 1097 1283 destitit.
1114 1255 1264 1285 Procimsul
1291 1257 1363 1284 enim
1381 1264 1489 1285 asseres
1515 1257 1627 1284 ademit.
1644 1257 1710 1285 lude
1724 1257 1762 1285 ob

983 1302 1146 1338 sapientiam
1160 1306 1365 1338 arrogantiores
1380 1310 1428 1331 eos
1444 1311 1506 1331 esse
1525 1303 1676 1339 prohibuit.

1257 1367 1426 1395 EPISTOLA
1441 1367 1497 1396 LV.

1322 1432 1426 1461 Eidem.

1018 1488 1198 1517 Commodum
1218 1489 1360 1517 rudentem
1377 1491 1502 1518 solveras
1529 1498 1590 1518 eum
1606 1498 1656 1527 ego
1679 1491 1769 1519 mulas
1816 1484 1819 1489 ’

148 1537 222 1572 παρὰ
243 1536 291 1571 τὴν
314 1534 452 1570 ζεφυρῖτιν
475 1535 562 1570 ἠϊόνα.
581 1536 637 1571 Τῆς
653 1535 760 1571 ἀπήνης
775 1535 803 1562 δὲ
819 1536 932 1563 ἀποὸαί-

987 1535 1017 1562 ad
1032 1535 1196 1572 Zephyrium
1219 1537 1296 1564 littus
1319 1535 1444 1570 admovi;
1470 1543 1588 1572 cumque
1603 1546 1619 1564 ιι
1642 1537 1770 1565 vehiculo

146 1589 253 1612 νοντος,
269 1580 318 1615 ἤδη
335 1588 376 1606 σοι
390 1579 419 1605 τὸ
437 1579 519 1606 ἱστίον
541 1578 624 1615 ἦρτο,
646 1581 692 1606 καὶ
715 1580 785 1608 κατὰ
804 1580 931 1616 πρύμναν

146 1627 161 1652 ὁ
176 1627 282 1661 ἄνεμος.
303 1625 382 1655 Ἀλλὰ
394 1626 450 1657 τοῖς
464 1633 493 1651 τε
508 1625 655 1660 ὀφθαλμοῖς
667 1626 738 1661 ὑμᾶς
752 1626 795 1660 ἐφ’
814 1626 876 1653 ὅσον
888 1626 932 1659 ἑξ-

149 1670 268 1698 ιγνοῦντο
285 1671 466 1707 προῦπεμψα,
486 1672 532 1697 καὶ
554 1671 638 1698 πολλὰ
652 1672 708 1703 τοῖς
730 1671 839 1707 ἀνέμοις
861 1672 930 1706 ὑπὲρ

147 1717 197 1751 τῆς
218 1717 358 1752 ἐρωμένης
376 1717 464 1752 ψυχῆς
479 1717 640 1751 διείλεγμαι,
657 1717 784 1750 συνιστὰς
796 1718 887 1750 αὐτοῖς
899 1718 930 1744 τὸ

148 1764 259 1796 σκάφος,
272 1764 312 1789 ὃτι
324 1771 368 1797 μοι
376 1763 406 1788 τὸ
416 1762 629 1798 τιμαλφέστατον
637 1763 745 1798 φορτίον
756 1762 928 1790 πεπίστευτο.

148 1810 179 1835 0i
192 1809 220 1835 δὲ
236 1809 276 1844 (οὐ
293 1808 347 1843 γάρ
360 1809 427 1834 εἰσιν
441 1808 582 1843 ἀνέραστοι
592 1808 646 1834 τῶν
656 1809 770 1843 καλῶν),
785 1809 931 1844 ὑπέσχοντό

149 1863 193 1889 μοι
211 1855 261 1890 τὴν
278 1854 326 1890 σὴν
345 1854 457 1889 κομιδήν
481 1862 510 1880 τε
528 1855 572 1880 καὶ
593 1854 768 1889 ἀνακομιδὴν.
783 1850 863 1882 Οὗτοι
884 1855 933 1890 μὲν

147 1898 195 1927 οὖν
211 1899 308 1934 ἀγαθοὶ
321 1900 448 1935 δαίμονες
463 1900 548 1931 ὅντες.
567 1899 617 1926 οὐκ
636 1900 669 1927 ἄν
691 1908 754 1927 ποτε
779 1900 933 1933 ψεύσαιντο.

151 1946 188 1972 Σὺ
205 1945 233 1972 δὲ
258 1945 351 1981 ὥσπερ
366 1946 454 1973 αὐτῶν
477 1946 600 1981 ἐδεήοης,
616 1946 741 1973 ἐντεῦθεν
756 1947 844 1974 ἐκεῖσε
867 1956 934 1982 πορ-

151 1991 268 2026 Ομεύων,
283 1991 391 2027 δεήθητι
406 1992 531 2019 κάκεῖθεν
547 1992 649 2020 ἐνθάδε.
659 1992 729 2019 Πολὺ
737 1993 791 2028 γὰρ
804 1993 837 2020 ἄν
847 1993 935 2028 ἡδίους

149 2038 210 2064 τότε
231 2046 271 2064 σοι
287 2038 493 2074 παραγένοιντο.

410 2207 579 2234 ΕΠΙΣΤΟΛΗ
601 2207 671 2241 Nq’.

472 2274 514 2307 Τῷ
529 2275 618 2308 αὐτῷ.
684 2262 699 2270 “

195 2329 307 2361 Ἀδικεῖς
320 2338 364 2364 με,
374 2339 396 2356 ω
408 2329 468 2356 θεία
479 2330 526 2356 καὶ
539 2329 600 2365 ἱερὰ
612 2330 727 2366 κεφαλὴ,
737 2330 825 2366 ψυχὴν
835 2331 933 2364 ἁπλῆν,

153 2374 199 2401 καὶ
212 2375 263 2401 ὑπὸ
276 2375 419 2409 συνηθείας
433 2376 580 2411 ἁλώσιμον,
595 2376 717 2407 ἐνσείσας
730 2376 779 2411 μὲν
791 2376 831 2408 εἱς
841 2376 870 2403 τὸ
883 2377 937 2403 δια-

153 2419 290 2454 φερόντως
305 2421 414 2455 ἀγαπᾷν
431 2420 460 2446 σέ
477 2428 507 2446 τε
531 2421 577 2448 καὶ
592 2421 641 2456 τὴν
666 2420 820 2455 ἀδελφιδῆν,
841 2421 938 2456 ἀφελό-

155 2473 234 2500 μενος
242 2460 275 2492 ’δὲ
289 2465 385 2492 σαυτοῦ
400 2473 429 2491 τε
444 2466 490 2491 καὶ
503 2465 553 2499 τῆς
578 2465 731 2501 ἀδελφιδῆς.
752 2466 873 2502 Ἐκείνην
890 2466 938 2501 μὲν

154 2509 200 2537 οὖν
219 2510 297 2546 ἔχων,
317 2511 415 2545 διπλῆν
438 2510 562 2546 ἐθεώμην
585 2511 692 2537 εἰκόνα·
718 2512 766 2538 καὶ
782 2512 872 2547 παρῆν
895 2521 939 2546 μοι

154 2555 198 2582 διὰ
214 2556 261 2591 τῆς
280 2556 400 2588 νεάνιδος
413 2557 428 2583 ὁ
446 2556 517 2588 θεῖος
537 2556 632 2591 αὐτῆς.
656 2556 714 2585 Νῦν
731 2557 759 2583 δὲ
780 2557 888 2584 ἅπαντα
906 2557 940 2583 τὰ

156 2601 221 2635 φίλα
236 2602 353 2637 φροῦδα·
369 2602 415 2629 καὶ
429 2602 572 2637 μέμφομαι
591 2604 623 2638 τῇ
641 2602 732 2638 φύσει,
748 2602 792 2630 διὰ
806 2603 854 2638 τὴν
871 2603 940 2638 ἀμε-

155 2647 234 2683 τρίαν
246 2648 295 2683 τῆς
311 2649 350 2680 εἰς
366 2648 397 2674 τὸ
413 2648 564 2675 ἀδικεῖσθαι
577 2649 674 2684 ῥοπῆς,
688 2649 744 2676 Καὶ
755 2649 782 2675 εἴ
795 2658 821 2676 τι
833 2649 941 2684 φιλοσο-

157 2693 219 2727 φίας
243 2693 354 2728 ὄφελος,
380 2694 421 2724 εἰς
440 2693 660 2728 ἀρῥενωπότερον
674 2695 879 2730 ἀνακτήσομαι,
897 2695 943 2721 καὶ

157 2739 202 2765 τοῦ
224 2739 317 2767 λοιποῦ
340 2739 526 2775 σφενδαμνίνῳ
543 2749 599 2776 μοι,
615 2741 661 2768 καὶ
682 2740 864 2777 ἁκλινεστέρῳ
882 2749 944 2768 συν-

157 2785 261 2814 ἔσεσθε.

983 1581 1190 1613 descenderem,
1206 1582 1296 1622 velum
1311 1580 1366 1616 jam
1387 1581 1433 1609 tibi
1451 1582 1589 1609 sublatum
1613 1587 1682 1614 erat.
1694 1588 1722 1611 et
1733 1583 1768 1611 ad

982 1627 1092 1661 puppim
1111 1631 1208 1654 ventus
1222 1627 1355 1661 spirabat.
1368 1625 1468 1655 Verum
1491 1628 1589 1661 oculis,
1602 1629 1691 1663 quoad
1707 1637 1766 1664 per-

985 1672 1091 1708 tingere
1107 1677 1241 1707 poteram.
1266 1680 1328 1700 sum
1347 1680 1396 1701 vos
1421 1678 1597 1707 consecutus,
1628 1675 1770 1710 multaque

985 1723 1036 1751 pro
1049 1716 1212 1744 charissima
1231 1717 1297 1744 mihi
1314 1717 1406 1745 anima
1422 1718 1510 1746 ventis
1525 1719 1677 1748 collocutus
1696 1727 1768 1753 sum,

985 1769 1082 1790 navem
1097 1761 1153 1790 illis
1165 1769 1224 1790 eam
1247 1764 1455 1797 cormuendans,
1477 1765 1520 1792 cui
1540 1766 1769 1801 pretiosissimum

986 1806 1052 1834 mihi
1069 1813 1139 1835 onus
1155 1807 1344 1835 concrcdhum
1359 1813 1429 1836 erat.
1456 1809 1492 1836 At
1517 1810 1556 1837 illi
1573 1811 1673 1847 (neque
1693 1811 1769 1839 enim

986 1851 1159 1887 pulchrorum
1173 1851 1274 1878 amor’s
1287 1856 1413 1886 expertes
1428 1854 1503 1887 sunt)
1513 1854 1664 1882 rectionem
1674 1861 1706 1882 ac
1719 1861 1766 1882 re-

986 1898 1135 1925 veeiionem
1153 1902 1227 1924 tuam
1251 1898 1316 1925 mihi
1340 1903 1405 1925 sunt
1420 1899 1545 1934 polliciti.
1570 1899 1604 1927 Et
1625 1898 1644 1927 ii
1658 1899 1771 1936 quidem

986 1945 1048 1972 boni
1073 1952 1134 1971 cum
1155 1949 1211 1971 sint
1237 1945 1387 1976 ila-mones,
1415 1940 1556 1981 nunquam
1587 1945 1667 1974 fidem
1692 1953 1770 1974 suam

986 1990 1143 2018 fefellerint.
1165 1989 1205 2016 'fu
1234 1986 1301 2017 vero
1338 1991 1568 2025 quemadmodum
1599 1991 1677 2027 191
1706 1991 1772 2020 Ιιίίισ

985 2034 1052 2061 illuc
1063 2034 1205 2068 :rajiciens
1217 2033 1278 2061 liiOS
1292 2039 1421 2068 precatus
1436 2043 1478 2066 es,
1491 2036 1540 2067 ita,
1558 2036 1611 2064 huc
1638 2037 1713 2065 illine
1727 2045 1772 2066 re-

986 2079 1097 2107 diturus
1124 2087 1245 2115 precare.
1262 2079 1340 2107 Tunc
1361 2081 1433 2108 enim
1463 2082 1548 2109 multo
1571 2082 1620 2110 tibi
1643 2082 1774 2112 libentius

987 2125 1114 2154 aderunt.

1251 2203 1416 2232 EPISTOLA
1431 2204 1496 2232 LVI.

1325 2271 1429 2299 Eidem.

1025 2328 1156 2363 injuriam
1173 2328 1252 2362 facis,
1269 2336 1286 2356 o
1298 2328 1422 2356 divinum
1440 2336 1605 2364 sacrumque
1618 2334 1712 2365 caput,
1726 2326 1775 2366 qui

987 2382 1049 2401 cum
1074 2374 1226 2410 simplicem
1253 2375 1384 2407 animum,
1414 2380 1442 2402 et
1477 2374 1681 2407 consuetudine
1713 2375 1774 2411 ipsa

987 2424 1069 2454 captu
1102 2419 1230 2452 facilem,
1264 2420 1291 2446 in
1314 2420 1458 2447 miriﬁcum
1482 2419 1523 2449 tul
1538 2426 1578 2450 ac
1599 2420 1695 2449 fratris
1713 2421 1776 2449 ﬁlia:

991 2473 1112 2493 amorem
1125 2466 1275 2500 impuleris,
1285 2474 1347 2493 enm
1364 2471 1454 2494 tamen
1468 2465 1519 2496 alia
1531 2470 1561 2494 te
1573 2470 1600 2494 et
1617 2465 1709 2494 fratris
1721 2468 1775 2494 lilia

991 2512 1155 2546 sejunxeris.
1181 2512 1262 2546 Atqui
1295 2519 1356 2538 cum
1377 2520 1436 2538 eam
1466 2512 1598 2545 intuerer,
1623 2512 1723 2548 duplex
1741 2513 1776 2540 ob

991 2556 1087 2583 oculos
1099 2556 1188 2591 imago
1199 2556 1358 2583 versabatur
1368 2577 1376 2589 ,
1390 2557 1510 2591 mihique
1522 2558 1550 2584 in
1562 2558 1651 2592 puclia
1661 2562 1777 2594 patruus

992 2601 1067 2628 illius
1080 2600 1178 2628 adesse
1189 2601 1344 2629 videbatur.
1357 2601 1437 2630 Nunc
1455 2608 1546 2630 autem
1557 2603 1695 2638 quidquid
1707 2605 1778 2633 alni-

995 2653 1058 2674 cum
1073 2649 1143 2678 erat,
1160 2645 1229 2673 abiit
1241 2646 1362 2681 penitus,
1377 2651 1461 2682 atque
1475 2655 1526 2682 ego
1542 2651 1671 2676 naturam
1685 2648 1785 2687 inter-‘

997 2692 1061 2720 dum
1076 2699 1165 2719 meam
1176 2698 1289 2724 accuso,
1301 2692 1375 2727 quod
1391 2693 1424 2720 ad
1445 2693 1574 2728 injuriam
1588 2691 1778 2730 accipiendam

998 2736 1179 2775 immoderate
1203 2738 1332 2772 proclivis
1354 2746 1414 2766 esse
1434 2738 1570 2766 videatur.
1588 2739 1668 2772 Quod
1689 2740 1778 2776 siqua

1000 2783 1178 2818 philosophia:
1194 2783 1297 2811 utilitas
1309 2788 1360 2817 est,
1373 2784 1399 2811 in
1415 2785 1518 2812 virilem
1535 2793 1578 2812 me
1595 2789 1695 2813 statum
1713 2793 1770 2813 con-

1002 2829 1125 2861 lirmabo,
1143 2829 1356 2864 rigidioremqur.
1371 2837 1413 2858 me
1431 2830 1466 2858 de
1481 2834 1582 2859 cretero
1594 2838 1626 2859 ac
1638 2836 1778 2860 contmna-

995 2874 1096 2902 eiorem
1113 2873 1301 2910 expcriemini.
