1955 3063
199 143 270 171 I383

459 195 628 224 EPISTOLA
648 195 727 223 LVII.

406 242 538 269 Aduersus
556 241 748 268 Andronicum.

234 289 301 322 Quae
314 295 342 315 In
357 287 461 315 mundo
484 291 548 314 sunt
569 286 698 313 maleﬁcae
725 286 860 318 virtutes,
881 284 988 312 etiamsi

198 343 233 363 ex
245 342 295 362 usu
309 334 408 361 divinae
424 332 602 368 providentia
617 333 683 363 sint,
693 339 755 358 cum
771 331 806 358 ab
820 331 875 359 illis
892 337 988 365 ptenas

201 383 326 415 repetant
347 380 395 415 qui
413 386 460 407 eas
476 378 676 409 commiserint,
698 382 765 405 sunt
782 377 837 404 illae
847 381 938 404 tamen
961 382 988 404 et

200 427 294 454 invisae
309 426 365 454 Deo
378 429 405 453 et
414 425 611 453 exsecrabiles.
630 423 773 451 Suscitabo
791 424 872 454 enim.
885 423 986 458 inquit,

197 477 300 508 gentem
313 471 452 498 adversum
464 479 520 503 vos,
538 477 554 497 a
577 477 633 505 qua
650 471 707 498 hac
720 474 748 497 et
768 469 815 497 illa
830 469 986 504 patiemini;

199 527 231 546 ac
243 518 353 546 tandem
368 517 431 553 illos
447 517 534 551 ipsos,
545 523 615 551 quos
628 519 761 550 tanquam
774 515 874 543 milites
885 520 986 547 armat,

199 566 359 600 puniturum
374 571 406 591 se
423 571 484 590 esse
496 563 581 596 dicit;
612 562 744 598 quoniam
766 569 829 589 cum
848 561 876 588 in
908 568 987 589 suam

198 617 248 636 vos
265 612 425 643 potestatem
443 607 626 642 accepissent.
648 614 704 634 non
724 610 789 634 sunt
805 606 924 639 miserti,
939 614 988 634 ne-

197 663 252 690 que
265 655 421 682 humaniter
435 658 602 682 tractarunt.
612 652 720 681 Etenim
736 660 816 681 sacra
830 653 890 688 ipsa
904 653 987 680 verba

198 701 331 728 memoria
346 707 401 727 non
423 704 526 727 teneo:
556 704 633 727 certo
652 703 743 726 autem
770 699 987 727 asseveraverim

199 746 300 774 alicubi
324 747 351 774 in
367 746 456 774 sacris
475 745 667 773 Voluminibus
682 745 767 772 Deum
791 745 848 772 haec
871 744 987 779 loquen-

198 796 252 820 tem
281 792 385 819 intlut-i.
404 791 498 826 Neque
528 799 591 818 vero
611 791 648 818 ita
673 799 736 818 cum
754 791 882 823 dixisset,
908 791 987 818 aliter

198 839 288 873 reipsa
309 839 402 873 gessit.
424 838 530 873 Quippe
554 837 721 872 Babylonius
737 844 785 864 rex
798 835 986 871 Jerosnlymo-

198 892 259 912 rum
273 884 371 911 evertit
384 883 490 915 urbem,
506 890 537 910 ac
549 886 656 918 gentem
672 882 758 916 ipsam
778 881 805 908 in
826 881 984 908 servitutem

197 930 312 965 redegit.
331 929 365 956 At
383 929 474 964 isipse
489 936 544 956 non
562 928 648 955 multo
661 931 722 963 post
736 927 830 954 furore
840 931 984 961 correptus

195 979 250 1006 est,
274 974 423 1008 divinaque
448 973 688 1000 animadversione
715 972 820 1000 factum
847 976 878 999 ut
909 972 984 1000 illius

198 1022 264 1048 urbs
278 1022 408 1047 vastitate
429 1026 461 1046 ac
483 1018 632 1046 solitudine
655 1018 852 1051 damnaretur;
870 1017 938 1045 adeo
956 1022 985 1045 ut

197 1067 293 1093 urbem
309 1073 429 1100 unquam
446 1065 473 1091 in
486 1071 519 1092 eo
536 1064 624 1091 fuisse
642 1064 703 1091 loco
727 1063 888 1092 incredibile
905 1063 985 1091 vide-

197 1117 284 1139 retur.
299 1111 406 1148 Ecquid
416 1118 482 1146 ergo
499 1110 638 1139 sciscitari
663 1110 698 1137 de
715 1109 770 1137 Deo
787 1110 860 1137 hunc
873 1109 902 1137 in
924 1117 985 1136 mo-

195 1160 261 1185 dum
279 1166 331 1186 nos
355 1156 537 1185 audebimus?
553 1155 624 1190 Quid
647 1160 677 1184 tu
701 1155 827 1184 homines
851 1156 984 1184 adversus

196 1205 388 1239 delinquentes
407 1204 445 1230 tui
465 1203 568 1231 ultores
586 1203 712 1230 excitas:
728 1202 810 1229 iidem
839 1206 983 1237 postquam

196 1251 298 1278 divinat
317 1249 452 1278 voluntati
479 1253 535 1276 tute
560 1255 672 1283 operam
699 1249 871 1279 navaverint,
895 1247 985 1282 iisque

197 1305 226 1325 se
243 1296 388 1324 carniﬁces
403 1294 580 1331 praebuerint,
599 1294 632 1320 ad
649 1301 719 1328 quos
737 1294 904 1326 mittuntur;
920 1300 983 1320 cum

197 1343 230 1370 iis
239 1349 330 1377 operat
340 1348 397 1369 suae
409 1341 562 1368 mercedem
575 1346 608 1366 ac
618 1339 733 1374 gratiam
745 1338 895 1372 rependere
903 1344 984 1373 opor-

197 1392 276 1420 teret,
293 1391 360 1414 tunc
375 1386 418 1414 vel
432 1385 548 1412 maxime
558 1383 730 1420 puniuntur?
745 1384 786 1411 An
799 1387 827 1411 et
843 1383 889 1411 ille
904 1383 985 1411 nobis

195 1432 230 1460 ad
243 1431 464 1467 respondendum
489 1432 553 1459 huic
567 1429 778 1465 interrogationi
801 1429 855 1457 ista
875 1436 986 1465 sugges-

196 1478 253 1506 sit?
267 1477 334 1505 Cum
353 1477 398 1504 hic
414 1476 516 1504 violata
529 1475 624 1503 divina
643 1476 722 1511 192
740 1476 809 1511 lege,
821 1476 849 1502 in
861 1475 985 1503 homines

197 1524 269 1551 mala
286 1523 477 1558 pervenissent
493 1531 500 1550 :
516 1522 544 1551 in
562 1522 696 1549 malorum
713 1529 778 1549 vero
791 1528 892 1556 genere
909 1521 986 1556 prin-
999 1536 1020 1564 ε

196 1570 320 1604 cipatum
336 1572 441 1601 tenent.
457 1575 519 1603 qua!
534 1567 657 1595 maleﬁca
673 1571 755 1601 sunt;
769 1567 827 1595 haec
840 1567 914 1594 enim
931 1575 980 1594 na—

196 1620 267 1643 tura
292 1615 412 1651 quadam
430 1614 601 1642 abundantia
626 1613 760 1641 efﬁciendi
781 1614 837 1641 vim
853 1613 956 1640 habent
974 1621 982 1639 :

196 1665 344 1696 postquam
371 1660 458 1696 igitur
482 1660 553 1687 mala
571 1659 657 1688 semel
680 1659 857 1691 exstiterunt,
883 1658 984 1686 divinae

195 1707 349 1742 sapientiae,
364 1711 391 1734 et
400 1705 523 1738 virtutis,
532 1710 559 1733 et
571 1704 711 1733 facultatis
724 1704 820 1738 fuisse,
832 1712 886 1732 non
900 1705 985 1732 modo

197 1754 299 1781 bonum
317 1753 409 1780 facere
423 1761 432 1780 :
448 1756 546 1779 natura
566 1752 650 1784 enim,
669 1755 699 1778 ut
727 1751 766 1779 ita
794 1751 901 1786 loquar,
926 1750 985 1778 haec

196 1799 245 1827 Dei
258 1804 312 1832 est,
328 1799 404 1827 velut
415 1798 488 1834 ignis
503 1798 664 1831 calefacere,
677 1797 720 1825 vel
734 1797 826 1825 lucere
838 1797 924 1824 lucis:
935 1796 985 1824 sed

195 1846 264 1873 illud
279 1844 425 1881 imprimis,
440 1851 491 1880 per
517 1844 588 1871 mala
608 1844 678 1879 ipsa,
703 1851 765 1879 qua:
792 1851 808 1870 ιι
840 1842 984 1872 nonnullis

194 1892 354 1928 excogitata
365 1890 480 1924 fuerint,
497 1890 601 1918 bonum
617 1890 748 1926 aliquem,
764 1893 792 1918 et
808 1889 985 1917 commodum

196 1937 279 1966 ﬁnem
295 1937 413 1970 eﬂicere,
430 1940 458 1965 et
473 1936 579 1964 utiliter
589 1936 633 1965 his
648 1936 687 1963 uti
709 1944 770 1971 quae
786 1935 856 1963 mala
871 1935 985 1963 videan-

198 1989 252 2011 tur.
266 1983 315 2011 Est
324 1984 398 2011 enim
414 1983 525 2011 solertis
537 1983 590 2010 hoc
604 1983 757 2018 sapientiae,
768 1982 810 2009 vel
822 1981 904 2009 malis
917 1981 986 2016 ipsis

196 2033 352 2063 opportune
383 2028 423 2055 uti
453 2035 546 2063 posse.
580 2026 695 2062 Quoties
718 2027 811 2062 itaque
842 2033 985 2062 poenarum

195 2073 375 2102 exactoribus
391 2073 507 2109 indiget,
527 2072 665 2101 interdum
687 2073 857 2100 locustarum
883 2072 986 2108 agmini

196 2120 335 2154 praefectis
374 2119 547 2146 daemonibus
570 2123 682 2152 utetur;
706 2125 904 2153 nonnunquam
940 2118 986 2151 iis,

193 2172 314 2199 quorum
334 2172 435 2193 munus
453 2167 496 2192 est
508 2164 685 2200 pestilentia;
703 2163 771 2191 alias
794 2163 912 2191 barbara
936 2163 987 2191 ali-

194 2217 251 2244 qua
269 2209 402 2243 natione;
419 2208 488 2237 alias
514 2209 623 2237 nefario
645 2208 770 2245 principe
788 2217 794 2236 :
822 2212 859 2241 et,
886 2213 916 2236 ut
929 2216 985 2236 uno
1001 2202 1023 2229 Ῑ)

195 2255 281 2282 verbo
296 2255 396 2286 dicam.
420 2255 541 2290 publicis
566 2255 640 2282 velut
657 2254 840 2288 administris,
865 2255 984 2289 naturis,

193 2309 257 2336 qua:
279 2301 312 2328 ad
327 2299 556 2328 malefaciendum
575 2301 681 2329 idoneae
702 2305 777 2329 sunt.
798 2300 983 2329 Nihilominus

733 137 867 166 SVNESII
891 136 1124 166 PTOLEMAIDIS
1151 135 1306 164 EPISCOPI

1757 135 1830 162 1584

1259 193 1432 220 samo/ut
1451 193 1505 220 nz'
1532 193 1600 230 (65‘).

1278 241 1358 266 Κατὰ
1378 239 1580 274 Ἀνδρονίκου.

1075 286 1107 312 Δί
1122 286 1263 312 κακοποιοῖ
1275 285 1403 321 δυνάμεις
1417 286 1446 311 ὲν
1463 285 1572 321 κόσμῳ,
1595 285 1749 312 συντελοῦσι
1777 286 1830 321 μὲν

1038 333 1070 367 τῇ
1091 331 1171 367 χρείᾳ
1186 332 1236 366 τῆς
1258 331 1396 367 προνοίας·
1413 331 1557 363 κολάζουσι
1577 331 1634 367 γὰρ
1654 332 1717 364 τοὺς
1734 332 1829 365 ἀξίους

1039 377 1209 409 κολάζεσθαι·
1225 376 1280 403 εἰσὶ
1299 377 1328 403 δὲ
1353 377 1429 411 ὅμως
1443 376 1578 412 θεομισεῖς
1594 386 1624 404 τε
1644 378 1690 404 καὶ
1705 378 1828 414 ἀποτρό-

1038 429 1122 448 παιοι.
1134 431 1143 447 ι
1159 420 1264 456 Ἐγερῶ
1275 420 1340 456 γὰρ,
1358 430 1367 446 ι
1379 421 1471 456 φησιν,
1486 430 1496 446 ‹
1513 421 1588 453 Ξθνος
1603 423 1646 456 ἐφ’
1657 423 1739 458 ὑμᾶς,
1753 432 1763 448 ι
1779 423 1828 458 ἀφ’

1037 464 1068 493 οὗ
1087 466 1214 493 πείσεσθε
1230 466 1296 493 τόσα
1319 467 1366 494 καὶ
1386 467 1462 494 τόσα.
1488 467 1542 494 Καὶ
1566 468 1710 501 τελευτῶν,
1732 469 1827 501 αὐτοῖς

1038 513 1162 545 ἐκείνοις,
1173 510 1214 544 οἷς
1227 511 1425 548 ἐπιστρατεύει,
1441 512 1523 548 φησὶν
1537 512 1772 546 ἐπεξελεύσεσθαι,
1784 515 1828 541 ὅτι

1039 558 1240 594 παραλαϐόντες
1258 559 1330 593 ὑμᾶς
1345 559 1396 585 οὐκ
1419 558 1548 595 ἠλέησαν,
1568 559 1628 586 οὐδὲ
1648 559 1828 596 ἀνθρωπίνως

1038 604 1198 640 ἐχρήσαντο.
1213 603 1305 636 aera;
1322 604 1372 639 μὲν
1386 604 1440 640 γὰρ
1455 604 1511 640 [γρ.
1528 604 1577 640 μὲν
1592 603 1650 640 οὖν]
1665 605 1715 632 οὐκ
1731 607 1828 641 ἐξεμε-

1037 649 1136 685 λέ-ιησα
1145 650 1195 682 τὰς
1207 651 1283 686 ἱερὰς
1295 650 1438 682 συλλαϐάς.
1452 650 1641 686 Διαυρίζομαι
1652 651 1691 683 δὲ,
1703 652 1740 684 ὡς
1753 652 1827 679 ἐστιν

1038 659 1136 685 tat-qm
1145 659 1195 682 τας
1208 659 1283 686 ιερας
1295 659 1438 682 συΑΛαοας.
1452 659 1641 723 Διέἑυριςομαι
1652 659 1691 683 οε,
1703 659 1740 684 ως
1753 659 1827 679 εστιν

1037 693 1067 722 οὗ
1082 697 1137 723 τῶν
1160 696 1269 732 βιϐλίων
1284 698 1299 724 ὁ
1311 697 1377 729 Θεὸς
1390 696 1476 724 ταῦτα
1521 706 1575 731 γων
1592 697 1747 733 πεποίηται.
1769 699 1827 725 Καὶ

1036 742 1087 768 οὐκ
1099 738 1159 768 εἷπε
1173 741 1319 777 μὲνοῦτως
1331 761 1339 773 ,
1352 741 1402 768 οὐκ
1415 741 1525 777 ἐποίησε
1538 742 1577 768 δέ.
1604 742 1683 769 Ἀλλὰ
1698 743 1829 770 Βαὸυλώ-

1037 796 1092 819 νιος
1102 788 1228 823 βασιλεὺς
1247 786 1427 824 Ἰερουσαλὴμ
1441 787 1490 823 μὲν
1503 787 1552 823 τὴν
1565 788 1641 815 πόλιν
1656 788 1825 823 κατέσκαψε,

1036 834 1067 860 τὸ
1082 833 1111 860 δὲ
1127 833 1204 865 ἔθνος
1227 833 1453 870 ἠνδραποδίσατο.
1480 833 1510 860 '0
1530 833 1559 860 δὲ
1578 834 1658 865 αὐτὸς
1672 831 1750 866 οὗτος
1774 836 1826 861 οὐκ

1036 878 1076 909 εἰς
1091 879 1199 914 μακρὰν
1213 879 1353 913 ὲμεμήνει·
1368 878 1416 904 καὶ
1428 878 1522 912 γέγονε
1531 878 1593 914 δίκῃ
1606 878 1673 904 Θεοῦ
1685 877 1825 914 ἐξερημω-

1035 923 1113 959 θῆναι
1127 924 1176 960 τὴν
1191 924 1278 955 πόλιν,
1292 924 1330 956 ὡς
1347 925 1371 950 εἰ
1389 924 1436 951 καὶ
1456 924 1567 958 γέγονεν
1588 924 1617 950 ὲν
1631 924 1669 959 τῷ
1686 925 1762 961 τόπῳ
1777 925 1820 952 πό-

1861 640 1910 706 Cv”

1034 970 1085 1002 λις,
1098 970 1291 1005 ἀπιστηθῆναι.
1301 968 1376 1005 ⁷Αρα
1389 970 1536 1006 τολμητέον
1544 970 1660 1014 ἔρεσθαι
1676 971 1760 1004 Θεόνς
1776 973 1826 999 Διὰ
1842 966 1882 1009 ί
1905 982 1914 998 ;

1034 1016 1061 1042 τί
1078 1017 1110 1042 σὺ
1128 1017 1177 1052 μὲν
1196 1016 1307 1051 ἁνίστης
1321 1016 1420 1052 ἄνδρας
1437 1016 1484 1043 ἐπὶ
1496 1008 1767 1053 τοὺξήῖιαρτηκότας
1783 1027 1826 1044 σοι

1034 1062 1170 1098 τιμωρούς
1180 1071 1187 1077 ·
1203 1062 1265 1089 ὅταν
1278 1062 1307 1088 δὲ
1324 1063 1516 1098 ὺπηρετήσωσι
1528 1062 1567 1097 τῷ
1582 1063 1646 1098 θείῳ
1662 1063 1824 1099 βουλήματι,

1034 1106 1081 1133 καὶ
1097 1106 1226 1141 γένωνται
1251 1107 1342 1141 δήμιοι
1357 1106 1472 1138 τούτοις.
1499 1107 1541 1142 ἐφ’
1559 1107 1607 1139 οὓς
1629 1109 1826 1144 καταπέμπον-

1034 1160 1096 1184 ται,
1111 1151 1169 1178 δέον
1185 1152 1291 1179 ἐκτῖσαι
1307 1152 1386 1187 χάριν
1399 1152 1448 1187 τῆς
1464 1152 1628 1188 ὑπουργίας,
1644 1153 1703 1180 τότε
1720 1155 1752 1190 δὴ
1770 1155 1825 1190 μά-

1034 1198 1112 1225 λιστα
1132 1199 1178 1225 καὶ
1195 1198 1372 1231 κολάζονταις
1398 1198 1467 1225 Ἀλλ’
1488 1196 1506 1235 ἦ
1523 1199 1667 1234 κεκίνηκεν
1689 1201 1764 1236 ἡμᾶς
1783 1202 1826 1233 είς

1035 1244 1179 1278 ἀπόκρισιν
1194 1241 1232 1271 ὧν
1247 1243 1328 1270 αὐτοῦ
1345 1244 1551 1280 πυνθανόμεθα;
1581 1245 1690 1282 Ἐπειδὴ
1705 1246 1760 1283 γὰρ
1781 1247 1827 1282 βε-

1035 1290 1192 1326 ϐλαμμένου
1212 1291 1273 1326 τῇδε
1288 1292 1335 1318 τοῦ
1354 1292 1426 1319 θείου
1443 1293 1542 1328 νόμου,
1566 1294 1702 1329 παρῆλθεν
1718 1295 1759 1326 είς
1776 1295 1826 1322 ἀν-

1036 1336 1161 1373 θρώπους
1177 1338 1267 1364 κακὰ·
1283 1339 1317 1364 τὰ
1333 1338 1361 1364 δὲ
1375 1339 1520 1368 κακοποιὰ,
1537 1339 1718 1374 διαφερόντως
1733 1342 1824 1368 κακὰ·

1036 1383 1179 1419 περιουσίᾳ
1191 1383 1245 1420 γὰρ
1262 1383 1369 1418 φύσεως
1388 1385 1434 1411 καὶ
1447 1385 1599 1421 δραστήρια
1612 1386 1729 1420 γίνονται
1741 1397 1748 1403 ι
1764 1389 1826 1415 ἐπεὶ

1035 1429 1057 1455 δ’
1080 1427 1127 1456 οὖν
1143 1429 1216 1462 ama
1241 1429 1336 1464 γέγονε
1356 1430 1391 1456 τὰ
1407 1431 1489 1457 κακά·
1506 1431 1555 1466 τῆς
1577 1431 1651 1464 θείας
1665 1434 1762 1467 σοφίας
1779 1435 1827 1461 καὶ

1036 1475 1137 1510 ἀρετῆς
1151 1476 1199 1502 καὶ
1210 1475 1352 1511 δυνάμεως
1366 1475 1446 1511 ἔργον
1460 1476 1545 1510 ἐστὶν,
1561 1477 1591 1503 οὐ
1609 1478 1688 1512 μόνον
1709 1480 1740 1506 τὸ
1757 1480 1828 1514 ἀγα-

1037 1523 1164 1551 θοποιεῖν.
1186 1523 1269 1555 Φύσις
1289 1523 1353 1559 γὰρ,
1370 1523 1408 1555 ὡς
1425 1525 1521 1556 εἰπεῖν,
1543 1525 1613 1560 αὕτη
1629 1525 1708 1558 Θεοῦ,
1723 1525 1763 1557 ὥς
1778 1526 1826 1552 τοῦ

1037 1568 1122 1604 πυρὸς
1130 1568 1160 1595 τὸ
1171 1568 1336 1604 θερμαίνειν,
1347 1569 1394 1596 καὶ
1407 1568 1453 1596 τοῦ
1467 1570 1554 1603 φωτὸς
1565 1570 1594 1596 τὸ
1608 1570 1744 1604 φωτίζειν·
1757 1571 1826 1598 ἀλλὰ

1034 1615 1144 1641 κάκεῖνο
1167 1614 1298 1650 μάλιστα,
1323 1614 1354 1641 τὸ
1373 1615 1417 1642 διὰ
1432 1614 1524 1642 κακῶν
1543 1615 1601 1651 (66)
1626 1617 1826 1652 ὲπινοηθέντων

1035 1660 1103 1695 πρός
1116 1668 1197 1686 τινων
1207 1679 1214 1692 ,
1229 1659 1331 1694 ἀγαθόν
1345 1667 1371 1686 τι
1384 1659 1432 1687 καὶ
1446 1659 1566 1696 χρηστὸν
1579 1660 1656 1693 τέλος
1669 1662 1824 1693 ἀποτελεῖν,

1034 1706 1081 1732 καὶ
1091 1705 1236 1741 ὠφελίμως
1247 1707 1303 1737 τοῖς
1313 1705 1421 1733 δοκοῦσι
1434 1706 1545 1741 φαύλοις
1556 1707 1685 1744 χρῆσθαι.
1699 1708 1755 1735 Καὶ
1770 1708 1826 1744 γὰρ

1035 1751 1130 1786 σοφίας
1145 1751 1218 1778 ἐστὶν
1236 1751 1407 1787 εὐμηχάνου,
1430 1752 1479 1779 καὶ
1496 1754 1553 1784 τοῖς
1575 1754 1669 1784 κακοῖς
1688 1754 1717 1780 ὲν
1736 1753 1825 1780 δέοντι

1034 1795 1197 1831 χρήσασθαι.
1222 1796 1306 1823 Ὅταν
1323 1793 1370 1823 οὗν
1385 1796 1471 1824 δεῖται
1492 1797 1642 1829 κολαστῶν,
1661 1798 1760 1833 χρῆται
1776 1798 1825 1824 νῦν

1036 1841 1086 1876 μὲν
1108 1841 1275 1878 ἁγελάρχαις
1291 1842 1411 1878 ἀκρίδων
1431 1842 1556 1878 δαίμοσι·
1581 1842 1629 1870 νῦν
1645 1843 1674 1870 δὲ
1696 1840 1734 1871 ὧν
1756 1844 1825 1880 ἔργα

1034 1887 1132 1923 λοιμοί·
1147 1887 1193 1914 καὶ
1209 1887 1256 1914 νῦν
1274 1887 1324 1923 μὲν
1337 1887 1409 1915 ἔθνει
1433 1887 1588 1925 βαρϐάρων·
1603 1889 1650 1916 νῦν
1667 1889 1697 1916 δὲ
1712 1889 1826 1925 ἄρχοντι

1035 1933 1161 1969 πονηρῷ·
1176 1933 1224 1960 καὶ
1238 1932 1365 1966 καθάπαξ
1379 1934 1476 1967 εἰπεῖν,
1489 1936 1550 1966 ταῖς
1563 1934 1725 1970 ἐπιτηδείοις
1740 1936 1781 1967 εἰς
1793 1935 1825 1962 τὺ

1034 1979 1146 2014 ποιῆσαι
1157 1978 1231 2006 κακὰ
1241 1979 1385 2014 δημοσίαις
1397 1979 1504 2014 φύσεσι.
1516 1980 1598 2007 Μισεῖ
1609 1979 1631 2007 δ’
1643 1981 1717 2015 ὅμως
1726 1980 1823 2013 αὑτὰς,

1034 2025 1075 2052 ὄτι
1086 2025 1154 2060 πρὸς
1167 2024 1246 2052 τοῦτο
1257 2025 1400 2060 γεγόνασιν
1409 2025 1567 2061 ἐπιτήδειοι.
1579 2026 1617 2052 (uti
1628 2025 1681 2061 γὰρ
1695 2027 1825 2062 ἐποίησεν

1035 2071 1050 2098 ὸ
1060 2070 1126 2103 Θεὸς
1145 2071 1250 2106 ὄργανα
1264 2071 1422 2107 συμφορῶν,
1436 2071 1493 2098 ἀλλ’
1515 2072 1560 2107 ὑφ’
1573 2071 1678 2098 ἑαυτῶν
1692 2073 1731 2104 είς
1743 2073 1825 2100 τοῦτο

1035 2117 1170 2152 ταχθεῖσιν
1182 2117 1297 2152 ἑτοίμως
1309 2118 1454 2153 ἐχρήσατο.
1471 2118 1526 2144 Καὶ
1535 2117 1601 2144 διότι
1614 2117 1682 2154 πρὸς
1696 2117 1776 2145 τοῦτο
1790 2120 1823 2146 σὺ

1036 2163 1149 2197 γέγονας
1161 2163 1305 2198 χρήσιμος,
1318 2163 1384 2190 αὐτὸ
1397 2163 1475 2190 τοῦτό
1489 2165 1572 2196 ἐστιν,
1586 2164 1600 2190 ὃ
1614 2164 1660 2190 καὶ
1674 2165 1822 2191 παντάπα-

1037 2217 1079 2235 σιν
1093 2208 1242 2235 ἀποκόπτει
1256 2208 1332 2236 Θεοῦ.
1348 2208 1426 2236 Οὕτω
1436 2209 1483 2236 καὶ
1499 2210 1594 2241 σκεῦος
1606 2209 1637 2237 τὸ
1649 2210 1698 2245 μὲν
1712 2211 1822 2246 ἄτιμον,

1037 2255 1068 2281 τὸ
1089 2254 1118 2281 δὲ
1133 2254 1222 2289 τίμιόν
1243 2254 1301 2280 ἔστί
1321 2263 1351 2281 τε
1376 2254 1424 2281 καὶ
1444 2254 1593 2290 νομίζεται.
1617 2255 1747 2291 Κρίνεται
1767 2256 1823 2292 γὰρ

1035 2299 1165 2334 ἑκάτερον
1181 2298 1249 2334 πρὶς
1257 2299 1352 2334 ἥντινα
1358 2299 1452 2335 χρείαν
1460 2300 1751 2337 παρέχεται.Τράπεζα
1761 2302 1822 2337 μὲν,

815 2388 906 2419 υιοΝ.
919 2389 1056 2418 PETAVII
1075 2389 1193 2419 NOTtE.

230 2470 287 2506 (65)
309 2469 339 2497 in
355 2468 520 2506 quibusdam
535 2469 676 2506 codicibus
690 2469 748 2506 bmc
766 2469 837 2496 inter
850 2469 980 2506 epistolas

195 2504 249 2532 non
268 2510 413 2536 censetur,
438 2504 485 2531 sed
500 2508 562 2539 post
577 2504 686 2532 easdem
698 2505 769 2531 inter
787 2504 979 2536 καταστάσεις.

194 2541 242 2567 Sic
258 2539 330 2566 enim
356 2539 493 2575 appellare
516 2539 586 2566 solet
605 2539 817 2575 declamationes
837 2539 980 2574 quasdam.

197 2577 291 2609 Neque
307 2582 400 2602 revera
416 2575 531 2609 epistola
546 2579 588 2602 est
602 2582 610 2606 ;
632 2574 679 2602 sed
690 2593 697 2604 ι
726 2574 798 2608 quod
815 2574 847 2601 ad
864 2582 983 2609 sequen-

196 2611 263 2637 tium
280 2610 446 2638 iutellectunt
459 2609 622 2641 conferat,et
633 2609 660 2636 in
674 2609 790 2644 vulgatis
804 2609 982 2642 editionibus,

195 2650 277 2679 atque
304 2644 331 2670 in
359 2652 427 2672 mss.
445 2645 584 2679 plerisque
610 2651 690 2672 suum
716 2644 788 2679 inter
807 2644 869 2672 illas
893 2645 983 2671 locum

195 2678 304 2709 habent.
313 2679 380 2707 nihil
392 2678 721 2707 immutaredecrevimus.
732 2678 864 2706 Caeterum
872 2679 978 2707 Andro-

197 2715 275 2741 nicus
296 2715 348 2742 iste
363 2714 553 2741 Beronicensis
574 2714 714 2749 Pentapoli
735 2713 889 2749 praefectus,
915 2721 977 2741 cum

196 2750 329 2777 scelerate
356 2749 439 2776 multa
455 2754 489 2784 et,
504 2749 585 2784 impie
603 2750 629 2776 in
648 2749 730 2776 Deum
753 2755 835 2784 atque
853 2750 978 2777 homines

197 2784 349 2815 moliretur,
366 2787 461 2811 coacto
476 2783 642 2812 Ptolemaide
660 2783 798 2815 concilio,
824 2792 839 2811 a
858 2784 976 2811 ﬁdelium

196 2820 388 2846 communione
403 2819 435 2845 de
445 2819 635 2852 episcoporum
649 2819 783 2846 sententia
793 2820 908 2853 rejet-tus
923 2823 976 2847 est.

197 2853 294 2882 Habita
310 2854 394 2889 igitur
409 2853 466 2881 haec
479 2855 614 2882 invoctiva
629 2858 672 2882 est
687 2859 747 2889 post
763 2855 871 2882 concilii
883 2855 978 2882 decre-

1034 2473 1104 2502 tum,
1121 2471 1194 2506 quod
1211 2478 1329 2505 sequens
1343 2470 1377 2498 ad
1393 2470 1542 2506 episcopos
1553 2470 1819 2506 epistola‘continet.

1067 2504 1227 2541 (ϐθλἏλλὰ
1235 2504 1354 2533 κάκεῖνο
1360 2504 1503 2541 ,μέ-λιστα,
1514 2505 1547 2531 τὸ
1554 2504 1602 2531 διὰ
1610 2504 1753 2541 κακῶγτὸ.
1764 2506 1785 2532 Δ
1791 2514 1821 2532 ιι-

1035 2540 1158 2575 ςιιειέυε
1166 2541 1249 2572 civit“
1259 2548 1319 2575 cap.
1333 2541 1345 2568 ί
1357 2550 1363 2567 :
1378 2540 1466 2567 Multa
1481 2541 1548 2566 enim
1558 2541 1624 2574 ﬁunt
1636 2548 1652 2566 α
1664 2540 1744 2567 malis
1759 2541 1819 2575 qui-

1035 2574 1094 2602 dem
1102 2581 1196 2603 contra
1212 2574 1372 2603 voluntatem
1384 2575 1450 2607 Dei;
1461 2575 1506 2602 sed
1517 2579 1599 2602 tanta:
1610 2580 1648 2601 est
1659 2574 1705 2602 ille
1714 2577 1821 2610 sapien-

1037 2611 1081 2636 ιίιιι
1092 2615 1222 2644 ιαηῑιινᾳίιε
1233 2611 1348 2642 virtutis,
1357 2616 1385 2637 ut
1393 2611 1420 2637 in
1429 2618 1473 2637 eos
1482 2611 1579 2638 exitus.
1591 2619 1644 2637 stre
1659 2611 1738 2643 ﬁnes.
1755 2619 1820 2645 quo:

1037 2645 1117 2673 bonos
1132 2652 1154 2673 el
1161 2647 1247 2679 justas
1257 2647 1310 2680 ipse
1320 2646 1462 2680 pru'scivit,
1480 2646 1586 2671 tendant
1601 2646 1688 2671 onmiu
1701 2654 1759 2679 qua’
1776 2655 1819 2672 υο-

1031 2681 1129 2707 luntati
1137 2680 1194 2715 ejus
1201 2681 1322 2708 uidentur
1332 2681 1454 2708 adversa.
1467 2680 1668 2715 Plotinusapud
1679 2680 1816 2706 Theudor.

1029 2724 1055 2743 VI
1069 2715 1106 2742 De
1112 2716 1235 2742 curandis
1244 2715 1329 2743 Grave.
1339 2725 1347 2743 :
1356 2716 1409 2743 Καὶ
1417 2716 1447 2742 οὒ
1455 2715 1551 2749 γέγονε
1558 2715 1593 2741 τὰ
1607 2715 1679 2742 κακὰ
1692 2715 1736 2741 διὰ
1753 2716 1819 2742 ταῦ-

1029 2759 1073 2791 τα,
1082 2751 1139 2777 ἀλλ’
1147 2751 1188 2777 ὅτι
1196 2751 1350 2791 χρῆταικαὶ
1355 2751 1444 2791 αὐτοῖς
1456 2751 1495 2781 είς
1500 2749 1569 2791 δέον,
1578 2750 1626 2776 ὲπε
1631 2750 1692 2785 ίπερ
1700 2750 1820 2791 εγενετοΡ

1030 2786 1155 2822 εἴρηται·
1182 2785 1261 2812 τοῦτο
1280 2786 1309 2813 δὲ
1332 2786 1472 2820 δυνάμεως
1495 2785 1642 2847 patinae,
1667 2785 1757 2825 καλῷς
1773 2787 1820 2811 καὶ

1030 2823 1086 2847 τοῖς
1103 2822 1197 2847 κακοῖς
1211 2821 1363 2847 νοήσασθαι
1378 2821 1473 2847 ἱκανὴν
1484 2828 1496 2846 ε
1509 2829 1563 2847 ναι.
1617 2820 1660 2846 ide
1674 2819 1819 2847 Philonem

1029 2819 1090 2852 τοῖς
1103 2822 1197 2849 κακοῖς
1211 2821 1363 2856 χρήσασθαι
1378 2819 1473 2855 ἱκανὴν
1484 2819 1563 2847 εἶναι.
1596 2819 1819 2856 Videﬁhiloncm

1030 2856 1101 2892 apud
1116 2854 1280 2884 Euscbflib.
1295 2863 1345 2884 vm
1360 2856 1398 2883 De
1411 2860 1568 2891 prwparat.,
1587 2863 1649 2891 pag.
1663 2854 1728 2883 232.
