1955 3063
197 128 265 159 ιδῃ
739 130 868 159 SYNESII
893 131 1122 160 PTOLEMAIDIS
1148 132 1300 162 EPISCOPI
1754 137 1830 165 i588

201 188 309 217 Utinam
322 189 395 217 hunc
408 189 473 216 mihi
488 189 636 225 aliquando
651 189 692 218 fas
707 191 798 223 sit,ob
814 195 981 226 reportatum

1048 192 1084 228 ίὴν
1093 193 1267 220 διδασκαλίαν
1276 193 1331 220 τῶν
1340 194 1404 229 περὶ
1416 194 1466 229 ἐμὲ
1477 194 1648 230 πραγμάτων
1657 195 1830 230 ποιήσωμαι.

199 234 234 262 de
261 235 315 262 illis
340 235 529 269 triumphum,
559 235 709 270 pmdicare
732 237 864 263 beatum!
893 236 991 263 Beatus

1048 238 1098 265 Kal.
1114 239 1168 274 γὰρ
1181 238 1249 274 πρὸς
1262 239 1297 265 τὰ
1308 239 1377 274 μετὰ
1390 239 1477 266 ταῦτά
1491 248 1537 275 μοι
1550 239 1640 272 καλῶς
1653 240 1711 275 ἔχει
1725 240 1832 267 τούτων

197 283 286 313 enim,
304 282 360 314 ait,
375 282 421 314 qui
440 282 566 309 retribuet
580 282 778 310 retributionem
797 283 858 317 ipsi.
885 282 983 309 Beatus

1048 283 1110 318 ιμᾶς
1122 283 1261 319 ἀκροατάς
1278 293 1325 319 μοι
1338 285 1474 318 γενέσθαι.

199 323 359 363 φιῖαίίίὀει
382 328 498 364 infantes
521 337 612 356 eorum
637 329 671 356 ad
693 335 794 363 patrum
815 330 836 356 ‘.
861 329 991 362 Qumnam
1019 337 1085 365 ergo
1116 331 1225 358 tandem
1248 331 1383 366 pernicies
1397 331 1583 359 Andronicum
1603 332 1750 367 provincia
1781 339 1832 366 pe-

201 376 272 407 stem
307 377 390 409 atque
423 373 538 401 exitium
565 375 728 409 exspectat?
760 375 891 407 Quanam
928 375 1009 410 digna
1036 376 1159 403 maleﬁca
1186 376 1277 403 anima
1305 384 1386 412 ptena
1415 385 1479 405 esse
1506 379 1628 413 poterit?
1663 379 1728 406 Mihi
1755 385 1834 406 enim

202 418 292 453 plagis
320 418 466 452 omnibus,
500 419 602 454 quibus
630 419 730 447 vindex
756 418 828 447 Deus
852 425 963 455 peccata
988 425 1082 449 nostra
1108 425 1271 457 persecutus
1290 426 1349 455 est,
1374 423 1454 458 longe
1490 424 1612 452 atrocior
1633 433 1696 452 esse
1721 425 1832 452 videtur

204 466 389 494 Andronicus.
418 465 485 493 Nam
509 471 607 501 przeter
630 474 790 494 communes
815 467 997 501 acerbitates,
1017 469 1042 496 is
1075 470 1243 504 praecipuum
1271 469 1339 497 mihi
1371 475 1413 498 est
1436 478 1468 497 ac
1489 471 1626 505 peculiare
1645 471 1759 499 malum.
1777 471 1835 498 Per

201 519 266 539 eum
283 515 403 539 tentator
428 512 455 539 id
483 513 604 544 molitr,
620 517 650 539 ut
674 513 771 541 altaris
797 521 898 541 munus
913 514 1062 554 defugiam.
1079 514 1133 542 Sed
1163 515 1229 542 mihi
1256 515 1339 543 altius
1359 515 1440 550 paulo
1472 517 1623 551 repetenda
1642 518 1732 544 oratio
1766 521 1832 549 est,

203 565 232 587 ut
246 560 281 587 iis
293 579 300 591 ,
319 567 380 594 quae
398 564 537 595 comperta
552 560 630 588 vobis
651 564 732 592 sunt,
748 561 852 588 addens
866 570 896 589 ea
907 581 914 592 ,
932 569 994 597 quae
1009 569 1063 589 non
1079 563 1206 590 omnibus
1220 568 1286 591 sunt
1299 564 1408 598 cognita
1422 582 1429 595 ,
1453 571 1488 590 ea
1518 563 1614 591 ordine
1636 564 1712 591 vobis
1746 571 1835 598 expo-

203 615 266 634 nam
290 614 351 641 quae
377 606 443 633 mihi
471 607 658 641 contigerunt.
677 605 782 633 Etenim
811 608 845 634 ad
876 607 944 640 illa,
963 616 1022 643 qua:
1042 613 1136 643 postea
1160 609 1286 637 dicturus
1307 617 1379 640 sum.
1409 609 1597 644 intelligenda,
1622 610 1757 644 optimum
1778 610 1834 637 erit

202 659 251 680 vos
268 653 319 679 ista
333 659 347 678 a
363 658 405 678 me
421 651 498 685 prius
515 651 664 686 accepisse.

239 698 302 726 Mihi
319 699 374 733 jam
390 697 452 724 inde
466 697 500 724 ab
513 697 627 724 ineunte
640 701 719 725 aetate
742 697 836 730 statui,
863 697 987 725 divinum

203 745 340 782 quoddam
366 751 426 772 esse
444 743 558 775 bonum,
582 744 668 770 otium
688 743 851 778 vivendique
876 743 992 770 facilita-

203 796 269 825 tem;
285 791 311 818 id
320 789 394 825 quod
406 789 782 824 divinisiugeniisconvenire
795 788 904 823 quidam
912 789 994 816 dixit:

204 838 287 872 idque
302 843 376 868 esse,
387 839 504 863 mentem
517 835 603 867 alere,
617 841 649 861 ac
668 833 723 861 Deo
740 835 888 862 conciliare
903 834 990 867 illum,

204 883 251 918 qui
280 889 340 910 eam
358 881 508 917 possideat,
524 885 551 908 et
579 887 611 907 ea
627 879 798 915 perfruatur.
815 879 991 914 Quaecunque

204 936 270 964 ergo
283 928 374 964 pueris
389 927 490 959 inesse,
509 931 556 952 aut
571 926 720 953 usnrenire
732 925 830 957 solent,
847 925 990 952 minimum

205 982 256 1010 ego
272 981 366 1002 eorum
386 973 522 1008 particeps
537 971 586 1004 fui,
602 975 632 998 ut
644 975 671 998 et
687 975 794 1003 eorum,
809 978 870 1006 qua:
888 971 915 997 in
926 970 991 997 ado-

205 1020 376 1052 lescentulis,
391 1023 418 1046 et
432 1017 683 1053 quaeinjuvenibus
694 1020 854 1044 cernuntur.
865 1016 992 1051 Cumque

203 1067 258 1101 jam
269 1066 374 1093 virilem
387 1068 493 1092 aetatem
504 1063 667 1098 attigissem,
680 1062 759 1099 195l
766 1063 833 1090 nihil
841 1070 855 1089 a
866 1063 990 1098 puerulo,

205 1116 337 1148 quantum
363 1113 470 1145 spectat
490 1107 524 1136 ad
550 1109 670 1143 quietem
687 1114 715 1135 et
730 1108 793 1135 vitae
811 1107 992 1143 tranquillita-

206 1163 260 1185 tem
277 1155 451 1190 discrepavi;
467 1154 515 1182 sed
529 1153 641 1188 perinde
668 1157 698 1180 ut
714 1153 742 1180 in
774 1153 871 1181 festiva
901 1153 991 1187 aliqua

205 1203 362 1230 celebritate
375 1205 483 1228 aetatem
496 1200 620 1235 exigens,
634 1203 762 1234 pacatum
777 1206 809 1226 ac
825 1199 909 1226 nullis
930 1205 991 1233 per-

205 1245 478 1274 turbatumlluctibus
492 1248 593 1272 statum
607 1244 691 1271 animi
701 1245 753 1271 mei
767 1251 878 1271 servare
889 1242 992 1271 studui.

206 1292 300 1327 Neque
329 1295 418 1318 tamen
448 1289 510 1317 ideo
527 1296 571 1316 me
591 1288 664 1316 Deus
684 1288 842 1316 horninibus
868 1287 992 1315 inutilem

208 1338 281 1369 fecit,
298 1337 346 1364 sed
362 1336 522 1370 plerumque
548 1338 603 1361 tam
619 1334 730 1369 privati,
759 1341 842 1369 quam
869 1335 993 1363 civitates

207 1391 289 1419 opera
309 1389 368 1410 mea
398 1383 432 1409 ad
450 1388 573 1409 summas
600 1379 822 1415 opportunitates
848 1381 891 1408 usi
919 1385 992 1409 sunt.

208 1428 264 1456 Hoc
279 1427 352 1454 enim
370 1426 438 1454 mihi
452 1426 586 1453 divinitus
600 1426 732 1452 tributum
751 1424 850 1457 fuerat,
877 1431 906 1453 ut
932 1434 994 1454 cum

207 1481 258 1509 ego
285 1472 449 1499 auctoritate
479 1471 628 1505 plurimum
655 1470 775 1505 possem,
804 1475 861 1498 tum
892 1472 994 1506 optima

208 1525 324 1554 quaeque
340 1516 450 1544 vellem.
465 1515 539 1542 Nihil
554 1522 596 1541 me
612 1514 730 1542 istarum
745 1515 957 1549 occupationum
980 1522 995 1541 a

208 1562 381 1600 philosophia
395 1560 526 1595 sejunxit,
539 1567 626 1594 neque
643 1559 716 1586 felici
729 1559 830 1586 exemit
845 1560 912 1587 otio.
924 1558 994 1605 Tum
1008 1578 1028 1605 Ο

208 1610 318 1638 demum
332 1608 417 1638 enim.
433 1613 496 1633 eum
511 1605 645 1632 violenter
665 1609 747 1640 atque
760 1612 841 1639 πει-ε,
863 1612 913 1632 nec
934 1604 994 1632 sine

211 1655 305 1682 labore
322 1651 424 1688 aliquid
441 1651 538 1683 facias,
567 1655 675 1685 tempus
704 1650 888 1682 consumitur,
913 1654 994 1684 atque

210 1700 327 1728 infinitis
339 1698 508 1733 negotiorum
522 1695 656 1723 molestiis
681 1695 792 1722 animus
812 1695 993 1730 immergitur.

210 1746 371 1780 Quicunque
385 1750 449 1771 vero
463 1742 545 1769 verbo
561 1741 620 1769 solo
636 1741 757 1775 fungitur
769 1748 838 1775 :quo
852 1745 878 1767 et
888 1740 995 1768 dicente

212 1791 305 1819 statim
337 1788 481 1824 persuasio
500 1787 637 1821 sequitur,
663 1790 691 1814 et
717 1790 760 1813 est
776 1787 895 1813 maxima
922 1786 996 1821 apud

210 1836 353 1864 audientes
370 1833 506 1861 sermonis
519 1831 594 1859 illius
611 1831 775 1863 ellicacitas;
789 1831 850 1866 quis
865 1835 907 1858 est
921 1831 994 1866 quod

210 1880 333 1909 sermoni
350 1887 401 1907 suo
415 1883 522 1913 parcat,
539 1878 577 1904 uti
597 1877 733 1912 quispiam
748 1885 762 1903 ιι
779 1877 935 1904 calamitate
952 1884 996 1904 re-

210 1925 346 1956 vocetur?
363 1924 452 1960 Μεδιιί
479 1927 520 1951 est
540 1924 623 1950 homo
645 1923 726 1957 pretii
756 1922 876 1950 animal:
892 1922 994 1957 magni,

212 1975 337 2009 inquam,
354 1971 445 2007 pretii,
461 1979 523 1998 cum
539 1977 590 2005 pro
605 1977 638 1997 eo
654 1970 688 1997 sit
714 1969 842 1997 Christus
869 1970 896 1996 in
915 1976 996 1995 cruce

211 2025 376 2055 suspensus.
391 2016 456 2044 Mihi
472 2024 539 2043 vero
554 2020 583 2043 ut
598 2015 763 2050 persuadere
776 2022 883 2050 possem
908 2014 996 2041 homi-

210 2065 304 2095 nibus,
322 2063 356 2090 ad
372 2062 445 2089 hunc
462 2069 550 2096 usque
564 2069 666 2088 annum
683 2061 800 2088 fortasse
816 2061 907 2088 divina
928 2068 997 2095 qua-

210 2110 273 2137 dam
297 2112 372 2137 sorte
402 2115 564 2135 concesstnn
580 2112 623 2134 est
645 2117 653 2134 :
672 2107 797 2134 fortassis
809 2106 903 2139 etiam,
922 2106 996 2142 quod

211 2160 282 2190 a-gre
295 2161 338 2181 me
355 2153 473 2188 negotiis
488 2152 670 2186 implicarem,
683 2158 744 2186 qua!
769 2151 866 2178 vellem
888 2151 920 2178 ad
937 2152 995 2178 cxi-

212 2205 269 2227 tum
295 2198 489 2234 perducebam.
517 2196 577 2224 Jam
601 2204 666 2224 vero
682 2204 726 2224 res
759 2200 814 2224 tota
839 2197 866 2224 in
888 2197 994 2224 irritum

1080 699 1155 734 Ἐμοὶ
1169 699 1297 726 παιδόθεν
1311 698 1433 734 παρέστη
1446 697 1517 725 θεῖον
1536 699 1638 733 ἀγαθὸν
1652 697 1732 731 εἶναι,
1748 700 1836 736 σχολὴ

1043 745 1091 771 καὶ
1114 744 1161 771 τοῦ
1184 744 1235 780 ζῇν
1251 744 1401 780 εὑμάρεια·
1418 744 1501 777 τοῦθ’,
1515 744 1530 771 6
1548 745 1608 777 ταῖς
1627 745 1712 777 θείαις
1733 746 1834 780 φύσεσι

1043 790 1191 825 προσήκειν
1217 798 1260 821 τις
1286 789 1354 824 ἔφη’
1373 789 1441 816 αὐτὸ
1460 790 1532 817 τοῦτ’
1548 788 1634 823 εἶναι,
1653 791 1683 818 τὸ
1706 792 1752 818 τὸν
1768 792 1837 819 νοῦν

1044 835 1201 870 ἐκτρέφειν,
1228 835 1276 862 καὶ
1306 835 1432 870 συνιστᾷν
1458 835 1496 869 τῷ
1523 835 1583 870 Θεῷ
1611 836 1657 863 τὸν
1684 836 1780 872 ἔχοντά
1803 846 1835 864 τε

1045 881 1129 916 αὐτὴν
1159 880 1206 907 καὶ
1233 880 1432 916 καρπούμενον.
1451 881 1520 906 Ὅσα
1539 880 1572 916 δὴ
1601 880 1694 908 παισίν
1713 882 1789 908 ἐστιν
1814 883 1833 917 ἢ

1041 926 1144 960 γίνεται
1162 926 1322 960 πράγματα,
1338 925 1441 952 τούτων
1458 925 1598 960 ἐλάχιστον
1611 925 1667 960 ἐγὼ
1686 927 1833 962 μετέσχον,

1041 971 1088 998 καὶ
1107 971 1157 998 ὅσα
1182 970 1342 1006 μειρακίοις,
1363 971 1410 997 καὶ
1431 971 1482 998 ὅσα
1502 971 1582 1002 νέοις.
1608 971 1664 998 Καὶ
1685 973 1726 1003 εἰς
1746 972 1836 1007 ἄνδρα

1041 1016 1240 1052 παραγγείλας,
1256 1015 1332 1042 οὐδέν
1346 1024 1373 1042 τι
1394 1015 1537 1052 παιδαρίου
1555 1015 1624 1052 πρὸς
1650 1017 1836 1052 ἀπραγμοσύο

1041 1071 1091 1098 νην
1116 1061 1290 1098 παρήλλαξα·
1315 1061 1373 1089 ἀλλ’
1394 1061 1489 1097 ὥσπερ
1513 1062 1542 1088 ἐν
1568 1062 1721 1098 πανηγύρει
1745 1065 1838 1099 σεμνῇ

1041 1108 1172 1142 διεξάγων
1198 1108 1243 1134 τὸν
1267 1107 1334 1143 βίον,
1357 1108 1400 1134 διὰ
1428 1108 1517 1142 πάσης
1541 1107 1651 1143 ἡλικίας
1678 1108 1758 1135 ῑλεων
1787 1109 1838 1135 καὶ

1042 1154 1197 1189 ἀκύμαντον
1214 1153 1264 1188 τῆς
1285 1153 1374 1189 ψυχῆς
1390 1154 1510 1189 ἐτήρησα
1523 1153 1572 1189 τὴν
1584 1152 1712 1180 διάθεσιν.
1725 1154 1762 1180 Οὐ
1781 1154 1840 1189 μὴν

1042 1199 1086 1226 διὰ
1101 1200 1180 1226 τοῦτο
1193 1198 1346 1235 ἀνθρώποις
1361 1200 1493 1234 ἀσυντελῆ
1511 1208 1545 1235 με
1563 1200 1713 1235 πεποίηκεν
1729 1200 1744 1226 ὁ
1756 1201 1837 1233 Θεὸς,

1043 1245 1111 1271 ἀλλὰ
1125 1245 1254 1276 πολλάκις
1273 1247 1339 1280 ἡμῖν
1355 1245 1401 1272 καὶ
1425 1245 1527 1272 ἰδιῶται
1543 1246 1590 1272 καὶ
1608 1245 1700 1277 πόλεις
1719 1247 1758 1277 είς
1775 1246 1840 1273 δέον

1047 1290 1207 1326 ἐχρήσαντο.
1229 1290 1328 1317 Ἐδίδου
1344 1290 1399 1326 γὰρ
1419 1290 1434 1316 6
1455 1290 1520 1322 Θεὸς
1539 1290 1668 1317 δύνασθαί
1684 1299 1714 1317 τε
1737 1290 1772 1317 τὰ
1792 1290 1840 1326 μέ-

1044 1344 1134 1370 γιστα,
1150 1336 1196 1363 καὶ
1209 1335 1243 1362 τὰ
1258 1336 1386 1362 κάλλιστα
1403 1335 1554 1371 βούλεσθαι,
1569 1336 1678 1363 Τούτων
1693 1336 1769 1363 οὐδὲν
1786 1337 1840 1371 ἐμὲ

1045 1381 1201 1416 φιλοσοφίας
1216 1381 1353 1415 ἀφεῖλκεν,
1371 1381 1431 1408 οὐδὲ
1447 1381 1497 1417 τὴν
1511 1381 1660 1416 εὐδαίμονά
1673 1390 1717 1416 μοι
1737 1382 1841 1417 σχολὴν

1045 1427 1219 1462 ὑπετέμνετο.
1236 1427 1273 1453 T6
1285 1427 1339 1462 γὰρ
1353 1427 1476 1462 ὠθισμῷ,
1500 1427 1547 1454 καὶ
1568 1426 1670 1462 μόχθῳ,
1694 1427 1742 1454 καὶ
1758 1427 1840 1461 μόλις

1045 1474 1141 1505 ποιεῖν,
1156 1472 1234 1499 τοῦτό
1259 1473 1332 1499 ἐστιν
1356 1472 1370 1498 ὃ
1389 1472 1497 1507 δαπανᾷ
1519 1472 1565 1498 τὸν
1588 1471 1692 1507 χρόνον,
1716 1472 1765 1498 καὶ
1787 1472 1841 1506 τὴν

1045 1519 1132 1554 ψυχὴν
1159 1518 1322 1553 ἐμϐαπτίζει
1343 1518 1490 1553 μερίμναις
1516 1517 1697 1552 πραγμάτων.
1713 1517 1790 1552 Ὅτῳ
1808 1517 1841 1544 δὲ

1047 1566 1133 1591 εἰπεῖν
1148 1564 1228 1599 μόνον
1243 1563 1369 1599 καθήκει,
1384 1564 1402 1598 ἡ
1417 1562 1503 1589 πειθὼ
1519 1563 1547 1589 δέ
1568 1563 1674 1595 ἐπεται,
1688 1563 1735 1589 καὶ
1757 1563 1772 1588 6
1795 1563 1840 1588 λό-

1045 1618 1092 1644 γος
1102 1608 1305 1644 ἁνυσιμώτατός
1317 1609 1374 1634 ἐστι
1391 1608 1467 1644 παρὰ
1477 1609 1531 1639 τοῖς
1545 1608 1684 1639 ἀκούουσι,
1695 1609 1738 1639 τίς
1753 1607 1840 1642 φειδὼ

1046 1655 1184 1690 ῥημάτων,
1212 1654 1254 1680 ἶνα
1280 1653 1424 1689 δυστυχίας
1448 1662 1492 1685 τις
1520 1653 1704 1689 ἐ).ευθερωθῇ;
1739 1653 1841 1688 Τίμιον

1045 1700 1114 1732 ζῶον
1136 1700 1150 1725 6
1172 1699 1326 1734 ἄνθρωπος·
1345 1698 1434 1733 τίμιον
1453 1699 1517 1734 γὰρ,
1533 1699 1557 1725 si
1581 1699 1615 1726 δι’
1635 1699 1720 1726 αὐτὸν
1736 1700 1838 1726 ἐσταυ-

1046 1744 1119 1779 ρώθη
1141 1744 1267 1780 Χριστός.
1288 1744 1364 1779 Ἐμοὶ
1389 1743 1418 1769 δὲ
1438 1744 1470 1770 τὸ
1494 1744 1598 1770 πείθειν
1614 1744 1777 1780 ἀνθρώπους
1796 1745 1838 1776 είς

1044 1789 1091 1816 τὸν
1106 1789 1185 1824 μέχρι
1204 1788 1251 1815 τοῦ
1278 1789 1412 1823 παρόντος
1435 1790 1566 1822 ἐνιαυτὸν,
1591 1790 1661 1825 τάχα
1689 1791 1739 1826 μὲν
1765 1791 1839 1823 θεῖος

1045 1834 1144 1869 κλῆρος
1168 1834 1277 1868 ἐγένετο
1298 1834 1382 1868 (70)·
1410 1834 1478 1869 τάχα
1505 1835 1533 1861 δὲ
1560 1835 1635 1869 μόλις
1661 1836 1838 1871 πραγμάτων

1046 1878 1206 1913 ἁπτόμενος,
1228 1877 1421 1912 ἐπετύγχανον.
1449 1877 1505 1904 Νῦν
1531 1877 1584 1913 γὰρ
1605 1878 1638 1913 δὴ
1665 1878 1696 1904 τὸ
1719 1879 1840 1913 πρᾶγμα

1046 1923 1133 1950 ἔοικεν
1149 1923 1338 1959 ἐξεληλέγχθαι
1355 1923 1420 1959 (Ἡ),
1446 1924 1515 1958 μετὰ
1536 1923 1650 1955 πολλῶν,
1679 1924 1757 1950 ἆτινα
1788 1932 1839 1950 σα-

1046 1970 1103 2005 φῶς
1117 1967 1152 2006 ἧν
1167 1969 1214 1996 τοῦ
1232 1969 1319 2002 Θεοῦ,
1344 1970 1391 1996 καὶ
1417 1969 1489 1996 τοῦτ’
1510 1969 1649 1997 ἁνετίθουν
1671 1969 1761 2004 αὐτῷ·
1789 1971 1840 1997 καὶ

1047 2016 1115 2048 ἔζων
1133 2017 1191 2051 μετ’
1204 2016 1314 2050 ἀγαθῶν
1324 2015 1378 2042 τῶν
1392 2016 1516 2047 ἐλπίδων,
1528 2015 1623 2050 ὥσπερ
1634 2017 1663 2042 ἐν
1678 2016 1743 2051 ἱερῷ
1759 2025 1841 2052 περι-

1046 2061 1118 2097 ϐόλῳ
1130 2061 1169 2097 τῷ
1188 2062 1294 2097 κόσμῳ,
1311 2061 1380 2093 ζῶον
1405 2062 1514 2096 ἄφετον,
1529 2062 1669 2097 ἀνειμένον
1685 2061 1742 2097 ξπρ.
1764 2062 1842 2089 ἀνειο

1048 2107 1127 2142 μένον
1144 2106 1221 2143 ζῶσί,
1235 2107 1314 2143 εὐχῇ,
1330 2107 1377 2134 καὶ
1392 2107 1484 2142 βίϐλῳ,
1505 2106 1551 2134 καὶ
1568 2106 1640 2142 θήρᾳ
1657 2106 1777 2142 μερίζων
1791 2107 1841 2134 τὸν

1049 2152 1122 2187 βίον*
1137 2152 1181 2178 ἵνα
1194 2152 1249 2187 γὰρ
1264 2152 1372 2188 ὑγιαίνῃ
1388 2151 1460 2187 ψυχή
1475 2160 1505 2178 τε
1520 2151 1568 2178 καὶ
1587 2151 1678 2186 σῶμα,
1693 2151 1723 2177 τὸ
1743 2152 1797 2186 μέν
1811 2161 1840 2179 τι

1046 2198 1087 2224 δεῖ
1108 2198 1210 2229 πονεῖν,
1223 2197 1254 2223 τὸ
1274 2197 1302 2223 δέ
1330 2197 1414 2224 αἱτείν
1436 2197 1481 2223 τὸν
1505 2197 1581 2224 Θεόν.
1604 2197 1682 2223 Μετὰ
1707 2197 1839 2231 τοιαύτης

211 2244 330 2272 cessisse
350 2242 573 2278 deprehenditur,
596 2249 660 2269 cum
685 2241 746 2268 aliis
765 2241 915 2276 plerisque,
935 2249 993 2277 qua:

1048 2243 1193 2278 εὐμαρείας
1218 2243 1330 2269 εἰλκυσα
1354 2243 1417 2274 τοὺς
1439 2243 1579 2274 ἐνιαυτοὺς
1602 2243 1665 2275 τοὺς
1686 2242 1768 2278 μέχρι
1787 2245 1839 2278 τῆς

211 2290 283 2317 haud
310 2289 427 2316 obscura
447 2291 528 2315 erant
546 2287 573 2314 in
599 2294 642 2314 me
659 2285 706 2314 Dei
732 2287 879 2320 beneﬁcia;
898 2295 959 2321 quas
981 2294 996 2313 a

211 2335 268 2363 Deo
287 2333 432 2362 manifeste
451 2337 529 2361 erant
544 2332 675 2360 attributa
691 2342 697 2360 :
714 2333 785 2360 inter
810 2341 870 2367 qua:
885 2332 949 2359 illud
967 2333 992 2359 ei

247 2393 258 2408 ⁸
276 2391 349 2420 Psal.
362 2398 472 2423 cxxxvr,
489 2390 517 2422 8,
529 2391 553 2417 9.

1051 2289 1201 2324 ἱερωσύνης
1217 2288 1349 2324 αἱρέσεως
1375 2288 1431 2323 (72)
1445 2297 1453 2305 ο
1469 2289 1537 2324 πρὸς
1553 2289 1587 2324 ἣν
1606 2289 1661 2323 ἐγὼ
1678 2290 1752 2324 παρὰ
1774 2290 1840 2320 τοὺς

1050 2335 1159 2361 πώποτε
1169 2334 1318 2366 δειλότατος
1331 2333 1439 2368 γέγονα.
1453 2334 1635 2370 Μαρτύροιιαι
1649 2335 1694 2361 τὸν
1706 2335 1752 2361 ἐπὶ
1769 2335 1839 2362 πᾶσι

827 2420 917 2449 DIO‘N.
938 2421 1047 2448 PETAV
1054 2421 1074 2449 ll
1094 2421 1207 2450 ΝΟΤᾸΞ·

247 2474 303 2509 (70)
321 2473 399 2507 Τάχα
411 2472 469 2507 μὲν
482 2471 560 2509 θεῖος
571 2469 685 2509 xliipr
696 2469 822 2509 ὲτᾴγετο.
841 2468 914 2509 Duas
927 2477 994 2496 cau-

212 2504 259 2538 sas
281 2504 378 2536 fuisse"
391 2504 444 2537 ait.
472 2515 522 2534 cur
541 2507 568 2533 in
589 2504 907 2539 conficiendisrnegotiis
928 2512 994 2538 opes

213 2551 276 2571 suas
285 2543 401 2570 feliciter
413 2544 593 2576 experiretur.
608 2539 699 2576 Prima
713 2543 755 2566 est
768 2538 861 2565 divina
870 2539 993 2573 quaedam

212 2586 284 2611 sors,
304 2585 336 2604 ac
352 2574 482 2609 felicitas;
503 2577 588 2603 altera
604 2574 677 2609 quod
694 2581 765 2611 aegre
782 2581 814 2600 ac
831 2577 995 2611 cunctanter

212 2620 244 2640 ea
261 2609 422 2645 susciperet.
454 2612 485 2639 In
503 2611 597 2638 multis
614 2613 697 2645 veter.
715 2609 768 2635 alio
789 2609 995 2645 modouconge.

213 2653 288 2682 ptum
310 2642 460 2673 membrum
482 2645 588 2680 reperi.
614 2643 763 2673 nimirum.
792 2643 862 2678 τάχα
875 2642 997 2704 δὲᾶμόλις

213 2680 383 2704 πραγμάτιον
398 2681 558 2704 ἁπτόμενος.
571 2679 644 2704 ἔστιν
655 2678 719 2704 ὅταν
733 2677 845 2704 ἅψηται.
859 2678 899 2704 vel
931 2686 997 2704 πτη-

213 2677 383 2740 ῖιιραγῧάτων
398 2677 558 2715 ἁπτόμενος.
571 2679 644 2705 ἔστιν
655 2678 719 2704 ὅταν
733 2677 845 2717 ἅψηται,
859 2678 904 2718 νει.
911 2677 998 2718 5.1m]-

211 2724 265 2742 ται.
314 2720 388 2742 eerat
402 2723 454 2742 vox
470 2714 668 2748 ἐπετύγχανον,
686 2720 767 2747 quam
789 2713 836 2738 aln
852 2718 945 2746 scripti
970 2715 997 2739 et

213 2750 312 2784 vulgati
328 2756 434 2784 omnes
460 2747 625 2783 agrroscnnt.
643 2755 769 2784 prorsus
794 2751 824 2773 ut
847 2747 997 2784 ita_legen-

213 2781 276 2810 dum
293 2783 424 2816 videatur,
438 2781 546 2819 πραγμ.
562 2784 626 2809 dm.
641 2781 827 2817 ἐπιτυγχάνων
844 2781 918 2808 ἐστὶν
932 2782 995 2808 ὅταν

213 2819 340 2853 inqut.

1083 2469 1140 2505 (7f)
1243 2471 1299 2509 γὰρ
1317 2471 1354 2506 δὴ
1372 2471 1406 2509 τῤ
1422 2472 1541 2507 πρᾱῃια
1555 2472 1654 2509 ἔοικεν
1677 2473 1839 2509 ἐξεληλέγ-

1048 2504 1134 2538 χθαιζ
1161 2504 1224 2542 Sola
1243 2504 1462 2542 interpunctione
1482 2504 1609 2542 magnam
1630 2504 1706 2535 huic'
1718 2504 1781 2536 loco
1797 2504 1839 2536 ιιί-

1047 2547 1110 2578 cem‘
1118 2541 1271 2578 attulimus.
1286 2540 1353 2568 Nam
1369 2541 1397 2568 in
1409 2541 1516 2578 duobus
1528 2540 1595 2570 mss.
1609 2550 1669 2576 qua:
1683 2549 1840 2578 sequuntur

1049 2573 1118 2612 μετὰ
1131 2574 1243 2612 πολλῶν.
1253 2579 1317 2608 etc.,
1329 2577 1430 2612 οτιγμῇ
1445 2573 1655 2612 separantur-Vah
1670 2573 1838 2606 anteceden-

1049 2585 1118 2608 μετα
1131 2585 1243 2603 ποΑΛων.
1253 2585 1317 2608 etc.,
1329 2585 1391 2610 οτιγ
1414 2585 1430 2612 ῃ
1445 2585 1474 2603 se
1512 2585 1607 2603 rantur
1621 2585 1655 2604 an
1670 2585 1838 2606 anteceden-

1049 2609 1133 2649 tibus.
1163 2608 1211 2649 Est
1225 2614 1315 2650 autem
1328 2585 1518 2645 ἐξελζίχεσξιῗι
1538 2610 1628 2673 [ιιιγι
1641 2612 1838 2642 imbecillitatis

1049 2650 1174 2671 convinci
1189 2648 1216 2670 et
1230 2645 1336 2671 irritum
1353 2645 1531 2673 deprehendi.
1549 2645 1595 2673 Sic
1631 2647 1681 2673 lut.
1695 2647 1722 2673 in
1736 2648 1838 2673 Bruta:

1049 2645 1174 2680 convinci
1189 2648 1216 2670 et
1230 2645 1336 2680 irritum
1353 2645 1595 2680 deprehendi.’Sic
1609 2645 1681 2674 Plut.
1695 2647 1722 2674 in
1736 2648 1838 2676 Bruto:

1049 2677 1195 2738 (6)353:thch
1208 2679 1287 2706 πάλιν
1297 2679 1379 2708 ἄλλας
1390 2677 1502 2712 ἐλπίδας
1513 2680 1664 2716 ἐξελέγχειν
1687 2683 1735 2709 καὶ
1748 2691 1839 2718 παραυ

1051 2719 1159 2744 σκευας.

1086 2747 1143 2789 (7?)
1161 2748 1255 2789 Μέχρι
1273 2747 1327 2789 τῆς
1348 2749 1510 2783 Ιερωσύνης
1526 2750 1676 2784 αιρέσεως.
1708 2751 1840 2789 Forsitan

1051 2788 1101 2807 vox
1121 2783 1269 2818 ἱερωσύνης
1286 2784 1421 2819 glossema
1445 2789 1502 2816 est;
1527 2783 1614 2819 neque
1630 2790 1721 2812 tamen
1738 2787 1840 2814 immu-

1051 2819 1108 2843 tare
1119 2824 1202 2844 ausus
1214 2825 1285 2848 sum,
1300 2818 1373 2853 quod
1390 2818 1426 2845 ita
1442 2819 1468 2846 in
1482 2827 1547 2848 mss.
1560 2818 1682 2855 quinque
1693 2821 1815 2857 legatur.
