1955 3063
126 125 188 151 15οῗ

685 127 877 156 El’iSTOLE.
898 144 932 149 -—
952 128 1059 158 El‘lST.
1083 131 1160 160 LVll.

1686 133 1756 161 l5!"

123 180 167 206 διέι
187 181 305 215 χιλίους·
324 184 421 218 μᾶλλον
441 184 469 211 δὲ
488 184 522 211 δι’
543 185 604 220 ὲμέ.
631 187 669 212 Δι’
692 186 741 221 ὲμὲ
763 186 817 222 γὰρ
837 186 913 213 αὑτὸν

969 187 1034 215 illud
1052 196 1094 216 me
1111 189 1217 224 pudore
1231 188 1324 221 allicit,
1347 189 1421 224 quod
1439 190 1527 216 civem
1545 189 1689 224 quemdam
1708 197 1755 216 ca-

123 226 180 260 ἔχει
203 227 347 263 καθείρξας
371 231 411 260 εἰς
434 231 639 267 ἀνεπιχείρητον
662 232 800 268 φρούριον,
820 233 849 259 ὲν
867 233 915 268 οἴῳ

124 276 186 306 τοὺς
201 272 315 317 Τιῇἂνας
329 275 451 302 δεδέσθαι
472 277 590 311 ποιητῶν
611 277 707 309 παῖδες
724 277 913 311 φαντάζονται.

124 321 177 347 Καὶ
192 321 235 347 ἵνα
249 321 285 356 μὴ
297 321 442 358 ἀφαιρεθῇ,
456 323 532 357 φησὶ,
547 323 610 359 παρ’
620 323 686 358 ἐμοῦ
700 323 757 358 [περ.
768 323 813 350 ὑπ’
824 323 915 359 ὲμοῦ],

123 367 164 393 δεῖ
177 368 303 402 πέμπτην
328 367 429 403 ταύτην
451 369 556 404 ἡμέραν
577 369 705 396 ἀπόσιτον
719 368 788 396 εἶναι
807 370 853 396 τὸν
869 370 916 397 ἇν-

123 413 241 447 υρωπον,
263 413 417 449 εἰσαγωγῆς
439 415 528 450 ἀρτων
551 415 778 452 ἀπηγορευμένης
798 417 854 448 τοῖς
874 416 916 443 δε-

123 457 297 492 σμοφύλαξιν.
314 459 394 486 Ἀλλὰ
409 460 504 496 πρώην
520 461 602 487 αὐτοῦ
617 462 784 496 κεκραγότος
795 462 916 494 ἅπαντες

121 504 251 538 ἥκουσαν,
269 504 306 537 ὡς
321 506 528 542 ὼφξλιμώτερος
543 506 619 534 ἔσται
637 507 690 534 τῶν
705 507 797 543 χιλίων
813 508 914 543 στατὴ-

123 559 177 585 ρων
192 550 334 577 ἀποθανὼν
355 552 369 577 ό
394 551 608 588 πολιτευόμενος.
625 552 671 579 Διὸ
693 553 739 579 καὶ
753 554 816 585 τοὺς
831 562 912 589 προσ-

123 597 212 628 ιόντας
225 597 299 632 αὐτῷ
312 599 344 633 τῇ
357 597 420 633 [Ῑον.
443 598 488 624 ἐπὶ
504 597 549 634 τῇ]
563 598 616 625 τῶν
631 599 738 634 χωρίων
750 599 817 634 ὠνῇ,
839 599 917 633 φοὸεῖ

121 643 168 669 καὶ
189 643 319 677 ταράττει
335 644 382 670 καὶ
399 645 487 671 πάντα
501 644 601 679 τρόπον
623 645 778 681 ἀφίστησιν.
797 646 834 672 Οὐ
848 645 914 682 γὰρ,

121 687 209 724 οἶμαι,
219 689 260 715 δεῖ
270 689 317 716 τοῦ
330 689 456 725 χρυσίων
469 690 516 716 τοῦ
529 691 557 716 δὲ
573 690 696 718 τεθνάναι
711 691 757 718 τὸν
771 691 914 728 ἄνθρωπον

122 735 171 762 δεῖ.
193 736 262 770 Ἐγὼ
282 737 311 763 δὲ
328 737 390 763 οὕτε
407 737 580 772 ίσχυρότερός
597 739 655 773 εἰμι
670 739 738 774 πρὸς
752 739 782 766 τὸ
798 740 914 775 τείχεσιν

121 783 248 817 ἐρυμνοῖς
274 783 453 818 προσϐαλεῖν·
482 783 544 810 οὒτε
570 785 724 820 εὐμήχανος
751 786 913 822 εἰσερπύσαι

122 826 179 862 [γρ.
193 829 403 865 προσερπύσαι],
425 830 472 857 καὶ
486 832 535 866 τῆς
552 831 694 867 συμφορᾶς
712 831 849 864 ἐξελέσθαι
867 833 912 860 τὸν

122 872 273 909 ἄνθρωπον.
291 873 409 909 Παρίησι
428 874 467 906 δὲ,
479 874 545 909 φασι
563 883 645 907 τινες,
657 876 744 907 οὐδεὶς
760 877 865 904 οωένα.
881 878 913 904 υἱ

122 919 176 954 γὰρ
191 919 333 954 ὑπηρέται.
346 919 426 954 φύσει
450 921 499 956 μέν
515 921 584 948 είσιν
608 921 706 953 οἵτινές
729 922 794 954 εισι,
817 921 864 948 νῦν
885 923 913 949 δὲ

121 964 169 991 καὶ
189 964 256 1000 πρὸς
276 965 451 1000 παράδειγμα
467 965 549 997 ζῶσιν
567 966 751 1002 Ἀνδρόνικον·
767 967 797 998 ὃς
816 968 862 994 ἐπὶ
875 967 913 1003 τῷ

120 1009 170 1044 τὴν
192 1009 355 1043 Ἐκκλησίαν
374 1008 487 1043 ἀτιμοῦν
503 1009 712 1045 προκαθέζεται.
728 1009 788 1036 Τῶν
803 1011 852 1046 μὲν
867 1008 913 1037 οὖν

121 1056 159 1087 εἰς
177 1055 252 1089 ἡμᾶς
272 1053 371 1086 αὐτοῦ,
397 1054 474 1088 λόγος
498 1055 595 1087 οὐδείς.
619 1055 662 1087 Ὠς
683 1055 738 1090 ἐγὼ
763 1056 814 1083 κᾶν
833 1057 913 1092 χάριν

121 1101 219 1136 εἰδείην
241 1100 325 1136 αὐτῷ,
350 1101 398 1136 τὴν
426 1101 471 1128 διὰ
490 1101 554 1128 Θεὸν
578 1102 689 1137 ἀτιμίαν
708 1102 851 1137 δεχόμενος
875 1103 913 1134 ὡς

97 1174 101 1178 _
122 1146 279 1181 μαρτύριον.
300 1146 502 1182 Ἀναμνήσθητε
530 1148 584 1183 γὰρ
609 1148 698 1182 ὑμεῖς,
722 1148 764 1180 τίς
785 1145 820 1183 ἦν
845 1149 913 1184 πρὸς

121 1191 187 1226 ἐμὲ,
209 1191 254 1217 τὸν
282 1191 365 1226 μηδὲν
390 1191 473 1224 ἄλλο,
497 1191 526 1224 ἐξ
546 1193 656 1219 ἐκείνων
681 1193 826 1228 γενόμενον
853 1193 912 1229 (ἀπ’

121 1236 305 1272 Εὐρυσθένους
329 1236 376 1263 τοῦ
400 1238 603 1272 καταγαγόντος
624 1239 743 1274 Δωριέας
763 1239 803 1270 εἰς
825 1239 913 1276 Σπάρ-

120 1290 180 1317 την,
204 1282 284 1317 μέχρι
307 1282 410 1317 τούμοῦ
431 1283 534 1318 πατρὸς
557 1283 583 1309 αἱ
604 1283 726 1318 διαδοχαὶ
747 1285 807 1315 ταῖς
829 1284 912 1319 δημο-

122 1327 191 1359 σίαις
205 1327 423 1363 ὲνεκολάφθησαν
438 1328 589 1364 κύρῦεσιν).
604 1329 761 1364 Ἀνθρωπος
774 1330 824 1356 οὐκ
843 1330 912 1364 ἔχων

121 1373 208 1398 εἰπεῖν
224 1372 308 1408 ὄνομα
324 1373 452 1400 πάππου·
470 1374 526 1400 ἀλλ’
541 1374 602 1400 οὐδὲ
618 1374 730 1409 πατρὸς,
751 1375 826 1408 φασὶ,
841 1375 912 1411 πλὴν

119 1417 181 1444 ὅσον
198 1418 319 1444 είκάσαι⁹
340 1418 394 1444 ἀπὸ
411 1418 618 1446 θυννοσκοπείου
637 1420 665 1446 δὲ
684 1420 730 1446 ἐπὶ
749 1420 797 1455 τὴν
813 1421 912 1456 ἡγεμο-

120 1463 197 1498 νικὴν
212 1464 319 1499 ἀπήνην
333 1464 390 1499 (77)
405 1465 548 1500 ἁλάμενος.
567 1461 651 1496 Οὗτος
668 1464 715 1492 οὖν
729 1465 777 1502 τὴν
791 1467 820 1493 ἐν
835 1467 911 1493 πόλει

969 235 1139 262 lamitatibus
1152 242 1328 270 oppressum,
1345 236 1390 263 cui
1409 236 1525 269 publicae
1536 235 1667 270 ‘pecuuia:
1681 235 1756 263 furto

967 283 1067 312 erepta:
1088 282 1163 310 sunt.
1194 285 1337 314 postquam
1369 288 1451 312 supra
1481 279 1576 307 decem
1603 280 1755 307 solidorum

967 324 1054 350 millia
1081 325 1116 351 ab
1143 331 1177 351 eo
1197 327 1253 359 1am
1286 325 1407 359 repetiit,
1435 325 1540 359 absque
1556 325 1697 357 tlilatiolm,
1720 325 1755 352 ob

967 370 1042 397 mille
1064 370 1196 405 reliquos,
1219 371 1377 398 interﬁcere
1401 371 1556 402 constituit,
1585 371 1627 398 vel
1644 376 1755 406 propter

967 422 1011 442 me
1039 416 1149 449 potius;
1180 423 1244 442 nam
1271 419 1383 451 propter
1412 424 1455 444 me
1490 416 1564 443 illum
1595 417 1621 443 in
1655 416 1755 443 castel-

966 459 1023 487 lum
1042 460 1255 495 inexpugnabile
1279 461 1435 493 conclusit;
1449 460 1604 495 cujusmodi
1624 460 1690 487 illud
1705 461 1754 486 fuit

966 506 995 533 in
1022 513 1077 541 quo
1102 506 1211 533 vinctos
1240 514 1303 534 esse
1332 506 1445 533 Titanas
1478 511 1564 540 poetae
1583 506 1752 533 fabulantur.

965 552 1005 579 Ac
1032 559 1066 579 ne
1094 552 1281 587 mea,inquit,
1309 560 1392 587 opera
1422 552 1594 584 extrahatur,
1625 552 1752 586 quintmn

966 598 1040 626 hunc
1056 599 1128 626 diem
1143 599 1247 626 homini
1269 600 1332 626 cibo
1347 600 1476 627 interdici
1491 604 1612 634 oportet.
1629 599 1755 634 prohibi-

965 643 1002 671 tis
1024 644 1199 676 custodibus,
1218 652 1252 671 ne
1277 652 1374 679 panem
1404 644 1500 672 inferri
1526 644 1629 672 sinant.
1649 644 1702 671 Sed
1727 649 1755 672 et

965 697 1054 724 nuper
1071 689 1263 717 vociferantem
1274 690 1350 717 illum
1363 698 1460 718 omnes
1469 690 1617 717 audierunt
1633 699 1639 716 :
1659 689 1754 716 utilio-

965 742 1022 762 rem
1044 735 1097 762 sibi
1131 736 1206 762 mille
1222 735 1318 763 solidis
1345 741 1462 763 mortem
1491 735 1611 762 futuram
1636 735 1755 762 hominis

965 781 1103 817 publicam
1120 781 1289 809 functionem
1315 781 1453 809 obeuntis.
1473 781 1623 816 Propterea
1648 781 1682 807 iis
1706 781 1754 815 qui

965 836 996 856 se
1009 836 1059 864 pro
1072 829 1238 864 prmdiorum
1267 827 1421 855 licitatione
1441 828 1552 858 adeunt,
1573 830 1675 853 metum
1691 826 1755 860 inji-

965 874 1016 907 cit,
1047 878 1193 909 perterret,
1220 874 1351 908 omnique
1379 874 1485 900 ratione
1514 876 1636 900 revocat.
1661 871 1755 907 Neque

964 920 1048 951 enim,
1064 920 1174 954 opinor,
1191 927 1261 946 auro
1290 927 1361 953 opus
1393 923 1453 951 est;
1483 917 1532 945 sed
1550 917 1671 944 hominis
1687 924 1754 943 nece

964 972 1033 999 opus
1050 969 1103 992 cst.
1132 964 1188 999 Ego
1218 972 1282 991 vero
1312 971 1403 999 neque
1431 964 1499 990 adeo
1525 962 1605 990 fortis
1633 970 1705 994 sum,
1726 965 1754 988 ut

965 1010 1138 1037 ﬁrmissimos
1156 1010 1184 1037 in
1203 1017 1297 1036 muros
1315 1010 1449 1044 impetum
1479 1008 1597 1041 faciam;
1614 1015 1703 1043 neque
1720 1008 1753 1034 ad

964 1056 1154 1091 irrependum,
1167 1056 1364 1090 hominemque
1385 1063 1419 1082 ex
1441 1063 1472 1082 ea
1491 1054 1649 1081 calamitate
1664 1054 1755 1080 detra-

965 1102 1082 1129 hendum
1109 1102 1197 1129 solcrs
1226 1105 1253 1129 et
1284 1101 1449 1128 industrius.
1481 1100 1578 1127 Nullus
1604 1104 1707 1131 autem,
1725 1104 1753 1126 ut

963 1147 1051 1179 aiunt,
1078 1155 1094 1174 a
1125 1155 1264 1183 quoquam
1294 1147 1491 1174 introducitur.
1523 1145 1592 1172 Nam
1620 1145 1754 1172 satellites

964 1197 1062 1221 natura
1075 1194 1183 1229 quidem
1205 1197 1280 1225 sunt,
1298 1194 1505 1228 qualesounquc
1531 1192 1640 1220 tandem
1658 1196 1723 1219 sunt
1745 1211 1753 1219 .

963 1247 1036 1267 nunc
1051 1247 1117 1268 vero
1139 1240 1172 1267 ad
1200 1240 1402 1270 Andronicum.
1425 1244 1558 1274 tanquam
1584 1238 1752 1272 exemplum.

962 1287 1047 1314 vitam
1067 1294 1144 1313 suam
1157 1285 1385 1318 accommodant;
1400 1285 1446 1320 qui
1464 1284 1498 1311 ad
1526 1284 1553 1311 id
1579 1291 1697 1319 prtecsse
1712 1284 1753 1309 vi-

962 1333 1052 1364 detur,
1082 1335 1112 1358 ut
1139 1331 1268 1358 Ecclesia:
1293 1331 1472 1366 ignominiam
1493 1331 1626 1365 imponat.
1651 1329 1752 1357 \‘erum

962 1386 1023 1414 qua:
1050 1378 1095 1405 ille
1128 1378 1262 1404 adversus
1290 1385 1333 1404 me
1350 1376 1463 1404 molitur
1486 1376 1566 1404 facile
1593 1379 1751 1403 contemno.

962 1425 1020 1452 lmo
1046 1428 1074 1452 et
1094 1424 1210 1458 gratiam
1236 1424 1261 1450 ei
1292 1423 1405 1458 insuper
1432 1423 1558 1454 habeam,
1585 1421 1608 1449 si
1641 1425 1754 1456 propter

964 1469 1048 1497 Deum
1082 1469 1184 1496 illatam
1216 1469 1283 1495 mihi
1309 1468 1462 1499 infamiam,
1492 1471 1623 1501 tanquam
1651 1470 1754 1501 marty-

120 1509 299 1544 )αμπρότητα
309 1510 498 1546 τεθαυμακὼς,
515 1511 683 1547 αἰσχυνέσθω
700 1513 756 1544 τοῖς
769 1513 912 1548 ἐλλείμμα-

965 1515 1045 1547 rium,
1072 1515 1217 1550 accipiam.
1237 1514 1400 1542 Mementote
1421 1513 1493 1541 enim
1509 1512 1665 1547 cujusmodi
1688 1519 1753 1546 erga

121 1563 173 1581 σιν.
194 1555 263 1582 Ἀλλ’
283 1555 370 1590 ἔγωγε
386 1557 415 1583 τὸ
436 1557 516 1597 μέχρι
530 1557 577 1592 τῆς
593 1557 752 1592 ἱερωσύνης,
768 1559 815 1584 καὶ
830 1559 913 1593 τιμῆς

121 1600 298 1636 ὲνεφορήθην,
324 1602 371 1628 καὶ
390 1602 501 1637 ἀτιμίας
522 1603 572 1628 οὐκ
598 1603 764 1637 ἐγευσάμην.
790 1603 857 1630 Nuv‘t
880 1604 908 1630 δὲ

120 1646 176 1672 οὔτ’
196 1646 230 1674 ἂν
249 1647 359 1682 ήσοείην
385 1647 550 1683 τιμώμενος,
571 1648 634 1674 οὔτε
660 1649 914 1685 καταφρονούμενος

121 1693 249 1727 ἄχθομαι.
268 1692 413 1728 Οὑδὲτερον
426 1693 480 1728 γὰρ
495 1693 585 1720 αὐτῶν
599 1693 638 1720 ἔτι
657 1694 732 1730 παρὰ
745 1694 791 1721 τοῦ
805 1695 913 1722 ποιοῦν-

121 1747 165 1770 τος
189 1739 229 1769 εἰς
247 1738 296 1773 ἐμὲ
321 1738 394 1765 δοκεῖ
410 1738 552 1772 γίνεσθαι,
568 1738 625 1765 ἀλλ’
645 1739 775 1774 ἑκάτερον
794 1741 834 1771 εἰς
850 1740 914 1767 ἅνα-

121 1783 206 1819 φορὰν
220 1784 266 1810 τοῦ
279 1784 358 1810 Θεοῦ.
384 1783 483 1819 Διόπερ
505 1785 518 1810 ὁ
543 1783 631 1811 πάντα
651 1784 759 1820 τολμῶν
777 1783 853 1817 οὗτος
868 1786 914 1812 ἄν·

121 1830 238 1866 ορωπος,
256 1829 293 1861 ὡς
312 1829 388 1856 οὐδὲν
402 1829 462 1856 οὔτε
477 1830 574 1864 λέγων,
590 1829 650 1857 οὔτε
662 1830 746 1857 ποιῶν
765 1832 915 1866 παρεκίνη-

122 1883 178 1907 cev,
201 1875 295 1911 ἀρθεὶς
313 1877 358 1909 ἀφ’
377 1876 467 1911 ήμῶν,
484 1876 557 1911 αὐτῷ
572 1876 770 1912 δισκυρίττεται
788 1877 826 1911 τῷ
844 1877 913 1912 Θεῷ,

123 1921 168 1947 καὶ
182 1920 273 1954 φωνὰς
283 1921 388 1955 ἀφῆκεν
409 1921 455 1947 ἐπὶ
477 1920 650 1947 συνεστώτων
664 1921 710 1947 καὶ
724 1921 914 1955 περιεστάηων

122 1965 273 2001 ἀνθρώπων
288 1966 346 2002 [γιο.
360 1966 454 2002 λαῶν1,
469 1965 501 1998 ἃς
514 1966 622 1999 αὐτίκα,
638 1966 687 2002 τῆς
707 1967 775 2001 πρὸς
794 1967 915 1993 ἁπαντα-

122 2011 170 2047 χοῦ
181 2013 231 2047 γῆς
239 2013 400 2047 Ἐκκλησίας
411 2013 670 2048 ἁναγινωσκομένης
681 2013 825 2048 ἐπιστολῆς
837 2013 915 2040 ἀκού-

123 2055 211 2083 σεσθε.
228 2056 353 2083 Τοιοῦτόν
368 2057 426 2083 ἐστι
441 2056 521 2091 φύσις
544 2057 706 2088 ἀπαίδευτος
725 2057 914 2093 ἐπειλημμένη

122 2101 280 2136 δυνάμεως·
302 2103 334 2137 τῇ
360 2103 466 2138 κεφαλῇ
485 2102 531 2128 τὸν
549 2103 662 2138 οὐρανὸν
674 2102 835 2138 ὲξαράσσειν
854 2104 914 2130 ἑπι-

122 2148 218 2182 χειρεί.
238 2148 337 2179 Ἔστω,
368 2148 500 2179 δυνάσθω,
532 2149 676 2184 κεχρήσθω
701 2150 733 2184 τῇ
762 2148 852 2182 φύσει,
875 2149 914 2184 τῷ

965 1568 1008 1587 me
1019 1560 1166 1592 exstiterit,
1179 1560 1236 1595 qui,
1251 1565 1280 1587 ut
1295 1559 1365 1587 nihil
1382 1559 1467 1592 aliud,
1486 1563 1560 1586 certe
1575 1559 1609 1585 ab
1625 1557 1680 1585 illis
1694 1565 1753 1584 ma-

962 1605 1069 1639 joribus
1087 1610 1176 1632 ortqu
1192 1606 1324 1633 duxeram
1348 1606 1423 1638 (nam
1443 1605 1478 1632 ab
1499 1603 1684 1639 Eurystheue,
1705 1603 1754 1638 qui

965 1651 1111 1679 Dorienses
1140 1652 1166 1678 in
1193 1652 1319 1686 Spartam
1345 1650 1470 1682 deduxit,
1491 1649 1524 1677 ad
1552 1657 1641 1677 meum
1666 1656 1754 1683 usque

964 1702 1067 1731 patrem
1091 1697 1202 1735 generis
1233 1696 1427 1724 successiones
1449 1696 1568 1731 publicis
1593 1694 1695 1722 tabulis
1713 1694 1754 1721 in-

964 1742 1074 1777 scripta:
1089 1743 1178 1776 sunt),
1191 1742 1220 1770 .is
1236 1742 1283 1777 qui
1307 1749 1341 1769 ne
1362 1742 1406 1769 avi
1422 1741 1533 1777 quidem
1555 1748 1654 1768 nomen
1671 1740 1754 1768 edere

965 1788 1069 1821 possit;
1089 1787 1144 1815 imo
1168 1795 1257 1822 neque
1288 1787 1423 1822 parentis,
1445 1791 1476 1814 ut
1492 1787 1581 1818 aiunt,
1595 1786 1646 1813 nisi
1663 1794 1754 1820 quan-

965 1837 1022 1859 tum
1035 1832 1195 1866 conjectura
1211 1832 1322 1866 assequi
1341 1836 1447 1867 potest;
1465 1839 1547 1866 porro
1562 1838 1577 1858 a
1594 1831 1700 1865 piscatu
1720 1830 1754 1856 ad

966 1877 1085 1912 praefecti
1109 1884 1221 1904 currum
1246 1878 1283 1904 sit
1304 1881 1428 1904 evectus.
1447 1877 1538 1909 Quare
1560 1875 1660 1910 pudeat
1678 1883 1752 1906 curii,

964 1923 1012 1957 qui
1030 1922 1203 1957 splendorem
1223 1923 1298 1949 illum
1317 1922 1344 1948 in
1358 1921 1468 1949 civitate
1486 1921 1630 1955 suspiciat,
1651 1920 1754 1947 obscu—

966 1970 1056 1996 ritatis
1078 1970 1151 1996 illius
1171 1973 1254 2004 atque
1283 1968 1418 1996 defectus.
1442 1967 1498 2002 Ego
1523 1974 1589 1994 vero
1606 1973 1693 2001 usque
1719 1965 1754 1992 ad

965 2015 1148 2043 sacerdotium
1161 2015 1264 2042 honore
1279 2014 1396 2042 satiatus
1415 2021 1487 2046 sum,
1502 2020 1590 2047 neque
1606 2011 1754 2047 quidquam

965 2060 1086 2088 infamiae
1104 2060 1185 2095 198
1206 2059 1359 2095 degustavi.
1380 2058 1458 2085 Nunc
1482 2062 1574 2085 autem
1595 2064 1684 2091 neque
1705 2057 1754 2083 ho-

965 2114 1032 2134 nore
1054 2106 1169 2134 aﬂectus
1189 2106 1304 2141 gaudeo,
1322 2112 1412 2140 neque
1438 2108 1613 2138 contemptus
1639 2103 1755 2129 molesto

967 2150 1035 2188 fero.
1051 2151 1184 2178 Neutrum
1199 2147 1273 2178 enim
1286 2150 1341 2184 jam
1354 2157 1449 2176 eorum
1468 2149 1503 2176 ab
1524 2155 1568 2179 eo,
1589 2148 1634 2182 qui
1654 2147 1755 2173 intule-

123 2191 226 2227 καιρῷ,
249 2193 453 2225 ἀποκτιννύτω,
477 2194 524 2220 καὶ
546 2193 625 2221 δείτω
645 2194 698 2221 τῶν
719 2195 834 2221 πολιτῶν
855 2194 911 2230 [γρ.

969 2185 1014 2229 rit.
1032 2197 1060 2224 in
1086 2204 1130 2224 me
1153 2196 1288 2224 commisti
1314 2195 1438 2228 videtur;
1469 2195 1517 2221 sed
1546 2198 1694 2226 utrumque
1720 2191 1754 2218 a.l

123 2237 177 2264 τῶν
201 2238 349 2275 πολεμίων]
380 2240 469 2267 ὅντινα
504 2240 643 2275 βούλεται’
664 2241 730 2276 ἡμῖν
751 2241 780 2268 δὲ
804 2242 912 2278 ἀπόχρη

126 2283 250 2318 μένουσιν
266 2284 312 2310 ἐπὶ
324 2285 372 2319 τῆς
386 2285 499 2317 τάξεως,
517 2287 558 2321 ἐφ’
569 2284 604 2322 ἦς
616 2287 689 2321 ἡμᾶς
701 2286 794 2320 ἔταξεν
808 2287 822 2313 ὀ
836 2287 912 2320 θεὸς,

124 2330 296 2366 ἀπηλλάχθαι
307 2332 357 2366 μὲν
371 2331 421 2366 τῆς
433 2333 575 2363 κοινωνίας
587 2332 640 2359 τῶν
658 2333 793 2368 πονηρῶν,

968 2242 1053 2270 Deum
1079 2243 1211 2277 pertinet.
1239 2241 1346 2269 ldcireo
1379 2241 1460 2268 homo
1486 2241 1539 2267 iste
1564 2239 1692 2273 projecta:
1721 2236 1754 2263 ad

967 2297 1050 2317 omne
1067 2288 1176 2316 facinus
1191 2288 1324 2322 audaciae,
1339 2295 1404 2315 cum
1422 2295 1511 2322 neque
1523 2285 1650 2317 dicendo,
1667 2289 1756 2317 neque

970 2335 1098 2362 faciendo
1122 2342 1165 2362 uie
1187 2337 1385 2366 commoveret,
1404 2333 1488 2360 altius
1510 2339 1540 2359 se
1557 2338 1572 2357 a
1588 2329 1668 2357 nobis
1692 2327 1756 2356 elle-

126 2384 200 2409 reus,
212 2385 274 2404 cum
291 2377 352 2412 ipso
368 2377 424 2404 Deo
437 2378 625 2413 congreditur,
643 2386 674 2405 ac
693 2386 774 2406 voces
788 2380 937 2408 nonnullas
965 2380 1051 2407 edidit
1080 2388 1174 2408 coram
1205 2379 1310 2407 coactis
1344 2384 1372 2406 et
1394 2376 1639 2405 circumstantibus
1669 2381 1757 2409 popu—

125 2425 171 2456 lis,
186 2432 256 2460 quas
271 2425 350 2452 lectis
369 2425 402 2452 iis
416 2425 516 2453 litteris
533 2425 663 2458 audietis,
681 2434 743 2460 quae
760 2427 792 2453 ad
807 2427 966 2455 universam
1002 2428 1078 2455 orbis
1098 2433 1236 2455 terrarum
1270 2427 1423 2454 Ecclesiam
1458 2430 1523 2452 sunt
1545 2423 1665 2458 scriptae.
1691 2422 1757 2448 Tale

125 2469 253 2504 quiddam
269 2473 313 2497 est
332 2471 400 2497 rude
423 2477 456 2497 ac
477 2470 632 2506 disciplina:
643 2478 742 2505 expers
761 2471 912 2505 ingenium,
934 2472 980 2499 ubi
996 2476 1159 2506 potestatem
1174 2473 1303 2506 adeptum
1323 2475 1383 2504 est;
1409 2471 1510 2497 coelum
1542 2469 1645 2504 ipsum,
1681 2468 1755 2502 quod

127 2515 241 2548 dicitur,
257 2515 348 2550 capite
375 2515 490 2543 tundere
510 2519 638 2543 conatur.
662 2516 739 2547 Esto.
765 2516 803 2544 sit
824 2518 852 2545 in
884 2522 1034 2552 potestate,
1064 2522 1157 2545 utatur
1184 2523 1281 2545 natura
1306 2525 1368 2548 sua,
1395 2521 1518 2550 tempore
1541 2524 1548 2542 :
1573 2514 1693 2547 occidat,
1728 2518 1758 2541 et

129 2562 233 2589 vinciat
264 2570 457 2597 quemcunque
486 2564 586 2591 civium
613 2564 734 2592 libuerit.
777 2563 860 2592 Nobis
889 2564 1001 2599 quidem
1019 2565 1119 2592 sullicit
1144 2565 1170 2592 in
1204 2573 1236 2592 eo
1256 2565 1352 2592 ordine
1375 2562 1628 2599 perseverantibus,
1653 2562 1680 2589 in
1702 2569 1757 2596 qua

129 2615 224 2634 saluus
242 2615 256 2634 a
273 2606 329 2635 Deo
347 2608 485 2641 collocati,
502 2608 641 2644 segregari
659 2617 673 2635 a
688 2609 857 2636 nefariorum
873 2609 1017 2637 hominum
1032 2611 1186 2643 consortio,

172 2664 324 2700 Ἀγνεῦσαι
333 2664 360 2691 δ’
369 2665 463 2698 ἀκοὰς
471 2665 738 2700 βλασφημοσύνης
748 2665 917 2701 ἀλεγεινῆς,

729 2733 821 2762 DlON.
842 2733 979 2762 PETAVII
999 2734 1104 2763 ΝΟΤΑΞ

157 2790 224 2853 .(7?
240 2791 302 2817 Ἐπὶ
318 2791 375 2826 τὴν
392 2793 576 2832 ἡγεμονικὴν
591 2793 723 2828 ἀπήνην.
743 2792 824 2821 Mulis
838 2792 910 2820 enim

131 2826 190 2853 Cic.
225 2834 299 2862 grar.
320 2834 349 2860 ll,
366 2831 392 2855 et
408 2836 434 2855 m
458 2827 531 2855 Verr.

965 2793 1112 2823 ovinciales
1126 2795 1303 2831 magistratus
1319 2794 1372 2828 usi,
1391 2795 1479 2830 iisque
1499 2793 1607 2830 publice
1622 2788 1760 2820 attributi.

183 2845 190 2852 .
203 2845 299 2860 ..νε-ιι.
320 2845 349 2860 ιι,
366 2845 392 2855 υ-
408 2845 434 2855 ιιι
461 2845 531 2855 που.

1026 2665 1061 2692 Et
1074 2674 1170 2694 vacuas
1187 2675 1262 2694 aures
1276 2667 1379 2702 probris
1394 2674 1497 2694 servare
1509 2665 1640 2700 aquariis.
