1955 3063
131 147 198 175 i597

720 146 910 175 EPISTULE.
926 159 963 167 ε-
974 146 1082 176 EPIST.
1104 148 1182 176 LVII.

1687 151 1755 178 11508

130 203 210 230 Κατὰ
223 203 336 235 τούτους
354 203 418 238 ὑμῖν
442 203 498 238 ἐγὼ
519 204 582 235 τοὺς
599 203 679 239 ὅρους
700 204 857 238 συνέσομαι.
882 204 919 230 Οὐ

982 205 1089 233 Iabebo.
1105 205 1144 233 Ac
1159 207 1182 233 si
1202 207 1316 242 angelus
1336 213 1428 243 posset
1443 215 1525 243 supra
1543 207 1654 243 triginta
1669 217 1757 237 annos

133 251 187 285 μὴν
200 249 231 276 τό
243 259 274 284 γε
288 250 391 286 κρίνειν
405 250 517 284 καιροὺς
534 249 652 285 έμαυτὺν
667 250 866 284 ἀφαιρήσομαι,
882 248 920 280 ὡς

131 297 196 324 ὃταν
229 296 275 331 ἐξῇ
293 295 422 323 κατιόντα
445 295 508 331 [γρ.
528 295 706 331 καρποῦντα]
730 295 768 331 μὴ
787 295 919 326 κατιέναι,

131 342 254 369 τουτέστι
275 341 319 368 διὰ
345 341 395 376 τῆς
421 340 553 376 τυχούσης
572 341 740 375 ἐπιστροφῆς
763 340 867 375 ἀγαθόν
893 349 922 367 τι.

134 389 205 424 μέγα
218 388 313 414 ποιεῖν.
329 386 406 413 Οὕτω
417 387 464 414 καὶ
477 387 491 413 ό
503 386 569 418 Θεὸς
584 386 762 413 πολιτεύεται.
779 386 816 413 Τὸ
832 395 919 422 προσ-

132 432 273 468 τετηκέναι
302 431 331 458 δέ
349 432 408 458 ἐστι
431 431 462 458 τὺ
482 431 578 464 δεινὸν,
606 429 637 458 οὗ
660 432 729 466 μήτε
748 431 816 458 Θεοῦ
841 431 921 466 φύσις

134 478 271 512 ἀνέχεται,
299 478 371 512 μήτε
397 477 472 509 ὅστις
495 477 591 504 ἑαυτὸν
613 476 760 504 ἀπευθύνει
785 477 853 513 πρὸς
876 477 922 504 τὸν

132 523 208 550 Θεόν.
227 523 258 549 Εἰ
273 523 371 557 γέγονα
385 523 544 558 χρημάτων,
564 523 581 558 ἦ
606 523 754 558 κτημάτων
774 522 919 558 ἐπιμελὴς,

137 571 162 596 εἰ
178 569 288 596 σύνιστέ
304 579 348 605 μοι
364 570 510 605 λογισμοὺς
520 570 658 605 δεχομένῳ
670 571 719 605 τῆς
731 570 792 597 καθ’
805 571 920 605 ἡμέραν,

134 616 150 650 ἢ
167 616 216 650 τῆς
236 616 297 642 κατ’
307 615 368 647 ἔτος
381 615 514 650 δαπάνης,
532 614 590 642 εἶτα
606 617 634 642 ἐν
649 617 704 647 τοῖς
721 615 864 651 ὑμετέροις
874 615 921 642 τοῦ

134 661 229 697 χρόνου
245 661 388 697 φείδομαι,
408 661 516 693 ἀλαζών
538 662 606 696 ειμι,
622 661 669 687 καὶ
693 661 744 688 οὐκ
765 661 833 693 ἁξιῶ
855 670 922 696 συγ-

134 707 327 742 γινώσκεσθαι.
353 708 384 735 Εί
407 708 435 734 δὲ
451 707 591 743 ἀμελήσας
609 707 663 734 τῶν
687 708 757 734 οῐκοι
777 708 920 743 πρότερον,

134 754 166 788 τῇ
181 752 252 779 κατὰ
266 752 327 779 νοῦν
343 752 467 788 ἐνεργείᾳ
484 751 617 784 συνέταεα
632 751 681 788 τὴν
695 751 779 787 ζωὴν,
793 753 820 778 τί
836 752 922 779 δεινὸν

134 800 159 825 εἰ
173 798 225 825 τῶν
237 798 301 825 ἴσων
317 798 389 834 ὑμᾶς
404 798 490 831 ἀξιῶ;
509 798 579 825 Ἀλλ’
593 798 653 824 ἐπεὶ
667 798 772 830 τούτοις
787 799 858 833 ὑμᾶς
873 799 923 825 οὐκ

134 845 297 880 ἀρέσκομεν,
310 845 347 877 ὡς
360 844 444 871 ὄντων
463 844 574 880 ἐτέρων,
589 845 613 872 οἳ
629 845 756 872 δύνανται
777 844 849 871 κατὰ
861 845 924 871 ταύ-

134 890 180 917 τὸν
198 891 227 917 ἐν
247 891 347 926 ἀμφοῖν
367 889 397 918 εὖ
421 891 588 926 διαγίνεσοαι
600 912 607 924 ,
624 891 712 924 ἔξεστι
727 891 920 926 βουλεύσασθαι
941 886 962 913 Β

134 937 165 963 τὺ
184 936 253 972 λῷον
270 938 304 972 τῇ
326 945 355 963 τε
384 937 461 964 πόλει
478 937 526 963 καὶ
544 939 603 969 ταῖς
620 937 805 974 Ἐκκλησίαις,
827 938 921 973 κάμοί.

134 984 193 1009 οὐκ
219 982 368 1019 έξομοῦμαι
400 984 449 1019 τὴν
476 983 639 1018 ἱερωσύνην·
666 984 771 1019 μήποτε
798 983 925 1019 δυνηθείη

134 1029 262 1056 τοσοῦτον
294 1029 471 1065 Ἀνδρόνικος.
503 1029 572 1056 Ἀλλ’
586 1028 680 1065 ὥσπερ
702 1029 762 1056 οὐδὲ
782 1029 926 1064 φιλόσοφος

136 1075 270 1110 ἐγενόμην
280 1076 311 1111 δη
316 1076 419 1110 μόσιος,
435 1075 495 1102 οὐδὲ
507 1075 734 1111 θεατροσκοπίαις
745 1075 800 1110 [γρ.
817 1075 927 1111 θεατρο-

137 1120 218 1157 nam]
230 1121 367 1156 ἐπεθέμην
379 1130 385 1137 ·
403 1121 462 1147 οὐδὲ
479 1121 664 1148 διδασκαλεῖον
678 1121 781 1156 ἧνοιξα.
803 1121 857 1148 Καὶ
880 1121 926 1148 οὺ-

135 1167 181 1194 δὲν
204 1164 285 1204 ἦττον
305 1165 339 1202 ἦν
356 1175 386 1193 τε
412 1167 459 1194 καὶ
475 1166 535 1203 εἵην
559 1166 722 1201 φιλόσο‹ροςῖ
749 1165 843 1198 Οὕτως
868 1167 928 1193 οὐδὲ

138 1212 228 1247 ἱερεὺς
243 1212 373 1247 δημόσιος
393 1210 462 1238 εἶναι
486 1211 627 1247 βούλομαι.
650 1212 706 1248 Οὐχ
727 1212 800 1242 ἄπας
821 1212 928 1240 ἅπαντα

136 1256 258 1285 δύναται.
283 1257 352 1292 Ἐγὼ
370 1258 568 1293 συγγενόμενος
580 1258 702 1294 ἐμαυτῷ,
717 1259 764 1286 καὶ
773 1259 817 1286 διὰ
833 1259 879 1286 νοῦ
890 1258 929 1294 τῷ

137 1302 206 1338 Θεῷ,
232 1303 354 1335 καταϐὰς
375 1304 429 1330 ἀπὸ
446 1303 572 1339 θεωρίας,
592 1304 708 1340 δύναμαι
726 1305 867 1337 συνουσίας
880 1305 930 1332 οὐκ

137 1349 292 1385 ἀχρήστους
309 1349 445 1377 ποιεῖσθαι
457 1350 526 1385 πρὸς
540 1350 587 1377 ἕνα
602 1351 649 1377 καὶ
662 1350 719 1377 δύο*
733 1351 780 1377 καὶ
794 1351 856 1377 οὐδὲ
869 1351 931 1378 τού-

138 1403 201 1426 τους
213 1394 366 1429 ἀγελαίους,
380 1395 436 1422 ἀλλ’
448 1396 474 1421 εἰ
484 1404 557 1427 τινες
570 1393 625 1423 εἷεν
638 1396 655 1432 ἢ
669 1396 778 1431 φύσεως
790 1396 928 1432 λαχόντες,

138 1441 155 1476 ἢ
177 1441 289 1476 ἀγωγῆς
308 1441 525 1477 εὐτυχήσαντες,
544 1441 615 1468 ὥστε
641 1442 703 1469 νοῦν
727 1442 931 1477 τεθαυμακέναι

139 1486 193 1522 προ
206 1486 342 1522 σώματος.
360 1487 444 1513 Ἀλλὰ
458 1487 505 1513 καὶ
517 1487 562 1513 διὰ
577 1487 674 1514 πολλοῦ
689 1489 859 1524 πραγμάτων
873 1488 930 1524 (79)

139 1533 292 1569 ἁπτόμενος
314 1533 384 1568 μετὰ
395 1534 444 1568 τῆς
458 1533 577 1568 ἐμαυτοῦ
590 1533 740 1570 ῥᾳστώνης,
755 1535 884 1570 γενοίμην
900 1534 932 1561 ἂν

973 258 1037 278 cum
1057 251 1215 280 hominibus
1233 253 1271 279 ita
1290 260 1481 286 consuescere,
1497 254 1570 281 nulla
1583 257 1613 281 ut
1627 262 1659 281 ex
1674 260 1758 281 mate-

973 295 1014 322 ria
1034 296 1163 331 contagio
1187 297 1321 324 malorum
1353 298 1380 325 in
1413 307 1474 326 eum
1498 299 1670 332 redundaret,
1693 300 1757 334 quid

972 348 1086 370 necesse
1093 347 1136 369 est
1149 342 1315 371 descendere
1330 343 1430 371 Filium
1445 344 1575 372 Dei?Sed
1591 345 1758 372 abundantia

972 388 1097 422 quaedam
1112 388 1212 415 virium
1228 393 1282 421 est.
1296 389 1334 416 ita
1355 389 1426 417 inter
1444 390 1580 417 deteriora
1596 391 1711 422 versari,
1730 395 1760 417 ut

973 433 1000 460 in
1014 438 1120 461 natum
1143 438 1216 461 statu
1240 435 1384 467 consistat.
1410 443 1461 462 nec
1486 436 1541 463 ullo
1559 436 1638 464 modo
1654 436 1688 463 ab
1705 436 1759 463 illis

973 480 1123 508 inliciatur.
1139 480 1185 508 Dei
1203 482 1255 508 ista
1274 482 1334 508 laus
1353 489 1385 508 ac
1402 481 1561 516 praedicatio
1574 486 1626 509 est.
1650 482 1759 509 Homini

973 534 1038 554 vero
1053 526 1254 561 deprecandum
1272 527 1338 554 illud
1359 531 1411 559 est,
1431 531 1536 554 natura:
1560 535 1616 554 suae
1639 528 1761 555 imbecil-

973 572 1079 600 litatem
1106 574 1248 600 metuenti.
1274 573 1322 602 llis
1344 582 1395 609 ego
1422 574 1561 601 vobiscum
1580 574 1685 608 legibus
1700 581 1760 600 ver-

974 619 1068 646 sabor.
1096 619 1157 646 Non
1181 625 1270 647 tamen
1291 625 1444 656 temporum
1468 625 1549 656 atque
1571 620 1762 655 opportunita-

973 670 1032 692 tum
1055 664 1190 699 judicium
1212 666 1277 692 mihi
1302 666 1432 698 adimam,
1454 671 1494 698 ut,
1517 674 1581 693 cum
1595 665 1700 697 licebit,
1716 673 1761 692 me

976 710 1009 737 ad
1022 709 1151 737 inferiora
1164 710 1305 737 demittam
1323 720 1330 738 :
1347 711 1399 738 hoc
1422 715 1464 738 est
1480 711 1532 738 levi
1547 718 1611 737 cura
1628 715 1656 738 et
1674 710 1763 738 anim-

976 757 1139 784 adversione
1158 757 1253 792 ingens
1273 757 1384 792 aliquod
1406 758 1506 784 bonum
1523 757 1649 789 eiiiciam,
1666 764 1762 792 quem-

976 801 1124 829 admodum
1147 801 1221 829 Deus
1248 810 1278 830 se
1308 803 1366 838 ipse
1383 810 1478 837 gerere
1504 802 1659 829 consuevit.
1688 800 1762 828 Anici

976 851 1067 875 autem
1081 851 1108 875 et
1125 848 1310 876 adhaerescere
1325 848 1445 884 penitus,
1469 848 1520 875 hoc
1537 848 1647 875 demum
1662 847 1763 874 malum

977 897 1019 921 est
1032 902 1039 926 ;
1054 894 1127 928 quod
1143 901 1233 929 neque
1252 899 1350 922 natura
1367 894 1413 922 Dei
1432 894 1561 926 sustinet,
1577 900 1667 928 neque
1687 893 1763 927 quis-

978 941 1040 976 quis
1057 948 1088 968 se
1101 940 1134 967 ad
1156 939 1203 968 Dei
1221 941 1361 976 exemplar
1377 940 1471 976 exigit.
1484 939 1513 967 Si
1533 939 1711 975 pecuniarum
1731 945 1764 966 ac

977 987 1183 1022 possessionum
1207 994 1302 1014 curam
1319 991 1345 1014 et
1369 986 1583 1014 sollicitudinem
1601 985 1717 1018 admisi;
1740 985 1765 1013 si

977 1033 1138 1060 diurnorum
1178 1037 1206 1060 et
1245 1040 1400 1060 annuorum
1426 1039 1612 1068 expensorum
1643 1031 1765 1059 rationes

977 1079 1104 1114 accipere
1129 1087 1171 1107 me
1194 1080 1344 1114 eognoritis
1366 1083 1460 1114 postea
1478 1079 1505 1105 in
1533 1078 1567 1105 iis
1583 1086 1642 1113 qua:
1668 1078 1701 1105 ad
1717 1085 1766 1105 vos

978 1125 1127 1161 pertinent,
1143 1125 1256 1160 tempori
1269 1133 1362 1160 parco,
1386 1132 1474 1151 vanus
1489 1128 1517 1151 et
1541 1131 1673 1158 arrogans
1691 1130 1764 1154 sum,

978 1171 1060 1205 200
1074 1177 1125 1198 nec
1146 1170 1250 1205 ignosci
1271 1170 1336 1197 mihi
1352 1170 1469 1204 postulo.
1483 1168 1534 1196 Sin
1551 1169 1590 1196 rei
1607 1169 1768 1196 domestica

979 1217 1057 1252 prius
1070 1217 1129 1253 ipse
1143 1225 1209 1244 cura
1233 1217 1368 1251 deposita,
1397 1217 1424 1243 iu
1440 1217 1540 1243 mentis
1553 1216 1663 1242 actione
1683 1215 1767 1241 vitam

980 1270 1068 1289 meam
1082 1262 1242 1289 collocatam
1256 1262 1358 1295 habeo;
1374 1261 1440 1296 quid
1452 1262 1550 1288 mirqu
1564 1265 1607 1288 est
1621 1260 1645 1288 si
1657 1264 1684 1287 et
1695 1260 1767 1287 idem

980 1315 995 1334 a
1014 1307 1091 1335 vobis
1110 1307 1239 1342 requiro?
1252 1307 1388 1340 Quoniam
1417 1311 1508 1334 autem
1533 1306 1570 1333 ob
1591 1306 1649 1333 hare
1677 1305 1768 1332 minus

981 1352 1057 1379 vobis
1083 1352 1233 1387 placemus,
1264 1351 1343 1386 quasi
1366 1350 1412 1377 alii
1428 1350 1496 1380 sint.
1511 1350 1558 1385 qui
1572 1349 1667 1377 eodem
1688 1349 1768 1376 modo

983 1402 1055 1425 recte
1072 1398 1100 1424 in
1116 1397 1242 1432 utrisque
1270 1396 1373 1423 versari
1393 1395 1510 1430 possint,
1527 1394 1673 1422 consilium
1690 1393 1769 1421 vobis

981 1450 1081 1478 capere
1095 1443 1170 1474 licet,
1184 1442 1248 1477 quid
1271 1446 1297 1469 et
1322 1441 1437 1471 civitati,
1457 1445 1485 1468 et
1506 1439 1644 1472 ecclesiis.
1659 1444 1686 1467 et
1703 1439 1769 1465 mihi

982 1488 1070 1523 magis
1085 1488 1223 1523 expediat.
1235 1487 1295 1514 Non
1305 1495 1355 1522 ego
1367 1486 1552 1513 saecrdotium
1562 1485 1686 1521 ejurabo.
1702 1484 1771 1512 Nolo

984 1538 1089 1561 tantum
1114 1534 1216 1561 habere
1227 1533 1371 1567 potestatis
1386 1532 1586 1560 Andronicum.
1600 1531 1654 1559 Sed
1672 1539 1769 1566 quem-

139 1577 179 1612 τῷ
196 1578 285 1614 καιρῷ
300 1579 445 1613 χρήσιμος.
461 1578 712 1613 Καταχωννύμενος
724 1579 753 1605 δὲ
771 1579 816 1605 ὑπ’
831 1579 930 1612 αὐτῶν,

985 1579 1132 1607 admodum
1145 1587 1232 1614 neque
1247 1579 1424 1614 philosophus
1438 1578 1580 1614 popularis
1596 1577 1646 1609 fui,
1663 1585 1713 1605 nec
1728 1585 1771 1604 Ine

141 1622 262 1658 ἐμαυτοῦ
281 1631 310 1649 τε
329 1623 490 1658 ἐπιλήσμων
513 1623 587 1658 είμὶ,
612 1624 660 1650 καὶ
682 1624 737 1650 τῶν
762 1624 933 1660 πραγμάτων

139 1669 242 1705 ζημίαν
255 1669 333 1696 ποιῶ.
349 1669 386 1696 Οὐ
404 1669 458 1705 γὰρ
471 1669 528 1696 έστι
543 1669 673 1704 μισοῦντα
687 1669 778 1702 καλῶς
796 1679 822 1697 τι
835 1672 931 1698 ποιεῖν.

147 1714 217 1741 Ἀλλ’
238 1715 253 1741 ὀ
275 1714 313 1750 μὴ
330 1715 403 1750 πάσῃ
420 1715 453 1749 τῇ
470 1713 568 1750 γνώμῃ
583 1713 730 1750 δεδογμένα
747 1715 849 1748 ποιῷν,
865 1715 932 1742 ἄθυ-

141 1769 192 1795 μος
212 1760 322 1796 ἔρχεται
344 1760 412 1796 πρὸς
436 1760 484 1795 τὴν
504 1759 615 1796 πρᾶξιν,
641 1757 674 1795 ἦς
705 1761 856 1796 προστῆναι
882 1761 931 1788 δεῖ.

142 1807 240 1839 Ὅστις
252 1807 282 1833 δὲ
299 1806 368 1842 πρὸς
390 1806 439 1841 μὲν
463 1805 560 1841 σχολὴν
578 1806 719 1838 ἀνοικειως
740 1805 807 1841 ἔχει,
824 1807 871 1834 καὶ
884 1807 934 1834 οὐκ

140 1854 215 1881 ἐστιν
233 1853 308 1884 ὅπως
321 1851 360 1887 τῷ
374 1851 530 1887 σχολάζοντι
547 1851 603 1887 (80)
618 1852 764 1888 χρήσαιτο,
779 1852 845 1879 αὐτὸ
859 1853 888 1880 δὲ
903 1853 934 1880 τδ

143 1899 197 1926 πᾶν
222 1898 292 1932 ὅπερ
311 1897 370 1924 ἐστὶ
392 1896 623 1932 δημοφελέστατος
642 1897 794 1933 ἄνθρωπος,
812 1898 935 1934 πολυχω-

144 1943 245 1980 ροτάτη
255 1943 328 1979 ψυχὴ
335 1944 394 1975 ταῖς
407 1943 535 1970 ἁπάντων
545 1943 668 1978 ἀρκοῦσα
678 1943 828 1979 φροντίσιν,
841 1945 935 1976 Ὅστις

141 1990 236 2026 ἐπειδὴ
252 1989 307 2026 [ψ.
323 1989 365 2026 δὴ]
376 1989 497 2024 πέφυκεν
518 1989 590 2016 οὕτω
604 1990 651 2017 καὶ
667 1990 802 2025 βούλεται,
818 1991 832 2017 ό
845 1990 934 2018 τοιοῦ-

143 2046 189 2069 τος
200 2036 251 2064 κᾶν
268 2036 348 2072 χάριν
358 2036 441 2071 είδείη
457 2037 517 2068 ταῖς
530 2035 673 2068 ὲλκούσαις
685 2036 768 2063 αὑτὸν
780 2036 822 2070 ἐφ’
835 2037 935 2068 ἑαυτὰς

145 2084 350 2120 περιστάσεσιν.
372 2082 531 2115 Ὑποθέσεις
548 2082 603 2119 γὰρ
616 2083 698 2109 αὑτοῦ
713 2084 745 2119 τῇ
762 2083 842 2118 φύσει
855 2084 933 2120 χαρί-

144 2130 235 2162 ζονται
250 2129 306 2165 [ιφ.
321 2128 500 2164 τωρίζονται],
517 2128 564 2155 καὶ
588 2129 719 2164 μέγιστον
737 2129 777 2161 εἰς
790 2128 820 2155 τὸ
836 2137 936 2165 κατορ-

145 2176 208 2202 θοῦν
221 2175 326 2209 ἑφόδιον
338 2176 354 2209 ἡ
371 2174 445 2208 φιλία
456 2173 502 2201 τοῦ
515 2173 687 2210 πράγματος.
708 2174 876 2210 Ἑξαιρετέος
889 2172 936 2201 οὖν

145 2221 248 2248 ἅπασιν
261 2220 325 2254 ὕμῖν
341 2221 355 2246 ὁ
370 2219 591 2250 λυσιτελέστατος
608 2218 760 2255 ἄνθρωπος,
777 2220 824 2246 καὶ
838 2219 934 2252 αιὶθαι-

147 2267 240 2302 ρετέος
259 2248 348 2301 ἡμῶν,
373 2265 398 2292 οἳ
419 2265 494 2300 μόνοι
512 2248 589 2300 μόλις
607 2248 761 2301 σωέόμεθα,
777 2266 810 2292 Τί
832 2248 934 2302 δῐξιρά-
951 2248 972 2275 D

146 2320 229 2347 γατε;
246 2313 285 2339 Ob
308 2312 375 2338 διότι
398 2312 482 2347 μήπω
495 2312 616 2346 γέγονεν,
635 2311 710 2344 ἄξιόν
724 2312 781 2339 ὲστι
799 2313 866 2349 μηδὲ
891 2313 938 2340 νῦν

86 2367 113 2398 2)
147 2358 273 2393 γενέσθαι
282 2367 311 2402 L
319 2357 407 2385 Πολλὰ
425 2358 478 2385 τῶν
500 2358 614 2385 δεόντων
630 2359 644 2385 ό
661 2358 757 2393 χρόνος
775 2359 869 2395 ἐξεῦρε
892 2360 940 2386 καὶ

146 2406 332 2442 διωρθώσατο.
364 2406 420 2440 Οὐχ
448 2405 557 2432 ἅπαντα
581 2405 650 2439 πρὸς
672 2405 847 2441 παράδειγμα
873 2406 938 2442 [τρ.

147 2452 359 2488 παραδείγματα
371 2450 380 2487 ]
394 2451 509 2486 γίνεται.
525 2451 580 2477 Καὶ
591 2450 647 2478 τῶν
658 2452 812 2486 γενομένων
827 2452 941 2479 ἕκαστον

148 2497 235 2533 ἀρχὴν
258 2496 336 2533 ἔσχε·
355 2497 399 2524 καὶ
412 2497 477 2532 πρὶν
491 2496 618 2530 γενέσθαι
635 2497 718 2531 μήπω
734 2496 879 2531 γενόμενον
895 2494 938 2532 ἦν.

156 2542 314 2578 ’Δξιὼτερόν
330 2544 387 2570 ἐστι
403 2542 603 2579 προτιμηθῆναι
617 2542 667 2577 τῆς
679 2542 820 2578 συνηθείας
832 2544 862 2569 τὸ
875 2545 942 2578 χρή-

151 2597 239 2624 σιμον.
253 2589 349 2623 Ἥμεῖς
356 2588 442 2624 ἀρχὴν
457 2588 546 2623 δῶμεν
553 2588 738 2623 ἔθειβελτίονι.
758 2589 943 2624 Ἀνθαιρετέος

149 2632 197 2661 οὖν
207 2634 297 2669 ἡμῶν,
308 2634 325 2669 ἦ
342 2634 400 2669 μεθ’
409 2634 488 2670 ἡμῶν
515 2633 647 2669 αἱρετέος,
662 2634 772 2665 πάντως
783 2634 812 2660 δὲ
821 2635 944 2669 αίρετέος

985 1625 1165 1654 theatralibus
1178 1625 1343 1660 spectaculis
1359 1625 1466 1657 dedidi,
1484 1632 1535 1652 nec
1550 1624 1644 1651 ludum
1658 1623 1771 1659 aperui:

985 1672 1162 1698 nihilominus
1177 1677 1267 1698 tamen
1280 1679 1353 1699 eram
1368 1674 1439 1704 tum,
1449 1676 1477 1698 et
1491 1671 1593 1697 utinam
1612 1670 1664 1698 sim
1683 1669 1773 1704 philo-

984 1717 1103 1751 sophus!
1121 1716 1158 1742 ita
1170 1723 1257 1750 neque
1268 1716 1409 1751 popularis
1425 1715 1541 1743 antistes
1552 1723 1615 1742 esse
1624 1715 1694 1742 volo.
1712 1714 1771 1741 Non

984 1762 1077 1789 omnia
1095 1769 1192 1789 omnes
1213 1764 1338 1796 possunt.
1361 1760 1418 1796 Ego
1433 1768 1541 1788 mecum
1564 1764 1592 1788 et
1609 1764 1699 1788 mente
1709 1767 1771 1787 cum

987 1808 1041 1836 Deo
1054 1813 1189 1838 versatus.
1202 1811 1230 1834 et
1243 1815 1258 1834 a
1271 1807 1504 1842 contemplatione
1521 1806 1702 1838 descendens,
1718 1813 1772 1833 non

986 1853 1105 1880 absurda
1130 1853 1268 1887 colloquia
1295 1853 1412 1880 miscere
1432 1859 1545 1886 possum
1571 1859 1633 1878 cum
1649 1859 1714 1882 uno,
1729 1851 1772 1878 vel

985 1899 1081 1930 altero,
1094 1898 1184 1933 iisque
1204 1906 1258 1925 non
1276 1897 1436 1933 vulgaribus
1452 1905 1460 1929 ;
1488 1897 1535 1925 sed
1552 1897 1575 1924 si
1595 1897 1642 1931 qui
1658 1896 1714 1924 sint
1729 1896 1772 1923 vel

987 1943 1106 1972 indolem
1125 1943 1210 1976 nacti,
1224 1944 1266 1971 vel
1282 1943 1400 1971 feliciter
1414 1943 1544 1976 instituti,
1564 1941 1632 1970 adeo
1658 1946 1689 1968 ut
1710 1949 1773 1968 cor-

985 1990 1046 2026 pori
1061 1994 1179 2018 mentem
1198 1988 1356 2024 praeferant.
1373 1987 1509 2016 Prazterea
1526 1988 1608 2023 longo
1631 1987 1775 2015 intervallo

986 2036 1019 2064 ad
1033 2035 1141 2072 negotia
1156 2034 1299 2062 tractanda
1316 2042 1359 2062 me
1377 2033 1532 2066 conferens,
1543 2033 1616 2069 quod
1630 2032 1775 2060 commodo

987 2089 1050 2108 meo
1065 2081 1176 2114 faciam,
1192 2080 1269 2108 utilis
1284 2080 1312 2107 in
1331 2084 1450 2114 tempore
1461 2086 1523 2107 esse
1539 2086 1662 2114 possum.
1674 2077 1723 2105 Sin
1742 2078 1775 2104 iis

986 2127 1140 2162 opprimor,
1158 2134 1212 2153 non
1227 2125 1310 2152 modo
1326 2125 1378 2152 mei
1393 2125 1545 2152 obliviosus
1556 2123 1666 2156 reddor,
1683 2123 1732 2151 scd
1748 2127 1776 2151 et

987 2173 1104 2208 negotiis
1116 2172 1182 2207 ipsis
1193 2172 1384 2199 detrimentum
1400 2170 1480 2198 facio.
1497 2169 1568 2197 Fieri
1584 2169 1656 2197 enim
1667 2176 1720 2197 non
1732 2175 1777 2204 po-

988 2223 1051 2251 test,
1064 2223 1093 2246 ut
1104 2218 1177 2253 quod
1186 2218 1248 2252 quis
1260 2217 1360 2249 oderit,
1373 2221 1445 2243 recte
1454 2222 1481 2243 et
1490 2224 1523 2243 ex
1534 2214 1630 2242 ordine
1637 2213 1774 2242 conﬁciat.
1818 2237 1825 2243 ,

989 2265 1043 2293 Sed
1056 2265 1104 2301 qui
1119 2271 1173 2292 non
1193 2272 1226 2292 ex
1242 2264 1327 2291 totius
1345 2263 1430 2290 animi
1459 2262 1502 2289 sui
1522 2261 1658 2289 sententia
1674 2259 1776 2294 aliquid

989 2312 1064 2344 facit,
1078 2311 1224 2346 languidus
1239 2317 1271 2337 ac
1287 2309 1375 2337 tristis
1388 2307 1422 2335 ad
1437 2315 1506 2342 opus
1520 2307 1637 2339 accedit,
1654 2305 1698 2333 cui
1711 2312 1780 2340 prae-

989 2368 1050 2388 esse
1064 2359 1141 2387 illum
1152 2357 1291 2385 convenit.
1304 2355 1405 2383 Comm
1425 2354 1471 2389 qui
1485 2353 1520 2381 ab
1535 2353 1593 2380 otio
1605 2352 1710 2379 alienus
1725 2356 1777 2382 est.

991 2412 1042 2432 nec
1057 2405 1111 2432 ulla
1126 2404 1232 2431 ratione
1248 2409 1352 2429 vacuus
1376 2407 1439 2427 esse
1465 2402 1493 2426 et
1513 2405 1528 2424 a
1554 2397 1670 2432 negotiis
1685 2395 1779 2422 feriari

993 2453 1102 2486 potest:
1117 2449 1164 2477 sed
1174 2451 1295 2484 quantus
1309 2449 1430 2482 quantus
1441 2448 1494 2475 est,
1503 2443 1604 2479 populo
1615 2441 1780 2469 utilissimus

990 2501 1044 2530 est,
1061 2500 1089 2524 et
1104 2495 1284 2531 plurimarum
1304 2500 1397 2520 rerum
1422 2498 1508 2526 capax
1523 2489 1641 2520 animus,
1656 2487 1779 2515 omnium

993 2550 1066 2572 curae
1079 2540 1247 2570 sustinendae
1258 2538 1396 2567 sulliciens
1412 2546 1419 2564 :
1436 2536 1482 2572 qui
1500 2536 1628 2570 quoniam
1651 2533 1687 2560 ita
1701 2540 1716 2559 a
1736 2539 1781 2559 na-

993 2595 1056 2618 tura
1071 2590 1249 2623 comparatus
1265 2589 1319 2618 est,
1345 2582 1482 2619 ejusmodi
1496 2587 1627 2617 praestare
1642 2588 1704 2608 sese
1720 2583 1782 2606 stu-

995 2636 1043 2663 det
1057 2643 1065 2661 :
1082 2632 1181 2669 quisic
1196 2630 1310 2659 allectus
1326 2633 1380 2662 est,
1394 2628 1478 2656 etiam
1501 2625 1728 2661 occupationibus
1749 2631 1782 2650 ae

746 2699 837 2727 DION.
859 2701 1000 2731 PETAVII
1019 2701 1135 2730 ΝΟΤιΕ.

189 2758 245 2793 (79)
265 2756 422 2793 “Mitigat
440 2756 489 2793 διᾲ
503 2757 620 2793 πολλοῦ
635 2756 823 2793 πραγμάτων.
837 2757 942 2786 Rectis-

153 2791 223 2820 sime
240 2800 290 2827 pro
312 2791 425 2819 πολλῶν.
441 2825 448 2827 ξ
465 2791 634 2819 Subauditur
659 2793 733 2819 enim
759 2792 865 2826 χρόνου.
896 2793 942 2820 Sic

154 2825 246 2854 autern
264 2827 290 2854 in
305 2827 420 2854 vetustis
437 2825 493 2854 fere
509 2827 647 2854 onmlhus.

189 2863 246 2898 (80)
264 2863 317 2891 Καὶ
331 2863 386 2889 οὐκ
401 2863 488 2890 ἔστιν
507 2861 585 2894 ὅπως
608 2861 646 2894 τῷ
663 2860 850 2896 σχολάζοντι.
871 2862 943 2896 Quid

996 2760 1019 2788 si
1032 2758 1120 2793 ἑαυτῷ
1135 2757 1230 2793 σχολ.2
1249 2757 1302 2784 Seu
1317 2755 1432 2783 mutilus
1447 2751 1564 2793 forsitaq

1134 2780 1454 2830 Liéiihhlié'piiiééifsi
1473 2792 1536 2822 post
1550 2780 1784 2820 δημοφελέστατος

997 2827 1069 2858 aliud
1082 2829 1154 2856 ἐστίν
1167 2827 1341 2863 adjungatur.
