1955 3063
115 137 180 165 MOI

695 134 884 163 ΕΡΙδΤΟΙΛΕ.
898 151 931 156 -
948 135 1054 162 EPIST.
1074 135 1163 163 LVIII;

1674 133 1743 160 I402

114 194 149 222 τὰ
165 194 325 230 γράμματα,
344 191 468 227 καθάπερ
494 191 631 223 Ἰουδαίοις
648 192 683 218 τὰ
704 200 902 228 παραγεγραμ-

956 193 988 219 ad
1015 200 1124 219 crucem
1154 191 1255 219 Christi
1290 192 1409 226 ascripta
1442 192 1613 227 legebantur.
1649 193 1742 225 Quan-

115 240 183 276 μένα
199 239 238 274 τῷ
254 238 361 273 σταυρῷ
376 238 422 264 τοῦ
437 237 563 272 Χριστοῦ.
577 238 672 264 Καίτοι
686 238 716 264 τὸ
737 239 901 274 ἐπίγραμμα

114 283 162 310 ’.οὗ
188 283 316 318 σταυροῦ.
340 281 450 316 γεγονὸς
472 282 526 308 ἀπὸ
551 282 664 316 γνώμης
689 282 738 308 οὐκ
763 282 901 314 εὐσεϐοῦς,

117 329 214 364 σεμνὸν
236 327 269 364 ἦν
293 328 338 354 ἐπὶ
360 327 467 358 λέξεως,
487 327 520 353 δι’
543 325 573 354 οὗ
599 327 724 362 βασιλεὺς
747 328 760 354 ό
788 327 903 363 Χριστὸς

116 375 288 410 ὲκηρὺττετο.
311 373 441 400 Ἐνταῦθα
460 373 488 400 δὲ
508 374 524 409 ὴ
545 373 650 407 γλῶττα
666 375 698 408 τῇ
725 373 821 409 γνώμῃ
840 382 902 399 συν-

117 419 216 446 έῦαινε.
232 418 272 445 Τὰ
285 418 314 444 δὲ
325 418 356 452 δὴ
367 418 434 452 μετὰ
448 417 533 444 ταῦτα
545 417 599 444 τῶν
612 417 706 453 πρώην
714 417 904 452 ὲστηλιτευμέ-

116 473 168 491 νων
189 464 334 499 βαρύτερα.
370 463 476 498 Ἐπειδὴ
503 463 557 498 γὰρ
582 461 616 498 ἦν
638 471 699 489 τινα
726 463 785 489 κατ’
807 462 903 498 ἐχθροῦ

116 510 252 545 πρόφασιν
263 508 412 544 εὑράμενος
425 512 432 543 (
445 508 531 543 ἔχθρα
544 508 572 535 δὲ
584 506 616 543 ἦν
630 508 731 539 αὐτοῖς.
748 508 788 534 ὅτι
800 508 904 542 γάμους

115 557 130 582 ό
144 556 192 590 μὲν
207 554 384 586 ἐσπούδαζεν,
394 555 408 580 ό
421 554 450 580 δὲ
463 553 581 581 ἐκώλυεν
592 553 612 588 ).
627 554 741 585 ἐκεινοις
755 554 836 580 αὐτὴν
848 554 905 584 τοῖς

116 600 309 635 ἀποτροπαίοις
325 599 513 636 χολαστηρίοις
524 599 644 634 ⁴ᾐκίζετο.
658 599 676 626 ἃ
690 599 727 634 μὴ
739 598 904 634 παραδοθείη

117 648 150 681 τῇ
163 645 272 680 διαδοχῇ
289 644 336 670 τοῦ
350 644 445 680 χρόνου
456 653 463 660 ·
478 645 535 679 μετ’
551 644 632 670 αὐτοῦ
648 644 676 671 δὲ
686 643 779 679 ὥσπερ
791 644 903 679 ἤρξατο,

117 692 252 719 παύσαιτο
260 699 266 704 ·
278 690 325 717 καὶ
336 690 441 723 γένοιτο
451 691 506 721 τοῖς
519 689 577 724 μεθ’
591 690 664 724 ἡμᾶς
678 688 748 724 ἀκοὴ
759 688 845 715 ταῦτα
855 688 906 722 τῆς

118 738 264 772 ἡγεμονίας
283 735 454 770 Ἀνδρονίκου
469 734 638 770 συνθήματα.
659 734 767 769 Ἐπειδὴ
777 732 824 760 οὖν
837 734 905 769 ἀνὴρ

117 782 239 817 εὐγενὴς,
255 782 305 808 οὐκ
320 781 431 811 ἀδικῶν.
457 781 514 808 ἀλλ’
532 780 649 815 ἀτυχῶν,
672 780 715 806 ἐπ’
736 781 826 811 αὐτοῖς
839 788 906 806 κατ-

117 828 243 859 ετείνετο,
259 827 306 853 καὶ
318 826 403 853 ταῦτα
415 826 446 852 τὸ
456 827 504 862 τῆς
517 825 688 862 μεσημϐρίας
703 827 798 862 ἐδρᾶτο
812 826 906 852 σταθε-

955 245 1037 272 quam
1061 238 1119 273 ipsa
1143 238 1235 265 crucis
1260 238 1456 272 inscrtptio,ut
1478 246 1532 265 non
1554 239 1683 273 religioso
1706 239 1741 265 ab

955 284 1048 310 animo
1064 282 1197 318 profecta,
1217 287 1243 309 at
1264 283 1355 310 verbis
1376 283 1444 318 ipsis
1463 283 1661 318 perhonorifica
1679 283 1740 313 fuit,

955 329 1055 364 quibus
1072 336 1117 357 rex
1144 329 1270 356 Christus
1292 329 1508 364 prtedicabatur:
1523 330 1565 356 hic
1582 334 1672 356 autem
1687 329 1742 356 lin-

955 382 1007 409 gua
1031 382 1093 400 cum
1113 374 1205 401 animo
1227 374 1405 408 congruebat.
1427 373 1493 406 Qua:
1522 382 1587 402 vero
1614 374 1743 409 deinceps

955 419 1124 452 acciderunt,
1153 419 1234 454 longe
1257 419 1290 446 iis
1317 427 1378 454 quae
1402 419 1480 446 allisa
1506 423 1570 446 sunt
1598 420 1741 447 acerbiora

955 464 1076 491 fuerunt.
1092 464 1159 491 Cum
1186 464 1259 491 enim
1282 463 1410 491 nonnihil
1439 463 1571 492 adversus
1601 464 1741 492 inimicum

953 510 1107 538 oncasi0nis
1139 513 1237 537 nactus
1261 514 1335 537 esset
1361 509 1531 544 (inimicitia:
1556 515 1646 537 autem
1679 510 1743 538 inde

953 556 1025 584 inter
1041 563 1090 583 eos
1114 559 1181 582 orta:
1199 555 1318 587 fuerant,
1337 555 1411 590 quod
1426 555 1537 589 nuptias
1561 555 1606 582 hic
1632 554 1743 582 allecta-

954 602 1010 633 bat,
1023 601 1070 628 ille
1086 600 1278 636 prohibebat),
1295 600 1329 638 iis
1346 600 1422 627 illum
1440 599 1584 627 furialibus
1599 600 1743 636 suppliciis

954 651 1083 682 torquere
1098 646 1228 678 instituit.
1244 653 1305 681 qua:
1322 646 1436 673 minime
1452 646 1622 682 posteritatis
1640 653 1743 674 memo-

954 692 1002 719 riae
1018 691 1183 727 prodantur,
1199 690 1247 718 sed
1274 698 1335 718 cum
1366 692 1438 725 ipso,
1460 690 1500 718 uti
1530 697 1650 725 cmpere,
1669 689 1744 718 desi-

954 741 1032 768 nant.
1053 736 1163 771 sintque
1189 736 1247 763 lucc
1271 736 1305 763 ad
1333 738 1459 770 posteros
1482 735 1634 762 Andronici
1654 735 1742 769 magi-

955 787 1057 810 stratus
1074 781 1151 817 signa
1169 781 1310 808 auditione
1327 785 1406 808 tenus
1423 784 1583 815 propagata.
1602 779 1655 807 Sed
1678 786 1741 806 cum

955 827 1056 855 nobilis
1074 827 1114 854 vir
1139 826 1206 853 nihil
1225 826 1326 860 injuste
1347 826 1468 857 molitus,
1484 825 1531 853 sed
1547 824 1742 856 calamitosus,

119 873 255 909 ρώτατον,
270 874 302 900 ἵν’
321 873 374 899 ὑπὸ
393 872 482 907 μόνοις
502 871 620 907 μάρτυσι
643 873 700 903 τοῖς
727 871 834 906 δημίοις
850 871 902 897 ἁπ-

956 873 988 900 ob
1004 873 1060 900 lucc
1085 872 1338 904 excarnillcaretur,
1357 876 1384 899 et
1411 872 1464 898 ista
1485 871 1537 899 sub
1561 870 1741 898 meridianum

117 920 224 946 όλοιτο·
251 919 298 945 καὶ
321 919 370 953 τὴν
397 917 558 952 Ἐκκλησίαν
578 916 648 951 ἔγνω
663 916 807 952 γινομένην
831 915 904 951 αὺτῷ

118 964 259 1000 συμπαθῆ,
280 964 339 990 κατ’
357 963 420 990 ἄλλο
440 962 489 998 μὲν
511 963 597 996 οὐδὲν,
613 963 653 989 ὅτι
672 962 700 988 δὲ
716 961 846 997 μαθόντες
859 961 905 987 εὑ-

117 1011 176 1042 θὺς,
189 1011 226 1042 ὡς
243 1010 362 1045 εἴχομεν,
375 1008 572 1044 ἑξεδρὰμομεν,
585 1009 627 1042 ἐφ’
637 1004 659 1042 ᾧ
670 1006 903 1043 παρακαθιζῆσαι,

117 1056 163 1082 καὶ
190 1054 375 1088 συνδιενέγκαι
400 1054 449 1087 τὴν
478 1053 634 1088 συμφοράν·
655 1052 738 1087 λυττᾷ
762 1051 830 1086 προς
855 1050 905 1086 τὴν

116 1100 210 1135 ἀκοὴν,
231 1099 258 1126 εῐ
269 1107 310 1130 τις
329 1099 476 1129 ἐπίσκοπος
500 1098 537 1124 ὢν
552 1097 662 1132 ἐλεῆσαι
678 1097 845 1131 τετόλμηκεν
858 1096 905 1122 ἄν·

117 1146 225 1181 θρωπον
235 1144 429 1180 ἀπηχθημένον
438 1143 521 1178 αὐτῷ.
536 1143 589 1169 Kal
603 1142 687 1169 πολλὰ
697 1143 745 1169 καὶ
757 1141 905 1177 παράνομα

115 1191 356 1226 νεανιευσάμενος,
386 1189 434 1216 τοῦ
467 1189 635 1225 θρασυτάτου
668 1187 723 1214 τῶν
757 1187 904 1222 ὑπηρετῶν

116 1237 230 1268 Θόαντος
244 1236 325 1262 αὐτὸν
336 1235 513 1270 ἐρεθίζοντος,
527 1231 548 1268 ᾧ
563 1234 663 1269 χρῆται
678 1233 746 1268 πρὸς
755 1232 805 1264 τὰς
818 1233 902 1268 δημο-

117 1285 177 1316 σίας
194 1283 335 1320 συμφορὰς
347 1283 466 1319 ὀργάνῳ,
482 1283 567 1318 πέρας
581 1281 699 1317 ὲπέθηκε
711 1282 743 1316 τῇ
758 1280 841 1316 μανίᾳ
855 1280 904 1316 τὴν

116 1329 273 1363 ἀθεωτάτην
291 1329 381 1364 φωνὴν
398 1328 494 1361 εἰπὼν,
513 1329 554 1354 ὅτι
576 1327 673 1362 Μάτην
690 1327 737 1353 ἐπὶ
760 1327 810 1361 τὴν
842 1326 904 1353 Ἐκ-

116 1375 231 1410 κλησίαν
245 1374 355 1410 ἤλπισε,
375 1375 421 1401 καὶ
437 1374 524 1406 οὐδεὶς
546 1373 579 1400 ἂν
600 1373 751 1409 ἐξαιρεθείη
768 1372 821 1399 τῶν
843 1372 904 1398 ’Λν-

115 1420 237 1455 δρονίκου
263 1419 372 1455 χειρῶν,
390 1419 443 1446 οὐδ’
467 1419 499 1445 ἂν
516 1418 542 1444 εἴ
560 1427 602 1450 τις
621 1418 667 1444 τὸν
686 1417 754 1444 πόδα
773 1417 904 1452 κρατήσει

116 1465 198 1491 αὑτοῦ
218 1464 264 1491 τοῦ
285 1464 413 1500 Χριστοῦ.
432 1465 539 1499 Ταύτην
556 1463 712 1498 ἀπαιδεύτῳ
734 1462 831 1498 γνώμῃ
857 1463 905 1490 καὶ

116 1511 223 1547 γλώττῃ
236 1511 296 1546 τρὶς
308 1510 490 1544 ἀνεφθέγξατο
503 1509 552 1544 τὴν
568 1509 670 1544 φωνὴν,
688 1508 747 1544 μεθ’
763 1509 796 1543 ἢν
811 1509 904 1535 οὐκέτι

956 919 1045 953 ipsum
1063 918 1115 945 diei
1133 917 1259 945 ardorem
1281 921 1445 952 agerentur,
1464 921 1493 943 ut
1519 916 1585 943 solis
1604 915 1742 942 carnifici-

956 963 1006 990 bus
1019 963 1133 990 testibus
1147 962 1262 997 periret;
1276 966 1421 997 postquam
1434 961 1582 989 comlolere
1596 960 1636 987 illi
1652 959 1743 987 Eccle-

955 1009 1024 1036 siatn
1038 1009 1136 1041 sensit,
1152 1008 1228 1035 nullo
1243 1008 1353 1043 quidem
1368 1008 1421 1034 alio
1433 1016 1466 1035 ex
1481 1007 1594 1038 indicio,
1607 1005 1654 1033 sed
1669 1005 1742 1040 quod

955 1054 1048 1081 statim
1069 1058 1098 1080 ut
1117 1053 1281 1086 audivimus,
1298 1060 1313 1080 c
1330 1053 1445 1087 vestigio
1465 1052 1649 1083 accurrimus,
1665 1055 1696 1078 ut
1717 1051 1744 1078 ei

954 1099 1149 1131 assideremus,
1173 1103 1202 1126 et
1221 1099 1339 1127 miseria:
1373 1098 1522 1133 participes
1543 1105 1677 1129 essemus,
1699 1097 1743 1124 his

955 1144 1000 1171 ille
1026 1143 1126 1171 auditis
1155 1143 1248 1171 furore
1266 1150 1387 1178 praeceps
1406 1142 1516 1177 agitur;
1533 1142 1606 1177 quod
1633 1141 1742 1177 episco-

954 1197 1006 1224 pus
1022 1189 1094 1216 ullus
1117 1189 1241 1217 misereri
1257 1189 1331 1216 illius
1346 1188 1460 1216 auderet
1480 1188 1609 1220 hominis,
1622 1187 1667 1215 cui
1683 1188 1743 1222 ipse

954 1239 1027 1263 esset
1051 1235 1189 1268 inimicus,
1216 1242 1249 1262 ac
1278 1235 1396 1270 plurima
1428 1234 1565 1269 impiaque
1593 1234 1746 1262 insolenter

951 1279 1093 1314 jactitans,
1119 1279 1303 1307 audacissimo
1330 1279 1476 1307 satellitum
1503 1278 1626 1306 Thoante
1651 1280 1686 1306 ad
1716 1279 1744 1307 id

954 1333 1016 1353 eum
1043 1326 1186 1357 incitante,
1204 1334 1259 1360 quo
1275 1325 1308 1352 ad
1327 1325 1451 1360 publicas
1467 1325 1639 1352 calamitates
1657 1325 1744 1352 admi-

955 1371 1044 1398 nistro
1068 1371 1171 1404 utitur;
1193 1371 1302 1397 tandem
1319 1370 1513 1398 scelestissima
1533 1369 1561 1396 in
1586 1377 1652 1397 voce
1670 1369 1744 1397 furo-

954 1425 1012 1444 rem
1038 1418 1199 1445 terminavit
1225 1425 1318 1449 suum,
1335 1417 1437 1444 frustra
1459 1416 1535 1443 illum
1559 1417 1654 1444 dicens
1667 1424 1743 1451 spem

955 1462 1074 1498 aliquam
1093 1463 1120 1489 in
1146 1462 1267 1490 Ecclesia
1283 1463 1451 1494 collocasse,
1468 1470 1556 1496 neque
1575 1469 1746 1497 quamquam

955 1516 989 1535 ex
1011 1508 1160 1536 Andronici
1180 1509 1308 1536 manibus
1329 1511 1453 1543 ereptum
1470 1508 1516 1540 iri,
1532 1516 1587 1535 non
1611 1509 1632 1536 si
1651 1509 1745 1543 pedem

115 1556 289 1590 νουθετητέος
311 1557 325 1582 ό
340 1555 493 1590 ἄνθρωπος,
511 1555 566 1582 ἀλλ’
582 1554 676 1589 ὥσπερ
692 1554 770 1589 μέλος
787 1554 903 1585 ἀνιάτως

956 1554 1044 1588 ipsum
1063 1554 1168 1581 Christi
1192 1554 1318 1581 manibus
1345 1555 1536 1588 amplectatur.
1554 1555 1584 1581 lu
1607 1554 1678 1582 hanc
1697 1554 1745 1580 ille

117 1602 178 1637 ἔχον
197 1601 366 1632 ἀποκοιττὲος
383 1599 461 1635 ἡμῶν
474 1619 481 1631 ,
495 1600 538 1626 ἶνα
555 1599 591 1634 μὴ
605 1601 638 1634 τῇ
659 1599 786 1634 κοινωνίᾳ
808 1599 854 1626 καὶ
873 1600 904 1626 τὸ

117 1647 238 1681 ὑγιαῖνον
255 1646 468 1681 συμφθείρηται.
491 1645 519 1672 '0
532 1645 586 1681 γὰρ
603 1645 738 1680 μολυσμὸς
752 1645 904 1681 διαδόσιμος

116 1693 231 1726 γῐνεται.
244 1692 292 1719 καὶ
306 1693 320 1719 ό
333 1692 416 1726 θίγων
427 1691 551 1725 ἐναγοῦς,
563 1690 694 1718 ἀπολαύει
705 1690 755 1724 τῆς
771 1699 903 1726 προστρο-

116 1739 180 1773 πῆς.
200 1740 246 1765 Δεῖ
262 1738 291 1764 δὲ
307 1735 377 1764 εἶναι
393 1738 441 1764 καὶ
456 1737 552 1772 γνώμῃ
571 1737 618 1763 καὶ
639 1736 745 1771 σώματι
767 1736 905 1772 καθαροὺς

115 1783 156 1819 τῷ
172 1783 243 1818 Θεῷ.
274 1783 335 1809 Ἐπὶ
357 1781 472 1814 τούτοις,
493 1783 509 1817 ή
532 1781 714 1816 Πτολεμαΐδος
746 1781 904 1817 Ἐκκλησία,

115 1829 178 1856 τάδε
196 1828 263 1863 πρὸς
281 1828 330 1859 τὰς
351 1827 509 1862 ἁπανταχοῦ
527 1827 579 1862 γῆς
595 1827 692 1862 ἑαυτῆς
715 1826 833 1862 ἀδελφὰς
850 1827 906 1854 δια-

115 1881 254 1900 ταττεται*

117 1924 208 1947 urente
226 1924 253 1947 et
264 1927 378 1954 corpore
391 1924 475 1955 puros
486 1918 623 1946 convertit.
642 1917 682 1946 0b
696 1919 753 1946 lucc
765 1918 943 1947 Ptolemaidis

117 1967 254 1994 Ecclesiae
270 1967 326 1994 ha‘c
336 1966 507 1994 decernenda
525 1965 642 1993 censuit.

158 2023 383 2058 Ἀνδρονίκῳ,καὶ
396 2024 451 2053 τοῖς
466 2021 559 2051 αὐτοῦ,
571 2020 679 2052 Θόαντι,
693 2029 740 2047 και
752 2022 807 2053 τοῖς
820 2020 903 2047 αὑτοῦ

117 2067 200 2102 μηδὲν
225 2067 392 2101 ἀνοιγνύσθω
414 2067 526 2102 τέμενος
542 2066 588 2093 τοῦ
605 2066 689 2093 Θεοῦ³
715 2067 787 2098 ἄπας
813 2067 905 2097 αὐτοῖς

118 2111 190 2147 ἱερὸς
204 2112 424 2144 ἀποκεκλείσθω,
440 2111 486 2138 καὶ
501 2111 594 2147 σηκὸς,
610 2112 657 2138 καὶ
677 2111 826 2146 περίσολος.
849 2112 905 2138 Οὐκ

116 2157 173 2183 ἔστι
191 2157 229 2192 τῷ
249 2157 362 2192 διαϐόλῳ
387 2158 468 2192 μέρος
483 2157 512 2183 ἐν
530 2157 703 2192 παραδείσῳ·
725 2157 754 2188 ὃς
771 2157 821 2183 κᾶν
836 2157 904 2192 λάθῃ
922 2170 943 2198 ι)

115 2202 215 2233 διαδὺς.
242 2201 423 2234 ἐξελαύνεται.
445 2202 571 2236 Παραινῶ
596 2201 646 2237 μὲν
672 2199 718 2229 οὖν
744 2202 790 2228 καὶ
813 2201 904 2238 ἰδιώτῃ

117 2247 200 2274 παντὶ
224 2248 272 2274 καὶ
296 2248 422 2283 ἄρχοντι,
451 2249 519 2283 μήτε
547 2248 692 2283 ὁμορόφιον
719 2248 808 2283 αὐτῷ,
838 2249 905 2284 μήτε

115 2293 303 2328 ὁμοτράπεζον
326 2293 463 2328 γίνεσθαι·
491 2293 591 2328 ἱερεῦσι
618 2294 646 2320 δὲ
666 2293 863 2329 διαφερόντως,
880 2294 906 2320 οἳ

117 2340 186 2375 μήτε
214 2337 318 2370 ζῶντας
348 2339 446 2370 αὐτοὺς
472 2338 654 2373 προσεροῦσι,
685 2339 754 2374 μήτε
780 2339 907 2374 τελευτή-

115 2392 216 2415 σαντας
247 2383 521 2419 συμπροπέμῷουσιν.
545 2385 576 2410 Εἰ
602 2384 631 2410 δέ
649 2393 691 2415 τις
709 2384 747 2416 ὡς
774 2391 907 2420 μικροπο-

114 2429 183 2456 λῖτιν
197 2429 411 2457 ἁποσκυϐαλίσει
423 2429 472 2464 τὴν
492 2430 718 2464 Ἐκκλησίαν,καὶ
729 2430 834 2462 δέξεται
844 2430 899 2465 (8:2)

114 2476 177 2507 τοὺς
207 2475 415 2511 ἀποκηρύκτους
447 2475 548 2508 αὐτῆς,
577 2475 615 2507 ὡς
649 2477 699 2502 οὐκ
727 2476 833 2511 ἀνάγκη
868 2478 901 2512 τῇ

115 2520 210 2554 πένητι
238 2520 392 2546 πείθεσθαι·
424 2520 488 2546 ἴστω
523 2520 618 2555 σχίσας
642 2521 691 2555 τὴν
718 2521 900 2556 Ἐκκλησίαν,

115 2566 149 2599 ἣν
166 2566 229 2599 μίαν
249 2567 263 2592 ὸ
291 2566 407 2600 Χριστδς
425 2564 494 2591 εἶναι
518 2566 649 2600 βούλεται.
677 2567 706 2592 '0
722 2566 751 2593 δὲ
775 2568 902 2600 τοιοῦτος,

115 2609 170 2635 εἴτε
199 2610 312 2645 Λευῖτης
327 2611 400 2636 ἐστὶν
413 2630 419 2642 ,
443 2610 498 2636 εἴτε
514 2610 706 2647 πρεσϐύτερος,
721 2611 774 2638 εἴτε
791 2612 901 2639 ἐπίσκοα

117 2663 175 2686 mg,
202 2655 268 2690 παρ’
290 2657 356 2691 ἡμῖν
380 2657 408 2682 ὲν
441 2657 610 2692 ’Δνδρονίκου
639 2658 722 2693 μοίρᾳ.
751 2659 902 2692 τετάξεται,

957 1607 1050 1627 vocem
1070 1599 1195 1635 imperita
1211 1603 1302 1627 mente
1316 1607 1347 1626 ac
1365 1600 1456 1635 lingua
1473 1603 1515 1627 ter
1531 1599 1632 1634 erupit,
1645 1607 1745 1626 secun-

957 1644 1021 1671 dum
1039 1651 1120 1678 quam
1140 1645 1208 1672 nihil
1230 1649 1273 1672 est
1290 1645 1361 1680 quod
1386 1646 1502 1680 amplius
1519 1652 1680 1672 moueamus
1696 1645 1746 1671 ho~

958 1691 1069 1723 minem,
1087 1690 1147 1722 sed,
1176 1691 1250 1718 velut
1264 1691 1416 1719 membrum
1446 1691 1609 1723 insanabile.
1633 1699 1648 1718 a
1665 1691 1747 1718 nobis

957 1740 999 1764 est
1015 1736 1213 1771 segregandus,
1230 1744 1264 1764 ue
1288 1736 1361 1764 illius
1377 1738 1542 1772 contagione
1565 1737 1636 1772 quod
1655 1736 1745 1764 since-

958 1790 1017 1808 rum
1038 1786 1080 1809 est
1105 1787 1308 1816 corrumpatur.
1324 1783 1413 1810 Labes
1434 1783 1506 1810 enim
1525 1782 1605 1810 facile
1622 1788 1745 1808 commu-

958 1827 1085 1860 nicatur,
1101 1831 1129 1854 et
1153 1828 1200 1863 qui
1230 1829 1367 1862 impurum
1393 1828 1524 1863 tetigerit,
1543 1828 1679 1863 piaculum
1698 1833 1747 1853 no-

960 1881 1076 1907 xamque
1092 1874 1242 1901 contrahit.
1257 1874 1337 1908 203
1357 1873 1423 1902 Esse
1434 1878 1526 1901 autem
1541 1881 1633 1901 coram
1654 1872 1708 1899 Deo
1719 1875 1746 1898 et

963 1919 1083 1947 Ecclesia
1102 1921 1135 1948 ad
1152 1929 1248 1948 omnes
1278 1921 1380 1956 ubique
1400 1926 1533 1948 terrarum
1551 1927 1659 1948 sorores
1681 1926 1747 1946 suas

992 2020 1150 2047 Andronico
1172 2021 1287 2054 ejusque
1302 2020 1395 2054 sociis,
1409 2021 1526 2048 Thoanti
1538 2024 1564 2047 et
1577 2020 1637 2054 ejus
1661 2022 1747 2049 sociis

958 2065 1064 2092 nullum
1081 2065 1126 2092 Dei
1143 2065 1272 2100 templum
1283 2067 1432 2101 aperiatur.
1442 2066 1537 2094 Omnis
1551 2066 1604 2094 illis
1617 2067 1746 2101 religiosa

957 2111 1029 2139 aedes
1049 2119 1080 2138 ac
1106 2116 1182 2146 septa
1200 2111 1372 2139 claudantur.
1389 2111 1468 2139 Nulla
1493 2112 1604 2139 diabolo
1621 2113 1648 2139 in
1667 2120 1747 2147 para-t

957 2157 1020 2185 diso
1044 2165 1108 2192 pars
1136 2161 1188 2184 est.
1206 2157 1257 2191 Qui
1278 2158 1301 2185 si
1321 2158 1391 2185 clam
1416 2158 1566 2193 irrcpserit,
1587 2158 1745 2192 expellitur.

957 2203 995 2230 Ac
1010 2210 1072 2230 cum
1096 2203 1217 2238 privatos
1233 2211 1330 2231 omnes
1353 2208 1380 2231 et
1396 2204 1574 2239 magistratus
1594 2206 1700 2235 hortor,
1717 2208 1748 2230 ut

956 2256 1006 2276 nec
1025 2249 1148 2284 ejusdem
1173 2256 1234 2276 cum
1252 2249 1298 2276 illo
1315 2250 1392 2281 tecti,
1407 2258 1496 2285 neque
1513 2258 1614 2278 mensae
1633 2251 1745 2285 partiet-

957 2302 1005 2330 pes
1017 2302 1080 2322 esse
1099 2295 1199 2327 velint;
1214 2301 1270 2322 tum
1287 2295 1446 2323 sacerdotes
1468 2296 1614 2330 imprimis,
1628 2297 1674 2330 qui
1696 2304 1750 2323 nee-

957 2340 1080 2368 viventes
1111 2340 1172 2368 illos
1204 2341 1381 2372 salutabant,
1405 2348 1455 2368 nec
1484 2346 1607 2368 mortuos
1636 2341 1748 2368 funebri

958 2392 1056 2419 pompa
1089 2385 1236 2413 deducent.
1267 2386 1315 2413 Sin
1346 2387 1504 2420 quisquam,
1529 2387 1604 2413 velut
1641 2387 1749 2421 exigam

958 2431 1045 2462 urbis,
1058 2431 1209 2458 Ecclesiam
1241 2437 1360 2458 nostram
1388 2433 1594 2467 contempserit,
1612 2437 1638 2460 et
1662 2433 1697 2459 ab
1713 2441 1750 2460 ea

958 2477 1101 2504 damnatos
1128 2477 1273 2511 receperit,
1299 2477 1377 2512 quasi
1410 2479 1520 2512 pauperi
1551 2486 1647 2512 parere
1677 2478 1747 2505 nihil

959 2530 1070 2549 necesse
1097 2523 1146 2554 sit;
1160 2522 1268 2550 noverit
1288 2523 1403 2550 scissam
1422 2530 1436 2549 a
1455 2530 1484 2550 se
1498 2523 1648 2549 Ecclvsiam
1672 2530 1748 2553 esse,

958 2575 1039 2602 quam
1064 2576 1148 2594 tinam
1176 2575 1238 2595 esse
1257 2568 1316 2594 vult
1335 2567 1475 2596 Christus.
1497 2569 1585 2603 Atque
1613 2568 1658 2594 hic
1687 2568 1750 2595 sive

958 2613 1062 2641 Levita.
1078 2613 1136 2640 sive
1151 2613 1279 2640 sacerdos
1302 2614 1347 2645 sit,
1363 2614 1419 2641 sive
1434 2613 1588 2649 episcopus,
1605 2613 1675 2648 apud
1694 2620 1749 2640 nos

957 2659 1062 2689 eodem,
1080 2662 1161 2693 atque
1178 2657 1353 2686 Andronicus
1376 2659 1437 2686 loco
1455 2659 1636 2686 censebitur:
1654 2665 1747 2694 neque

719 2747 806 2775 DION.
830 2747 967 2775 I'ETAVII
986 2747 1102 2775 NOT/E.

151 2824 206 2861 ξεν)
224 2823 276 2851 Καὶ
295 2823 423 2856 δέξεται.
450 2822 516 2852 Vide
542 2823 604 2852 Loc.
623 2825 728 2854 Comm.
748 2825 781 2852 (Ic
803 2826 903 2857 δεκτοῐ;

970 2825 1177 2854 Excommunic.
1192 2830 1219 2854 et
1235 2825 1354 2854 Censur.
