1955 3063
225 111 236 132 1
245 109 293 137 ιοῦ

761 114 896 143 SYNESlI
919 115 1151 145 PTOLEMAIDIS
1171 117 1323 146 EI'ISCOPI

1789 115 1858 142 μοι

222 174 286 194 cum
311 170 482 199 eo_dexlram
503 167 667 204 iungemus,
684 178 734 198 nec
757 172 852 199 eadem
868 181 900 200 ex
918 181 1012 201 mensa

1067 176 1110 202 καὶ
1125 175 1187 202 οὔτε
1202 175 1374 211 ὲμῦαλοῦμεν
1389 172 1463 208 αὐτῷ
1478 172 1579 206 δεξιὰν,
1593 172 1654 199 οὗτε
1669 173 1723 199 ἀπὸ
1738 172 1789 208 τῆς
1807 173 1858 198 αὖα

220 220 364 240 vescemur
389 221 522 249 unquam.
539 214 656 242 Tantum
677 216 754 244 abest
771 223 799 244 ut
825 225 888 246 cum
911 219 945 247 iis
965 227 1011 246 ar-

220 265 289 286 cana
306 260 434 294 mysteria
449 261 694 293 communicemus,
711 264 757 298 qui
774 271 837 291 cum
853 264 1012 293 Andronico

221 309 249 332 et
263 304 385 333 Thoante
397 311 501 341 partem
515 307 633 342 aliquam
656 309 756 336 habere
776 310 922 338 voluerint.

491 352 658 381 EPISTOLA
677 353 746 382 LIX.

559 399 670 434 Anysio.

256 442 307 470 Cui
324 450 374 478 ego
391 443 499 472 litteras
514 446 651 478 commisi,
666 446 717 474 elsi
731 446 755 474 is
773 447 867 475 animo
888 447 1012 483 philoso-

222 487 304 522 phus,
317 493 376 516 arte
390 493 483 517 tamen
507 497 539 517 ac
558 490 729 525 professione
743 497 838 520 orator
851 498 904 521 est.
917 494 1011 529 Itaque

223 533 345 567 quandiu
367 533 487 569 Anysius
512 535 616 567 aderat,
640 540 667 563 et
684 536 842 572 Pentapolis
858 544 1010 574 supererat,

222 579 294 613 apud
310 586 360 606 nos
374 587 435 607 eam
452 580 541 608 adhuc
554 586 639 609 artem
661 583 814 611 exercebat.
830 585 899 612 Cum
920 591 1009 613 autem

223 628 286 660 post
299 623 453 652 discessum
470 630 547 653 tuum
565 627 713 663 insequens
730 632 837 664 tempus
856 638 907 658 nos
925 631 1012 659 hosti-

223 669 276 697 bus
292 669 471 704 vendidisset,
482 675 510 699 et
530 673 667 707 quoddam
689 674 769 702 nobis
781 675 918 710 justitium
942 677 1013 704 indi-

223 715 320 749 xisset,
335 716 368 743 ad
384 717 457 744 aliud
472 717 561 745 forum
583 719 713 754 navigare
728 721 889 754 constituit,
907 723 952 750 ubi
968 731 1012 751 ve-

224 761 295 789 nalis
328 762 430 798 lingua,
462 763 535 799 quod
563 766 772 793 mercimonium
790 770 832 794 est
859 772 1010 801 oratorum,

224 807 357 835 illustrem
384 809 474 836 reddit
503 814 650 838 oratorem.
671 810 723 838 Fac
743 816 773 839 ut
792 812 831 839 illi
859 813 1010 849 cuiuspiam

1064 222 1113 256 τῆς
1127 229 1191 247 ποτε
1209 219 1393 255 σιτησόμεθαο
1407 218 1505 245 πολλοῦ
1522 218 1554 253 δὴ
1570 218 1702 252 δεήσομεν
1723 217 1857 250 κοινωνῆ-

1065 274 1109 292 σαι
1135 266 1184 300 τῆς
1207 266 1363 301 ἀπορρήτου
1380 265 1491 300 τελετῆς
1514 265 1571 295 τοῖς
1595 263 1757 298 ὲθελήσασιν
1782 263 1856 297 ἔχειν

1066 312 1163 348 μερίδα
1183 311 1252 347 μετὰ
1275 311 1443 347 Ἀνδρονίκου
1465 310 1512 337 καὶ
1529 310 1653 340 Θόαντος.

1329 355 1502 382 ΕΠΙΣΤΟΛΗ
1524 354 1589 381 ΝΘ’.

1390 401 1526 433 Ἀνναίῳ.

1099 444 1135 483 ᾭ
1157 448 1261 475 δέδωκα
1283 448 1333 484 τὴν
1359 446 1512 482 ἐπιστολὴν,
1530 446 1555 472 εί
1570 445 1617 473 καὶ
1633 444 1778 480 φιλόσοφός
1795 445 1854 470 ἐστι

1063 497 1113 531 τὴν
1134 495 1234 531 ψυχὴν,
1258 494 1327 522 ἀλλὰ
1344 495 1436 530 ῥήτωρ
1455 493 1513 529 [γρ.
1533 493 1581 519 καὶ
1677 492 1726 527 τὴν
1743 492 1852 527 τέχνην.

1066 542 1138 573 Ἕως
1153 542 1200 577 μὲν
1214 539 1261 568 οὖν
1281 540 1401 571 Ἀνύσιός
1416 548 1445 566 τε
1456 539 1558 575 παρῆν,
1569 538 1616 565 καὶ
1629 537 1798 569 Πεντάπολις
1809 535 1853 572 ἦν,

1065 586 1104 613 ἔτι
1119 586 1185 622 παρ’
1203 587 1268 622 ἡμῖν
1283 585 1386 621 ταύτην
1401 585 1551 621 εἰργάζετο.
1574 584 1651 610 Ἐπεὶ
1666 583 1695 610 δὲ
1706 585 1720 610 ὁ
1736 583 1807 618 μετὰ
1826 583 1855 609 σὲ

1064 633 1159 668 χρόνος
1172 634 1229 664 τοῖς
1245 631 1383 667 πολεμίοις
1398 632 1473 667 ἡμᾶς
1486 629 1664 665 ἀποδόμενος,
1679 628 1764 655 δικῶν
1777 629 1855 663 είρή-

1064 687 1112 714 νην
1124 678 1261 714 εποίησεν,
1277 678 1380 712 ἔγνωκε
1393 677 1469 703 πλεῖν
1482 677 1522 707 εἰς
1535 676 1631 712 ἑτέραν
1646 674 1749 710 ἀγορὰν
1759 694 1768 705 ,
1787 675 1855 700 ὅπου

1065 725 1171 759 γλῶττα
1196 723 1284 756 ὤνιος,
1302 723 1332 757 το
1350 724 1470 759 ῥητόρων
1497 721 1653 757 ἀγώγιμον,
1680 720 1726 746 τὸν
1751 720 1857 755 ῥήτορα

1065 770 1201 805 γνώριμον
1226 771 1306 796 ποιεῖ.
1336 769 1508 804 Μνήστευσον
1536 767 1611 802 αὐτῷ
1638 766 1729 801 φιλίαν
1758 764 1856 800 ἀνδρὸς

1064 816 1190 851 λαχόντος
1209 815 1303 850 ἄρχειν
1320 814 1414 842 ὲθνῶν·
1439 814 1497 847 καὶ,
1519 814 1564 841 ναὶ
1584 813 1622 845 μὰ
1634 813 1680 839 τὸν
1697 812 1788 846 φίλιον
1811 811 1856 837 τὸν

223 852 276 880 viri
299 852 510 882 fatniliaritatem
535 856 675 888 concilies,
693 857 738 883 cui
756 857 878 891 gentium
905 859 1008 893 pracfe-

1067 850 1130 896 ὲμόν
1145 870 1174 887 τε
1197 861 1243 888 καὶ
1256 861 1312 892 σὺν,
1328 860 1357 887 ὃν
1379 860 1501 895 αίτὴσεις
1515 859 1573 895 [γρ.
1588 856 1683 893 αίτείς]
1697 858 1748 892 τὴν
1761 857 1856 892 χάριν,

224 901 303 925 ctura
318 898 473 933 coutigerit.
486 899 524 926 Ac
539 899 622 927 Deum
637 904 724 929 testor
735 905 788 929 tuae
804 910 924 938 measque
943 904 1014 931 ami-

224 943 296 970 citia:
315 943 475 978 praesidem,
492 945 515 972 is
539 945 609 979 ipse,
622 953 636 972 a
651 953 708 981 quo
721 951 749 974 tu
763 948 878 982 gratiam
892 949 1016 984 postula-

223 988 420 1023 veris.gratias
438 990 487 1017 tibi
503 994 575 1026 aget,
593 999 656 1018 cum
670 998 734 1027 post
744 992 846 1020 factum
863 995 1016 1023 periculum

223 1037 392 1061 revertetur.

496 1080 664 1109 EPISTULA
693 1083 750 1111 LX.

553 1128 696 1156 Auxentio.

259 1171 288 1199 Si
307 1176 334 1200 te
350 1173 386 1200 ob
403 1172 506 1200 illatam
521 1174 649 1202 amicitiae
666 1180 768 1204 nostrte
786 1177 915 1212 injuriam
934 1186 1011 1206 accu-

224 1224 331 1248 savero,
342 1221 369 1244 et
381 1216 445 1249 Deo,
454 1221 482 1245 et
491 1218 592 1246 divinis
600 1219 873 1254 virisjudicantibus,
891 1224 1014 1250 omnium

226 1267 251 1287 te
264 1261 397 1288 sententia
414 1263 587 1292 convincam.
612 1264 679 1292 Nam
695 1273 756 1300 qua:
778 1267 824 1294 tibi
843 1266 882 1294 fui
897 1268 1015 1296 inimici-

223 1305 336 1338 tiarum,
355 1313 424 1341 quas
444 1315 506 1334 cum
530 1315 592 1335 meo
609 1307 696 1336 fratre
716 1310 857 1345 cupiebas,
875 1313 1017 1341 accessio?

224 1350 292 1377 Nam
309 1358 371 1378 cum
388 1353 443 1384 ille,
459 1357 554 1380 contra
569 1361 652 1388 quam
664 1355 772 1386 vellem.
785 1356 868 1393 204
883 1358 1015 1388 adversus

225 1395 385 1424 Sabbatium
398 1398 485 1425 beatas
498 1400 637 1427 memoriae
648 1399 714 1427 Phai
728 1407 820 1435 partes
834 1403 860 1429 in
875 1405 1014 1439 republica

224 1444 397 1474 sequeretur,
414 1449 464 1468 nec
490 1445 520 1469 tu
537 1451 599 1469 eum
616 1445 742 1472 oratione
761 1450 807 1472 tua
826 1454 920 1481 posses
939 1447 1015 1476 infle-

224 1488 309 1517 ctere,
321 1485 388 1512 iram
405 1481 433 1513 in
445 1494 488 1514 me
502 1494 611 1515 omnem
623 1489 742 1523 vertisli,
753 1494 780 1518 et
796 1491 930 1526 quidquid
951 1494 1013 1520 mali

225 1536 334 1564 poteras
356 1531 485 1559 intulisti.
498 1532 555 1568 Ego
580 1541 655 1566 vero,
670 1539 738 1568 tum,
754 1544 815 1563 cum
840 1537 949 1570 licebat,
963 1539 1014 1566 ini-

224 1577 393 1605 micitiarum
426 1579 663 1608 denuntiationem
694 1583 799 1617 accepi.
817 1582 896 1611 Nunc
921 1589 1012 1612 autem

226 1630 277 1650 nec
300 1623 374 1655 licet,
389 1631 442 1652 nec
453 1625 527 1652 volo.
542 1624 610 1652 Nam
627 1631 654 1654 et
668 1630 735 1655 aetas
751 1628 810 1662 ipsa
826 1630 957 1664 praeclare
971 1630 1012 1657 fa-

225 1668 312 1700 ciens,
327 1669 503 1698 ambitionem
519 1678 627 1698 omnem
650 1673 813 1708 restinguit;
826 1679 852 1702 et
874 1683 968 1708 sacrae,
985 1681 1015 1703 ut

226 1714 313 1745 aiunt,
331 1714 403 1750 leges
420 1715 492 1744 istud
521 1717 679 1751 prohibent.
696 1718 830 1747 Praterea
850 1721 925 1748 venit
949 1723 1014 1749 milii

227 1759 255 1786 in
274 1761 434 1788 memoriam
459 1763 613 1791 communis
630 1764 802 1793 educationis
824 1771 850 1793 et
867 1766 1018 1796 institutio~

226 1803 280 1835 uis.
295 1807 574 1843 commorationisque
588 1809 702 1845 Cyrenis
715 1815 817 1838 nostra:
830 1819 837 1838 :
849 1819 911 1847 qua:
926 1814 1018 1841 omnia

227 1849 350 1878 Sabbatii
372 1851 465 1880 litibus
489 1853 602 1881 fortiora
619 1856 740 1890 putanda
763 1863 837 1885 sunt.
853 1859 908 1893 Age
919 1859 1014 1895 igitur.

226 1895 373 1923 amicitiam
395 1897 486 1925 colere
509 1898 608 1933 incipe,
626 1907 684 1928 rem
706 1903 975 1938 praestantissimum,
991 1910 1018 1932 et

227 1946 243 1965 a
267 1947 309 1967 me
335 1941 482 1976 plurimum
501 1944 616 1978 salveto,
631 1946 678 1980 qui
706 1951 814 1982 tempus
841 1949 907 1976 illud
923 1957 1013 1984 omne,

1065 907 1167 934 εἴσεταί
1184 915 1225 933 σοι
1239 906 1288 942 τὴν
1305 906 1384 942 χάριν
1394 926 1402 939 ,
1418 906 1483 932 ὅταν
1497 905 1621 941 ὲπανήκῃ
1640 903 1709 939 μετὰ
1722 902 1774 938 τὴν
1795 904 1855 928 πεῖ-

1066 962 1127 989 ραν.

1345 1084 1517 1112 ΕΠΙΣΤΟΛΗ
1534 1083 1572 1110 Ξ’.

1377 1130 1540 1163 Αὐξεντίῳ.

1103 1180 1153 1205 Ἢν
1165 1178 1221 1214 [γρ.
1235 1177 1279 1213 ἂν]
1292 1175 1442 1212 γράψωμαί
1455 1184 1484 1202 σε
1499 1173 1590 1209 φιλίας
1601 1173 1796 1207 ἀδικουμένης,
1811 1170 1858 1197 καὶ

1065 1225 1144 1259 Θεοῦ,
1157 1225 1202 1252 καὶ
1216 1224 1294 1251 θείων
1305 1222 1409 1258 ἀνδρῶν
1416 1222 1593 1253 δικαζόντων,
1607 1219 1726 1249 ἀπάσαις
1737 1219 1857 1253 αἱρήσω.

1066 1271 1113 1303 Τίς
1127 1271 1182 1306 γὰρ
1196 1269 1354 1305 παρενθήκη
1369 1277 1410 1294 σοι
1423 1267 1522 1302 γέγονα
1536 1268 1586 1302 τῆς
1682 1263 1858 1314 τὸιιάδελῗὸν

1064 1315 1241 1352 δυσμενείας;
1263 1314 1372 1349 Ἐπειδὴ
1388 1313 1443 1348 γὰρ
1459 1314 1562 1344 ἐκεῖνος
1572 1332 1579 1344 ,
1595 1311 1649 1338 οὐδ’
1666 1310 1728 1344 ἐμοὶ
1748 1310 1857 1338 δοκοῦν,

1066 1361 1236 1389 ἐπολιτεύετο
1253 1359 1323 1387 κατὰ
1339 1359 1490 1386 Σαδὸατίου
1508 1357 1548 1392 τῷ
1565 1356 1705 1392 μακαρίτῃ
1727 1355 1807 1389 Φάῳ,
1827 1354 1857 1380 σὺ

1065 1409 1093 1435 δὲ
1116 1407 1196 1434 αὑτὸν
1220 1407 1308 1440 λέγων
1330 1405 1380 1432 οὐκ
1401 1404 1518 1436 ἔπειθες,
1536 1402 1652 1438 ἔτρεψας
1674 1401 1716 1427 ἐπ’
1733 1399 1787 1435 ἐμὲ
1811 1399 1858 1433 τὴν

1065 1453 1159 1489 ὀργὴν,
1176 1452 1222 1478 καὶ
1242 1451 1344 1482 ἐποίεις
1363 1450 1448 1477 κακὸν
1473 1449 1534 1475 ὅσον
1553 1447 1668 1498 saevo-
1685 1446 1764 1498 κατὰ»
1788 1446 1858 1498 (τότε

1066 1499 1120 1534 γὰρ
1141 1497 1215 1532 ἐξῆν)
1243 1496 1375 1532 ἐδεξάμην
1398 1495 1448 1530 τὴν
1465 1494 1615 1529 πρόκλησιν
1638 1492 1688 1527 τῆς
1712 1491 1857 1526 διαφορᾶς,

1065 1544 1133 1570 Νυνὶ
1144 1543 1172 1569 δὲ
1183 1542 1244 1569 οὔτε
1255 1542 1369 1574 ἔξεστιν,
1380 1540 1441 1566 οὔτε
1453 1539 1594 1575 βούλομαι.
1611 1538 1647 1563 Ἦ
1658 1546 1688 1563 τε
1697 1537 1753 1571 γὰρ
1764 1536 1858 1572 ἡλικία

1064 1587 1155 1619 καλῶς
1182 1588 1296 1614 ποιοῦσα
1325 1586 1453 1622 μαραίνει
1482 1593 1526 1620 μοι
1555 1582 1758 1617 ’τὺ-φιλότιμον
1774 1591 1781 1596 ·
1815 1582 1858 1608 καὶ

1065 1634 1141 1669 ἱεροὶ,
1159 1633 1235 1667 φασὶ,
1251 1632 1326 1667 νόμοι
1340 1630 1499 1658 κωλύουσιν.
1516 1629 1592 1664 Ἅμα
1605 1628 1632 1654 δὲ
1648 1628 1856 1662 ὑπομιμνήσκο-

1066 1687 1115 1714 μαι
1135 1679 1182 1704 καὶ
1204 1677 1300 1704 κοινῶν
1322 1675 1440 1711 τροφῶν,
1461 1675 1507 1701 καὶ
1529 1673 1673 1704 παιδείας,
1690 1672 1856 1724 καὶρἷςξν

1067 1724 1180 1759 Κυρήνῃ
1199 1722 1347 1758 διατριϐῆς.
1372 1721 1406 1747 Ἀ
1427 1720 1480 1756 χρὴ
1498 1719 1609 1755 νομίσαι
1628 1718 1682 1745 τῶν
1703 1717 1857 1744 Σαϐϐατίον

1066 1769 1148 1796 δικῶν
1165 1768 1336 1803 ἰσχυρότερα.
1359 1767 1460 1802 ’Δρχου
1478 1765 1511 1801 δὴ
1605 1764 1668 1799 ἔχου
1689 1763 1743 1798 δὴ]
1766 1763 1858 1798 φιλίας

1067 1814 1171 1850 ἀγαθοῦ
1195 1814 1374 1850 πράγματος”
1403 1812 1451 1838 καὶ
1473 1812 1551 1846 χαῖρε
1569 1811 1634 1846 παρ’
1651 1809 1718 1844 ἐμοῦ
1731 1828 1739 1840 ,
1756 1808 1858 1844 ζημίαν

1066 1861 1218 1897 ἡγουμένου
1233 1860 1279 1886 τὸν
1301 1859 1396 1894 χρόνον
1406 1879 1413 1889 ,
1437 1857 1466 1884 ὃν
1487 1856 1628 1891 ἐσιώπησα
1638 1865 1644 1871 ·
1671 1855 1730 1887 πῶς
1744 1856 1799 1882 οἴει
1815 1855 1859 1880 καὶ

1066 1907 1127 1933 τότε
1151 1905 1330 1939 δακνόμενος;
1353 1903 1422 1930 Ἀλλ’
1445 1902 1652 1938 ὲνεκαρτέρουν,
1670 1901 1707 1932 ὡς
1735 1898 1795 1928 οἷόν
1819 1909 1858 1927 τε.

1068 1951 1194 1979 Τοιοῦτόν
1212 1952 1270 1978 ἐστι
1283 1948 1575 1984 τὸ-διαφιλοτιμείσοαι
1591 1948 1686 1975 κακόν.

227 1992 282 2020 quo
299 1986 576 2020 stlui,detrimentum
601 1992 738 2026 arbitror;
753 2001 856 2028 quanto
873 2000 953 2031 putas
970 1997 1012 2025 vel
1029 2002 1086 2027 tum
1116 2006 1234 2026 maerore
1269 1997 1402 2025 allectus?
1435 1995 1488 2023 Sed
1515 2001 1655 2029 utcunque
1692 1994 1858 2021 tolerabant.

227 2028 344 2059 Tantum
357 2037 399 2060 est
410 2036 598 2064 contentionis
615 2039 766 2068 ambitiosae
780 2028 891 2069 malum.

488 2080 658 2110 EPISTULA
684 2084 751 2112 LXI.

544 2127 698 2162 Pylwmem'.

261 2167 390 2203 Tapetem
404 2178 532 2206 magnum
545 2172 748 2209 Egyptiacum,
758 2184 811 2203 non
824 2178 873 2212 qui
888 2179 1011 2214 stragulo

226 2218 408 2248 supponatur,
431 2216 478 2243 sed
495 2217 542 2251 qui
558 2218 600 2245 vel
627 2219 702 2246 solus
730 2222 845 2256 straguli
869 2223 926 2251 vice
950 2231 1012 2251 esse

227 2258 325 2292 possit,
335 2259 460 2287 Asterius
477 2262 602 2290 notarius
616 2271 678 2290 cum
695 2264 818 2296 vidisset.
832 2274 848 2294 a
863 2276 906 2295 me
920 2272 1014 2303 postu-

226 2302 302 2336 lavit,
317 2312 371 2339 quo
383 2309 507 2340 tempore
520 2307 586 2334 mihi
600 2313 662 2336 ante
678 2310 809 2344 palatium
821 2302 1013 2340 dormiendum

225 2353 286 2376 erat
302 2357 308 2375 :
323 2350 398 2377 illum
423 2359 473 2387 ego
493 2352 638 2381 discedens
661 2356 783 2383 muneris
800 2357 851 2391 ipsi
874 2358 933 2385 loco
953 2359 1016 2386 reli-

226 2398 335 2421 cturum
361 2404 403 2423 me
427 2404 488 2425 esse
511 2399 635 2433 promisi.
653 2399 712 2427 Non
738 2401 810 2428 enim
836 2402 934 2430 licebat
950 2404 1016 2431 mihi

226 2439 364 2468 Thracum
384 2442 495 2471 nivibus
519 2444 676 2480 conﬂigenti
704 2447 852 2482 quidquam
880 2449 1017 2483 ejusmodi

228 2485 330 2520 largiri.
346 2486 423 2515 Nunc
440 2488 475 2516 ad
490 2496 552 2517 eum
571 2490 650 2517 mitto
666 2501 672 2518 :
687 2495 744 2518 tum
775 2492 848 2519 enim
874 2501 928 2520 non
955 2495 1017 2522 reli-

227 2538 341 2565 queram
357 2536 405 2560 :tu
426 2541 492 2561 vero
505 2533 583 2562 dabis
603 2535 628 2563 ei
643 2543 706 2563 cum
722 2538 910 2570 excusatione,
935 2539 1017 2574 cujus

228 2577 325 2611 tuipse
337 2580 416 2608 testis
429 2580 492 2613 eris,
504 2581 527 2608 si
544 2585 698 2616 temporum
716 2583 871 2612 recorderis
892 2589 918 2612 et
940 2586 1013 2612 modi

226 2623 329 2658 quibus
347 2626 380 2653 ab
396 2627 462 2655 urbe
479 2635 541 2655 sum
565 2628 716 2664 digressus.
729 2628 799 2657 Tum
819 2630 891 2658 enim
916 2631 950 2658 de
970 2631 1016 2659 die

1332 2085 1505 2112 ΕΠΙΣΤΟΑΗ
1530 2083 1591 2110 ΞΧ.

1369 2128 1558 2163 Πυλαιμένει.

1102 2177 1205 2204 Δάπιδα
1229 2175 1350 2211 μεγάλην
1363 2175 1417 2201 τῶν
1434 2173 1600 2208 Αἰγυπτίων,
1614 2174 1662 2208 οὐχ
1679 2174 1740 2201 οἵαν
1760 2175 1860 2202 ὑποδε-

1064 2223 1179 2258 6λῆσθαι
1199 2223 1339 2258 στρωμνῇ,
1356 2221 1413 2247 ἀλλ’
1436 2221 1495 2247 οίαν
1511 2221 1596 2255 αὐτὴν
1615 2218 1683 2246 εἶναι
1699 2221 1750 2246 καὶ
1776 2221 1860 2256 μάνην

1065 2268 1220 2304 στρωμνὴν,
1240 2267 1377 2302 Ἀστέριος
1389 2267 1403 2292 ό
1412 2266 1588 2301 ταχυγράφος
1604 2265 1675 2296 ίδὼν,
1688 2265 1778 2301 ᾔτησε
1796 2267 1859 2301 παρ’

1065 2313 1155 2349 ἡμῶν,
1172 2313 1291 2348 ὁπηνίκα
1314 2320 1347 2347 με
1368 2311 1420 2346 πρὸ
1436 2310 1490 2337 τῶν
1513 2310 1638 2346 μεγάλων
1662 2311 1786 2345 ἀρχείων
1809 2311 1860 2337 ἔδει

1066 2358 1216 2386 καθεύδειν.
1228 2358 1336 2393 Ταύτην
1349 2357 1508 2392 ὑπεσχόμην
1522 2356 1601 2388 ἐξιὼν
1615 2355 1774 2390 ἀπολείψειν
1787 2356 1860 2390 αὐτῷ

1065 2405 1161 2441 δῶρον.
1178 2405 1215 2431 Οὐ
1229 2404 1284 2439 γὰρ
1300 2402 1335 2440 ἦν
1350 2403 1419 2439 πρὸς
1432 2403 1481 2438 τὴν
1496 2402 1612 2438 Θρᾳκῶν
1627 2402 1705 2436 χιόνα
1718 2402 1861 2437 napum-

1065 2451 1177 2486 λόμενον
1202 2451 1316 2477 τοιαῦτα
1344 2449 1515 2485 χαρίζεσθαι.
1547 2448 1603 2475 Νῦν
1629 2446 1675 2475 οὖν
1702 2449 1858 2483 ἐκπέμπω-

1065 2498 1124 2524 τότε
1144 2497 1198 2533 γὰρ
1220 2497 1250 2524 οὐ
1267 2497 1432 2524 κατέλιπον·
1455 2497 1487 2522 σὺ
1507 2495 1535 2521 δὲ
1559 2495 1655 2526 δώσεις
1677 2495 1765 2530 αὐτῷ,
1793 2495 1860 2530 μετὰ

1065 2543 1115 2578 τῆς
1129 2543 1287 2577 ἀπολογίας,
1298 2540 1331 2578 ἦς
1343 2541 1423 2573 αὐτὸς
1436 2541 1484 2576 ἔσῃ
1499 2542 1616 2577 μάρτυς,
1630 2540 1663 2567 ἃν
1676 2541 1859 2575 ὐπομνησθῇς

1066 2589 1122 2615 τῶν
1148 2589 1251 2624 καιρῶν
1264 2609 1270 2620 ,
1289 2588 1337 2615 καὶ
1356 2589 1456 2622 προτοῦ
1473 2587 1540 2622 (85),
1562 2587 1623 2613 καθ’
1640 2585 1687 2617 οὓς
1702 2587 1858 2622 ἀνεχώρουν

1068 2633 1116 2660 τοῦ
1130 2633 1237 2666 ἄστεος,
1252 2634 1338 2660 ἕσειεν
1352 2634 1366 2660 ὁ
1378 2633 1444 2665 Θεὸς
1456 2633 1506 2667 τῆς
1526 2632 1631 2668 ἡμέρας
1649 2631 1784 2663 πολλάκις
1794 2640 1800 2645 -
1815 2631 1859 2657 καὶ

844 2699 933 2727 DION.
955 2700 1092 2729 PETAVII
1110 2702 1214 2730 ΝΟΤΑΕ

263 2741 320 2776 (83)
339 2742 389 2781 Ἂν
404 2743 601 2781 ύτίομνησρῇς
617 2744 677 2781 τῶν
689 2745 812 2779 χωρῶν,
830 2746 878 2773 καί
893 2746 1015 2781 προτοῦ.

230 2773 394 2808 υιιυεέοᾶη
405 2778 452 2804 τοῦ
462 2773 639 2808 ’καιροῦ”καθ“
655 2780 695 2807 ὃν.
727 2773 824 2808 Caneri
846 2773 949 2808 addu'nt
968 2773 1015 2807 καί

229 2811 330 2846 προτοῦ
340 2812 399 2839 καθ’
411 2814 450 2840 ὃν,
467 2811 544 2841 Unde
559 2814 637 2842 facile
648 2814 766 2849 conjicio
782 2817 827 2842 καὶ
841 2816 941 2851 τρόπον
954 2815 1014 2842 καθ’

1070 2749 1110 2776 ὅν.
1140 2749 1197 2776 Duo
1214 2749 1286 2776 enim
1310 2751 1406 2785 erant,
1427 2754 1487 2782 quae
1507 2746 1653 2785 Synesium
1673 2745 1858 2785 excusabant,

1070 2785 1201 2819 temporis
1216 2783 1397 2816 incommoda,
1414 2779 1443 2810 et
1456 2779 1607 2810 accelerata
1625 2779 1768 2816 profectio.
