1955 3063
210 98 224 125 1
230 98 277 125 407

748 100 880 128 SYNESII
898 100 1129 128 I’TOLlilllAlDlS
1144 90 1299 127 EPISCUPI

1776 95 1849 121 “1J3

212 159 338 191 avaritia,
367 163 496 195 tanquam
523 161 595 188 Deus
614 161 715 196 aliquis
739 161 858 190 oﬂ‘erens
880 170 951 193 sese.
971 167 998 189 et

1058 159 1223 192 τλεονεξίας,
1237 160 1331 194 ὥσπερ
1345 159 1410 190 Θεὸς
1434 157 1591 191 ἐπιφανεὶς,
1620 155 1692 190 μάχῃ
1716 155 1768 189 μὲν
1797 154 1848 188 μιᾷ

211 206 306 234 hostes
325 207 405 234 unico
425 208 529 241 prmlio,
548 212 575 236 et
601 208 653 235 sibi
679 208 818 243 subjectos
841 209 999 242 quotidiana

212 251 354 285 diligentia
375 252 574 280 moderatiores
594 252 683 280 effecit
694 272 701 284 ,
718 253 791 280 etab
810 253 943 281 ambobus
957 254 1000 280 in-

211 297 364 324 commodis
383 306 477 332 paceni
498 298 656 326 civitatibus
671 298 754 326 dedit.
771 297 861 325 Lucra
873 303 1000 326 contem-

213 343 285 377 psit,
301 351 362 378 qua:
374 351 458 379 prope
476 345 532 378 jam
552 345 673 379 legitima
689 344 818 371 diuturna
832 345 1001 372 consuetudo

213 389 333 417 l'ecerct.
353 389 412 416 Non
432 390 532 426 opibus
556 391 704 418 insidiatus
730 395 789 425 est;
811 399 865 419 non
887 392 914 418 in
933 399 1000 426 pau-

215 438 347 469 pertatem
378 436 577 464 contumeliose
602 444 632 463 se
656 437 761 472 gessit;
782 437 911 472 pietatem
935 444 1000 472 erga

214 480 312 511 Deum.
332 481 468 515 justitiam
489 482 515 508 in
534 482 618 515 cives,
641 483 668 509 in
686 483 825 517 supplices
842 482 1001 510 humanita-

213 531 266 552 tem
282 527 376 553 coluit.
396 527 438 554 0b
453 527 478 554 id
499 527 680 562 philosophus
694 529 823 556 sacerdos
839 528 865 555 in
885 536 917 556 eo
932 535 1001 563 pm-

213 570 330 598 dieando
359 579 412 598 non
432 572 591 605 erubescit;
617 580 632 599 a
652 579 707 607 quo
726 573 819 600 nullus
839 576 999 607 corruptum

213 616 300 650 gratia
315 617 504 645 testimonium
518 619 644 646 extorsit.
668 618 702 645 Et
717 623 879 653 praesentem
900 618 999 646 adesse

213 661 323 695 quidem
345 663 424 690 nobis
439 664 572 692 vellemus
592 665 681 699 ipsum
694 671 856 691 consessum
874 663 1000 699 judicum

211 707 294 742 206
309 715 364 742 quo
381 709 488 743 publice
503 710 685 745 privatimque
702 709 915 738 Ptolemieenses
941 717 1002 737 om-

213 760 273 785 nes,
288 753 378 781 sinon
398 755 502 783 meritis
515 763 617 790 parem,
632 756 739 790 qualem
757 760 832 784 certe
849 763 997 791 possumus

213 799 365 834 symbolam
385 802 642 834 contribuet-emus;
661 803 791 837 quoniam
806 804 894 830 oratio
919 802 1000 830 factis

213 843 281 878 ipsis
295 852 467 880 nequaquam
483 854 532 881 par
552 854 614 874 esse
628 851 728 882 potest.
758 847 843 875 Plane
865 855 917 882 ego
942 852 999 874 tum

212 890 352 916 communi
369 891 480 918 nomine
494 893 647 920 oralionem
663 893 845 920 instituerem.
863 892 916 920 Sed
930 900 1000 927 quo—

212 934 286 960 niam
303 935 451 971 longinquo
465 937 488 964 is
506 945 521 964 a
538 938 617 966 nobis
636 939 723 973 spatio
739 942 861 966 remotus
875 943 928 971 est,
953 939 1000 965 lit-

212 979 278 1007 teris
294 982 481 1009 testimonimn
496 984 530 1011 de
541 991 573 1011 eo
589 989 712 1011 nostrum
727 1004 734 1016 ,
747 993 802 1012 non
818 985 999 1021 interpellati,

212 1026 259 1052 sed
281 1026 490 1062 interpellantes
518 1030 602 1062 ultro,
618 1031 820 1059 mandavimus.

460 1085 629 1114 EPISTOLA
642 1086 733 1115 LXIII.

550 1143 659 1171 Joanni.

250 1185 293 1214 Uti
311 1191 454 1222 potentum
473 1190 614 1223 amicitiis,
632 1198 685 1217 non
701 1191 776 1218 abuti
791 1192 928 1219 convenit.

495 1287 664 1316 EPISTOLA
683 1288 775 1316 LXXV.

568 1341 670 1370 Eidem.

249 1382 309 1411 Noli
325 1384 445 1420 ingentia
459 1388 610 1422 postulare,
622 1397 656 1416 ne
670 1389 787 1417 duorum
802 1390 918 1418 alterum
933 1399 1000 1419 con-

212 1429 319 1465 tingat:
337 1435 377 1463 ut,
389 1431 446 1459 sive
468 1433 632 1466 obtinueris.
648 1435 800 1463 molestiam
816 1435 920 1470 facias,
938 1438 996 1466 sive

213 1482 268 1503 non
281 1476 444 1510 obtinueris,
460 1477 614 1506 molestiam
629 1480 734 1515 capias.

480 1532 649 1561 El’lSTOLA
660 1534 741 1562 LXV.

567 1590 671 1619 Fratri.

248 1634 351 1662 Ambos
363 1635 397 1662 ad
414 1639 440 1663 te
460 1635 606 1672 Dionysius
635 1639 708 1670 misi.
724 1644 754 1666 ut
778 1639 912 1668 librorum
931 1643 1001 1671 alte-

214 1688 274 1707 rum
289 1681 420 1716 accipias,
431 1683 548 1710 alterum
571 1684 700 1718 recipias.

478 1739 648 1768 EPlSTOLA
663 1742 754 1772 LXVI.

535 1798 685 1832 Theophila.

250 1840 384 1874 Quoniam
400 1843 525 1870 nonnihil
552 1843 742 1873 sciscitaturus
758 1847 806 1874 abs
818 1851 844 1875 te
865 1856 937 1881 sum,
949 1857 1003 1884 qua

215 1885 249 1913 de
262 1893 290 1912 re
302 1885 491 1915 sciscitaturus
511 1888 574 1919 sim,
590 1894 653 1916 ante
668 1891 759 1917 omnia
776 1892 840 1919 libet
855 1900 1003 1928 exponere.

215 1931 369 1958 Alexander
387 1940 402 1959 e
418 1933 559 1960 senatorio
578 1934 683 1967 ordine.
709 1935 884 1971 Cyrenensis,
914 1940 1003 1967 adhuc

215 1976 376 2004 adolescens
387 1978 568 2005 monasticam
580 1980 661 2007 vitam
678 1982 819 2016 professus
835 1988 887 2017 est,
900 1992 931 2011 ac
941 1993 1004 2012 eum

217 2029 269 2048 una
288 2025 367 2049 relate
385 2023 565 2050 monasticum
587 2024 654 2053 illud
668 2027 730 2054 vita:
741 2027 894 2056 institutum
909 2038 1005 2065 proce-

217 2067 303 2098 deret,
323 2067 441 2101 primum
455 2068 488 2095 ad
504 2068 624 2102 diaconi,
645 2070 709 2098 inde
733 2072 766 2099 ad
791 2075 944 2104 sacerdotis
976 2077 1004 2105 in

217 2112 340 2141 Ecclesia
360 2112 519 2148 dignitatem
536 2119 681 2149 provectus
698 2122 748 2144 est.
765 2118 829 2146 Post
849 2120 906 2148 ham
917 2130 1001 2150 occa-

1051 206 1114 237 τοὺς
1130 205 1276 240 πολεμίους
1287 225 1295 237 ,
1309 203 1452 239 ἐπιμελείᾳ
1469 203 1497 230 δὲ
1514 202 1684 237 καθημερινῇ
1709 201 1773 231 τοὺς
1796 200 1850 226 ὕπ-

1051 251 1150 285 ηκόους
1176 250 1408 285 σωφρονεστέρους
1426 250 1537 284 ἐποίησε
1551 269 1558 280 ,
1576 248 1622 275 καὶ
1637 245 1848 282 παρεσκεύασεν

1051 296 1098 322 ἀπ’
1115 295 1175 332 [πρ.
1194 295 1256 331 ἐπ’]
1274 297 1373 330 ἀμφοῖν
1390 295 1443 322 τῶν
1471 294 1565 321 δεινῶν
1583 293 1695 328 εἰρήνην
1714 292 1775 322 ταῖς
1799 289 1847 316 πό-

1051 340 1133 367 λεσιν.
1153 341 1292 376 ’Υπερεῖδε
1311 340 1412 376 κερδῶν
1423 360 1430 370 ,
1446 340 1464 366 ἃ
1477 340 1565 365 δοκεῖν
1587 336 1655 364 εἶναι
1674 337 1781 371 νόμιμα

1052 386 1165 421 ποίηκεν
1180 386 1196 420 ἡ
1211 385 1348 420 συνήθεια.
1369 385 1427 411 Οὐκ
1445 383 1625 410 ἐπεϐούλευσε
1639 381 1747 416 πλούτῳ
1763 388 1770 394 ·
1797 387 1846 404 πε-

1051 431 1110 457 νίαν
1135 431 1184 465 οὐχ
1209 430 1303 466 ὖὸρισε
1317 450 1324 462 ,
1341 430 1375 456 τὰ
1400 430 1467 465 πρὸς
1480 426 1696 462 Θεὺνῖεὺσεΰὴς,
1710 425 1746 452 τὰ.
1775 424 1847 460 πρὸς

1051 476 1274 511 πολιτευομένους
1286 476 1399 507 δίκαιος,
1414 475 1446 501 τὰ
1460 475 1527 510 πρὸς
1538 473 1679 508 δεομένους
1691 470 1847 507 φιλανθρω-

1052 532 1112 554 πος.
1132 522 1180 549 Διὰ
1199 522 1278 549 τοῦτο
1295 522 1437 556 φιλόσοφος
1452 522 1540 556 ἱερεὺς
1555 519 1672 546 ἐπαινῶν
1695 517 1778 544 αὑτὸν
1793 518 1846 542 οὐκ

1051 568 1224 604 αἰσχύνεται·
1243 568 1305 603 παρ’
1325 563 1347 601 ᾧ
1362 567 1454 602 μηδεὶς
1470 565 1566 601 εὕρετο
1580 564 1732 600 μαρτυρίαν
1750 563 1845 598 χάριτι

1049 614 1259 652 δεδεκασμένην.
1277 615 1407 649 Παρεῑναι
1425 614 1474 648 μὲν
1497 611 1543 639 οὖν
1571 612 1634 646 ὑμῖν
1653 610 1700 636 καὶ
1720 610 1752 635 τὸ
1766 609 1846 634 δικι-

1052 661 1162 697 στήριον
1179 660 1344 696 ἐϐουλόμεθα
1358 668 1365 675 ⁵
1389 660 1436 686 καὶ
1462 659 1538 693 κοινῇ
1551 679 1558 689 ,
1573 658 1619 683 καὶ
1633 655 1693 682 καθ’
1711 655 1760 681 ἕνα
1775 655 1846 680 Πτο-

1050 706 1170 741 λεμαίων
1186 706 1302 737 ἕκαστος
1313 725 1321 738 ,
1343 704 1592 738 ἀντεισηνέγκαμεν
1609 700 1683 736 αὺτῴ
1702 701 1749 727 τὸν
1762 700 1846 726 δυνα-

1051 752 1107 782 τὸν,
1123 753 1147 778 εἰ
1160 752 1197 788 μὴ
1210 752 1254 778 τὸν
1266 751 1368 778 δίκαιον
1382 751 1476 786 ἔρανον
1488 758 1495 764 ·
1508 750 1549 776 ὅτι
1561 748 1639 782 λόγος
1656 747 1738 782 ἔργου
1755 753 1847 780 παρα-

1051 798 1119 824 πολὺ
1134 797 1183 832 τῆς
1200 797 1260 833 ἴσης
1280 797 1346 833 [γρ.
1359 806 1385 823 τι
1401 795 1508 832 iit-tow}
1527 794 1594 821 ἐστί,
1609 794 1721 824 Πάντως
1736 792 1770 818 ἂν
1787 791 1846 824 ἐγὼ

1052 844 1099 870 καὶ
1117 843 1177 870 τότε
1188 843 1234 870 τοῦ
1249 843 1337 870 κοινοῦ
1352 843 1554 878 προηγόρευσα.
1576 839 1654 866 Ἐπεὶ
1667 838 1696 865 δὲ
1709 837 1846 872 τυγχάνει

1053 890 1058 925 Ι
1077 900 1120 925 γρ.
1138 890 1285 926 τυγχάνω]
1302 889 1339 916 ὢν
1356 889 1516 924 ὑπερόριος,
1534 888 1563 913 ἐν
1588 886 1750 921 γράμμασιν
1768 883 1846 916 αὐτῷ

1051 937 1100 972 τὴν
1118 937 1270 972 μαρτυρίαν
1285 934 1497 970 κατατιθέμεθα,
1507 934 1557 960 οὐκ
1569 931 1771 967 ἐνοχληθέντες,
1786 929 1845 956 ἀλλ’

1052 983 1245 1019 ἐνοχλήσαντες
1260 983 1325 1019 (89).

1325 1084 1498 1111 ΕΠΙΣΤΟΛΗ
1513 1083 1574 1110 El".

1378 1139 1497 1173 Ἰωάννῃ
1502 1160 1508 1166 .

1088 1186 1211 1221 Χρῆσθαι
1228 1186 1268 1213 δεῖ
1283 1187 1342 1217 ταῖς
1364 1186 1417 1212 τῶν
1444 1184 1563 1212 δυνατῶν
1579 1182 1679 1218 φιλίαις
1690 1201 1697 1213 ,
1710 1181 1741 1208 οὑ
1760 1189 1846 1206 κατα-

1052 1231 1180 1267 χρῆσθαι.

1320 1288 1493 1315 ΕΠΙΣΤΟΛΗ
1512 1287 1570 1313 EA’.

1371 1346 1413 1379 Τῷ
1429 1344 1519 1377 αὐτῷ.

1081 1391 1126 1426 Μὴ
1139 1392 1209 1418 αἴτει
1222 1392 1338 1427 μεγάλα,
1351 1392 1394 1418 ἵνα
1407 1391 1444 1426 μὴ
1454 1391 1526 1417 δυοῖν
1537 1389 1661 1424 θάτερον,
1670 1388 1687 1423 ἢ
1699 1387 1848 1422 τυγχάνων

1051 1438 1139 1474 λυπῇς
1151 1460 1158 1471 ,
1172 1438 1189 1473 ἦ
1207 1438 1244 1473 μὴ
1256 1438 1399 1472 τυγχάνων
1412 1438 1496 1472 λυπῇ.

1319 1535 1490 1562 ΕΠΙΣΤΟΛΗ
1513 1533 1573 1560 ΞΕ’.

1347 1591 1389 1624 Τῷ
1403 1590 1533 1625 ἀδελφῷ.

1089 1641 1190 1674 ’Ἄμφω
1205 1639 1267 1670 τοὺς
1278 1639 1430 1669 Διονυσίους
1443 1637 1599 1668 ἀπέστειλα,
1610 1637 1652 1663 ἵνα
1664 1637 1719 1663 τῶν
1734 1636 1846 1671 βιϐλίων

1051 1686 1082 1713 τὸ
1100 1686 1148 1722 μὲν
1160 1683 1193 1723 ᾖς
1207 1685 1325 1721 εἰληφὼς
1335 1705 1342 1716 ,
1354 1685 1384 1711 τὺ
1399 1685 1421 1712 δ’
1433 1683 1604 1719 ἀπειληφὼς.

1318 1741 1488 1768 ΕΠΙΣΤΟΛΗ
1507 1739 1575 1774 Eq’.

1373 1797 1516 1832 Θεοφίλῳ.

1089 1844 1188 1872 Πεῦσίν
1202 1853 1262 1870 τινα
1286 1843 1417 1870 πυθέσθαι
1443 1851 1489 1869 σου
1507 1842 1705 1878 προελόμενος,
1728 1843 1802 1878 ὑπὲρ
1817 1841 1847 1870 οὗ

1054 1891 1190 1926 πεύσομαι
1204 1909 1211 1921 ,
1238 1889 1485 1924 προαφηγήσασθαι
1509 1889 1647 1924 βούλομαι.
1670 1889 1848 1924 Ἀλέξανδρος

1054 1938 1107 1964 ἀπὸ
1120 1936 1216 1971 βουλῆς
1230 1937 1396 1971 Κυρηναῖος,
1413 1935 1454 1961 ἔτι
1475 1936 1615 1970 μειράκιον
1632 1934 1669 1962 ὦν
1682 1956 1690 1965 ,
1707 1936 1749 1967 εὶς
1763 1944 1847 1970 μονα-

1054 1983 1127 2009 διχδν
1145 1982 1201 2017 βίον
1227 1982 1344 2008 ἐτέλεσε.
1366 1981 1405 2017 Τῇ
1423 1981 1450 2007 δὲ
1466 1981 1559 2016 ἡλικίᾳ
1575 1981 1783 2016 συμπροῖούοης
1799 1981 1848 2016 τῆς

1057 2026 1202 2062 μοναδικῆς
1219 2027 1269 2062 τῆς
1283 2026 1353 2054 κατὰ
1368 2026 1413 2053 τὸν
1427 2026 1483 2061 βίον
1495 2026 1645 2058 ὲνστὰσεως
1655 2047 1661 2058 ,
1678 2026 1784 2061 ἠξιώθη
1798 2027 1848 2062 μὲν

1055 2072 1286 2107 ὲκκλησιαστικῆς
1308 2072 1445 2104 διακονίας
1457 2080 1463 2086 ·
1491 2071 1595 2107 ἠξιώθη
1610 2072 1638 2099 δὲ
1657 2072 1705 2098 τοῦ
1723 2074 1848 2108 πρεσϐύ-

1055 2127 1133 2154 τερος
1149 2116 1229 2145 εἶναι,
1252 2118 1331 2145 Κατὰ
1344 2118 1372 2144 δέ
1388 2127 1448 2145 τινα
1470 2118 1564 2153 χρείαν
1587 2118 1633 2145 ἐπὶ
1658 2119 1847 2155 στρατοπέὼυ

217 2158 294 2186 sione
307 2159 408 2193 negotii
422 2159 563 2194 cujusdam
579 2169 640 2188 cum
654 2163 687 2190 ad
702 2165 863 2193 comitatum
878 2169 1000 2196 venisset.

1058 2164 1211 2199 γενόμενος,
1236 2165 1282 2191 καὶ
1311 2164 1422 2200 Ἰωάννῃ
1437 2164 1476 2199 τῷ
1493 2164 1631 2200 μακαρίτῃ
1646 2165 1701 2199 (90)
1717 2166 1822 2196 συστάς
1839 2175 1846 2181 ·

216 2209 243 2230 et
254 2203 339 2230 beatae
355 2205 491 2232 memoria:
502 2204 600 2233 Joanni
617 2209 827 2238 commendatus
842 2211 1004 2246 (honoretur

217 2249 290 2275 enim
319 2256 334 2275 ει
362 2248 443 2275 nobis
459 2250 560 2277 mortui
589 2253 739 2286 memoria;
765 2255 895 2289 quoniam
914 2259 1005 2287 omnis

218 2302 281 2320 etim
293 2294 346 2320 vita
362 2294 488 2321 simultas
497 2295 634 2332 exuitur),
649 2297 714 2325 huic
729 2299 814 2334 igitur
829 2302 1003 2337 conciliatus,

219 2343 282 2367 nnte
293 2342 386 2366 motus
400 2339 462 2366 illos
476 2348 507 2367 ac
519 2342 654 2369 tumultus
677 2343 874 2379 Eeclesiaruin,
891 2347 1005 2376 Basino-

219 2385 360 2420 politanus
376 2385 403 2412 in
420 2384 547 2421 Bithynia
563 2388 711 2423 episcopus
724 2390 796 2418 illius
819 2393 947 2420 manibus
960 2398 1003 2422 est

217 2435 407 2458 consecratus.
427 2431 491 2459 Post
505 2436 601 2460 exorta
619 2435 806 2467 contentione,
839 2437 865 2463 in
894 2437 966 2472 ejus.
986 2446 1001 2466 a

218 2485 274 2512 quo
288 2477 390 2505 electus
404 2482 473 2511 erat,
501 2479 622 2507 amicitia
648 2484 845 2515 perseveravit,
871 2488 898 2511 et
930 2485 1004 2512 illius

1055 2210 1179 2245 τιμάσθω
1196 2210 1250 2245 γὰρ
1269 2210 1416 2246 παρ’ήμῶν
1428 2211 1444 2246 ἡ
1457 2211 1549 2245 μνήμη
1561 2209 1606 2236 τοῦ
1622 2210 1847 2244 τελευτήσαντος,

1056 2256 1184 2283 att-nica
1199 2255 1343 2291 δυσμένεια
1367 2255 1406 2290 τῷ
1429 2255 1478 2290 βίῳ
1502 2256 1589 2290 τούτῳ
1615 2256 1846 2282 συναποτίθεται·

1056 2302 1144 2337 τούτῳ
1164 2301 1278 2333 συστὰς,
1295 2302 1359 2336 πρὶν
1377 2302 1426 2336 μὲν
1449 2301 1644 2336 στασιασθῆναι
1658 2301 1708 2333 τὰς
1727 2301 1846 2336 Ἐκκλη-

1057 2348 1117 2380 σίας
1132 2369 1139 2379 ,
1156 2347 1208 2374 ὑπὸ
1227 2347 1281 2374 τῶν
1298 2348 1401 2374 ἐκείνου
1418 2347 1518 2382 χειρῶν
1538 2347 1686 2378 ἐπίσκοπος
1701 2347 1847 2381 ἀνεδείχθη

1057 2394 1105 2429 τῆς
1116 2393 1235 2420 Βιθυνῶν
1245 2393 1472 2424 Βασινουπόλεως.
1483 2393 1629 2428 Συμῦάσης
1645 2392 1673 2419 δὲ
1686 2392 1736 2426 τῆς
1751 2393 1844 2426 διαφα

1059 2440 1108 2473 ρᾶς
1119 2459 1125 2470 ,
1140 2438 1256 2473 διέμεινε
1272 2437 1311 2473 τῷ
1337 2439 1554 2473 χειροτονήσαντι
1568 2437 1642 2471 φίλος
1653 2457 1661 2469 ,
1685 2437 1734 2463 καὶ
1749 2438 1847 2472 γέγονε

1057 2483 1112 2511 τῶν
1125 2483 1227 2510 ἐκείνου
1248 2483 1412 2510 στασιωτῶν.
1434 2483 1509 2510 Ἐπεὶ
1523 2483 1550 2510 δὲ
1567 2485 1582 2518 ἡ
1608 2483 1733 2518 συνοδικὴ
1748 2484 1847 2519 γνώμη

843 2549 931 2578 DION.
952 2551 1090 2578 PETAVII
1110 2551 1223 2578 NOTIE.

264 2616 321 2651 (89)
334 2618 406 2655 Δοὐκ
423 2617 637 2652 ἐνοχληθέντες
648 2639 656 2652 ,
670 2618 748 2655 ἀλλ’
772 2619 1007 2655 ἐνοχλήσαντες.

223 2651 311 2683 Quam
334 2651 491 2686 importune
505 2657 588 2686 atque
603 2654 748 2681 ambitiose
771 2651 1010 2682 eas-laudationes

223 2687 401 2725 estorserint.
425 2695 513 2725 quam
527 2689 608 2714 etiam
626 2689 781 2725 insolentes
796 2697 826 2716 se
850 2690 876 2717 in
897 2699 929 2717 eo
945 2699 1009 2725 pro-

225 2720 358 2758 vinciales
381 2720 557 2758 prtebuerint,
575 2731 608 2750 ex
625 2723 722 2750 'I‘acito
738 2724 823 2758 liquet
840 2733 874 2752 xv
886 2720 985 2753 Ann'al.
1001 2733 1010 2752 :

227 2754 290 2794 Ideo
305 2761 410 2794 auctore
424 2757 541 2794 principe
563 2758 655 2793 (verba
673 2759 733 2792 ejus
746 2754 821 2794 sunt)
842 2767 962 2792 sanxere,
981 2769 1012 2788 ne

227 2789 285 2824 quis
306 2790 340 2819 ad
356 2791 496 2819 concilium
511 2789 653 2820 'sociorum
673 2789 780 2828 referret
801 2789 915 2829 agendas
940 2789 1011 2830 apud

1058 2625 1179 2648 senatum
1193 2620 1397 2654 proprretoribus
1428 2619 1656 2652 proveconsulibus
1676 2625 1778 2654 grates,
1797 2629 1846 2647 rma

1058 2656 1116 2691 quis
1133 2663 1165 2682 ea
1190 2655 1343 2682 laudatione
1362 2655 1522 2691 fungeretur.
1547 2655 1608 2691 Ὀτι
1629 2654 1713 2691 τινὲς,
1736 2657 1776 2682 ait
1794 2655 1846 2691 iDir

1059 2689 1107 2718 lib.
1118 2698 1174 2722 LVI,
1189 2691 1341 2726 μαρτυρίαν
1352 2691 1416 2726 παρ’
1426 2690 1519 2726 γαυτῶν
1534 2689 1578 2726 καὶ
1593 2690 1720 2726 ἐπαίνους
1735 2690 1841 2726 ¹ιςιτρο[σ]ι

1059 2724 1341 2761 παρασκεὺαξὸμενοιῖ
1353 2725 1439 2751 πολλὰ
1457 2725 1501 2761 διὰ
1516 2724 1626 2761 τούτων
1645 2724 1847 2761 ξκακούργόυν.

1096 2759 1152 2795 (90)
1170 2760 1293 2793 Ἰωάννῃ
1311 2760 1351 2792 τῷ
1360 2760 1518 2794 μακαρίτῃ.
1530 2759 1628 2786 Joanni
1640 2759 1849 2795 ChrysoStomo,

1060 2803 1178 2831 quocum
1195 2801 1266 2823 notze
1281 2795 1424 2830 Theophili
1443 2795 1600 2823 inimicitiae.
