1955 3063
122 151 190 179 Ηυξ)

685 149 878 178 EPISTOL/E.
897 165 931 170 —
953 149 1062 178 EPIST.
1085 149 1177 178 LXVI.

1685 150 1754 180 ιιιο

120 213 289 247 κατίσχυσε,
307 213 402 248 χρόνον
430 212 480 247 μέν
495 220 556 238 τινα
583 211 740 246 συνέμεινεν
765 213 782 247 ἠ
808 213 902 242 στάσις

967 215 1058 245 partes
1081 215 1193 238 secutus
1211 214 1263 238 est.
1283 211 1431 247 Postquam
1458 215 1548 240 autem
1563 213 1691 248 synodale
1704 214 1753 242 de-

121 258 152 285 Τὶ
163 258 186 285 δ’
199 258 232 285 ἂν
249 258 392 293 διηγοίμην
407 258 498 291 είδότι,
519 257 619 293 μᾶλλον
634 257 662 283 δὲ
680 257 754 292 αὑτῷ
768 257 913 293 διῳκηκότι

120 304 154 330 τὰ
168 304 232 339 περὶ
249 303 298 335 τὰς
313 305 462 339 γενομένας
483 303 646 338 διαλλαγάς;
664 303 740 329 Ἐπεί
763 312 790 330 τι
806 304 853 331 καὶ
871 303 912 339 βι-

121 350 194 376 ϐλίον
212 349 333 384 ἀνέγνων
362 350 443 384 σοφὸν
457 370 464 380 ,
485 349 499 376 ὃ
528 350 595 385 πρὸς
621 349 666 376 τὸν
684 350 828 385 μακάριον,
852 349 912 384 ἐμοὶ

122 398 222 428 δοκεῖν,
237 396 359 423 ’Λττικὺν
372 396 502 432 ἔγραφες,
516 397 621 431 ὲνάγων
634 397 714 423 αὐτὸν
726 398 758 432 τῇ
776 395 911 432 καταδοχῇ

119 443 173 468 τῶν
195 442 309 478 ἀνδρῶν.
330 441 371 468 Τὰ
393 443 442 478 μὲν
466 443 498 477 δὴ
525 443 605 478 μέχρι
629 441 723 468 τούτου
745 442 912 478 ’Λδεξάνδρῳ

120 487 188 523 πρὸς
210 489 273 520 τοὺς
295 488 501 520 συναποστὰτας
525 488 612 515 κοινά.
632 488 711 515 Ἴδιον
733 487 761 514 δὲ
775 508 782 519 ,
806 487 822 523 ἢ
852 487 911 522 μετ’

119 534 217 567 ὀλίγων
231 553 238 565 ,
256 535 297 560 ὅτι
311 535 386 560 τουτὶ
406 535 454 569 μὲν
472 534 531 566 ἔτος
543 535 592 570 ἤδη
609 535 699 570 τρίτον
715 534 806 569 ἐξήκει
817 554 823 565 ,
842 533 911 568 μετὰ

118 579 167 615 τὴν
182 580 334 615 ἀμνηστίαν
351 580 397 606 καὶ
417 579 466 612 τὰς
481 580 627 614 διαλλαγάς
640 588 647 595 ·
662 581 675 606 ὸ
690 579 717 606 δὲ
732 580 781 606 οὐκ
802 579 910 606 ὲϐἀδισε

118 626 167 660 τὴν
189 625 253 652 εὐθὺ
276 626 400 657 Βιθυνίας
413 647 420 658 ,
437 625 497 652 οὐδὲ
516 626 565 661 τῆς
589 625 723 661 λαχούσης
744 625 824 652 αὐτὸν
847 624 907 660 [τρ-

119 671 303 707 συλλαχούσης
334 671 407 707 αὑτῷ
434 671 450 707 ἢ
480 671 586 708 αὐτὸν]
616 671 751 707 καθέδρας
777 671 908 698 ὲλάῦετο·

119 718 194 752 μένει
215 718 243 744 δὲ
263 717 325 753 παρ’
340 719 418 752 ἡμῖν,
432 718 526 753 ὥσπερ
539 718 622 754 μηδὲν
635 717 710 751 αὺτῴ
723 717 860 753 διαφέρον,
876 718 909 744 ἆν

118 763 163 790 καί
178 772 220 795 τις
243 763 280 795 ὡς
299 763 392 799 ίδιώτη
414 764 612 799 προσφέρηται.
636 762 706 797 Ἐγὼ
722 764 772 799 μὲν
786 762 833 790 οὖν
846 763 907 790 οὔτε

117 808 259 845 πόρρωθεν
276 808 428 844 ἐνετράφην
446 810 502 841 τοῖς
526 810 618 844 νόμοις
639 811 695 841 τοῖς
718 809 799 845 ἱεροῖς
813 830 820 841 ,
844 809 907 836 οὔτε

116 855 166 889 ήδη
191 863 235 890 μοι
255 855 370 890 καθήκει
384 854 468 881 πολλὰ
487 855 675 890 μεμαθηκέναι
696 855 810 889 πέρυσιν
829 854 906 881 οὔπω

115 888 238 934 γεγονότι
266 888 323 926 τοῦ.
341 888 503 934 καταλόγου.
526 888 694 936 ἺΑίσθόμενος
722 888 750 928 δὲ
775 901 906 936 γέροντας
922 888 943 916 Β

115 946 213 978 ἐνίους,
229 945 283 972 οὐδ’
295 946 392 978 αὐτοὺς
413 946 462 982 μέν
483 956 509 973 τι
527 947 612 982 σαφὲς
630 948 730 976 εἰδέναι
746 957 906 985 προσποιου-

116 990 212 1025 μένους
224 1011 232 1023 ,
247 990 500 1023 ἀποδεδειλιακὸτας
521 991 549 1018 δὲ
561 1012 568 1023 ,
588 993 625 1028 μὴ
646 993 747 1021 λάθωσι
765 995 833 1031 πρός
846 1004 906 1022 τινα

114 1036 215 1064 κανόνα
233 1037 283 1071 τῆς
301 1036 465 1073 Ἑκκλησίας
483 1039 703 1074 προσκύψαντες,
715 1041 761 1067 καὶ
774 1040 817 1068 διὰ
827 1041 906 1068 τοῦτο

115 1083 289 1110 παντάπασιν
319 1084 504 1120 ἀπηνέστερον
528 1084 602 1120 αὐτῷ
626 1087 904 1121 προσενηνεγμένους,

113 1128 161 1154 καὶ
177 1128 247 1163 ὑπὲρ
264 1128 388 1163 ἀσαφοῦς
403 1129 530 1161 ὑπονοίας
549 1130 660 1165 ἀτιμίαν
676 1132 748 1167 σαφῆ
767 1130 815 1158 τοῦ
830 1131 905 1165 ξένου

113 1174 369 1206 κατασκεδάσαντας
381 1182 387 1189 ·
400 1175 425 1201 οἳ
442 1175 510 1210 μηδὲ
525 1176 618 1211 κοινῆς
631 1176 731 1212 στέγης
746 1177 904 1212 ἡνέσχοντο’

112 1219 173 1247 οὔτε
199 1221 367 1256 ἐμεμψάμην
380 1242 388 1254 ,
406 1221 466 1248 οὔτε
482 1222 662 1257 ἐμιμησάμην
686 1222 793 1254 αὐτούς.
820 1221 906 1250 Οἶσθα

111 1265 158 1294 οὖν
169 1267 244 1298 ὅπως
262 1268 387 1303 ἐποίησα,
405 1268 495 1303 Πάτερ
511 1267 737 1302 σεϐασμιώτατες
758 1268 905 1304 Ἐκκλησία

114 1313 163 1348 μὲν
186 1314 235 1340 οὐκ
248 1314 382 1349 ἐδεξάμην
399 1314 489 1345 αὐτὸν,
507 1313 567 1340 οὐδὲ
585 1314 725 1350 τραπέζης
745 1314 820 1350 ἱερᾶς
835 1315 905 1340 ἐκοι-

111 1359 235 1394 νώνησα·
253 1359 321 1386 οἴκοι
345 1360 373 1386 δὲ
392 1360 437 1386 ῐσα
464 1360 510 1386 καὶ
532 1361 588 1392 τοῖς
612 1361 744 1392 ἀναιτίοις
768 1361 903 1396 ἐτίμησα·

111 1405 185 1436 ὅστις
206 1406 220 1431 ὁ
240 1405 340 1441 τρόπος
359 1406 405 1431 καὶ
420 1405 466 1431 ἐπὶ
478 1404 532 1431 τῶν
547 1404 702 1440 ἐπιχωρίων
719 1405 813 1441 οὖμός.
821 1405 904 1432 Ὅταν

112 1457 155 1480 τις
171 1449 260 1476 αὐτῶν
272 1449 395 1484 ἐφέστιος
406 1450 471 1484 ἡμῖν
484 1449 606 1484 γένηται,
621 1450 702 1476 παντὶ
714 1450 812 1483 παντὸς
822 1450 902 1485 ἔργου

112 1496 159 1521 καὶ
170 1495 250 1529 λόγου
266 1496 349 1531 τιμὴν
361 1496 468 1531 ἔχοντος
486 1494 664 1530 ἐξιστάμεθα,
680 1495 808 1531 φλυαρεῖν
821 1495 903 1531 ἡγοιῖμ

113 1549 189 1576 μενοι
209 1541 272 1572 τοὺς
287 1542 512 1575 δυσχεραίνοντας
522 1562 529 1573 ,
544 1542 585 1568 ὅτι
599 1541 633 1568 τὰ
653 1541 767 1576 μητρῷα
790 1541 840 1575 τῆς
853 1541 902 1586 πᾴ-
916 1557 938 1586 C

111 1585 179 1617 λεως
215 1585 419 1620 καταδάλλομεν
446 1585 548 1612 δίκαια.
567 1585 664 1612 Καίτοι
689 1585 732 1612 διὰ
752 1585 831 1612 τοῦτο
853 1585 903 1618 τὰς

112 1631 239 1658 ἁπάντων
257 1632 401 1667 φροντίδας
420 1631 581 1666 κατωμαδὸν
597 1632 732 1667 ἀράμενος
750 1631 825 1667 φέρω
835 1652 842 1665 ,
856 1631 903 1659 καὶ

113 1678 192 1712 μόνος
211 1677 280 1712 ὑπὲρ
304 1678 353 1713 τῆς
366 1677 493 1704 ἁπάντων
520 1676 687 1712 ἀσχολοῦμαι
707 1677 814 1712 σχολῆς.
832 1675 902 1702 ’Λλλ“

112 1725 140 1750 ὲν
156 1722 232 1759 καλῴ
249 1732 294 1759 μοι
310 1724 432 1750 κείσεται
445 1722 522 1758 παρὰ
532 1722 570 1758 τῷ
583 1722 652 1758 Θεῷ,
665 1722 837 1749 πλεονεκτεῖν
852 1722 902 1757 μὲν

111 1771 202 1802 πόνοις
216 1791 224 1802 ,
246 1771 412 1806 μειονεκτεῖν
427 1769 454 1796 δὲ
470 1769 568 1804 τιμῶν.
589 1769 645 1796 Καὶ
663 1768 709 1795 τὸν
729 1767 903 1804 Ἀλέξανδρον

110 1817 138 1844 δὲ
149 1817 253 1849 τοῦτον,
268 1817 332 1843 ὅταν
348 1816 398 1852 μὲν
415 1817 454 1848 εἰς
469 1815 618 1852 ἐκκλησίαν
631 1815 718 1851 προῖω
731 1835 738 1847 ,
757 1814 902 1850 βουλοίμην

112 1864 162 1898 μὲν
174 1864 205 1890 ἂν
220 1863 376 1898 μηδαμόθεν
388 1863 438 1898 τῆς
451 1862 554 1898 ἀγορᾶς
570 1861 632 1888 ἰδεῖν
643 1870 649 1876 ·
663 1860 770 1896 συμϐὰν
785 1861 813 1887 δὲ
828 1861 901 1893 ἰδεῖν,

111 1909 230 1944 ἐτέρωσέ
260 1917 304 1935 ποι
330 1908 424 1943 τρέπω
454 1909 518 1940 τοὺς
545 1907 719 1942 ὀφθαλμοὺς,
746 1907 793 1933 καὶ
822 1906 902 1938 εὐθὺς

110 1955 222 1982 ἐπανθεῖ
236 1964 280 1990 μοι
293 1954 364 1982 κατὰ
378 1954 427 1986 τῆς
449 1955 565 1990 παρειᾶς
578 1953 714 1990 ἐρύθημα.
730 1952 902 1988 ’Υπερὸάντα

109 2002 137 2028 δὲ
159 2002 208 2037 τὴν
222 2002 324 2028 οἰκείαν
340 2002 406 2038 [γρ.
422 2000 570 2037 πατρῴαν]
585 2001 679 2036 αὐλὴν,
696 2001 742 2027 καὶ
757 2000 902 2035 γενόμενον

108 2048 282 2083 ὁμωρόφιον,
308 2048 395 2074 ἆπασι
415 2049 472 2079 τοῖς
488 2047 574 2073 εἰκόσι
595 2047 676 2082 τιμῶ.
693 2046 725 2072 Τί
747 2046 841 2081 δήποτ’
856 2044 902 2072 οὖν

110 2093 275 2128 ἀσύμφωνός
288 2094 345 2128 εἰμι
368 2093 435 2129 πρὸς
450 2093 567 2129 ἐμαυτὸν
582 2092 636 2128 ίδίᾳ
654 2092 701 2119 καὶ
720 2092 837 2128 δημοσίᾳ
850 2112 856 2124 ,
873 2092 902 2118 ἐν

108 2141 243 2176 οὐδετέρῳ
264 2140 319 2167 τῶν
334 2139 437 2176 καιρῶν
463 2139 607 2174 δεδογμένα
639 2137 740 2169 ποιῶνς
765 2138 846 2164 Ἀλλὰ
872 2137 902 2164 τὸ

111 2187 160 2222 μὲν
179 2187 245 2213 εἴκω
258 2187 297 2222 τῷ
309 2187 400 2222 νόμῳ,
416 2186 446 2213 τδ
474 2185 502 2212 δὲ
515 2186 549 2221 τῇ
568 2184 648 2219 φύσει
663 2185 810 2219 χαρίζομαι
822 2204 830 2215 ,
857 2185 901 2218 ρε-

964 260 1068 283 cretum
1093 256 1222 289 obtinuit,
1239 255 1380 291 aliquanto
1405 262 1528 292 tempore
1546 259 1682 287 dissensio
1700 260 1752 287 ista

973 302 1134 336 permansit.
1159 302 1228 334 Quid
1253 302 1391 340 hoc_vero
1407 305 1507 331 scienti
1530 313 1648 338 narrent,
1666 307 1706 334 vel
1726 307 1751 334 ei

970 349 1130 384 ipsipotins,
1143 349 1221 383 cujus
1233 357 1314 382 opera
1328 350 1419 376 omnis
1432 353 1476 377 illa
1485 352 1647 386 (‘Otllposilio
1658 360 1754 380 recon-

972 394 1134 429 eiliatioqne
1158 394 1278 428 perfecta
1302 395 1361 422 est?
1380 395 1447 422 Cum
1461 398 1610 431 praesertim
1631 398 1752 426 libellum

963 440 1107 473 quemdam
1132 440 1231 467 scitum
1255 444 1282 467 et
1305 440 1442 468 eruditum
1472 442 1642 478 perlegerim,
1671 452 1751 479 quem

969 486 1003 512 ad
1042 485 1172 517 beatum,
1209 486 1262 513 nisi
1299 486 1389 518 fallor,
1425 486 1542 514 Atticum
1584 489 1751 524 scripseras;

962 539 1017 566 quo
1036 536 1062 558 tu
1079 532 1156 559 illum
1174 532 1208 559 ad
1239 533 1410 568 recipiendos
1434 534 1558 561 homines
1585 534 1751 563 adducebas.

962 578 1040 613 207
1060 578 1092 606 Et
1118 578 1253 606 hactenus
1281 580 1392 614 quidem
1419 581 1574 607 communis
1598 580 1753 608 Alexandro

963 632 1046 652 eausa
1065 624 1117 652 fuit
1131 633 1192 652 cum
1213 625 1331 657 emtor-is,
1353 627 1398 661 qui
1421 626 1600 654 defectionem
1617 627 1749 655 fecerant.

960 669 1132 705 Prtecipuum
1153 671 1214 703 hoc,
1235 672 1277 698 vel
1302 680 1449 700 commune
1470 679 1531 699 cum
1550 673 1655 707 paucis,
1677 674 1752 708 quod

959 718 1057 744 tertius
1075 717 1159 744 ferme
1183 718 1284 744 abhinc
1301 725 1389 746 annus
1412 722 1454 745 est
1471 719 1505 745 ab
1528 719 1625 754 sopitis
1641 719 1751 747 dissen-

959 762 1084 790 sionibus
1114 764 1351 798 rcconciliataque
1368 771 1452 798 pace;
1465 764 1581 792 necdum
1595 768 1687 792 tamen
1704 765 1750 792 ille

957 815 1034 836 recta
1050 809 1076 836 in
1094 809 1248 845 Bithyniam
1264 811 1405 845 profectus
1418 815 1460 838 est
1472 831 1479 842 ,
1505 819 1556 838 nec
1571 818 1654 846 qualn
1669 812 1751 839 sorti-

957 859 1003 882 tus
1025 860 1085 882 erat
1109 855 1201 883 sedem
1226 857 1343 891 repetit;
1366 862 1457 884 manet
1478 862 1569 884 autem
1593 858 1664 892 apud
1685 866 1748 890 nos,

957 900 1035 934 quasi
1059 900 1126 927 nihil
1144 909 1193 928 sua
1215 901 1334 934 intersit,
1359 902 1380 929 si
1403 902 1465 936 quis
1484 910 1546 930 eum
1570 903 1668 938 privati
1688 904 1749 931 loco

957 945 1066 972 haheat.
1081 945 1137 981 Ego
1157 955 1222 974 vero
1238 955 1328 982 neque
1349 948 1393 975 ditt
1411 949 1498 976 sacris
1517 949 1662 986 hucusque
1683 950 1750 985 legi-

957 991 1008 1019 bus
1025 992 1171 1019 institulus
1189 1000 1262 1025 sum,
1277 1001 1327 1021 nec
1343 994 1428 1020 multa
1448 995 1594 1022 admodum
1617 996 1749 1024 didicisse

956 1044 1006 1072 par
1020 1042 1073 1069 est,
1099 1038 1144 1073 qui
1166 1039 1311 1074 superiore
1331 1040 1453 1067 nondum
1476 1049 1549 1068 anno
1563 1042 1589 1069 in
1603 1043 1748 1078 episcopo-

958 1091 1017 1110 rum
1042 1092 1131 1111 essent
1155 1093 1300 1112 numerum
1327 1086 1478 1120 ascriptus.
1500 1087 1554 1114 Sed
1583 1096 1645 1115 cum
1666 1096 1747 1117 senes

956 1129 1090 1164 quosdam
1109 1131 1364 1163 animadverteritn,
1388 1132 1436 1165 qtti
1462 1141 1491 1159 se
1510 1138 1615 1160 certum
1635 1133 1746 1169 quidem

957 1176 1066 1203 nescire
1085 1183 1140 1203 non
1155 1176 1378 1210 dissimularent,
1406 1185 1504 1213 magno
1520 1182 1611 1205 autem
1629 1179 1656 1206 in
1675 1183 1748 1205 metu

958 1225 1145 1254 versarentur,
1163 1230 1198 1249 ne
1213 1229 1294 1257 quem
1313 1223 1339 1249 in
1353 1222 1483 1250 Ecclesiae
1496 1230 1630 1251 canonetu
1647 1224 1749 1259 impru-

956 1267 1052 1295 dentes
1076 1267 1267 1301 oll’enderent,
1284 1268 1401 1304 ideoque
1425 1277 1488 1296 cum
1511 1277 1545 1297 eo
1571 1277 1600 1298 se
1624 1271 1748 1298 atrocius

955 1319 1094 1349 gererent,
1110 1318 1138 1342 et
1157 1322 1207 1349 pro
1222 1315 1326 1341 incerta
1346 1315 1506 1349 suspicione
1520 1319 1625 1343 certam
1646 1316 1747 1351 hospiti

956 1357 1099 1384 infamiam
1119 1362 1315 1393 aspergerent,
1331 1359 1378 1393 qui
1407 1366 1495 1393 neque
1512 1360 1652 1386 communi
1676 1363 1748 1387 tecto

954 1412 1016 1432 eum
1033 1404 1161 1440 excipere
1172 1404 1273 1431 vellent
1285 1413 1291 1430 :
1310 1411 1360 1439 ego
1374 1404 1435 1431 illos
1448 1412 1499 1432 nec
1510 1405 1683 1439 reprehendi,
1696 1413 1748 1433 nec

954 1450 1056 1478 imitari
1075 1450 1158 1477 volui.
1176 1449 1237 1477 Scis
1252 1450 1336 1485 igitur
1355 1449 1587 1484 quemadmodum
1603 1450 1657 1486 egi,
1672 1455 1749 1486 pater

954 1494 1030 1520 omni
1049 1493 1226 1520 veneratione
1245 1493 1425 1528 dignissime?
1452 1493 1480 1520 ln
1503 1493 1657 1521 Ecclesium
1685 1495 1748 1529 qui-

955 1539 1016 1566 dem
1038 1538 1184 1566 admittere
1209 1539 1285 1565 illum
1312 1538 1398 1571 nolui,
1417 1546 1467 1566 nec
1489 1546 1595 1567 sacram
1621 1548 1683 1567 cutn
1713 1547 1748 1568 eo

955 1591 1077 1611 mensam
1090 1591 1264 1611 communem
1277 1584 1360 1612 habui
1377 1594 1384 1611 :
1402 1584 1476 1612 domi
1492 1593 1556 1612 vero
1569 1584 1646 1619 juxta
1662 1591 1744 1620 atque

955 1630 1115 1657 innocentes
1132 1630 1266 1657 honoravi
1284 1639 1291 1658 :
1308 1638 1369 1665 qua:
1396 1638 1455 1658 mea
1477 1631 1573 1666 agendi
1589 1639 1651 1658 cum
1670 1632 1744 1659 indi-

954 1676 1031 1711 genis
1047 1676 1118 1703 ratio
1135 1679 1187 1704 est.
1212 1675 1280 1703 Nam
1303 1684 1365 1703 cum
1388 1684 1484 1703 eorum
1508 1677 1608 1712 aliquis
1632 1676 1745 1704 domum

953 1726 1077 1749 nostram
1107 1723 1223 1754 venerit,
1247 1722 1273 1749 in
1296 1723 1371 1749 omni
1397 1723 1470 1749 facto
1496 1731 1527 1750 ac
1548 1731 1695 1755 sermone.
1717 1724 1746 1751 in

953 1775 1010 1803 quo
1034 1767 1146 1795 honoris
1164 1768 1234 1795 inest
1259 1768 1375 1802 aliquid,
1398 1768 1500 1803 primas
1522 1769 1560 1795 illi
1580 1768 1744 1802 deferimus,

954 1814 1049 1848 nugari
1066 1822 1114 1840 eos
1129 1814 1319 1841 cxislimanlcs
1331 1815 1376 1849 qui
1396 1815 1458 1841 ideo
1478 1820 1653 1846 succensent,
1670 1816 1744 1849 quod

955 1864 1077 1886 materna
1090 1860 1210 1887 civitatis
1222 1860 1286 1894 jura
1303 1860 1471 1887 minuamus.
1487 1860 1651 1895 Quanquam
1667 1862 1703 1888 ob
1717 1861 1745 1889 id

954 1906 1077 1932 omnium
1094 1912 1144 1940 ego
1158 1912 1240 1931 curas
1257 1905 1379 1932 humeris
1395 1905 1532 1937 sustineo,
1548 1907 1680 1940 solusque
1694 1914 1745 1941 pro

953 1952 1076 1978 omnium
1098 1950 1155 1977 otio
1169 1950 1218 1977 otii
1234 1958 1294 1978 smn
1315 1958 1424 1985 expers.
1442 1951 1494 1978 Sed
1518 1959 1617 1986 magno
1634 1953 1658 1979 id
1677 1953 1743 1980 mihi

955 1995 1027 2031 apud
1051 1996 1134 2023 Deum
1157 1995 1348 2028 testimabitur,
1374 1998 1402 2022 ut
1426 1997 1527 2025 laboris
1550 1998 1678 2033 amplius.
1704 2000 1744 2026 sic

954 2043 1046 2070 minus
1064 2042 1178 2069 honoris
1202 2049 1234 2068 ac
1254 2042 1396 2077 dignitatis
1420 2050 1530 2078 capere.
1555 2043 1632 2071 Illinc
1653 2048 1744 2072 autem

953 2089 1045 2123 ipsum
1073 2087 1271 2119 Alexandrum,
1300 2088 1411 2123 quoties
1435 2089 1467 2114 ad
1492 2089 1637 2116 ecclesiam
1663 2090 1743 2121 vado,

954 2135 1050 2161 vellem
1071 2134 1182 2169 quidem
1198 2141 1332 2168 nusquam
1348 2133 1375 2160 in
1394 2132 1454 2160 foro
1473 2133 1575 2161 videre.
1597 2133 1649 2162 Sed
1679 2142 1743 2161 cum

954 2182 1047 2208 videre
1071 2180 1229 2215 contigerit,
1253 2180 1306 2207 alio
1324 2182 1452 2216 quopiam
1470 2181 1567 2208 oculos
1586 2185 1718 2208 converto
1735 2188 1743 2208 :

109 2232 198 2268 ποῠσῃ
214 2232 281 2268 πρὸς
297 2232 327 2258 τὺ
343 2231 542 2268 φιλάνθρωπον.
571 2230 668 2257 Καίτοι
687 2229 738 2256 κᾶν
755 2228 903 2256 ἁπεῦιασά-

957 2228 1107 2261 statimque
1131 2234 1180 2262 per
1193 2234 1276 2262 genas
1300 2228 1385 2255 rubor
1404 2228 1583 2256 sulfunditur.
1606 2227 1639 2254 At
1663 2227 1744 2255 simul

111 2287 165 2313 μην
185 2278 235 2312 τὴν
251 2277 349 2312 φύσιν,
376 2277 401 2303 si
424 2285 450 2303 τι
478 2276 564 2311 σαφὲς
585 2275 745 2310 ἠπιστάμην
762 2274 833 2310 ὑπὲρ
855 2273 903 2300 τοῦ

109 2324 205 2359 νόμου.
225 2323 296 2350 Αὐτὸ
310 2322 342 2358 δὴ
364 2322 444 2349 τοῦτό
459 2323 517 2349 ἐστι
531 2321 562 2348 τὸ
576 2321 708 2357 ἐρώτημα
720 2340 727 2352 ,
745 2321 814 2355 πρὸς
835 2320 849 2346 ὃ
864 2320 905 2346 δεῖ

109 2372 158 2404 τὴν
182 2369 327 2396 αὑθεντίαν
343 2368 392 2403 τῆς
411 2367 593 2402 εὖαγγελικῆς
609 2366 619 2403 [
635 2376 678 2402 γρ.
699 2366 880 2401 ἀποστολικῆς
898 2364 903 2401 |

108 2416 234 2452 διαδοχῆς
249 2415 304 2451 (91)
320 2414 522 2450 ἀποκρίνασθαι
547 2413 638 2444 ἁπλῶς
663 2413 709 2440 καὶ
728 2411 822 2447 σαφῶς
835 2431 842 2443 ,
857 2412 904 2438 καὶ

108 2463 203 2499 ὥσπερ
217 2462 274 2498 [γρ.
287 2460 370 2497 ἄπερι
386 2459 556 2496 πυνθάνομαι
570 2479 577 2492 ,
601 2458 775 2494 Ἀλέξανδρον
791 2457 902 2484 ἐπίσκο-

110 2517 160 2536 πον
174 2509 227 2545 χρὴ
239 2507 370 2544 νομίζειν.
387 2507 403 2543 ἢ
420 2509 476 2542 μή;

954 2274 1137 2302 domesticum
1162 2274 1263 2300 atrium
1285 2274 1429 2308 praeteriit,
1447 2277 1475 2301 et
1497 2273 1550 2301 sub
1568 2273 1664 2300 eodem
1686 2281 1745 2300 me—

954 2329 1017 2349 cum
1033 2323 1107 2346 tecto
1122 2322 1259 2350 versatur,
1272 2324 1460 2346 consentaneo
1474 2319 1548 2345 omni
1563 2319 1668 2345 honore
1682 2326 1745 2353 pro-

947 2372 1068 2401 sequor.
1098 2363 1168 2397 Quid
1196 2363 1280 2398 igitur
1303 2364 1412 2391 tandem
1438 2372 1453 2391 a
1473 2372 1517 2392 me
1537 2364 1596 2400 ipso
1616 2365 1744 2400 privatim

956 2414 1121 2449 publiceque
1135 2412 1280 2444 dissentio,
1304 2415 1404 2439 neutro
1425 2412 1452 2439 in
1475 2416 1596 2447 tempore
1610 2420 1642 2439 ex
1659 2412 1744 2438 animi

954 2459 1006 2486 mei
1018 2459 1155 2486 sententia
1172 2458 1297 2485 faciens?
1309 2457 1362 2485 Sed
1375 2458 1473 2491 partim
1494 2458 1545 2493 legi
1562 2458 1726 2493 obtempero
1736 2477 1745 2489 ,

953 2505 1052 2541 partim
1083 2509 1188 2531 natura:
1213 2504 1365 2538 obsequor,
1394 2511 1455 2539 quae
1481 2504 1514 2530 ad
1545 2504 1745 2531 humanitatem

111 2542 261 2593 proclivior
273 2542 326 2584 est.
349 2542 514 2591 Quanquam
533 2555 616 2581 etiam
633 2554 688 2580 vim
704 2557 810 2580 naturae
831 2542 967 2584 facerem.
990 2554 1012 2580 si
1034 2553 1100 2587 quld
1127 2552 1161 2579 de
1181 2552 1240 2587 lege
1278 2555 1355 2578 certo
1395 2552 1462 2578 mihi
1489 2555 1641 2578 constaret.
1681 2550 1745 2577 Haec

111 2605 194 2639 igitur
207 2611 314 2631 summa
331 2602 550 2638 percontationis
583 2605 625 2628 est
647 2604 760 2632 nostraa,
779 2600 812 2627 ad
852 2607 934 2634 qualn
954 2599 1119 2634 evangelica:
1147 2598 1335 2626 successionis
1367 2599 1560 2631 auctoritatem
1595 2602 1689 2633 aperte
1713 2605 1746 2625 ac

730 2680 820 2708 DIUN.
840 2679 975 2707 PETAVII
993 2678 1109 2706 NOTAE.

148 2764 205 2798 (9|)
229 2764 285 2797 Τῆς
301 2762 498 2798 eiram-alutae
513 2762 667 2796 διαδοχῆς.
690 2761 742 2788 Alii
757 2761 903 2788 ἀποστολι-

112 2801 172 2835 κῆς.
192 2799 247 2826 Nos
261 2798 441 2835 εὐαγγελικῆς
459 2799 616 2835 maluimus.
635 2803 663 2824 nt
678 2797 903 2835 cl'at_perspic_ne

114 2832 148 2872 in'
167 2835 274 2872 duobus
298 2832 446 2861 veteribus.
474 2832 501 2872 In
520 2833 606 2872 altero
630 2840 725 2872 vero,
741 2832 901 2872 ἀγγελικῆς.

114 2870 281 2904 Evangelica:
294 2877 359 2897 vero
374 2868 560 2897 successionis
579 2868 774 2895 auctoritatem
795 2867 898 2894 idcirco

951 2764 1043 2791 vocat,
1066 2760 1137 2794 quod
1156 2759 1371 2786 Alexandrinam
1385 2760 1478 2788 sedem
1495 2759 1603 2786 Marcus
1617 2759 1747 2794 οἱιῑῐιιυοτ

952 2797 1001 2832 rit,
1023 2795 1055 2832 In
1072 2793 1152 2832 eone.
1173 2795 1315 2832 Chalcedf,
1334 2799 1388 2832 act.
1405 2803 1444 2832 ιιι,
1469 2796 1496 2832 in
1515 2795 1618 2832 _|ibello_
1629 2793 1745 2832 supplici

954 2830 1122 2866 Ischyrionis
1143 2835 1256 2857 vocatur
1274 2830 1450 2864 εὐαγγελικδς
1473 2830 1578 2865 θρόνος.
1607 2829 1748 2857 Liberatio

953 2874 1014 2901 cap.
1033 2865 1075 2898 15,
1087 2865 1251 2900 evangelist
1266 2865 1350 2892 mles.
