1955 3063
122 146 191 174 4415

682 150 865 180 EPISTOLA'I
898 168 932 174 —
953 152 1060 182 EPIST.
1080 155 1184 183 LXV“.

1679 164 1748 192 HM

120 207 331 236 ἐκκαλέσασθαι.
348 209 435 245 Ὅπερ
449 210 493 237 ἵνα
510 212 547 246 μὴ
564 212 654 245 πάθω,
672 213 800 249 φοϐηθεὶς
818 214 897 250 (ῂσθα

963 218 1118 247 tuerentur.
1140 225 1208 252 pene
1233 225 1283 246 nos
1303 222 1442 248 contraria
1467 222 1611 252 instituere
1634 225 1750 253 molis-uc

121 253 208 289 νόμην
224 254 278 290 γὰρ
297 255 453 291 ἀγόμενος).
463 256 545 284 ἔλυσα
561 257 610 293 τὴν
623 258 770 293 ἐκκλησίαν
782 268 789 275 ·
803 260 851 286 καὶ
871 260 911 292 είς

120 301 254 336 τετάρτην
283 302 360 337 ήκειν
376 303 526 337 ἐπήγγειλα
537 325 544 336 ,
565 305 774 340 ἐπαρασάμενος
798 305 846 338 τὰς
859 314 911 333 πα-

121 345 320 379 λαμναιοτάτας
343 346 414 382 ἀρὰς
425 368 432 380 ,
455 348 482 374 εῐ
496 357 538 380 τις
563 348 720 384 ἐμμίσθως.
735 350 761 376 εῐ
777 358 819 381 τις
839 349 910 377 κατὰ

121 392 215 427 χρείαν
229 413 236 425 ,
261 392 277 426 ἢ
303 392 381 428 χάριν
396 412 403 425 ,
422 392 438 428 ἥ
463 393 531 425 ὂλως
557 394 610 429 ἰδίᾳ
633 403 659 421 τι
676 395 802 431 διαφέρον
823 395 908 431 αὐτῷ,

121 437 265 471 φθέγξαιτό
279 446 304 464 τι
327 437 380 464 τῶν
399 437 520 473 ἡκόντων
541 440 581 471 είς
603 438 653 475 τὴν
676 440 726 475 τῆς
748 440 910 476 Ἐκκλησίας

120 483 273 518 παρακοήν.
287 481 376 510 Ἧκεν
392 485 408 519 ὴ
425 484 517 520 κυρία,
529 485 576 511 καὶ
592 486 607 512 ὁ
624 485 708 520 δῆμος
723 486 813 522 παρῆν
828 487 908 514 πάλιν

119 529 251 564 ἑνστάτης
271 529 318 556 καὶ
339 529 500 564 ἐναγώνιος·
515 530 544 562 ὃς
559 531 618 557 οὺδέ
630 531 786 567 περιέμεινε
800 531 905 559 πεῦσιν·

119 576 176 603 ἀλλ’
196 576 277 608 εὐθὺς
303 574 338 612 ἦν
365 576 473 604 ἅπαντα
490 576 596 603 κυκεὼν
610 596 618 609 ,
640 577 716 613 φωνὴ
741 579 906 613 παμμιγὴς,

122 623 174 649 ὑπὸ
185 622 232 649 τοῦ
247 622 307 649 λίαν
321 623 426 658 ἐνηχεῖν
443 623 503 654 ταῖς
513 624 608 655 ἀκοαῖς
619 643 626 656 ,
640 623 806 659 ἀδιάκριτος.
820 625 909 651 Κατα-

119 668 284 702 σιγαζόντων
297 668 326 695 δέ
339 668 393 695 τῶν
413 668 598 704 ἱεροκηρύκων
611 689 618 701 ,
638 670 677 700 είς
695 669 795 707 θρῆνον
815 670 907 703 αὐτοῖς

117 713 333 749 ἀπετελεύτησεν
350 715 366 749 ή
384 714 442 750 βοή.
466 715 522 741 Καὶ
535 712 569 750 ἦν
585 714 711 750 ἄκουσμα
733 715 905 751 σκυθρωπὸν,

118 760 221 796 ἀνδρῶν
246 761 364 795 οἰμωγαὶ
375 782 381 791 ,
401 761 537 794 γυναικῶν
553 761 699 796 ὀλολυγαὶ,
728 761 831 788 παίδων
849 761 906 788 ὀλο.

119 806 231 840 φυρμοί.
251 805 280 832 '0
307 805 356 840 μὲν
372 805 424 841 ἔφη
439 806 545 842 πατέρα
559 807 651 833 ποθεῖν
663 827 670 838 ,
686 807 700 833 ό
720 806 749 833 δέ
764 807 832 837 υἱὸν.
846 806 860 832 ό
877 806 905 832 δὲ

117 850 240 885 ἀδελφόν·
269 850 354 883 οὕτως
383 852 526 887 ἐμερίζετο
558 853 618 884 ταῖς
645 853 762 888 ἡλικίαις
793 852 827 879 τὰ
856 853 904 889 τῆς

963 265 1025 293 tes,
1063 263 1191 290 eumdem
1228 263 1255 291 in
1292 265 1418 294 affectum
1458 268 1633 303 impulerunt.
1669 270 1747 303 Quod

961 306 1045 342 209
1063 316 1097 335 ne
1110 309 1176 336 mihi
1189 310 1324 338 accideret
1339 311 1492 341 formidans
1514 314 1654 349 (paulatim
1673 317 1746 344 enim

961 353 1061 380 adduci
1078 361 1120 381 me
1134 355 1318 389 sentiebam),
1335 364 1500 386 conventum
1516 360 1622 393 dimisi,
1642 365 1669 389 et
1683 365 1748 389 ante

960 399 1032 427 diem
1054 404 1183 435 quartum
1208 403 1305 431 adesse
1327 403 1407 438 jussi,
1426 405 1514 432 ultimi
1538 407 1656 442 exempli
1671 407 1746 435 diras

960 443 1137 480 imprecatus,
1156 447 1179 474 si
1195 448 1242 483 qui
1256 449 1380 478 mercede
1394 451 1557 484 conductus,
1573 458 1620 480 aut
1634 454 1746 488 privata:

959 491 1088 518 utilitatis
1106 493 1204 526 gratia,
1230 498 1277 521 aut
1296 495 1399 529 favore,
1422 501 1468 523 aut
1482 497 1600 533 denique
1622 500 1675 527 ulla
1691 501 1745 528 alia

959 543 988 563 re
1002 536 1112 570 ductus,
1130 547 1192 574 quae
1206 541 1332 574 privatim
1349 542 1503 576 interesset,
1518 545 1666 579 quidquam
1682 554 1746 573 con-

959 587 1000 609 tra
1017 582 1138 611 debitum
1164 584 1294 614 Ecclesiae
1316 587 1479 623 obsequium
1503 590 1617 618 auderet
1641 592 1743 620 dicere.

957 629 1136 658 Commodum
1151 631 1224 659 dicta
1248 632 1306 661 dies
1322 633 1480 667 advenerat,
1504 640 1532 663 et
1554 636 1610 670 jam
1627 638 1744 672 populus

957 673 1052 701 aderat
1068 675 1101 702 ad
1116 677 1320 705 reclamandum
1336 683 1363 706 et
1377 681 1536 708 certandum
1555 683 1743 717 compositus:

956 718 1002 752 qui
1017 726 1051 746 nc
1065 719 1306 756 interrogationem
1321 724 1430 758 quidem
1445 727 1623 760 exspectavit.
1638 728 1690 756 Sed
1703 737 1745 756 re-

956 768 1037 798 pente
1051 766 1209 799 perturbata
1231 774 1264 794 ac
1279 769 1409 802 permista
1424 771 1527 803 omnia.
1542 772 1656 801 confusa
1670 782 1720 801 vox
1735 793 1743 806 .

956 818 1082 845 qumque.
1099 813 1171 846 quod
1199 821 1281 842 aures
1307 815 1403 843 acrius
1426 817 1595 850 verberaret.
1621 819 1743 847 discerni

957 863 1010 882 non
1028 860 1145 890 poterat.
1163 857 1269 886 lndicto
1287 868 1302 886 a
1319 861 1407 888 sacris
1430 863 1606 896 pratconibus
1621 865 1742 898 silentio,

117 897 277 932 συγγενείας
294 898 422 933 ὀνόματα.
437 898 520 934 Ἐμοῦ
532 898 561 925 δέ
574 907 601 925 τι
621 899 723 934 μεταξὺ
737 898 827 933 λέγειν
842 900 899 926 ἐπι-

955 907 1006 927 vox
1019 901 1073 929 illis
1090 902 1117 929 in
1130 903 1270 938 planctum
1286 905 1377 933 desiit.
1396 891 1438 934 lbi.
1448 908 1543 936 auditu
1559 909 1653 938 tristes
1665 891 1744 939 erant

116 943 269 979 χειροῦντος
282 963 290 975 .
306 944 494 971 ἀναδείκνυται
509 945 685 980 γραμμάτιον
705 945 737 972 ἐκ
761 945 844 980 μέσου
856 945 903 972 τοῦ

115 988 245 1024 πλήθους.
267 988 323 1015 Καὶ
339 988 478 1024 ἐνεὺχεταί
503 998 545 1021 τις
571 991 612 1021 εἰς
627 989 716 1017 κοινὸν
738 991 804 1017 αὐτὸ
821 991 904 1018 πᾶσιν

115 1033 331 1069 ἀναγνωσθῆναι.
353 1034 390 1060 Τὸ
404 1034 431 1061 δέ
450 1032 484 1070 ἦν
497 1035 657 1070 ἐνορκισμδς
674 1035 743 1071 πρδς
758 1035 808 1071 ἐμὲ
834 1035 904 1062 παύ-

116 1080 214 1107 σασθαι
234 1080 282 1107 σὺν
299 1080 346 1117 βίᾳ
368 1080 414 1108 τοῦ
441 1080 558 1116 πλήθους
584 1080 809 1117 ἀποπειρώμενον
822 1102 830 1114 ,
856 1082 904 1108 καὶ

114 1127 262 1154 ἀναθέσθαι
279 1127 309 1153 τὸ
326 1127 447 1163 σκέμμα,
467 1127 562 1163 μέχρις
578 1127 611 1155 ἂν
631 1127 723 1160 αὐτοῖς
745 1127 776 1163 δὴ
790 1127 902 1163 γένηται

115 1173 183 1209 πρὸς
202 1172 251 1208 τὴν
280 1174 491 1210 μακαριωτάτην
516 1183 563 1201 σου
578 1174 699 1210 κεφαλὴν
722 1175 791 1209 ὺπέρ
807 1174 902 1201 τούτου

113 1221 241 1255 ψήφισμα
265 1220 373 1255 πέμψαι
401 1220 447 1247 καὶ
472 1220 653 1256 πρεσϐευτήν.
671 1220 779 1247 Μᾶλλον
791 1221 819 1247 δέ
835 1221 901 1256 ἐμοῦ

112 1266 270 1293 κατεδέοντο
295 1266 460 1301 ποιήσασθαι
485 1267 649 1302 συνηγορίαν
674 1267 703 1293 ἐν
729 1267 900 1303 γράμμασιν,

113 1312 184 1348 ειπερ
203 1311 344 1347 ἐδιδάχθην
369 1311 537 1340 διδάσκοντα.
559 1312 683 1347 Ἐλέγετο
703 1313 791 1339 τοίνυν
812 1313 860 1339 καὶ
872 1314 902 1339 ἐν

113 1357 243 1393 συνεδρίῳ
256 1357 331 1393 παρὰ
347 1357 401 1384 τῶν
416 1357 617 1393 πρεσϐυτέρων,
630 1359 677 1385 καὶ
693 1358 811 1394 δημοσίᾳ
824 1358 901 1394 παρὰ

111 1402 159 1429 τοῦ
173 1403 306 1439 πλήθους,
322 1404 369 1430 καὶ
391 1403 421 1430 τὺ
441 1404 616 1439 γραμμάτιον
639 1405 708 1431 αὺτά
728 1404 816 1431 ταῦτα
839 1405 900 1432 καθ’

111 1449 224 1475 ἕκαστον
241 1449 341 1484 διεξήει
355 1468 362 1480 ,
389 1449 503 1485 πάτριον
526 1447 614 1482 εῖναι,
645 1451 691 1477 καὶ
712 1451 899 1484 ἀποστολικὸν,

117 1493 302 1530 Ἐρυθρίτιδας
315 1493 383 1522 εἶναι
400 1496 446 1522 καὶ
457 1496 560 1528 ταύτας
570 1496 619 1528 τὰς
639 1497 816 1532 Ἐκκλησίας·
830 1497 898 1524 ἀπο-

112 1540 254 1566 πασιάσαι
276 1541 305 1567 δέ
337 1541 421 1572 αὐτὰς
448 1541 517 1576 πρὸς
541 1541 656 1577 Ὠρίωνα
682 1542 729 1568 τὸν
753 1543 897 1578 μακάριον,

110 1585 276 1621 πορρωτέρω
297 1594 326 1611 τε
342 1585 406 1611 δντα
428 1585 584 1622 πρεσϐύτην
597 1607 604 1619 ,
621 1587 667 1614 καὶ
690 1586 780 1614 αἰτίαν
802 1587 898 1622 ἔχοντα

109 1631 264 1666 πραότατον
287 1629 366 1658 εἶναι.
383 1631 468 1658 Τοῦτο
481 1632 535 1668 γὰρ
558 1631 609 1668 ήδη
629 1633 675 1659 καὶ⁸
690 1633 837 1669 λοιδόρημα
851 1633 896 1668 γέ‹

109 1687 187 1713 γονεν
204 1679 256 1705 ὑπὸ
270 1679 324 1705 τῶν
336 1678 483 1712 ἀξιούντων
499 1679 648 1715 ἱερωσύνην
666 1681 814 1715 προστάτιν
828 1678 898 1708 εῖναι

109 1725 143 1751 τὰ
170 1725 210 1756 είς
234 1724 394 1760 ἀνθρώπους
409 1725 457 1752 καὶ
485 1725 709 1760 πολυπράγμονα.
734 1726 789 1752 Καὶ
803 1726 896 1762 ἐπειδὴ

109 1770 252 1806 παρέτεινε
273 1771 344 1802 ζῶν,
361 1771 411 1796 οὐκ
436 1769 599 1805 ἀνασχέσθαι
615 1772 770 1806 περιμεῖναι
789 1770 836 1797 τοῦ
859 1770 898 1797 δι-

109 1817 186 1844 καίου
203 1817 251 1852 τὴν
273 1817 400 1852 τελευτὴν
412 1837 419 1848 ,
437 1816 505 1843 ἀλλὰ
523 1816 704 1852 προϐαλέσθαι
718 1816 764 1843 τὸν
780 1816 897 1852 μακαρί-

107 1871 158 1898 την
173 1863 306 1898 Σιδήριον.
329 1863 430 1889 Ἐδόκει
454 1862 509 1898 γὰρ
527 1860 603 1894 οὗτος
628 1863 689 1894 νέος
709 1871 738 1889 τε
758 1860 827 1890 εἶναι
849 1863 897 1890 καὶ

110 1908 209 1944 ῥέκτης
222 1908 291 1944 ἀνὴρ
305 1927 313 1940 ,
327 1908 381 1934 ἀπὸ
403 1909 453 1943 τῆς
471 1907 547 1943 παρὰ
563 1907 669 1942 βασιλεῖ
685 1907 797 1934 Βάλεντι
815 1916 896 1943 στρα-

107 1953 183 1984 τείας
209 1953 284 1988 ἦκων
304 1953 373 1979 κατά
400 1952 494 1988 χρείαν
513 1952 606 1987 ἀγρῶν
621 1952 786 1987 αἰτηθέντων
803 1953 897 1988 ἐπιμε‹

107 1998 182 2030 λείας
193 2019 200 2031 ,
218 1996 274 2031 οἷος
290 1998 403 2034 ἐχθρούς
418 2006 447 2024 τε
463 1998 598 2029 κακῶσαι,
612 1999 659 2025 καὶ
676 1998 770 2033 φίλους
788 1997 893 2033 ὀνῆσαι.

107 2046 174 2072 Τότε
194 2045 223 2072 δὲ
242 2046 290 2072 καὶ
304 2045 414 2080 ἐκράτει
439 2045 474 2072 τὰ
499 2044 552 2071 τῶν
570 2044 712 2080 αἱρέσεων.
728 2044 828 2080 Πλήθει
841 2045 895 2081 γὰρ

107 2091 261 2127 περιῆσαν·
281 2091 328 2118 καὶ
351 2090 446 2126 καιρδν
473 2088 544 2125 εἶχεν
569 2091 586 2125 ή
616 2090 755 2126 δεινότης,
780 2091 895 2127 ὕργανον

107 2135 174 2164 οὖσα
189 2138 356 2173 φρονήσεως.
370 2137 470 2164 Τοῦτον
485 2134 532 2163 οὖν
543 2136 591 2163 ἕνα
605 2136 654 2163 καὶ
668 2137 748 2172 μόνον
760 2137 894 2164 ἀποδεδεί-

106 2183 170 2218 χθαι
199 2183 386 2217 Παλαιϐίσκης
421 2183 576 2209 ἐπίσκοπον.
613 2182 683 2209 Ἀλλ’
710 2182 770 2209 οὐδὲ
799 2182 894 2210 τοῦτον

954 947 1075 975 virorum
1088 948 1190 982 luctus,
1209 951 1354 978 mulierum
1373 953 1504 987 ululatus,
1520 962 1668 990 puerorum
1684 957 1743 992 plo-

952 997 1040 1020 ratus.
1057 992 1107 1021 Hic
1121 1001 1260 1029 parentem
1275 996 1443 1030 desiderare,
1458 999 1502 1026 hic
1519 1000 1614 1033 lilium,
1627 1002 1742 1030 fratrem

953 1039 1023 1067 alius
1038 1040 1163 1069 dicebat:
1183 1042 1222 1070 ita,
1238 1050 1287 1078 pro
1300 1048 1409 1072 attalum
1425 1045 1555 1080 gradibus
1569 1049 1741 1082 cognationis

953 1087 1065 1114 nomina
1084 1087 1253 1116 dividebant.
1271 1090 1345 1117 Inter
1361 1090 1418 1117 hazc
1433 1099 1495 1118 cum
1507 1092 1599 1120 dicere
1615 1094 1742 1122 nonnihil

952 1133 1125 1167 aggrederer,
1136 1134 1223 1162 media
1236 1135 1270 1163 de
1285 1137 1364 1164 turba
1373 1137 1483 1165 libellus
1494 1139 1642 1173 profertur.
1654 1139 1742 1176 Rogat

954 1177 1054 1212 aliquis
1070 1182 1099 1204 ut
1113 1178 1140 1205 in
1152 1179 1288 1214 publicum
1304 1182 1431 1210 omnibus
1445 1183 1590 1218 legeretur.
1612 1184 1684 1214 Nihil
1696 1187 1741 1215 hic

958 1227 1057 1258 praeter
1073 1225 1285 1255 obtestationem
1300 1228 1480 1264 continebat;
1505 1230 1658 1259 desinerem
1682 1233 1740 1260 vio-

950 1269 1040 1297 lenter
1061 1274 1167 1298 tentare
1194 1273 1281 1307 plebis
1303 1274 1411 1302 animos
1426 1295 1434 1306 ,
1461 1275 1741 1312 deliberationemque

951 1315 1087 1350 tantisper
1096 1315 1244 1350 differretur,
1256 1317 1320 1345 dum
1339 1318 1420 1346 liceat
1433 1320 1484 1347 sibi
1495 1321 1527 1348 ad
1543 1321 1740 1350 beatitudinem

951 1364 1028 1387 tuam
1053 1360 1192 1388 decretum
1209 1362 1243 1390 de
1258 1370 1290 1390 ea
1311 1371 1342 1390 re
1359 1371 1392 1391 ac
1416 1364 1535 1400 legatum
1553 1366 1672 1393 mittere.
1699 1368 1738 1394 Ac

951 1414 994 1434 me
1009 1407 1102 1442 potius
1116 1408 1243 1440 orabant.
1272 1413 1303 1436 ut
1328 1409 1362 1437 iis
1380 1417 1428 1445 per
1454 1410 1561 1439 litteras
1587 1412 1739 1441 advocatus

950 1459 1060 1484 essent,
1083 1461 1145 1488 qua!
1163 1453 1315 1481 didiceram
1330 1454 1460 1482 edocens.
1487 1455 1574 1491 Igitur
1588 1460 1615 1483 et
1630 1457 1657 1484 in
1673 1465 1741 1486 con-

950 1505 1027 1525 sessu
1045 1499 1207 1533 presbyteri,
1221 1503 1248 1526 et
1262 1500 1343 1535 vulgo
1359 1501 1437 1535 plebs
1452 1501 1587 1536 ferebant,
1603 1508 1630 1531 et
1643 1505 1739 1533 eadem

951 1543 1008 1577 ipsa
1032 1543 1172 1578 sigillatim
1189 1544 1298 1573 libellus
1317 1546 1565 1580 complectebatur,
1593 1556 1626 1576 ex
1650 1551 1739 1584 patria

948 1592 976 1615 et
989 1589 1143 1622 apostolica
1159 1589 1332 1617 ordinatione
1347 1590 1467 1626 Erythro
1486 1593 1659 1621 contributas
1678 1602 1739 1622 esse

948 1633 998 1661 has
1016 1633 1171 1668 Ecclesias;
1199 1635 1246 1663 sed
1270 1644 1285 1663 a
1301 1636 1382 1664 beato
1398 1637 1499 1665 Orione
1515 1638 1661 1671 defecisse,
1679 1640 1739 1667 lon-

948 1679 1010 1713 gius
1026 1683 1083 1706 tum
1100 1685 1180 1708 aetate
1193 1688 1351 1716 progresso,
1376 1686 1404 1709 et
1426 1683 1471 1710 cui
1496 1691 1603 1711 summa
1620 1683 1738 1713 facilitas

948 1724 1016 1751 vitio
1031 1724 1212 1752 tribuebatur.
1238 1724 1299 1753 Jam
1315 1726 1389 1754 enim
1415 1727 1535 1754 convicii
1551 1728 1577 1755 id
1600 1736 1661 1756 esse
1676 1729 1738 1757 loco

948 1770 1031 1804 coepit
1043 1771 1115 1805 apud
1129 1778 1187 1803 eos,
1205 1771 1252 1806 qui
1267 1772 1451 1800 sacerdotium
1468 1773 1595 1802 humanis
1609 1774 1690 1802 etiam
1708 1775 1737 1803 in

947 1816 1031 1843 rebus
1047 1816 1177 1852 praesidio
1201 1824 1233 1844 ac
1255 1817 1408 1852 patrocinio
1431 1826 1506 1852 esse.
1529 1823 1557 1846 et
1571 1818 1599 1846 in
1613 1825 1675 1847 actu
1689 1828 1737 1847 re-

948 1869 1008 1888 rum
1024 1862 1126 1889 versari
1146 1866 1243 1897 putant
1256 1867 1393 1897 oportere.
1419 1862 1471 1896 Qui
1488 1871 1551 1890 cum
1569 1864 1674 1892 diutius
1696 1865 1737 1891 vi-

948 1912 1003 1934 tam
1021 1908 1196 1943 produceret,
1211 1915 1266 1935 non
1283 1908 1381 1936 fecisse
1397 1909 1470 1940 illos,
1488 1914 1517 1936 ut
1532 1909 1601 1942 justi
1617 1910 1736 1938 hominis

946 1953 1048 1980 exitum
1066 1953 1302 1988 pra‘stolarentur,
1325 1953 1373 1980 sed
1391 1954 1478 1981 beatae
1499 1954 1637 1982 memoriae
1654 1954 1735 1983 Side-

946 1999 1019 2026 rium
1035 1999 1160 2034 elegisse.
1182 1997 1298 2027 Iuvenis
1312 1999 1384 2026 enim
1399 1999 1445 2026 hic
1458 2007 1521 2027 esse
1537 2000 1692 2033 videbatur,
1708 2005 1735 2029 et

946 2045 974 2071 in
999 2044 1105 2080 agendo
1126 2048 1274 2076 strenuus,
1298 2045 1344 2079 qui
1369 2044 1403 2072 ab
1419 2043 1542 2073 Valentis
1560 2047 1734 2081 imperatoris

945 2090 1068 2118 exercitu
1083 2090 1219 2123 veniebat,
1244 2095 1274 2117 ut
1289 2097 1370 2125 agros
1386 2091 1539 2126 postulatos
1554 2091 1733 2120 administra-

945 2141 997 2168 ret,
1012 2137 1147 2171 ejusmodi
1162 2137 1215 2169 vir,
1229 2137 1275 2172 qui
1291 2141 1318 2164 et
1336 2137 1457 2165 inimicis
1472 2145 1582 2168 nocere.
1600 2143 1626 2165 et
1636 2139 1735 2166 amicis

944 2182 1076 2218 prodesse
1091 2186 1196 2218 posset.
1211 2182 1263 2210 Per
1283 2183 1309 2210 id
1323 2187 1432 2218 tempus
1448 2183 1560 2211 haeresis
1575 2183 1734 2212 dominaba.

106 2228 262 2264 lvOéspmc'
279 2228 420 2264 ἐκθέσμως
439 2228 489 2264 μὲν
509 2225 555 2256 οὖν
574 2227 631 2263 (94)
644 2247 652 2262 ,
665 2229 716 2255 ὅσα
736 2236 769 2262 γε
780 2227 834 2255 τῶν
849 2237 895 2263 γε-

950 2233 1003 2256 tur.
1018 2227 1086 2255 Nam
1103 2228 1279 2256 multitudine
1293 2229 1458 2264 superabat;
1471 2233 1499 2257 et
1515 2233 1669 2266 opportuna
1684 2229 1734 2258 ad-

703 2316 796 2347 DION.
814 2317 953 2345 PETAVII
973 2317 1091 2346 NOTIE.

152 2400 207 2436 (94)
237 2400 405 2439 Ἐπιθέσμως
431 2399 489 2439 μέγ
511 2396 578 2439 οὔτε
603 2398 730 2439 Nicaznus
761 2399 893 2439 canon}

105 2434 266 2471 episcopum
279 2436 357 2470 jubet
374 2434 619 2471 a_pr0\'incialibus
637 2435 767 2471 (uultibus
787 2434 893 2461 consti-

106 2468 156 2503 tui,
184 2468 210 2499 si
229 2471 255 2498 id
273 2468 417 2498 commode
433 2470 522 2504 possit
546 2469 613 2496 ﬁeri.
643 2469 692 2496 Sin
713 2470 813 2499 minus,
836 2473 893 2504 tres

104 2506 217 2532 omnino
238 2506 380 2536 interesse,
403 2503 450 2537 qui
473 2504 640 2537 reliquorum
660 2511 826 2531 consensum
843 2503 893 2530 ha-

105 2541 186 2567 beant
200 2541 311 2574 scriptis
325 2547 495 2575 expressum.
513 2537 550 2565 Τὸ
568 2539 596 2566 δὲ
616 2538 698 2575 κῦρος
717 2539 771 2575 τῶν
786 2537 894 2572 γινομέ-

104 2583 158 2601 νων
177 2573 293 2601 δίδοσθαι
316 2573 376 2600 καθ¹
400 2574 518 2609 ἑκάστην
538 2573 674 2609 ἐπαρχίαν
696 2573 735 2608 τῷ
756 2581 894 2609 μητροπο-

104 2609 165 2646 λίτῃ
181 2617 188 2625 ’
218 2609 346 2636 Ρὶνηιὶιαι
374 2614 462 2646 autem
492 2616 582 2635 eorum
606 2616 671 2646 quq
687 2614 825 2646 geruntur,
846 2615 892 2641 per

104 2643 315 2682 unamquamque
329 2644 512 2682 provinciam_.
533 2643 736 2682 metropolitano
755 2643 894 2682 tribuatur

103 2678 234 2715 episcopo.
252 2678 312 2712 Quo
329 2680 363 2715 in?
372 2686 478 2706 canone
490 2678 526 2715 de
539 2679 661 2715 episcopi
677 2678 817 2715 creatione
833 2678 892 2712 ipsa

105 2712 309 2755 siveelectionc
323 2714 433 2755 agitur_;
448 2712 663 2755 quaeila’populi
678 2713 815 2755 suﬂragiis
829 2720 893 2755 per-

104 2750 174 2777 mitti
201 2749 328 2781 solebat,
342 2747 383 2776 fut
405 2748 440 2776 iis
458 2747 633 2784 moderandis
657 2756 688 2784 ac
705 2747 892 2784 guberuandis

105 2786 230 2814 adessent
244 2804 251 2817 ,
278 2784 334 2811 imo
370 2787 502 2811 raacssent
516 2783 647 2818 episcopi.
667 2782 721 2810 Nec
737 2782 891 2810 audiendus

105 2820 241 2846 Balsamo.
258 2819 306 2846 aui
322 2791 367 2846 adp
372 2819 446 2846 hunc
460 2825 591 2846 canonem
606 2818 743 2846 observat.
756 2818 819 2844 olim
830 2817 891 2846 uui-

105 2820 241 2852 Balsamo.
258 2819 306 2855 qui
322 2818 356 2846 ad
372 2819 446 2846 hunc
460 2825 591 2855 canonem
606 2818 819 2855 observat._olim
830 2818 891 2855 qui:

105 2856 165 2883 dem
191 2851 337 2891 episcopos
360 2861 376 2881 a
401 2853 501 2889 populo
516 2853 694 2881 consuevissc
715 2853 818 2889 deligi;
839 2851 890 2879 sed

945 2403 1019 2433 quod
1034 2399 1061 2426 in
1079 2398 1219 2433 suffragiis
1234 2399 1356 2426 ferendis
1370 2398 1404 2427 de
1422 2405 1516 2434 eorum
1537 2402 1591 2426 vrta
1608 2398 1731 2434 quaedam

945 2434 1081 2461 interdum
1097 2434 1188 2461 minus
1202 2434 1299 2462 decora
1313 2438 1339 2461 et
1353 2434 1466 2461 honesta
1481 2433 1660 2468 jactarentur.
1677 2442 1733 2460 mo-

945 2476 1003 2496 rem
1019 2469 1095 2496 illum
1119 2469 1171 2496 hoc
1186 2476 1291 2496 canone
1315 2469 1473 2504 abrogatum
1491 2468 1586 2504 fuisse,
1602 2476 1642 2504 iac
1658 2469 1732 2504 dein-

945 2511 1009 2538 ceps
1017 2507 1148 2531 statutum
1158 2508 1188 2530 ut
1201 2504 1235 2531 ab
1245 2504 1379 2538 episcopis
1387 2503 1470 2531 ’ﬂeret
1478 2503 1586 2538 electio.
1595 2503 1654 2536 Quo
1663 2503 1730 2530 nihil

945 2538 998 2578 t_J_i_ci
1014 2542 1103 2578 potest
1114 2537 1271 2566 absurdius.
1286 2538 1344 2565 Non
1360 2539 1432 2578 enim
1446 2537 1585 2578 popularia
1601 2538 1730 2578 sum-agit:

945 2573 1072 2601 Nicmnus
1096 2574 1147 2601 iste
1171 2581 1259 2600 canon
1287 2573 1410 2606 sustulit,
1437 2573 1485 2601 sed
1511 2573 1573 2605 his,
1597 2573 1635 2600 uti
1660 2573 1728 2605 dixi.

945 2608 1132 2639 moderandis,
1148 2608 1192 2635 vel
1216 2615 1278 2635 cum
1296 2609 1349 2635 illis
1365 2608 1446 2634 etiam
1470 2607 1661 2642 episcoporum
1677 2615 1729 2634 au-

942 2644 1098 2670 ctoritatem
1112 2643 1196 2678 jussit
1211 2643 1345 2678 adhiberi.
1364 2642 1595 2676 Quemadmodum
1612 2643 1729 2670 Athenis

943 2678 1124 2713 popularibus
1138 2677 1320 2705 concionibus
1337 2678 1452 2713 aderant
1473 2678 1610 2713 πρόεδροι,
1635 2681 1664 2713 ut
1679 2677 1729 2704 do-

941 2711 986 2740 cet
1001 2712 1090 2740 Julius
1113 2712 1209 2740 Pollux
1232 2713 1280 2747 lib.
1305 2721 1364 2744 νιιι,
1387 2716 1414 2740 et
1430 2711 1621 2747 Harpocratio.
1639 2712 1727 2745 Quin-

941 2748 1023 2775 etiam
1040 2748 1127 2775 multo
1138 2751 1200 2782 post
1215 2746 1354 2774 Nicaanum
1370 2746 1516 2774 concilium
1532 2752 1652 2782 tempore
1666 2755 1730 2782 per-

941 2783 1076 2810 severavit
1091 2783 1117 2809 in
1134 2782 1266 2814 Ecclesia,
1285 2786 1314 2809 ut
1336 2790 1350 2808 a
1369 2782 1468 2817 populo
1491 2787 1652 2810 crearentur
1667 2783 1727 2816 epi-

944 2817 1039 2853 scopi;
1054 2817 1136 2852 idque
1148 2821 1176 2845 et
1188 2817 1351 2853 pontiﬁcum
1363 2818 1546 2844 llomanorum
1558 2821 1586 2844 et
1599 2817 1728 2853 concilio-

944 2839 1136 2881 ἷῖιῖιῖὶίεὲῖἓῖεἷ
1148 2839 1586 2888 £5;;é;aaif'e(;£;1‘i;;5.35,;
1601 2839 1727 2886 an...
