1955 3063
105 161 171 187 ΗΙἹ

663 161 855 189 EPISTOL/E.
873 177 908 184 —-
927 162 1035 190 EPIST.
1054 162 1157 191 LXVII.

1657 165 1726 193 ιιιι

107 219 186 246 Ἀλλᾶ
210 218 263 253 γὰρ
287 219 414 253 αἰτοῦμαι
435 219 601 254 συγγνώμην
627 221 673 247 ἐπὶ
698 221 737 256 τῷ
753 222 825 257 λόγῳ
838 222 887 258 τὴν

940 222 1030 256 quior,
1046 222 1166 257 junioris
1181 227 1306 258 patruus,
1321 227 1348 251 et
1363 223 1486 258 ejusdem
1502 230 1564 250 eum
1589 230 1622 250 eo
1637 223 1726 251 nomi-

103 266 179 300 ἱερὰν
201 265 247 291 τοῦ
266 265 417 300 πρεσϐύτου
437 265 538 301 ψυχήν.
556 265 655 293 Τοῦτον
681 267 783 301 ἥκοντα
807 268 888 302 μόνον

101 311 239 344 ἀποδεῖξαί
261 320 307 343 τε,
329 312 376 338 καὶ
397 312 445 338 ἐπὶ
467 312 514 338 τοῦ
535 311 629 347 θρόνου
645 313 755 340 καθίσαι
773 313 819 339 τὸν
836 322 888 348 μα-

102 358 217 392 καρίτην
248 358 380 393 Σιὸήριον.
414 357 484 384 Ἀλλ’
514 358 621 393 ἀνάγκη
646 358 700 394 γὰρ
727 359 757 385 ὲν
783 360 888 394 καιροῖς

101 402 335 438 ἁπαῤῥησιάστοις
351 403 401 438 τὴν
427 402 569 437 ἀκρίόειαν
586 403 813 439 παρασαίνεσθαι.
838 404 887 430 Διὰ

100 448 179 475 τοῦτο
192 449 237 475 τὸν
255 449 404 483 πάμμεγαν
429 448 587 476 Ἀθανὰσιον
607 449 783 485 συγχωρῆσαί
805 458 834 476 τε
848 449 888 485 τῷ

101 493 189 529 καιρῷ
201 502 208 509 ·
232 494 279 520 καὶ
291 494 352 528 μετ’
369 494 400 520 οὐ
421 493 488 521 πολὺ
506 494 608 529 δεῆσαν
622 495 651 521 ἐν
667 494 828 529 Πτολεμαΐδι
842 495 887 522 τὸν

101 539 194 566 ἐνόντα
214 539 330 575 σμικρὸν
343 539 383 566 ἔτι
397 539 447 574 τῆς
461 539 613 574 ὀρθοδοξίας
633 540 770 576 σπινθῆρα
786 540 886 576 θάλψαι

79 583 83 587 ’
99 594 129 612 τε
143 606 150 617 ,
163 586 210 612 καὶ
227 585 356 612 ἑπιπλέον
371 585 488 619 ἐξάψαι,
505 585 550 611 τὸν
565 584 649 620 ἄνδρα
665 585 760 611 τοῦτον
777 585 815 617 ὡς
829 585 888 620 μεί-

101 633 159 665 ζοσι
174 632 334 668 πράγμασιν
351 633 502 668 ἐπιτήδειον
523 634 581 659 ἐκεῖ
598 633 725 668 διαϐῆναι
749 634 885 668 κελεῦσαι,

100 679 148 714 τὴν
161 679 353 714 μητροπολῖτιν
370 679 533 714 Ἐκκλησίαν
548 680 788 715 ἐπιτροπεύσοντα.
797 681 887 715 Γῆρας

99 725 122 750 δ’
142 724 222 751 αὐτὸν
241 725 280 755 είς
302 724 351 756 τὰς
373 724 530 759 κωμήτιδας
556 726 744 760 ἐπανήγαγεν
761 723 792 753 οὗ
808 734 887 752 κατα-

101 769 200 801 λύσας,
218 769 268 795 οὐκ
291 768 353 803 ῑσχε
376 768 495 803 διάδοχον
507 787 516 800 ,
529 768 559 800 ὃς
574 769 633 796 οὐδὲ
661 770 741 802 αὐτὸς
769 770 886 805 ὑπῆλθεν

100 814 193 849 ἐτέρου
207 813 344 848 διαδοχήν.
361 813 530 840 Παλαίὸισκα
544 814 583 846 δὲ,
599 815 646 841 καὶ
665 815 768 851 ’Υδραξ
782 817 821 848 είς
836 817 886 851 τὴν

100 860 218 895 ἀρχαίαν
239 854 316 890 τάξιν
341 858 494 894 ἐτάχθησαν
508 880 516 891 ,
539 860 586 886 καὶ
610 860 678 895 πρὸς
703 860 734 887 τὸ
757 861 887 897 Ἐρυθρὸν

941 268 986 295 nis
1003 277 1009 295 :
1026 268 1131 296 caeteris
1147 269 1257 303 quidem
1280 269 1307 296 in
1332 270 1414 297 rebus
1427 277 1459 297 ex
1474 269 1631 304 praescripto
1644 268 1726 296 Chri-

941 313 1038 341 stianae
1050 313 1203 348 disciplinae
1216 314 1329 347 vivens;
1347 315 1419 349 quod
1430 319 1520 341 autem
1531 314 1565 341 ad
1576 314 1725 348 regendum

940 363 968 386 et
986 359 1136 394 parendum
1153 359 1260 391 attinet,
1285 360 1415 387 audacior
1428 367 1510 395 quam
1530 361 1618 395 legum
1632 360 1727 387 obser-

940 405 1061 431 vantiur.
1079 403 1324 432 Verumenimvero
1338 407 1474 433 sermonis
1491 405 1573 432 istius
1586 405 1694 432 veniam
1711 412 1726 432 ιι

940 456 1018 476 sacra
1034 450 1108 477 senis
1124 450 1215 477 anima
1233 450 1350 484 postulo.
1375 449 1454 477 llunc
1468 450 1557 478 solum
1572 449 1725 476 venientem

941 492 1032 520 ferunt
1050 494 1157 521 beatum
1174 493 1316 529 Syderiuin
1336 501 1457 525 creasse,
1474 497 1502 520 et
1516 494 1542 520 in
1559 494 1657 520 throno
1667 493 1726 521 col-

940 538 1054 565 locasse.
1072 538 1125 566 Sed
1142 538 1325 567 foriiiidolosis
1342 539 1511 575 temporibus
1532 546 1668 566 summum
1679 538 1722 571 ju:

946 584 1119 619 piieterniitti
1136 592 1250 612 necesse
1262 589 1315 612 est.
1329 585 1392 612 Ideo
1410 592 1537 620 magnum
1553 585 1628 611 illum
1642 584 1728 611 Atha-

940 629 1048 656 nasium
1063 629 1089 656 id
1103 630 1218 665 tempori
1234 630 1359 663 dedisse;
1374 637 1405 657 ac
1415 637 1469 657 non
1484 628 1571 656 multo
1580 632 1652 663 post,
1664 635 1726 656 cum

942 674 1068 709 exiguam
1087 675 1176 702 adhuc
1191 676 1350 703 orthodoxa:
1371 676 1431 703 fidei
1453 675 1612 706 scintillam,
1625 673 1726 710 quaein

944 719 1114 748 Ptolemaida
1129 727 1201 754 erat,
1219 721 1322 754 fovere,
1343 725 1370 749 et
1385 722 1472 757 magis
1491 721 1634 756 magisque
1645 727 1727 755 oper-

940 770 1008 794 tcret
1032 767 1192 800 accendere,
1217 768 1356 795 hominem
1379 768 1457 794 illum
1479 767 1630 802 majoribus
1643 767 1727 794 rebus

939 812 1065 847 gerendis
1082 813 1209 841 idoneum
1224 822 1257 842 eo
1271 814 1453 849 commigrare
1476 813 1604 848 iussisse,
1624 817 1655 840 ut
1669 820 1727 840 me-

940 859 1134 893 ti'opoiitanam
1152 859 1302 887 Ecciesiani
1317 860 1493 896 gubernaret.
1519 858 1574 886 Sed
1592 859 1669 886 illum
1682 865 1727 886 se-

100 905 306 940 ἀνελὴφθησαν,
333 905 467 940 δόγματι,
489 905 556 939 φασὶ
570 925 578 937 .
595 905 645 940 τῆς
672 906 821 941 σεὸασμίας
840 915 887 933 σου

940 909 1036 931 uectus
1061 904 1094 932 ad
1111 913 1233 940 pagaiias
1249 905 1382 933 ecclesias
1405 904 1529 938 reduxit;
1555 904 1601 932 ubi
1630 911 1645 931 e
1671 905 1727 931 vita

100 951 230 986 κεφαλῆς.
248 951 301 979 Καὶ
320 951 408 986 τούτῳ
431 951 463 987 δὴ
490 951 607 986 μάλιστα
621 952 728 979 πάντων
742 953 886 984 ἐνέκειντο,

99 997 138 1031 τῷ
166 997 203 1032 μὴ
228 996 283 1024 δεῖν
307 995 461 1024 ἀθετεῖσθαι
487 997 533 1030 τὸν
556 997 633 1032 παρᾶ
656 997 704 1023 σοῦ
730 997 886 1033 θρονισμόν.

100 1042 253 1078 Γράμματα
267 1043 316 1078 μὲν
338 1041 385 1069 οὖν
397 1062 405 1074 ,
426 1042 517 1077 ᾔτησα
531 1042 585 1078 γὰρ
595 1062 604 1074 ,
622 1043 673 1069 οὐκ
687 1042 760 1078 εἶχον
784 1043 888 1070 ἀποδεις

99 1088 195 1115 κνὺναι
210 1088 266 1124 [πρ.
285 1087 413 1124 ὲπιδεικ.]
424 1096 430 1102 ·
447 1088 613 1120 ἐπισκόπους
634 1088 663 1115 δὲ
678 1089 732 1115 τῶν
753 1089 888 1124 συνέδρων

99 1134 247 1160 ἀνίστασαν
276 1133 426 1169 μάρτυρας.
452 1130 531 1160 Οὗτοι
557 1133 585 1160 δὲ
613 1133 736 1167 ἔφασαν,
759 1135 886 1170 ἐπιστολῇ

99 1179 308 1214 πειθαρχοῦντες
321 1179 427 1206 ἐκεῖθεν
442 1179 546 1214 ἡκούσῃ
557 1199 564 1210 ,
592 1179 687 1206 πεῦσιν
703 1180 766 1215 περὶ
781 1180 886 1208 Παύλου

100 1223 240 1259 προθεῖναι
263 1223 302 1258 τῷ
325 1223 403 1258 δήμῳ
417 1231 425 1239 ο
445 1224 492 1250 καὶ
515 1223 594 1256 δόξαν
611 1224 712 1250 ἆπασιν
740 1225 888 1251 ἐπίσκοπον

99 1269 188 1304 ἔχειν,
211 1267 353 1301 ἀνενέγκαι
384 1268 448 1303 περὶ
474 1268 574 1295 αὑτοῦ·
600 1268 663 1300 τοὺς
687 1267 716 1294 δὲ
747 1267 888 1303 θρονιστὰς

100 1315 209 1350 ἑτέρους
229 1313 367 1348 γενέσθαι.
384 1313 439 1340 Καὶ
465 1314 493 1341 εῐ
511 1322 557 1348 μοι
581 1314 660 1345 δίδως
675 1315 776 1345 εἰπεῖν,
796 1315 887 1350 Πάτερ

100 1359 307 1396 σεὸασμιώτατι
322 1379 330 1391 ,
358 1360 460 1390 ἐκεῖνος
488 1356 522 1394 ἦν
542 1358 626 1390 ὅντως
650 1359 664 1385 ὁ
689 1359 783 1394 καιρὸς
806 1360 821 1385 ό
839 1360 888 1394 τῆς

100 1407 231 1442 σκέψεως.
248 1406 285 1432 Τὸ
300 1404 355 1440 γὰρ
369 1404 516 1439 ἀφελέσθαι
537 1404 583 1430 τοῦ
601 1404 639 1439 μὴ
663 1403 826 1440 χαρίσασθαι
842 1404 887 1431 λυ-

100 1453 261 1489 πηρότερον.
281 1451 360 1478 Ἀλλὰ
379 1450 514 1486 κρατείτω
530 1450 578 1476 καὶ
594 1449 642 1476 νῦν
666 1450 680 1476 ὃ
707 1459 734 1476 τι
753 1449 786 1476 ἂν
803 1450 887 1482 δόξειε

99 1500 132 1534 τῇ
147 1499 266 1533 πατρικῇ
283 1506 330 1523 σου
345 1497 460 1532 κεφαλῇ,
473 1495 506 1523 Εἰ
518 1495 572 1531 γὰρ
588 1496 618 1522 τὸ
634 1495 712 1527 δόξαν
731 1494 786 1531 [γρ.
801 1494 885 1530 δόξαι]

99 1545 162 1572 τότε
177 1544 280 1572 δίκαιον
295 1543 386 1575 αὐτοῖς
402 1543 497 1577 γέγονε
511 1563 518 1575 ,
535 1542 581 1569 καὶ
600 1541 679 1568 τοῦτο
694 1542 867 1577 προΐσχονται
877 1549 884 1556 ⁸

99 1590 130 1617 τὸ
147 1589 246 1625 μηκέτι
272 1589 377 1621 δοκεῖν,
396 1588 427 1615 τὸ
448 1587 552 1614 δίκαιον
571 1586 757 1622 μετατίθησιν.
778 1586 853 1612 Ὦσθ¹
871 1586 885 1613 ὅ

100 1645 124 1664 τι
139 1636 172 1664 ὃ.
186 1635 257 1671 γνῷς
270 1656 278 1666 ,
294 1634 373 1661 τοῦτο
387 1633 427 1669 τῷ
440 1632 536 1668 πλήθει
553 1633 655 1659 δίκαιον
672 1632 785 1666 γίνεται.
805 1631 886 1666 Ἀκοὴ

99 1682 154 1717 γὰρ
168 1680 225 1715 ζωὴ
237 1700 244 1711 ,
258 1680 305 1706 κα)⁸
319 1679 434 1710 θάνατος
451 1678 467 1713 ἡ
485 1677 624 1713 παρακοὴ.
638 1677 738 1712 Διόπερ
753 1676 803 1703 οὐκ
822 1676 886 1702 ἀντ-

99 1728 207 1762 αίρουσι
223 1727 316 1761 χεῖρας
327 1733 334 1740 ν
350 1724 407 1751 ἀλλ’
424 1723 575 1750 ἱκετεύουσι
602 1723 639 1758 μὴ
653 1722 800 1757 γενέσθαι,
819 1721 887 1754 ζῶν-

99 1782 144 1804 τος
164 1773 255 1803 αὐτοῖς
278 1771 318 1798 ἐτι
338 1770 386 1797 τοῦ
404 1770 519 1806 πατρὸς,
543 1769 667 1805 ὀρφανοί.
684 1768 761 1795 Οὕτω
773 1768 827 1804 γὰρ
841 1768 887 1794 ἐπὶ

99 1818 196 1850 λέξεως
212 1817 327 1851 λέγουσι.
345 1814 431 1850 Κάγὼ
445 1814 490 1841 τὸν
512 1814 653 1841 νεανίσκον
667 1814 717 1840 οὐκ
738 1811 797 1840 οῖδα
813 1813 887 1840 πότε-

101 1872 156 1898 ρον·
172 1861 343 1897 ἐπαινέσαιμ’
367 1861 400 1888 ἂν
418 1861 468 1896 τῆς
493 1860 569 1896 παρὰ
592 1860 702 1887 πάντων
729 1859 848 1891 εὐνοίας.
871 1859 887 1895 ἢ

102 1909 297 1945 μακαρίσαιμι.
315 1908 351 1934 Ίι
375 1907 429 1943 γὰρ
448 1907 545 1942 τέχνης
564 1907 642 1937 ἐστὶ,
666 1905 714 1932 καὶ
736 1905 887 1940 δυνάμεως,

101 1955 117 1989 ἢ
133 1955 243 1989 χάριτος
255 1952 329 1985 θείας
343 1973 350 1985 ,
367 1952 438 1979 οὕτω
459 1953 521 1984 τοὺς
542 1951 702 1988 ἀνθρώπους
718 1950 887 1987 ὲξομιλῆσαι,

101 2000 149 2027 καὶ
170 1999 439 2034 καταδημγωγῆσαι
455 1998 486 2024 τὸ
510 1997 626 2032 πλῆθος,
648 1997 719 2024 ὥστε
736 1997 782 2024 τὸν
805 1998 888 2033 χωρὶς

101 2045 184 2072 αὑτοῦ
199 2045 255 2080 βίον
273 2044 388 2071 ἀϐίωτον
403 2043 504 2071 ἅπασιν
518 2041 598 2071 εἶναι.
616 2043 661 2070 Διὸ
674 2043 744 2076 δόξει
759 2043 808 2079 μὲν
825 2043 889 2078 περὶ

102 2091 191 2118 αὐτῶν
212 2092 245 2126 τῇ
271 2089 453 2126 φιλανθρώπῳ
468 2088 515 2116 σοῦ
533 2089 612 2124 φύσει
625 2089 866 2124 φιλανθρωπότερα
880 2097 887 2104 ⁸

102 2138 164 2172 ἐμοὶ
186 2137 214 2163 δὲ
238 2136 379 2163 ἐπανιτέον
396 2137 435 2168 εἰς
461 2135 528 2163 ἄστυ
547 2143 553 2150 ·
580 2135 660 2161 κάκεῖ
679 2134 817 2170 περιμενῶ
842 2134 888 2161 τοῦ

102 2182 230 2217 ποιητέου
251 2181 281 2208 τὸ
302 2181 435 2216 σύνθημα.
457 2181 491 2206 Ἀ
515 2180 537 2206 δ’
559 2178 605 2206 οὖν
625 2181 654 2207 ὲν
682 2181 742 2211 ταῖς
763 2180 889 2215 τέτρασιν

936 947 1083 978 discedens
1107 958 1296 978 successorem
1322 958 1377 978 non
1400 951 1517 983 habuit;
1540 950 1588 986 qui
1611 957 1645 977 ne
1668 949 1727 985 ipse

935 994 1048 1030 quidem
1064 996 1180 1024 alterius
1195 997 1223 1024 in
1249 997 1339 1025 locum
1366 999 1550 1024 successerat.
1578 995 1727 1022 Palaebisca

937 1049 1019 1076 porro
1043 1045 1071 1070 et
1098 1041 1208 1077 Hydra:
1235 1043 1264 1070 in
1298 1042 1442 1077 antiquam
1467 1042 1583 1069 formam
1610 1041 1727 1068 redacta:

937 1091 1012 1119 sunt,
1026 1091 1054 1114 et
1072 1087 1189 1123 Erythro
1202 1088 1379 1119 contributae,
1394 1092 1452 1119 tuo,
1467 1091 1498 1114 iit
1513 1090 1652 1118 asserunt,
1676 1087 1725 1114 dc-

936 1136 1023 1159 cretu.
1042 1132 1075 1159 Et
1089 1133 1115 1160 iii
1132 1133 1183 1160 hoc
1201 1133 1374 1167 potissimum
1391 1132 1578 1159 insistebant:
1595 1139 1650 1158 iion
1665 1139 1728 1159 esse

945 1183 1021 1205 tuam
1046 1179 1120 1206 illam
1136 1179 1304 1206 creationem
1329 1178 1538 1213 antiquandam.
1562 1178 1601 1205 Ac
1622 1178 1727 1206 litteras

937 1225 1047 1259 quidem
1064 1233 1126 1252 cum
1140 1228 1271 1260 peterem,
1291 1227 1488 1259 repraesentare
1503 1223 1616 1251 minime
1633 1228 1728 1258 potue-

937 1275 1019 1303 runt;
1036 1271 1180 1306 episcopos
1193 1277 1258 1297 vero
1269 1277 1303 1297 ex
1316 1270 1434 1297 concilio
1446 1270 1552 1304 aliquot
1565 1273 1648 1296 testes
1663 1276 1727 1304 pro-

937 1316 1076 1343 duxerunt
1091 1325 1098 1343 ;
1115 1320 1198 1350 atque
1215 1315 1233 1343 ii
1244 1314 1372 1342 dixerunt
1392 1322 1433 1348 se,
1453 1315 1546 1342 missis
1561 1315 1637 1341 illinc
1654 1314 1729 1341 litte-

938 1362 977 1388 ris
1000 1369 1103 1389 morem
1129 1365 1267 1395 gerentes,
1283 1359 1452 1395 rogationem
1471 1359 1506 1386 ad
1535 1360 1665 1395 populum
1694 1360 1730 1388 ile

937 1405 1024 1433 Paulo
1039 1406 1153 1439 tulisse;
1179 1413 1262 1441 quem
1285 1413 1347 1433 cum
1363 1405 1492 1432 omnibus
1505 1405 1655 1439 placuisset
1670 1404 1730 1439 cpi-

937 1459 1050 1486 scopum
1066 1451 1177 1484 habere,
1192 1452 1227 1479 de
1238 1458 1272 1478 eo
1287 1451 1434 1484 retulisse;
1451 1451 1520 1478 alios
1537 1458 1619 1486 porro
1633 1450 1729 1478 eadem

940 1497 968 1523 in
983 1497 1048 1524 sede
1064 1497 1226 1525 collocasse.
1251 1497 1290 1524 Ac
1303 1497 1326 1524 si
1342 1497 1411 1524 mihi
1424 1496 1517 1524 dicere
1531 1504 1578 1531 per
1594 1500 1631 1529 te,
1648 1496 1729 1524 Pater

939 1543 1107 1576 venerande,
1122 1542 1212 1574 liceat,
1232 1542 1298 1570 illud
1315 1550 1379 1571 vere
1395 1542 1605 1570 deliberationis
1620 1546 1728 1578 tempus

940 1587 999 1614 l'uit.
1025 1587 1092 1615 Nam
1121 1588 1231 1616 aul'erre
1260 1588 1346 1615 multo
1365 1594 1434 1620 erat,
1451 1596 1532 1623 quam
1557 1596 1612 1616 non
1628 1595 1728 1616 conce-

937 1634 1022 1666 dere,
1048 1635 1202 1662 molestius.
1241 1634 1429 1662 Nihilominus
1455 1635 1549 1662 vincat
1577 1635 1727 1662 etiamnum

937 1678 1069 1714 quidquid
1096 1679 1254 1714 paternitati
1283 1683 1337 1706 tua:
1364 1679 1453 1706 visum
1481 1679 1574 1706 fuerit.
1603 1678 1672 1706 Nam
1702 1679 1727 1708 si

937 1724 1010 1760 quod
1027 1728 1083 1751 tum
1099 1725 1188 1752 visum
1200 1729 1259 1752 erat
1274 1725 1408 1760 projuslo
1423 1725 1458 1752 ab
1472 1725 1526 1753 illis
1541 1725 1663 1754 habitum
1674 1731 1726 1759 est,

937 1773 965 1798 et
984 1770 1035 1797 hoc
1059 1770 1149 1805 ipsum
1174 1770 1292 1806 allegant
1310 1779 1318 1803 ;
1343 1778 1398 1798 non
1415 1771 1532 1806 amplius
1547 1771 1646 1805 videri,
1660 1772 1728 1807 justi

937 1815 1072 1843 rationein
1085 1819 1246 1844 commutat.
1270 1816 1362 1849 Quare
1378 1816 1563 1852 quodcunque
1586 1818 1728 1848 statueris,

939 1861 991 1889 hoc
1007 1861 1078 1897 plebi
1093 1862 1174 1896 211
1186 1862 1292 1896 justum
1311 1862 1374 1889 erit.
1400 1863 1513 1890 Auditio
1527 1862 1601 1890 enim
1618 1863 1684 1894 vita,
1701 1868 1729 1890 et

938 1907 1112 1936 contumacia
1130 1912 1271 1935 moreest.
1297 1906 1400 1934 idcirco
1426 1915 1478 1934 non
1505 1911 1602 1934 contra
1631 1915 1728 1935 manus

938 1954 1079 1985 attollunt,
1099 1953 1148 1981 sed
1171 1958 1252 1980 orant
1268 1954 1402 1980 duntaxat
1427 1958 1454 1980 et
1479 1954 1665 1987 obtestantur,
1694 1963 1728 1983 ne

939 2003 1050 2034 parente
1066 1999 1128 2026 vivo
1144 1999 1260 2033 orphani
1276 2006 1337 2026 esse
1349 2002 1485 2033 cogantur
1500 2008 1506 2026 :
1523 1999 1559 2026 ita
1574 1999 1647 2026 enim
1663 2007 1729 2027 con-

939 2044 1027 2079 ceptis
1039 2044 1132 2072 verbis
1158 2044 1317 2079 loquuntur.
1345 2043 1476 2079 Equidem
1491 2044 1623 2078 juvenem
1651 2046 1726 2072 illum

938 2091 972 2118 de
987 2093 1063 2116 tanla
1078 2089 1201 2116 omnium
1218 2089 1406 2117 benevolentia
1418 2097 1449 2116 ac
1465 2089 1556 2117 studio
1573 2090 1727 2123 laudcnine.

939 2144 973 2163 an
1006 2134 1115 2162 beatum
1147 2135 1302 2170 praedicem,
1332 2135 1435 2163 nescio.
1462 2136 1516 2162 Aut
1543 2136 1616 2162 enim
1648 2135 1728 2163 indu-

940 2182 1016 2209 striae
1030 2185 1081 2213 est,
1101 2185 1148 2208 aut
1166 2181 1316 2215 facultatis,
1332 2186 1381 2209 aut
1396 2182 1490 2217 gratia:
1514 2182 1623 2215 divinae,
1643 2191 1729 2218 usque

103 2227 220 2262 ἡμέραις
240 2226 433 2261 διῳκησάμην,
449 2225 482 2257 ἃς
496 2226 525 2251 ὲν
538 2227 594 2256 τοῖς
605 2225 667 2261 τῇδε
680 2225 773 2257 τόποις
790 2225 887 2262 διέτρι-

940 2233 974 2253 eo
989 2225 1124 2253 demereri
1141 2225 1204 2257 sibi,
1229 2233 1261 2253 ac
1276 2226 1423 2254 conciliare
1450 2226 1585 2259 homines,
1611 2231 1641 2254 ut
1671 2227 1730 2254 sine

102 2273 158 2307 ψα,
181 2271 284 2298 τούτων
307 2272 356 2298 οὐκ
387 2272 530 2306 ἀγνοήσεις
558 2272 649 2298 ὅντινα
667 2270 752 2297 τύπον
774 2270 889 2298 ἕκαστον

103 2318 217 2352 εὕρατο·
240 2317 286 2344 καὶ
308 2316 345 2351 μὴ
360 2316 502 2352 θαυμάσῃς
521 2315 547 2342 εἴ
562 2324 627 2342 ποτε
646 2315 692 2342 τὸν
709 2316 790 2343 αὑτὸν
803 2313 833 2342 εὖ
847 2324 888 2347 τε,

103 2363 151 2390 καὶ
176 2362 268 2393 κακῶς
290 2363 377 2388 εἰπεῖν
402 2369 447 2396 μοι
471 2361 603 2395 συμϐαίη.
624 2361 662 2387 Οὐ
690 2361 744 2396 γὰρ
767 2361 814 2387 ἐπὶ
834 2362 890 2393 τοῖς

103 2409 195 2440 αὐτοῖς
218 2408 348 2442 ἑκάτερα.
372 2407 413 2433 Τὰ
438 2406 588 2441 πράγματα
608 2405 637 2432 δὲ
664 2407 816 2433 ἐπαινεῖται
843 2407 890 2433 καὶ

103 2454 228 2489 ψέγεται.

942 2272 1002 2306 ipso
1016 2271 1098 2298 vitam
1113 2271 1166 2299 sibi
1185 2271 1298 2299 minime
1313 2273 1422 2299 vitalem
1437 2271 1605 2300 existiment.
1628 2272 1731 2306 Quam-

941 2313 1036 2344 obrem
1052 2324 1100 2352 pro
1116 2321 1163 2344 tua
1177 2317 1345 2345 humanitate
1360 2322 1386 2344 tu
1400 2318 1509 2352 quidem
1528 2317 1686 2345 humaniore
1698 2317 1731 2345 de

942 2362 989 2389 illo
1004 2365 1127 2395 statues;
1153 2362 1219 2389 mihi
1235 2369 1298 2390 vero
1314 2362 1340 2390 iii
1365 2363 1458 2390 urbem
1474 2362 1642 2390 redeundum
1666 2368 1708 2390 est
1722 2372 1730 2390 :

941 2407 978 2436 ibi
995 2407 1067 2442 ejus.
1083 2407 1156 2442 quod
1173 2407 1239 2434 mihi
1255 2407 1409 2434 faciendum
1433 2408 1479 2439 sit,
1499 2412 1630 2435 tesseram
1644 2415 1675 2436 ac
1693 2409 1731 2436 si-

941 2460 1026 2487 gnum
1049 2452 1239 2487 prastolabor.
1263 2451 1323 2479 Jam
1349 2459 1412 2478 vero
1438 2460 1498 2487 quae
1524 2453 1589 2480 totis
1613 2457 1732 2487 quatuor

105 2504 201 2532 diebus
215 2502 297 2537 gessi,
313 2501 414 2536 quibus
426 2507 487 2528 sum
503 2499 530 2527 in
547 2499 590 2527 liis
607 2499 675 2527 locis
706 2505 844 2532 versatus,
874 2507 924 2527 nec
940 2508 1034 2528 eorum
1060 2500 1210 2536 quidquam
1235 2500 1374 2536 ignorabis
1397 2508 1449 2534 qua
1476 2501 1511 2528 sit
1529 2508 1544 2528 a
1568 2509 1611 2529 me
1626 2501 1733 2529 ratione

105 2550 277 2586 dispositum.
292 2546 385 2582 Neque
402 2554 467 2573 Vero
481 2545 578 2571 mirum
595 2543 643 2571 tibi
661 2543 744 2571 videri
759 2544 850 2576 debet,
863 2546 886 2573 si
906 2546 1031 2573 eumdem
1045 2544 1193 2580 aliquando
1205 2544 1317 2572 laudare
1329 2552 1362 2571 ac
1377 2545 1534 2578 vituperare
1565 2545 1633 2572 mihi
1664 2553 1732 2574 con-

105 2600 204 2633 tingat.
227 2594 294 2622 Nam
309 2602 363 2621 non
388 2593 484 2620 iisdem
504 2591 538 2618 de
562 2591 654 2618 causis
674 2595 820 2625 utrumque
845 2591 999 2619 instituitur

143 2666 240 2697 Στάσις
259 2665 288 2690 ὲν
304 2664 359 2695 τοῖς
375 2662 429 2698 (95)
447 2661 516 2688 κατὰ
530 2660 646 2696 Χριστὸν
662 2660 798 2695 ἀδελφοῖς,
813 2660 895 2688 καλὸν

1026 2600 1032 2618 :
1057 2599 1102 2619 res
1126 2591 1192 2626 ipsae
1213 2597 1298 2625 porro
1316 2590 1464 2617 laudantur
1480 2598 1513 2618 ac
1526 2590 1730 2626 vituperantur.

983 2659 1144 2686 Animorum
1169 2657 1345 2686 Christianos
1366 2658 1440 2686 inter
1463 2658 1563 2686 fratres
1579 2659 1732 2687 dissensio-

707 2749 798 2776 DlON.
816 2749 955 2778 PETAVI!
975 2747 1091 2776 NOTAE.

145 2831 202 2866 (95)
223 2829 332 2861 Σιὰσις
347 2829 383 2855 ἐν
406 2827 476 2866 τοῖς.
501 2827 592 2866 Alte_ra
611 2827 805 2866 controversia
826 2827 895 2866 duos
950 2824 1147 2866 (iue'siiperi‘us
1171 2824 1274 2866 mentio
1290 2823 1426 2866 recteest.
1442 2827 1468 2851 et
1490 2823 1649 2866 υἰριςργιιιιι

111 2856 343 2901 inter-[episcopus
359 2867 418 2891 orta
433 2856 531 2894 fuerat,
553 2862 666 2889 Paulum
682 2861 848 2897 Erythriten,
863 2861 897 2889 de
951 2856 1072 2887 dauiteii.
1102 2859 1148 2888 Est
1179 2863 1268 2887 autem
1296 2858 1430 2886 Dardanis
1458 2858 1529 2895 apud
1558 2856 1736 2885 Ploiellll'um

274 2911 411 2940 Panos.
433 2909 492 2939 Gn.
511 2908 559 2939 LX
569 2908 620 2938 Vl.

1530 2903 1569 2933 1ι5
