  <div class='ocr_page' id='page_1' title='image "/cluster/home/n/w/nwhite01/storage/ocr_20150623/66/njp.32101077772695/741.png"; bbox 0 0 1955 3063; ppageno 0'>
   <div class='ocr_carea' id='block_1_1' title="bbox 227 157 297 187">
    <p class='ocr_par' dir='ltr' id='par_1_1' title="bbox 227 157 297 187">
     <span class='ocr_line' id='line_1_1' title="bbox 227 157 297 187; baseline 0 0"><span class='ocrx_word' id='word_1_1' title='bbox 227 157 297 187; x_wconf 69' lang='lat' dir='ltr'><strong>HIS</strong></span> 
     </span>
    </p>
   </div>
   <div class='ocr_carea' id='block_1_2' title="bbox 771 151 1333 181">
    <p class='ocr_par' dir='ltr' id='par_1_2' title="bbox 771 151 1333 181">
     <span class='ocr_line' id='line_1_2' title="bbox 771 151 1333 181; baseline -0.002 -1"><span class='ocrx_word' id='word_1_2' title='bbox 771 153 905 180; x_wconf 76' lang='lat' dir='ltr'><strong>SYNESll</strong></span> <span class='ocrx_word' id='word_1_3' title='bbox 926 151 1160 181; x_wconf 79' lang='lat' dir='ltr'><strong>[‘TOLEMAIDIS</strong></span> <span class='ocrx_word' id='word_1_4' title='bbox 1179 152 1333 180; x_wconf 83' lang='lat' dir='ltr'><strong>EPlSCOPl</strong></span> 
     </span>
    </p>
   </div>
   <div class='ocr_carea' id='block_1_3' title="bbox 1803 153 1868 180">
    <p class='ocr_par' dir='ltr' id='par_1_3' title="bbox 1803 153 1868 180">
     <span class='ocr_line' id='line_1_3' title="bbox 1803 153 1868 180; baseline -0.031 0"><span class='ocrx_word' id='word_1_5' title='bbox 1803 153 1868 180; x_wconf 70' lang='lat'><strong>“1&#39;0</strong></span> 
     </span>
    </p>
   </div>
   <div class='ocr_carea' id='block_1_4' title="bbox 225 209 1012 251">
    <p class='ocr_par' dir='ltr' id='par_1_4' title="bbox 225 214 1012 251">
     <span class='ocr_line' id='line_1_4' title="bbox 225 214 1012 251; baseline -0.009 -6"><span class='ocrx_word' id='word_1_6' title='bbox 225 224 288 246; x_wconf 86' lang='lat' dir='ltr'><strong>nem</strong></span> <span class='ocrx_word' id='word_1_7' title='bbox 305 217 381 244; x_wconf 88' lang='lat' dir='ltr'><strong>nullo</strong></span> <span class='ocrx_word' id='word_1_8' title='bbox 398 215 508 251; x_wconf 86' lang='lat' dir='ltr'><strong>quidem</strong></span> <span class='ocrx_word' id='word_1_9' title='bbox 524 214 592 242; x_wconf 83' lang='lat' dir='ltr'><strong>oriri</strong></span> <span class='ocrx_word' id='word_1_10' title='bbox 615 217 737 249; x_wconf 87' lang='lat' dir='ltr'><strong>tempore</strong></span> <span class='ocrx_word' id='word_1_11' title='bbox 752 214 854 240; x_wconf 89' lang='lat' dir='ltr'><strong>bonum</strong></span> <span class='ocrx_word' id='word_1_12' title='bbox 880 218 939 245; x_wconf 86' lang='lat' dir='ltr'><strong>est;</strong></span> <span class='ocrx_word' id='word_1_13' title='bbox 966 218 1012 239; x_wconf 77' lang='lat' dir='ltr'><strong>nec</strong></span> 
     </span>
    </p>
   </div>
   <div class='ocr_carea' id='block_1_5' title="bbox 1066 209 1868 251">
    <p class='ocr_par' dir='ltr' id='par_1_5' title="bbox 1070 209 1868 247">
     <span class='ocr_line' id='line_1_5' title="bbox 1070 209 1868 247; baseline -0.003 -8"><span class='ocrx_word' id='word_1_14' title='bbox 1070 212 1120 247; x_wconf 80' lang='grc' dir='ltr'>μὲν</span> <span class='ocrx_word' id='word_1_15' title='bbox 1135 213 1159 238; x_wconf 82' lang='grc' dir='ltr'>εἰ</span> <span class='ocrx_word' id='word_1_16' title='bbox 1179 211 1313 247; x_wconf 81' lang='grc' dir='ltr'>μηδέποτε</span> <span class='ocrx_word' id='word_1_17' title='bbox 1329 210 1422 245; x_wconf 75' lang='grc' dir='ltr'>φύοιτο</span> <span class='ocrx_word' id='word_1_18' title='bbox 1436 218 1442 225; x_wconf 89' lang='grc'>·</span> <span class='ocrx_word' id='word_1_19' title='bbox 1460 210 1623 246; x_wconf 71' lang='grc' dir='ltr'>φυεῖσαΙτρ.</span> <span class='ocrx_word' id='word_1_20' title='bbox 1640 209 1725 246; x_wconf 71' lang='grc' dir='ltr'>φῦσα]</span> <span class='ocrx_word' id='word_1_21' title='bbox 1742 210 1771 236; x_wconf 73' lang='grc' dir='ltr'><strong>δὲ</strong></span> <span class='ocrx_word' id='word_1_22' title='bbox 1788 211 1868 237; x_wconf 76' lang='grc' dir='ltr'>καλὸν</span> 
     </span>
    </p>
   </div>
   <div class='ocr_carea' id='block_1_6' title="bbox 224 258 1017 296">
    <p class='ocr_par' dir='ltr' id='par_1_6' title="bbox 224 258 1017 296">
     <span class='ocr_line' id='line_1_6' title="bbox 224 258 1017 296; baseline -0.008 -6"><span class='ocrx_word' id='word_1_23' title='bbox 224 263 317 290; x_wconf 89' lang='lat' dir='ltr'><strong>minus</strong></span> <span class='ocrx_word' id='word_1_24' title='bbox 339 262 454 294; x_wconf 86' lang='lat' dir='ltr'><strong>bonum,</strong></span> <span class='ocrx_word' id='word_1_25' title='bbox 479 265 573 296; x_wconf 82' lang='lat' dir='ltr'><strong>postea</strong></span> <span class='ocrx_word' id='word_1_26' title='bbox 597 267 678 294; x_wconf 87' lang='lat' dir='ltr'><strong>quam</strong></span> <span class='ocrx_word' id='word_1_27' title='bbox 699 263 795 286; x_wconf 68' lang='lat' dir='ltr'><strong>exorta</strong></span> <span class='ocrx_word' id='word_1_28' title='bbox 823 258 916 290; x_wconf 80' lang='lat' dir='ltr'><strong>fuerit,</strong></span> <span class='ocrx_word' id='word_1_29' title='bbox 936 258 1017 294; x_wconf 83' lang='lat' dir='ltr'><strong>paulo</strong></span> 
     </span>
    </p>
   </div>
   <div class='ocr_carea' id='block_1_7' title="bbox 225 304 1019 344">
    <p class='ocr_par' dir='ltr' id='par_1_7' title="bbox 225 304 1019 344">
     <span class='ocr_line' id='line_1_7' title="bbox 225 304 1019 344; baseline -0.008 -9"><span class='ocrx_word' id='word_1_30' title='bbox 225 313 288 344; x_wconf 85' lang='lat' dir='ltr'><strong>post</strong></span> <span class='ocrx_word' id='word_1_31' title='bbox 308 307 452 343; x_wconf 86' lang='lat' dir='ltr'><strong>restingui.</strong></span> <span class='ocrx_word' id='word_1_32' title='bbox 470 305 616 341; x_wconf 82' lang='lat' dir='ltr'><strong>Propterea</strong></span> <span class='ocrx_word' id='word_1_33' title='bbox 641 305 739 333; x_wconf 90' lang='lat' dir='ltr'><strong>litteris</strong></span> <span class='ocrx_word' id='word_1_34' title='bbox 764 304 819 331; x_wconf 88' lang='lat' dir='ltr'><strong>tuis</strong></span> <span class='ocrx_word' id='word_1_35' title='bbox 842 310 947 330; x_wconf 90' lang='lat' dir='ltr'><strong>morem</strong></span> <span class='ocrx_word' id='word_1_36' title='bbox 972 310 1019 337; x_wconf 81' lang='lat' dir='ltr'><strong>ge-</strong></span> 
     </span>
    </p>
   </div>
   <div class='ocr_carea' id='block_1_8' title="bbox 225 348 1018 386">
    <p class='ocr_par' dir='ltr' id='par_1_8' title="bbox 225 348 1018 386">
     <span class='ocr_line' id='line_1_8' title="bbox 225 348 1018 386; baseline -0.008 -5"><span class='ocrx_word' id='word_1_37' title='bbox 225 361 301 386; x_wconf 88' lang='lat' dir='ltr'><strong>rens,</strong></span> <span class='ocrx_word' id='word_1_38' title='bbox 323 360 435 380; x_wconf 85' lang='lat' dir='ltr'><strong>causam</strong></span> <span class='ocrx_word' id='word_1_39' title='bbox 452 351 659 386; x_wconf 72' lang='lat' dir='ltr'><strong>disceptandam</strong></span> <span class='ocrx_word' id='word_1_40' title='bbox 685 350 804 384; x_wconf 82' lang='lat' dir='ltr'><strong>suscepi,</strong></span> <span class='ocrx_word' id='word_1_41' title='bbox 830 353 858 377; x_wconf 87' lang='lat' dir='ltr'><strong>et</strong></span> <span class='ocrx_word' id='word_1_42' title='bbox 882 348 1018 384; x_wconf 80' lang='lat' dir='ltr'><strong>ejusmodi</strong></span> 
     </span>
    </p>
   </div>
   <div class='ocr_carea' id='block_1_9' title="bbox 225 395 1017 432">
    <p class='ocr_par' dir='ltr' id='par_1_9' title="bbox 225 395 1017 432">
     <span class='ocr_line' id='line_1_9' title="bbox 225 395 1017 432; baseline -0.009 -4"><span class='ocrx_word' id='word_1_43' title='bbox 225 399 425 428; x_wconf 76' lang='lat' dir='ltr'><strong>controversia:</strong></span> <span class='ocrx_word' id='word_1_44' title='bbox 440 405 529 425; x_wconf 63' lang='lat' dir='ltr'><strong>aures&#39;</strong></span> <span class='ocrx_word' id='word_1_45' title='bbox 541 397 663 424; x_wconf 85' lang='lat' dir='ltr'><strong>adhibui.</strong></span> <span class='ocrx_word' id='word_1_46' title='bbox 678 396 707 423; x_wconf 90' lang='lat' dir='ltr'><strong>In</strong></span> <span class='ocrx_word' id='word_1_47' title='bbox 724 395 849 432; x_wconf 81' lang='lat' dir='ltr'><strong>llydrace</strong></span> <span class='ocrx_word' id='word_1_48' title='bbox 866 395 928 422; x_wconf 93' lang='lat' dir='ltr'><strong>vico</strong></span> <span class='ocrx_word' id='word_1_49' title='bbox 938 395 1017 421; x_wconf 87' lang='lat' dir='ltr'><strong>locus</strong></span> 
     </span>
    </p>
   </div>
   <div class='ocr_carea' id='block_1_10' title="bbox 225 440 1019 481">
    <p class='ocr_par' dir='ltr' id='par_1_10' title="bbox 225 440 1019 481">
     <span class='ocr_line' id='line_1_10' title="bbox 225 440 1019 481; baseline -0.009 -8"><span class='ocrx_word' id='word_1_50' title='bbox 225 445 336 481; x_wconf 81' lang='lat' dir='ltr'><strong>quidem</strong></span> <span class='ocrx_word' id='word_1_51' title='bbox 350 448 393 473; x_wconf 84' lang='lat' dir='ltr'><strong>est</strong></span> <span class='ocrx_word' id='word_1_52' title='bbox 405 444 558 472; x_wconf 89' lang='lat' dir='ltr'><strong>editissima</strong></span> <span class='ocrx_word' id='word_1_53' title='bbox 576 443 604 470; x_wconf 91' lang='lat' dir='ltr'><strong>in</strong></span> <span class='ocrx_word' id='word_1_54' title='bbox 623 446 700 477; x_wconf 85' lang='lat' dir='ltr'><strong>parte</strong></span> <span class='ocrx_word' id='word_1_55' title='bbox 716 451 723 475; x_wconf 90' lang='lat'><strong>;</strong></span> <span class='ocrx_word' id='word_1_56' title='bbox 747 441 820 477; x_wconf 88' lang='lat' dir='ltr'><strong>quod</strong></span> <span class='ocrx_word' id='word_1_57' title='bbox 835 441 900 468; x_wconf 91' lang='lat' dir='ltr'><strong>olim</strong></span> <span class='ocrx_word' id='word_1_58' title='bbox 914 440 1019 467; x_wconf 86' lang='lat' dir='ltr'><strong>castel-</strong></span> 
     </span>
    </p>
   </div>
   <div class='ocr_carea' id='block_1_11' title="bbox 225 487 1018 524">
    <p class='ocr_par' dir='ltr' id='par_1_11' title="bbox 225 487 1018 524">
     <span class='ocr_line' id='line_1_11' title="bbox 225 487 1018 524; baseline -0.008 -4"><span class='ocrx_word' id='word_1_59' title='bbox 225 492 282 520; x_wconf 93' lang='lat' dir='ltr'><strong>lum</strong></span> <span class='ocrx_word' id='word_1_60' title='bbox 295 495 355 520; x_wconf 87' lang='lat' dir='ltr'><strong>erat</strong></span> <span class='ocrx_word' id='word_1_61' title='bbox 375 490 609 522; x_wconf 86' lang='lat' dir='ltr'><strong>munitissimum;</strong></span> <span class='ocrx_word' id='word_1_62' title='bbox 627 496 682 524; x_wconf 89' lang='lat' dir='ltr'><strong>quo</strong></span> <span class='ocrx_word' id='word_1_63' title='bbox 696 492 778 516; x_wconf 65' lang='lat' dir='ltr'><strong>terrae</strong></span> <span class='ocrx_word' id='word_1_64' title='bbox 794 491 870 515; x_wconf 88' lang='lat' dir='ltr'><strong>motu</strong></span> <span class='ocrx_word' id='word_1_65' title='bbox 890 487 1018 522; x_wconf 81' lang='lat' dir='ltr'><strong>disjeeto.</strong></span> 
     </span>
    </p>
   </div>
   <div class='ocr_carea' id='block_1_12' title="bbox 226 531 1018 571">
    <p class='ocr_par' dir='ltr' id='par_1_12' title="bbox 226 531 1018 571">
     <span class='ocr_line' id='line_1_12' title="bbox 226 531 1018 571; baseline -0.005 -7"><span class='ocrx_word' id='word_1_66' title='bbox 226 536 297 564; x_wconf 79' lang='lat' dir='ltr'><strong>nihil</strong></span> <span class='ocrx_word' id='word_1_67' title='bbox 314 539 415 571; x_wconf 57' lang='lat' dir='ltr'><strong>prater</strong></span> <span class='ocrx_word' id='word_1_68' title='bbox 430 534 554 562; x_wconf 85' lang='lat' dir='ltr'><strong>desertas</strong></span> <span class='ocrx_word' id='word_1_69' title='bbox 568 533 719 569; x_wconf 88' lang='lat' dir='ltr'><strong>parietinas</strong></span> <span class='ocrx_word' id='word_1_70' title='bbox 734 531 881 567; x_wconf 78' lang='lat' dir='ltr'><strong>superfuit.</strong></span> <span class='ocrx_word' id='word_1_71' title='bbox 901 531 935 559; x_wconf 77' lang='lat' dir='ltr'><strong>Et</strong></span> <span class='ocrx_word' id='word_1_72' title='bbox 951 532 1018 560; x_wconf 88' lang='lat' dir='ltr'><strong>hac-</strong></span> 
     </span>
    </p>
   </div>
   <div class='ocr_carea' id='block_1_13' title="bbox 225 578 1020 616">
    <p class='ocr_par' dir='ltr' id='par_1_13' title="bbox 225 578 1020 616">
     <span class='ocr_line' id='line_1_13' title="bbox 225 578 1020 616; baseline -0.004 -7"><span class='ocrx_word' id='word_1_73' title='bbox 225 586 307 610; x_wconf 89' lang='lat' dir='ltr'><strong>tenus</strong></span> <span class='ocrx_word' id='word_1_74' title='bbox 347 580 457 616; x_wconf 90' lang='lat' dir='ltr'><strong>quidem</strong></span> <span class='ocrx_word' id='word_1_75' title='bbox 483 580 586 614; x_wconf 78' lang='lat' dir='ltr'><strong>aliquot</strong></span> <span class='ocrx_word' id='word_1_76' title='bbox 610 579 652 607; x_wconf 93' lang='lat' dir='ltr'><strong>sui</strong></span> <span class='ocrx_word' id='word_1_77' title='bbox 676 579 803 614; x_wconf 83' lang='lat' dir='ltr'><strong>partibus</strong></span> <span class='ocrx_word' id='word_1_78' title='bbox 828 578 861 605; x_wconf 86' lang='lat' dir='ltr'><strong>ad</strong></span> <span class='ocrx_word' id='word_1_79' title='bbox 886 582 1020 613; x_wconf 85' lang='lat' dir='ltr'><strong>utrosque</strong></span> 
     </span>
    </p>
   </div>
   <div class='ocr_carea' id='block_1_14' title="bbox 225 623 1018 659">
    <p class='ocr_par' dir='ltr' id='par_1_14' title="bbox 225 623 1018 659">
     <span class='ocr_line' id='line_1_14' title="bbox 225 623 1018 659; baseline -0.005 -5"><span class='ocrx_word' id='word_1_80' title='bbox 225 633 295 655; x_wconf 87' lang='lat' dir='ltr'><strong>usus</strong></span> <span class='ocrx_word' id='word_1_81' title='bbox 311 625 549 653; x_wconf 85' lang='lat' dir='ltr'><strong>accommodatum</strong></span> <span class='ocrx_word' id='word_1_82' title='bbox 576 624 675 652; x_wconf 79' lang='lat' dir='ltr'><strong>fuerat.</strong></span> <span class='ocrx_word' id='word_1_83' title='bbox 700 623 752 651; x_wconf 85' lang='lat' dir='ltr'><strong>Sed</strong></span> <span class='ocrx_word' id='word_1_84' title='bbox 779 624 935 659; x_wconf 77' lang='lat' dir='ltr'><strong>ingruentia</strong></span> <span class='ocrx_word' id='word_1_85' title='bbox 955 624 1018 651; x_wconf 84' lang='lat' dir='ltr'><strong>belli</strong></span> 
     </span>
    </p>
   </div>
   <div class='ocr_carea' id='block_1_15' title="bbox 224 669 1019 708">
    <p class='ocr_par' dir='ltr' id='par_1_15' title="bbox 224 669 1019 708">
     <span class='ocr_line' id='line_1_15' title="bbox 224 669 1019 708; baseline -0.005 -8"><span class='ocrx_word' id='word_1_86' title='bbox 224 675 365 708; x_wconf 81' lang='lat' dir='ltr'><strong>tempora,</strong></span> <span class='ocrx_word' id='word_1_87' title='bbox 379 669 601 707; x_wconf 82' lang='lat' dir='ltr'><strong>quandoquidem</strong></span> <span class='ocrx_word' id='word_1_88' title='bbox 617 678 696 698; x_wconf 89' lang='lat' dir='ltr'><strong>muro</strong></span> <span class='ocrx_word' id='word_1_89' title='bbox 708 669 792 705; x_wconf 85' lang='lat' dir='ltr'><strong>cingi,</strong></span> <span class='ocrx_word' id='word_1_90' title='bbox 807 673 833 698; x_wconf 86' lang='lat' dir='ltr'><strong>et</strong></span> <span class='ocrx_word' id='word_1_91' title='bbox 848 669 882 697; x_wconf 88' lang='lat' dir='ltr'><strong>ad</strong></span> <span class='ocrx_word' id='word_1_92' title='bbox 896 670 1019 705; x_wconf 84' lang='lat' dir='ltr'><strong>priscum</strong></span> 
     </span>
    </p>
   </div>
   <div class='ocr_carea' id='block_1_16' title="bbox 221 716 1019 757">
    <p class='ocr_par' dir='ltr' id='par_1_16' title="bbox 221 716 1019 757">
     <span class='ocr_line' id='line_1_16' title="bbox 221 716 1019 757; baseline -0.004 -11"><span class='ocrx_word' id='word_1_93' title='bbox 221 723 306 746; x_wconf 82' lang='lat' dir='ltr'><strong>usum</strong></span> <span class='ocrx_word' id='word_1_94' title='bbox 332 718 457 746; x_wconf 85' lang='lat' dir='ltr'><strong>revocari</strong></span> <span class='ocrx_word' id='word_1_95' title='bbox 483 721 597 752; x_wconf 82' lang='lat' dir='ltr'><strong>potest,</strong></span> <span class='ocrx_word' id='word_1_96' title='bbox 623 716 729 757; x_wconf 62' lang='lat' dir='ltr'><strong>faciunt</strong></span> <span class='ocrx_word' id='word_1_97' title='bbox 755 721 785 744; x_wconf 87' lang='lat' dir='ltr'><strong>ut</strong></span> <span class='ocrx_word' id='word_1_98' title='bbox 808 716 1019 751; x_wconf 82' lang='lat' dir='ltr'><strong>possessoribus</strong></span> 
     </span>
    </p>
   </div>
   <div class='ocr_carea' id='block_1_17' title="bbox 222 761 1018 799">
    <p class='ocr_par' dir='ltr' id='par_1_17' title="bbox 222 761 1018 799">
     <span class='ocr_line' id='line_1_17' title="bbox 222 761 1018 799; baseline -0.003 -7"><span class='ocrx_word' id='word_1_99' title='bbox 222 764 286 792; x_wconf 75' lang='lat' dir='ltr'><strong>suis</strong></span> <span class='ocrx_word' id='word_1_100' title='bbox 300 763 419 799; x_wconf 73' lang='lat' dir='ltr'><strong>ingentis</strong></span> <span class='ocrx_word' id='word_1_101' title='bbox 435 762 582 790; x_wconf 85' lang='lat' dir='ltr'><strong>admodum</strong></span> <span class='ocrx_word' id='word_1_102' title='bbox 596 762 677 797; x_wconf 86' lang='lat' dir='ltr'><strong>pretii</strong></span> <span class='ocrx_word' id='word_1_103' title='bbox 694 769 756 790; x_wconf 89' lang='lat' dir='ltr'><strong>esse</strong></span> <span class='ocrx_word' id='word_1_104' title='bbox 772 762 908 790; x_wconf 86' lang='lat' dir='ltr'><strong>videatur.</strong></span> <span class='ocrx_word' id='word_1_105' title='bbox 919 761 956 790; x_wconf 88' lang='lat' dir='ltr'><strong>De</strong></span> <span class='ocrx_word' id='word_1_106' title='bbox 968 762 1018 790; x_wconf 89' lang='lat' dir='ltr'><strong>hoc</strong></span> 
     </span>
    </p>
   </div>
   <div class='ocr_carea' id='block_1_18' title="bbox 222 808 1019 844">
    <p class='ocr_par' dir='ltr' id='par_1_18' title="bbox 222 808 1019 844">
     <span class='ocr_line' id='line_1_18' title="bbox 222 808 1019 844; baseline -0.001 -7"><span class='ocrx_word' id='word_1_107' title='bbox 222 810 299 837; x_wconf 80' lang='lat' dir='ltr'><strong>inter</strong></span> <span class='ocrx_word' id='word_1_108' title='bbox 312 808 412 836; x_wconf 83' lang='lat' dir='ltr'><strong>fratres</strong></span> <span class='ocrx_word' id='word_1_109' title='bbox 423 813 534 836; x_wconf 87' lang='lat' dir='ltr'><strong>nostros</strong></span> <span class='ocrx_word' id='word_1_110' title='bbox 548 809 589 843; x_wconf 93' lang='lat' dir='ltr'><strong>(ut</strong></span> <span class='ocrx_word' id='word_1_111' title='bbox 602 813 628 836; x_wconf 90' lang='lat' dir='ltr'><strong>et</strong></span> <span class='ocrx_word' id='word_1_112' title='bbox 641 808 709 836; x_wconf 88' lang='lat' dir='ltr'><strong>alios</strong></span> <span class='ocrx_word' id='word_1_113' title='bbox 722 808 826 844; x_wconf 84' lang='lat' dir='ltr'><strong>antea),</strong></span> <span class='ocrx_word' id='word_1_114' title='bbox 841 808 1019 844; x_wconf 81' lang='lat' dir='ltr'><strong>religiosissi-</strong></span> 
     </span>
    </p>
   </div>
   <div class='ocr_carea' id='block_1_19' title="bbox 225 853 1019 890">
    <p class='ocr_par' dir='ltr' id='par_1_19' title="bbox 225 853 1019 890">
     <span class='ocr_line' id='line_1_19' title="bbox 225 853 1019 890; baseline 0 -8"><span class='ocrx_word' id='word_1_115' title='bbox 225 855 287 883; x_wconf 75' lang='lat' dir='ltr'><strong>‘mos</strong></span> <span class='ocrx_word' id='word_1_116' title='bbox 302 854 447 890; x_wconf 87' lang='lat' dir='ltr'><strong>episcopos</strong></span> <span class='ocrx_word' id='word_1_117' title='bbox 473 853 635 882; x_wconf 82' lang='lat' dir='ltr'><strong>Dioscorum</strong></span> <span class='ocrx_word' id='word_1_118' title='bbox 654 859 680 882; x_wconf 86' lang='lat' dir='ltr'><strong>et</strong></span> <span class='ocrx_word' id='word_1_119' title='bbox 692 853 819 887; x_wconf 85' lang='lat' dir='ltr'><strong>Paulum,</strong></span> <span class='ocrx_word' id='word_1_120' title='bbox 839 862 946 883; x_wconf 90' lang='lat' dir='ltr'><strong>summa</strong></span> <span class='ocrx_word' id='word_1_121' title='bbox 959 859 1019 883; x_wconf 89' lang='lat' dir='ltr'><strong>erat</strong></span> 
     </span>
    </p>
   </div>
   <div class='ocr_carea' id='block_1_20' title="bbox 1072 256 1869 293">
    <p class='ocr_par' dir='ltr' id='par_1_20' title="bbox 1072 256 1869 293">
     <span class='ocr_line' id='line_1_20' title="bbox 1072 256 1869 293; baseline -0.003 -9"><span class='ocrx_word' id='word_1_122' title='bbox 1072 258 1097 284; x_wconf 83' lang='grc' dir='ltr'><strong>εί</strong></span> <span class='ocrx_word' id='word_1_123' title='bbox 1116 257 1185 292; x_wconf 80' lang='grc' dir='ltr'>μετὰ</span> <span class='ocrx_word' id='word_1_124' title='bbox 1194 257 1291 293; x_wconf 75' lang='grc' dir='ltr'>μικρὸν</span> <span class='ocrx_word' id='word_1_125' title='bbox 1308 256 1430 283; x_wconf 80' lang='grc' dir='ltr'>παύοιτο.</span> <span class='ocrx_word' id='word_1_126' title='bbox 1447 257 1485 282; x_wconf 80' lang='grc' dir='ltr'><strong>Δι’</strong></span> <span class='ocrx_word' id='word_1_127' title='bbox 1499 256 1566 283; x_wconf 81' lang='grc' dir='ltr'>αὐτὸ</span> <span class='ocrx_word' id='word_1_128' title='bbox 1580 256 1712 291; x_wconf 77' lang='grc' dir='ltr'>δήτοῦτο,</span> <span class='ocrx_word' id='word_1_129' title='bbox 1725 257 1774 282; x_wconf 79' lang='grc' dir='ltr'>καὶ</span> <span class='ocrx_word' id='word_1_130' title='bbox 1785 257 1869 291; x_wconf 68' lang='grc' dir='ltr'>γράμ-</span> 
     </span>
    </p>
   </div>
   <div class='ocr_carea' id='block_1_21' title="bbox 1075 300 1867 337">
    <p class='ocr_par' dir='ltr' id='par_1_21' title="bbox 1075 300 1867 337">
     <span class='ocr_line' id='line_1_21' title="bbox 1075 300 1867 337; baseline -0.001 -9"><span class='ocrx_word' id='word_1_131' title='bbox 1075 310 1141 337; x_wconf 86' lang='grc' dir='ltr'>ματι</span> <span class='ocrx_word' id='word_1_132' title='bbox 1155 301 1379 337; x_wconf 55' lang='grc' dir='ltr'>καταπεμφθῄτι</span> <span class='ocrx_word' id='word_1_133' title='bbox 1395 300 1691 336; x_wconf 41' lang='grc' dir='ltr'>πειθόμενοςιδιαιτᾷν</span> <span class='ocrx_word' id='word_1_134' title='bbox 1703 302 1867 336; x_wconf 65' lang='grc' dir='ltr'>ἠνεσχόμην,</span> 
     </span>
    </p>
   </div>
   <div class='ocr_carea' id='block_1_22' title="bbox 1072 347 1868 383">
    <p class='ocr_par' dir='ltr' id='par_1_22' title="bbox 1072 347 1868 383">
     <span class='ocr_line' id='line_1_22' title="bbox 1072 347 1868 383; baseline -0.001 -9"><span class='ocrx_word' id='word_1_135' title='bbox 1072 348 1121 374; x_wconf 84' lang='grc' dir='ltr'>καὶ</span> <span class='ocrx_word' id='word_1_136' title='bbox 1141 347 1246 374; x_wconf 79' lang='grc' dir='ltr'>δέδωκα</span> <span class='ocrx_word' id='word_1_137' title='bbox 1273 347 1322 378; x_wconf 83' lang='grc' dir='ltr'><strong>τὰς</strong></span> <span class='ocrx_word' id='word_1_138' title='bbox 1347 347 1433 379; x_wconf 76' lang='grc' dir='ltr'>ἀκοὰς</span> <span class='ocrx_word' id='word_1_139' title='bbox 1460 347 1663 383; x_wconf 69' lang='grc' dir='ltr'>ἀμφισϐητήσει</span> <span class='ocrx_word' id='word_1_140' title='bbox 1694 348 1796 382; x_wconf 79' lang='grc' dir='ltr'>τοιᾷδε.</span> <span class='ocrx_word' id='word_1_141' title='bbox 1827 348 1868 373; x_wconf 82' lang='grc' dir='ltr'>Ἐν</span> 
     </span>
    </p>
   </div>
   <div class='ocr_carea' id='block_1_23' title="bbox 1074 393 1868 430">
    <p class='ocr_par' dir='ltr' id='par_1_23' title="bbox 1074 393 1868 430">
     <span class='ocr_line' id='line_1_23' title="bbox 1074 393 1868 430; baseline 0 -10"><span class='ocrx_word' id='word_1_142' title='bbox 1074 394 1192 430; x_wconf 76' lang='grc' dir='ltr'>’Υδρακι</span> <span class='ocrx_word' id='word_1_143' title='bbox 1217 396 1250 430; x_wconf 84' lang='grc' dir='ltr'><strong>τῇ</strong></span> <span class='ocrx_word' id='word_1_144' title='bbox 1276 393 1366 430; x_wconf 84' lang='grc' dir='ltr'>κώμῃ,</span> <span class='ocrx_word' id='word_1_145' title='bbox 1392 394 1492 430; x_wconf 82' lang='grc' dir='ltr'>χωρίον</span> <span class='ocrx_word' id='word_1_146' title='bbox 1513 395 1572 420; x_wconf 73' lang='grc' dir='ltr'>ἐστὶ</span> <span class='ocrx_word' id='word_1_147' title='bbox 1590 394 1639 429; x_wconf 84' lang='grc' dir='ltr'>τῆς</span> <span class='ocrx_word' id='word_1_148' title='bbox 1650 394 1749 429; x_wconf 82' lang='grc' dir='ltr'>κώμης</span> <span class='ocrx_word' id='word_1_149' title='bbox 1766 394 1868 420; x_wconf 74' lang='grc' dir='ltr'>αὐτότὸ</span> 
     </span>
    </p>
   </div>
   <div class='ocr_carea' id='block_1_24' title="bbox 1075 437 1866 476">
    <p class='ocr_par' dir='ltr' id='par_1_24' title="bbox 1075 437 1866 476">
     <span class='ocr_line' id='line_1_24' title="bbox 1075 437 1866 476; baseline 0 -10"><span class='ocrx_word' id='word_1_150' title='bbox 1075 439 1288 475; x_wconf 80' lang='grc' dir='ltr'><strong>μετεωρότατον,</strong></span> <span class='ocrx_word' id='word_1_151' title='bbox 1302 439 1318 465; x_wconf 83' lang='grc' dir='ltr'><strong>ὃ</strong></span> <span class='ocrx_word' id='word_1_152' title='bbox 1333 439 1417 467; x_wconf 85' lang='grc' dir='ltr'>πάλαι</span> <span class='ocrx_word' id='word_1_153' title='bbox 1427 440 1476 475; x_wconf 78' lang='grc' dir='ltr'>μὲν</span> <span class='ocrx_word' id='word_1_154' title='bbox 1484 437 1517 475; x_wconf 80' lang='grc' dir='ltr'>ἦν</span> <span class='ocrx_word' id='word_1_155' title='bbox 1530 439 1658 476; x_wconf 81' lang='grc' dir='ltr'>φρούριον</span> <span class='ocrx_word' id='word_1_156' title='bbox 1670 440 1866 475; x_wconf 76' lang='grc' dir='ltr'>ἐρυμνότατον·</span> 
     </span>
    </p>
   </div>
   <div class='ocr_carea' id='block_1_25' title="bbox 1073 485 1867 521">
    <p class='ocr_par' dir='ltr' id='par_1_25' title="bbox 1073 485 1867 521">
     <span class='ocr_line' id='line_1_25' title="bbox 1073 485 1867 521; baseline 0 -9"><span class='ocrx_word' id='word_1_157' title='bbox 1073 486 1285 517; x_wconf 81' lang='grc' dir='ltr'><strong>κατασείσαντος</strong></span> <span class='ocrx_word' id='word_1_158' title='bbox 1301 485 1329 512; x_wconf 77' lang='grc' dir='ltr'><strong>δὲ</strong></span> <span class='ocrx_word' id='word_1_159' title='bbox 1345 485 1392 513; x_wconf 76' lang='grc' dir='ltr'>τοῦ</span> <span class='ocrx_word' id='word_1_160' title='bbox 1421 486 1501 518; x_wconf 82' lang='grc' dir='ltr'>Θεοῦ,</span> <span class='ocrx_word' id='word_1_161' title='bbox 1523 486 1634 520; x_wconf 83' lang='grc' dir='ltr'>γέγονεν</span> <span class='ocrx_word' id='word_1_162' title='bbox 1660 485 1867 521; x_wconf 78' lang='grc' dir='ltr'>ἐκλελειμμένον</span> 
     </span>
    </p>
   </div>
   <div class='ocr_carea' id='block_1_26' title="bbox 1073 529 1866 567">
    <p class='ocr_par' dir='ltr' id='par_1_26' title="bbox 1073 529 1866 567">
     <span class='ocr_line' id='line_1_26' title="bbox 1073 529 1866 567; baseline -0.001 -9"><span class='ocrx_word' id='word_1_163' title='bbox 1073 531 1202 565; x_wconf 80' lang='grc' dir='ltr'>ὲρείπιον.</span> <span class='ocrx_word' id='word_1_164' title='bbox 1211 531 1288 562; x_wconf 82' lang='grc' dir='ltr'><strong>Τέως</strong></span> <span class='ocrx_word' id='word_1_165' title='bbox 1300 531 1350 566; x_wconf 84' lang='grc' dir='ltr'>μὲν</span> <span class='ocrx_word' id='word_1_166' title='bbox 1361 529 1408 557; x_wconf 80' lang='grc' dir='ltr'>οὖν</span> <span class='ocrx_word' id='word_1_167' title='bbox 1414 531 1514 565; x_wconf 80' lang='grc' dir='ltr'>ὀλίγοις</span> <span class='ocrx_word' id='word_1_168' title='bbox 1527 531 1582 558; x_wconf 68' lang='grc' dir='ltr'>τισὶ</span> <span class='ocrx_word' id='word_1_169' title='bbox 1589 531 1643 558; x_wconf 86' lang='grc' dir='ltr'>τῶν</span> <span class='ocrx_word' id='word_1_170' title='bbox 1654 531 1752 558; x_wconf 72' lang='grc' dir='ltr'>ἑαυτοῦ</span> <span class='ocrx_word' id='word_1_171' title='bbox 1766 531 1866 567; x_wconf 78' lang='grc' dir='ltr'>μερῶν,</span> 
     </span>
    </p>
   </div>
   <div class='ocr_carea' id='block_1_27' title="bbox 1073 577 1868 614">
    <p class='ocr_par' dir='ltr' id='par_1_27' title="bbox 1073 577 1868 614">
     <span class='ocr_line' id='line_1_27' title="bbox 1073 577 1868 614; baseline 0.001 -10"><span class='ocrx_word' id='word_1_172' title='bbox 1073 578 1114 610; x_wconf 79' lang='grc' dir='ltr'><strong>εἰς</strong></span> <span class='ocrx_word' id='word_1_173' title='bbox 1127 577 1260 613; x_wconf 79' lang='grc' dir='ltr'><strong>ἑκατέρας</strong></span> <span class='ocrx_word' id='word_1_174' title='bbox 1277 577 1333 614; x_wconf 75' lang='grc' dir='ltr'>[γρ.</span> <span class='ocrx_word' id='word_1_175' title='bbox 1363 577 1473 614; x_wconf 73' lang='grc' dir='ltr'>ἑτέραςῖ</span> <span class='ocrx_word' id='word_1_176' title='bbox 1484 578 1579 613; x_wconf 80' lang='grc' dir='ltr'>χρείας</span> <span class='ocrx_word' id='word_1_177' title='bbox 1594 578 1817 613; x_wconf 78' lang='grc' dir='ltr'>διεσχημάτιστο.</span> <span class='ocrx_word' id='word_1_178' title='bbox 1837 579 1868 605; x_wconf 81' lang='grc' dir='ltr'><strong>οι</strong></span> 
     </span>
    </p>
   </div>
   <div class='ocr_carea' id='block_1_28' title="bbox 1073 621 1868 659">
    <p class='ocr_par' dir='ltr' id='par_1_28' title="bbox 1073 621 1868 659">
     <span class='ocr_line' id='line_1_28' title="bbox 1073 621 1868 659; baseline 0.001 -9"><span class='ocrx_word' id='word_1_179' title='bbox 1073 624 1101 651; x_wconf 81' lang='grc' dir='ltr'><strong>δὲ</strong></span> <span class='ocrx_word' id='word_1_180' title='bbox 1113 624 1246 659; x_wconf 77' lang='grc' dir='ltr'>παρόντες</span> <span class='ocrx_word' id='word_1_181' title='bbox 1259 621 1331 651; x_wconf 74' lang='grc' dir='ltr'>οὗτοι</span> <span class='ocrx_word' id='word_1_182' title='bbox 1348 623 1402 650; x_wconf 84' lang='grc' dir='ltr'><strong>τῶν</strong></span> <span class='ocrx_word' id='word_1_183' title='bbox 1421 624 1558 658; x_wconf 87' lang='grc' dir='ltr'>πολεμίων</span> <span class='ocrx_word' id='word_1_184' title='bbox 1573 624 1675 659; x_wconf 72' lang='grc' dir='ltr'>καιροὶ,</span> <span class='ocrx_word' id='word_1_185' title='bbox 1687 625 1754 651; x_wconf 80' lang='grc' dir='ltr'><strong>διότι</strong></span> <span class='ocrx_word' id='word_1_186' title='bbox 1768 624 1868 651; x_wconf 77' lang='grc' dir='ltr'>δύναιτ’</span> 
     </span>
    </p>
   </div>
   <div class='ocr_carea' id='block_1_29' title="bbox 1073 668 1868 704">
    <p class='ocr_par' dir='ltr' id='par_1_29' title="bbox 1073 668 1868 704">
     <span class='ocr_line' id='line_1_29' title="bbox 1073 668 1868 704; baseline -0.001 -9"><span class='ocrx_word' id='word_1_187' title='bbox 1073 669 1107 695; x_wconf 84' lang='grc' dir='ltr'>ἂν</span> <span class='ocrx_word' id='word_1_188' title='bbox 1139 668 1351 703; x_wconf 76' lang='grc' dir='ltr'>ὲκτειχισῡῆναι,</span> <span class='ocrx_word' id='word_1_189' title='bbox 1372 668 1419 695; x_wconf 76' lang='grc' dir='ltr'>καὶ</span> <span class='ocrx_word' id='word_1_190' title='bbox 1432 670 1471 701; x_wconf 89' lang='grc' dir='ltr'><strong>εἰς</strong></span> <span class='ocrx_word' id='word_1_191' title='bbox 1484 669 1534 704; x_wconf 82' lang='grc' dir='ltr'>τὴν</span> <span class='ocrx_word' id='word_1_192' title='bbox 1543 669 1658 704; x_wconf 77' lang='grc' dir='ltr'>ἀρχαίαν</span> <span class='ocrx_word' id='word_1_193' title='bbox 1672 669 1769 704; x_wconf 79' lang='grc' dir='ltr'>χρείαν</span> <span class='ocrx_word' id='word_1_194' title='bbox 1785 669 1868 696; x_wconf 78' lang='grc' dir='ltr'>ἐπαν-</span> 
     </span>
    </p>
   </div>
   <div class='ocr_carea' id='block_1_30' title="bbox 1073 713 1868 750">
    <p class='ocr_par' dir='ltr' id='par_1_30' title="bbox 1073 713 1868 750">
     <span class='ocr_line' id='line_1_30' title="bbox 1073 713 1868 750; baseline 0.001 -10"><span class='ocrx_word' id='word_1_195' title='bbox 1073 714 1171 747; x_wconf 73' lang='grc' dir='ltr'>ελθεῖν,</span> <span class='ocrx_word' id='word_1_196' title='bbox 1183 713 1232 740; x_wconf 80' lang='grc' dir='ltr'>τοῦ</span> <span class='ocrx_word' id='word_1_197' title='bbox 1246 714 1345 745; x_wconf 80' lang='grc' dir='ltr'>παντὸς</span> <span class='ocrx_word' id='word_1_198' title='bbox 1358 714 1433 747; x_wconf 78' lang='grc' dir='ltr'>ἄξιον</span> <span class='ocrx_word' id='word_1_199' title='bbox 1456 715 1521 741; x_wconf 77' lang='grc' dir='ltr'>αὐτὸ</span> <span class='ocrx_word' id='word_1_200' title='bbox 1531 715 1587 746; x_wconf 80' lang='grc' dir='ltr'>τοῖς</span> <span class='ocrx_word' id='word_1_201' title='bbox 1601 714 1781 750; x_wconf 78' lang='grc' dir='ltr'>κεκτημένοις</span> <span class='ocrx_word' id='word_1_202' title='bbox 1797 723 1868 750; x_wconf 80' lang='grc' dir='ltr'>παρ-</span> 
     </span>
    </p>
   </div>
   <div class='ocr_carea' id='block_1_31' title="bbox 1073 760 1869 796">
    <p class='ocr_par' dir='ltr' id='par_1_31' title="bbox 1073 760 1869 796">
     <span class='ocr_line' id='line_1_31' title="bbox 1073 760 1869 796; baseline 0.001 -10"><span class='ocrx_word' id='word_1_203' title='bbox 1073 760 1189 795; x_wconf 78' lang='grc' dir='ltr'>έχονται.</span> <span class='ocrx_word' id='word_1_204' title='bbox 1206 760 1292 787; x_wconf 83' lang='grc' dir='ltr'>Τοῦτο</span> <span class='ocrx_word' id='word_1_205' title='bbox 1314 761 1371 792; x_wconf 86' lang='grc' dir='ltr'>τοῖς</span> <span class='ocrx_word' id='word_1_206' title='bbox 1393 760 1517 795; x_wconf 76' lang='grc' dir='ltr'>ἀδελφοῖς</span> <span class='ocrx_word' id='word_1_207' title='bbox 1537 760 1626 795; x_wconf 72' lang='grc' dir='ltr'>ἡμῶν,</span> <span class='ocrx_word' id='word_1_208' title='bbox 1642 760 1691 796; x_wconf 67' lang='grc' dir='ltr'><strong>ἤδη</strong></span> <span class='ocrx_word' id='word_1_209' title='bbox 1715 760 1745 787; x_wconf 84' lang='grc' dir='ltr'><strong>δὲ</strong></span> <span class='ocrx_word' id='word_1_210' title='bbox 1763 761 1811 787; x_wconf 72' lang='grc' dir='ltr'><strong>καὶ</strong></span> <span class='ocrx_word' id='word_1_211' title='bbox 1828 761 1869 787; x_wconf 79' lang='grc' dir='ltr'><strong>ἄλ-</strong></span> 
     </span>
    </p>
   </div>
   <div class='ocr_carea' id='block_1_32' title="bbox 1072 804 1869 841">
    <p class='ocr_par' dir='ltr' id='par_1_32' title="bbox 1072 804 1869 841">
     <span class='ocr_line' id='line_1_32' title="bbox 1072 804 1869 841; baseline 0 -9"><span class='ocrx_word' id='word_1_212' title='bbox 1072 804 1128 837; x_wconf 87' lang='grc' dir='ltr'>λοις</span> <span class='ocrx_word' id='word_1_213' title='bbox 1145 805 1211 841; x_wconf 67' lang='grc'><strong>(96),</strong></span> <span class='ocrx_word' id='word_1_214' title='bbox 1237 806 1293 838; x_wconf 80' lang='grc' dir='ltr'>τοῖς</span> <span class='ocrx_word' id='word_1_215' title='bbox 1311 805 1520 838; x_wconf 74' lang='grc' dir='ltr'>εὐλαϐεστάτοις</span> <span class='ocrx_word' id='word_1_216' title='bbox 1547 806 1707 837; x_wconf 77' lang='grc' dir='ltr'>ἐπισκόποις</span> <span class='ocrx_word' id='word_1_217' title='bbox 1731 806 1869 841; x_wconf 74' lang='grc' dir='ltr'>Διοσκόρῳ</span> 
     </span>
    </p>
   </div>
   <div class='ocr_carea' id='block_1_33' title="bbox 1074 850 1869 888">
    <p class='ocr_par' dir='ltr' id='par_1_33' title="bbox 1074 850 1869 888">
     <span class='ocr_line' id='line_1_33' title="bbox 1074 850 1869 888; baseline 0.001 -10"><span class='ocrx_word' id='word_1_218' title='bbox 1074 851 1131 888; x_wconf 58' lang='grc' dir='ltr'><strong>[ἹῬ.</strong></span> <span class='ocrx_word' id='word_1_219' title='bbox 1144 851 1305 888; x_wconf 83' lang='grc' dir='ltr'>Διοσκορίῳ]</span> <span class='ocrx_word' id='word_1_220' title='bbox 1319 852 1367 879; x_wconf 72' lang='grc' dir='ltr'>καὶ</span> <span class='ocrx_word' id='word_1_221' title='bbox 1389 852 1489 888; x_wconf 80' lang='grc' dir='ltr'>Παύλῳ</span> <span class='ocrx_word' id='word_1_222' title='bbox 1506 852 1536 878; x_wconf 85' lang='grc' dir='ltr'>τὸ</span> <span class='ocrx_word' id='word_1_223' title='bbox 1548 852 1748 888; x_wconf 76' lang='grc' dir='ltr'>,περιμάχητον</span> <span class='ocrx_word' id='word_1_224' title='bbox 1759 850 1805 888; x_wconf 79' lang='grc' dir='ltr'><strong>ἦν.</strong></span> <span class='ocrx_word' id='word_1_225' title='bbox 1826 852 1869 879; x_wconf 81' lang='grc' dir='ltr'>Ἐν</span> 
     </span>
    </p>
   </div>
   <div class='ocr_carea' id='block_1_34' title="bbox 222 896 1012 936">
    <p class='ocr_par' dir='ltr' id='par_1_34' title="bbox 222 898 1012 936">
     <span class='ocr_line' id='line_1_34' title="bbox 222 898 1012 936; baseline -0.001 -8"><span class='ocrx_word' id='word_1_226' title='bbox 222 899 378 929; x_wconf 74' lang='lat' dir='ltr'><strong>contentio.</strong></span> <span class='ocrx_word' id='word_1_227' title='bbox 417 899 586 936; x_wconf 79' lang='lat' dir='ltr'><strong>Erythritem</strong></span> <span class='ocrx_word' id='word_1_228' title='bbox 620 899 786 928; x_wconf 88' lang='lat' dir='ltr'><strong>Dardanites</strong></span> <span class='ocrx_word' id='word_1_229' title='bbox 817 898 1012 933; x_wconf 78' lang='lat' dir='ltr'><strong>insimulabat,</strong></span> 
     </span>
    </p>
   </div>
   <div class='ocr_carea' id='block_1_35' title="bbox 1066 896 1868 936">
    <p class='ocr_par' dir='ltr' id='par_1_35' title="bbox 1068 897 1868 934">
     <span class='ocr_line' id='line_1_35' title="bbox 1068 897 1868 934; baseline 0 -10"><span class='ocrx_word' id='word_1_230' title='bbox 1068 898 1144 934; x_wconf 80' lang='grc' dir='ltr'>αἰτίᾳ</span> <span class='ocrx_word' id='word_1_231' title='bbox 1152 899 1208 934; x_wconf 81' lang='grc' dir='ltr'>γὰρ</span> <span class='ocrx_word' id='word_1_232' title='bbox 1218 898 1367 934; x_wconf 70' lang='grc' dir='ltr'>ἐπεποίητο</span> <span class='ocrx_word' id='word_1_233' title='bbox 1379 898 1425 925; x_wconf 80' lang='grc' dir='ltr'>τδν</span> <span class='ocrx_word' id='word_1_234' title='bbox 1434 897 1596 934; x_wconf 75' lang='grc' dir='ltr'>Ἐρυθρίτην</span> <span class='ocrx_word' id='word_1_235' title='bbox 1606 899 1620 924; x_wconf 89' lang='grc' dir='ltr'><strong>ό</strong></span> <span class='ocrx_word' id='word_1_236' title='bbox 1630 899 1800 934; x_wconf 76' lang='grc' dir='ltr'>Δαρδανίτης</span> <span class='ocrx_word' id='word_1_237' title='bbox 1811 899 1868 925; x_wconf 70' lang='grc' dir='ltr'>επι-</span> 
     </span>
    </p>
   </div>
   <div class='ocr_carea' id='block_1_36' title="bbox 224 943 1016 980">
    <p class='ocr_par' dir='ltr' id='par_1_36' title="bbox 224 943 1016 980">
     <span class='ocr_line' id='line_1_36' title="bbox 224 943 1016 980; baseline 0 -8"><span class='ocrx_word' id='word_1_238' title='bbox 224 944 300 980; x_wconf 88' lang='lat' dir='ltr'><strong>quod</strong></span> <span class='ocrx_word' id='word_1_239' title='bbox 313 943 600 973; x_wconf 83' lang='lat' dir='ltr'><strong>fraudulentissimum</strong></span> <span class='ocrx_word' id='word_1_240' title='bbox 616 945 764 973; x_wconf 87' lang='lat' dir='ltr'><strong>consilium</strong></span> <span class='ocrx_word' id='word_1_241' title='bbox 777 944 895 978; x_wconf 88' lang='lat' dir='ltr'><strong>iniisset,</strong></span> <span class='ocrx_word' id='word_1_242' title='bbox 918 952 1016 980; x_wconf 76' lang='lat' dir='ltr'><strong>quem-</strong></span> 
     </span>
    </p>
   </div>
   <div class='ocr_carea' id='block_1_37' title="bbox 224 990 1016 1026">
    <p class='ocr_par' dir='ltr' id='par_1_37' title="bbox 224 990 1016 1026">
     <span class='ocr_line' id='line_1_37' title="bbox 224 990 1016 1026; baseline 0.001 -8"><span class='ocrx_word' id='word_1_243' title='bbox 224 990 376 1019; x_wconf 82' lang='lat' dir='ltr'><strong>admodum</strong></span> <span class='ocrx_word' id='word_1_244' title='bbox 393 990 466 1026; x_wconf 93' lang='lat' dir='ltr'><strong>quod</strong></span> <span class='ocrx_word' id='word_1_245' title='bbox 482 990 517 1018; x_wconf 84' lang='lat' dir='ltr'><strong>ad</strong></span> <span class='ocrx_word' id='word_1_246' title='bbox 531 998 561 1019; x_wconf 90' lang='lat' dir='ltr'><strong>se</strong></span> <span class='ocrx_word' id='word_1_247' title='bbox 577 998 632 1018; x_wconf 90' lang='lat' dir='ltr'><strong>non</strong></span> <span class='ocrx_word' id='word_1_248' title='bbox 646 990 795 1026; x_wconf 82' lang='lat' dir='ltr'><strong>pertineret</strong></span> <span class='ocrx_word' id='word_1_249' title='bbox 808 990 951 1018; x_wconf 84' lang='lat' dir='ltr'><strong>vindicare</strong></span> <span class='ocrx_word' id='word_1_250' title='bbox 962 990 1016 1019; x_wconf 85' lang='lat' dir='ltr'><strong>sibi</strong></span> 
     </span>
    </p>
   </div>
   <div class='ocr_carea' id='block_1_38' title="bbox 223 1036 1016 1071">
    <p class='ocr_par' dir='ltr' id='par_1_38' title="bbox 223 1036 1016 1071">
     <span class='ocr_line' id='line_1_38' title="bbox 223 1036 1016 1071; baseline 0.001 -7"><span class='ocrx_word' id='word_1_251' title='bbox 223 1040 337 1071; x_wconf 84' lang='lat' dir='ltr'><strong>posset,</strong></span> <span class='ocrx_word' id='word_1_252' title='bbox 363 1036 428 1064; x_wconf 86' lang='lat' dir='ltr'><strong>dum</strong></span> <span class='ocrx_word' id='word_1_253' title='bbox 443 1036 563 1064; x_wconf 89' lang='lat' dir='ltr'><strong>alienum</strong></span> <span class='ocrx_word' id='word_1_254' title='bbox 585 1037 674 1064; x_wconf 88' lang='lat' dir='ltr'><strong>locum</strong></span> <span class='ocrx_word' id='word_1_255' title='bbox 700 1036 756 1064; x_wconf 79' lang='lat' dir='ltr'><strong>Deo</strong></span> <span class='ocrx_word' id='word_1_256' title='bbox 779 1037 964 1069; x_wconf 86' lang='lat' dir='ltr'><strong>consecravit.</strong></span> <span class='ocrx_word' id='word_1_257' title='bbox 988 1042 1016 1065; x_wconf 84' lang='lat' dir='ltr'><strong>et</strong></span> 
     </span>
    </p>
   </div>
   <div class='ocr_carea' id='block_1_39' title="bbox 224 1082 1016 1118">
    <p class='ocr_par' dir='ltr' id='par_1_39' title="bbox 224 1082 1016 1118">
     <span class='ocr_line' id='line_1_39' title="bbox 224 1082 1016 1118; baseline 0.003 -9"><span class='ocrx_word' id='word_1_258' title='bbox 224 1088 288 1118; x_wconf 87' lang='lat' dir='ltr'><strong>post</strong></span> <span class='ocrx_word' id='word_1_259' title='bbox 308 1087 469 1118; x_wconf 79' lang='lat' dir='ltr'><strong>usurpatam</strong></span> <span class='ocrx_word' id='word_1_260' title='bbox 485 1082 559 1109; x_wconf 85' lang='lat' dir='ltr'><strong>illam</strong></span> <span class='ocrx_word' id='word_1_261' title='bbox 581 1082 723 1118; x_wconf 80' lang='lat' dir='ltr'><strong>religionis</strong></span> <span class='ocrx_word' id='word_1_262' title='bbox 744 1082 862 1117; x_wconf 86' lang='lat' dir='ltr'><strong>speciem</strong></span> <span class='ocrx_word' id='word_1_263' title='bbox 885 1083 1016 1118; x_wconf 79' lang='lat' dir='ltr'><strong>deinceps</strong></span> 
     </span>
    </p>
   </div>
   <div class='ocr_carea' id='block_1_40' title="bbox 224 1127 1016 1157">
    <p class='ocr_par' dir='ltr' id='par_1_40' title="bbox 224 1127 1016 1157">
     <span class='ocr_line' id='line_1_40' title="bbox 224 1127 1016 1157; baseline 0.001 -2"><span class='ocrx_word' id='word_1_264' title='bbox 224 1128 249 1155; x_wconf 84' lang='lat' dir='ltr'><strong>vi</strong></span> <span class='ocrx_word' id='word_1_265' title='bbox 265 1135 297 1156; x_wconf 86' lang='lat' dir='ltr'><strong>ac</strong></span> <span class='ocrx_word' id='word_1_266' title='bbox 310 1136 393 1156; x_wconf 89' lang='lat' dir='ltr'><strong>manu</strong></span> <span class='ocrx_word' id='word_1_267' title='bbox 409 1128 517 1155; x_wconf 81' lang='lat' dir='ltr'><strong>facinus</strong></span> <span class='ocrx_word' id='word_1_268' title='bbox 533 1135 612 1156; x_wconf 89' lang='lat' dir='ltr'><strong>suum</strong></span> <span class='ocrx_word' id='word_1_269' title='bbox 628 1131 733 1155; x_wconf 90' lang='lat' dir='ltr'><strong>tutatus</strong></span> <span class='ocrx_word' id='word_1_270' title='bbox 750 1131 803 1156; x_wconf 89' lang='lat' dir='ltr'><strong>est.</strong></span> <span class='ocrx_word' id='word_1_271' title='bbox 820 1127 862 1155; x_wconf 83' lang='lat' dir='ltr'><strong>Ad</strong></span> <span class='ocrx_word' id='word_1_272' title='bbox 877 1128 934 1156; x_wconf 63' lang='lat' dir='ltr'><strong>haec</strong></span> <span class='ocrx_word' id='word_1_273' title='bbox 950 1129 1016 1157; x_wconf 90' lang='lat' dir='ltr'><strong>reli-</strong></span> 
     </span>
    </p>
   </div>
   <div class='ocr_carea' id='block_1_41' title="bbox 223 1173 1015 1210">
    <p class='ocr_par' dir='ltr' id='par_1_41' title="bbox 223 1173 1015 1210">
     <span class='ocr_line' id='line_1_41' title="bbox 223 1173 1015 1210; baseline 0 -8"><span class='ocrx_word' id='word_1_274' title='bbox 223 1175 400 1208; x_wconf 77' lang='lat' dir='ltr'><strong>giosissimus</strong></span> <span class='ocrx_word' id='word_1_275' title='bbox 413 1173 515 1202; x_wconf 82' lang='lat' dir='ltr'><strong>Paulus</strong></span> <span class='ocrx_word' id='word_1_276' title='bbox 529 1173 655 1202; x_wconf 85' lang='lat' dir='ltr'><strong>nonnihil</strong></span> <span class='ocrx_word' id='word_1_277' title='bbox 669 1173 780 1209; x_wconf 83' lang='lat' dir='ltr'><strong>quidem</strong></span> <span class='ocrx_word' id='word_1_278' title='bbox 795 1173 916 1210; x_wconf 75' lang='lat' dir='ltr'><strong>allegare</strong></span> <span class='ocrx_word' id='word_1_279' title='bbox 933 1182 1015 1202; x_wconf 88' lang='lat' dir='ltr'><strong>cona-</strong></span> 
     </span>
    </p>
   </div>
   <div class='ocr_carea' id='block_1_42' title="bbox 223 1219 1015 1256">
    <p class='ocr_par' dir='ltr' id='par_1_42' title="bbox 223 1219 1015 1256">
     <span class='ocr_line' id='line_1_42' title="bbox 223 1219 1015 1256; baseline 0 -8"><span class='ocrx_word' id='word_1_280' title='bbox 223 1224 269 1248; x_wconf 87' lang='lat' dir='ltr'><strong>tus</strong></span> <span class='ocrx_word' id='word_1_281' title='bbox 279 1224 340 1254; x_wconf 89' lang='lat' dir='ltr'><strong>est;</strong></span> <span class='ocrx_word' id='word_1_282' title='bbox 357 1228 387 1248; x_wconf 90' lang='lat' dir='ltr'><strong>se</strong></span> <span class='ocrx_word' id='word_1_283' title='bbox 400 1220 500 1248; x_wconf 87' lang='lat' dir='ltr'><strong>clivum</strong></span> <span class='ocrx_word' id='word_1_284' title='bbox 516 1220 594 1256; x_wconf 89' lang='lat' dir='ltr'><strong>prius</strong></span> <span class='ocrx_word' id='word_1_285' title='bbox 604 1227 769 1255; x_wconf 90' lang='lat' dir='ltr'><strong>occupasse;</strong></span> <span class='ocrx_word' id='word_1_286' title='bbox 786 1219 872 1248; x_wconf 79' lang='lat' dir='ltr'><strong>fuisse</strong></span> <span class='ocrx_word' id='word_1_287' title='bbox 880 1220 937 1255; x_wconf 86' lang='lat' dir='ltr'><strong>jam</strong></span> <span class='ocrx_word' id='word_1_288' title='bbox 950 1220 1015 1248; x_wconf 87' lang='lat' dir='ltr'><strong>olim</strong></span> 
     </span>
    </p>
   </div>
   <div class='ocr_carea' id='block_1_43' title="bbox 222 1262 1017 1301">
    <p class='ocr_par' dir='ltr' id='par_1_43' title="bbox 222 1262 1017 1301">
     <span class='ocr_line' id='line_1_43' title="bbox 222 1262 1017 1301; baseline 0 -8"><span class='ocrx_word' id='word_1_289' title='bbox 222 1262 369 1293; x_wconf 77' lang='lat' dir='ltr'><strong>ecclesiam</strong></span> <span class='ocrx_word' id='word_1_290' title='bbox 382 1286 389 1298; x_wconf 93' lang='lat'><strong>,</strong></span> <span class='ocrx_word' id='word_1_291' title='bbox 399 1268 550 1300; x_wconf 81' lang='lat' dir='ltr'><strong>antequam</strong></span> <span class='ocrx_word' id='word_1_292' title='bbox 566 1265 648 1300; x_wconf 69' lang='lat'><strong>212</strong></span> <span class='ocrx_word' id='word_1_293' title='bbox 664 1264 891 1301; x_wconf 77' lang='lat' dir='ltr'><strong>religiosissimus</strong></span> <span class='ocrx_word' id='word_1_294' title='bbox 907 1264 1017 1293; x_wconf 86' lang='lat' dir='ltr'><strong>Diosco-</strong></span> 
     </span>
    </p>
   </div>
   <div class='ocr_carea' id='block_1_44' title="bbox 222 1309 1016 1346">
    <p class='ocr_par' dir='ltr' id='par_1_44' title="bbox 222 1309 1016 1346">
     <span class='ocr_line' id='line_1_44' title="bbox 222 1309 1016 1346; baseline -0.001 -8"><span class='ocrx_word' id='word_1_295' title='bbox 222 1318 272 1340; x_wconf 85' lang='lat' dir='ltr'><strong>rus</strong></span> <span class='ocrx_word' id='word_1_296' title='bbox 287 1312 378 1339; x_wconf 90' lang='lat' dir='ltr'><strong>locum</strong></span> <span class='ocrx_word' id='word_1_297' title='bbox 398 1310 474 1338; x_wconf 85' lang='lat' dir='ltr'><strong>illum</strong></span> <span class='ocrx_word' id='word_1_298' title='bbox 488 1311 655 1346; x_wconf 85' lang='lat' dir='ltr'><strong>possideret.</strong></span> <span class='ocrx_word' id='word_1_299' title='bbox 675 1309 778 1338; x_wconf 81' lang='lat' dir='ltr'><strong>Verum</strong></span> <span class='ocrx_word' id='word_1_300' title='bbox 800 1310 867 1338; x_wconf 92' lang='lat' dir='ltr'><strong>dum</strong></span> <span class='ocrx_word' id='word_1_301' title='bbox 882 1310 956 1338; x_wconf 87' lang='lat' dir='ltr'><strong>haud</strong></span> <span class='ocrx_word' id='word_1_302' title='bbox 973 1318 1016 1338; x_wconf 83' lang='lat' dir='ltr'><strong>se-</strong></span> 
     </span>
    </p>
   </div>
   <div class='ocr_carea' id='block_1_45' title="bbox 222 1355 1012 1393">
    <p class='ocr_par' dir='ltr' id='par_1_45' title="bbox 222 1355 1012 1393">
     <span class='ocr_line' id='line_1_45' title="bbox 222 1355 1012 1393; baseline -0.001 -9"><span class='ocrx_word' id='word_1_303' title='bbox 222 1357 313 1393; x_wconf 81' lang='lat' dir='ltr'><strong>gniter</strong></span> <span class='ocrx_word' id='word_1_304' title='bbox 326 1356 354 1384; x_wconf 89' lang='lat' dir='ltr'><strong>in</strong></span> <span class='ocrx_word' id='word_1_305' title='bbox 368 1363 459 1383; x_wconf 72' lang='lat' dir='ltr'><strong>causae</strong></span> <span class='ocrx_word' id='word_1_306' title='bbox 474 1356 683 1391; x_wconf 80' lang='lat' dir='ltr'><strong>inquisitionem</strong></span> <span class='ocrx_word' id='word_1_307' title='bbox 697 1355 880 1388; x_wconf 85' lang='lat' dir='ltr'><strong>ineumbitur,</strong></span> <span class='ocrx_word' id='word_1_308' title='bbox 904 1356 959 1383; x_wconf 92' lang='lat' dir='ltr'><strong>cito</strong></span> <span class='ocrx_word' id='word_1_309' title='bbox 973 1356 1012 1383; x_wconf 87' lang='lat' dir='ltr'><strong>rei</strong></span> 
     </span>
    </p>
   </div>
   <div class='ocr_carea' id='block_1_46' title="bbox 221 1401 1015 1437">
    <p class='ocr_par' dir='ltr' id='par_1_46' title="bbox 221 1401 1015 1437">
     <span class='ocr_line' id='line_1_46' title="bbox 221 1401 1015 1437; baseline -0.004 -6"><span class='ocrx_word' id='word_1_310' title='bbox 221 1403 325 1431; x_wconf 80' lang='lat' dir='ltr'><strong>veritas</strong></span> <span class='ocrx_word' id='word_1_311' title='bbox 357 1402 540 1437; x_wconf 75' lang='lat' dir='ltr'><strong>investigatur</strong></span> <span class='ocrx_word' id='word_1_312' title='bbox 557 1411 564 1429; x_wconf 92' lang='lat'>:</span> <span class='ocrx_word' id='word_1_313' title='bbox 583 1401 622 1429; x_wconf 91' lang='lat' dir='ltr'><strong>uti</strong></span> <span class='ocrx_word' id='word_1_314' title='bbox 643 1405 709 1428; x_wconf 89' lang='lat' dir='ltr'><strong>tttnc</strong></span> <span class='ocrx_word' id='word_1_315' title='bbox 725 1408 828 1428; x_wconf 84' lang='lat' dir='ltr'><strong>vanum</strong></span> <span class='ocrx_word' id='word_1_316' title='bbox 848 1401 915 1429; x_wconf 90' lang='lat' dir='ltr'><strong>illud</strong></span> <span class='ocrx_word' id='word_1_317' title='bbox 934 1409 1015 1429; x_wconf 90' lang='lat' dir='ltr'><strong>omne</strong></span> 
     </span>
    </p>
   </div>
   <div class='ocr_carea' id='block_1_47' title="bbox 222 1446 1013 1484">
    <p class='ocr_par' dir='ltr' id='par_1_47' title="bbox 222 1446 1013 1484">
     <span class='ocr_line' id='line_1_47' title="bbox 222 1446 1013 1484; baseline -0.003 -8"><span class='ocrx_word' id='word_1_318' title='bbox 222 1454 256 1476; x_wconf 87' lang='lat' dir='ltr'><strong>ac</strong></span> <span class='ocrx_word' id='word_1_319' title='bbox 270 1449 348 1476; x_wconf 79' lang='lat' dir='ltr'><strong>futile</strong></span> <span class='ocrx_word' id='word_1_320' title='bbox 371 1448 572 1484; x_wconf 87' lang='lat' dir='ltr'><strong>deprehensum</strong></span> <span class='ocrx_word' id='word_1_321' title='bbox 592 1451 645 1475; x_wconf 88' lang='lat' dir='ltr'><strong>est.</strong></span> <span class='ocrx_word' id='word_1_322' title='bbox 661 1446 741 1480; x_wconf 81' lang='lat' dir='ltr'><strong>Quod</strong></span> <span class='ocrx_word' id='word_1_323' title='bbox 765 1447 838 1474; x_wconf 91' lang='lat' dir='ltr'><strong>enim</strong></span> <span class='ocrx_word' id='word_1_324' title='bbox 856 1447 951 1475; x_wconf 87' lang='lat' dir='ltr'><strong>hostili</strong></span> <span class='ocrx_word' id='word_1_325' title='bbox 964 1454 1013 1475; x_wconf 82' lang='lat' dir='ltr'><strong>ex-</strong></span> 
     </span>
    </p>
   </div>
   <div class='ocr_carea' id='block_1_48' title="bbox 221 1493 1012 1529">
    <p class='ocr_par' dir='ltr' id='par_1_48' title="bbox 221 1493 1012 1529">
     <span class='ocr_line' id='line_1_48' title="bbox 221 1493 1012 1529; baseline -0.003 -7"><span class='ocrx_word' id='word_1_326' title='bbox 221 1495 354 1523; x_wconf 76' lang='lat' dir='ltr'><strong>cursione</strong></span> <span class='ocrx_word' id='word_1_327' title='bbox 376 1493 512 1529; x_wconf 87' lang='lat' dir='ltr'><strong>compulsi</strong></span> <span class='ocrx_word' id='word_1_328' title='bbox 538 1493 664 1521; x_wconf 89' lang='lat' dir='ltr'><strong>homines</strong></span> <span class='ocrx_word' id='word_1_329' title='bbox 680 1493 839 1520; x_wconf 85' lang='lat' dir='ltr'><strong>necessario</strong></span> <span class='ocrx_word' id='word_1_330' title='bbox 855 1493 892 1520; x_wconf 91' lang='lat' dir='ltr'><strong>ibi</strong></span> <span class='ocrx_word' id='word_1_331' title='bbox 908 1493 1012 1528; x_wconf 85' lang='lat' dir='ltr'><strong>precati</strong></span> 
     </span>
    </p>
   </div>
   <div class='ocr_carea' id='block_1_49' title="bbox 221 1539 1012 1574">
    <p class='ocr_par' dir='ltr' id='par_1_49' title="bbox 221 1539 1012 1574">
     <span class='ocr_line' id='line_1_49' title="bbox 221 1539 1012 1574; baseline -0.003 -6"><span class='ocrx_word' id='word_1_332' title='bbox 221 1544 296 1573; x_wconf 73' lang='lat' dir='ltr'><strong>sunt,</strong></span> <span class='ocrx_word' id='word_1_333' title='bbox 316 1547 371 1568; x_wconf 92' lang='lat' dir='ltr'><strong>non</strong></span> <span class='ocrx_word' id='word_1_334' title='bbox 394 1547 426 1568; x_wconf 86' lang='lat' dir='ltr'><strong>ea</strong></span> <span class='ocrx_word' id='word_1_335' title='bbox 444 1547 489 1567; x_wconf 87' lang='lat' dir='ltr'><strong>res</strong></span> <span class='ocrx_word' id='word_1_336' title='bbox 513 1540 604 1566; x_wconf 90' lang='lat' dir='ltr'><strong>locum</strong></span> <span class='ocrx_word' id='word_1_337' title='bbox 627 1539 704 1566; x_wconf 91' lang='lat' dir='ltr'><strong>illum</strong></span> <span class='ocrx_word' id='word_1_338' title='bbox 722 1543 879 1566; x_wconf 88' lang='lat' dir='ltr'><strong>consecrat.</strong></span> <span class='ocrx_word' id='word_1_339' title='bbox 902 1539 1012 1574; x_wconf 81' lang='lat' dir='ltr'><strong>Alioqui</strong></span> 
     </span>
    </p>
   </div>
   <div class='ocr_carea' id='block_1_50' title="bbox 221 1584 1012 1620">
    <p class='ocr_par' dir='ltr' id='par_1_50' title="bbox 221 1584 1012 1620">
     <span class='ocr_line' id='line_1_50' title="bbox 221 1584 1012 1620; baseline -0.004 -6"><span class='ocrx_word' id='word_1_340' title='bbox 221 1590 330 1615; x_wconf 85' lang='lat' dir='ltr'><strong>montes</strong></span> <span class='ocrx_word' id='word_1_341' title='bbox 342 1586 453 1620; x_wconf 75' lang='lat' dir='ltr'><strong>jomnes.</strong></span> <span class='ocrx_word' id='word_1_342' title='bbox 476 1592 628 1620; x_wconf 86' lang='lat' dir='ltr'><strong>omnesque</strong></span> <span class='ocrx_word' id='word_1_343' title='bbox 642 1584 783 1612; x_wconf 88' lang='lat' dir='ltr'><strong>convalles</strong></span> <span class='ocrx_word' id='word_1_344' title='bbox 797 1584 920 1612; x_wconf 70' lang='lat' dir='ltr'><strong>ecclesia:</strong></span> <span class='ocrx_word' id='word_1_345' title='bbox 937 1585 992 1611; x_wconf 83' lang='lat' dir='ltr'><strong>sint</strong></span> <span class='ocrx_word' id='word_1_346' title='bbox 1004 1592 1012 1617; x_wconf 83' lang='lat'><strong>;</strong></span> 
     </span>
    </p>
   </div>
   <div class='ocr_carea' id='block_1_51' title="bbox 221 1630 1014 1666">
    <p class='ocr_par' dir='ltr' id='par_1_51' title="bbox 221 1630 1014 1666">
     <span class='ocr_line' id='line_1_51' title="bbox 221 1630 1014 1666; baseline -0.004 -7"><span class='ocrx_word' id='word_1_347' title='bbox 221 1639 272 1660; x_wconf 91' lang='lat' dir='ltr'><strong>nec</strong></span> <span class='ocrx_word' id='word_1_348' title='bbox 287 1632 374 1659; x_wconf 85' lang='lat' dir='ltr'><strong>ullum</strong></span> <span class='ocrx_word' id='word_1_349' title='bbox 388 1632 441 1659; x_wconf 90' lang='lat' dir='ltr'><strong>crit</strong></span> <span class='ocrx_word' id='word_1_350' title='bbox 453 1631 609 1663; x_wconf 85' lang='lat' dir='ltr'><strong>castellum,</strong></span> <span class='ocrx_word' id='word_1_351' title='bbox 629 1630 703 1666; x_wconf 89' lang='lat' dir='ltr'><strong>quod</strong></span> <span class='ocrx_word' id='word_1_352' title='bbox 718 1637 773 1657; x_wconf 90' lang='lat' dir='ltr'><strong>non</strong></span> <span class='ocrx_word' id='word_1_353' title='bbox 790 1638 822 1657; x_wconf 87' lang='lat' dir='ltr'><strong>ea</strong></span> <span class='ocrx_word' id='word_1_354' title='bbox 837 1631 944 1657; x_wconf 86' lang='lat' dir='ltr'><strong>ratione</strong></span> <span class='ocrx_word' id='word_1_355' title='bbox 965 1637 1014 1664; x_wconf 87' lang='lat' dir='ltr'><strong>pu-</strong></span> 
     </span>
    </p>
   </div>
   <div class='ocr_carea' id='block_1_52' title="bbox 220 1675 1013 1711">
    <p class='ocr_par' dir='ltr' id='par_1_52' title="bbox 220 1675 1013 1711">
     <span class='ocr_line' id='line_1_52' title="bbox 220 1675 1013 1711; baseline -0.005 -6"><span class='ocrx_word' id='word_1_356' title='bbox 220 1677 322 1705; x_wconf 85' lang='lat' dir='ltr'><strong>blicum</strong></span> <span class='ocrx_word' id='word_1_357' title='bbox 339 1683 400 1704; x_wconf 88' lang='lat' dir='ltr'><strong>esse</strong></span> <span class='ocrx_word' id='word_1_358' title='bbox 414 1676 511 1711; x_wconf 88' lang='lat' dir='ltr'><strong>possit.</strong></span> <span class='ocrx_word' id='word_1_359' title='bbox 529 1675 558 1703; x_wconf 81' lang='lat' dir='ltr'><strong>in</strong></span> <span class='ocrx_word' id='word_1_360' title='bbox 574 1676 675 1711; x_wconf 77' lang='lat' dir='ltr'><strong>quibus</strong></span> <span class='ocrx_word' id='word_1_361' title='bbox 691 1676 829 1706; x_wconf 86' lang='lat' dir='ltr'><strong>omnibus,</strong></span> <span class='ocrx_word' id='word_1_362' title='bbox 846 1683 909 1702; x_wconf 89' lang='lat' dir='ltr'><strong>cum</strong></span> <span class='ocrx_word' id='word_1_363' title='bbox 927 1683 1013 1710; x_wconf 84' lang='lat' dir='ltr'><strong>popu-</strong></span> 
     </span>
    </p>
   </div>
   <div class='ocr_carea' id='block_1_53' title="bbox 221 1721 1012 1756">
    <p class='ocr_par' dir='ltr' id='par_1_53' title="bbox 221 1721 1012 1756">
     <span class='ocr_line' id='line_1_53' title="bbox 221 1721 1012 1756; baseline -0.001 -7"><span class='ocrx_word' id='word_1_364' title='bbox 221 1721 333 1750; x_wconf 83' lang='lat' dir='ltr'><strong>labundi</strong></span> <span class='ocrx_word' id='word_1_365' title='bbox 351 1721 445 1749; x_wconf 84' lang='lat' dir='ltr'><strong>hostes</strong></span> <span class='ocrx_word' id='word_1_366' title='bbox 461 1725 625 1754; x_wconf 68' lang='lat' dir='ltr'><strong>estcurrunt,</strong></span> <span class='ocrx_word' id='word_1_367' title='bbox 645 1728 743 1756; x_wconf 79' lang='lat' dir='ltr'><strong>preces</strong></span> <span class='ocrx_word' id='word_1_368' title='bbox 758 1725 785 1748; x_wconf 93' lang='lat' dir='ltr'><strong>et</strong></span> <span class='ocrx_word' id='word_1_369' title='bbox 804 1728 885 1748; x_wconf 82' lang='lat' dir='ltr'><strong>sacra</strong></span> <span class='ocrx_word' id='word_1_370' title='bbox 907 1725 1012 1756; x_wconf 85' lang='lat' dir='ltr'><strong>myste-</strong></span> 
     </span>
    </p>
   </div>
   <div class='ocr_carea' id='block_1_54' title="bbox 219 1766 1012 1801">
    <p class='ocr_par' dir='ltr' id='par_1_54' title="bbox 219 1766 1012 1801">
     <span class='ocr_line' id='line_1_54' title="bbox 219 1766 1012 1801; baseline -0.004 -5"><span class='ocrx_word' id='word_1_371' title='bbox 219 1769 262 1796; x_wconf 81' lang='lat' dir='ltr'><strong>ria</strong></span> <span class='ocrx_word' id='word_1_372' title='bbox 278 1768 334 1796; x_wconf 90' lang='lat' dir='ltr'><strong>lieri</strong></span> <span class='ocrx_word' id='word_1_373' title='bbox 350 1768 449 1796; x_wconf 86' lang='lat' dir='ltr'><strong>solent.</strong></span> <span class='ocrx_word' id='word_1_374' title='bbox 465 1767 538 1794; x_wconf 90' lang='lat' dir='ltr'><strong>ldem</strong></span> <span class='ocrx_word' id='word_1_375' title='bbox 555 1768 588 1795; x_wconf 91' lang='lat' dir='ltr'><strong>de</strong></span> <span class='ocrx_word' id='word_1_376' title='bbox 605 1767 712 1794; x_wconf 69' lang='lat' dir='ltr'><strong>aedibus</strong></span> <span class='ocrx_word' id='word_1_377' title='bbox 724 1766 853 1794; x_wconf 86' lang='lat' dir='ltr'><strong>omnibus</strong></span> <span class='ocrx_word' id='word_1_378' title='bbox 865 1766 917 1794; x_wconf 87' lang='lat' dir='ltr'><strong>erit</strong></span> <span class='ocrx_word' id='word_1_379' title='bbox 936 1767 1012 1801; x_wconf 88' lang='lat' dir='ltr'><strong>judi-</strong></span> 
     </span>
    </p>
   </div>
   <div class='ocr_carea' id='block_1_55' title="bbox 220 1813 1011 1849">
    <p class='ocr_par' dir='ltr' id='par_1_55' title="bbox 220 1813 1011 1849">
     <span class='ocr_line' id='line_1_55' title="bbox 220 1813 1011 1849; baseline -0.004 -8"><span class='ocrx_word' id='word_1_380' title='bbox 220 1815 305 1846; x_wconf 85' lang='lat' dir='ltr'><strong>cium,</strong></span> <span class='ocrx_word' id='word_1_381' title='bbox 322 1821 383 1849; x_wconf 78' lang='lat' dir='ltr'><strong>qua:</strong></span> <span class='ocrx_word' id='word_1_382' title='bbox 407 1813 501 1848; x_wconf 87' lang='lat' dir='ltr'><strong>impiis</strong></span> <span class='ocrx_word' id='word_1_383' title='bbox 524 1813 689 1840; x_wconf 82' lang='lat' dir='ltr'><strong>Arianorum</strong></span> <span class='ocrx_word' id='word_1_384' title='bbox 716 1813 886 1847; x_wconf 85' lang='lat' dir='ltr'><strong>temporibus</strong></span> <span class='ocrx_word' id='word_1_385' title='bbox 917 1819 1011 1846; x_wconf 88' lang='lat' dir='ltr'><strong>preces</strong></span> 
     </span>
    </p>
   </div>
   <div class='ocr_carea' id='block_1_56' title="bbox 220 1857 1012 1895">
    <p class='ocr_par' dir='ltr' id='par_1_56' title="bbox 220 1857 1012 1895">
     <span class='ocr_line' id='line_1_56' title="bbox 220 1857 1012 1895; baseline -0.001 -9"><span class='ocrx_word' id='word_1_386' title='bbox 220 1868 253 1887; x_wconf 88' lang='lat' dir='ltr'><strong>ae</strong></span> <span class='ocrx_word' id='word_1_387' title='bbox 268 1867 347 1888; x_wconf 86' lang='lat' dir='ltr'><strong>sacra</strong></span> <span class='ocrx_word' id='word_1_388' title='bbox 370 1860 499 1895; x_wconf 81' lang='lat' dir='ltr'><strong>mysteria</strong></span> <span class='ocrx_word' id='word_1_389' title='bbox 526 1864 698 1894; x_wconf 86' lang='lat' dir='ltr'><strong>receperunt.</strong></span> <span class='ocrx_word' id='word_1_390' title='bbox 726 1858 793 1891; x_wconf 59' lang='lat' dir='ltr'><strong>Quae</strong></span> <span class='ocrx_word' id='word_1_391' title='bbox 818 1857 918 1893; x_wconf 85' lang='lat' dir='ltr'><strong>privati</strong></span> <span class='ocrx_word' id='word_1_392' title='bbox 939 1857 1012 1892; x_wconf 83' lang='lat' dir='ltr'><strong>juris</strong></span> 
     </span>
    </p>
   </div>
   <div class='ocr_carea' id='block_1_57' title="bbox 221 1903 1012 1939">
    <p class='ocr_par' dir='ltr' id='par_1_57' title="bbox 221 1903 1012 1939">
     <span class='ocr_line' id='line_1_57' title="bbox 221 1903 1012 1939; baseline -0.005 -6"><span class='ocrx_word' id='word_1_393' title='bbox 221 1906 402 1933; x_wconf 70' lang='lat' dir='ltr'><strong>nihilominus</strong></span> <span class='ocrx_word' id='word_1_394' title='bbox 420 1905 556 1932; x_wconf 87' lang='lat' dir='ltr'><strong>habentur</strong></span> <span class='ocrx_word' id='word_1_395' title='bbox 574 1914 580 1931; x_wconf 95' lang='lat'>:</span> <span class='ocrx_word' id='word_1_396' title='bbox 597 1904 667 1939; x_wconf 62' lang='lat' dir='ltr'><strong>fuga:</strong></span> <span class='ocrx_word' id='word_1_397' title='bbox 693 1904 766 1931; x_wconf 90' lang='lat' dir='ltr'><strong>enim</strong></span> <span class='ocrx_word' id='word_1_398' title='bbox 791 1908 818 1930; x_wconf 88' lang='lat' dir='ltr'><strong>et</strong></span> <span class='ocrx_word' id='word_1_399' title='bbox 842 1903 908 1930; x_wconf 90' lang='lat' dir='ltr'><strong>illud</strong></span> <span class='ocrx_word' id='word_1_400' title='bbox 924 1903 1012 1930; x_wconf 88' lang='lat' dir='ltr'><strong>instar</strong></span> 
     </span>
    </p>
   </div>
   <div class='ocr_carea' id='block_1_58' title="bbox 219 1949 1011 1986">
    <p class='ocr_par' dir='ltr' id='par_1_58' title="bbox 219 1949 1011 1986">
     <span class='ocr_line' id='line_1_58' title="bbox 219 1949 1011 1986; baseline -0.003 -8"><span class='ocrx_word' id='word_1_401' title='bbox 219 1951 322 1984; x_wconf 84' lang='lat' dir='ltr'><strong>habet,</strong></span> <span class='ocrx_word' id='word_1_402' title='bbox 348 1951 477 1986; x_wconf 88' lang='lat' dir='ltr'><strong>quoniam</strong></span> <span class='ocrx_word' id='word_1_403' title='bbox 493 1951 587 1978; x_wconf 89' lang='lat' dir='ltr'><strong>hostes</strong></span> <span class='ocrx_word' id='word_1_404' title='bbox 601 1955 665 1977; x_wconf 87' lang='lat' dir='ltr'><strong>sunt</strong></span> <span class='ocrx_word' id='word_1_405' title='bbox 678 1954 704 1976; x_wconf 87' lang='lat' dir='ltr'><strong>et</strong></span> <span class='ocrx_word' id='word_1_406' title='bbox 721 1949 770 1976; x_wconf 80' lang='lat' dir='ltr'><strong>illi.</strong></span> <span class='ocrx_word' id='word_1_407' title='bbox 788 1949 821 1975; x_wconf 84' lang='lat' dir='ltr'><strong>At</strong></span> <span class='ocrx_word' id='word_1_408' title='bbox 835 1956 885 1984; x_wconf 88' lang='lat' dir='ltr'><strong>ego</strong></span> <span class='ocrx_word' id='word_1_409' title='bbox 902 1951 1011 1983; x_wconf 82' lang='lat' dir='ltr'><strong>tempus</strong></span> 
     </span>
    </p>
   </div>
   <div class='ocr_carea' id='block_1_59' title="bbox 218 1993 1012 2029">
    <p class='ocr_par' dir='ltr' id='par_1_59' title="bbox 218 1993 1012 2029">
     <span class='ocr_line' id='line_1_59' title="bbox 218 1993 1012 2029; baseline -0.004 -8"><span class='ocrx_word' id='word_1_410' title='bbox 218 2000 386 2023; x_wconf 65' lang='lat' dir='ltr'><strong>consecratae</strong></span> <span class='ocrx_word' id='word_1_411' title='bbox 405 1996 527 2022; x_wconf 76' lang='lat' dir='ltr'><strong>ecclesia:</strong></span> <span class='ocrx_word' id='word_1_412' title='bbox 543 1994 710 2029; x_wconf 68' lang='lat' dir='ltr'><strong>quaerebam,</strong></span> <span class='ocrx_word' id='word_1_413' title='bbox 728 1993 751 2021; x_wconf 87' lang='lat' dir='ltr'><strong>si</strong></span> <span class='ocrx_word' id='word_1_414' title='bbox 767 1993 841 2020; x_wconf 86' lang='lat' dir='ltr'><strong>ultro</strong></span> <span class='ocrx_word' id='word_1_415' title='bbox 856 1993 1012 2020; x_wconf 84' lang='lat' dir='ltr'><strong>condonan-</strong></span> 
     </span>
    </p>
   </div>
   <div class='ocr_carea' id='block_1_60' title="bbox 218 2038 1010 2077">
    <p class='ocr_par' dir='ltr' id='par_1_60' title="bbox 218 2038 1010 2077">
     <span class='ocr_line' id='line_1_60' title="bbox 218 2038 1010 2077; baseline -0.004 -9"><span class='ocrx_word' id='word_1_416' title='bbox 218 2043 305 2075; x_wconf 89' lang='lat' dir='ltr'><strong>tibus,</strong></span> <span class='ocrx_word' id='word_1_417' title='bbox 333 2042 356 2070; x_wconf 88' lang='lat' dir='ltr'><strong>si</strong></span> <span class='ocrx_word' id='word_1_418' title='bbox 383 2040 608 2077; x_wconf 82' lang='lat' dir='ltr'><strong>permittentibus</strong></span> <span class='ocrx_word' id='word_1_419' title='bbox 633 2040 678 2071; x_wconf 88' lang='lat' dir='ltr'><strong>iis,</strong></span> <span class='ocrx_word' id='word_1_420' title='bbox 697 2040 732 2066; x_wconf 83' lang='lat' dir='ltr'><strong>ad</strong></span> <span class='ocrx_word' id='word_1_421' title='bbox 754 2046 825 2074; x_wconf 89' lang='lat' dir='ltr'><strong>quos</strong></span> <span class='ocrx_word' id='word_1_422' title='bbox 850 2038 1010 2073; x_wconf 83' lang='lat' dir='ltr'><strong>pertineret,</strong></span> 
     </span>
    </p>
   </div>
   <div class='ocr_carea' id='block_1_61' title="bbox 218 2084 1012 2119">
    <p class='ocr_par' dir='ltr' id='par_1_61' title="bbox 218 2084 1012 2119">
     <span class='ocr_line' id='line_1_61' title="bbox 218 2084 1012 2119; baseline -0.006 -4"><span class='ocrx_word' id='word_1_423' title='bbox 218 2087 320 2115; x_wconf 78' lang='lat' dir='ltr'><strong>factum</strong></span> <span class='ocrx_word' id='word_1_424' title='bbox 338 2087 411 2114; x_wconf 90' lang='lat' dir='ltr'><strong>istud</strong></span> <span class='ocrx_word' id='word_1_425' title='bbox 433 2091 517 2114; x_wconf 82' lang='lat' dir='ltr'><strong>esset.</strong></span> <span class='ocrx_word' id='word_1_426' title='bbox 533 2085 582 2113; x_wconf 87' lang='lat' dir='ltr'><strong>His</strong></span> <span class='ocrx_word' id='word_1_427' title='bbox 601 2085 741 2113; x_wconf 85' lang='lat' dir='ltr'><strong>contraria</strong></span> <span class='ocrx_word' id='word_1_428' title='bbox 757 2084 850 2112; x_wconf 89' lang='lat' dir='ltr'><strong>omnia</strong></span> <span class='ocrx_word' id='word_1_429' title='bbox 865 2084 1012 2119; x_wconf 85' lang='lat' dir='ltr'><strong>perspicue</strong></span> 
     </span>
    </p>
   </div>
   <div class='ocr_carea' id='block_1_62' title="bbox 217 2129 1012 2165">
    <p class='ocr_par' dir='ltr' id='par_1_62' title="bbox 217 2129 1012 2165">
     <span class='ocr_line' id='line_1_62' title="bbox 217 2129 1012 2165; baseline -0.003 -8"><span class='ocrx_word' id='word_1_430' title='bbox 217 2130 404 2158; x_wconf 89' lang='lat' dir='ltr'><strong>demonstrata</strong></span> <span class='ocrx_word' id='word_1_431' title='bbox 418 2134 493 2158; x_wconf 87' lang='lat' dir='ltr'><strong>sunt.</strong></span> <span class='ocrx_word' id='word_1_432' title='bbox 507 2129 705 2165; x_wconf 86' lang='lat' dir='ltr'><strong>Episcoporum</strong></span> <span class='ocrx_word' id='word_1_433' title='bbox 719 2129 828 2164; x_wconf 87' lang='lat' dir='ltr'><strong>petebat</strong></span> <span class='ocrx_word' id='word_1_434' title='bbox 845 2129 925 2160; x_wconf 84' lang='lat' dir='ltr'><strong>alter;</strong></span> <span class='ocrx_word' id='word_1_435' title='bbox 942 2129 1012 2155; x_wconf 85' lang='lat' dir='ltr'><strong>alter</strong></span> 
     </span>
    </p>
   </div>
   <div class='ocr_carea' id='block_1_63' title="bbox 217 2172 1011 2210">
    <p class='ocr_par' dir='ltr' id='par_1_63' title="bbox 217 2172 1011 2210">
     <span class='ocr_line' id='line_1_63' title="bbox 217 2172 1011 2210; baseline -0.004 -8"><span class='ocrx_word' id='word_1_436' title='bbox 217 2175 298 2210; x_wconf 79' lang='lat' dir='ltr'><strong>cujus</strong></span> <span class='ocrx_word' id='word_1_437' title='bbox 312 2178 371 2201; x_wconf 78' lang='lat' dir='ltr'><strong>erat</strong></span> <span class='ocrx_word' id='word_1_438' title='bbox 387 2175 433 2201; x_wconf 84' lang='lat' dir='ltr'><strong>illa</strong></span> <span class='ocrx_word' id='word_1_439' title='bbox 448 2175 601 2209; x_wconf 81' lang='lat' dir='ltr'><strong>possessio,</strong></span> <span class='ocrx_word' id='word_1_440' title='bbox 618 2174 746 2208; x_wconf 83' lang='lat' dir='ltr'><strong>negabat.</strong></span> <span class='ocrx_word' id='word_1_441' title='bbox 759 2172 880 2200; x_wconf 81' lang='lat' dir='ltr'><strong>Tandem</strong></span> <span class='ocrx_word' id='word_1_442' title='bbox 894 2173 1011 2200; x_wconf 83' lang='lat' dir='ltr'><strong>abeunte</strong></span> 
     </span>
    </p>
   </div>
   <div class='ocr_carea' id='block_1_64' title="bbox 1067 944 1868 980">
    <p class='ocr_par' dir='ltr' id='par_1_64' title="bbox 1067 944 1868 980">
     <span class='ocr_line' id='line_1_64' title="bbox 1067 944 1868 980; baseline -0.001 -9"><span class='ocrx_word' id='word_1_443' title='bbox 1067 944 1220 971; x_wconf 76' lang='grc' dir='ltr'>ὁουλάτατα</span> <span class='ocrx_word' id='word_1_444' title='bbox 1236 944 1399 980; x_wconf 77' lang='grc' dir='ltr'>σκέψασθαι,</span> <span class='ocrx_word' id='word_1_445' title='bbox 1408 944 1483 976; x_wconf 83' lang='grc' dir='ltr'>ὅπως</span> <span class='ocrx_word' id='word_1_446' title='bbox 1494 944 1528 971; x_wconf 79' lang='grc' dir='ltr'>ἂν</span> <span class='ocrx_word' id='word_1_447' title='bbox 1542 944 1572 970; x_wconf 79' lang='grc' dir='ltr'>τὸ</span> <span class='ocrx_word' id='word_1_448' title='bbox 1583 944 1624 980; x_wconf 70' lang='grc' dir='ltr'>μὴ</span> <span class='ocrx_word' id='word_1_449' title='bbox 1637 944 1775 980; x_wconf 81' lang='grc' dir='ltr'>προσῆκον</span> <span class='ocrx_word' id='word_1_450' title='bbox 1791 953 1868 979; x_wconf 78' lang='grc' dir='ltr'>περι-</span> 
     </span>
    </p>
   </div>
   <div class='ocr_carea' id='block_1_65' title="bbox 1067 989 1867 1026">
    <p class='ocr_par' dir='ltr' id='par_1_65' title="bbox 1067 989 1867 1026">
     <span class='ocr_line' id='line_1_65' title="bbox 1067 989 1867 1026; baseline 0.001 -9"><span class='ocrx_word' id='word_1_451' title='bbox 1067 991 1221 1026; x_wconf 79' lang='grc' dir='ltr'>ποιήσαιτο,</span> <span class='ocrx_word' id='word_1_452' title='bbox 1243 990 1450 1023; x_wconf 75' lang='grc' dir='ltr'>καθοσιώσαντα</span> <span class='ocrx_word' id='word_1_453' title='bbox 1476 989 1526 1025; x_wconf 81' lang='grc' dir='ltr'>μὲν</span> <span class='ocrx_word' id='word_1_454' title='bbox 1541 990 1580 1025; x_wconf 86' lang='grc' dir='ltr'>τῷ</span> <span class='ocrx_word' id='word_1_455' title='bbox 1599 990 1659 1025; x_wconf 72' lang='grc' dir='ltr'><strong>Θεῷ</strong></span> <span class='ocrx_word' id='word_1_456' title='bbox 1681 991 1771 1017; x_wconf 75' lang='grc' dir='ltr'>τόπον</span> <span class='ocrx_word' id='word_1_457' title='bbox 1789 990 1867 1018; x_wconf 64' lang='grc' dir='ltr'>ἀλλόσ</span> 
     </span>
    </p>
   </div>
   <div class='ocr_carea' id='block_1_66' title="bbox 1066 1035 1867 1073">
    <p class='ocr_par' dir='ltr' id='par_1_66' title="bbox 1066 1035 1867 1073">
     <span class='ocr_line' id='line_1_66' title="bbox 1066 1035 1867 1073; baseline -0.001 -9"><span class='ocrx_word' id='word_1_458' title='bbox 1066 1045 1158 1073; x_wconf 87' lang='grc' dir='ltr'>τριον·</span> <span class='ocrx_word' id='word_1_459' title='bbox 1173 1037 1337 1073; x_wconf 79' lang='grc' dir='ltr'>ἁρπάσαντα</span> <span class='ocrx_word' id='word_1_460' title='bbox 1351 1037 1380 1064; x_wconf 85' lang='grc' dir='ltr'><strong>δὲ</strong></span> <span class='ocrx_word' id='word_1_461' title='bbox 1403 1036 1490 1068; x_wconf 86' lang='grc' dir='ltr'>οὓτως</span> <span class='ocrx_word' id='word_1_462' title='bbox 1504 1035 1554 1071; x_wconf 79' lang='grc' dir='ltr'>τὴν</span> <span class='ocrx_word' id='word_1_463' title='bbox 1573 1035 1624 1070; x_wconf 81' lang='grc' dir='ltr'>τῆς</span> <span class='ocrx_word' id='word_1_464' title='bbox 1638 1036 1782 1068; x_wconf 72' lang='grc' dir='ltr'>εὐσεϐείας</span> <span class='ocrx_word' id='word_1_465' title='bbox 1802 1037 1867 1063; x_wconf 79' lang='grc' dir='ltr'>ὑπό-</span> 
     </span>
    </p>
   </div>
   <div class='ocr_carea' id='block_1_67' title="bbox 1067 1083 1866 1120">
    <p class='ocr_par' dir='ltr' id='par_1_67' title="bbox 1067 1083 1866 1120">
     <span class='ocr_line' id='line_1_67' title="bbox 1067 1083 1866 1120; baseline -0.001 -9"><span class='ocrx_word' id='word_1_466' title='bbox 1067 1084 1152 1116; x_wconf 82' lang='grc' dir='ltr'>Θεσιν,</span> <span class='ocrx_word' id='word_1_467' title='bbox 1169 1084 1219 1120; x_wconf 69' lang='grc' dir='ltr'><strong>ἤδη</strong></span> <span class='ocrx_word' id='word_1_468' title='bbox 1232 1084 1304 1120; x_wconf 67' lang='grc' dir='ltr'>χειρὶ</span> <span class='ocrx_word' id='word_1_469' title='bbox 1319 1083 1395 1119; x_wconf 82' lang='grc' dir='ltr'>βιαίᾳ</span> <span class='ocrx_word' id='word_1_470' title='bbox 1405 1083 1557 1120; x_wconf 78' lang='grc' dir='ltr'>προστῆναι</span> <span class='ocrx_word' id='word_1_471' title='bbox 1566 1083 1614 1110; x_wconf 82' lang='grc' dir='ltr'><strong>τοῦ</strong></span> <span class='ocrx_word' id='word_1_472' title='bbox 1625 1084 1767 1119; x_wconf 84' lang='grc' dir='ltr'>πανουργὴ</span> <span class='ocrx_word' id='word_1_473' title='bbox 1772 1092 1866 1118; x_wconf 76' lang='grc' dir='ltr'>ματος.</span> 
     </span>
    </p>
   </div>
   <div class='ocr_carea' id='block_1_68' title="bbox 1067 1128 1867 1165">
    <p class='ocr_par' dir='ltr' id='par_1_68' title="bbox 1067 1128 1867 1165">
     <span class='ocr_line' id='line_1_68' title="bbox 1067 1128 1867 1165; baseline -0.001 -9"><span class='ocrx_word' id='word_1_474' title='bbox 1067 1129 1139 1165; x_wconf 76' lang='grc' dir='ltr'>Πρὸς</span> <span class='ocrx_word' id='word_1_475' title='bbox 1155 1129 1241 1157; x_wconf 85' lang='grc' dir='ltr'>ταῦτα</span> <span class='ocrx_word' id='word_1_476' title='bbox 1259 1130 1273 1156; x_wconf 91' lang='grc' dir='ltr'><strong>ό</strong></span> <span class='ocrx_word' id='word_1_477' title='bbox 1286 1129 1481 1160; x_wconf 73' lang='grc' dir='ltr'>εὐλαϐέστατος</span> <span class='ocrx_word' id='word_1_478' title='bbox 1503 1128 1608 1161; x_wconf 81' lang='grc' dir='ltr'>Παῦλος</span> <span class='ocrx_word' id='word_1_479' title='bbox 1632 1129 1796 1164; x_wconf 83' lang='grc' dir='ltr'>ἐπεχείρησε</span> <span class='ocrx_word' id='word_1_480' title='bbox 1818 1130 1867 1164; x_wconf 77' lang='grc' dir='ltr'>μὲν</span> 
     </span>
    </p>
   </div>
   <div class='ocr_carea' id='block_1_69' title="bbox 1066 1173 1867 1209">
    <p class='ocr_par' dir='ltr' id='par_1_69' title="bbox 1066 1173 1867 1209">
     <span class='ocr_line' id='line_1_69' title="bbox 1066 1173 1867 1209; baseline 0 -8"><span class='ocrx_word' id='word_1_481' title='bbox 1066 1174 1233 1209; x_wconf 82' lang='grc' dir='ltr'>ἀντιλογίαις</span> <span class='ocrx_word' id='word_1_482' title='bbox 1253 1174 1366 1209; x_wconf 81' lang='grc' dir='ltr'>κομίσαι</span> <span class='ocrx_word' id='word_1_483' title='bbox 1378 1173 1464 1206; x_wconf 84' lang='grc' dir='ltr'>τινὰς,</span> <span class='ocrx_word' id='word_1_484' title='bbox 1476 1173 1517 1200; x_wconf 79' lang='grc' dir='ltr'>ὅτι</span> <span class='ocrx_word' id='word_1_485' title='bbox 1539 1181 1569 1199; x_wconf 84' lang='grc' dir='ltr'><strong>τε</strong></span> <span class='ocrx_word' id='word_1_486' title='bbox 1588 1175 1811 1209; x_wconf 74' lang='grc' dir='ltr'>προκατεσχηκει</span> <span class='ocrx_word' id='word_1_487' title='bbox 1823 1175 1867 1201; x_wconf 75' lang='grc' dir='ltr'><strong>τὸν</strong></span> 
     </span>
    </p>
   </div>
   <div class='ocr_carea' id='block_1_70' title="bbox 1066 1218 1867 1256">
    <p class='ocr_par' dir='ltr' id='par_1_70' title="bbox 1066 1218 1867 1256">
     <span class='ocr_line' id='line_1_70' title="bbox 1066 1218 1867 1256; baseline 0.001 -10"><span class='ocrx_word' id='word_1_488' title='bbox 1066 1220 1156 1254; x_wconf 72' lang='grc' dir='ltr'>λόφον,</span> <span class='ocrx_word' id='word_1_489' title='bbox 1171 1220 1217 1246; x_wconf 75' lang='grc' dir='ltr'>καὶ</span> <span class='ocrx_word' id='word_1_490' title='bbox 1238 1219 1386 1255; x_wconf 81' lang='grc' dir='ltr'>Ἐκκλησία</span> <span class='ocrx_word' id='word_1_491' title='bbox 1399 1218 1562 1255; x_wconf 80' lang='grc' dir='ltr'>παλαίτερον</span> <span class='ocrx_word' id='word_1_492' title='bbox 1581 1219 1757 1247; x_wconf 78' lang='grc' dir='ltr'>ἀπεδέδεικτο</span> <span class='ocrx_word' id='word_1_493' title='bbox 1770 1240 1778 1252; x_wconf 86' lang='grc'>,</span> <span class='ocrx_word' id='word_1_494' title='bbox 1801 1221 1867 1256; x_wconf 76' lang='grc' dir='ltr'>πρὶν</span> 
     </span>
    </p>
   </div>
   <div class='ocr_carea' id='block_1_71' title="bbox 1065 1265 1866 1302">
    <p class='ocr_par' dir='ltr' id='par_1_71' title="bbox 1065 1265 1866 1302">
     <span class='ocr_line' id='line_1_71' title="bbox 1065 1265 1866 1302; baseline 0.002 -10"><span class='ocrx_word' id='word_1_495' title='bbox 1065 1266 1112 1292; x_wconf 73' lang='grc' dir='ltr'><strong>τὸν</strong></span> <span class='ocrx_word' id='word_1_496' title='bbox 1127 1265 1325 1293; x_wconf 76' lang='grc' dir='ltr'>εὖλαὸέστατον</span> <span class='ocrx_word' id='word_1_497' title='bbox 1336 1265 1480 1301; x_wconf 82' lang='grc' dir='ltr'>Διόσκορον</span> <span class='ocrx_word' id='word_1_498' title='bbox 1492 1265 1684 1301; x_wconf 77' lang='grc' dir='ltr'>ἀποδειχθῆναι</span> <span class='ocrx_word' id='word_1_499' title='bbox 1696 1266 1745 1293; x_wconf 82' lang='grc' dir='ltr'>τοῦ</span> <span class='ocrx_word' id='word_1_500' title='bbox 1764 1267 1866 1302; x_wconf 78' lang='grc' dir='ltr'>χωρίου</span> 
     </span>
    </p>
   </div>
   <div class='ocr_carea' id='block_1_72' title="bbox 1065 1311 1866 1348">
    <p class='ocr_par' dir='ltr' id='par_1_72' title="bbox 1065 1311 1866 1348">
     <span class='ocr_line' id='line_1_72' title="bbox 1065 1311 1866 1348; baseline 0.001 -10"><span class='ocrx_word' id='word_1_501' title='bbox 1065 1311 1209 1346; x_wconf 81' lang='grc' dir='ltr'>δεσπότην.</span> <span class='ocrx_word' id='word_1_502' title='bbox 1234 1311 1316 1338; x_wconf 77' lang='grc' dir='ltr'>Ἀλλὰ</span> <span class='ocrx_word' id='word_1_503' title='bbox 1341 1311 1376 1338; x_wconf 76' lang='grc' dir='ltr'>ἂν</span> <span class='ocrx_word' id='word_1_504' title='bbox 1395 1311 1433 1347; x_wconf 85' lang='grc' dir='ltr'>μὴ</span> <span class='ocrx_word' id='word_1_505' title='bbox 1455 1311 1649 1347; x_wconf 83' lang='grc' dir='ltr'>μαλακώτερόν</span> <span class='ocrx_word' id='word_1_506' title='bbox 1676 1321 1718 1343; x_wconf 85' lang='grc' dir='ltr'><strong>τις</strong></span> <span class='ocrx_word' id='word_1_507' title='bbox 1740 1312 1866 1348; x_wconf 69' lang='grc' dir='ltr'>ἅπτηται</span> 
     </span>
    </p>
   </div>
   <div class='ocr_carea' id='block_1_73' title="bbox 1064 1357 1863 1395">
    <p class='ocr_par' dir='ltr' id='par_1_73' title="bbox 1064 1357 1863 1395">
     <span class='ocr_line' id='line_1_73' title="bbox 1064 1357 1863 1395; baseline 0.001 -11"><span class='ocrx_word' id='word_1_508' title='bbox 1064 1360 1114 1393; x_wconf 84' lang='grc' dir='ltr'>τῆς</span> <span class='ocrx_word' id='word_1_509' title='bbox 1131 1358 1282 1393; x_wconf 82' lang='grc' dir='ltr'>ζητήσεως,</span> <span class='ocrx_word' id='word_1_510' title='bbox 1298 1358 1367 1393; x_wconf 81' lang='grc' dir='ltr'>ταχὺ</span> <span class='ocrx_word' id='word_1_511' title='bbox 1381 1357 1497 1393; x_wconf 80' lang='grc' dir='ltr'>τάληθὲς</span> <span class='ocrx_word' id='word_1_512' title='bbox 1503 1357 1615 1393; x_wconf 76' lang='grc' dir='ltr'>εῠᾶηλον</span> <span class='ocrx_word' id='word_1_513' title='bbox 1626 1358 1741 1392; x_wconf 84' lang='grc' dir='ltr'>γίνεται.</span> <span class='ocrx_word' id='word_1_514' title='bbox 1754 1358 1863 1395; x_wconf 81' lang='grc' dir='ltr'>Ὠσπερ</span> 
     </span>
    </p>
   </div>
   <div class='ocr_carea' id='block_1_74' title="bbox 1065 1402 1863 1440">
    <p class='ocr_par' dir='ltr' id='par_1_74' title="bbox 1065 1402 1863 1440">
     <span class='ocr_line' id='line_1_74' title="bbox 1065 1402 1863 1440; baseline 0.001 -10"><span class='ocrx_word' id='word_1_515' title='bbox 1065 1402 1110 1431; x_wconf 74' lang='grc' dir='ltr'>οὖν</span> <span class='ocrx_word' id='word_1_516' title='bbox 1123 1404 1194 1430; x_wconf 81' lang='grc' dir='ltr'>ἆπαν</span> <span class='ocrx_word' id='word_1_517' title='bbox 1207 1403 1286 1430; x_wconf 72' lang='grc' dir='ltr'>τοῦτο</span> <span class='ocrx_word' id='word_1_518' title='bbox 1298 1403 1419 1439; x_wconf 75' lang='grc' dir='ltr'>πέφηνεν</span> <span class='ocrx_word' id='word_1_519' title='bbox 1444 1403 1538 1430; x_wconf 74' lang='grc' dir='ltr'>ἕωλον.</span> <span class='ocrx_word' id='word_1_520' title='bbox 1553 1403 1591 1430; x_wconf 83' lang='grc' dir='ltr'>Τὸ</span> <span class='ocrx_word' id='word_1_521' title='bbox 1606 1403 1661 1439; x_wconf 79' lang='grc' dir='ltr'>γὰρ</span> <span class='ocrx_word' id='word_1_522' title='bbox 1681 1403 1712 1430; x_wconf 82' lang='grc' dir='ltr'>ὲν</span> <span class='ocrx_word' id='word_1_523' title='bbox 1726 1404 1863 1440; x_wconf 70' lang='grc' dir='ltr'>ἐπιδρομῇ</span> 
     </span>
    </p>
   </div>
   <div class='ocr_carea' id='block_1_75' title="bbox 1064 1449 1864 1485">
    <p class='ocr_par' dir='ltr' id='par_1_75' title="bbox 1064 1449 1864 1485">
     <span class='ocr_line' id='line_1_75' title="bbox 1064 1449 1864 1485; baseline 0.001 -10"><span class='ocrx_word' id='word_1_524' title='bbox 1064 1449 1124 1476; x_wconf 84' lang='grc' dir='ltr'>τότε</span> <span class='ocrx_word' id='word_1_525' title='bbox 1141 1449 1279 1485; x_wconf 83' lang='grc' dir='ltr'>πολεμίων</span> <span class='ocrx_word' id='word_1_526' title='bbox 1291 1450 1349 1476; x_wconf 79' lang='grc' dir='ltr'>ἐκεῖ</span> <span class='ocrx_word' id='word_1_527' title='bbox 1358 1449 1549 1484; x_wconf 75' lang='grc' dir='ltr'>συμφυγόντας</span> <span class='ocrx_word' id='word_1_528' title='bbox 1563 1449 1723 1485; x_wconf 78' lang='grc' dir='ltr'>ἀνθρώπους</span> <span class='ocrx_word' id='word_1_529' title='bbox 1732 1449 1864 1483; x_wconf 75' lang='grc' dir='ltr'>εὔξασθαι</span> 
     </span>
    </p>
   </div>
   <div class='ocr_carea' id='block_1_76' title="bbox 1064 1494 1863 1530">
    <p class='ocr_par' dir='ltr' id='par_1_76' title="bbox 1064 1494 1863 1530">
     <span class='ocr_line' id='line_1_76' title="bbox 1064 1494 1863 1530; baseline 0.001 -9"><span class='ocrx_word' id='word_1_530' title='bbox 1064 1496 1226 1529; x_wconf 82' lang='grc' dir='ltr'>τάναγκαῖα,</span> <span class='ocrx_word' id='word_1_531' title='bbox 1252 1494 1332 1522; x_wconf 80' lang='grc' dir='ltr'>τοῦτο</span> <span class='ocrx_word' id='word_1_532' title='bbox 1358 1494 1406 1521; x_wconf 78' lang='grc' dir='ltr'><strong>τὸν</strong></span> <span class='ocrx_word' id='word_1_533' title='bbox 1419 1495 1500 1521; x_wconf 83' lang='grc' dir='ltr'>τόπον</span> <span class='ocrx_word' id='word_1_534' title='bbox 1522 1495 1552 1521; x_wconf 83' lang='grc' dir='ltr'>οὺ</span> <span class='ocrx_word' id='word_1_535' title='bbox 1567 1494 1701 1530; x_wconf 76' lang='grc' dir='ltr'>καθιεροῖ.</span> <span class='ocrx_word' id='word_1_536' title='bbox 1718 1495 1754 1521; x_wconf 85' lang='grc' dir='ltr'><strong>Ἢ</strong></span> <span class='ocrx_word' id='word_1_537' title='bbox 1773 1495 1863 1522; x_wconf 81' lang='grc' dir='ltr'>πάντα</span> 
     </span>
    </p>
   </div>
   <div class='ocr_carea' id='block_1_77' title="bbox 1067 1539 1863 1576">
    <p class='ocr_par' dir='ltr' id='par_1_77' title="bbox 1067 1539 1863 1576">
     <span class='ocr_line' id='line_1_77' title="bbox 1067 1539 1863 1576; baseline 0 -9"><span class='ocrx_word' id='word_1_538' title='bbox 1067 1541 1116 1576; x_wconf 81' lang='grc' dir='ltr'>μὲν</span> <span class='ocrx_word' id='word_1_539' title='bbox 1131 1541 1191 1575; x_wconf 73' lang='grc' dir='ltr'>ὅρη,</span> <span class='ocrx_word' id='word_1_540' title='bbox 1208 1541 1293 1567; x_wconf 78' lang='grc' dir='ltr'>πᾶσαι</span> <span class='ocrx_word' id='word_1_541' title='bbox 1305 1540 1334 1567; x_wconf 77' lang='grc' dir='ltr'><strong>δὲ</strong></span> <span class='ocrx_word' id='word_1_542' title='bbox 1347 1541 1488 1576; x_wconf 71' lang='grc' dir='ltr'>φάραγγες</span> <span class='ocrx_word' id='word_1_543' title='bbox 1502 1539 1657 1575; x_wconf 70' lang='grc' dir='ltr'>ἐκκλησίαι.</span> <span class='ocrx_word' id='word_1_544' title='bbox 1672 1541 1728 1567; x_wconf 78' lang='grc' dir='ltr'><strong>Καὶ</strong></span> <span class='ocrx_word' id='word_1_545' title='bbox 1743 1541 1823 1568; x_wconf 73' lang='grc' dir='ltr'>οὐδὲν</span> <span class='ocrx_word' id='word_1_546' title='bbox 1849 1542 1863 1567; x_wconf 78' lang='grc' dir='ltr'><strong>ὅ</strong></span> 
     </span>
    </p>
   </div>
   <div class='ocr_carea' id='block_1_78' title="bbox 1065 1583 1861 1623">
    <p class='ocr_par' dir='ltr' id='par_1_78' title="bbox 1065 1583 1861 1623">
     <span class='ocr_line' id='line_1_78' title="bbox 1065 1583 1861 1623; baseline 0.001 -10"><span class='ocrx_word' id='word_1_547' title='bbox 1065 1596 1092 1613; x_wconf 89' lang='grc' dir='ltr'><strong>τι</strong></span> <span class='ocrx_word' id='word_1_548' title='bbox 1106 1587 1235 1623; x_wconf 79' lang='grc' dir='ltr'>φρούριον</span> <span class='ocrx_word' id='word_1_549' title='bbox 1249 1585 1379 1621; x_wconf 72' lang='grc' dir='ltr'>ἐκφεύγει</span> <span class='ocrx_word' id='word_1_550' title='bbox 1394 1586 1423 1612; x_wconf 82' lang='grc' dir='ltr'>τὸ</span> <span class='ocrx_word' id='word_1_551' title='bbox 1436 1586 1565 1621; x_wconf 86' lang='grc' dir='ltr'>δημόσιον</span> <span class='ocrx_word' id='word_1_552' title='bbox 1583 1583 1662 1612; x_wconf 75' lang='grc' dir='ltr'>εἶναι.</span> <span class='ocrx_word' id='word_1_553' title='bbox 1679 1586 1724 1613; x_wconf 84' lang='grc' dir='ltr'>Ἐν</span> <span class='ocrx_word' id='word_1_554' title='bbox 1734 1584 1777 1618; x_wconf 77' lang='grc' dir='ltr'>οἷς</span> <span class='ocrx_word' id='word_1_555' title='bbox 1789 1587 1861 1614; x_wconf 74' lang='grc' dir='ltr'>ἃπα-</span> 
     </span>
    </p>
   </div>
   <div class='ocr_carea' id='block_1_79' title="bbox 1065 1632 1862 1668">
    <p class='ocr_par' dir='ltr' id='par_1_79' title="bbox 1065 1632 1862 1668">
     <span class='ocr_line' id='line_1_79' title="bbox 1065 1632 1862 1668; baseline -0.003 -8"><span class='ocrx_word' id='word_1_556' title='bbox 1065 1641 1106 1660; x_wconf 90' lang='grc' dir='ltr'><strong>σιν</strong></span> <span class='ocrx_word' id='word_1_557' title='bbox 1123 1633 1186 1660; x_wconf 75' lang='grc' dir='ltr'>ὅταν</span> <span class='ocrx_word' id='word_1_558' title='bbox 1199 1633 1223 1659; x_wconf 74' lang='lat' dir='ltr'><strong>et</strong></span> <span class='ocrx_word' id='word_1_559' title='bbox 1242 1632 1366 1668; x_wconf 79' lang='grc' dir='ltr'>πολέμιοι</span> <span class='ocrx_word' id='word_1_560' title='bbox 1388 1632 1620 1667; x_wconf 79' lang='grc' dir='ltr'>προνομεύσωσιν,</span> <span class='ocrx_word' id='word_1_561' title='bbox 1639 1632 1728 1667; x_wconf 77' lang='grc' dir='ltr'>εὐχαὶ,</span> <span class='ocrx_word' id='word_1_562' title='bbox 1747 1633 1796 1659; x_wconf 78' lang='grc' dir='ltr'>καὶ</span> <span class='ocrx_word' id='word_1_563' title='bbox 1811 1641 1862 1668; x_wconf 53' lang='grc' dir='ltr'>μιν</span> 
     </span>
    </p>
   </div>
   <div class='ocr_carea' id='block_1_80' title="bbox 1064 1677 1861 1713">
    <p class='ocr_par' dir='ltr' id='par_1_80' title="bbox 1064 1677 1861 1713">
     <span class='ocr_line' id='line_1_80' title="bbox 1064 1677 1861 1713; baseline 0.003 -10"><span class='ocrx_word' id='word_1_564' title='bbox 1064 1678 1162 1713; x_wconf 78' lang='grc' dir='ltr'>στήρια</span> <span class='ocrx_word' id='word_1_565' title='bbox 1173 1677 1301 1711; x_wconf 82' lang='grc' dir='ltr'>γίνονται.</span> <span class='ocrx_word' id='word_1_566' title='bbox 1315 1677 1406 1704; x_wconf 61' lang='grc' dir='ltr'>Οηίκίαι</span> <span class='ocrx_word' id='word_1_567' title='bbox 1421 1677 1448 1703; x_wconf 82' lang='grc' dir='ltr'><strong>δὲ</strong></span> <span class='ocrx_word' id='word_1_568' title='bbox 1463 1677 1525 1704; x_wconf 81' lang='grc' dir='ltr'>ὅσαι</span> <span class='ocrx_word' id='word_1_569' title='bbox 1537 1677 1608 1704; x_wconf 79' lang='grc' dir='ltr'>κατὰ</span> <span class='ocrx_word' id='word_1_570' title='bbox 1617 1678 1680 1709; x_wconf 80' lang='grc' dir='ltr'>τοὺς</span> <span class='ocrx_word' id='word_1_571' title='bbox 1695 1677 1795 1710; x_wconf 76' lang='grc' dir='ltr'>ἀθέους</span> <span class='ocrx_word' id='word_1_572' title='bbox 1806 1679 1861 1705; x_wconf 80' lang='grc' dir='ltr'>τῶν</span> 
     </span>
    </p>
   </div>
   <div class='ocr_carea' id='block_1_81' title="bbox 1063 1723 1860 1759">
    <p class='ocr_par' dir='ltr' id='par_1_81' title="bbox 1063 1723 1860 1759">
     <span class='ocr_line' id='line_1_81' title="bbox 1063 1723 1860 1759; baseline 0.003 -10"><span class='ocrx_word' id='word_1_573' title='bbox 1063 1723 1092 1756; x_wconf 82' lang='grc' dir='ltr'>ἐξ</span> <span class='ocrx_word' id='word_1_574' title='bbox 1113 1723 1219 1758; x_wconf 81' lang='grc' dir='ltr'>Ἀρείου</span> <span class='ocrx_word' id='word_1_575' title='bbox 1247 1723 1360 1758; x_wconf 82' lang='grc' dir='ltr'>καιροὺς</span> <span class='ocrx_word' id='word_1_576' title='bbox 1385 1723 1441 1759; x_wconf 73' lang='grc' dir='ltr'><strong>[ῃο.</strong></span> <span class='ocrx_word' id='word_1_577' title='bbox 1466 1723 1595 1759; x_wconf 82' lang='grc' dir='ltr'>καιρῶν],</span> <span class='ocrx_word' id='word_1_578' title='bbox 1620 1724 1704 1759; x_wconf 79' lang='grc' dir='ltr'>εὐχὰς</span> <span class='ocrx_word' id='word_1_579' title='bbox 1722 1724 1860 1758; x_wconf 72' lang='grc' dir='ltr'>ἐδέξαντο,</span> 
     </span>
    </p>
   </div>
   <div class='ocr_carea' id='block_1_82' title="bbox 1063 1766 1861 1807">
    <p class='ocr_par' dir='ltr' id='par_1_82' title="bbox 1063 1766 1861 1807">
     <span class='ocr_line' id='line_1_82' title="bbox 1063 1766 1861 1807; baseline 0.004 -13"><span class='ocrx_word' id='word_1_580' title='bbox 1063 1768 1110 1795; x_wconf 76' lang='grc' dir='ltr'><strong>καὶ</strong></span> <span class='ocrx_word' id='word_1_581' title='bbox 1122 1769 1269 1804; x_wconf 78' lang='grc' dir='ltr'>μυστήρια.</span> <span class='ocrx_word' id='word_1_582' title='bbox 1279 1769 1348 1795; x_wconf 81' lang='grc' dir='ltr'>Ἀλλ’</span> <span class='ocrx_word' id='word_1_583' title='bbox 1363 1769 1439 1795; x_wconf 82' lang='grc' dir='ltr'>οὐδὲν</span> <span class='ocrx_word' id='word_1_584' title='bbox 1451 1766 1532 1804; x_wconf 82' lang='grc' dir='ltr'>ἧττόν</span> <span class='ocrx_word' id='word_1_585' title='bbox 1542 1770 1610 1796; x_wconf 79' lang='grc' dir='ltr'>εξσιν</span> <span class='ocrx_word' id='word_1_586' title='bbox 1625 1769 1756 1802; x_wconf 79' lang='grc' dir='ltr'>ίδιώτιδες</span> <span class='ocrx_word' id='word_1_587' title='bbox 1767 1780 1774 1785; x_wconf 91' lang='grc'>·</span> <span class='ocrx_word' id='word_1_588' title='bbox 1787 1772 1861 1807; x_wconf 72' lang='grc' dir='ltr'>φυγὴ</span> 
     </span>
    </p>
   </div>
   <div class='ocr_carea' id='block_1_83' title="bbox 1063 1814 1862 1850">
    <p class='ocr_par' dir='ltr' id='par_1_83' title="bbox 1063 1814 1862 1850">
     <span class='ocr_line' id='line_1_83' title="bbox 1063 1814 1862 1850; baseline 0.001 -10"><span class='ocrx_word' id='word_1_589' title='bbox 1063 1814 1116 1849; x_wconf 77' lang='grc' dir='ltr'><strong>γὰρ</strong></span> <span class='ocrx_word' id='word_1_590' title='bbox 1129 1815 1255 1841; x_wconf 79' lang='grc' dir='ltr'>κάκεῖνο·</span> <span class='ocrx_word' id='word_1_591' title='bbox 1276 1815 1324 1840; x_wconf 79' lang='grc' dir='ltr'>καὶ</span> <span class='ocrx_word' id='word_1_592' title='bbox 1349 1814 1403 1849; x_wconf 81' lang='grc' dir='ltr'><strong>γὰρ</strong></span> <span class='ocrx_word' id='word_1_593' title='bbox 1425 1815 1524 1841; x_wconf 77' lang='grc' dir='ltr'>ἐκεῖνοι</span> <span class='ocrx_word' id='word_1_594' title='bbox 1546 1815 1680 1850; x_wconf 83' lang='grc' dir='ltr'>πολέμιοι.</span> <span class='ocrx_word' id='word_1_595' title='bbox 1705 1815 1778 1841; x_wconf 77' lang='grc' dir='ltr'>Ἀλλ’</span> <span class='ocrx_word' id='word_1_596' title='bbox 1805 1815 1862 1850; x_wconf 70' lang='grc' dir='ltr'><strong>ἐγὼ</strong></span> 
     </span>
    </p>
   </div>
   <div class='ocr_carea' id='block_1_84' title="bbox 1061 1859 1860 1895">
    <p class='ocr_par' dir='ltr' id='par_1_84' title="bbox 1061 1859 1860 1895">
     <span class='ocr_line' id='line_1_84' title="bbox 1061 1859 1860 1895; baseline 0 -9"><span class='ocrx_word' id='word_1_597' title='bbox 1061 1860 1108 1886; x_wconf 84' lang='grc' dir='ltr'>τὸν</span> <span class='ocrx_word' id='word_1_598' title='bbox 1121 1859 1215 1895; x_wconf 77' lang='grc' dir='ltr'>καιρὸν</span> <span class='ocrx_word' id='word_1_599' title='bbox 1226 1859 1338 1895; x_wconf 79' lang='grc' dir='ltr'>ἐζήτουν</span> <span class='ocrx_word' id='word_1_600' title='bbox 1359 1860 1407 1894; x_wconf 84' lang='grc' dir='ltr'>τῆς</span> <span class='ocrx_word' id='word_1_601' title='bbox 1426 1859 1623 1895; x_wconf 76' lang='grc' dir='ltr'>καθιδρύσεως,</span> <span class='ocrx_word' id='word_1_602' title='bbox 1643 1860 1667 1886; x_wconf 83' lang='grc' dir='ltr'><strong>εί</strong></span> <span class='ocrx_word' id='word_1_603' title='bbox 1683 1860 1761 1895; x_wconf 79' lang='grc' dir='ltr'>παρὰ</span> <span class='ocrx_word' id='word_1_604' title='bbox 1773 1860 1860 1887; x_wconf 70' lang='grc' dir='ltr'>διδόν-</span> 
     </span>
    </p>
   </div>
   <div class='ocr_carea' id='block_1_85' title="bbox 1061 1905 1858 1941">
    <p class='ocr_par' dir='ltr' id='par_1_85' title="bbox 1061 1905 1858 1941">
     <span class='ocr_line' id='line_1_85' title="bbox 1061 1905 1858 1941; baseline 0.003 -10"><span class='ocrx_word' id='word_1_605' title='bbox 1061 1914 1126 1937; x_wconf 87' lang='grc' dir='ltr'>των,</span> <span class='ocrx_word' id='word_1_606' title='bbox 1152 1906 1176 1931; x_wconf 85' lang='grc' dir='ltr'>εῑ</span> <span class='ocrx_word' id='word_1_607' title='bbox 1207 1905 1283 1940; x_wconf 79' lang='grc' dir='ltr'>παρὰ</span> <span class='ocrx_word' id='word_1_608' title='bbox 1308 1905 1520 1941; x_wconf 79' lang='grc' dir='ltr'>συγχωρούντων</span> <span class='ocrx_word' id='word_1_609' title='bbox 1541 1905 1596 1932; x_wconf 85' lang='grc' dir='ltr'>τῶν</span> <span class='ocrx_word' id='word_1_610' title='bbox 1619 1906 1722 1941; x_wconf 78' lang='grc' dir='ltr'>κυρίων</span> <span class='ocrx_word' id='word_1_611' title='bbox 1738 1906 1858 1939; x_wconf 77' lang='grc' dir='ltr'>ἐγένετο.</span> 
     </span>
    </p>
   </div>
   <div class='ocr_carea' id='block_1_86' title="bbox 1068 1952 1859 1988">
    <p class='ocr_par' dir='ltr' id='par_1_86' title="bbox 1068 1952 1859 1988">
     <span class='ocr_line' id='line_1_86' title="bbox 1068 1952 1859 1988; baseline 0 -10"><span class='ocrx_word' id='word_1_612' title='bbox 1068 1952 1228 1987; x_wconf 76' lang='grc' dir='ltr'>Ἀπεδείχθη</span> <span class='ocrx_word' id='word_1_613' title='bbox 1242 1952 1375 1988; x_wconf 83' lang='grc' dir='ltr'>λαμπρῶς</span> <span class='ocrx_word' id='word_1_614' title='bbox 1392 1953 1499 1979; x_wconf 80' lang='grc' dir='ltr'>ἃπαντα</span> <span class='ocrx_word' id='word_1_615' title='bbox 1515 1952 1654 1979; x_wconf 80' lang='grc' dir='ltr'>τάναντία.</span> <span class='ocrx_word' id='word_1_616' title='bbox 1666 1952 1728 1979; x_wconf 82' lang='grc' dir='ltr'><strong>Τῶν</strong></span> <span class='ocrx_word' id='word_1_617' title='bbox 1744 1953 1859 1981; x_wconf 74' lang='grc' dir='ltr'>ἐπισκό-</span> 
     </span>
    </p>
   </div>
   <div class='ocr_carea' id='block_1_87' title="bbox 1065 1998 1858 2034">
    <p class='ocr_par' dir='ltr' id='par_1_87' title="bbox 1065 1998 1858 2034">
     <span class='ocr_line' id='line_1_87' title="bbox 1065 1998 1858 2034; baseline 0.001 -10"><span class='ocrx_word' id='word_1_618' title='bbox 1065 2007 1121 2025; x_wconf 84' lang='grc' dir='ltr'>πων</span> <span class='ocrx_word' id='word_1_619' title='bbox 1135 1999 1149 2025; x_wconf 89' lang='grc' dir='ltr'><strong>ό</strong></span> <span class='ocrx_word' id='word_1_620' title='bbox 1163 1998 1212 2034; x_wconf 81' lang='grc' dir='ltr'>μὲν</span> <span class='ocrx_word' id='word_1_621' title='bbox 1224 1999 1284 2034; x_wconf 70' lang='grc' dir='ltr'>ᾔτει</span> <span class='ocrx_word' id='word_1_622' title='bbox 1301 1999 1402 2031; x_wconf 68' lang='grc' dir='ltr'>λαϐεῖν,</span> <span class='ocrx_word' id='word_1_623' title='bbox 1419 2000 1432 2025; x_wconf 84' lang='grc' dir='ltr'>ὁ</span> <span class='ocrx_word' id='word_1_624' title='bbox 1458 1998 1486 2025; x_wconf 76' lang='grc' dir='ltr'><strong>δὲ</strong></span> <span class='ocrx_word' id='word_1_625' title='bbox 1509 1999 1559 2026; x_wconf 88' lang='grc' dir='ltr'>οὐκ</span> <span class='ocrx_word' id='word_1_626' title='bbox 1581 1999 1667 2026; x_wconf 79' lang='grc' dir='ltr'>ἐδίδου</span> <span class='ocrx_word' id='word_1_627' title='bbox 1688 1999 1787 2034; x_wconf 65' lang='grc' dir='ltr'>κύριος</span> <span class='ocrx_word' id='word_1_628' title='bbox 1810 1999 1858 2026; x_wconf 81' lang='grc' dir='ltr'><strong>ὢν.</strong></span> 
     </span>
    </p>
   </div>
   <div class='ocr_carea' id='block_1_88' title="bbox 1062 2044 1858 2081">
    <p class='ocr_par' dir='ltr' id='par_1_88' title="bbox 1062 2044 1858 2081">
     <span class='ocr_line' id='line_1_88' title="bbox 1062 2044 1858 2081; baseline 0.003 -9"><span class='ocrx_word' id='word_1_629' title='bbox 1062 2045 1144 2077; x_wconf 78' lang='grc' dir='ltr'>Τέλος</span> <span class='ocrx_word' id='word_1_630' title='bbox 1158 2046 1172 2072; x_wconf 77' lang='grc' dir='ltr'><strong><em>ὁ</em></strong></span> <span class='ocrx_word' id='word_1_631' title='bbox 1188 2045 1237 2080; x_wconf 81' lang='grc' dir='ltr'>μὲν</span> <span class='ocrx_word' id='word_1_632' title='bbox 1260 2045 1347 2080; x_wconf 78' lang='grc' dir='ltr'>ᾤχετο</span> <span class='ocrx_word' id='word_1_633' title='bbox 1359 2046 1408 2077; x_wconf 82' lang='grc' dir='ltr'>τὰς</span> <span class='ocrx_word' id='word_1_634' title='bbox 1425 2044 1499 2077; x_wconf 87' lang='grc' dir='ltr'>κλεῖς</span> <span class='ocrx_word' id='word_1_635' title='bbox 1517 2045 1586 2080; x_wconf 79' lang='grc' dir='ltr'>ἔχων</span> <span class='ocrx_word' id='word_1_636' title='bbox 1599 2054 1606 2062; x_wconf 77' lang='grc' dir='ltr'><strong>ι</strong></span> <span class='ocrx_word' id='word_1_637' title='bbox 1632 2047 1646 2072; x_wconf 83' lang='grc' dir='ltr'>ὁ</span> <span class='ocrx_word' id='word_1_638' title='bbox 1661 2045 1690 2072; x_wconf 82' lang='grc' dir='ltr'><strong>δὲ</strong></span> <span class='ocrx_word' id='word_1_639' title='bbox 1715 2047 1858 2081; x_wconf 77' lang='grc' dir='ltr'>ἀνοίγνυσι</span> 
     </span>
    </p>
   </div>
   <div class='ocr_carea' id='block_1_89' title="bbox 1062 2090 1860 2128">
    <p class='ocr_par' dir='ltr' id='par_1_89' title="bbox 1062 2090 1860 2128">
     <span class='ocr_line' id='line_1_89' title="bbox 1062 2090 1860 2128; baseline 0.003 -11"><span class='ocrx_word' id='word_1_640' title='bbox 1062 2091 1108 2117; x_wconf 78' lang='grc' dir='ltr'>καὶ</span> <span class='ocrx_word' id='word_1_641' title='bbox 1122 2091 1260 2126; x_wconf 72' lang='grc' dir='ltr'>τράπεζαν</span> <span class='ocrx_word' id='word_1_642' title='bbox 1282 2091 1447 2126; x_wconf 76' lang='grc' dir='ltr'>εἰσφορήσας</span> <span class='ocrx_word' id='word_1_643' title='bbox 1469 2090 1525 2126; x_wconf 63' lang='lat' dir='ltr'><strong>lyp.</strong></span> <span class='ocrx_word' id='word_1_644' title='bbox 1551 2091 1715 2127; x_wconf 79' lang='grc' dir='ltr'>είσφρήτας]</span> <span class='ocrx_word' id='word_1_645' title='bbox 1733 2092 1860 2128; x_wconf 83' lang='grc' dir='ltr'>καθιεροῖ</span> 
     </span>
    </p>
   </div>
   <div class='ocr_carea' id='block_1_90' title="bbox 1063 2136 1859 2174">
    <p class='ocr_par' dir='ltr' id='par_1_90' title="bbox 1063 2136 1859 2174">
     <span class='ocr_line' id='line_1_90' title="bbox 1063 2136 1859 2174; baseline 0.005 -12"><span class='ocrx_word' id='word_1_646' title='bbox 1063 2136 1159 2172; x_wconf 74' lang='grc' dir='ltr'>μικρὸν</span> <span class='ocrx_word' id='word_1_647' title='bbox 1175 2136 1296 2163; x_wconf 80' lang='grc' dir='ltr'>οίκίσκον</span> <span class='ocrx_word' id='word_1_648' title='bbox 1322 2136 1351 2162; x_wconf 72' lang='grc' dir='ltr'>ἐν</span> <span class='ocrx_word' id='word_1_649' title='bbox 1376 2137 1449 2172; x_wconf 82' lang='grc' dir='ltr'>λόφῳ</span> <span class='ocrx_word' id='word_1_650' title='bbox 1465 2137 1568 2164; x_wconf 77' lang='grc' dir='ltr'>πλατεῖ.</span> <span class='ocrx_word' id='word_1_651' title='bbox 1590 2137 1659 2164; x_wconf 76' lang='grc' dir='ltr'>Ἀλλ’</span> <span class='ocrx_word' id='word_1_652' title='bbox 1676 2138 1706 2164; x_wconf 88' lang='grc' dir='ltr'>οὺ</span> <span class='ocrx_word' id='word_1_653' title='bbox 1724 2139 1783 2174; x_wconf 81' lang='grc' dir='ltr'>γάρ</span> <span class='ocrx_word' id='word_1_654' title='bbox 1801 2140 1859 2166; x_wconf 76' lang='grc' dir='ltr'>ἔστι</span> 
     </span>
    </p>
   </div>
   <div class='ocr_carea' id='block_1_91' title="bbox 1062 2182 1859 2220">
    <p class='ocr_par' dir='ltr' id='par_1_91' title="bbox 1062 2182 1859 2220">
     <span class='ocr_line' id='line_1_91' title="bbox 1062 2182 1859 2220; baseline 0.004 -12"><span class='ocrx_word' id='word_1_655' title='bbox 1062 2182 1228 2218; x_wconf 85' lang='grc' dir='ltr'>παριτητέον</span> <span class='ocrx_word' id='word_1_656' title='bbox 1242 2182 1287 2208; x_wconf 76' lang='grc' dir='ltr'><strong>ἐπὶ</strong></span> <span class='ocrx_word' id='word_1_657' title='bbox 1303 2182 1348 2209; x_wconf 74' lang='grc' dir='ltr'>τὸν</span> <span class='ocrx_word' id='word_1_658' title='bbox 1359 2183 1490 2215; x_wconf 76' lang='grc' dir='ltr'>οἰκίσκον,</span> <span class='ocrx_word' id='word_1_659' title='bbox 1507 2184 1531 2209; x_wconf 79' lang='lat' dir='ltr'><strong>sl</strong></span> <span class='ocrx_word' id='word_1_660' title='bbox 1543 2183 1580 2219; x_wconf 84' lang='grc' dir='ltr'>μὴ</span> <span class='ocrx_word' id='word_1_661' title='bbox 1597 2183 1631 2209; x_wconf 81' lang='grc' dir='ltr'><strong>δι’</strong></span> <span class='ocrx_word' id='word_1_662' title='bbox 1647 2183 1801 2220; x_wconf 79' lang='grc' dir='ltr'>ὁλοκλήρου</span> <span class='ocrx_word' id='word_1_663' title='bbox 1813 2185 1859 2211; x_wconf 78' lang='grc' dir='ltr'>τοῦ</span> 
     </span>
    </p>
   </div>
   <div class='ocr_carea' id='block_1_92' title="bbox 216 2218 1012 2264">
    <p class='ocr_par' dir='ltr' id='par_1_92' title="bbox 216 2218 1008 2253">
     <span class='ocr_line' id='line_1_92' title="bbox 216 2218 1008 2253; baseline -0.004 -6"><span class='ocrx_word' id='word_1_664' title='bbox 216 2220 276 2253; x_wconf 78' lang='lat' dir='ltr'><strong>illo,</strong></span> <span class='ocrx_word' id='word_1_665' title='bbox 292 2225 319 2248; x_wconf 88' lang='lat' dir='ltr'><strong>et</strong></span> <span class='ocrx_word' id='word_1_666' title='bbox 333 2220 424 2247; x_wconf 86' lang='lat' dir='ltr'><strong>claves</strong></span> <span class='ocrx_word' id='word_1_667' title='bbox 441 2227 535 2247; x_wconf 89' lang='lat' dir='ltr'><strong>secum</strong></span> <span class='ocrx_word' id='word_1_668' title='bbox 552 2218 699 2249; x_wconf 80' lang='lat' dir='ltr'><strong>deferente,</strong></span> <span class='ocrx_word' id='word_1_669' title='bbox 715 2218 803 2253; x_wconf 85' lang='lat' dir='ltr'><strong>aperit</strong></span> <span class='ocrx_word' id='word_1_670' title='bbox 819 2218 881 2248; x_wconf 88' lang='lat' dir='ltr'><strong>iste,</strong></span> <span class='ocrx_word' id='word_1_671' title='bbox 897 2224 924 2246; x_wconf 91' lang='lat' dir='ltr'><strong>ct</strong></span> <span class='ocrx_word' id='word_1_672' title='bbox 935 2226 1008 2245; x_wconf 88' lang='lat' dir='ltr'><strong>men-</strong></span> 
     </span>
    </p>
   </div>
   <div class='ocr_carea' id='block_1_93' title="bbox 1066 2218 1860 2264">
    <p class='ocr_par' dir='ltr' id='par_1_93' title="bbox 1066 2218 1860 2264">
     <span class='ocr_line' id='line_1_93' title="bbox 1066 2218 1860 2264; baseline 0.001 -11"><span class='ocrx_word' id='word_1_673' title='bbox 1066 2227 1190 2258; x_wconf 76' lang='grc' dir='ltr'>πλάτους,</span> <span class='ocrx_word' id='word_1_674' title='bbox 1206 2226 1276 2254; x_wconf 82' lang='grc' dir='ltr'>ὥστε</span> <span class='ocrx_word' id='word_1_675' title='bbox 1290 2228 1371 2263; x_wconf 80' lang='grc' dir='ltr'>τέχνη</span> <span class='ocrx_word' id='word_1_676' title='bbox 1394 2236 1435 2258; x_wconf 81' lang='grc' dir='ltr'><strong>τις</strong></span> <span class='ocrx_word' id='word_1_677' title='bbox 1449 2225 1493 2262; x_wconf 75' lang='grc' dir='ltr'><strong>ἦν,</strong></span> <span class='ocrx_word' id='word_1_678' title='bbox 1511 2228 1554 2262; x_wconf 70' lang='grc' dir='ltr'><strong>ἐφ’</strong></span> <span class='ocrx_word' id='word_1_679' title='bbox 1566 2224 1589 2261; x_wconf 81' lang='grc' dir='ltr'>ᾧ</span> <span class='ocrx_word' id='word_1_680' title='bbox 1605 2227 1650 2254; x_wconf 79' lang='grc' dir='ltr'>τὸν</span> <span class='ocrx_word' id='word_1_681' title='bbox 1674 2218 1758 2262; x_wconf 76' lang='grc' dir='ltr'>λόφον</span> <span class='ocrx_word' id='word_1_682' title='bbox 1780 2237 1860 2264; x_wconf 61' lang='grc' dir='ltr'>πρι-</span> 
     </span>
    </p>
   </div>
   <div class='ocr_carea' id='block_1_94' title="bbox 215 2263 1009 2300">
    <p class='ocr_par' dir='ltr' id='par_1_94' title="bbox 215 2263 1009 2300">
     <span class='ocr_line' id='line_1_94' title="bbox 215 2263 1009 2300; baseline -0.004 -7"><span class='ocrx_word' id='word_1_683' title='bbox 215 2273 276 2293; x_wconf 83' lang='lat' dir='ltr'><strong>sam</strong></span> <span class='ocrx_word' id='word_1_684' title='bbox 303 2266 456 2300; x_wconf 86' lang='lat' dir='ltr'><strong>importans</strong></span> <span class='ocrx_word' id='word_1_685' title='bbox 476 2263 621 2291; x_wconf 62' lang='lat' dir='ltr'><strong>aediCulam</strong></span> <span class='ocrx_word' id='word_1_686' title='bbox 647 2271 759 2298; x_wconf 89' lang='lat' dir='ltr'><strong>parvam</strong></span> <span class='ocrx_word' id='word_1_687' title='bbox 785 2267 863 2291; x_wconf 86' lang='lat' dir='ltr'><strong>vasto</strong></span> <span class='ocrx_word' id='word_1_688' title='bbox 885 2263 912 2290; x_wconf 90' lang='lat' dir='ltr'><strong>in</strong></span> <span class='ocrx_word' id='word_1_689' title='bbox 938 2264 1009 2290; x_wconf 88' lang='lat' dir='ltr'><strong>colle</strong></span> 
     </span>
    </p>
   </div>
   <div class='ocr_carea' id='block_1_95' title="bbox 215 2308 1007 2344">
    <p class='ocr_par' dir='ltr' id='par_1_95' title="bbox 215 2308 1007 2344">
     <span class='ocr_line' id='line_1_95' title="bbox 215 2308 1007 2344; baseline -0.005 -6"><span class='ocrx_word' id='word_1_690' title='bbox 215 2315 371 2338; x_wconf 85' lang='lat' dir='ltr'><strong>conseerat.</strong></span> <span class='ocrx_word' id='word_1_691' title='bbox 390 2308 490 2337; x_wconf 79' lang='lat' dir='ltr'><strong>Verum</strong></span> <span class='ocrx_word' id='word_1_692' title='bbox 508 2315 658 2341; x_wconf 83' lang='lat' dir='ltr'><strong>nusquam,</strong></span> <span class='ocrx_word' id='word_1_693' title='bbox 682 2308 734 2336; x_wconf 89' lang='lat' dir='ltr'><strong>nisi</strong></span> <span class='ocrx_word' id='word_1_694' title='bbox 753 2315 801 2344; x_wconf 88' lang='lat' dir='ltr'><strong>per</strong></span> <span class='ocrx_word' id='word_1_695' title='bbox 819 2313 1007 2336; x_wconf 83' lang='lat' dir='ltr'><strong>transversum</strong></span> 
     </span>
    </p>
   </div>
   <div class='ocr_carea' id='block_1_96' title="bbox 216 2353 1008 2388">
    <p class='ocr_par' dir='ltr' id='par_1_96' title="bbox 216 2353 1008 2388">
     <span class='ocr_line' id='line_1_96' title="bbox 216 2353 1008 2388; baseline -0.006 -4"><span class='ocrx_word' id='word_1_696' title='bbox 216 2360 303 2384; x_wconf 88' lang='lat' dir='ltr'><strong>totum</strong></span> <span class='ocrx_word' id='word_1_697' title='bbox 320 2355 429 2387; x_wconf 87' lang='lat' dir='ltr'><strong>collem,</strong></span> <span class='ocrx_word' id='word_1_698' title='bbox 442 2355 476 2381; x_wconf 88' lang='lat' dir='ltr'><strong>ad</strong></span> <span class='ocrx_word' id='word_1_699' title='bbox 484 2354 628 2381; x_wconf 63' lang='lat' dir='ltr'><strong>aediculam</strong></span> <span class='ocrx_word' id='word_1_700' title='bbox 643 2357 717 2388; x_wconf 89' lang='lat' dir='ltr'><strong>patet</strong></span> <span class='ocrx_word' id='word_1_701' title='bbox 733 2353 839 2385; x_wconf 88' lang='lat' dir='ltr'><strong>aditus,</strong></span> <span class='ocrx_word' id='word_1_702' title='bbox 856 2353 1008 2388; x_wconf 85' lang='lat' dir='ltr'><strong>callideque</strong></span> 
     </span>
    </p>
   </div>
   <div class='ocr_carea' id='block_1_97' title="bbox 215 2399 1007 2436">
    <p class='ocr_par' dir='ltr' id='par_1_97' title="bbox 215 2399 1007 2436">
     <span class='ocr_line' id='line_1_97' title="bbox 215 2399 1007 2436; baseline -0.005 -7"><span class='ocrx_word' id='word_1_703' title='bbox 215 2401 292 2429; x_wconf 89' lang='lat' dir='ltr'><strong>istud</strong></span> <span class='ocrx_word' id='word_1_704' title='bbox 306 2401 492 2436; x_wconf 83' lang='lat' dir='ltr'><strong>excogitatum</strong></span> <span class='ocrx_word' id='word_1_705' title='bbox 508 2404 576 2432; x_wconf 85' lang='lat' dir='ltr'><strong>erat,</strong></span> <span class='ocrx_word' id='word_1_706' title='bbox 592 2407 647 2434; x_wconf 90' lang='lat' dir='ltr'><strong>quo</strong></span> <span class='ocrx_word' id='word_1_707' title='bbox 665 2399 717 2426; x_wconf 87' lang='lat' dir='ltr'><strong>sibi</strong></span> <span class='ocrx_word' id='word_1_708' title='bbox 734 2399 834 2427; x_wconf 84' lang='lat' dir='ltr'><strong>clivum</strong></span> <span class='ocrx_word' id='word_1_709' title='bbox 851 2403 1007 2434; x_wconf 77' lang='lat' dir='ltr'><strong>usurparet.</strong></span> 
     </span>
    </p>
   </div>
   <div class='ocr_carea' id='block_1_98' title="bbox 214 2445 1005 2480">
    <p class='ocr_par' dir='ltr' id='par_1_98' title="bbox 214 2445 1005 2480">
     <span class='ocr_line' id='line_1_98' title="bbox 214 2445 1005 2480; baseline -0.004 -5"><span class='ocrx_word' id='word_1_710' title='bbox 214 2448 282 2475; x_wconf 85' lang='lat' dir='ltr'><strong>Mihi</strong></span> <span class='ocrx_word' id='word_1_711' title='bbox 299 2455 365 2475; x_wconf 86' lang='lat' dir='ltr'><strong>vero</strong></span> <span class='ocrx_word' id='word_1_712' title='bbox 383 2447 480 2474; x_wconf 87' lang='lat' dir='ltr'><strong>acerba</strong></span> <span class='ocrx_word' id='word_1_713' title='bbox 494 2454 538 2474; x_wconf 80' lang='lat' dir='ltr'><strong>res</strong></span> <span class='ocrx_word' id='word_1_714' title='bbox 555 2446 601 2473; x_wconf 83' lang='lat' dir='ltr'><strong>illa</strong></span> <span class='ocrx_word' id='word_1_715' title='bbox 617 2453 681 2472; x_wconf 85' lang='lat' dir='ltr'><strong>cum</strong></span> <span class='ocrx_word' id='word_1_716' title='bbox 696 2446 792 2480; x_wconf 86' lang='lat' dir='ltr'><strong>primis</strong></span> <span class='ocrx_word' id='word_1_717' title='bbox 805 2445 959 2476; x_wconf 81' lang='lat' dir='ltr'><strong>videbatur,</strong></span> <span class='ocrx_word' id='word_1_718' title='bbox 978 2449 1005 2472; x_wconf 85' lang='lat' dir='ltr'><strong>et</strong></span> 
     </span>
    </p>
   </div>
   <div class='ocr_carea' id='block_1_99' title="bbox 213 2490 1004 2526">
    <p class='ocr_par' dir='ltr' id='par_1_99' title="bbox 213 2490 1004 2526">
     <span class='ocr_line' id='line_1_99' title="bbox 213 2490 1004 2526; baseline -0.001 -7"><span class='ocrx_word' id='word_1_719' title='bbox 213 2494 288 2520; x_wconf 73' lang='lat' dir='ltr'><strong>cunni</strong></span> <span class='ocrx_word' id='word_1_720' title='bbox 305 2493 455 2520; x_wconf 85' lang='lat' dir='ltr'><strong>acerbitate</strong></span> <span class='ocrx_word' id='word_1_721' title='bbox 470 2491 576 2526; x_wconf 86' lang='lat' dir='ltr'><strong>major;</strong></span> <span class='ocrx_word' id='word_1_722' title='bbox 593 2498 643 2518; x_wconf 83' lang='lat' dir='ltr'><strong>nec</strong></span> <span class='ocrx_word' id='word_1_723' title='bbox 657 2499 737 2526; x_wconf 79' lang='lat' dir='ltr'><strong>aequo</strong></span> <span class='ocrx_word' id='word_1_724' title='bbox 762 2491 789 2518; x_wconf 93' lang='lat' dir='ltr'><strong>id</strong></span> <span class='ocrx_word' id='word_1_725' title='bbox 806 2491 900 2517; x_wconf 84' lang='lat' dir='ltr'><strong>animo</strong></span> <span class='ocrx_word' id='word_1_726' title='bbox 915 2490 1004 2518; x_wconf 82' lang='lat' dir='ltr'><strong>feren-</strong></span> 
     </span>
    </p>
   </div>
   <div class='ocr_carea' id='block_1_100' title="bbox 213 2537 1004 2572">
    <p class='ocr_par' dir='ltr' id='par_1_100' title="bbox 213 2537 1004 2572">
     <span class='ocr_line' id='line_1_100' title="bbox 213 2537 1004 2572; baseline -0.003 -7"><span class='ocrx_word' id='word_1_727' title='bbox 213 2539 290 2569; x_wconf 87' lang='lat' dir='ltr'><strong>dum,</strong></span> <span class='ocrx_word' id='word_1_728' title='bbox 317 2545 378 2565; x_wconf 69' lang='lat' dir='ltr'><strong>sum</strong></span> <span class='ocrx_word' id='word_1_729' title='bbox 404 2545 546 2565; x_wconf 84' lang='lat' dir='ltr'><strong>sacrarum</strong></span> <span class='ocrx_word' id='word_1_730' title='bbox 571 2537 660 2572; x_wconf 86' lang='lat' dir='ltr'><strong>legum</strong></span> <span class='ocrx_word' id='word_1_731' title='bbox 684 2537 783 2572; x_wconf 85' lang='lat' dir='ltr'><strong>gratia,</strong></span> <span class='ocrx_word' id='word_1_732' title='bbox 810 2540 868 2562; x_wconf 90' lang='lat' dir='ltr'><strong>tum</strong></span> <span class='ocrx_word' id='word_1_733' title='bbox 891 2539 1004 2570; x_wconf 88' lang='lat' dir='ltr'><strong>propter</strong></span> 
     </span>
    </p>
   </div>
   <div class='ocr_carea' id='block_1_101' title="bbox 213 2582 1003 2618">
    <p class='ocr_par' dir='ltr' id='par_1_101' title="bbox 213 2582 1003 2618">
     <span class='ocr_line' id='line_1_101' title="bbox 213 2582 1003 2618; baseline -0.001 -9"><span class='ocrx_word' id='word_1_734' title='bbox 213 2583 371 2617; x_wconf 72' lang='lat' dir='ltr'><strong>reipublicae</strong></span> <span class='ocrx_word' id='word_1_735' title='bbox 387 2583 462 2618; x_wconf 80' lang='lat' dir='ltr'><strong>jura.</strong></span> <span class='ocrx_word' id='word_1_736' title='bbox 495 2582 660 2610; x_wconf 85' lang='lat' dir='ltr'><strong>Permisceri</strong></span> <span class='ocrx_word' id='word_1_737' title='bbox 684 2583 756 2609; x_wconf 86' lang='lat' dir='ltr'><strong>enim</strong></span> <span class='ocrx_word' id='word_1_738' title='bbox 780 2582 862 2610; x_wconf 82' lang='lat' dir='ltr'><strong>simul</strong></span> <span class='ocrx_word' id='word_1_739' title='bbox 888 2582 1003 2615; x_wconf 81' lang='lat' dir='ltr'><strong>omnia;</strong></span> 
     </span>
    </p>
   </div>
   <div class='ocr_carea' id='block_1_102' title="bbox 1057 2271 1859 2310">
    <p class='ocr_par' dir='ltr' id='par_1_102' title="bbox 1057 2271 1859 2310">
     <span class='ocr_line' id='line_1_102' title="bbox 1057 2271 1859 2310; baseline 0.002 -12"><span class='ocrx_word' id='word_1_740' title='bbox 1057 2272 1233 2308; x_wconf 79' lang='grc' dir='ltr'>ποιήσασθαι.</span> <span class='ocrx_word' id='word_1_741' title='bbox 1258 2271 1360 2298; x_wconf 78' lang='grc' dir='ltr'>Ἐδόκει</span> <span class='ocrx_word' id='word_1_742' title='bbox 1380 2272 1412 2307; x_wconf 87' lang='grc' dir='ltr'><strong>δή</strong></span> <span class='ocrx_word' id='word_1_743' title='bbox 1434 2281 1478 2306; x_wconf 83' lang='grc' dir='ltr'><strong>μοι</strong></span> <span class='ocrx_word' id='word_1_744' title='bbox 1496 2272 1526 2310; x_wconf 73' lang='grc' dir='ltr'>τὸ</span> <span class='ocrx_word' id='word_1_745' title='bbox 1543 2273 1660 2308; x_wconf 80' lang='grc' dir='ltr'>πρᾶγμα</span> <span class='ocrx_word' id='word_1_746' title='bbox 1671 2272 1761 2299; x_wconf 81' lang='grc' dir='ltr'>δεινδν</span> <span class='ocrx_word' id='word_1_747' title='bbox 1775 2271 1859 2305; x_wconf 73' lang='grc' dir='ltr'>εἶναι,</span> 
     </span>
    </p>
   </div>
   <div class='ocr_carea' id='block_1_103' title="bbox 1057 2315 1859 2354">
    <p class='ocr_par' dir='ltr' id='par_1_103' title="bbox 1057 2315 1859 2354">
     <span class='ocr_line' id='line_1_103' title="bbox 1057 2315 1859 2354; baseline 0.002 -11"><span class='ocrx_word' id='word_1_748' title='bbox 1057 2316 1104 2343; x_wconf 80' lang='grc' dir='ltr'>καὶ</span> <span class='ocrx_word' id='word_1_749' title='bbox 1132 2316 1202 2351; x_wconf 79' lang='grc' dir='ltr'>πέρα</span> <span class='ocrx_word' id='word_1_750' title='bbox 1217 2315 1314 2349; x_wconf 73' lang='grc' dir='ltr'>δεινοῦ,</span> <span class='ocrx_word' id='word_1_751' title='bbox 1347 2317 1394 2343; x_wconf 83' lang='grc' dir='ltr'>καὶ</span> <span class='ocrx_word' id='word_1_752' title='bbox 1412 2317 1616 2353; x_wconf 80' lang='grc' dir='ltr'>ἁγανακτητέον</span> <span class='ocrx_word' id='word_1_753' title='bbox 1629 2317 1697 2353; x_wconf 76' lang='grc' dir='ltr'>όμοῦ</span> <span class='ocrx_word' id='word_1_754' title='bbox 1716 2318 1769 2353; x_wconf 77' lang='grc' dir='ltr'>μὲν</span> <span class='ocrx_word' id='word_1_755' title='bbox 1787 2319 1859 2354; x_wconf 51' lang='grc' dir='ltr'><strong>ὑάρ</strong></span> 
     </span>
    </p>
   </div>
   <div class='ocr_carea' id='block_1_104' title="bbox 1056 2361 1859 2397">
    <p class='ocr_par' dir='ltr' id='par_1_104' title="bbox 1056 2361 1859 2397">
     <span class='ocr_line' id='line_1_104' title="bbox 1056 2361 1859 2397; baseline 0.004 -10"><span class='ocrx_word' id='word_1_756' title='bbox 1056 2361 1110 2388; x_wconf 81' lang='grc' dir='ltr'><strong>τῶν</strong></span> <span class='ocrx_word' id='word_1_757' title='bbox 1126 2362 1216 2396; x_wconf 77' lang='grc' dir='ltr'>νόμιον</span> <span class='ocrx_word' id='word_1_758' title='bbox 1229 2361 1283 2388; x_wconf 84' lang='grc' dir='ltr'>τῶν</span> <span class='ocrx_word' id='word_1_759' title='bbox 1297 2361 1386 2397; x_wconf 83' lang='grc' dir='ltr'>ἱερῶν,</span> <span class='ocrx_word' id='word_1_760' title='bbox 1407 2361 1473 2396; x_wconf 78' lang='grc' dir='ltr'>ὁμοῦ</span> <span class='ocrx_word' id='word_1_761' title='bbox 1488 2361 1515 2388; x_wconf 78' lang='grc' dir='ltr'><strong>δὲ</strong></span> <span class='ocrx_word' id='word_1_762' title='bbox 1530 2363 1577 2389; x_wconf 82' lang='grc' dir='ltr'>καὶ</span> <span class='ocrx_word' id='word_1_763' title='bbox 1594 2362 1664 2397; x_wconf 82' lang='grc' dir='ltr'>ὑπὲρ</span> <span class='ocrx_word' id='word_1_764' title='bbox 1675 2362 1731 2388; x_wconf 80' lang='grc' dir='ltr'>τῶν</span> <span class='ocrx_word' id='word_1_765' title='bbox 1742 2362 1859 2390; x_wconf 77' lang='grc' dir='ltr'>δικαξων</span> 
     </span>
    </p>
   </div>
   <div class='ocr_carea' id='block_1_105' title="bbox 1056 2406 1859 2442">
    <p class='ocr_par' dir='ltr' id='par_1_105' title="bbox 1056 2406 1859 2442">
     <span class='ocr_line' id='line_1_105' title="bbox 1056 2406 1859 2442; baseline 0.001 -10"><span class='ocrx_word' id='word_1_766' title='bbox 1056 2407 1105 2442; x_wconf 83' lang='grc' dir='ltr'>τῆς</span> <span class='ocrx_word' id='word_1_767' title='bbox 1119 2407 1265 2437; x_wconf 78' lang='grc' dir='ltr'>πολιτείας.</span> <span class='ocrx_word' id='word_1_768' title='bbox 1293 2407 1463 2441; x_wconf 81' lang='grc' dir='ltr'>Συγχυθῆναι</span> <span class='ocrx_word' id='word_1_769' title='bbox 1485 2407 1538 2441; x_wconf 83' lang='grc' dir='ltr'>γὰρ</span> <span class='ocrx_word' id='word_1_770' title='bbox 1564 2406 1622 2442; x_wconf 77' lang='grc' dir='ltr'>ἅμα</span> <span class='ocrx_word' id='word_1_771' title='bbox 1646 2407 1748 2438; x_wconf 76' lang='grc' dir='ltr'>πάντα,</span> <span class='ocrx_word' id='word_1_772' title='bbox 1778 2408 1859 2433; x_wconf 76' lang='grc' dir='ltr'>τοῦτο</span> 
     </span>
    </p>
   </div>
   <div class='ocr_carea' id='block_1_106' title="bbox 1060 2451 1856 2487">
    <p class='ocr_par' dir='ltr' id='par_1_106' title="bbox 1060 2451 1856 2487">
     <span class='ocr_line' id='line_1_106' title="bbox 1060 2451 1856 2487; baseline 0.001 -10"><span class='ocrx_word' id='word_1_773' title='bbox 1060 2452 1118 2486; x_wconf 77' lang='grc' dir='ltr'>μὲν,</span> <span class='ocrx_word' id='word_1_774' title='bbox 1142 2452 1166 2477; x_wconf 78' lang='grc' dir='ltr'>εἰ</span> <span class='ocrx_word' id='word_1_775' title='bbox 1190 2452 1290 2487; x_wconf 71' lang='grc' dir='ltr'>τρόπος</span> <span class='ocrx_word' id='word_1_776' title='bbox 1319 2452 1367 2477; x_wconf 76' lang='grc' dir='ltr'>καὶ</span> <span class='ocrx_word' id='word_1_777' title='bbox 1390 2451 1472 2486; x_wconf 87' lang='grc' dir='ltr'>νόμος</span> <span class='ocrx_word' id='word_1_778' title='bbox 1494 2452 1650 2486; x_wconf 80' lang='grc' dir='ltr'>ἐπινοηθείη</span> 
     </span>
    </p>
   </div>
   <div class='ocr_carea' id='block_1_107' title="bbox 1057 2496 1856 2531">
    <p class='ocr_par' dir='ltr' id='par_1_107' title="bbox 1057 2496 1856 2531">
     <span class='ocr_line' id='line_1_107' title="bbox 1057 2496 1856 2531; baseline 0.001 -9"><span class='ocrx_word' id='word_1_779' title='bbox 1057 2496 1136 2522; x_wconf 77' lang='grc' dir='ltr'>τοῦτο</span> <span class='ocrx_word' id='word_1_780' title='bbox 1150 2496 1188 2527; x_wconf 78' lang='grc' dir='ltr'><strong>δὲ,</strong></span> <span class='ocrx_word' id='word_1_781' title='bbox 1221 2498 1244 2522; x_wconf 81' lang='lat' dir='ltr'><strong>si</strong></span> <span class='ocrx_word' id='word_1_782' title='bbox 1261 2496 1304 2523; x_wconf 65' lang='grc' dir='ltr'>διὰ</span> <span class='ocrx_word' id='word_1_783' title='bbox 1319 2497 1374 2523; x_wconf 82' lang='grc' dir='ltr'>τῶν</span> <span class='ocrx_word' id='word_1_784' title='bbox 1405 2497 1618 2531; x_wconf 71' lang='grc' dir='ltr'>παναγεστάτων</span> <span class='ocrx_word' id='word_1_785' title='bbox 1633 2497 1668 2523; x_wconf 78' lang='grc' dir='ltr'><strong>τὰ</strong></span> <span class='ocrx_word' id='word_1_786' title='bbox 1681 2498 1856 2531; x_wconf 74' lang='grc' dir='ltr'>ἑναγέστιτα</span> 
     </span>
    </p>
   </div>
   <div class='ocr_carea' id='block_1_108' title="bbox 1057 2542 1855 2578">
    <p class='ocr_par' dir='ltr' id='par_1_108' title="bbox 1057 2542 1855 2578">
     <span class='ocr_line' id='line_1_108' title="bbox 1057 2542 1855 2578; baseline 0.001 -10"><span class='ocrx_word' id='word_1_787' title='bbox 1057 2542 1186 2576; x_wconf 83' lang='grc' dir='ltr'>κρίνοιτο,</span> <span class='ocrx_word' id='word_1_788' title='bbox 1202 2542 1277 2578; x_wconf 80' lang='grc' dir='ltr'>εὐχὴ,</span> <span class='ocrx_word' id='word_1_789' title='bbox 1303 2544 1350 2569; x_wconf 73' lang='grc' dir='ltr'>καὶ</span> <span class='ocrx_word' id='word_1_790' title='bbox 1365 2542 1500 2577; x_wconf 82' lang='grc' dir='ltr'>τράπεζα,</span> <span class='ocrx_word' id='word_1_791' title='bbox 1519 2543 1564 2569; x_wconf 71' lang='grc' dir='ltr'>καὶ</span> <span class='ocrx_word' id='word_1_792' title='bbox 1583 2543 1788 2577; x_wconf 79' lang='grc' dir='ltr'>καταπέτασμα</span> <span class='ocrx_word' id='word_1_793' title='bbox 1805 2552 1855 2578; x_wconf 81' lang='grc' dir='ltr'>μυ-</span> 
     </span>
    </p>
   </div>
   <div class='ocr_carea' id='block_1_109' title="bbox 1058 2587 1854 2623">
    <p class='ocr_par' dir='ltr' id='par_1_109' title="bbox 1058 2587 1854 2623">
     <span class='ocr_line' id='line_1_109' title="bbox 1058 2587 1854 2623; baseline 0.004 -11"><span class='ocrx_word' id='word_1_794' title='bbox 1058 2588 1159 2620; x_wconf 76' lang='grc' dir='ltr'>στικὸν,</span> <span class='ocrx_word' id='word_1_795' title='bbox 1174 2588 1267 2622; x_wconf 80' lang='grc' dir='ltr'>ἐφόδου</span> <span class='ocrx_word' id='word_1_796' title='bbox 1286 2587 1379 2623; x_wconf 75' lang='grc' dir='ltr'>βιαίας</span> <span class='ocrx_word' id='word_1_797' title='bbox 1390 2588 1514 2623; x_wconf 62' lang='grc' dir='ltr'>ὗργανιν</span> <span class='ocrx_word' id='word_1_798' title='bbox 1533 2588 1580 2615; x_wconf 78' lang='grc' dir='ltr'>καὶ</span> <span class='ocrx_word' id='word_1_799' title='bbox 1604 2589 1668 2623; x_wconf 77' lang='grc' dir='ltr'>περὶ</span> <span class='ocrx_word' id='word_1_800' title='bbox 1682 2588 1790 2615; x_wconf 81' lang='grc' dir='ltr'>τούτων</span> <span class='ocrx_word' id='word_1_801' title='bbox 1805 2589 1854 2623; x_wconf 64' lang='grc' dir='ltr'><strong>ἥδη</strong></span> 
     </span>
    </p>
   </div>
   <div class='ocr_carea' id='block_1_110' title="bbox 824 2669 1207 2703">
    <p class='ocr_par' dir='ltr' id='par_1_110' title="bbox 824 2669 1207 2703">
     <span class='ocr_line' id='line_1_110' title="bbox 824 2669 1207 2703; baseline 0.016 -6"><span class='ocrx_word' id='word_1_802' title='bbox 824 2669 912 2698; x_wconf 85' lang='lat' dir='ltr'><strong>DION.</strong></span> <span class='ocrx_word' id='word_1_803' title='bbox 934 2669 1073 2699; x_wconf 75' lang='lat' dir='ltr'><strong>PETAVH</strong></span> <span class='ocrx_word' id='word_1_804' title='bbox 1091 2673 1207 2703; x_wconf 69' lang='lat' dir='ltr'><strong>NOTAE.</strong></span> 
     </span>
    </p>
   </div>
   <div class='ocr_carea' id='block_1_111' title="bbox 211 2748 1002 2786">
    <p class='ocr_par' dir='ltr' id='par_1_111' title="bbox 211 2748 1002 2786">
     <span class='ocr_line' id='line_1_111' title="bbox 211 2748 1002 2786; baseline -0.001 -10"><span class='ocrx_word' id='word_1_805' title='bbox 211 2748 410 2786; x_wconf 47' lang='lat' dir='ltr'><strong>Pentapolitani</strong></span> <span class='ocrx_word' id='word_1_806' title='bbox 427 2754 533 2778; x_wconf 82' lang='lat' dir='ltr'><strong>tractus</strong></span> <span class='ocrx_word' id='word_1_807' title='bbox 553 2750 694 2786; x_wconf 85' lang='lat' dir='ltr'><strong>oppidum.</strong></span> <span class='ocrx_word' id='word_1_808' title='bbox 721 2749 754 2777; x_wconf 84' lang='lat' dir='ltr'><strong>Hi</strong></span> <span class='ocrx_word' id='word_1_809' title='bbox 771 2756 854 2786; x_wconf 85' lang='lat' dir='ltr'><strong>super</strong></span> <span class='ocrx_word' id='word_1_810' title='bbox 861 2749 934 2786; x_wconf 81' lang='lat' dir='ltr'><strong>_ciivi</strong></span> <span class='ocrx_word' id='word_1_811' title='bbox 952 2756 1002 2786; x_wconf 80' lang='lat' dir='ltr'><strong>cu-</strong></span> 
     </span>
    </p>
   </div>
   <div class='ocr_carea' id='block_1_112' title="bbox 211 2783 1001 2819">
    <p class='ocr_par' dir='ltr' id='par_1_112' title="bbox 211 2783 1001 2819">
     <span class='ocr_line' id='line_1_112' title="bbox 211 2783 1001 2819; baseline -0.001 -9"><span class='ocrx_word' id='word_1_812' title='bbox 211 2784 319 2819; x_wconf 76' lang='lat' dir='ltr'><strong>jusdam</strong></span> <span class='ocrx_word' id='word_1_813' title='bbox 337 2787 510 2818; x_wconf 87' lang='lat' dir='ltr'><strong>possessione</strong></span> <span class='ocrx_word' id='word_1_814' title='bbox 531 2783 691 2819; x_wconf 68' lang='lat' dir='ltr'><strong>litigabant;</strong></span> <span class='ocrx_word' id='word_1_815' title='bbox 711 2793 791 2819; x_wconf 85' lang='lat' dir='ltr'><strong>quem</strong></span> <span class='ocrx_word' id='word_1_816' title='bbox 807 2783 844 2811; x_wconf 71' lang='lat' dir='ltr'><strong>ab</strong></span> <span class='ocrx_word' id='word_1_817' title='bbox 860 2783 1001 2818; x_wconf 79' lang='lat' dir='ltr'><strong>Erythrita</strong></span> 
     </span>
    </p>
   </div>
   <div class='ocr_carea' id='block_1_113' title="bbox 214 2818 1000 2854">
    <p class='ocr_par' dir='ltr' id='par_1_113' title="bbox 214 2818 1000 2854">
     <span class='ocr_line' id='line_1_113' title="bbox 214 2818 1000 2854; baseline 0.004 -11"><span class='ocrx_word' id='word_1_818' title='bbox 214 2825 260 2851; x_wconf 87' lang='lat' dir='ltr'><strong>per</strong></span> <span class='ocrx_word' id='word_1_819' title='bbox 277 2818 398 2846; x_wconf 80' lang='lat' dir='ltr'><strong>fraudem</strong></span> <span class='ocrx_word' id='word_1_820' title='bbox 425 2823 452 2846; x_wconf 87' lang='lat' dir='ltr'><strong>et</strong></span> <span class='ocrx_word' id='word_1_821' title='bbox 477 2818 640 2854; x_wconf 56' lang='lat' dir='ltr'><strong>praetextum</strong></span> <span class='ocrx_word' id='word_1_822' title='bbox 662 2818 802 2854; x_wconf 71' lang='lat' dir='ltr'><strong>religionis</strong></span> <span class='ocrx_word' id='word_1_823' title='bbox 823 2824 1000 2854; x_wconf 82' lang='lat' dir='ltr'><strong>occupatum,</strong></span> 
     </span>
    </p>
   </div>
   <div class='ocr_carea' id='block_1_114' title="bbox 213 2853 907 2886">
    <p class='ocr_par' dir='ltr' id='par_1_114' title="bbox 213 2853 907 2886">
     <span class='ocr_line' id='line_1_114' title="bbox 213 2853 907 2886; baseline 0.003 -9"><span class='ocrx_word' id='word_1_824' title='bbox 213 2854 373 2886; x_wconf 80' lang='lat' dir='ltr'><strong>reposcebat</strong></span> <span class='ocrx_word' id='word_1_825' title='bbox 388 2853 468 2880; x_wconf 78' lang='lat' dir='ltr'><strong>alter.</strong></span> <span class='ocrx_word' id='word_1_826' title='bbox 478 2853 485 2854; x_wconf 25' lang='lat'><em>7</em></span> <span class='ocrx_word' id='word_1_827' title='bbox 720 2853 726 2854; x_wconf 60' lang='grc'><strong><em>⁷</em></strong></span> <span class='ocrx_word' id='word_1_828' title='bbox 893 2853 907 2868; x_wconf 55' lang='grc' dir='ltr'><em>π</em></span> 
     </span>
    </p>
   </div>
   <div class='ocr_carea' id='block_1_115' title="bbox 1091 2751 1852 2788">
    <p class='ocr_par' dir='ltr' id='par_1_115' title="bbox 1091 2751 1852 2788">
     <span class='ocr_line' id='line_1_115' title="bbox 1091 2751 1852 2788; baseline -0.001 -9"><span class='ocrx_word' id='word_1_829' title='bbox 1091 2751 1147 2788; x_wconf 71' lang='grc'><strong>(96)</strong></span> <span class='ocrx_word' id='word_1_830' title='bbox 1170 2753 1246 2786; x_wconf 78' lang='grc' dir='ltr'><strong>Ἤδη</strong></span> <span class='ocrx_word' id='word_1_831' title='bbox 1256 2753 1291 2780; x_wconf 82' lang='grc' dir='ltr'><strong>δὲ</strong></span> <span class='ocrx_word' id='word_1_832' title='bbox 1313 2754 1363 2780; x_wconf 68' lang='grc' dir='ltr'>καὶ</span> <span class='ocrx_word' id='word_1_833' title='bbox 1382 2754 1498 2788; x_wconf 70' lang='grc' dir='ltr'>ἄλλοις.</span> <span class='ocrx_word' id='word_1_834' title='bbox 1519 2753 1583 2781; x_wconf 75' lang='lat' dir='ltr'><strong>Haec</strong></span> <span class='ocrx_word' id='word_1_835' title='bbox 1599 2754 1755 2788; x_wconf 80' lang='lat' dir='ltr'><strong>parenthesi</strong></span> <span class='ocrx_word' id='word_1_836' title='bbox 1772 2753 1852 2781; x_wconf 79' lang='lat' dir='ltr'><strong>clau-</strong></span> 
     </span>
    </p>
   </div>
   <div class='ocr_carea' id='block_1_116' title="bbox 1055 2786 1853 2823">
    <p class='ocr_par' dir='ltr' id='par_1_116' title="bbox 1055 2786 1853 2823">
     <span class='ocr_line' id='line_1_116' title="bbox 1055 2786 1853 2823; baseline 0.001 -10"><span class='ocrx_word' id='word_1_837' title='bbox 1055 2786 1143 2816; x_wconf 78' lang='lat' dir='ltr'><strong>denda</strong></span> <span class='ocrx_word' id='word_1_838' title='bbox 1165 2794 1240 2820; x_wconf 88' lang='lat' dir='ltr'><strong>sunt,</strong></span> <span class='ocrx_word' id='word_1_839' title='bbox 1265 2794 1294 2816; x_wconf 89' lang='lat' dir='ltr'><strong>ut</strong></span> <span class='ocrx_word' id='word_1_840' title='bbox 1312 2797 1410 2817; x_wconf 76' lang='lat' dir='ltr'><strong>sensus</strong></span> <span class='ocrx_word' id='word_1_841' title='bbox 1433 2786 1492 2818; x_wconf 20' lang='lat' dir='ltr'><strong>siti:</strong></span> <span class='ocrx_word' id='word_1_842' title='bbox 1507 2797 1569 2817; x_wconf 89' lang='lat' dir='ltr'><strong>cum</strong></span> <span class='ocrx_word' id='word_1_843' title='bbox 1592 2786 1661 2817; x_wconf 68' lang='lat' dir='ltr'><strong>zirios</strong></span> <span class='ocrx_word' id='word_1_844' title='bbox 1683 2795 1778 2823; x_wconf 83' lang='lat' dir='ltr'><strong>antea,</strong></span> <span class='ocrx_word' id='word_1_845' title='bbox 1793 2791 1853 2815; x_wconf 65' lang='lat' dir='ltr'><strong>tum</strong></span> 
     </span>
    </p>
   </div>
   <div class='ocr_carea' id='block_1_117' title="bbox 1055 2824 1671 2854">
    <p class='ocr_par' dir='ltr' id='par_1_117' title="bbox 1055 2824 1671 2854">
     <span class='ocr_line' id='line_1_117' title="bbox 1055 2824 1671 2854; baseline 0 -2"><span class='ocrx_word' id='word_1_846' title='bbox 1055 2824 1107 2852; x_wconf 80' lang='lat' dir='ltr'><strong>hos</strong></span> <span class='ocrx_word' id='word_1_847' title='bbox 1120 2825 1271 2853; x_wconf 83' lang='lat' dir='ltr'><strong>novissime</strong></span> <span class='ocrx_word' id='word_1_848' title='bbox 1283 2824 1318 2852; x_wconf 90' lang='lat' dir='ltr'><strong>de</strong></span> <span class='ocrx_word' id='word_1_849' title='bbox 1331 2826 1401 2853; x_wconf 75' lang='lat' dir='ltr'><strong>clivo</strong></span> <span class='ocrx_word' id='word_1_850' title='bbox 1418 2826 1473 2853; x_wconf 87' lang='lat' dir='ltr'><strong>isto</strong></span> <span class='ocrx_word' id='word_1_851' title='bbox 1485 2825 1671 2854; x_wconf 80' lang='lat' dir='ltr'><strong>contendisse.</strong></span> 
     </span>
    </p>
   </div>
  </div>
