1955 3063
148 153 212 180 1421

728 148 915 176 EPISTOL/E.
935 165 969 170 —
986 148 1092 176 liPIST.
1108 147 1214 176 LXVII.

1707 148 1776 177 Μὶδέ

147 210 192 236 καὶ
207 210 235 234 ἐν
251 209 328 236 ἄστει
359 209 512 242 διέγνωστο.
541 208 594 234 Καὶ
614 208 742 242 συνέτυχε
765 206 819 242 γὰρ
840 206 937 238 οὕτως,

992 207 1047 234 sive
1072 214 1141 233 nova
1161 205 1318 242 publicandi
1343 205 1429 235 ratio,
1449 209 1476 232 et
1501 204 1543 231 lex
1565 204 1777 237 institueretur;

147 255 217 280 ὥστε
228 255 294 289 παρ¹
309 255 413 289 ὀλίγους
431 255 552 285 ἅπαντας
569 253 734 284 ἐπισκόπους
750 253 778 278 ἐν
792 253 825 288 τῇ
842 251 942 278 Πτολε-

149 300 223 334 μαΐδι
238 301 299 326 τότε
315 299 564 334 συνδεδραμηκέναι
579 298 648 325 κατὰ
661 298 722 325 τινὰ
737 297 832 333 σκέψιν
841 298 942 324 πολιτι-

148 346 209 380 κήν.
231 344 414 380 Ἀκροώμειοι
429 345 467 376 δὲ,
489 344 537 379 τὴν
562 344 610 379 μὲν
629 344 727 379 πρᾶξιν
741 343 852 378 ἐμίσουν
865 353 871 358 -
892 343 942 378 τὴν

147 389 174 416 δὲ
189 389 330 426 μετάθεσιν
340 389 395 425 [γρ.
408 388 584 424 μετάστασιν]
595 387 768 423 ὥκνουν(9¹ῖ).
778 386 848 420 Ἐγὼ
857 387 942 422 δὲτὴν

147 434 356 470 δεισιδαιμονίαν
370 434 438 467 ἁξιῶ
462 434 629 461 διαστέλλειν
654 434 708 460 ἀπὸ
726 434 775 468 τῆς
790 433 939 464 εὐσεϐείας.

147 479 230 506 κακία
248 480 302 514 γάρ
314 480 388 505 ἐστιν
418 478 518 514 ἀρετῆς
543 479 715 513 προσωπεῖον
744 477 941 512 περικειμένη’

147 525 179 560 ἣν
192 523 335 558 φιλοσοφία
348 523 378 550 τὸ
389 523 480 559 τρίτον
506 520 588 550 οὖσαν
611 523 660 558 τῆς
685 522 779 554 ἀθεῖας
806 520 875 553 εἶδος
892 522 941 556 ἐφ-

147 569 263 605 ώρασεν.
273 569 355 596 Ούδέν
362 567 408 596 οὖν
420 569 501 605 ἱερὸν,
515 569 575 595 οὐδὲ
584 569 657 595 ὂσιυν
671 569 787 604 ἥγημαι¹
803 568 833 594 τὸ
849 567 886 603 μὴ
901 567 941 594 δι-

148 616 234 647 καίως
250 623 291 647 τε,
304 615 351 642 καὶ
365 615 448 646 όσίως
461 615 605 650 γενόμενον
616 614 674 650 [γρ.
692 613 855 650 γίνομενον].
870 612 942 640 06x-

147 669 193 687 ουν
216 661 296 697 ἐπῄει
325 669 369 696 μοι
396 652 558 696 πεφρικέναι
581 660 629 694 τὴν
646 660 794 696 λεγομένην
818 658 942 694 καθίδρυ-

149 715 200 734 σιν.
217 707 254 733 Οὐ
271 706 326 741 γάρ
341 706 399 732 ἐστι
413 705 447 731 τὰ
463 703 641 740 Χριστιανῶν,
657 703 695 736 ὠς
706 703 860 738 ἐπάναγκες
873 701 942 729 εἶναι

149 753 207 783 ταῖς
221 750 390 782 τελεπικαίς
403 749 480 781 ὕλαις
492 757 533 782 τε,
550 750 597 776 καὶ
617 750 729 784 φωναῖς,
743 748 837 784 ὥσπερ
850 748 943 780 όλκαῖς

147 797 217 823 τισὶν
235 797 373 830 φυσικαῖς,
388 794 570 829 ἀκολουθῆσαι
585 794 615 820 τὸ
630 793 700 821 θετον
710 802 717 809 ·
734 794 802 829 ὅπερ
817 794 849 821 ἂν
862 793 942 821 πάθοι

149 842 257 878 πνεῦμα
271 842 418 877 ἐγκόσμιον
434 849 441 856 ·
462 840 520 867 ἀλλ’
546 840 616 868 ὥστε
634 841 760 875 παρεῖναι
786 841 846 871 ταῖς
868 840 941 866 ἀπα-

149 888 208 914 θέσι
220 873 270 914 καὶ
292 873 480 918 ταῖςτοίκείαις
500 885 538 920 τῷ
551 885 611 920 Θεῷ
633 873 793 912 διαθέσεσιν,
808 885 896 911 Ὅπου
912 884 941 911 δὲ
957 873 978 902 Β

148 932 217 968 ὀργὴ
233 933 280 959 καὶ
296 931 381 966 θυμὸς
407 932 533 966 ἄγνωμον
550 929 607 966 [γρ.
622 930 780 966 ἀγνώμων],
793 931 839 957 καὶ
850 930 941 967 δύσερι

150 979 247 1012 πάθος,
269 979 376 1013 ἡγεῖται
402 977 452 1012 τῆς
478 976 613 1012 πράξεως,
633 976 690 1008 πῶς
714 977 773 1002 ἐκεῖ
787 976 817 1003 τὸ
831 977 942 1012 Πνεῦμα

148 1024 178 1050 τὸ
192 1025 270 1058 ἅγιον
284 1024 476 1059 παραγίνεται,
498 1019 535 1049 ὧν
549 1022 768 1054 ἐπεισελθόντων,
783 1022 833 1049 κᾶν
851 1022 942 1058 συμϐῇ

149 1069 350 1105 προενῳκηκὺς,
379 1067 562 1100 ἐξοικίζεται;
583 1067 653 1101 Ἐγὼ
680 1067 730 1102 μὲν
750 1065 796 1094 οὖν
820 1065 891 1102 εἶχον
905 1067 942 1099 ὡς

149 1114 371 1150 όιποιρανούμενος
387 1113 435 1149 τὴν
453 1113 596 1149 μετάθεσιν
609 1122 615 1128 ·
636 1114 655 1147 ὁ,
669 1113 697 1139 δέ
712 1113 758 1139 καὶ
772 1112 941 1148 ἐξηλέγχετο,

149 1161 196 1188 καὶ
210 1162 340 1196 πρότερον
360 1159 555 1194 ὑποσχόμενος,
571 1158 654 1193 αὐτὴν
672 1158 753 1193 ὅρκου
769 1157 818 1193 τὴν
829 1158 943 1192 ὑπόσχε-

150 1216 191 1234 σιν
207 1206 414 1242 βεϐαιτίλσαντος.
441 1205 541 1232 Τούτου
563 1205 711 1240 λαϐόμενος
737 1203 870 1239 ἁσμένως,
892 1203 942 1239 ἤδη

149 1253 197 1288 τὴν
209 1253 344 1287 ἀπόφασιν
357 1251 554 1287 ἀπεδίδρασκον
564 1259 571 1266 ·
587 1250 644 1277 ἀλλ’
661 1251 763 1276 ἐκεῖνον
778 1249 857 1276 αὑτὸν
889 1250 943 1276 ἀπ-

150 1299 259 1333 έφαινον
275 1297 364 1332 ἐαυτῴ
375 1297 515 1333 δικαστὴν,
532 1296 631 1324 καὶτὸν
644 1296 742 1323 οἰκεῖον
756 1295 818 1330 ὅρον
831 1294 943 1322 ἐκϐιϐά-

150 1345 206 1376 ζειν
222 1344 277 1380 (98)
290 1343 456 1378 ἠνάγκαζον.
487 1341 696 1377 Ἀνατιθεμένου
719 1341 758 1374 δὲ,
774 1341 822 1367 καὶ
840 1340 944 1376 Sta-rpi—

150 1390 252 1421 ϐοντος,
276 1389 368 1424 ἐπειδὴ
397 1388 444 1423 τῆς
465 1387 695 1422 ἐκκλησιαστικῆς
713 1387 794 1413 ἕνεκα
821 1385 943 1419 σκέψεως

151 1434 243 1462 αὑτόοι
255 1433 455 1468 παρεγενόμην,
467 1431 576 1467 ἐδέησεν
592 1430 732 1457 ἐπιϐαλεῖν
751 1430 800 1462 τὰς
815 1430 892 1465 ὖψεις
903 1430 943 1465 τῷ

150 1481 234 1516 τόπῳ,
249 1480 296 1507 καὶ
308 1477 501 1513 ὲπιδισιγνῶναι
512 1477 546 1503 τὰ
556 1477 606 1511 τῆς
618 1475 782 1507 ὑποθέσεως.
791 1476 846 1503 Καὶ
862 1475 943 1502 πάλιν

994 251 1052 279 sive
1067 252 1251 280 sanctissimis
1267 259 1298 279 ex
1315 252 1396 278 rebus
1412 251 1445 278 de
1469 250 1646 278 exsecrandis
1661 252 1779 278 maxime

990 297 1127 331 judicium
1145 297 1277 328 ferretur;
1300 301 1328 323 ιιι
1341 296 1440 327 oratio,
1460 303 1540 322 sacra
1555 303 1660 327 mensa,
1678 299 1705 323 et
1719 302 1779 330 my-

993 343 1093 370 sticum
1117 342 1206 370 velum
1231 342 1357 369 violenta:
1381 340 1573 376 impressionis
1595 341 1778 368 instrumenta

993 388 1161 421 reddantur;
1176 395 1208 414 ac
1223 387 1257 414 de
1270 387 1330 414 istis
1341 387 1397 421 jam
1410 387 1437 414 iu
1453 388 1517 414 urbe
1529 386 1666 414 decretum
1678 386 1777 413 fuerat.

994 434 1039 461 Sic
1051 434 1122 461 enim
1139 438 1279 465 evenerat,
1294 433 1388 469 paucis
1407 437 1436 459 ut
1450 433 1570 467 exceptis
1583 431 1778 459 Plolamaidem

992 478 1114 513 episcopi
1140 485 1237 505 omnes
1259 477 1451 508 convenirent,
1470 481 1498 504 ut
1518 477 1552 503 de
1565 477 1638 504 civili
1661 476 1778 511 quodam

993 523 1102 558 negotio
1118 522 1313 550 deliberarent.
1333 522 1385 555 Qui
1407 529 1470 549 cum
1496 522 1569 549 istud
1595 522 1777 553 audivissent,

992 567 1094 595 factum
1120 569 1210 603 ipsum
1236 568 1462 601 detestabantur;
1487 572 1593 594 mutare
1616 571 1707 594 tamen
1723 574 1779 593 non

993 613 1141 641 audebant.
1164 613 1221 648 Ego
1237 620 1301 640 vero
1318 613 1540 647 superstitionem
1556 620 1570 638 a
1586 612 1684 646 pietate
1700 619 1780 646 sepa-

992 659 1047 686 rari
1064 660 1134 687 volo.
1158 659 1206 686 Est
1221 659 1293 687 enim
1321 659 1366 686 illa
1391 659 1485 686 vitium
1504 659 1614 685 virtutis
1634 658 1708 684 larva
1722 658 1778 685 cir-

992 705 1150 732 cumdatum
1169 713 1176 737 ;
1205 704 1278 740 quod
1296 704 1466 739 philosophia
1491 704 1601 731 tertium
1627 711 1713 738 genus
1727 703 1779 729 im-

992 751 1103 786 pietatis
1119 758 1181 778 esse
1195 750 1383 785 deprehendit.
1402 749 1474 776 Nihil
1488 757 1552 784 ergo
1569 757 1690 781 sacrum,
1708 749 1778 776 nihil

992 802 1117 825 sanctum
1136 797 1266 828 arbitror,
1290 797 1363 831 quod
1379 804 1468 832 noque
1479 795 1563 830 juste,
1580 802 1670 830 neque
1687 795 1780 830 legiti-

993 851 1036 870 me
1057 843 1092 871 sit
1108 847 1277 877 susceptum.
1302 841 1395 877 Neque
1419 843 1444 869 id
1469 841 1535 868 mihi
1559 840 1732 871 occurrebat.
1748 845 1778 867 ut

993 889 1078 921 illam,
1097 896 1157 923 quae
1170 888 1337 922 jactabatur,
1362 887 1562 915 dedicationem
1587 887 1779 921 perhorresce-

993 942 1060 962 rem.
1077 934 1136 961 Non
1150 935 1222 961 enim
1238 934 1458 962 Christianorum
1485 941 1529 960 res
1551 932 1685 967 ejusmodi
1701 934 1777 963 sunt,

992 980 1072 1016 213
1094 985 1123 1007 ut
1140 981 1229 1008 sacris
1249 980 1303 1008 illis
1323 979 1548 1008 caeremoniarum
1570 978 1714 1007 elementis
1729 981 1778 1004 aut

992 1026 1118 1059 vocibus,
1145 1031 1277 1061 tanquam
1295 1026 1414 1053 naturali
1431 1024 1548 1060 quadam
1567 1024 1722 1051 attrahendi
1737 1023 1776 1054 vi,

993 1072 1152 1100 necessario
1165 1072 1312 1100 adductum
1332 1079 1430 1098 numen
1449 1075 1596 1106 sequatur;
1613 1070 1686 1105 quod
1700 1077 1778 1096 mun-

993 1119 1064 1145 dano
1079 1117 1188 1152 spiritui
1209 1117 1400 1152 contingeret:
1426 1117 1474 1144 sed
1495 1117 1533 1143 ita
1561 1120 1589 1142 ut
1621 1115 1655 1142 ad
1671 1118 1778 1150 pertur-

993 1163 1152 1191 bationibus
1169 1171 1294 1194 vacuam,
1309 1167 1337 1190 et
1356 1162 1411 1190 Deo
1425 1169 1507 1197 quam
1523 1160 1778 1196 conjunctissimam

993 1209 1163 1237 aﬂ'ectionem
1179 1209 1279 1236 mentis
1295 1208 1416 1236 accedat.
1432 1207 1483 1235 Ubi
1497 1213 1588 1234 autem
1603 1212 1630 1234 et
1645 1206 1722 1233 furor
1734 1205 1778 1232 in-

993 1255 1136 1283 consultus
1149 1274 1156 1286 ,
1181 1262 1213 1282 ac
1235 1255 1363 1290 pervicax
1383 1254 1465 1281 animi
1486 1258 1576 1280 motus
1593 1251 1626 1280 ad
1642 1251 1776 1287 agendum

994 1302 1082 1336 pra‘it.
1100 1301 1146 1336 qui
1160 1300 1218 1329 fieri
1235 1305 1324 1336 potest
1337 1305 1366 1328 ut
1379 1301 1403 1328 ei
1418 1300 1456 1327 rei
1472 1299 1592 1334 Spiritus
1608 1302 1720 1326 sanctus
1734 1298 1778 1324 in-

993 1347 1082 1380 tersit,
1100 1354 1174 1379 cum,
1194 1347 1228 1374 iis
1244 1346 1348 1374 morbis
1360 1345 1553 1375 subeuntibus,
1576 1343 1684 1371 tametsi
1698 1343 1774 1378 prius

993 1392 1118 1419 habitare
1131 1392 1256 1427 coeperit,
1272 1391 1422 1419 abscedat?
1444 1389 1627 1423 Quamobrem
1647 1388 1687 1415 sic
1701 1394 1777 1415 erant

993 1441 1106 1472 paratus
1117 1457 1125 1470 ,
1145 1441 1175 1464 ιιι
1192 1436 1353 1464 mutandum
1380 1436 1446 1463 illud
1461 1442 1542 1462 omne
1559 1433 1776 1469 pronuntiarem.

993 1482 1039 1510 Ille
1054 1487 1144 1510 autem
1162 1487 1189 1510 et
1203 1487 1283 1510 antea
1297 1482 1476 1509 mutationem
1493 1480 1566 1507 illam
1585 1478 1732 1513 recepisse,
1751 1482 1778 1504 et

151 1525 240 1561 παρῆν
265 1524 357 1560 ὅμιλος
375 1522 532 1550 ἐπισκόπων
546 1522 578 1548 ἐκ
597 1521 647 1556 τῆς
670 1520 843 1565 περιοικίδος,
859 1520 938 1547 ἄλλοι)

992 1527 1171 1563 jurejurando
1192 1527 1371 1555 confirmasse
1389 1525 1532 1554 manifeste
1551 1522 1774 1552 convincebatur.

152 1570 211 1597 κατ’
225 1568 307 1603 ἄλλην
322 1567 415 1602 χρείαν
432 1565 643 1601 συνειλεγμένων
659 1573 666 1581 ·
687 1565 729 1600 ἐφ’
747 1562 784 1592 ὧν
801 1565 938 1597 ἁπάντων,

152 1614 253 1649 κάμοῦ,
272 1614 345 1640 οῖ’-τε
358 1613 416 1648 ὃροι
439 1611 618 1638 διεδείκνυντο
631 1610 679 1645 τὴν
703 1609 757 1636 τῶν
776 1609 939 1645 Δαρδανίτου

153 1659 250 1695 μερίδα
267 1657 360 1692 σαφῶς
375 1657 600 1691 ἀποτεμνόμενοι,
616 1656 664 1682 καὶ
687 1655 823 1690 μαρτυρία
849 1655 941 1690 γερόν-

151 1714 216 1736 των,
234 1706 280 1731 καὶ
299 1703 512 1738 συγκαταθέσεις
530 1701 584 1728 τῶν
598 1701 668 1733 τέως
685 1701 878 1735 ἀντιλεγόντων
895 1701 940 1728 τὸν

152 1750 348 1776 εὐλαϐέστατον
368 1749 511 1783 Διόσκορον
532 1747 579 1773 τοῦ
600 1746 701 1782 χωρίου
723 1746 856 1781 δεσπότην
888 1747 940 1772 ἁπ-

152 1795 264 1830 έφηναν.
273 1793 446 1828 Ἐγκειμένου
461 1792 489 1818 δὲ
503 1791 549 1818 τοῦ
564 1790 678 1825 ἀδελφοῦ
692 1790 848 1825 Διοσκόρου,
863 1790 941 1824 γέγο-

153 1849 197 1866 νεν
214 1840 318 1873 ἀνάγκη
330 1838 376 1865 καὶ
390 1838 420 1864 τὸ
437 1838 625 1873 γραμματεῖον
640 1836 696 1872 [τρ-
711 1835 897 1872 γραμμάτιον]
910 1836 940 1862 τὸ

153 1886 271 1922 λοίδορον
285 1886 325 1916 εἰς
340 1884 429 1911 κοινὸν
440 1883 542 1910 ἅπασιν
559 1882 774 1918 ἀναγνωσθῆναι,
789 1883 803 1909 δ
817 1883 884 1919 πρὸς
891 1883 940 1918 τὴν

154 1931 285 1966 ἁγιότητα
302 1930 351 1965 τὴν
378 1930 427 1965 σὴν
446 1931 460 1956 ό
473 1929 670 1961 εὐλαϐέστατος
695 1928 798 1960 Παῦλος
817 1930 873 1964 (99)
890 1930 939 1956 ἐπε

153 1977 264 2012 εποίητο
276 1976 304 2002 ἐν
321 1975 464 2010 ἐπιστολῆς
474 1975 538 2001 εῖδει
552 1974 696 2010 κωμῳδίαν
711 1974 757 2000 ἐπὶ
771 1974 816 2001 τὸν
828 1974 941 2008 ἀδελφὺν

153 2022 375 2058 ἀνασεσυρμένην
393 2022 439 2048 καὶ
461 2020 615 2056 πλεμμελῆ,
646 2021 692 2055 ἀφ’
711 2018 744 2056 ἧς
767 2020 940 2056 αἰσχύνεσθαι

154 2069 252 2105 περιῆν
263 2068 292 2094 οὐ
303 2067 342 2102 τῷ
357 2067 448 2098 κακῶς
460 2066 616 2097 ἀκούσαντι,
630 2065 669 2101 τῷ
682 2066 709 2092 δὲ
720 2066 811 2097 κακῶς
827 2066 940 2102 ἀγορεύ-

155 2123 241 2141 σαντι.
264 2113 333 2140 Ἀλλ’
348 2113 419 2139 ἐστιν
431 2112 484 2148 ἄρα
498 2112 544 2138 καὶ
557 2111 635 2138 τοῦτο
645 2111 770 2147 δεύτερον
785 2112 895 2146 ἀγαθὸν,
911 2113 941 2139 τὸ

155 2158 340 2194 είσχύνεσθαι.
352 2159 388 2184 Τὸ
402 2158 451 2193 μὲν
474 2158 529 2193 γὰρ
547 2157 748 2193 ἀναμάρτητον,
768 2158 842 2189 θείας
865 2158 938 2185 ἄντι·

992 1573 1068 1606 Quod
1082 1581 1144 1600 cum
1160 1572 1277 1600 libenter
1292 1572 1482 1607 arripuissem,
1497 1571 1551 1605 jam
1566 1569 1694 1596 lationem
1712 1575 1776 1595 sen-

991 1618 1082 1646 tentia:
1102 1618 1289 1650 declinabam,
1315 1622 1398 1653 atque
1415 1617 1490 1644 illum
1510 1617 1562 1644 sibi
1577 1615 1695 1650 judicem
1720 1617 1777 1641 sta-

991 1665 1119 1693 tuebam.
1149 1670 1283 1698 suumque
1319 1663 1407 1698 ipsum
1437 1660 1630 1696 jusjurandum
1660 1659 1775 1694 exsequi

990 1709 1196 1743 cotnpeilcbatn.
1213 1707 1421 1743 Tergiversante
1435 1711 1523 1734 autem
1542 1706 1600 1738 illo,
1619 1713 1651 1733 ac
1665 1708 1776 1740 protra-

991 1753 1083 1784 hente,
1107 1760 1168 1780 cum
1192 1751 1371 1779 ecclesiastici
1391 1750 1491 1785 negotii
1505 1757 1589 1778 causa
1604 1757 1637 1777 eo
1652 1757 1695 1777 me
1708 1757 1776 1777 cou-

992 1799 1130 1830 Iulissetu,
1146 1805 1259 1825 necesse
1275 1798 1357 1825 habui
1371 1799 1399 1824 in
1417 1805 1473 1824 rem
1490 1800 1651 1831 praesentem
1670 1795 1773 1827 venire.

990 1843 1083 1878 ibique
1109 1843 1326 1870 controversiam
1353 1842 1517 1877 disceptare.
1551 1841 1651 1868 Eodem
1677 1847 1774 1868 rursus

992 1888 1116 1916 finitimis
1139 1896 1173 1916 ex
1197 1889 1265 1915 locis
1287 1888 1480 1922 episcoporum
1508 1886 1589 1913 turba
1614 1885 1773 1918 concurrit,

990 1941 1051 1962 cum
1066 1934 1137 1961 alius
1152 1933 1214 1961 aliis
1229 1933 1263 1960 de
1278 1933 1369 1960 causis
1383 1939 1416 1959 eo
1431 1932 1558 1959 venisset.
1570 1931 1675 1964 Quibus
1686 1932 1775 1959 omni-

990 1980 1041 2006 bus
1049 1979 1240 2013 praesentibus,
1250 1985 1347 2013 meque
1355 1978 1425 2013 ipso,
1435 1977 1536 2004 limites
1546 1977 1774 2009 ostendebantur,

979 2025 1035 2060 -qui
1061 2025 1216 2052 Dardanita:
1239 2029 1345 2059 partem
1371 2022 1514 2051 manifeste
1537 2023 1710 2057 separabant.
1732 2023 1774 2049 Ad

992 2072 1048 2098 haec
1065 2071 1203 2098 seniorum
1227 2070 1384 2097 testimonia
1399 2074 1426 2096 et
1438 2077 1591 2097 consensus
1605 2076 1711 2102 eorum,
1726 2069 1773 2105 qui

990 2118 1123 2144 hactenus
1147 2116 1342 2151 repugnabant,
1359 2115 1594 2151 religiosissimum
1612 2115 1773 2143 Dioscorum

991 2163 1043 2190 loci
1066 2162 1140 2188 illius
1161 2161 1302 2189 dominum
1335 2161 1532 2195 approbarunt.
1564 2161 1686 2188 Instante
1709 2168 1773 2188 vero

154 2206 223 2240 κρύς
240 2205 297 2231 ἐστι
327 2204 373 2230 καὶ
394 2203 489 2238 μοίρας
511 2203 558 2230 καὶ
585 2202 692 2237 φύσεως
704 2211 710 2218 ο
734 2203 765 2229 τὸ
776 2203 804 2229 δέ
822 2204 867 2229 ἐπὶ
884 2205 939 2235 τοῖς

992 2207 1121 2234 Dioscoro
1146 2205 1247 2237 fratre,
1271 2214 1384 2234 necesse
1413 2206 1464 2233 fuit
1494 2206 1614 2234 libellum
1644 2206 1772 2233 infamem

153 2253 204 2278 οὐκ
220 2248 249 2277 εὖ
262 2251 416 2284 γενομένοις
433 2249 567 2284 ἐρύθημα,
585 2248 758 2285 σωφροσύνης
780 2258 822 2280 τις
837 2249 869 2276 ἂν
883 2250 937 2276 ἀπ-

154 2299 280 2331 εςρήνατο.
291 2296 380 2329 "Amp
391 2295 508 2326 ὑποστὰς
522 2295 568 2320 ἐπὶ
577 2294 622 2320 τοῦ
637 2294 767 2329 παρόντος
779 2294 938 2329 πράγματος

152 2344 167 2368 ό
185 2341 379 2371 εὐλαϐέστατος
395 2339 509 2372 Παῦλος,
522 2340 630 2374 ἁπάσης
644 2338 784 2374 ῥητορείας
799 2334 937 2374 ίσχυροτέ-

990 2252 1118 2279 oniuibus
1142 2253 1169 2279 in
1186 2259 1330 2279 commune
1355 2251 1417 2286 legi,
1438 2259 1519 2285 quem
1544 2251 1577 2278 ad
1600 2252 1772 2279 sanctitatem

991 2301 1065 2324 tuam
1081 2297 1307 2332 religiosissimus
1323 2296 1423 2323 Paulus
1440 2295 1562 2330 epistolae
1576 2296 1692 2323 nomine
1706 2303 1772 2323 con-

991 2343 1147 2377 scripserat,
1165 2343 1266 2372 fmdam
1284 2350 1314 2369 ac
1330 2343 1494 2378 petulantem
1513 2342 1645 2370 adversus
1661 2341 1772 2370 fratrem

768 2395 857 2423 DlON.
877 2396 1015 2426 PETAVII
1035 2400 1153 2429 ΝΟΤΑΞ.

188 2455 243 2490 (97)
273 2454 333 2487 Τὴν
354 2453 388 2480 δὲ
409 2453 569 2488 μετάθεσιν
595 2454 721 2480 ὤκνουν.
756 2453 822 2480 Nam
848 2454 935 2481 locum

154 2498 262 2517 onmem
283 2496 446 2523 quacunque
464 2489 496 2515 de
512 2495 606 2519 causa,
625 2492 652 2514 et
670 2496 684 2514 a
700 2495 862 2522 quocunque
878 2490 936 2515 riti-

155 2526 206 2552 bus
221 2525 308 2551 sacris
331 2528 357 2550 et
380 2524 557 2558 religionibus
571 2527 732 2558 occupatum
754 2530 892 2558 resecrare
910 2529 937 2550 et

155 2560 297 2593 profanum
311 2559 368 2585 fieri
383 2557 459 2585 uefa's
476 2558 617 2592 putabant.
632 2557 661 2584 lu
677 2557 780 2593 synodo
792 2557 935 2584 Constant.

154 2591 208 2634 sub
225 2593 321 2634 Melius
343 2593 371 2634 iu
398 2591 632 2634 libello‘monach.
654 2591 697 2634 ad
713 2591 851 2634 Merulam,
875 2599 936 2634 pag.

155 2627 207 2655 618
227 2637 233 2654 :
253 2627 307 2653 Καὶ
320 2627 372 2661 γὰρ
390 2627 414 2653 oi.
433 2626 566 2661 βασιλικοὶ
583 2626 832 2661 νόμοιᾼθεσπίζουσι
847 2626 937 2652 πάντα

153 2663 246 2692 τόπον,
262 2663 309 2688 καὶ
321 2658 437 2696 πρᾶγμα
449 2663 477 2688 ἐν
490 2659 522 2694 ᾧ,
541 2661 587 2687 καὶ
602 2658 633 2687 δι’
653 2658 693 2693 οὗ,
703 2661 764 2696 νείτε
784 2661 854 2687 κατὰ
871 2661 939 2687 πλά-

155 2706 215 2731 νην,
227 2697 282 2731 εἴτε
291 2695 362 2722 κατα
371 2696 497 2730 ἀλήθειαν
511 2696 583 2731 ἱερόν
600 2703 626 2722 τι
636 2695 773 2729 ἐτελὶσθη,
783 2696 841 2727 ταῖς
849 2696 940 2729 ἁγίαις

154 2729 201 2758 τοῦ
216 2730 282 2757 Θεοῦ
300 2731 447 2764 προσήκειν
461 2729 625 2764 ἐκκλησίαις.

192 2765 248 2800 (98)
260 2766 313 2800 Καὶ
324 2762 584 2800 τόγὀικεῑονῗόρον
599 2762 768 2800 ἐκϐιβάζειν.
784 2763 939 2800 Legendum

155 2798 200 2828 est
227 2798 340 2826 omnino
365 2799 444 2833 ὅρκον
463 2799 633 2831 ὲκὸιϐάζειν,
655 2798 940 2833 Ῑιιδιίιιναηάιιιηηειιιιηι

155 2807 199 2828 εει
227 2807 340 2826 0111111110
365 2807 444 2833 ορκον
463 2807 633 2831 εκυιοαςειν,
670 2807 845 2832 usjuranaum
864 2807 938 2824 suum

154 2835 269 2870 exsequi.
288 2834 334 2861 Sic
351 2833 381 2860 τὸ
393 2833 556 2869 πρόσταγμα
572 2807 735 2865 “adiuv.
750 2831 782 2859 Et
799 2833 826 2860 in
839 2832 938 2867 Ephes.

990 2464 1081 2500 conc...
1094 2461 1164 2498 part.
1180 2465 1211 2500 ri.
1221 2461 1273 2500 act.
1287 2466 1355 2500 nam
1366 2457 1772 2500 epistolagmlestini'papze'asi

990 2492 1056 2531 παρ’
1066 2491 1143 2532 ἡμῶν
1157 2493 1240 2532 πόιλαι
1254 2491 1395 2532 ὁρισθέντα.
1409 2491 1609 2518 ἐκϐιϐάσουσιν.
1627 2491 1659 2517 Et
1672 2492 1699 2517 in
1713 2491 1773 2518 Fir-

990 2533 1026 2552 nu
1037 2526 1214 2554 Czes'arieuSIs
1229 2531 1374 2557 sententia,
1387 2527 1432 2553 τον
1446 2526 1529 2553 τύπον
1545 2525 1710 2557 ἐκϐιϐάζειν,
1720 2525 1773 2553 hoc

989 2565 1031 2595 est
1047 2561 1171 2595 exsequi,
1187 2561 1251 2588 etin
1267 2561 1495 2592 Chalcedonensi,
1512 2565 1566 2588 act.
1584 2568 1623 2593 ιιι,
1639 2561 1665 2587 in
1681 2561 1773 2595 libello

991 2594 1148 2629 Sophronii,
1171 2597 1234 2626 τοὺς
1251 2595 1338 2626 θείους
1361 2595 1471 2626 τύπους,
1494 2599 1521 2622 et
1544 2595 1593 2626 τὰς
1622 2594 1772 2629 ἀποφάσεις

989 2629 1193 2664 ἐκϐιϐασθῆναι.

1025 2664 1080 2698 (99)
1105 2661 1359 2698 Ὀέῥαῑασέστατος
1374 2663 1500 2698 Παῦλος.
1517 2661 1639 2691 Credidit
1654 2664 1680 2690 in
1692 2664 1773 2690 Com-

989 2697 1130 2725 meritariis
1153 2697 1268 2724 Budaeus
1284 2698 1387 2724 ironice
1401 2697 1521 2725 'Paulum
1544 2699 1597 2725 hoc
1607 2698 1772 2725 εὐλαϐέστα-

988 2741 1033 2758 τον
1049 2732 1194 2759 nominari.
1211 2731 1263 2759 Sed
1280 2732 1353 2758 nulla
1371 2737 1413 2759 est
1427 2732 1524 2759 ironia.
1540 2732 1606 2759 Nam
1620 2735 1774 2759 communis

989 2767 1406 2802 haec,episcoporumappellatio
1422 2766 1482 2802 fuit.
1497 2771 1526 2793 ut
1537 2767 1687 2802 αἰδέσιμος,
1702 2770 1774 2794 rese"

989 2800 1096 2833 rendus,
1117 2800 1283 2833 υσιισναοίίίε,
1301 2805 1328 2828 ιιι
1343 2800 1446 2828 Graecis
1461 2800 1610 2837 θαυμάσιος
