1955 3063
169 113 238 142 Hi7

715 117 849 146 SYNESII
871 118 1103 147 PTOLEMAIDIS
1120 119 1276 148 EPISCOPI

1741 119 1752 146 Ι
1759 118 1817 147 428

167 181 265 211 maque
279 175 367 203 anima
384 180 431 204 tua
456 177 632 213 indulgentiae
655 184 788 206 tesseram
809 183 959 214 exspectet.

1023 180 1092 207 τοῦτο
1108 181 1139 216 δὴ
1163 181 1193 207 τὸ
1217 181 1364 216 λεγόμενον
1389 180 1440 214 (4),
1463 163 1631 214 κουφοτάτου
1646 179 1816 215 πράγματος

166 220 234 249 Nam
252 230 305 249 nec
321 221 405 250 Jason
433 224 512 259 culpa
527 228 606 252 vacat
620 225 744 252 omnino.
762 224 848 253 llomo
868 225 960 260 lingua

1013 225 1092 260 λόγου
1108 226 1262 262 βαρυτάτην
1278 228 1327 262 τὴν
1339 227 1473 262 τιμωρίαν
1485 227 1597 259 ἐξέτισε.

167 274 309 305 proruptus
325 270 351 297 in
365 270 506 298 hominem
528 272 624 299 incidit
647 280 729 299 manu
746 273 958 308 promptiorem;
978 277 1016 305 et,
1037 274 1110 308 quod
1123 274 1179 301 dici
1197 275 1279 307 solet,
1317 275 1463 302 levissimae
1488 274 1539 307 rei,
1563 274 1712 306 sermonis,
1747 281 1814 310 gra-

166 317 294 345 vissimas
306 324 401 353 poenas
414 318 539 346 exsolvit.

203 365 282 398 Quod
295 373 360 393 Vero
376 366 410 393 ad
423 368 555 402 pecunias
571 367 683 396 attinet.
698 367 732 394 de
744 368 846 402 quibus
864 368 906 403 egi
919 377 969 395 an.

167 415 222 443 tea,
240 410 445 447 Lamponianus
457 419 504 439 eas
519 412 620 440 habere
633 420 663 440 se
679 412 798 446 fatetur,
815 422 866 441 nec
882 414 966 449 quid-

169 466 251 494 quam
268 466 298 486 se
314 457 459 493 naufragio
477 458 615 486 sublevari
630 459 717 494 cupit,
734 467 790 494 quo
803 464 965 488 contractus

167 505 267 539 periit;
289 511 321 531 ac
348 507 455 539 tempus
478 504 614 532 duntaxat
630 506 752 539 postulat
775 505 964 533 distrahendis

169 548 307 578 fructibus
332 554 536 585 opportunum;
561 558 676 584 seseque
698 551 864 586 posthabitis
880 552 964 578 omni-

169 597 222 625 bus
237 595 264 624 id
276 603 359 623 unum
377 596 565 623 laboraturum
580 596 686 631 recipit,
703 599 732 623 ut
747 604 896 631 pauperum
913 605 961 632 pe-

169 642 267 670 cunias
282 644 429 677 persolvat.
449 641 558 668 Nummi
569 646 649 669 erant
663 646 767 677 septem
786 647 814 670 et
827 642 962 677 quinqua-

170 690 246 725 ginta
261 696 344 723 supra
358 692 501 716 centenos.

206 743 301 779 Opera:
313 744 429 779 pretium
440 748 482 771 est
493 743 527 771 de
538 743 571 770 iis
586 744 667 770 etiam
684 743 799 771 referre.
812 750 873 778 quae
889 743 961 776 apud

171 798 222 819 nos
238 794 391 823 geruntur.
412 795 442 816 ut
460 790 517 817 ﬁeri
542 789 671 824 deinceps
694 789 832 816 desinant.
861 788 961 816 Sacer-

170 835 249 863 dotes
264 841 279 862 a
294 834 485 862 sacerdotibus
499 834 637 861 variorqu
655 833 802 861 criminum
830 840 965 860 accusan-

172 884 229 911 tur,
239 884 328 907 utrum
340 879 419 913 falso,
433 880 554 908 nomium
568 879 631 906 dico
643 888 650 906 :
662 887 775 914 prorsus
788 883 879 906 tamen
893 879 964 906 malo

1055 369 1110 395 Καὶ
1123 369 1188 404 περὶ
1213 367 1267 394 τῶν
1293 367 1474 402 ἐγκλημάτων
1487 367 1526 402 (5)
1544 366 1563 394 ἃ
1574 367 1710 402 διείληφα,
1723 366 1815 394 ταῦτα.

1018 411 1215 447 Λαμπωνιανὺς
1238 411 1312 447 ἔχειν
1337 411 1472 446 ὁμολογεῖ,
1491 412 1538 438 καὶ
1552 411 1627 437 οὐδὲν
1641 411 1713 444 ἀξιοῖ
1735 411 1816 445 παρὰ

1016 460 1065 495 τῆς
1081 458 1213 492 ναυαγίας
1224 457 1399 491 ὠφελεῖσθαι,
1422 458 1471 492 τῆς
1499 457 1652 492 ποιησάσης
1670 457 1773 491 ἀφανὲς
1782 457 1815 483 τὸ

1016 503 1188 539 συμὸὁλαιον·
1200 502 1267 529 ἀλλὰ
1280 502 1374 538 καιρὸν
1398 501 1479 532 αίτεῖ,
1492 502 1556 533 τοὺς
1578 501 1703 536 καρποὺς
1714 500 1815 533 ὠνίους

1013 549 1140 584 γενέσθαι
1151 558 1157 564 ·
1172 549 1218 576 καὶ
1232 548 1283 584 ἔφη
1299 549 1407 575 πάντων
1418 548 1568 583 ἀμελήσας.
1584 546 1816 583 ὲνὶτούτ.;›προσο

1016 596 1088 630 ἐχειν
1099 596 1144 621 τδν
1155 594 1228 626 νοῦν,
1239 594 1277 626 ὡς
1289 594 1323 620 ἂν
1334 593 1368 619 τὰ
1379 592 1506 627 πτωχικὰ
1516 591 1659 618 καταθεῖτο
1669 592 1722 627 χρή
1727 601 1814 627 ματα.

1016 641 1178 676 Νομίσματα
1193 640 1220 666 δὲ
1244 637 1278 675 ἦν
1303 638 1373 665 ἔπτὰ
1396 638 1443 664 καὶ
1464 638 1633 673 πεντήκοντα
1661 637 1729 672 πρὸς
1757 638 1816 668 τοῖς

1016 687 1124 714 ἑκατόν.

1057 743 1207 772 ’Δνοιστὲον
1237 742 1295 768 ἐστὶ
1322 742 1368 768 καὶ
1397 742 1461 777 περὶ
1487 740 1571 767 τῶνδε
1594 739 1649 766 τῶν
1662 738 1818 774 γινομένων

1018 791 1082 826 παρ’
1097 791 1175 825 ήμίν.
1205 789 1249 815 ἴνα
1267 788 1398 823 γινόμενα
1426 786 1563 822 παύσηται
1582 785 1640 821 [γρ.
1664 784 1815 819 γνώσητε].

1023 837 1116 873 Ἱερεῖς
1132 835 1222 871 ἱερέας
1236 833 1404 869 παρανόμων
1416 832 1543 859 διώκουσι
1556 840 1563 847 ο
1581 832 1605 858 εί
1620 831 1669 866 μὲν
1684 831 1731 857 ἐπὶ
1745 830 1818 865 ψεύ-

1017 883 1099 913 δεσιν,
1126 881 1203 907 οὔπω
1231 880 1322 914 λέγω·
1349 879 1458 910 πάντως
1478 878 1506 905 δὲ
1533 876 1749 913 μετ’ὲπιὸούλου
1765 877 1818 911 τῆς

172 929 200 954 et
216 925 389 953 fraudulento
404 926 429 952 id
445 925 475 952 ﬁt
491 926 593 952 animo.
616 924 674 952 Non
698 925 770 952 enim
792 932 960 959 persequen-

1023 927 1212 964 τροαιρέσεως.
1244 926 1282 952 Οὐ
1309 925 1364 961 γὰρ
1393 925 1437 952 ἵνα
1459 923 1562 951 λάϐωσι
1580 923 1667 954 δίκας.
1696 922 1754 949 ἀλλ’
1771 922 1818 948 ἵνα.

171 971 270 999 darum
299 978 441 1006 ptenarum
462 971 568 1007 gratia,
594 971 641 998 sed
659 975 687 998 ut
710 971 880 998 exercituum
897 978 966 1006 pne-

172 1016 252 1046 fectis
276 1017 379 1052 iujusta
401 1017 477 1044 lucra
501 1016 661 1044 concilient.
679 1016 797 1044 Necesse
815 1020 858 1044 est
873 1021 963 1044 autem

172 1061 294 1091 omnium
311 1070 396 1090 onera
417 1063 539 1090 humeris
553 1063 621 1090 meis
646 1062 758 1097 imponi.
778 1061 964 1095 Quamobrem

173 1108 274 1142 scribe,
290 1108 419 1140 obsecro,
434 1112 461 1136 et
476 1107 588 1135 decreto
598 1114 647 1135 tuo
658 1109 785 1143 praecipe,
802 1116 836 1136 ne
850 1109 894 1135 cui
911 1108 966 1135 tale

173 1155 322 1191 quidquam
339 1154 429 1182 facere
457 1155 547 1182 liceat.
573 1153 641 1181 Nam
666 1159 692 1182 et
710 1161 808 1189 magno
823 1161 868 1182 me
881 1154 964 1181 bene-

173 1202 238 1230 ﬁcio
260 1201 434 1234 devinxeris;
459 1205 486 1228 et
506 1208 553 1228 eos
576 1208 694 1231 mecum,
717 1201 763 1235 qui
780 1200 966 1235 trnnquilliori

173 1248 265 1275 animo
282 1251 363 1280 sunt;
382 1251 409 1275 et
423 1247 564 1282 oppressis
579 1246 745 1280 subvenies;
758 1251 786 1274 et
804 1246 891 1273 nmlto
907 1254 965 1272 arn-

174 1293 255 1328 pliori
278 1293 411 1321 beneﬁcio
431 1300 479 1320 eos
502 1292 578 1328 ipsos
598 1292 742 1324 alleceris.
771 1292 817 1327 qui
836 1291 964 1326 injurialn

174 1338 289 1370 faciunt,
301 1346 363 1365 cum
381 1337 470 1372 majus
488 1337 590 1365 bonum
606 1337 643 1364 sit
663 1337 767 1372 majore
780 1344 795 1363 a
812 1337 883 1364 malo
895 1337 965 1364 libe-

174 1384 248 1417 rari;
274 1383 363 1418 majus
387 1388 479 1410 autem
508 1383 610 1410 malum
635 1386 678 1410 est
697 1382 827 1417 injuriam
852 1382 965 1415 inferre,

174 1438 258 1465 quam
286 1430 402 1464 perpeti.
426 1427 497 1456 illud
521 1429 595 1456 enim
611 1429 755 1464 proprium
786 1428 889 1456 malum
912 1433 965 1462 est,

176 1475 228 1502 hoc
241 1474 372 1501 alienum.
388 1473 488 1501 Verum
505 1481 557 1509 ego
574 1474 688 1509 quinam
705 1473 722 1500 ii
737 1474 794 1501 sint
809 1473 967 1509 signiﬁcare

177 1521 261 1553 uolui,
280 1520 362 1556 216
377 1527 465 1555 neque
480 1523 521 1551 tu.
542 1520 564 1548 si
583 1520 672 1551 noris,
690 1520 854 1547 nominatim
871 1528 966 1554 quom-

175 1574 257 1602 quam
269 1567 413 1602 redarguo,
428 1573 462 1594 ne
472 1566 499 1594 in
511 1565 629 1594 fratrum
639 1566 818 1594 oﬂcnsiouem
828 1566 946 1593 incidam
958 1575 964 1596 ;

175 1620 246 1647 quos
272 1612 324 1640 etsi
344 1613 438 1639 coram
464 1611 592 1646 privatim
618 1611 796 1639 vehementer
811 1611 965 1647 increpari,

176 1657 251 1686 Deus
265 1658 319 1684 illis
336 1658 471 1693 ignoscet.
492 1656 545 1684 Sed
572 1665 630 1684 rem
647 1658 735 1692 ipsam
747 1658 879 1685 duntaxat
893 1658 920 1686 in
932 1658 967 1687 iis

178 1711 248 1738 quas
259 1703 293 1730 ad
309 1710 351 1730 me
368 1703 446 1730 dabis
465 1703 564 1730 litteris
578 1703 671 1731 odisse
694 1703 815 1732 videare.
827 1703 967 1731 Inveniam

177 1748 264 1781 enim,
291 1749 364 1776 adsit
385 1749 467 1776 modo
495 1749 578 1781 Deus,
599 1749 832 1784 quemadmodum
848 1750 909 1778 sine
924 1757 969 1777 cu-

981 1591 1001 1621 C

1015 975 1072 1005 τοῖς
1089 973 1201 1008 ἄρχουσι
1229 972 1283 998 τῶν
1303 970 1516 1007 στρατευμάτων
1531 969 1611 996 ἄδικα
1629 968 1714 1003 κέρδη
1743 976 1816 1003 μνη-

1017 1019 1174 1046 στεύσωσιν.
1206 1018 1269 1044 Ἐπὶ
1295 1018 1324 1044 δὲ
1351 1017 1414 1049 τοὺς
1433 1017 1516 1052 ἐμοὺς
1541 1013 1633 1050 ὤμους
1655 1014 1818 1041 ἀναϐαίνειν

1016 1065 1122 1099 ἀνάγκη
1135 1064 1169 1090 τὰ
1183 1063 1290 1090 πάντων
1309 1062 1418 1098 φορτία.
1451 1058 1506 1093 Διὸ,
1533 1061 1640 1095 δέομαι,
1660 1061 1751 1095 γράφε
1767 1060 1818 1086 καὶ

1017 1110 1159 1138 διατάττου
1177 1109 1272 1145 μηδενὶ
1301 1108 1383 1144 μηδὲν
1405 1108 1504 1141 ἐξεῖναι
1524 1107 1629 1135 τοιοῦτο
1644 1108 1740 1134 ποιεῖν.
1759 1107 1817 1133 Καὶ

1016 1158 1070 1193 γὰρ
1082 1158 1142 1193 ἐμοὶ
1158 1158 1251 1192 χαριῇ,
1267 1157 1314 1183 καὶ
1330 1156 1388 1186 τοῖς
1410 1153 1691 1190 ἀπραγμονεστέροις,
1703 1153 1752 1179 καὶ
1766 1161 1818 1178 κα-

1017 1203 1072 1235 κῶς
1087 1203 1238 1237 πάσχουσιν
1245 1202 1369 1237 ἀμυνεῖς,
1385 1202 1433 1228 καὶ
1447 1201 1513 1228 πολὺ
1523 1200 1603 1227 πλέον
1610 1198 1640 1226 εὖ
1656 1197 1819 1233 πεποιηκιῇ

1016 1249 1066 1284 ἔσῃ
1074 1249 1137 1280 τοὺς
1147 1247 1307 1279 ἀδικοῦντας
1323 1247 1434 1279 αὐτοὺς.
1449 1248 1529 1281 εῐπερ
1544 1245 1637 1281 μεῖζον
1654 1244 1769 1279 ἀγαθὸν,
1786 1244 1819 1270 ἰδ

1018 1295 1140 1331 μείζονος
1163 1294 1337 1330 ἀπηλλάχθαι
1359 1293 1465 1320 κακοῦ·
1493 1293 1578 1320 κακὸν
1599 1292 1627 1318 δὲ
1649 1293 1740 1326 μεῖζον
1769 1290 1818 1317 τοῦ

1016 1340 1168 1368 ἀδικεῖσθαι
1177 1340 1208 1367 τὸ
1223 1340 1334 1367 ἀδικεῖν.
1363 1339 1400 1366 Τὸ
1415 1339 1465 1374 μὲν
1481 1338 1547 1373 γὰρ,
1559 1338 1626 1364 ἴδιόν
1643 1338 1701 1363 ἐστι
1717 1336 1817 1367 κακὸν,

1017 1387 1046 1413 τὸ
1057 1387 1096 1419 δὲ,
1113 1387 1262 1422 ἀλλότριον.
1282 1386 1352 1413 Ἀλλ’
1377 1385 1432 1412 οὔτ’
1459 1384 1514 1420 ἐγὼ
1540 1383 1718 1419 κατεμήνυσα
1743 1383 1820 1414 τίνες

1017 1431 1082 1462 εἰσὶ,
1117 1432 1178 1467 μήτ’
1203 1431 1284 1463 αὐτὸς
1307 1432 1331 1458 εί
1357 1430 1406 1457 καὶ
1424 1429 1531 1465 μάθοις,
1554 1430 1598 1456 ἐπ’
1622 1429 1755 1463 ὀνόμασιν
1774 1427 1819 1459 ἐξ-

1017 1475 1131 1511 ελέγξῃς
1143 1475 1214 1509 τινὰ,
1234 1475 1277 1502 ἵνα
1295 1475 1332 1511 μὴ
1346 1475 1518 1510 ἀπεχθοίμην
1529 1474 1663 1508 ἀδελφοῖς,
1680 1470 1722 1504 οἷς
1737 1471 1820 1498 είκαὶ

1018 1524 1088 1550 κατὰ
1103 1523 1248 1559 πρόσωπον
1268 1523 1321 1558 ἰδίᾳ
1349 1519 1410 1548 λίαν
1431 1520 1626 1555 ἐπιτετίμηκα,
1644 1519 1821 1552 συγχωρήσει
1832 1540 1845 1548 ,

1018 1570 1094 1602 Θεός.
1119 1570 1200 1596 Ἀλλὰ
1215 1569 1316 1604 φάνηθι
1334 1569 1365 1595 τὸ
1387 1568 1504 1603 πρᾶγμα
1520 1567 1599 1602 μόνον
1618 1564 1706 1600 μισῶν
1719 1564 1749 1589 ἐν
1760 1563 1821 1593 τοῖς

1020 1615 1088 1650 πρὸς
1105 1615 1155 1650 ἐμὲ
1183 1615 1353 1650 γράμμασιν.
1379 1614 1495 1648 Εἴσομαι
1513 1611 1568 1647 γὰρ
1597 1611 1646 1637 σὺν
1670 1609 1731 1644 Θεῷ
1750 1608 1822 1643 μετὰ

1022 1661 1070 1688 τοῦ
1084 1661 1166 1687 πᾶσιν
1196 1660 1300 1686 ἀλύπου
1320 1659 1351 1686 τὸ
1377 1659 1475 1694 μηκέτι
1505 1656 1645 1692 προελθεῖν
1662 1653 1821 1690 περαιτέρω

1021 1707 1072 1741 τὴν
1085 1705 1375 1742 ἀσχημοσύνηνὴμῶν.
1388 1705 1433 1740 Μὴ
1444 1704 1498 1740 γὰρ
1510 1704 1614 1738 είποιμι
1625 1703 1676 1737 τῆς
1700 1699 1821 1734 Ἐκκλη-

1024 1752 1093 1783 σίας.

176 1795 307 1831 jusquam
327 1795 481 1824 oﬂensione
500 1803 555 1824 non
576 1796 648 1823 ultra
667 1803 696 1824 se
714 1796 868 1832 turpitudo,
888 1802 972 1832 atque
991 1798 1105 1827 infamia
1119 1803 1213 1828 nostra
1245 1799 1378 1835 proferat.
1399 1798 1459 1826 Non
1481 1799 1554 1825 enim
1579 1795 1714 1824 Ecclesia:
1744 1791 1821 1820 inia-

179 1841 261 1869 miam
276 1841 404 1869 dixerim.

215 1895 306 1924 Unum
322 1897 411 1924 adhuc
428 1896 652 1925 constituendum
667 1902 805 1933 superest.
821 1898 970 1934 statimque

181 1942 321 1971 scribendi
337 1943 419 1969 linem
430 1941 541 1970 faciam.
554 1942 694 1978 Vagantur
708 1942 820 1978 quidam
835 1945 906 1979 apud
919 1952 971 1972 nos

182 1988 336 2017 Vacantivi.
354 1987 472 2017 Patieris
485 1989 558 2016 enim
575 1996 619 2017 me
634 1990 776 2023 paululum
788 1989 909 2018 barbare
924 1991 966 2018 lo-

181 2040 320 2070 quenlem,
335 2038 365 2062 ut
376 2034 477 2063 usitata
492 2035 520 2062 in
533 2035 672 2070 republica
688 2042 756 2062 voce
772 2036 970 2063 nonnullorum

182 2081 332 2116 nequitiam
348 2081 510 2115 expressius
525 2080 675 2108 declarem.
691 2081 723 2108 lli
739 2086 842 2108 certam
857 2082 968 2116 quidem

181 2126 287 2153 nullam
304 2126 397 2153 sedem
414 2125 516 2154 habere
533 2126 639 2158 volunt,
659 2127 706 2161 qui
728 2135 810 2162 quam
835 2127 974 2155 habebant

182 2175 263 2200 antea
277 2172 466 2206 reliquerunt;
484 2180 539 2199 nou
553 2172 607 2199 ulla
630 2173 786 2200 calamitate
806 2173 899 2208 pulsi,
925 2172 973 2200 Sed

1058 1898 1290 1934 Οἰκονομήσασθαι
1307 1898 1335 1924 δὲ
1352 1898 1380 1924 ἓν
1390 1897 1430 1923 ἔτι
1443 1896 1546 1926 λοιπὸν.
1562 1897 1609 1924 καὶ
1623 1896 1703 1929 λόγου
1719 1896 1824 1924 πεπαύ-

1026 1954 1107 1981 σομαι
1125 1945 1182 1981 [γρ.
1191 1943 1353 1980 παύσομαι].
1363 1942 1555 1978 Περινοστοῦσί
1563 1951 1635 1974 τινες
1648 1942 1685 1977 (ti)
1700 1942 1824 1977 βασκαν-

1024 1990 1094 2017 τίὸοι
1128 1990 1283 2026 παρ’ὴμϊν,
1311 1988 1406 2025 Ἀνέξῃ
1431 1989 1485 2024 γάρ
1512 1997 1562 2023 μου
1582 1988 1679 2023 μικρὸν
1698 1988 1824 2022 61:06:19-

1025 2035 1198 2071 σαρίσαντος,
1227 2035 1269 2061 ἶνα
1297 2034 1341 2061 διὰ
1358 2034 1406 2068 τῆς
1432 2033 1631 2070 συνηθεστέρας
1648 2035 1681 2068 τῇ
1697 2033 1822 2069 πολιτεία

1023 2081 1115 2117 φωνῆς
1131 2081 1179 2116 τὴν
1200 2081 1277 2108 ὲνίων
1291 2081 1389 2108 κακίαν
1412 2080 1650 2115 ἐμφαντικώτερον
1678 2079 1824 2116 παραστή-

1023 2135 1111 2161 σαιμι.
1131 2122 1211 2152 οὗτοι
1233 2125 1366 2161 καθέδραν
1380 2125 1429 2160 μὲν
1452 2124 1682 2160 ἀποδεδειγμένην
1698 2124 1774 2159 ἔχειν
1790 2125 1823 2150 οὐ

1025 2173 1164 2208 βούλονται
1176 2179 1182 2186 ”
1195 2172 1222 2198 οἵ
1234 2180 1263 2205 γε
1279 2171 1328 2206 τὴν
1353 2169 1435 2197 οὖσαν
1460 2170 1664 2203 ἀπολελοίπασι,
1692 2169 1723 2197 οὐ
1735 2165 1825 2197 ’κατὰ

183 2221 281 2254 sponte
294 2216 383 2245 locum
400 2220 546 2246 mutantes.
563 2217 723 2247 Honoribus
736 2225 817 2252 porro
829 2218 967 2250 fruuntur,

1025 2218 1180 2255 συμφορὰν,
1210 2217 1266 2244 ἀλλ’
1296 2217 1453 2252 αὐθαίρετοι
1477 2216 1642 2252 μετανάσται
1669 2215 1821 2250 γινόμενοι.

803 2303 893 2333 IlION.
916 2304 1051 2333 PETAVII
1065 2303 1181 2332 ΝΟΤιΕ.

221 2383 259 2418 (-5)
277 2382 479 2419 [LXI-LXXVII
493 2382 554 2419 illa!
573 2381 661 2419 τοῦςο
678 2381 770 2419 dirui
796 2382 970 2417 λεγόμενον.

186 2417 339 2454 Βυηιρέἰινθ
351 2418 474 2454 Platone,
493 2417 562 2454 libro
578 2425 603 2444 Iv
621 2417 658 2454 De
673 2417 783 2454 legillus.

221 2451 326 2489 (5)'Kal
339 2454 405 2488 περὶ
417 2452 487 2489 χῶν
499 2452 703 2489 ἐγκλημάτων.
722 2451 842 2489 Diilicilis
858 2456 884 2478 et
896 2451 974 2479 sale—

185 2486 286 2516 brosos
304 2486 391 2516 locus.
414 2487 460 2514 Sic
474 2487 554 2519 verti,
570 2487 649 2519 quasi
660 2493 731 2514 esset
746 2486 906 2522 χρημάτων,
924 2494 975 2514 nec

186 2523 331 2563 sictanlen
347 2523 414 2550 mihi
430 2523 494 2563 ipse
504 2522 657 2563 satisfacli‘o.

223 2557 260 2593 (6)
277 2555 494 2593 Περινοστρῦσι
508 2565 598 2590 τινες.
614 2557 714 2593 Contra
731 2557 886 2593 desertores
905 2555 976 2583 istos

186 2598 214 2620 et
229 2591 417 2627 vagosexstat
425 2592 528 2620 Nicmni
544 2592 652 2620 concilii
668 2599 755 2619 canon
770 2592 814 2622 Hi.
825 2591 870 2624 qui
885 2596 975 2618 tamen

186 2627 380 2687 episcoporum
398 2628 559 2654 nominatim
576 2635 630 2654 non
641 2627 781 2660 meminit;
799 2631 828 2652 nt
842 2630 868 2654 et
880 2627 977 2666 'Anlio-

188 2668 204 2688 c
224 2668 294 2688 enus
316 2662 349 2690 5.
370 2666 398 2689 et
419 2662 572 2690 Apost.15.
595 2661 647 2689 Sed
675 2670 764 2690 neuue
789 2661 920 2690 Svnesms
943 2661 977 2688 de

242 2669 294 2688 nus
316 2668 349 2693 o,
370 2668 398 2689 et
419 2668 514 2693 Apost.
529 2668 572 2690 15.
595 2668 647 2689 δεα
675 2670 764 2693 neque
789 2668 920 2693 syneslus
943 2668 977 2688 ae

188 2670 294 2688 cncnus
316 2670 349 2693 ο.
370 2670 398 2689 et
419 2670 514 2697 Apost.
529 2670 572 2690 ‘ID.
595 2670 647 2689 aea
675 2670 764 2697 neque
789 2670 920 2696 bynesius
943 2670 975 2688 ae

188 2695 326 2731 episcopis
337 2703 465 2730 expresse
481 2696 612 2731 loquitur.
625 2698 750 2731 quamvis
762 2696 860 2724 horum
878 2703 975 2722 vacan-

190 2730 303 2769 tioorum
314 2738 440 2769 cau_s_am_
451 2730 572 2765 ejusdem
594 2730 703 2769 generis
718 2739 778 2769 esse
797 2731 976 2769 demonstret,

190 2765 271 2801 cujus
281 2769 340 2801 erat
353 2766 409 2801 illa,
424 2765 459 2792 de
472 2773 525 2800 qua
536 2765 716 2794 antecedente
725 2765 839 2801 epistola
852 2765 973 2799 scripsit,

190 2798 337 2835 ﬁlexandri
369 2798 584 2834 Basinopolitani
610 2798 835 2835 episcopifUude
860 2798 974 2835 colligas

191 2831 224 2862 de
235 2833 380 2870 episcopis.
395 2834 419 2862 si
438 2831 499 2869 non
516 2836 594 2869 solis,
604 2831 679 2864 certe
699 2831 731 2863 de
745 2836 785 2864 his
798 2836 849 2863 hoc
862 2831 975 2864 loco'si-

1022 2382 1163 2416 gniﬁcare.
1177 2382 1254 2414 Quod
1267 2382 1300 2409 ad
1312 2383 1471 2409 vat-antims
1483 2383 1552 2409 istos
1563 2383 1670 2414 attincl,
1686 2381 1823 2411 lltesche-

1025 2418 1091 2449 lius,
1112 2417 1137 2444 in
1156 2418 1229 2444 notis
1244 2418 1276 2445 ad
1302 2417 1390 2444 Photii
1408 2417 1471 2445 cod.
1488 2417 1533 2448 51.).
1549 2418 1762 2449 Βασκαντίὸους,
1788 2419 1823 2444 de

1024 2453 1126 2488 quibus
1147 2452 1191 2488 hic
1220 2452 1354 2488 Syncsius
1369 2460 1417 2480 eos
1441 2460 1502 2480 esse
1528 2453 1616 2480 credit
1638 2453 1682 2487 qui
1700 2454 1726 2479 in
1750 2453 1823 2488 actis

1025 2487 1182 2523 synodirud
1209 2487 1340 2523 Quercum
1367 2491 1501 2515 vocantur
1528 2489 1552 2514 ot
1587 2488 1741 2523 κοινωνικοὶ
1771 2487 1824 2522 τῆς

1025 2522 1199 2563 οἰκουμένης.
1220 2522 1299 2563 Quod
1312 2527 1356 2550 est
1377 2523 1591 2563 alienissimum.
1610 2522 1678 2563 Nam
1697 2531 1824 2563 κοινῳνι-

1028 2557 1071 2584 uol
1082 2557 1131 2592 τῆς
1159 2557 1334 2592 οἰκουμένης.
1348 2560 1412 2584 sunt
1437 2558 1579 2588 catholici,
1606 2558 1652 2592 qui
1671 2557 1736 2585 curu'
1766 2562 1823 2585 tota

1028 2592 1160 2628 Ecclesia?
1177 2594 1371 2628 communione
1383 2592 1547 2628 junguntur.
1563 2591 1592 2619 In
1615 2591 1733 2620 concilio
1752 2591 1824 2620 Ver-

1027 2629 1107 2655 ncnsi
1120 2627 1172 2655 sub
1184 2627 1282 2662 Pipino
1296 2635 1369 2662 rege,
1381 2627 1446 2655 can.
1462 2628 1495 2654 15
1508 2635 1515 2653 :
1526 2627 1565 2654 De
1578 2628 1706 2662 episcopis
1722 2636 1823 2662 vagan-

1029 2662 1110 2694 tibus,
1129 2662 1320 2698 quiEchesias
1339 2671 1392 2690 mm
1407 2662 1513 2694 habent,
1531 2670 1579 2690 nec
1598 2663 1696 2690 scimus
1714 2662 1823 2690 ordinu-

1029 2698 1125 2725 tionem
1140 2706 1241 2730 eomm,
1266 2698 1382 2732 qualiter
1403 2698 1461 2733 ﬁat,
1480 2698 1579 2731 placuit
1599 2698 1680 2732 juxta
1696 2698 1823 2724 instituta

1028 2739 1182 2760 sanctorth
1192 2733 1316 2765 Patrum,
1326 2739 1353 2760 ut
1366 2734 1393 2761 in
1404 2734 1514 2760 alterius
1524 2734 1649 2768 paracliia
1658 2733 1821 2763 ministrare.

1030 2777 1075 2796 nec
1093 2769 1176 2795 ullam
1189 2769 1385 2796 ordinationem
1401 2769 1487 2802 facere
1502 2768 1612 2796 debeam
1629 2769 1685 2795 sine
1696 2768 1823 2802 jussiona

1029 2805 1140 2838 episcopi
1156 2804 1232 2844 cujus
1245 2804 1370 2838 parat/(ia
1383 2809 1430 2832 est.
