1955 3063
124 150 195 180 Ηὸὅ

696 153 886 183 EPISTOLE.
907 169 941 175 —-
961 154 1074 183 EPIST-
1088 154 1194 183 LXXII.

1679 156 1750 184 M35

125 213 156 239 ἐκ
169 212 231 244 νέας
244 213 333 244 ἀσκεῖ,
351 213 430 241 τοῦτο
443 214 489 240 καὶ
504 213 582 250 ῦέμις
595 214 690 248 είπεῖν,
703 215 750 243 καὶ
769 216 911 242 παντάπα-

967 215 1196 249 Quetnadmodum
1225 223 1290 243 vero
1309 215 1439 244 virtutem
1460 215 1517 251 jam
1532 224 1547 244 a
1564 215 1651 251 prima
1669 219 1751 244 relate

126 266 168 284 σιν
182 258 289 292 ἀληθές.
308 259 350 290 Ὡς
370 259 418 293 μὲν
435 257 481 286 οὖν
494 259 595 293 ἀγαθὸν
609 259 692 294 ἄνδρα
704 279 711 292 ,
725 261 850 296 τιμήσεις
859 269 865 276 ·
879 261 912 296 ἦν

125 302 152 328 δὲ
170 302 309 337 ἐγράψατο
326 304 443 338 γραφὴν,
457 303 558 329 οἰκείαν
571 304 742 339 εἱμαρμένην
756 304 909 340 πληρούτω.

127 348 199 382 Μηδὲ
216 348 269 383 γὰρ
284 348 388 375 δικαίου
404 349 467 375 ποτὲ
490 350 570 384 φόνου
586 349 745 384 προσάψων).

389 461 562 488 ΕΠΙΣΤΟΛΗ
580 461 639 488 ΞΘΡ.

439 506 481 538 Τῷ
497 505 587 538 ιιὺτῷ.

161 551 243 578 Μέλει
255 551 310 586 γάρ
325 559 376 583 σοι,
391 551 466 586 μέλει
480 551 527 578 καὶ
541 551 741 583 [lavat/1150);.
751 551 856 578 Οὐκοῦν
870 551 912 577 tv-

125 597 206 632 τεύξῃ
223 598 270 632 μὲν
283 598 342 628 ταῖς
365 597 506 632 δημοπίαις
525 597 688 628 ἐπιστολαῖς.
708 597 769 623 Ὅτι
793 596 822 623 δὲ
841 597 913 623 κακὰ

125 643 208 669 πλείω
218 643 265 669 καὶ
281 642 366 676 μείζω
384 642 506 676 γέγονεν,
518 642 535 677 ἢ
549 642 628 676 φοϐεῖ
644 641 677 668 τὰ
694 641 857 677 γράμματα,
867 640 914 666 λέ-

125 696 220 722 γοντος
235 687 338 723 ἀκούσῃ
358 687 405 714 τοῦ
429 687 615 722 διακομιστοῦ.
634 687 776 714 Στέλλεται
792 687 840 722 μὲν
859 686 912 721 γὰρ

125 735 171 760 ἐπὶ
199 735 375 769 συμμαχίαν,
398 733 435 765 ὡς
463 733 566 760 ἐκεῖθεν
591 733 720 768 αἰτήσων.
747 732 787 759 Τὰ
807 732 836 759 δὲ
860 732 914 758 τῶν

125 781 261 816 πολεμίων
285 781 344 807 οὐδὲ
368 780 416 815 τὴν
432 780 520 813 ἔξοδον
533 780 616 807 αὑτοῦ
641 780 813 815 περιέμεινεν
828 788 835 795 ι
855 778 913 806 ἀλλ’

124 826 244 861 ἔφθασαν
260 826 422 861 ἐκχυθέντες
443 826 540 861 ἀθρόον
558 825 628 852 κατὰ
643 826 692 861 τῆς
702 825 804 860 χώρας.
822 825 913 851 Πάντα

124 871 226 905 οἴχεται
239 879 246 886 ·
267 871 355 897 πάντα
377 870 528 906 ἀνῄρηται·
547 871 576 896 αἱ
593 870 684 902 πόλεις
706 870 746 896 ἔτι
769 869 871 902 λοιπαὶ,
884 869 914 895 τὸ

127 916 222 951 μέχρις
241 913 271 943 οὗ
295 916 404 951 γράφω.
421 916 533 942 λοιπαίο
551 915 581 942 τδ
594 916 623 942 δὲ
636 917 676 947 είς
696 915 746 951 τὴν
772 915 912 947 ἐπιοῦσαν,

124 962 190 993 Θεὸς
207 960 271 988 οἶδε.
292 962 363 998 Πρὸς
384 962 470 989 ταῦτα
494 961 581 996 εὐχῶν
596 961 637 988 δεῖ
663 961 717 988 τῶν
734 961 800 991 σῶν.
825 961 914 996 εὐχῶν

125 1007 197 1040 λέγω
219 1007 274 1033 τῶν
288 1007 391 1034 eodem
412 1008 546 1034 δυσωπεῖν
560 1007 606 1034 τὸν
618 1007 695 1034 Θεόν.
717 1007 761 1038 Ὠς
777 1006 832 1040 ἐγὼ
849 1006 914 1033 πολ-

125 1054 202 1086 λάκις
218 1054 266 1089 ἤδη
295 1055 342 1081 καὶ
364 1055 398 1081 τὰ
421 1055 489 1085 ίδια,
505 1055 551 1081 καὶ
575 1055 609 1082 τὰ
629 1055 706 1081 κοινὰ
723 1054 811 1089 μάτην
831 1052 914 1089 ηὐξά-

127 1109 190 1135 μην.
215 1101 246 1127 Τί
275 1101 346 1135 λέγω
376 1102 482 1136 μάτηνς
513 1102 560 1133 Εἰς
583 1100 738 1128 τούναντίον
765 1108 808 1135 μοι
835 1107 914 1134 περι-

127 1146 244 1173 ίσταται.
270 1146 395 1173 Τοιοῦτόν
412 1147 481 1173 εἰσιν
503 1148 531 1174 at
551 1147 683 1183 ἁμαρτίαι
699 1146 804 1182 βαρεῖαι
823 1154 853 1172 τε
867 1145 914 1172 καὶ

125 1192 232 1220 πολλαί.

407 1307 580 1334 ΕΠΙΣΤΟΛΠ
594 1307 633 1335 0'.

457 1353 592 1388 Πρόκλῳ.

161 1398 280 1434 Πέρυσιν
293 1398 341 1434 οὐχ
356 1398 417 1434 ἣκει
435 1407 479 1433 μοι
502 1398 655 1434 γράμματα
671 1398 747 1433 παρὰ
771 1397 819 1433 τῆς
839 1397 915 1433 ίερᾶς

127 1453 174 1470 σου
195 1445 295 1480 χειρός.
322 1444 476 1480 Ὴρίομησα
497 1445 543 1471 καὶ
569 1443 648 1471 τοῦτο
665 1443 734 1479 μετὰ
747 1444 802 1470 τῶν
818 1451 913 1470 συντυ-

126 1491 226 1525 χόντων
241 1499 285 1526 μοι
297 1491 357 1517 κατ’
375 1491 462 1517 ἐκεῖνο
478 1490 573 1526 καιροῦ
587 1490 734 1525 δυσχερῶν.
749 1489 836 1516 Πολλὰ
859 1488 914 1523 γὰρ

126 1536 171 1562 ἐπὶ
188 1535 292 1568 πολλῶν
307 1535 363 1570 ἐγὼ
385 1535 498 1570 πέρυσιν
521 1535 636 1570 ἠνιάθην
647 1543 653 1550 ·
671 1534 739 1561 ἀλλὰ
754 1533 913 1568 καὶὸτῆτες

125 1580 240 1616 χειμὼν.
257 1581 270 1607 ὃ
284 1580 309 1607 τί
325 1589 370 1616 μοι
386 1580 479 1607 λοιπὸν
490 1578 524 1615 ἦν
535 1581 574 1612 εἰς
584 1581 633 1615 τὴν
643 1580 823 1615 ψυχαγωγίαν
837 1579 914 1613 ἀφεί-

125 1625 186 1652 λετο
201 1626 232 1653 τὸ
256 1626 359 1653 παιδίον
380 1625 435 1662 [πρ.
459 1626 625 1662 παιδάριον].
645 1626 766 1661 Εῖμαρτο
779 1626 833 1660 γὰρ
848 1625 911 1660 ἄρα,

126 1672 232 1699 συνόντι
247 1672 296 1708 μὲν
314 1673 387 1707 ὑμῖν,
405 1673 544 1708 εὐτυχεῖν·
562 1671 658 1699 ἀπόντι
669 1672 707 1703 δὲ,
717 1671 835 1707 χαλεποῦ
854 1679 914 1697 πει-

127 1718 223 1753 ρΞσθαι
244 1718 292 1745 τοῦ
307 1718 443 1754 δαίμονος.
456 1717 577 1744 Γενέσθω
593 1718 625 1752 δή
647 1726 688 1749 τις
701 1716 873 1752 παραμυθία,
883 1715 914 1743 τὸ

124 1764 251 1796 δέξασθαι
273 1763 323 1799 τῆς
345 1763 481 1799 πατρικῆς
502 1771 549 1789 σου
565 1762 687 1797 κεφαλῆς
708 1762 868 1797 γράμματα,
882 1760 914 1787 τὺ

124 1818 149 1836 τι
154 1809 340 1844 μαλφέστατον
356 1808 411 1836 τῶν
424 1808 477 1835 ἀπὸ
488 1808 598 1844 Θρᾴκης
613 1807 763 1843 ἀγώγιμον.

389 1956 564 1982 ειιιΣτοΛιι
583 1955 645 1982 OA'.

424 2000 612 2034 Ῐιυλαιμένει.

158 2057 246 2084 Atreo!
267 2056 341 2092 λόγοι
355 2056 412 2092 [πρ.
429 2056 461 2092 δὴ
471 2056 543 2092 7.67.]
565 2056 688 2091 λέγονται
702 2056 766 2091 περὶ
780 2055 837 2083 σοῦ.
852 2056 914 2082 Τοι-

123 2103 224 2138 γαροῦν
237 2103 305 2138 ὁμοῦ
323 2103 372 2137 μὲν
387 2102 433 2128 ἐπὶ
446 2103 567 2138 Θρᾴκης,
585 2102 652 2138 ὁμοῦ
666 2102 694 2129 δὲ
718 2103 757 2134 είς
776 2102 914 2138 Ἰσαύρους

124 2146 232 2181 γράφω,
250 2146 298 2172 τοῦ
327 2147 482 2181 περιτυχεῖν
501 2154 531 2172 σε
547 2146 656 2178 πάντως
669 2147 720 2181 μιᾷ
739 2146 771 2180 γέ
786 2155 839 2173 τινι
858 2146 913 2173 τῶν

124 2191 281 2218 ἐπιστολῶν.
314 2191 457 2222 Ύπόθεσις
474 2189 503 2217 δὲ
531 2191 648 2225 ἀμφοῖν,
667 2190 841 2217 ἀσπάσασθαι
864 2190 913 2226 τὴν

125 2237 256 2272 φιλτάτην
272 2237 402 2271 κεφαλὴν,
422 2237 578 2273 Πυλαιμένη
593 2237 640 2264 τὸν
659 2237 811 2272 φιλόσοφον.
827 2237 913 2264 Τοῦτο
929 2228 950 2255 D

125 2283 179 2316 γάρ
195 2283 253 2308 ἐστι
283 2282 332 2308 κᾶν
355 2281 492 2316 βούληται,
507 2281 559 2309 κᾶν
581 2281 618 2317 μὴ
636 2281 774 2317 βούληται.
791 2281 828 2308 υὺ
855 2281 911 2317 γὰρ

127 2329 230 2363 μήποτε
248 2327 399 2363 κατισχύσῃ
415 2327 471 2363 [γρ.
487 2327 670 2362 κατισχύσειεῖ
684 2327 731 2354 τοῦ
748 2327 913 2361 πεφυκότος,

124 2373 178 2400 οὐδ’
201 2373 232 2400 οὐ
251 2373 288 2408 μὴ
317 2373 401 2410 σϐέσῃ
420 2374 464 2400 τὸν
493 2374 629 2408 σπινθῆρα
643 2373 691 2400 τοῦ
713 2373 786 2399 θείου
802 2373 888 2408 πυρός
905 2381 912 2389 ι

124 2419 182 2446 ἀλλ’
199 2420 296 2455 ἀνάψει
321 2420 395 2449 ποτὲ,
411 2420 461 2455 τῆς
485 2419 625 2455 μοχθηρᾶς
649 2419 760 2454 ἀγωγῆς
786 2419 914 2454 ὑτεράνω

123 2465 277 2500 γενόμενος.

386 2521 558 2548 ΕΠΙΣΤΟΛΙΙ
584 2521 644 2548 ΟΒ’.

355 2567 419 2600 Τοῖς
437 2567 615 2599 ἐπισκόποις
628 2566 676 2601 (θ).

165 2612 331 2647 Ἀνδρόνικος
344 2613 393 2647 τὴν
414 2611 576 2647 Ἐκκλησίαν
585 2611 754 2646 ψευσάμενος
765 2611 912 2647 ἀληθευού-

125 2666 175 2693 σης
193 2659 276 2693 αὐτῆς
303 2658 469 2694 πειραθήτω.
484 2657 600 2694 Πρὼην,
624 2657 700 2685 οὔπω
717 2658 787 2685 πάνυ
803 2657 910 2693 πρώην,

964 262 1097 294 coluerit.
1113 267 1140 289 et
1158 262 1231 289 dictu
1248 261 1290 289 fas
1304 267 1358 293 est,
1373 266 1400 289 et
1416 263 1599 289 verissimum.
1617 261 1701 298 Igitur
1721 267 1751 289 tu

964 316 1038 338 cuiu.
1055 307 1169 343 perinde
1183 315 1216 334 ac
1231 308 1320 335 virum
1341 308 1457 343 probum
1488 308 1653 340 honorabis;
1668 314 1751 342 quam

965 361 1030 380 vero
1042 353 1244 381 accusationem
1257 354 1389 388 suscepit,
1401 361 1433 380 ea
1442 353 1527 380 fatum
1538 361 1619 381 suum
1631 353 1750 387 expleat.

964 399 1108 434 Nunquam
1123 399 1195 427 enim
1204 399 1383 434 quantumvis
1392 399 1495 434 justam
1508 407 1602 427 necem
1614 398 1751 435 attigeris.

1222 467 1388 495 EPISTOLA
1404 467 1496 494 LXIX.

1311 513 1414 540 Eidem.

1001 560 1049 588 Est
1073 567 1137 587 vero
1161 559 1210 586 tibi
1237 567 1310 586 cura:
1339 558 1516 594 Pentapolis,
1548 563 1591 586 est
1615 557 1750 593 profecto.

965 605 1100 639 Quocirca
1118 606 1242 640 publicas
1258 605 1364 632 litteras
1379 605 1463 638 leges.
1481 603 1534 632 Sed
1553 604 1632 639 plura
1646 609 1674 632 et
1689 612 1752 639 gra-

965 651 1042 677 viora
1057 650 1191 677 incidisse
1204 650 1285 682 mala.
1303 657 1385 684 quam
1399 656 1516 684 quorum
1533 654 1634 677 metum
1654 650 1752 677 litterae

966 696 1140 729 denuntiant,
1155 695 1189 723 de
1202 703 1235 723 eo
1249 703 1409 730 cognosces,
1426 696 1472 730 qui
1488 696 1550 723 illas
1571 696 1679 723 detulit.
1702 695 1752 722 Hic

965 741 1040 768 enim
1058 741 1152 768 auxilii
1165 741 1229 768 inde
1242 741 1397 776 postulandi
1418 741 1506 777 gratia
1527 741 1667 776 profectus
1698 746 1751 768 est.

966 787 1001 813 At
1015 786 1110 814 hostes
1123 794 1158 814 ne
1171 786 1325 822 digressum
1337 786 1447 821 quidem
1461 786 1534 814 illius
1546 789 1751 821 exspectarum.

967 831 1014 859 sed
1030 831 1106 866 prius
1123 836 1234 865 repente
1249 834 1304 857 tota
1320 831 1430 865 regione
1445 830 1538 858 diffusi
1563 833 1637 857 sunt.
1653 831 1752 856 Actum

966 876 1000 904 de
1015 876 1143 903 omnibus
1161 880 1220 908 est;
1239 876 1346 910 periere
1361 875 1485 903 funditus
1498 875 1591 903 omnia
1607 875 1692 902 :solze
1707 882 1753 901 ur-

964 921 1014 949 bes
1036 921 1126 949 adhuc
1149 921 1280 956 reliquie;
1305 926 1389 956 atque
1406 920 1440 948 ad
1461 921 1513 948 boc
1527 927 1616 955 usque
1633 923 1751 954 tempus.

964 975 1020 1002 quo
1032 967 1197 999 scribimus,
1217 967 1330 1002 reliqua
1351 976 1358 994 :
1383 966 1450 1002 quid
1473 966 1598 1001 sequenti
1618 965 1662 993 die
1675 972 1754 993 creu-

965 1016 1056 1040 turum
1070 1013 1116 1045 sit,
1131 1013 1209 1040 novit
1225 1012 1305 1040 Deus.
1324 1012 1364 1039 Ad
1383 1013 1442 1039 haec
1458 1013 1587 1047 precibus
1612 1012 1666 1039 luis
1682 1017 1752 1046 opus

963 1062 1017 1091 est,
1048 1059 1094 1089 iis.
1113 1059 1237 1094 inquam,
1250 1059 1395 1093 precibus,
1419 1065 1480 1093 qua!
1501 1058 1583 1085 Deum
1600 1057 1710 1084 flectere
1720 1064 1752 1083 ac

964 1105 1089 1140 mitigare
1112 1105 1212 1133 solent.
1243 1104 1374 1140 Equidem
1396 1104 1497 1139 sepius
1522 1107 1549 1130 et
1573 1102 1699 1138 privatim
1724 1106 1752 1128 et

965 1150 1072 1185 publice
1085 1150 1188 1178 frustra
1208 1158 1269 1178 sum
1284 1150 1458 1185 deprecatus.
1469 1148 1540 1182 Quid
1555 1148 1656 1175 frustra
1672 1147 1753 1174 dico?

964 1195 994 1223 ln
1015 1196 1184 1223 contrarium
1214 1195 1279 1222 mihi
1299 1189 1445 1222 vertuntur
1469 1193 1570 1220 omnia.
1589 1192 1626 1219 Ea
1642 1192 1752 1219 demum

964 1246 1140 1276 peccatorum
1153 1243 1180 1268 et
1195 1241 1319 1275 gravium
1334 1244 1361 1267 et
1379 1240 1528 1267 multorum
1553 1237 1677 1266 conditio
1700 1241 1751 1264 est.

1227 1307 1397 1335 EPISTOLA
1412 1307 1493 1335 LXX.

1306 1353 1415 1381 Proclo.

999 1399 1087 1427 Nullae
1103 1399 1168 1427 mihi
1197 1399 1340 1434 superiore
1354 1407 1427 1427 anno
1442 1407 1457 1426 a
1473 1405 1550 1426 sacra
1568 1398 1650 1433 218
1671 1405 1752 1425 manu

966 1451 1011 1473 tua
1028 1446 1117 1472 allata:
1132 1449 1198 1473 sunt
1211 1445 1319 1472 litterat.
1337 1444 1370 1472 Et
1385 1445 1436 1472 hoc
1452 1445 1522 1472 inter
1539 1444 1618 1477 alias,
1634 1451 1695 1479 qua:
1706 1444 1754 1472 illo

965 1491 1029 1518 mihi
1046 1497 1169 1526 tempore
1188 1490 1326 1522 accidere,
1345 1489 1533 1523 difficultates,
1553 1497 1568 1516 a
1589 1497 1632 1516 me
1647 1493 1690 1516 est
1702 1496 1754 1516 nu-

964 1541 1111 1564 meratum.
1128 1535 1279 1563 Plurimum
1293 1535 1366 1562 enim
1395 1534 1605 1570 quamplurimis
1620 1535 1647 1561 in
1672 1534 1754 1562 rebus

964 1589 1014 1616 ego
1026 1581 1171 1615 superiore
1184 1588 1257 1614 anno
1272 1587 1418 1607 mcerorem
1432 1580 1537 1614 accepi.
1554 1579 1601 1607 sed
1616 1583 1644 1606 et
1663 1579 1754 1606 hieme

965 1627 1089 1663 proxima
1105 1626 1152 1661 qui
1169 1634 1240 1653 unus
1257 1625 1291 1653 ad
1309 1625 1436 1653 solatium
1451 1625 1572 1653 restabat
1587 1625 1659 1652 illius
1686 1632 1749 1652 cre-

964 1677 1028 1708 ptus
1045 1676 1098 1700 est.
1121 1672 1181 1699 lloc
1193 1671 1266 1699 cnim
1282 1675 1342 1698 erat
1357 1671 1383 1698 in
1399 1670 1472 1702 fatis.
1485 1674 1515 1697 ut
1530 1671 1650 1706 quandiu
1665 1671 1754 1698 vobis-

963 1726 1025 1746 cum
1048 1725 1183 1750 versarer,
1208 1717 1280 1744 felici
1304 1717 1332 1744 in
1351 1721 1424 1745 statu
1442 1724 1550 1750 essent;
1575 1717 1674 1744 absens
1688 1724 1754 1744 vero

963 1764 1105 1792 adversam
1123 1764 1259 1790 fortunam
1275 1763 1423 1798 experirer.
1446 1762 1530 1790 Detur
1554 1762 1633 1795 Inibi,
1648 1771 1753 1797 quaeso.

963 1810 1090 1838 solatium
1122 1808 1251 1844 aliquod;
1273 1809 1381 1844 paterni
1406 1812 1436 1836 ut
1455 1809 1554 1843 capitis
1581 1809 1619 1835 tui
1648 1809 1753 1835 litteras

963 1855 1107 1890 accipiam.
1133 1861 1250 1882 mercem
1288 1855 1428 1886 omnium,
1458 1861 1519 1889 quae
1540 1854 1714 1881 advehuntur
1737 1861 1753 1880 θ

963 1900 1093 1932 Thracia,
1110 1900 1190 1935 longe
1208 1899 1449 1935 pretiosissimam.

1222 1961 1392 1989 EPISTULA
1408 1961 1502 1989 LXXI.

1278 2008 1437 2044 Pylwmeni.

998 2063 1102 2099 Duplex
1128 2063 1162 2091 de
1186 2068 1213 2091 te
1234 2065 1349 2093 nuntius
1371 2065 1493 2093 affertur.
1526 2064 1631 2093 Idcirco
1657 2066 1752 2094 eodem

963 2113 1084 2144 tempore
1108 2109 1136 2136 in
1163 2108 1310 2137 Thraciam
1332 2113 1360 2137 et
1383 2111 1412 2138 in
1435 2109 1545 2139 Isauros
1558 2111 1662 2143 scribo,
1681 2116 1707 2138 ul
1725 2111 1753 2138 in

963 2163 1033 2182 unas
1046 2155 1142 2182 saltem
1155 2155 1309 2183 litterarqu
1324 2155 1441 2184 incidas.
1463 2156 1612 2184 Ambarum
1628 2165 1694 2184 vero
1707 2165 1751 2184 ar-

964 2204 1123 2236 gumentum
1148 2205 1201 2233 est,
1224 2201 1387 2229 charissimo
1408 2202 1474 2229 mihi
1498 2202 1582 2236 capiti
1608 2202 1752 2238 Pylmmeni

965 2246 1128 2281 philosopho
1143 2247 1259 2274 salutem
1272 2247 1417 2282 plurimam
1425 2247 1527 2276 dicere.
1542 2247 1661 2283 ldipsum
1678 2248 1751 2275 enim

965 2296 1017 2323 est,
1033 2292 1106 2322 velit.
1126 2292 1204 2319 nolit.
1222 2291 1290 2319 Nam
1309 2301 1448 2328 nunquam
1463 2293 1535 2328 quod
1558 2302 1573 2320 a
1595 2299 1692 2320 natura
1711 2293 1754 2320 in-

965 2337 1049 2364 situm
1070 2341 1113 2364 cst
1139 2338 1299 2372 pervincet;
1327 2346 1379 2366 nec
1405 2338 1490 2366 divini
1518 2339 1665 2366 scintillam
1680 2338 1752 2373 ignis

965 2382 1123 2418 cxslinguet
1137 2391 1145 2414 ;
1164 2383 1211 2410 sed
1228 2383 1374 2419 aliquando
1391 2391 1474 2420 prava
1484 2384 1658 2412 institutione
1671 2391 1753 2419 supe-

964 2429 1023 2457 rior
1041 2429 1118 2456 illum
1134 2429 1279 2457 excitabit.

1209 2524 1379 2552 EPISTOLA
1402 2524 1507 2552 LXX“.

1261 2570 1396 2605 Episcopis
1412 2571 1438 2606 (8
1440 2577 1461 2605 ).

1002 2614 1186 2649 Andronicus,
1203 2617 1249 2651 qui
1274 2616 1423 2644 Ecclesiam
1447 2615 1553 2649 fefellit,
1571 2624 1662 2645 veram
1680 2617 1752 2644 illam

963 2659 1132 2694 experiatur.
1156 2661 1232 2688 llaud
1255 2668 1342 2697 nuper
1366 2660 1512 2688 admodum
1536 2661 1565 2688 in
1585 2661 1671 2690 Deum
1688 2661 1754 2689 deli-

738 2746 831 2776 DION.
847 2746 985 2776 PETAVII
1000 2748 1116 2777 NOTE.

160 2823 201 2864 (8),
214 2822 321 2858 scrip“!
339 2822 400 2865 him?-
414 2827 457 2865 es}
471 2822 504 2849 ad
521 2823 677 2865 episcopos,
692 2828 836 2865 postquam
853 2824 908 2851 An-
961 2830 1085 2865 ostenso,
1105 2828 1213 2865 veniam
1236 2829 1280 2858 ille
1294 2828 1403 2865 quidem
1420 2830 1552 2865 obtinuit,
1570 2830 1619 2858 sed
1638 2837 1700 2859 mox
1716 2829 1752 2858 ad

124 2857 282 2892 dronicus,
302 2857 498 2886 ecclesiasticae
525 2857 773 2887 animadversionis
803 2863 908 2888 terrore

962 2860 1102 2896 ingenium
1127 2863 1219 2891 rediit.
