1955 3063
195 113 263 141 H35

742 114 878 144 SYNESII
895 114 939 143 ΡΤ
941 115 1129 145 OLEMAIDIS
1146 117 1303 147 EPISCOPI

1764 116 1835 144 M36

193 173 251 207 quit
268 182 274 199 :
293 173 508 201 contumeliosus
529 173 556 201 in
574 174 699 203 homines
716 174 776 202 fuit.
793 175 867 208 Quas
889 176 924 203 ob
945 183 989 204 res

1046 178 1164 214 ἡμαρτεν
1190 179 1231 210 είς
1254 178 1320 205 Θεόν
1337 186 1343 192 ·
1359 177 1501 214 ἐξύόρισεν
1524 177 1563 208 είς
1586 175 1766 212 ἀνθρώπους·
1788 176 1836 210 ἐφ’

195 223 318 246 nostram
341 219 382 246 illi
404 219 549 247 ecclesiam
572 220 798 252 intercludentes,
825 221 931 249 litteras
951 221 986 248 ad

196 263 393 291 fraternitatem
413 268 532 292 vestram
555 265 726 297 dictavimus,
744 265 847 300 quibus
863 269 986 294 nostram

195 310 229 338 de
245 310 292 337 illo
311 311 475 338 sententiam
499 312 731 348 signiticabamns.
749 311 851 339 Harum
877 312 988 340 missio-

196 364 259 384 nem
274 359 430 391 antevertit,
452 359 601 394 supplicem
617 366 648 386 se
666 366 727 386 esse
747 359 862 394 ﬁngens,
881 362 908 386 ct
930 365 987 393 pte-

197 403 340 430 niti-ntiam
358 404 531 438 promittens,
556 411 639 439 quam
663 411 758 431 omnes
780 403 987 436 admittendam,

197 455 253 475 uno
268 452 382 483 excepto
399 457 454 481 me,
469 453 647 477 censuerunt.
669 449 725 484 Ego
752 450 824 476 enim
841 457 921 476 nosse
940 456 989 484 pe-

198 494 274 521 nitus
290 493 427 521 hominem
450 494 573 525 videbar,
598 494 644 527 qui
661 495 773 529 quidvis
791 495 871 522 facile
886 495 991 522 diceret

199 546 233 566 ac
252 539 377 567 faceret:
394 539 476 574 idque
492 540 682 575 exspectabant
702 541 782 572 adeo,
808 548 839 567 ac
860 541 991 575 praedice-

199 583 274 616 bam,
294 584 416 619 qualibet
442 585 517 612 illum
538 585 573 613 de
598 592 682 612 causa
709 587 742 612 ad
768 585 907 620 ingenium
928 593 991 613 esse

200 629 353 657 rediturum
379 639 385 657 :
409 638 489 666 quem
513 631 605 658 minus
628 630 759 658 audacem
782 631 903 658 futurum
924 629 992 658 veri-

201 675 291 703 simile
307 675 386 708 l'oret,
399 676 520 711 quandiu
535 676 662 704 ccclesiis
679 680 820 704 teneretur
839 676 990 709 obnoxius;

200 721 288 749 multo
307 721 404 757 magis,
421 729 503 756 quam
520 722 543 750 si
556 722 624 750 nihil
639 722 664 750 ei
679 727 836 758 suspectum
853 722 992 756 relinque-

201 770 289 794 retur.
310 766 455 802 Propterea
480 767 520 794 sic
533 775 621 799 eram,
636 771 667 795 ut
688 768 716 795 in
733 767 845 795 decreto
862 767 990 803 persiste~

200 821 269 844 rem.
282 813 362 849 quasi
375 819 403 841 et
414 814 486 849 quod
502 813 536 841 ad
550 813 633 842 Deum
649 814 758 846 attinet,
780 813 950 848 religiosius,
965 816 993 840 et

201 859 273 894 quod
294 860 329 887 ad
355 859 431 888 cives
455 863 573 895 spectat,
597 860 693 888 utilius
717 867 749 887 ea
774 867 803 888 re
833 860 992 888 consulens.
1010 855 1031 882 Β

201 905 284 940 219
295 905 395 933 Verum
416 905 542 941 pluribus
566 913 651 933 unum
676 905 820 937 obsistere,
842 906 992 940 pervicacis

201 951 287 978 animi
311 955 371 985 cst;
400 951 558 979 senioribus
577 951 697 979 maxime
719 951 877 987 juniorem;
904 950 994 985 iisque

203 998 252 1034 qui
273 1001 383 1025 a-tatem
400 1005 478 1025 suam
491 998 518 1024 in
545 997 701 1025 sacerdotio
721 997 917 1029 contriverant,
930 1003 993 1024 eum

200 1043 250 1078 qui
272 1042 394 1071 nondum
410 1046 475 1070 ante
491 1042 564 1078 hunc
579 1049 682 1070 annum
696 1050 756 1070 eam
771 1049 827 1070 rem
843 1042 992 1076 attigisset.

201 1087 278 1115 Cossi
303 1086 395 1122 itaque
422 1087 654 1122 deprecantibus,
681 1092 712 1114 ut
739 1087 859 1115 nottdnm
887 1087 994 1114 litteras

202 1132 352 1165 mitterem,
372 1133 420 1161 sed
440 1140 472 1161 ea
496 1133 556 1167 lege
577 1133 737 1169 reciperem,
760 1137 790 1160 ut
814 1133 842 1161 in
867 1133 993 1167 ejusdem

203 1186 297 1207 secum
308 1178 477 1206 conditionis
494 1178 619 1206 homines
631 1186 685 1206 non
699 1179 817 1215 amplius
833 1178 951 1210 saeviret.
965 1181 995 1205 ut

202 1225 265 1253 vitae
280 1231 338 1253 sua!
351 1224 485 1252 rationem
504 1232 554 1259 pro
572 1224 779 1260 perturbatione
791 1224 889 1252 ducem
906 1223 994 1259 praeﬂ-

204 1275 288 1298 ceret.
312 1269 352 1297 Ac
378 1270 402 1297 si
431 1270 553 1305 quidem,
583 1270 699 1303 aiebam,
725 1270 796 1297 intra
823 1278 872 1298 eos
896 1270 995 1298 limites

205 1323 327 1348 maneas,
350 1323 420 1351 quos
442 1315 490 1343 tibi
509 1317 566 1351 ipse
589 1315 718 1351 posuisti,
744 1323 799 1343 non
815 1315 904 1344 solum
923 1323 995 1343 nunc

206 1369 256 1396 pro
270 1364 384 1397 peccato
404 1364 450 1387 tuo
472 1360 694 1395 deprecabimur,
713 1359 762 1388 sed
781 1360 815 1388 de
837 1364 938 1388 caetero
955 1364 997 1387 te-

205 1415 268 1434 cum
289 1414 344 1434 ttna
358 1406 544 1442 precabimur.
560 1405 609 1433 Sin
624 1406 801 1441 sponsionem
820 1405 896 1432 illam
913 1404 995 1433 defu-

207 1452 280 1486 geris
291 1471 299 1483 .
314 1458 395 1486 pcena
412 1451 563 1478 constituta
579 1455 717 1484 remanet;
738 1454 767 1478 et
784 1450 885 1486 ubique
907 1450 996 1485 publi-

207 1497 334 1524 cabitur:
353 1500 459 1524 tantum
481 1495 566 1524 dilata
584 1496 724 1532 temporis,
744 1502 878 1532 quantum
894 1496 927 1524 ad
944 1496 996 1525 hoc

207 1543 335 1574 sufﬁciat,
350 1545 381 1570 ut
403 1541 542 1577 ingenium
558 1546 635 1569 tuum
650 1541 869 1569 emendationem
892 1541 996 1569 nullam

208 1588 355 1616 admittere
370 1595 465 1616 omnes
482 1587 645 1623 intelligant.
666 1588 704 1614 Ita
721 1587 781 1615 ﬁeri
795 1587 909 1623 placuit.
923 1588 998 1623 ejus-

207 1641 262 1668 que
285 1634 326 1661 rei
348 1633 579 1669 experimentum,
605 1636 633 1660 et
659 1632 787 1660 daturmn
818 1641 848 1661 se
873 1633 942 1668 ipse,
971 1637 999 1661 et

207 1684 340 1715 capturos
363 1675 414 1706 nos
437 1686 499 1707 esse
526 1678 606 1706 dixit.
630 1678 707 1706 Dedit
727 1679 773 1706 ille
799 1687 874 1712 vero,
896 1684 924 1707 et
947 1686 998 1706 nos

207 1726 342 1760 cepimus.
371 1723 496 1760 Magnam
520 1724 553 1751 ad
580 1724 875 1752 excommunicationis
899 1732 999 1752 causas

208 1771 398 1799 accessionem
421 1770 496 1798 fecit.
510 1769 636 1796 Nondum
653 1773 756 1797 tentata
782 1774 841 1797 erat
861 1769 997 1797 bonorum

209 1817 386 1854 proscriptio,
398 1816 520 1844 nondum
532 1815 622 1842 caedes
634 1819 802 1850 perpetrata.
819 1816 906 1849 Quam
918 1815 996 1843 multi

210 1871 258 1898 per
271 1871 334 1891 eum
350 1866 474 1890 extorres
489 1861 570 1889 facti!
587 1869 668 1896 quam
686 1861 763 1888 multi
780 1865 860 1888 antea
876 1862 998 1897 locuple-

210 1915 251 1936 tes
273 1916 321 1944 per
339 1908 415 1935 illum
437 1907 471 1934 ad
491 1906 694 1934 mendicitatem
718 1906 838 1934 redactil
859 1906 912 1934 Sed
930 1907 999 1934 levia

210 1953 279 1985 haec,
297 1953 320 1980 si
336 1960 398 1980 eum
421 1952 586 1980 nobilissimi
607 1951 711 1987 Magni,
732 1951 782 1978 sed
797 1959 844 1987 per
863 1959 999 1980 summam

211 1998 402 2026 crudelitatem
435 1997 556 2030 sublati,
587 1997 662 2026 exitu
689 2001 894 2032 comparentur.
923 1997 1001 2025 ἔξιθι-ι

210 2043 358 2071 clarissimi
383 2043 435 2070 viri
459 2043 531 2070 ﬁlius
555 2042 634 2071 bonis
654 2043 781 2070 omnibus
807 2043 865 2071 suis
891 2043 918 2070 in
939 2044 1000 2071 fun-

211 2089 318 2116 ctiones
333 2088 491 2123 reipublicae
507 2087 626 2119 collatis,
644 2095 693 2123 per
713 2087 887 2115 occasionem
904 2096 1000 2115 susce-

212 2139 265 2170 pta:
281 2134 307 2161 in
327 2134 411 2161 alium
424 2133 534 2160 invidia:
548 2133 742 2161 miserabiliter
759 2134 923 2162 exstinctus.
943 2135 1001 2161 Au-

1039 222 1080 257 οἶς
1099 225 1313 257 ἀποκλείσαντες
1332 224 1407 260 αὐτῷ
1430 224 1482 259 τὴν
1500 223 1566 259 παρ’
1587 223 1655 258 ἡμῖν
1669 223 1834 258 ἐκκλησίαν,

1040 270 1270 306 ὑπηγορεύσαμεν
1303 270 1372 305 πρὸς
1408 269 1458 305 τὴν
1491 269 1628 304 ὑμετέραν
1663 268 1835 304 ἀδελφότητα

1040 317 1203 352 γράμματα,
1220 316 1270 351 τὴν
1287 317 1330 342 ἐπ’
1347 315 1421 351 αὐτῷ
1435 315 1548 350 γνώμην
1560 314 1706 351 μηνύοντα.
1723 314 1834 341 Τούτων

1040 361 1142 396 ἔφθασε
1155 363 1204 397 τὴν
1217 361 1368 395 ἀποστολὴν
1386 360 1441 396 [γρ.
1462 360 1590 396 ἐπιστο,],
1609 360 1726 387 ἱκετείαν
1744 368 1833 395 προσ-

1041 407 1238 443 ποιησάμενος,
1258 408 1304 434 καὶ
1321 407 1464 442 μετάνοιαν
1479 407 1662 442 ὑποσχόμενος
1673 428 1681 440 ,
1698 408 1733 442 ἢν
1747 408 1835 434 ᾶπαν-

1041 459 1086 481 τες
1101 450 1193 485 ἠξίουν
1205 459 1238 486 με
1248 451 1383 486 δέχεσθαι,
1395 450 1464 486 πλὴν
1479 451 1555 486 ἐμοῦ.
1570 451 1640 486 Ἐγὼ
1654 451 1709 487 γὰρ
1723 452 1835 478 ἐδόκουν

1043 495 1137 529 σαφῶς
1153 496 1378 531 κατανενοηκέναι
1393 496 1439 523 τὸν
1455 497 1610 532 ἄνθρωπον,
1627 497 1717 524 πάντα
1742 497 1834 533 ῥᾴδιον

1043 542 1130 568 εἰπεῖν
1144 542 1192 568 καὶ
1207 544 1318 577 ποιῆσαι
1328 542 1389 568 ’καὶ
1398 543 1600 578 προσεδεχόμην
1613 551 1654 574 τε,
1663 543 1711 569 καὶ
1723 542 1834 578 προῦλε-

1043 595 1100 621 γον,
1121 587 1158 619 ὡς
1176 588 1209 614 ἐκ
1223 588 1273 623 τῆς
1287 588 1421 622 τυχούσης
1441 589 1532 620 αἰτίας
1556 589 1596 620 είς
1618 589 1668 624 τὴν
1683 588 1764 623 φύσιν
1785 589 1836 615 ἐπ-

1044 633 1217 660 ανελεύσεται
1231 642 1237 648 ·
1254 634 1284 660 ὄν
1299 642 1330 668 γε
1345 633 1418 665 εἰκὸς
1432 633 1617 670 ἀτολμότερον
1626 633 1736 660 ἔσεσθαι
1750 641 1835 668 προσ-

1044 679 1181 713 κεκυφότα
1204 681 1264 711 ταῖς
1283 679 1457 716 Ἐκκλησίαις
1481 680 1547 707 πολὺ
1568 680 1678 715 μίέλλον1
1696 679 1713 714 ἢ
1730 681 1755 706 εί
1780 688 1835 714 μη-

1044 725 1088 752 δὲν
1110 725 1229 752 ὕποπτον
1253 725 1327 761 αὐτῷ
1346 726 1531 753 κατελείπετο.
1552 726 1601 753 Διά
1615 725 1701 753 ταῦτα
1715 726 1765 761 μὲν
1779 723 1837 757 οἶος

1044 768 1078 805 ἦν
1095 771 1297 806 ἐγκαρτερῆσαι
1311 771 1350 806 τῷ
1371 771 1502 807 δόγματι,
1525 771 1563 803 ὡς
1580 771 1638 806 ἅμα
1658 770 1693 797 τά
1715 778 1746 796 τε
1768 770 1837 805 πρὸς

1045 816 1111 843 Θεὺν
1128 815 1320 852 εὐσεϐέστερον
1340 816 1562 852 βουλευσάμενος,
1578 816 1626 842 καὶ
1640 815 1675 842 τά
1687 815 1758 850 πρὸς
1771 815 1839 846 τοὺς

1045 862 1156 893 πολίτας
1172 861 1393 898 ὠφελιμώτερον.
1424 862 1493 889 Ἀλλ’
1511 862 1605 897 ίταμὺν
1628 861 1683 897 γὰρ
1696 861 1838 896 ἀντισχεῖν

1043 906 1091 933 Eva.
1122 906 1245 938 πολλοῐς,
1269 906 1458 943 παλαιοτέροις
1475 906 1606 942 νεώτερον
1618 926 1626 938 ,
1646 905 1838 941 προσδεδαπα-

1043 951 1139 987 νηκόσι
1164 951 1210 979 τδν
1232 952 1290 987 βίον
1310 951 1445 988 ἱερωσύνῃ
1463 952 1509 978 τὸν
1522 951 1599 978 οὔπω
1615 951 1731 987 πέρυσιν
1743 951 1837 986 ἡμμέ-

1043 1004 1088 1023 νον
1105 995 1154 1023 τοῦ
1167 997 1340 1032 πράγματος.
1358 994 1417 1029 εἶξα
1430 997 1580 1032 δεομένοις,
1600 998 1684 1032 μήπω
1697 996 1838 1032 περιπέμ-

1043 1040 1093 1075 ψαι
1112 1040 1148 1067 τὰ
1171 1041 1339 1076 γράμματα,
1356 1040 1483 1073 δέξασθαι
1502 1041 1531 1068 δὲ
1554 1040 1601 1067 ἐπὶ
1626 1041 1729 1076 ῥητοῖς,
1753 1041 1798 1074 ἐφ’
1816 1037 1839 1074 ᾧ

1045 1087 1146 1123 μηκέτι
1161 1088 1286 1123 μανεῖται
1298 1087 1368 1114 κατά
1381 1087 1435 1114 τῶν
1446 1087 1600 1123 ὁμοτίμωνο
1614 1084 1760 1122 ἐφ’ᾧνοῦν
1775 1087 1840 1114 ἀντὶ

1045 1132 1147 1165 πάθους
1160 1131 1208 1160 τοῦ
1228 1132 1286 1168 βίου
1313 1133 1507 1169 προστήσεται.
1522 1132 1582 1159 Κᾶν
1598 1132 1658 1168 μὲν,
1674 1132 1753 1167 ἔφην.
1771 1133 1840 1158 εἵσω

1047 1177 1130 1214 μένῃς
1142 1177 1196 1205 τῶν
1216 1179 1297 1214 ὅρων,
1317 1178 1364 1210 οὓς
1375 1178 1446 1211 ἔθου,
1460 1176 1507 1204 νῦν
1517 1186 1547 1204 τε
1561 1177 1769 1213 ὑπερευξόμεθά
1791 1185 1839 1204 σου

1045 1224 1094 1259 τῆς
1122 1224 1270 1260 ἁμαρτίας,
1287 1225 1335 1251 καὶ
1346 1224 1394 1251 τοῦ
1408 1223 1502 1251 λοιποῦ
1523 1223 1707 1258 συνευξάμεθα
1717 1231 1724 1238 ·
1740 1224 1841 1250 ἀναδυ-

1047 1269 1158 1305 σαμένῳ
1171 1269 1200 1296 δέ
1215 1269 1249 1297 τά
1274 1270 1324 1305 τῆς
1346 1269 1492 1305 ὁμολογίας
1514 1269 1608 1305 ἠδίκη
1631 1269 1716 1304 μένει.
1732 1269 1780 1296 καὶ
1799 1270 1841 1300 εἰς

1048 1314 1156 1343 ἅπαντα
1179 1314 1422 1350 δημοσιευθήσεται
1433 1335 1440 1347 ,
1455 1314 1581 1341 τοσοῦτον
1597 1314 1760 1341 ἀνατεθείσα
1775 1315 1840 1349 χρό-

1048 1368 1103 1391 νον,
1116 1360 1177 1387 ὅσον
1202 1360 1310 1395 ἐλέγξαι
1338 1369 1385 1387 σου
1406 1360 1452 1387 τὸν
1478 1360 1577 1396 τρόπον
1602 1359 1838 1395 ἀνεπανόρθωτον.

1048 1405 1141 1438 Ἔδοξε
1155 1405 1252 1437 ταῦτα,
1270 1405 1318 1433 καὶ
1337 1407 1436 1442 πεῖραν
1453 1406 1535 1438 αὑτός
1553 1415 1584 1433 τε
1599 1406 1651 1442 ἔφη
1662 1406 1770 1438 δώσειν,
1792 1406 1841 1432 καὶ

1046 1452 1120 1486 ἡμᾶς
1140 1450 1284 1486 λήψεσθαι.
1306 1451 1427 1484 Δέδωκε,
1444 1453 1491 1479 καὶ
1506 1451 1669 1487 εἰλήφαμεν.
1692 1452 1840 1486 Ἐπεδαψι-

1046 1496 1160 1524 λεύσατο
1193 1498 1251 1530 ταῖς
1275 1497 1420 1524 ὑποθέσεσι
1446 1498 1496 1534 τῆς
1521 1498 1727 1533 ἀποκηρύξεως.
1756 1497 1841 1525 Οὔπω

1048 1541 1108 1569 τότε
1128 1542 1259 1578 δήμευσις
1279 1543 1459 1578 ἐτετόλμητο·
1477 1543 1552 1570 οὖπω
1570 1543 1630 1570 τότε
1653 1544 1734 1578 φόνος
1749 1544 1842 1570 ἐνεκε-

1048 1587 1166 1624 χείρητο.
1187 1588 1267 1615 Πόσοι
1295 1588 1339 1615 διὰ
1362 1588 1465 1616 τούτων
1488 1589 1585 1625 ἀλῆται
1606 1590 1644 1623 (9)
1662 1599 1669 1622 ;
1685 1590 1765 1617 πόσοι
1786 1591 1842 1617 τῶν

1048 1633 1144 1669 πρώην
1154 1633 1193 1660 ἔτι
1206 1634 1383 1670 κτηματικῶν
1394 1635 1438 1662 διὰ
1445 1635 1540 1662 τοῦτον
1553 1635 1750 1671 πτωχεύουσιν,
1760 1637 1842 1663 Ἀλλὰ

1050 1679 1136 1715 μικρὰ
1155 1679 1242 1707 ταῦτα
1254 1679 1322 1716 πρὸς
1335 1680 1380 1707 τὸν
1394 1678 1424 1708 εὖ
1438 1682 1489 1716 μὲν
1504 1682 1635 1716 γεγονότα
1649 1682 1772 1716 Μάγνον,
1791 1691 1841 1710 κα-

1048 1726 1104 1758 κῶς
1130 1725 1159 1752 δέ
1184 1726 1360 1761 ἀπολόμενον.
1377 1727 1471 1754 Κείται
1489 1728 1555 1759 παῖς
1568 1728 1664 1763 ἀνδρὸς
1679 1728 1842 1763 λαμπροτά-

1047 1780 1106 1804 του,
1121 1772 1206 1799 ἀπασι
1232 1773 1289 1804 τοῖς
1311 1771 1370 1800 οὖσι
1386 1773 1618 1809 λελειτουργηκὼς
1640 1776 1673 1810 τῇ
1687 1774 1776 1806 πόλει,
1794 1774 1842 1801 τοῦ

1049 1818 1118 1854 πρὸς
1139 1819 1233 1854 ἓτερον
1256 1819 1354 1854 φθόνου
1369 1819 1490 1854 γεγονὼς
1513 1820 1712 1856 παρανάλωμα.
1736 1821 1843 1856 ᾘτεῖτο

1048 1865 1170 1901 χρυσίον,
1181 1865 1195 1891 ὃ
1208 1865 1244 1901 μὴ
1263 1865 1349 1897 διδοὺς
1367 1865 1498 1892 ἐτύπτετο
1508 1873 1516 1880 ·
1531 1867 1579 1893 καὶ
1591 1865 1689 1898 διδοὺς,
1700 1867 1742 1893 ὅτι
1759 1867 1844 1901 πόρον

1048 1910 1170 1946 ἐξεῦρεν,
1181 1911 1321 1938 ἐτύπτετο.
1333 1911 1366 1938 Τί
1375 1911 1429 1947 γάρ
1443 1911 1496 1944 ;οὑ
1508 1913 1563 1944 τοῖς
1578 1912 1660 1939 αὑτοῦ
1676 1912 1765 1947 φίλοις
1773 1913 1842 1947 (i0),

1048 1957 1117 1984 ἀλλὰ
1132 1957 1170 1992 τῷ
1183 1957 1328 1993 στρατηγῷ
1337 1957 1382 1984 τὸν
1396 1957 1481 1994 ἀγρὸν
1496 1958 1611 1985 ἀπέδοτο
1619 1957 1677 1994 [περ.
1693 1958 1843 1990 ἐπεδίδοτο,

1049 2002 1066 2038 ἢ
1085 2002 1235 2034 ἀπεδίδοτο,
1255 2002 1271 2037 ἢ
1290 2002 1458 2039 ἀποδέδοτῆ.
1472 1994 1587 2038 Δακρύω
1605 2003 1654 2038 μὲν
1666 2002 1722 2037 ἐγὼ
1732 2003 1782 2029 καὶ
1794 2003 1845 2038 τὴν

1050 2047 1290 2083 παρανομηθεῖσαν
1304 2048 1427 2084 νεότητα,
1444 2048 1491 2075 καὶ
1507 2048 1555 2080 τὰς
1570 2049 1614 2076 ἐπ’
1637 2049 1706 2084 αὑτῇ
1724 2049 1844 2084 ματαίας

1050 2094 1161 2126 ἐλπίδας
1179 2094 1230 2128 τῆς
1247 2094 1360 2126 πόλεως.
1385 2094 1465 2122 Ἀλλὰ
1482 2094 1532 2129 τῆς
1548 2094 1654 2121 ἐκείνου
1664 2095 1802 2130 νεότητος.
1814 2094 1845 2121 τδ

1050 2139 1099 2174 τῆς
1119 2139 1220 2174 μητρὸς
1236 2139 1325 2175 γῆρας
1344 2139 1535 2176 ἐλεεινότερον,
1559 2140 1599 2166 ὅτι
1614 2139 1687 2167 δυοῖν
1705 2140 1843 2176 ἀρρένων,

211 2185 272 2207 rum
292 2179 474 2213 poscebatur;
491 2177 564 2212 quod
577 2185 640 2206 cum
655 2178 767 2205 minime
785 2178 874 2212 daret,
889 2181 995 2214 vapula-

1050 2186 1064 2212 ὸ
1080 2186 1129 2220 μὲν
1144 2185 1246 2221 οἴχεται
1265 2186 1353 2220 φυγὰς
1368 2186 1401 2212 δι’
1426 2186 1593 2222 Ἀνδρόνικον
1604 2207 1612 2219 ,
1629 2187 1676 2213 καί
1695 2186 1757 2212 οὐδὲ
1774 2184 1844 2213 οἶδεν

213 2225 259 2252 bat
287 2232 375 2252 :cum
406 2224 549 2256 dedisset,
585 2224 783 2256 nihilominus,
811 2225 883 2260 quod
913 2226 1000 2254 conii-

212 2271 315 2299 cieudaa
339 2270 462 2305 pecunia:
487 2270 620 2297 rationem
642 2270 810 2302 invenisset,
841 2272 999 2306 vapulabat.

197 2347 199 2349 ,
213 2318 284 2352 Quid
303 2316 396 2345 enim?
412 2323 465 2344 non
481 2315 578 2343 amicis
592 2316 660 2349 suis,
677 2316 724 2343 sed
741 2316 806 2343 duci
824 2324 920 2352 agrum
935 2326 998 2345 ven-

213 2363 291 2390 didit.
307 2362 363 2397 Ego
378 2361 489 2397 quidem
505 2361 713 2396 etjuventutem
726 2361 839 2397 deploro
852 2367 907 2391 tam
928 2364 1001 2392 indi-

213 2417 264 2444 gne
283 2409 462 2442 habitam;ct
478 2408 573 2436 inanes
588 2407 621 2435 de
635 2415 668 2435 ea
688 2416 761 2443 spes.
784 2408 837 2436 Sed
858 2409 933 2438 illius
953 2410 1000 2445 ju-

213 2459 336 2488 ventute,
361 2454 456 2482 matris
471 2459 514 2482 est
537 2458 665 2482 senectus
684 2453 859 2482 miseratione
878 2454 998 2490 dignior,

213 2502 256 2529 cui
272 2502 306 2529 de
320 2501 428 2529 duobus
446 2501 570 2528 maribus
591 2501 660 2528 alter
675 2504 787 2536 propter
806 2501 997 2531 Andronicum

1051 2227 1079 2257 οἷ
1093 2231 1162 2265 γῆς·
1186 2230 1231 2257 τὸν
1256 2231 1284 2257 δέ
1301 2229 1370 2258 οἶδεν
1394 2228 1422 2258 οἷ
1436 2231 1489 2266 γῆς
1515 2231 1701 2267 κατορώρυχε.
1718 2231 1773 2258 Φεῦ
1790 2232 1844 2259 τῶν

1051 2276 1142 2311 νόμων
1165 2276 1221 2303 ⁴τῶν
1242 2276 1488 2312 συναδικουμένων,
1509 2278 1575 2312 παρ’
1589 2277 1637 2309 οὓς
1662 2278 1777 2313 ἄρχουσι
1794 2278 1843 2313 τῆς

1052 2321 1172 2348 ἐαυτῶψ
1190 2322 1256 2358 παρ’
1272 2321 1320 2353 οὓς
1343 2323 1386 2349 ἐπ’
1410 2323 1481 2358 ἀρχῇ
1508 2322 1672 2354 δανείζονται
1702 2325 1840 2358 χρήματα.

1051 2367 1160 2394 Τούτων
1178 2367 1229 2403 μὲν
1252 2365 1299 2395 οὖν
1327 2367 1440 2404 ἐτέρους
1466 2368 1633 2404 ἐπιμελητὰς
1653 2369 1667 2395 ό
1682 2368 1751 2400 Θεὸς
1773 2367 1842 2396 εἶναι

1054 2412 1195 2448 βούλεται·
1208 2413 1274 2448 ἡμῖν
1297 2413 1326 2440 δὲ
1347 2413 1454 2449 ἀπόχρη
1479 2413 1642 2450 καθαρεύειν
1654 2415 1686 2440 ἐν
1700 2414 1842 2450 καθαροῖς,

1053 2460 1100 2487 ἐὰν
1113 2460 1166 2495 ἄρα
1189 2459 1331 2495 δυνώμεθα
1360 2460 1451 2496 μένειν
1468 2461 1535 2487 εῐσω
1555 2460 1610 2487 τῶν
1624 2460 1777 2496 περιῆὀλων
1791 2463 1844 2488 τῶν

1054 2505 1150 2541 ιερῶν,
1162 2505 1316 2532 ἀποκλείειν
1327 2514 1358 2532 τε
1378 2507 1434 2538 τοῖς
1452 2505 1562 2540 ἐναγέσι
1577 2506 1611 2532 τά
1636 2506 1840 2546 παναγέστατα.

214 2549 332 2581 exsulat,
347 2555 398 2576 nec
412 2547 523 2576 ubinam
539 2550 676 2576 terrarum
698 2552 823 2576 versetur
842 2549 887 2577 illa
901 2550 998 2578 novit:
1017 2552 1133 2580 alterum
1160 2552 1215 2579 scit
1248 2551 1296 2579 ubi
1333 2555 1470 2581 terrarum
1494 2551 1641 2580 deioderit.
1665 2551 1743 2580 Heul
1770 2554 1842 2589 leges

827 2625 919 2654 DION.
941 2627 1080 2657 PETAVII
1099 2629 1217 2657 NUTA‘I.

253 2706 291 2741 (9)
307 2706 399 2734 Πόσοι
413 2706 462 2734 διὰ
481 2707 588 2734 τοῦτον
601 2706 720 2741 ἀλῆται.
734 2707 906 2734 Conveniunt
923 2708 949 2735 in
966 2716 999 2736 ea

217 2748 283 2768 voce
305 2749 502 2782 ιιιεεεοιιιηεκ
525 2749 610 2777 quare
624 2742 807 2777 recipiendam
828 2743 999 2771 existimavi-

218 2783 279 2803 mus
296 2783 345 2809 pro
359 2784 477 2803 αλωνται
482 2796 487 2802 .

255 2810 310 2846 (10)
333 2811 363 2838 TI
380 2810 451 2846 7'dp,‘
477 2812 512 2838 οὐ
541 2811 600 2844 τοῖς
622 2812 714 2839 αυτοῦ
737 2812 845 2846 φίλοις.
870 2811 1001 2848 Perplexa

1053 2712 1199 2749 sententia.
1226 2711 1307 2740 Forte
1330 2713 1474 2749 τοιγαροῦν
1502 2714 1533 2741 οὐ
1564 2715 1621 2746 τοῖς
1643 2714 1729 2742 αὑτοῦ
1746 2715 1843 2749 φίλοις,

1055 2747 1107 2774 hoc
1123 2755 1223 2777 sensu.
1254 2753 1285 2775 ut
1304 2747 1400 2775 aurum
1413 2747 1491 2776 'illud
1506 2749 1655 2782 penderet,
1671 2747 1791 2779 coactus
1805 2755 1844 2778 est

1055 2782 1218 2817 provinciali
1233 2782 1362 2818 prirl‘ccto
1375 2791 1468 2819 agrum
1482 2791 1562 2812 suum
1578 2785 1655 2812 dare.
