1955 3063
102 158 114 184 ί
120 158 170 184 437

652 158 844 192 ΕΡΞΒΤΟΗΕ.
859 180 894 186 —
915 165 1023 195 EPIST.
1046 166 1159 196 LXXIII.

1655 151 1725 199 I138

100 217 195 245 eadem
212 217 314 253 injuria
329 218 461 253 pulsatae.
477 223 574 247 contra
600 227 669 254 quas
687 222 782 256 patrita
799 230 857 250 suae
875 223 1012 259 imperant
1028 233 1035 252 :
1053 229 1149 253 contra
1171 233 1240 261 quas
1264 229 1396 261 pecunias
1416 229 1450 256 ad
1470 229 1585 256 emenda
1611 227 1727 262 imperia

101 264 271 293 tenerentur.
299 265 353 294 Sed
378 266 475 292 harum
502 267 633 294 custodes
669 275 730 295 esse
752 268 810 295 vult
827 269 896 296 alios
920 269 1009 302 Deus;
1024 271 1102 299 nobis
1120 272 1194 300 inter
1212 281 1295 308 puros
1311 274 1390 309 puris
1401 282 1463 302 esse
1484 274 1583 302 sutiieit
1601 283 1607 300 :
1628 274 1651 301 si
1665 274 1728 308 qui-

101 311 161 340 dem
185 312 257 339 intra
274 320 354 340 sacra
378 316 454 347 septa
474 320 635 347 permanere
657 314 806 348 possimus.
824 318 851 342 et
872 315 1050 344 exsecrandis
1070 317 1227 346 hominibus
1247 320 1430 347 sanctissimis
1454 327 1486 346 ac
1509 319 1728 354 religiosissimis

102 359 185 386 rebus
201 358 376 386 interdicere.

367 403 540 430 ΕΠΙΣΤΟΛΗ
560 404 619 431 οΓ’.

435 450 556 483 Τρωΐλῳ.

136 494 172 522 Σὺ
188 495 242 531 γὰρ
258 494 292 530 δὴ
317 495 366 522 καὶ
393 495 537 530 φιλόσοφος
549 493 575 522 εἴ
590 495 657 531 (II),
672 496 720 524 καῖ
738 497 889 532 φιλάνθρω-

101 550 161 573 πος.
176 541 221 568 Σοί
237 549 271 576 με
285 540 326 568 δεῖ
337 541 628 576 προσανακλαύσασθαι
640 542 690 574 τὰς
701 543 750 577 τῆς
766 543 890 576 ἐνεγκού-

102 594 152 621 σης
180 586 323 621 συμφορᾶς
340 585 398 622 [γρ.
421 595 454 621 με
472 586 550 623 συμ.]
562 596 568 603 ·
583 588 615 623 ἢν
628 588 754 623 τιμήσεις
768 588 827 623 μὲν,
846 588 890 615 διὰ

102 632 216 667 πολίτην
242 631 386 667 φιλόσοφον
397 640 403 647 ·
420 632 542 667 ὲλεήσεις
555 633 594 665 δὲ,
613 633 657 660 διὰ
676 633 707 660 τὸ
725 634 774 669 τῆς
790 633 889 660 σαυτοῦ

102 679 210 713 φύσεως
231 679 335 714 ἥμερον
347 686 354 693 ⁸
371 678 406 705 δι’
420 679 563 714 ἀμφότερα
574 679 603 706 δὲ
623 679 757 706 πεσοῦσαν
769 679 891 716 ἀνορθῶ-

103 732 148 751 σαι
165 723 294 760 πειράσῃ.
318 723 436 751 Δύνασαι
449 723 488 754 δὲ.
502 724 596 759 ἐπειδὴ
619 723 715 756 σώζειν
732 725 782 757 τὰς
798 725 891 758 πόλεις

108 769 248 804 Ἀνθέμιος
257 769 335 805 (11⁸).
346 770 392 796 καὶ
401 769 481 804 φύσιν
491 770 557 805 ἔχει,
565 770 611 797 καὶ
620 770 715 806 τύχην,
725 771 770 798 καὶ
782 771 889 807 τέχνην.

101 811 124 848 ᾧ
142 813 247 840 πολλῶν
259 813 437 849 ὑπαρξάντων
451 815 491 846 είς
514 814 593 841 τοῦτο
607 816 682 851 παρὰ
696 815 774 848 Θεοῦ,
793 816 822 842 τὸ
842 816 890 852 μὲ-

102 869 194 895 γιστον
206 860 308 893 ἀγαθὸν
323 861 348 887 οἱ
371 860 458 894 φίλοι,
474 861 521 888 καὶ
537 860 638 888 τούτων
662 862 782 897 Τρωΐλος
796 862 826 888 τὸ
843 862 891 897 μέ-

102 912 205 938 γιστον.
223 904 316 936 Ὅπως
335 902 382 931 οὖν
409 905 446 941 μὴ
465 905 545 939 μόνον
562 906 610 937 τὰς
635 905 712 940 ὄψεις
739 905 890 940 ἐπιϐαλεῖς,

101 950 170 976 ἀλλὰ
188 949 234 976 καὶ
245 949 289 976 τὸν
301 949 363 976 νοῦν
373 951 443 978 πάνυ
463 951 564 987 σφόδρα
581 951 723 986 προσέξεις
733 953 788 983 τοῖς
800 952 891 987 γράμ-

104 1003 196 1030 μασιν,
210 993 247 1022 ὧν
271 995 326 1030 ἐγὼ
350 996 436 1023 πολλὰ
460 996 629 1024 κατέσπεισα
654 997 769 1032 δάκρυα.
787 997 820 1024 Τί
834 998 889 1033 γὰρ

102 1041 135 1076 δὴ
147 1041 276 1068 Φοινίκων
302 1042 352 1076 μὲν
376 1041 432 1078 (12)
455 1043 505 1069 οὐκ
527 1042 642 1078 ἄρχουσι
670 1043 802 1076 Φοίνικες,
829 1044 889 1071 οὐδὲ

102 1087 275 1122 Κοιλοσύρων
303 1087 479 1124 Κοιλόσυροι,
494 1077 637 1122 Αἰγύπτιοι
652 1089 681 1116 δὲ
706 1090 796 1125 πάσης
821 1090 891 1125 μᾶλ-
908 1077 929 1105 η

103 1130 164 1163 λον,
180 1131 197 1166 ἤ
212 1131 262 1166 τῆς
273 1132 395 1165 ᾱαυτῶν,
409 1133 506 1165 Λίϐυες
520 1133 550 1159 δὲ
571 1133 645 1169 μόνοι
663 1136 713 1170 τῆς
737 1135 841 1162 ἑαυτῶν
853 1145 861 1169 ;
872 1136 889 1171 ἢ

104 1177 180 1212 μόνοι
212 1177 313 1210 Λίσυές
337 1178 406 1204 εἰσιν
419 1178 613 1214 ἀνδρειότατοι,
630 1180 677 1207 καὶ
694 1182 793 1216 χωρεῖν
809 1181 891 1217 ὁμόσε

102 1217 159 1254 τοῖς
173 1222 266 1258 νόμοις
287 1223 453 1257 ὲγνώκασιν;
465 1221 515 1250 Ὧν
536 1225 581 1252 ὅτε
606 1225 691 1254 πλείω
705 1228 753 1254 καὶ
768 1227 889 1264 φοϐερῶς

102 1277 170 1304 τερα
190 1270 247 1301 τοῖς
262 1269 458 1305 παραδαίνουσι
473 1270 568 1305 γέγονε
583 1271 740 1307 τάπιτίμια,
753 1273 814 1300 τότε
825 1273 892 1309 μᾶλ-

103 1313 149 1340 λον
172 1313 262 1347 αὐτοῖς
282 1315 310 1341 al
338 1316 454 1350 πονηραὶ
468 1315 563 1350 φύσεις
581 1317 802 1353 ὲνεκυσίστησαν.
817 1319 891 1346 Ἔδει

104 1359 154 1396 μὶν
179 1359 263 1396 ἄρδην
285 1361 437 1398 ἀνῃρῆσθαι
462 1362 511 1396 τὴν
530 1361 598 1397 πρὸς
616 1363 732 1400 Κυρήνῃ
754 1365 892 1392 Πεντάπυ-

103 1404 145 1430 λιν
167 1412 175 1420 ·
193 1405 207 1431 ὀ
219 1404 337 1440 δὲλιμὸς
363 1406 409 1432 καὶ
423 1406 437 1432 ὁ
453 1405 571 1440 πόλεμος
596 1405 673 1433 οὔπω
695 1408 748 1434 πᾶν
760 1408 822 1435 ὅσον
837 1409 891 1436 ἔδει

104 1450 278 1485 κατήνυσαν,
298 1450 365 1478 ἀλλὰ
399 1451 566 1487 διατρίϐουσι
581 1472 589 1485 ,
614 1452 662 1479 καὶ
696 1453 767 1480 κατὰ
794 1455 891 1490 μικρὸν

102 1495 292 1523 ἀπολλύουσιν.
320 1496 425 1523 Οὐκοῦν
439 1496 470 1523 τὸ
483 1497 575 1524 λεῖπον
592 1498 632 1529 είς
654 1498 685 1524 τὸ
701 1500 769 1534 ταχὺ
782 1507 891 1536 κατειρ-

103 1540 203 1574 γάσθαι
228 1541 495 1578 προσεξευρήκαμεν.
512 1542 609 1570 Καίτοι
631 1543 704 1570 τοῦτ’
726 1544 809 1576 ἔστιν,
829 1545 844 1571 δ
860 1545 891 1572 τὸ

103 1585 272 1619 παλαίφατον
288 1586 376 1620 λόγιον
390 1586 622 1623 ὲπεχρησμῲδησε
633 1589 666 1624 τῇ
690 1588 801 1625 τελευτῇ
823 1590 891 1617 Πεν-

103 1631 251 1663 ταπόλεως.
273 1632 403 1667 Πατὲρων
425 1632 491 1659 αὐτὸ
513 1633 561 1660 καὶ
578 1633 698 1661 πάππων
723 1635 889 1671 ἠκούσαμεν,

102 1675 144 1701 ὅτι
162 1675 265 1709 φθερεῖ
282 1676 318 1702 τὰ
341 1676 458 1704 Λιϐύων
484 1678 638 1713 ἡγεμόνοιν
657 1680 796 1714 κακότης.
820 1681 891 1708 Αὐτὸ

104 1720 158 1768 γὰρ
179 1720 258 1768 τοῦτό
282 1722 340 1749 ἐστι
362 1722 409 1748 τοῦ
422 1722 548 1758 χρησμοῦ
568 1723 598 1750 τὸ
617 1725 755 1760 τεμάχιον.
780 1726 849 1753 Ἀλλ’
866 1728 890 1753 εί
904 1739 926 1768 c

105 1767 150 1792 καὶ
177 1767 319 1802 πέπρωται
343 1767 433 1800 τοῦτο,
449 1768 582 1804 ἀδαόολήν
601 1777 661 1796 τινα
675 1770 722 1797 τοῦ
737 1771 822 1799 κακοῦ
840 1781 893 1808 μη-

105 1813 268 1847 χανήσασθε.
286 1812 342 1839 Καὶ
357 1813 412 1849 γὰρ
436 1814 453 1849 ἡ
477 1813 530 1840 τῶν
558 1815 658 1850 ἰατρῶν
682 1816 773 1852 τέχνη,
789 1817 818 1844 τὸ
842 1818 893 1853 μὲν

104 1857 249 1885 ἀποθανεῖν
273 1858 426 1895 ἄνθρωπον,
443 1860 537 1896 ἐπειδὴ
555 1860 635 1894 φύσις
658 1862 747 1893 ἐστὶν,
772 1863 803 1890 ού
828 1863 893 1892 καθ-

105 1904 176 1937 άπαξ
190 1903 289 1931 κωλύει
299 1911 306 1919 ’
321 1905 428 1940 ἐμποιεῖ
444 1905 472 1932 δέ
486 1914 546 1932 τινα
565 1905 704 1942 διατριϐὴν
729 1907 768 1942 τῷ
788 1909 892 1944 χρεών.

105 1949 217 1984 ’Ὀμοιόν
235 1957 262 1976 τι
289 1949 418 1985 αἰτοῦμεν
435 1951 481 1977 καὶ
507 1950 581 1985 παρὰ
598 1951 647 1986 τῆς
664 1952 762 1988 τέχνης
777 1953 826 1989 τῆς
840 1955 891 1990 ἀρ-

104 1995 183 2030 χικῆς
193 2003 198 2008 ·
209 1995 371 2032 βοηθησάτω
384 1997 417 2032 τῇ
435 1996 514 2031 φύσει
530 1997 601 2024 κατὰ
615 1999 664 2034 τῆς
676 1999 765 2026 νόσου’
776 1999 814 2035 μὴ
829 1999 893 2035 μένα

103 2049 145 2066 τοι
168 2041 377 2068 κατασπευδέτω
398 2042 444 2068 τὸν
463 2042 582 2078 ὀλεθρον.
596 2043 652 2080 Μὴ,
671 2043 777 2079 δέομαι,
796 2045 834 2082 μὴ
847 2045 894 2080 γέ-

104 2095 187 2119 νοιτο,
204 2086 259 2114 τῶν
283 2087 426 2120 Ἀνθεμίου
442 2087 490 2114 τοῦ
506 2088 623 2123 μεγάλου
636 2090 749 2125 καιρῶν,
759 2091 893 2127 ἐπαρχίαν

110 2132 264 2168 Ῥωμαϊκὴν
278 2134 309 2160 ὲκ
320 2133 405 2169 μέσης
419 2134 571 2170 ἀνῃρῆσθαι
581 2137 631 2171 τῆς
643 2136 813 2172 διοικήσεως.
825 2137 892 2164 Είπὲ

104 2179 173 2214 πρὸς
190 2179 281 2211 αὐτὸν,
299 2180 361 2206 εἰπὲ
386 2180 455 2216 πρὸς
473 2180 528 2208 τῶν
539 2181 642 2216 λόγων·
653 2183 683 2208 οὺ
704 2184 735 2209 σὺ
751 2192 894 2219 καταπεμ-

104 2224 204 2259 φθῆναι
219 2225 266 2251 τδν
278 2225 360 2260 νόμον
370 2226 484 2260 γέγονας
497 2226 594 2259 αἴτιος,
608 2228 654 2254 ἐπὶ
677 2229 733 2260 τοῖς
750 2228 832 2256 πάλαι
846 2229 892 2255 τὸν

106 2270 313 2305 πρόσφατον,·ὃς
333 2271 501 2299 ἀνατείνεται
525 2273 610 2300 πολλὰ
631 2273 679 2300 καὶ
705 2273 810 2309 χαλεπὰ
837 2276 892 2307 τοῖς

107 2316 287 2351 μνηστεύουσι
307 2316 356 2352 τὴν
382 2318 431 2352 τῆς
446 2317 609 2353 ἐνεγκούσης
624 2319 711 2354 ἀρχήν
729 2327 736 2351 ;
762 2319 823 2351 Πῶς
846 2318 892 2347 οὖν

104 2363 135 2389 οὐ
147 2363 263 2398 νεμεσᾷς
276 2364 331 2394 τοῖς
344 2363 579 2398 φιλοτιμουμένοις
594 2364 641 2390 ἐπὶ
667 2364 714 2390 σοῦ
725 2364 892 2400 διαρρηγνύ-

1179 406 1348 434 EPISTOLA
1367 407 1474 435 LXXIII

1284 452 1385 480 Troilo.

975 494 1041 522 Cum
1055 499 1082 523 et
1095 500 1124 523 tu
1138 496 1320 532 philosophus
1335 498 1385 530 sis,
1402 501 1429 525 et
1445 497 1616 526 humanitate
1628 499 1728 534 praedio

940 544 997 573 tus,
1020 541 1195 576 deplorandae
1222 543 1288 570 mihi
1300 543 1382 578 220
1394 543 1466 578 apud
1491 547 1518 570 te
1544 548 1609 571 sunt
1633 545 1728 580 patria:

939 586 1129 621 calamitates;
1147 588 1191 614 cui
1208 591 1238 615 tu
1253 588 1384 616 honorem
1399 589 1510 623 quidem
1527 589 1642 617 habebis
1654 591 1726 618 civis

939 631 1097 667 philoaophi
1112 633 1219 668 gratia;
1240 633 1460 661 miseric0rdiam
1481 642 1547 662 vero
1567 635 1673 662 tribues
1693 636 1729 664 ob

941 675 1050 703 insitam
1079 677 1164 704 animi
1193 677 1352 710 lenitatem;
1387 683 1414 706 et
1440 680 1585 714 utriusque
1616 680 1728 708 demum

940 727 1025 748 causa
1042 720 1179 755 jacentem
1202 722 1308 756 erigere
1334 722 1492 750 conaberis.
1519 723 1575 750 Hoc
1594 723 1668 750 enim
1686 727 1730 750 est

941 766 968 793 in
986 770 1032 794 tua
1055 770 1189 802 potestate
1211 767 1304 800 situm,
1322 767 1453 803 quoniam
1478 768 1512 795 ad
1529 768 1654 796 civitates
1671 776 1730 796 ser-

940 811 1046 840 vandas
1062 813 1225 841 Anthemius
1248 817 1276 840 et
1293 817 1402 846 natura,
1413 817 1441 841 et
1461 813 1581 845 fortuna.
1601 818 1629 842 et
1645 813 1728 841 indu-

943 858 1011 885 stria
1023 862 1197 892 comparatus
1216 862 1269 886 est.
1291 858 1340 885 Cui
1357 866 1419 886 cum
1439 859 1524 886 multa
1539 858 1672 887 divinitus
1689 859 1724 887 ad

944 902 971 929 id
995 902 1065 930 bona
1079 910 1210 931 concessa
1227 907 1302 937 sunt,
1321 908 1377 930 tum
1393 911 1529 931 summum
1550 908 1602 935 est.
1621 905 1728 932 amico-

946 957 1006 976 rum
1023 949 1112 984 copia,
1127 953 1155 978 et
1173 949 1245 977 inter
1261 957 1310 977 eos
1326 949 1435 978 Troilus
1452 950 1531 986 longe
1545 950 1729 986 potissimum.

942 995 1126 1028 Quamobrem
1147 994 1220 1026 vide.
1239 1003 1343 1030 quaso,
1358 1003 1392 1023 ne
1416 996 1512 1024 oculos
1529 996 1664 1023 duntaxat
1680 995 1730 1023 ad-

941 1041 1033 1076 jicias,
1049 1040 1098 1068 sed
1115 1044 1143 1068 et
1157 1044 1276 1069 mentem
1292 1041 1376 1068 etiam
1390 1041 1489 1069 litteris
1508 1041 1646 1073 advertas.
1661 1049 1732 1077 quas

943 1094 995 1122 ego
1009 1086 1126 1114 ubertim
1145 1086 1312 1115 stillantibus
1332 1087 1463 1123 lacrymis
1483 1087 1613 1122 respersi.
1629 1087 1681 1120 Qui
1702 1087 1732 1114 Iit

943 1133 1018 1161 enim
1040 1138 1070 1160 ut
1085 1132 1263 1160 Plitenicibus
1277 1133 1388 1168 quidem
1403 1132 1549 1161 Phcenices
1569 1141 1625 1161 non
1644 1134 1732 1168 impe-

943 1183 1021 1212 rent;
1048 1187 1099 1206 nec
1125 1179 1262 1214 leosyri
1287 1179 1457 1215 Coelosyris,
1484 1177 1607 1214 Egyptii
1638 1177 1732 1205 itidem

942 1224 1070 1251 omnibus
1092 1223 1183 1258 potius
1211 1223 1370 1258 provinciis.
1398 1231 1479 1258 quam
1502 1223 1613 1258 patriae;
1633 1222 1732 1258 Libyes

942 1269 992 1298 soli
1011 1269 1107 1304 patriae
1123 1268 1327 1304 prmhciantur?
1352 1268 1445 1296 Soline
1462 1268 1563 1304 Libyes
1581 1268 1727 1296 fortissimi

942 1319 1018 1347 sunt,
1033 1322 1066 1341 ac
1077 1314 1186 1349 legibus
1196 1322 1336 1349 opponere
1348 1322 1410 1341 sese
1417 1315 1600 1342 constitutum
1613 1314 1733 1342 habent?

942 1361 1046 1394 Quibus
1068 1368 1131 1388 cum
1155 1361 1235 1395 plura
1263 1360 1396 1388 adversus
1418 1360 1566 1388 violatores
1598 1360 1732 1395 supplicia

942 1407 1066 1441 apposita
1081 1405 1192 1438 fuerint,
1211 1411 1267 1433 tum
1280 1406 1384 1441 perdita
1396 1405 1504 1440 ingentia
1522 1406 1626 1441 impetu
1643 1406 1670 1432 in
1684 1412 1733 1433 eas

941 1453 1068 1488 graviore
1086 1452 1270 1487 praecipitant.
1288 1451 1407 1480 Necesse
1423 1455 1483 1479 erat
1499 1451 1589 1486 perire
1606 1451 1732 1479 funditus

941 1497 1125 1532 Cyrenensem
1145 1497 1318 1532 Pentapolin.
1347 1495 1447 1524 Verum
1464 1495 1562 1528 fames,
1585 1500 1613 1524 et
1631 1497 1733 1524 bellum

941 1541 1062 1569 nondum
1087 1545 1222 1576 quantum
1248 1541 1317 1568 satis
1340 1547 1399 1568 erat
1414 1545 1657 1575 consumpserunt,
1685 1539 1734 1568 sed

941 1595 1046 1615 moram
1059 1587 1175 1621 Iaciunt,
1189 1591 1217 1614 et
1230 1587 1361 1622 paulatim
1375 1586 1549 1622 dispertiunt.
1562 1586 1648 1622 Igitur
1659 1586 1733 1621 quod

941 1633 975 1661 ad
1005 1633 1134 1661 interitus
1159 1633 1329 1661 celeritatem
1356 1633 1479 1660 restabat
1503 1633 1732 1667 excogitavimus.

941 1678 1106 1714 Quanquam
1130 1678 1183 1705 hoc
1204 1678 1294 1713 ipsum
1316 1683 1369 1711 est,
1394 1678 1466 1713 quod
1482 1682 1561 1706 vetus
1586 1677 1733 1706 admodum

942 1725 1083 1753 oraculum
1102 1724 1135 1752 de
1152 1723 1313 1760 Pentapolis
1333 1725 1409 1752 exitu
1424 1725 1603 1751 vaticinatum
1623 1728 1676 1752 est.
1691 1723 1729 1752 De

943 1770 1103 1806 parentibus
1122 1771 1175 1798 hoc
1198 1775 1226 1798 et
1243 1771 1302 1798 avis
1316 1771 1474 1805 accepimus
1491 1779 1498 1796 :
1513 1769 1562 1798 Res
1575 1770 1665 1806 Libya
1681 1770 1733 1797 du-

943 1824 1002 1843 cum
1021 1816 1152 1850 pravitate
1165 1817 1297 1850 perditum
1315 1816 1359 1842 iri.
1381 1815 1439 1843 Hoc
1459 1816 1532 1843 enim
1548 1816 1652 1843 oraculi
1676 1815 1733 1843 fra-

943 1865 1082 1897 gmentum
1104 1867 1157 1889 est.
1182 1860 1274 1888 Sedet
1294 1860 1317 1888 si
1338 1861 1365 1887 in
1387 1860 1451 1888 fatis
1475 1860 1528 1887 hoc
1553 1858 1671 1895 positum
1686 1859 1733 1892 sit,

943 1907 1062 1943 aliquam
1081 1911 1173 1934 tamen
1196 1907 1261 1934 mali
1280 1906 1440 1934 dilationem
1466 1905 1598 1933 invenite.
1624 1904 1732 1932 Etenim

944 1953 1115 1980 medicorum
1128 1959 1173 1980 ars
1187 1952 1247 1986 ipsa
1261 1955 1377 1979 mortem
1394 1951 1504 1986 quidem
1518 1951 1553 1978 ab
1563 1950 1732 1982 hominibus,

943 1999 1073 2034 quoniam
1091 1998 1148 2025 haec
1168 2005 1263 2025 eorum
1279 2002 1321 2026 est
1337 2001 1446 2030 natura,
1463 2004 1517 2024 non
1541 1997 1652 2032 penitus
1667 2003 1732 2031 pro-

943 2045 1053 2081 pulsat;
1069 2045 1117 2072 sed
1139 2051 1243 2071 moram
1263 2048 1354 2071 tamen
1374 2043 1494 2078 aliquam
1512 2043 1588 2070 fatali
1611 2041 1731 2070 necessi-

943 2091 992 2119 tati
1007 2090 1106 2126 iujicit.
1119 2090 1262 2125 Ejusmodi
1279 2089 1384 2125 aliquid
1402 2089 1438 2117 ab
1451 2088 1603 2124 imperandi
1618 2088 1733 2115 scientia

944 2138 1082 2174 petimus;
1104 2142 1208 2164 naturae
1221 2140 1250 2163 ut
1271 2140 1368 2167 contra
1391 2136 1481 2163 morbi
1501 2135 1553 2162 vitri
1569 2134 1732 2170 opituletur;

943 2192 998 2212 non
1014 2183 1154 2210 interitum
1173 2185 1303 2209 maturet.
1321 2181 1370 2213 Ne,
1387 2189 1492 2216 quaeso,
1514 2189 1548 2208 ne
1570 2180 1623 2207 hoc
1642 2179 1732 2215 rnagui

942 2228 1082 2257 Anthemii
1099 2227 1270 2262 temporibus
1290 2228 1411 2259 eveniat,
1435 2231 1465 2254 ut
1482 2226 1605 2254 Romana
1621 2225 1732 2260 provin-

943 2276 984 2304 cia
1003 2274 1091 2301 media
1106 2281 1138 2301 ex
1155 2273 1267 2301 dimcesi
1282 2273 1406 2301 funditus
1423 2276 1528 2308 pereat.
1546 2271 1593 2298 Dic
1608 2271 1658 2301 illi.
1672 2270 1728 2301 (lic.

943 2329 991 2357 per
1009 2319 1142 2348 scientias
1163 2319 1286 2347 obtestor
1303 2328 1309 2346 :
1327 2327 1380 2346 non
1405 2323 1433 2346 tu
1461 2326 1537 2345 novze
1561 2324 1643 2352 supra
1658 2319 1733 2343 vete-

945 2375 1001 2394 rem
1015 2365 1155 2393 miltendm
1166 2365 1234 2398 legis
1246 2370 1344 2392 auctor
1356 2363 1498 2396 exstitisti,
1515 2371 1575 2398 quae
1588 2363 1629 2390 lex
1647 2362 1732 2388 multa

104 2417 147 2435 vat
160 2408 194 2435 τὰ
209 2408 243 2435 σὰ
260 2408 444 2444 πολιτεύματα
458 2417 466 2441 ;
479 2409 511 2436 Εἰ
531 2409 581 2444 μὲν
599 2407 645 2436 οὖν
661 2409 691 2436 οὐ
704 2409 889 2443 λανθάνουσιν,

943 2418 970 2441 et
984 2411 1084 2440 acerba
1100 2410 1245 2438 minitatur
1273 2411 1308 2438 iis
1333 2411 1379 2445 qui
1406 2410 1500 2445 patriae
1515 2417 1572 2437 suae
1587 2408 1731 2443 imperium

104 2452 206 2484 ἀδικεῖς
218 2461 225 2469 ·
240 2453 266 2479 εί
287 2452 316 2480 δὲ
334 2452 519 2486 λανθάνουσιν,
544 2452 665 2488 ἀμελεῖς.
685 2453 761 2489 Χρῆν
777 2453 805 2480 δὲ
830 2455 892 2490 οὐχ).

945 2457 1083 2485 ambiant?
1106 2457 1162 2485 Cur
1183 2465 1237 2484 non
1257 2456 1339 2492 igitur
1356 2456 1392 2484 iis
1410 2462 1560 2483 succenses
1574 2474 1582 2487 ,
1602 2454 1650 2489 qui
1668 2457 1730 2481 acta

719 2519 809 2548 DION.
827 2520 964 2550 PETAVII
985 2521 1100 2551 ΝΟΤᾸΞ.

141 2589 198 2624 (Η)
215 2590 256 2617 Σὺ
277 2590 331 2625 τὰρ
346 2589 384 2623 δὴ
399 2589 446 2616 καὶ
462 2590 639 2624 φιλόσοφος.
659 2589 686 2616 In
703 2593 756 2616 vet.
774 2589 888 2625 initium

105 2624 360 2671 epistsbse‘e‘sthtn‘lpl
375 2633 412 2671 prs
425 2625 635 2671 Sarg‘etchtum
655 2625 686 2671 Si)
703 2625 759 2671 γὲιρ
770 2624 814 2660 δή,
831 2629 888 2671 etc.

124 2658 272 2695 ’[ιχΧιΧι
288 2660 355 2691 (H‘)
375 2659 494 2693 Ἐπειδὴ
513 2659 616 2689 σώζειν
633 2659 685 2692 τὰς
702 2658 804 2692 πόλεις
831 2659 891 2686 Ἀν-

106 2695 216 2734 ρᾴμιος.
233 2694 395 2734 Anthemius
419 2694 475 2726 hic,
504 2695 620 2734 insignis
633 2698 808 2734 adspectat;
825 2702 890 2734 pro-

107 2728 201 2769 bitatis
215 2729 447 2769 vigconsulatum
464 2728 620 2769 gessitcum
637 2728 770 2769 §tilicone
784 2729 815 2756 Α.
825 2729 889 2761 405,

105 2763 412 2803 {oannisclrrysostomi
423 2763 688 2803 amicijsimus..0m
709 2768 802 2803 postea
822 2771 889 2798 prae-

107 2799 195 2828 fectus
208 2798 289 2827 Urbis
303 2798 356 2826 sub
369 2798 479 2832 juniore
495 2798 649 2827 Theodosio
660 2798 803 2832 imperium
811 2806 892 2826 omne

107 2835 253 2869 prudenter
265 2833 477 2869 administravit.
496 2834 563 2861 Vide
575 2833 685 2869 Socrat.
699 2833 747 2869 lih.
764 2841 809 2866 vlt,
827 2841 888 2868 cap.

107 2867 132 2905 ἰ,
148 2870 191 2898 ubi
207 2874 233 2898 et
247 2869 333 2898 Troili
351 2868 479 2904 sophistae
490 2869 653 2897 mentionem
674 2867 748 2896 facit.

978 2590 1035 2626 (Ιὲ)
1049 2590 1080 2617 TI
1087 2590 1142 2625 γὰρ
1156 2589 1194 2623 δὴ
1207 2590 1351 2626 φοινίκων
1361 2588 1637 2626 ptinbservatione
1648 2589 1730 2625 digna

941 2625 995 2658 lex,
1011 2624 1065 2660 qua
1091 2624 1195 2660 nemini
1212 2624 1311 2660 liceret
1322 2625 1349 2651 in
1369 2624 1457 2659 patria
1472 2631 1520 2651 sna
1535 2624 1728 2660 praefecturam

941 2659 1137 2694 provincialem
1153 2659 1278 2694 adipisci.
1294 2659 1381 2692 Quam
1398 2659 1521 2694 eamdem
1548 2659 1675 2686 Sinarum
1689 2660 1730 2686 in-

942 2693 1048 2723 Stitutis
1068 2693 1205 2729 receptam
1223 2693 1380 2729 didicimus.
1400 2693 1517 2721 Causam
1539 2693 1642 2721 indicat
1661 2694 1727 2723 Cass

942 2730 1070 2757 siodorus
1084 2728 1138 2756 lib.’
1152 2737 1171 2759 ι,
1186 2729 1266 2763 epist.
1282 2729 1309 2758 5,
1322 2728 1366 2754 ubi
1382 2735 1484 2755 necesse
1497 2732 1547 2760 est,
1565 2729 1664 2763 inquit,
1682 2734 1728 2756 aut

942 2765 1056 2799 gratiam
1071 2764 1206 2798 parentem
1219 2768 1349 2795 provocet.
1374 2767 1420 2799 aut
1446 2763 1536 2799 adiam
1565 2763 1649 2798 longa:
1666 2772 1729 2799 conf

945 2797 1075 2834 tentiones
1094 2803 1256 2834 exasperent.
1275 2799 1308 2825 At
1333 2799 1366 2834 ini
1374 2797 1464 2825 edicto
1480 2797 1686 2834 Clotarii.:tom.
1718 2798 1728 2825 I

945 2833 1027 2861 σονς.
1046 2833 1130 2864 σου..
1149 2842 1175 2868 p.
1208 2833 1270 2865 475,
1286 2833 1426 2865 statuitur,
1443 2837 1472 2859 ut
1491 2833 1579 2860 nullus
1600 2833 1684 2867 judeJ:
1696 2833 1728 2861 de

946 2869 1006 2896 aliis
1021 2867 1160 2904 provinciis
1177 2873 1221 2896 aut
1238 2867 1384 2904 regionibus
1398 2868 1425 2895 in
1442 2868 1495 2896 alia
1508 2867 1565 2896 loca
1579 2867 1725 2896 ordinetur.
