1955 3063
229 98 296 127 1459

770 105 901 133 SYNESII
923 105 1156 135 PTOLEMAIDIS
1171 106 1326 135 EPISCOPI

1786 106 1860 134 I410

226 148 274 172 tua
302 146 459 176 rescindere
496 150 570 178 omni
612 159 664 187 ope
697 154 888 182 contendunt?
920 162 953 183 ac
988 155 1012 182 si

1065 155 1110 182 τὸν
1132 154 1217 191 ἄνδρα
1237 155 1283 182 τὸν
1309 154 1561 191 ἡγεμονικώτατον·
1575 154 1633 181 ἀλλ’
1645 154 1685 180 ἑνὶ
1706 153 1794 189 τούτῳ
1809 155 1861 189 μά-

228 200 283 219 ιιοιι
317 193 402 226 ignoti
429 195 477 222 tibi
506 196 545 223 illi
572 203 657 230 sunt,
691 199 819 234 injuriam
851 201 940 236 lacis;
970 203 1014 230 sin

227 238 307 274 221
326 239 431 273 ignoti,
460 242 586 277 negligis.
612 242 724 272 Minime
747 249 838 273 autem
865 247 956 275 facere
977 248 1015 275 ita

227 283 343 311 decebat
371 285 509 314 hominem
537 289 687 323 imperandi
717 292 935 326 peritissimum,
967 293 1015 321 sed

229 329 293 355 huic
307 331 353 357 uni
373 332 492 367 maxime
511 334 634 362 animum
658 336 823 372 adjungere.
846 343 877 366 ut
895 340 942 374 qui
962 340 1015 368 sub

228 377 255 401 te
274 375 452 409 praefecturas
476 378 578 406 obituri
595 383 659 407 sunt
681 389 762 415 quam
781 383 876 417 optimi
891 384 1015 418 deligan-

228 423 282 446 tur.
308 419 404 447 Divina
426 423 528 458 quippe
555 431 589 451 ac
617 426 762 460 magniﬁca
780 427 826 454 illa
844 429 1014 463 providentia

227 469 289 496 est.
305 466 333 493 in
347 475 401 502 qua
420 468 517 496 sedulo
529 476 597 497 cura
619 470 646 497 in
663 471 725 499 boui
744 472 796 500 viri
809 473 947 502 delectum
964 475 1015 502 im-

228 512 368 546 penditur.
384 513 412 540 ln
428 513 479 542 hoc
489 515 562 542 enim
581 517 671 551 gentis
697 518 831 547 universae
845 527 911 547 cura
924 521 1015 549 susci-

229 557 312 592 pitur.
329 557 466 593 lmprimis
478 560 562 595 igitur
572 561 606 589 ab
619 561 858 592 administratione
870 563 1015 600 rejieiendi

229 602 268 630 illi
286 609 368 636 sunt,
384 605 430 640 qui
449 606 520 641 leges
535 608 614 642 quasi
631 608 740 637 infestis
755 611 878 639 calcibus
896 616 1013 647 petunt;

228 653 325 676 contra
350 658 420 685 quas
443 654 538 687 patria:
570 662 627 682 suae
651 655 841 691 pmfeeturam
867 659 1013 688 obtinent:

229 699 326 722 contra
351 704 440 732 quas,
470 699 550 727 nobis
573 701 649 728 velut
675 703 786 737 prmdiis
814 705 1014 740 oppigneratis,

227 745 352 769 mutuam
377 744 521 778 pecuniam
541 747 691 782 accipiunt.
719 748 827 777 Modum
855 751 918 779 huic
942 753 1015 780 malo

231 784 322 812 tacite.
339 786 436 815 Mittite
451 788 484 815 ad
502 797 553 817 nos
571 791 658 825 magis
673 791 810 827 legitimos
825 795 1013 830 magistratus,

229 831 276 866 qui
295 839 384 867 neque
398 835 523 862 noverint
535 843 598 868 nos,
627 845 715 873 neque
729 839 808 868 nobis
827 828 929 876 cogniti
946 842 1012 876 sint,
1031 828 1050 856 Β

229 881 312 912 atque
332 886 365 905 ex
382 883 478 907 natura
500 881 569 915 ipsa.
591 890 646 910 non
669 884 774 918 privato
795 886 878 914 animi
903 887 1013 921 atl‘ectu.

228 923 263 950 de
278 924 360 952 rebus
378 925 514 959 judicium
537 927 634 956 l‘erant.
658 929 736 958 Nunc
755 932 828 959 enim
853 933 892 960 ita
916 941 946 962 se
971 942 1016 962 res

230 969 323 997 habet.
347 969 465 1006 Navigat
487 972 540 1000 huc
560 973 705 1007 dominusl
724 977 770 1011 qui
789 982 867 1005 antea
890 979 917 1006 in
933 987 1016 1015 repu-

230 1014 300 1042 blica
313 1015 467 1043 dissidebat
480 1025 487 1050 ;
506 1025 640 1053 suamque
652 1019 725 1047 illam
742 1021 850 1049 civilem
863 1014 1017 1052 dissensio-

228 1068 292 1087 nem
310 1069 327 1089 e
340 1062 468 1090 tribunali
486 1065 670 1100 persequitur.
689 1065 823 1102 Pleraque
839 1077 906 1096 vero
919 1075 946 1097 et
961 1071 1015 1098 alia

229 1105 294 1134 inde
320 1108 390 1135 mala
417 1115 579 1140 nascuntur.
601 1111 753 1141 Versantur
769 1114 796 1142 in
822 1117 956 1145 conviviis
968 1125 1016 1145 ca-

229 1151 351 1180 lumniae.
365 1153 486 1182 Mulieris
497 1156 598 1184 donum
610 1157 640 1185 tit
652 1158 721 1187 civis
732 1160 850 1195 alicujus
861 1162 1014 1192 calamitas.

229 1195 295 1225 lude
309 1198 443 1227 excitatus
467 1203 629 1236 accusator‘;
654 1204 812 1240 quicunque
835 1214 901 1234 vero
925 1207 1015 1243 legum

228 1244 392 1272 violatarum
409 1246 546 1275 actionem
563 1248 706 1279 intendere
720 1252 799 1285 nolit,
815 1252 1017 1282 condemnatur

228 1288 298 1324 ipse,
314 1291 368 1318 nisi
383 1295 531 1327 antequam
552 1293 701 1323 damnetur
712 1317 720 1330 ,
743 1298 838 1325 eadem
860 1306 923 1326 cum
938 1299 1017 1327 dam-

228 1335 302 1362 natis
328 1343 474 1370 perpessus
504 1337 597 1366 fuerit.
626 1339 752 1369 Vidimus
777 1343 824 1378 qui
849 1344 884 1371 ob
911 1345 968 1372 haec
988 1346 1015 1373 in

228 1380 338 1407 vincula
352 1381 556 1418 conjiceretur;
571 1385 645 1420 quod
663 1393 737 1418 eum.
751 1388 797 1422 qui
813 1396 900 1423 nuper
914 1390 1017 1424 Optime

230 1426 390 1461 magistratu
432 1427 544 1457 functus
588 1435 675 1464 esset,
710 1433 851 1467 peculatus
885 1442 1016 1464 accusare

1064 201 1144 228 λιστα
1167 201 1310 237 προσέχειν
1328 201 1374 228 τὸν
1397 201 1469 232 νοῦν.
1482 202 1545 232 τοὺς
1555 199 1775 236 ὑπάρξονταςώς
1795 200 1859 235 ﬁsi-

1064 247 1172 278 τίστους
1187 247 1335 282 αἱρεῖσθαι.
1350 246 1416 273 Θεία
1427 247 1481 282 γὰρ
1497 246 1566 282 αὕτη
1582 246 1630 273 καὶ
1641 246 1858 282 μεγαλοπρεπὴς

1065 292 1082 327 ἡ
1097 292 1220 328 πρόνοια,
1241 292 1308 328 πρὸς
1373 292 1525 319 δαπανᾶται
1544 292 1654 327 φροντὶς
1676 292 1716 323 εἰς
1739 291 1858 326 ἐκλογὴν

1065 338 1161 373 ἀνδρὸς
1191 338 1306 372 ἀγαθοῦ.
1330 338 1400 365 Ἀλλ’
1421 340 1449 365 ὲν
1468 338 1554 373 τούτῳ
1579 338 1635 373 γάρ
1658 338 1732 364 ἐστιν
1761 338 1858 369 ἔθνους

1064 384 1212 420 ὁλοκλήρου
1241 385 1407 420 πεποιῆσθαι
1424 385 1561 420 φροντίδα.
1578 385 1687 411 Τούτων
1705 382 1754 411 οὖν
1773 384 1857 413 εὐθὺς

1065 431 1253 465 ἀπεγνωκέναι
1265 432 1397 466 προσήκει
1412 431 1466 457 τῶν
1480 430 1665 465 ὲναλλομένων
1677 431 1733 461 τοῖς
1750 430 1855 464 νόμοις,

1065 476 1132 511 παρ’
1154 475 1201 507 οὒς
1217 475 1331 511 ἄρχουσι
1357 476 1407 511 τῆς
1434 475 1548 502 ἑαυτῶν.
1565 475 1633 510 Παρ¹
1647 474 1694 506 οὓς
1708 475 1751 508 ἐφ’
1775 475 1854 509 ἡμῖν.

1065 522 1159 558 ὥσπερ
1167 522 1213 549 ἐπὶ
1228 522 1357 557 κτήμασι,
1367 521 1533 553 δανείζονται
1540 521 1677 556 χρήματα.
1690 521 1811 556 Στήσατε
1824 520 1858 546 τὸ

1065 569 1160 595 κακόν.
1184 569 1334 603 ’Ἂρχοντας
1362 568 1426 603 ἡμῖν
1453 567 1657 603 νομιμωτέρους
1683 567 1855 602 ἐκπέμψατε,

1065 614 1247 650 ἀγνοοῦντας,
1266 614 1482 649 ἀγνοουμένους,
1505 615 1565 645 ταῖς
1591 614 1721 648 φύσεσιν,
1746 614 1777 639 οὗ
1798 614 1857 645 τοῖς

1066 661 1131 696 περὶ
1156 661 1271 688 ἕκαστον
1293 661 1390 688 πάθεσι
1410 661 1446 688 τὰ
1470 661 1621 696 πράγματα
1634 660 1789 695 κρίνοντας.
1811 659 1855 692 Ὠς

1064 708 1100 734 τὰ
1126 707 1192 739 νῦν,
1213 708 1300 735 ταῦτα
1313 716 1321 723 ο
1336 707 1469 734 καταπλεῖ
1489 707 1620 749 δεσπότης
1640 708 1654 733 ὁ
1669 706 1763 741 πρώην
1781 707 1857 732 ἀντι-

1066 753 1281 789 πολιτευόμενος.
1304 754 1352 780 καὶ
1373 753 1422 789 τὴν
1439 754 1467 780 ὲν
1497 752 1619 788 πολιτείᾳ
1642 752 1773 788 διαφορὰν
1801 751 1857 778 ἀπὸ

1065 799 1113 826 τοῦ
1137 799 1257 834 βήματος
1275 800 1446 833 ἀγωνίζεται.
1472 799 1540 825 Ὅσα
1564 799 1592 826 δὲ
1616 798 1683 825 ἀλλα
1713 798 1857 833 παραελα-

1066 846 1158 872 στάνει
1182 845 1256 872 κακά
1268 853 1275 860 ·
1291 846 1499 879 συκοφαντεῖται
1524 845 1671 879 συμπόσια,
1685 845 1733 871 καὶ
1743 844 1857 878 γυναικὶ

1064 891 1162 918 δίδοται
1178 891 1266 926 χάρις,
1281 891 1298 926 ἡ
1316 890 1363 917 τοῦ
1379 890 1487 917 πολίτου
1513 890 1654 925 συμφορά·
1670 890 1717 916 καὶ
1734 889 1855 924 κατήγο-

1065 945 1110 973 ρος
1125 937 1301 968 ὲκκέλευστος
1316 945 1321 951 ·
1333 937 1362 968 ὃς
1373 936 1436 963 δ’ἂν
1450 936 1487 973 μὴ
1505 936 1643 972 γράψηται
1654 935 1709 971 [χρ.
1722 936 1751 966 ὃς
1764 936 1798 962 ἂν
1817 937 1855 971 μὴ

1064 982 1170 1019 γράφῃ]
1186 982 1362 1018 παρανόμων,
1378 983 1507 1014 ἑάλωκεν,
1523 983 1547 1009 εί
1569 982 1607 1018 μὴ
1632 982 1679 1008 καὶ
1703 982 1769 1016 πρὶν
1784 983 1855 1008 ἁλῶ·

1064 1036 1109 1055 ναι
1123 1028 1158 1054 τὰ
1179 1028 1232 1054 τῶν
1249 1028 1407 1055 ἑαλωκότων
1430 1028 1585 1063 ὑπέμεινεν.
1610 1026 1800 1062 Ἐοεασάμεθα
1812 1027 1855 1053 δε-

1066 1073 1178 1110 σμώτην
1195 1074 1249 1101 ἀπὸ
1270 1074 1326 1110 [γρ.
1344 1073 1408 1110 ὑπὸ]
1423 1074 1517 1101 τούτου
1527 1074 1683 1110 γενόμενον.
1697 1074 1738 1100 ὅτι
1758 1074 1796 1110 μὴ
1809 1074 1855 1100 τὸν

1065 1120 1127 1156 ἄρτι
1139 1121 1312 1155 παυσάμενον
1328 1120 1379 1156 τῆς
1407 1120 1522 1155 ἀρίστης
1540 1120 1626 1156 ἀρχῆς
1645 1120 1691 1146 ἐπὶ
1704 1119 1793 1155 κλοπῇ
1806 1120 1856 1154 δη-

1067 1165 1168 1200 μοσίων
1191 1165 1297 1192 ἐδίωκε.
1314 1166 1421 1192 Μᾶλλον
1443 1165 1472 1192 δὲ
1491 1165 1585 1192 τοῦτον
1605 1165 1665 1191 οὐδὲ
1686 1164 1854 1200 τεθεάμεθα,

1066 1210 1123 1238 ἀλλ’
1144 1211 1276 1246 ἀπείρητο
1292 1211 1433 1247 προσιέναι
1459 1211 1585 1246 καθάπερ
1608 1212 1666 1243 τοῖς
1688 1211 1856 1247 ὲναγέσιν,ἢ

1064 1259 1121 1290 τοῖς
1143 1257 1276 1292 βασιλέως
1298 1257 1414 1292 ἐχθροῖς.
1432 1256 1486 1289 ἕως
1509 1257 1688 1293 διεπράξαντο
1711 1258 1766 1284 πᾶν
1793 1258 1857 1284 ὅσον

1066 1302 1205 1330 ἐϐούλοντο
1217 1310 1224 1318 '
1237 1302 1286 1329 καὶ
1302 1302 1348 1329 τδν
1366 1301 1441 1337 ἥλιον
1452 1299 1520 1329 εἶδεν
1537 1302 1583 1328 ἐπὶ
1594 1303 1687 1338 ῥητοῖς
1699 1302 1855 1337 ἄνθρωπος,

1066 1348 1109 1383 ἐφ’
1122 1345 1144 1382 ᾧ
1170 1348 1308 1375 Γεννὰδιον
1323 1347 1455 1384 ἔγραψεν.
1478 1347 1547 1374 Ἀλλ1
1567 1348 1617 1383 ἦγε
1645 1348 1767 1384 ἡμετέρα
1786 1349 1854 1375 Πεν-

1066 1393 1177 1425 τάπολις
1191 1393 1332 1420 Γενναδίου
1346 1393 1395 1428 μὲν
1409 1393 1456 1420 τοῦ
1476 1393 1562 1429 Σύρου
1578 1393 1664 1421 πολλὰ
1685 1394 1732 1420 ἐπὶ
1749 1393 1858 1421 πολλῶν

1067 1439 1172 1467 ὢνατο”
1187 1440 1234 1467 καὶ
1259 1439 1291 1466 τὸ
1311 1440 1501 1475 μέγιστονβτι
1528 1439 1576 1467 καὶ
1602 1440 1675 1474 λόγῳ
1703 1441 1751 1466 καὶ
1766 1440 1856 1467 πειθοῖ

230 1472 326 1500 nollet.
347 1472 404 1501 lmo
426 1481 460 1502 ne
488 1475 566 1502 illum
583 1476 694 1511 quidem
716 1477 836 1507 vidimus
852 1479 903 1514 ipsi
920 1489 927 1507 :
947 1482 1015 1516 quin

1067 1485 1116 1521 τὴν
1141 1485 1229 1521 ἀρχὴν
1242 1472 1402 1521 ἐπιτρέψας,
1416 1485 1509 1511 ἔλαθεν
1535 1485 1608 1521 ἡμᾶς
1626 1472 1680 1512 {div
1699 1486 1854 1520 ἀπηνεστά-

229 1519 361 1547 accedere
371 1520 484 1555 propius
499 1521 674 1550 interdictum
687 1529 756 1556 erat,
770 1525 844 1552 velut
861 1526 1015 1561 sceleratis,

229 1568 279 1591 aut
296 1565 448 1600 maiestatis
471 1567 546 1600 reis,
577 1567 667 1596 donec
688 1569 821 1605 quidquid
849 1571 957 1600 libitum
974 1578 1017 1602 est

229 1608 420 1643 perfecerunt;
442 1614 469 1637 et
487 1619 518 1638 ea
535 1611 594 1647 lege
606 1613 690 1640 solem
713 1614 812 1642 intueri
828 1615 931 1644 homini
947 1624 1016 1645 con-

230 1662 338 1682 cessum
365 1660 418 1689 est,
444 1660 474 1683 ut
489 1657 660 1686 Gennadium
688 1659 716 1687 in
740 1660 786 1696 jus
815 1668 935 1691 vocaret.
963 1663 1016 1691 Sed

230 1699 388 1735 Pentapolis
411 1706 506 1730 nostra
535 1704 563 1731 in
578 1704 672 1732 multis
690 1710 733 1734 est
754 1715 769 1734 a
789 1707 930 1736 Geunadio
947 1710 1016 1746 Syro

231 1745 372 1774 sublevata
390 1756 397 1774 :
417 1755 535 1782 quorum
554 1749 618 1778 illud
633 1751 782 1780 maximum
796 1759 849 1786 est,
865 1755 938 1789 quod
959 1745 1018 1784 ser~

231 1799 313 1820 mone
339 1800 372 1820 ac
388 1795 567 1828 persuasione
589 1796 734 1832 imperium
749 1806 893 1832 exercrns,
909 1803 1018 1830 nemine

231 1841 356 1864 nostrum
372 1838 541 1871 adrertente.
557 1840 620 1875 plus
634 1842 756 1876 pecunia:
778 1845 805 1871 in
829 1845 953 1879 publicas
973 1855 1019 1874 ra-

230 1882 322 1910 tiones
336 1883 443 1916 intulit,
465 1891 548 1919 quam
565 1885 749 1914 crudelissimi
772 1889 875 1924 quique
895 1895 922 1918 et
945 1895 1019 1919 atro-

1068 1540 1122 1561 των
1146 1538 1175 1558 τε
1185 1552 1192 1565 ,
1207 1531 1253 1558 καὶ
1266 1530 1486 1566 ὀνομαστοτάτων
1501 1531 1548 1558 ἐπὶ
1567 1530 1731 1566 σκληρότητι
1746 1531 1855 1557 πλείονα

1068 1578 1198 1613 χρήματα
1208 1578 1268 1609 ταῖς
1284 1576 1427 1612 δημοσίαις
1438 1576 1539 1612 ψήφοις
1558 1575 1730 1610 εἰσενεγκὼν.
1744 1577 1804 1610 ’E?‘
1816 1573 1856 1608 οἷς

1068 1621 1156 1653 οὐδεὶς
1180 1621 1327 1656 ἐδάκρυσεν
1343 1622 1387 1657 ἐφ’
1399 1620 1440 1654 οἷς
1455 1621 1543 1653 οὐδεὶς
1556 1621 1671 1648 ἀπέδοτο
1695 1621 1743 1648 τὺν
1757 1621 1853 1657 ἀγρόν.

1074 1666 1198 1702 Ἐκείνην
1210 1666 1243 1693 ἄν
1259 1675 1301 1698 τις
1320 1666 1451 1702 εἰσφορὰν
1466 1666 1564 1701 εὗσεσῆ
1579 1666 1690 1698 δικαίως
1714 1666 1855 1698 ἐκάλεσεν,

1068 1712 1102 1748 ἢν
1127 1711 1176 1747 οὐχ
1197 1711 1275 1747 ὕϐρις
1301 1712 1318 1748 ἢ
1339 1712 1438 1748 μάστιξ
1456 1712 1605 1746 ἠνάγκασε.
1619 1711 1659 1738 Τά
1674 1711 1702 1738 δὲ
1718 1712 1784 1747 περὶ
1802 1711 1858 1738 τῶν

1065 1757 1194 1790 πολιτῶν,
1207 1757 1257 1791 φεῦ
1266 1759 1316 1793 τῆς
1331 1758 1439 1793 μνήμης
1455 1757 1510 1783 τῶν
1530 1757 1722 1792 παυσαμένων·
1738 1757 1791 1791 φεῦ
1807 1757 1856 1791 τῆς

1066 1804 1164 1839 πείρας
1171 1804 1225 1831 τῶν
1236 1804 1392 1840 ὁρωμένων.
1401 1804 1484 1831 Οὐδὲν
1493 1802 1541 1831 οὖν
1549 1803 1679 1839 ἀξιοῦμεν
1685 1803 1789 1835 καινὸν,
1800 1803 1856 1830 ἀλλ’

1067 1850 1136 1886 ὑπὲρ
1150 1850 1204 1877 τῶν
1219 1850 1308 1886 νόμων
1329 1849 1469 1885 Ἀνθέμιον
1482 1849 1650 1885 ἱκετεύομεν·
1666 1849 1739 1885 ὑπὲρ
1753 1848 1809 1875 τῶν
1818 1848 1857 1875 νό-

1069 1905 1127 1932 μων
1141 1897 1186 1924 τὸν
1196 1896 1298 1924 τούτων
1316 1895 1424 1931 φύλακα
1433 1903 1441 1911 θ
1455 1892 1493 1922 ὦν
1508 1895 1582 1927 ἀξιον
1596 1895 1645 1930 μὲν
1656 1895 1790 1921 αἰδεῖσθαι
1808 1894 1857 1929 τὴν

230 1928 323 1955 citatis
334 1929 443 1956 nomine
456 1929 628 1958 celeberrimi
641 1940 648 1958 :
661 1936 772 1967 propter
782 1941 862 1968 quam
875 1937 1015 1970 pecuniam

1070 1928 1246 1976 ἀρχαιότητα.
1269 1928 1361 1976 Νόμου
1375 1940 1428 1977 γὰρ
1444 1940 1475 1976 δὴ
1492 1941 1539 1967 καὶ
1566 1928 1644 1966 τουτο
1661 1940 1808 1975 σεμνότης.
1827 1928 1858 1967 ἐξ

231 1981 312 2001 nemo
324 1974 491 2010 lacrymatus
509 1980 568 2010 est;
594 1981 706 2011 propter
719 1986 801 2013 quam
826 1988 906 2008 nemo
921 1989 1015 2017 agrum

1072 1974 1149 2020 δέλτῳ
1162 1974 1246 2017 δοκεῖ,
1261 1974 1318 2011 τῶν
1329 1974 1521 2020 διαταλξμάτων
1541 1984 1595 2020 (15)
1616 1985 1649 2011 τά
1666 1974 1800 2019 νεώτερα,
1810 1985 1858 2019 τὴν

230 2019 362 2047 vendidit.
376 2020 613 2049 Contributionem
627 2021 700 2050 illam
714 2023 788 2058 piam
803 2025 902 2054 merito
917 2028 1015 2064 aliquis

1070 2030 1107 2062 ὡς
1118 2019 1150 2057 ἂν
1160 2031 1232 2057 εἴποι
1244 2040 1284 2062 τις
1295 2030 1415 2066 ἔμψυχον
1429 2030 1469 2057 ἔτι
1484 2030 1623 2065 βασιλείαν
1637 2031 1856 2066 ἐπιγραφόμενα.

230 2076 423 2111 appellaverit,
451 2084 534 2111 quam
553 2084 607 2104 non
625 2078 737 2112 injuria,
759 2085 805 2108 aut
827 2082 942 2110 verbera
976 2084 1105 2121 ingratiis
1129 2091 1316 2115 extorserunt.
1355 2086 1434 2120 Quod
1471 2094 1535 2114 vero
1567 2087 1600 2114 ad
1631 2086 1705 2113 cives
1735 2087 1857 2115 attinet:

231 2122 282 2150 beu
301 2125 500 2158 prmleritorum
519 2127 698 2155 memoriam!
733 2128 785 2155 heu
811 2130 1028 2164 experimentum
1064 2134 1257 2168 praesentiuml
1282 2133 1355 2161 Nihil
1377 2142 1443 2169 ergo
1476 2142 1574 2162 novum
1596 2135 1787 2169 postulamus,
1812 2134 1857 2162 sed

231 2176 281 2204 pro
300 2169 406 2205 legibus
422 2171 596 2199 Anthemium
618 2171 816 2209 deprecamur;
838 2183 887 2210 pro
907 2177 1022 2212 legibus,
1042 2179 1164 2215 inquam.
1182 2188 1276 2208 earum
1293 2180 1447 2213 custodem,
1465 2188 1581 2216 quarum
1608 2185 1774 2209 vetustatem
1797 2182 1857 2216 qui-

232 2215 293 2243 dem
316 2216 435 2244 revereri
463 2218 603 2245 convenit.
627 2219 707 2254 222
732 2220 813 2256 Legis
827 2222 901 2249 enim
916 2229 959 2250 est
992 2225 1038 2252 illa
1058 2233 1169 2261 quoque
1195 2227 1326 2262 dignitas.
1348 2228 1402 2255 Aut
1426 2228 1449 2254 si
1481 2228 1518 2255 ita
1548 2227 1676 2262 cuiquam
1702 2228 1855 2255 videatur:

230 2261 405 2289 decretorum
425 2262 506 2290 etiam
525 2265 678 2292 recentiora
695 2274 809 2302 quasque
823 2275 828 2293 :
841 2275 902 2303 qua;
922 2269 1014 2297 vivum
1034 2270 1135 2303 adhuc.
1149 2277 1187 2304 et,
1203 2278 1233 2300 ut
1247 2273 1283 2300 ita
1302 2272 1404 2304 dicam,
1420 2273 1572 2300 animatum
1594 2280 1708 2308 regnum
1742 2282 1801 2308 pra:
1831 2280 1858 2300 sr.

232 2307 304 2335 terre
322 2307 460 2336 videntur.

472 2374 638 2403 EPISTULA
659 2377 776 2405 Lxxw.
1035 2363 1056 2390 υ
1336 2377 1505 2405 sumo/tn
1530 2379 1589 2405 om.

550 2441 703 2478 Pylwmem'.

1372 2444 1562 2480 Πυλαιμένει.

266 2495 342 2531 Opus
358 2497 391 2525 ad
410 2501 437 2525 te
448 2498 510 2526 misi
524 2499 615 2526 Attico
628 2499 762 2534 imprimis
778 2501 871 2536 lepore
895 2509 927 2529 ac
955 2501 1015 2529 dili-

1110 2501 1241 2537 Ἐπεμψά
1253 2510 1294 2528 σοι
1306 2501 1352 2528 τὸν
1363 2501 1441 2535 λόγον
1456 2501 1648 2536 ’Δττικουργῆ,
1663 2500 1716 2537 τῆς
1730 2502 1858 2534 amcos;

232 2547 328 2576 genter
343 2543 545 2571 elucubratum.
566 2544 644 2578 Quod
668 2545 692 2572 si
716 2550 816 2575 teretes
838 2551 866 2574 et
889 2548 1015 2576 acerrimi

1071 2548 1212 2583 ἐργασίας.
1229 2548 1277 2573 Ὃν
1291 2546 1324 2574 ἂν
1347 2547 1395 2582 μὲν
1411 2546 1541 2582 ὲπαινέσῃ
1551 2546 1726 2581 Πυλαιμένης
1741 2547 1759 2582 ἠ
1777 2549 1858 2583 ἱριτι-

233 2586 326 2620 iudtcii
346 2587 509 2624 Pylaemenis
528 2597 611 2618 aures
635 2591 832 2626 probaverim,
850 2593 902 2621 hoc
925 2593 1015 2629 ipsum

1071 2593 1179 2628 καηάτη
1193 2592 1247 2620 τῶν
1260 2592 1361 2625 ἀκοῶν,
1382 2593 1448 2619 αὐτὸ
1460 2592 1540 2619 τοῦτο
1555 2593 1589 2627 τῇ
1609 2591 1720 2628 διαδοχῇ
1738 2592 1787 2619 τοῦ
1799 2593 1858 2628 χρὸ-

853 2682 945 2712 DION.
964 2683 1102 2712 PETAVII
1121 2683 1238 2714 NOT£.

269 2769 327 2805 (l3)
344 2773 377 2799 El
395 2772 598 2814 6é_rq)_607eel"_,_
613 2774 673 2814 ζῆν
685 2775 898 2814 διαταγμάτων.
923 2775 1015 2804 008884

1065 2776 1144 2814 liquid
1157 2777 1263 2813 opinor.
1279 2777 1309 2805 in
1326 2770 1454 2805 omnibus
1471 2784 1553 2812 porro
1570 2783 1635 2804 mss.
1656 2779 1715 2804 erat
1748 2776 1858 2812 ἐπιγρα-

234 2805 349 2840 φόμενα,
368 2812 396 2835 et.
411 2809 443 2836 ad
462 2805 537 2842 ἄξιον
555 2810 686 2836 αἰδεῖσθαι
701 2805 795 2838 referri
814 2814 913 2846 potest.
