1955 3063
122 143 190 170 ΜΗ

689 143 882 172 ΕΡΙΞΤΟΙΑΕ.
900 159 927 164 -
948 142 1056 170 EPIST.
1074 139 1201 170 LXXVII.

1679 142 1748 169 MSS

118 211 165 229 νου
190 202 371 238 συνέστησεν·
386 204 409 230 εἰ
431 204 459 230 δὲ
483 203 566 239 μηδεν
592 206 716 238 φανεῖται
746 204 904 237 σπουδαῖον,

961 206 1115 237 temporum
1139 202 1207 229 illud
1228 202 1366 229 memoria‘.
1381 201 1601 234 commendabit;
1618 201 1660 228 sin
1681 201 1750 228 nihil

117 247 206 281 ἔξεστι
219 248 305 282 δήπου
318 248 423 280 παίζειν
439 249 472 275 τὰ
488 250 610 283 παίγνια.

389 348 561 376 ΕΠΙΣΤΟΛΗ
580 350 639 377 OE’.

429 404 553 439 Νικὼ-6,(
561 415 594 439 ῳ.

151 462 356 498 Τοῦπίγρειμμά
381 471 428 489 σου
445 463 475 489 τὺ
494 463 598 489 κλεινόν
623 464 689 498 (Η).
712 464 774 496 Πῶς
798 465 853 500 γὰρ
876 463 906 491 οὐ

115 508 230 540 κλεινὸν,
242 509 312 544 ὅπερ
325 509 339 535 ὁ
351 509 437 544 μέγας
454 510 569 545 ἐπῄνεσε
579 509 746 546 Νίκανδρος;

118 599 176 634 Τῆς
196 600 317 635 χρυσῆς
334 600 422 626 εικὼν
438 600 457 634 ἢ
479 600 640 635 Κύπριδος.
654 600 672 634 ἢ
686 601 886 636 Στρατονίκης
898 610 906 617 '

115 646 258 672 ἐπίστασαι
275 645 391 677 πάντως,
407 646 447 672 ὅτι
459 646 505 685 κάὶ
522 647 559 677 εἰς
578 647 646 681 ἐμὴν
661 646 778 682 ἀδελφὴν
794 647 908 683 ἐποιήθη

118 691 183 726 παρ’
198 691 263 725 ἐμοῦ
285 691 356 723 τότε,
372 691 447 727 παρὰ
469 692 517 718 τοῦ
540 692 630 727 στίχου
651 692 753 728 μαθών.
770 693 861 728 Ταύτῃ
873 694 907 729 τῇ

115 736 231 771 φιλτάτῃ
243 745 294 771 μου
309 737 363 764 τῶν
378 737 508 772 ἀδελφῶν,
519 738 552 774 ἢν
564 738 610 764 καὶ
619 738 670 773 τῆς
681 739 783 770 εἰκόνος
792 739 906 773 ἠξίωσα,

115 783 162 809 καὶ
185 783 231 808 τοῦ
262 783 365 817 στίχου,
381 783 518 815 Θεοδόσιος
534 784 549 810 ὁ
575 784 708 819 βασιλέως
734 784 908 820 ὑπασπιστὴς

115 827 248 859 σύνοικος,
265 828 347 855 ἕνεκα
362 829 410 864 μὲν
424 829 471 856 τοῦ
487 829 596 866 χρόνου,
610 830 657 856 καὶ
671 831 720 865 τῆς
736 831 764 857 ὲν
780 831 909 866 στρατείᾳ

962 249 990 275 in
1021 256 1055 275 eo
1075 248 1168 276 studio
1193 249 1304 283 dignum
1328 248 1455 281 videtur.
1481 248 1544 275 licet
1568 247 1693 282 profecto
1720 247 1750 274 in

962 294 1077 322 ludicris
1102 294 1207 322 ludere.

1205 349 1375 377 EI'ISTOLA
1393 349 1499 378 LXXV.

1280 405 1428 433 Nicandro.

996 464 1107 499 Insigne
1136 464 1202 491 illud
1226 467 1302 491 tuum
1323 463 1492 498 epigramma
1508 471 1515 489 :
1531 463 1577 497 qui
1598 464 1670 490 enim
1696 470 1749 490 non

960 509 1070 544 insigne
1106 509 1236 542 dicatur,
1271 509 1344 544 quod
1376 515 1493 543 magnus
1519 507 1656 535 Nicander
1692 509 1750 534 lan-

961 554 1067 582 daverit
1076 554 1089 581 ἵ

961 601 1014 627 Aut
1032 600 1150 635 pulchra:
1168 600 1262 634 eﬂigiu
1283 599 1338 626 huc
1354 598 1491 633 Cypridis,
1510 602 1555 625 aut
1567 597 1750 629 Stratonicea;

962 647 1034 674 nosti
1053 646 1166 673 omnino
1193 646 1280 673 fuisse
1299 653 1314 672 a
1337 653 1380 673 mc
1397 650 1464 673 tunc
1486 645 1513 672 in
1530 652 1654 673 sororem
1676 646 1749 672 scri-

961 696 1038 728 ptum
1053 701 1060 726 ;
1077 693 1160 727 idque
1185 692 1227 720 vel
1242 699 1275 720 ex
1298 692 1436 719 versiculo
1452 691 1603 725 intelligere
1623 690 1748 726 potuisti.

962 738 1051 773 Hujus
1071 738 1139 765 mihi
1158 745 1285 766 sororum
1303 738 1490 769 charissima,
1504 745 1586 772 quam
1601 741 1628 763 et
1645 741 1749 770 statua,

962 786 989 810 et
1003 783 1126 811 carmine
1144 783 1274 817 dignatus
1291 790 1351 810 sum
1365 802 1372 814 ,
1399 782 1501 817 conjux
1517 787 1560 809 est
1577 782 1749 810 Theodosius

963 829 1141 864 imperatoris
1158 832 1299 863 protector
1313 837 1320 856 :
1334 828 1398 864 qui,
1416 828 1440 856 si
1454 828 1665 855 diuturnitatem
1680 832 1748 855 tem-

115 875 287 910 προσεδρὶας,
300 875 352 901 κᾶν
380 875 566 911 ὲπροστὰτησε
584 875 684 902 πάλαι·
703 875 733 901 αἱ
748 875 775 902 δὲ
793 875 904 903 σπουδαῖ

965 875 1042 910 poris
1052 895 1059 908 ,
1074 878 1101 902 et
1115 875 1307 902 assiduitatem
1324 874 1428 901 militia:
1442 878 1552 910 spectes
1562 893 1570 906 ,
1586 874 1748 909 jamdudum

115 919 195 946 πλέον
213 921 340 948 δύνανται
366 921 421 948 τῶν
444 922 585 950 ἐνιαυτῶν.
606 922 698 958 Ταύτῃ
717 932 748 949 τε
773 920 820 950 οὗν
845 923 910 958 ὄφε-

113 965 158 998 λος
181 966 255 1001 αὐτῷ
266 966 358 1000 γενοῦ,
374 967 426 994 κᾶν
449 969 508 999 ταῖς
522 968 621 1000 δίκαις,
637 968 664 995 ιε
677 977 750 1000 τινες
764 965 819 995 εἶεν
833 968 908 1005 αὐτῷ

115 1011 183 1047 πρὸς
213 1011 355 1048 ’Λνοέμιον
366 1020 375 1029 ο
387 1013 492 1040 ὸνάσθω
513 1013 542 1040 δέ
556 1022 583 1040 τι
604 1013 651 1040 τοῦ
671 1013 789 1050 μεγάλου
805 1014 908 1041 Ni.de-

114 1057 187 1093 δρου.

377 1173 548 1200 ΕΠΙΣΤΟΛΠ
575 1175 643 1208 θεῖ’.

442 1232 586 1266 Θεοφίλῳ.

155 1297 309 1329 Ὀλόιάταις
322 1296 411 1333 (οὗτοι
423 1298 452 1325 δὲ
467 1299 552 1334 δῆμός
572 1301 624 1327 εἱσι
640 1301 780 1336 κωμήτης)
797 1301 905 1337 ἐδέησεν

115 1343 246 1378 αἱρέσεως
260 1344 420 1376 ἐπισκόπου,
429 1344 475 1371 τοῦ
489 1347 698 1381 μακαριωτάτου
713 1347 815 1383 πατρὸς
828 1348 907 1376 ’Λοά-

118 1397 218 1424 μαντος
245 1389 284 1425 τῷ
309 1390 409 1427 μακρῷ
428 1390 478 1427 βιῳ
491 1391 540 1426 τὴν
561 1391 711 1428 ἱερωσύνην
735 1393 906 1427 συγκαταλύ-

118 1443 222 1468 σαντος.
245 1437 459 1464 Ἐπεκαλέσαντο
472 1437 503 1473 δὴ
517 1437 588 1473 κάμὲ
597 1459 605 1469 ,
618 1437 744 1465 κοινωνδν
756 1439 848 1470 αὐτοῖς
859 1447 905 1473 γε·

115 1481 208 1507 νέσθαι
230 1481 277 1507 τοῦ
294 1482 461 1517 σκέμματος.
480 1483 535 1510 Καὶ
555 1482 690 1518 συνήσοην
709 1483 758 1518 μὲν
775 1484 904 1519 ἀνδράσιν

116 1526 148 1552 ἐκ
168 1525 272 1552 πι-λλῶν
286 1527 333 1553 καὶ
361 1527 468 1554 πάντων
485 1527 595 1561 ἀγαθῶν
610 1528 782 1563 ποιουμένοις
793 1529 843 1564 τὴν
860 1529 904 1555 αἴ-

117 1580 208 1606 ρεσιν·
223 1571 289 1598 πολὺ
305 1572 332 1599 δὲ
349 1573 430 1599 πλέον
449 1573 583 1609 Ἀντωνίῳ
595 1574 729 1610 συνήσθην
745 1574 796 1609 τῆς
822 1575 902 1602 γαλο-

116 1617 258 1651 καγαοίας,
273 1618 312 1645 ὅτι
329 1619 375 1645 καὶ
393 1618 484 1645 καλῶν
503 1619 591 1652 ἔδοξεν
611 1619 680 1646 εἶναι
692 1620 818 1647 καλλίων.
842 1621 904 1648 Ἐπὶ

115 1663 171 1698 γὰρ
184 1663 275 1690 τοῦτον
291 1664 308 1699 ἡ
319 1663 457 1699 πάνδημος
473 1665 562 1699 ψῆφος
574 1665 684 1700 ἠνέχθη.
699 1666 903 1700 Προστεοέντων

115 1707 144 1734 δὲ
159 1708 205 1734 καὶ
219 1707 291 1735 δυοῖν
310 1709 513 1735 εὖλαῦεστάτων
529 1709 686 1736 ἐπισκόπων
695 1711 727 1744 τῇ
745 1709 840 1746 γνώμῃ
856 1710 903 1736 τοῦ

116 1753 246 1787 πλήθους,
265 1751 304 1785 οἷς
317 1753 526 1789 συνετέθραπτο,
541 1754 587 1781 καὶ
603 1750 639 1781 ὧν
652 1756 684 1790 τῇ
699 1754 812 1790 Θατέρου
833 1755 904 1791 χειρὶ

117 1798 300 1833 πρεσϐύτερος
313 1798 484 1826 ἀπεδέδεικτο
499 1807 506 1815 ·
523 1798 669 1835 ἐτύγχανον
691 1800 739 1834 μὲν
755 1800 808 1827 οὐδ’
824 1800 904 1832 αὐτὸς

117 1843 222 1878 ἀγνοῶν
242 1845 312 1870 πάνυ
339 1843 384 1870 τὸν
405 1844 560 1877 Ἀντώνιον,
583 1845 650 1872 ἀλλὰ
672 1845 705 1871 δι’
723 1846 793 1872 ὅσων
823 1845 904 1872 αὑτὸν

117 1889 203 1923 ἔγνων
227 1889 313 1923 λόγων
330 1890 376 1916 καὶ
399 1890 534 1924 πράξεων,
551 1884 594 1917 διὰ
610 1890 743 1917 τοσούτων
767 1890 903 1925 ἐπῄνεσα⁶

117 1935 246 1971 ⁴προσθεὶς
270 1935 298 1962 δὲ
320 1934 360 1967 οἷς
383 1937 540 1972 ἠπιστάμην
562 1937 673 1969 καλοῖς,
696 1937 767 1972 ἅπερ
788 1937 902 1972 ἤκουσα,

118 1982 193 2016 φέρω
208 1981 285 2016 κάγὼ
298 1982 348 2018 τὴν
373 1983 490 2018 ἐμαυτοῦ
510 1983 598 2018 ψῆφον
613 1983 660 2009 ὲπὶ
674 1983 721 2010 τὸν
735 1983 828 2019 ἄνδρα.
850 1983 904 2010 Καὶ

117 2028 215 2061 γένοιτ’
233 2027 265 2054 ἄν
291 2036 336 2062 μοι
363 2028 515 2063 βουλομένῳ
540 2028 666 2055 κοινωνὸν
689 2027 769 2054 αὐτὸν
795 2030 835 2060 εἰς
855 2028 903 2064 τὴν

117 2073 247 2108 ὁμότιμον
264 2073 412 2109 lem-15'5qu
423 2073 629 2109 προσδέξασθαι.
648 2074 722 2106 Ἐνὸς
735 2072 781 2101 οὖν
795 2074 834 2100 ἔτι
853 2073 902 2105 δεῖ,

117 2118 165 2144 τοῦ
182 2117 349 2153 κυριωτάτου
367 2119 476 2153 μέντοι,
491 2119 540 2154 τῆς
560 2120 635 2154 ἱερᾶς
660 2128 706 2146 σου
722 2119 822 2155 χειρός.
837 2119 903 2146 Τού-

118 2171 165 2189 του
181 2163 231 2198 μὲν
252 2163 405 2196 Ὀλϐιάταις
419 2165 459 2190 δεῖ
469 2172 476 2180 σ
493 2164 554 2199 ἐμοὶ
564 2165 593 2191 δὲ
606 2164 703 2199 εὐχῶν.

390 2340 564 2368 ΕΠΙΣΤΟΛΗ
580 2343 639 2370 ΟΖ¹.

447 2397 581 2430 Ἀνναίῳ.

152 2463 210 2489 οὐκ
223 2462 308 2490 ἐθέλει
320 2463 477 2499 περιμένειν
493 2462 550 2499 [γρ.
562 2462 742 2500 παραμένειν]
757 2463 859 2499 ἄλληλα
872 2463 903 2490 τὸ

118 2507 176 2542 φῶς
189 2508 236 2534 καὶ
251 2508 281 2534 τὸ
295 2508 390 2540 σκότος
402 2517 409 2523 ·
423 2509 492 2536 ἀλλὰ
504 2509 579 2544 νόμῳ
593 2508 699 2543 φύσεως
717 2509 901 2545 περιίσταται.

125 2553 331 2585 Ἐπανελθόντες
345 2554 399 2580 ἀπὸ
420 2553 470 2589 τῆς
487 2555 536 2590 σῇς
556 2553 668 2589 πομπῆς
681 2552 751 2590 [15],
773 2553 905 2590 Ἀνδρόνι-

119 2606 167 2625 κον
177 2597 370 2633 κατελάϐομεν.

960 921 1112 956 principem
1132 921 1233 948 habere
1262 921 1352 947 locum
1382 920 1534 953 debuerat,
1560 920 1609 947 sed
1631 919 1708 947 favor
1722 923 1750 948 et

959 967 1045 1002 gratia
1063 966 1207 1001 plusquam
1220 972 1355 993 annorum
1368 965 1440 992 ratio
1451 966 1533 994 valet.
1550 965 1607 993 Ilac
1622 970 1650 992 tu
1666 965 1749 1000 igitur

959 1012 1036 1039 illum
1053 1016 1132 1047 parte
1157 1011 1332 1045 sublevabis;
1352 1019 1460 1039 necnon
1478 1011 1506 1039 in
1528 1012 1632 1043 causis,
1648 1012 1672 1039 si
1688 1019 1749 1046 quae

956 1058 998 1085 illi
1019 1057 1124 1085 iuerint
1143 1058 1215 1092 apud
1239 1057 1437 1089 Anthemium,
1460 1058 1575 1085 omnino
1591 1065 1708 1094 magnus
1722 1057 1748 1085 ei

957 1102 1097 1132 Nicander
1116 1103 1208 1139 aliqua
1228 1103 1255 1131 in
1276 1110 1306 1131 re
1322 1102 1481 1138 adjumento
1499 1103 1547 1132 sit.

1198 1169 1370 1198 EPISTOLA
1387 1168 1507 1198 LXXVI.

1267 1227 1422 1262 Theophila.

992 1295 1109 1325 Olbiatis
1134 1295 1209 1329 (vici
1227 1295 1371 1331 cujusdam
1395 1295 1440 1323 hic
1464 1295 1582 1331 populus
1599 1295 1662 1330 est)
1687 1296 1746 1331 epi-

957 1343 1032 1378 scopi
1049 1343 1189 1371 creatione
1213 1350 1284 1378 opus
1301 1343 1371 1375 fuit.
1389 1350 1452 1370 cum
1468 1342 1647 1370 beatissimus
1664 1342 1745 1370 Pater

956 1389 1087 1416 Athamas
1109 1388 1233 1423 longiore
1255 1388 1311 1415 vita
1332 1387 1438 1423 pariter
1462 1392 1488 1415 el
1515 1387 1670 1415 sacerdotio
1684 1388 1746 1414 fun-

957 1439 1019 1462 ctus
1034 1439 1119 1462 esset.
1142 1433 1183 1461 Mc
1201 1434 1285 1470 igitur
1301 1434 1329 1461 in
1345 1434 1430 1468 hujus
1445 1433 1653 1461 deliberationis
1667 1440 1746 1460 com-

960 1481 1117 1508 munionem
1142 1480 1321 1507 advocarunt.
1342 1480 1397 1515 Ego
1415 1487 1482 1508 vero
1506 1480 1661 1515 gratulatus
1683 1487 1744 1507 sum

957 1527 1133 1560 hominibus,
1152 1527 1225 1561 quod
1241 1535 1257 1554 e
1283 1527 1394 1559 multis,
1418 1526 1508 1561 iisque
1522 1526 1602 1559 bonis
1617 1526 1745 1553 omnibus

958 1572 1094 1600 delectum
1113 1572 1308 1606 instituerent;
1333 1572 1381 1601 sed
1409 1573 1497 1600 multo
1520 1573 1608 1607 magis
1624 1572 1745 1599 Antonio

957 1618 991 1645 de
1003 1626 1053 1645 sua
1079 1618 1217 1654 probitate
1255 1626 1316 1646 sum
1346 1618 1521 1653 gratulatus,
1553 1619 1625 1653 quod
1664 1618 1745 1645 bonis

957 1663 1054 1691 melior
1078 1663 1216 1698 judicatus
1245 1667 1332 1692 esset.
1359 1663 1428 1690 Nam
1457 1663 1485 1690 in
1510 1671 1572 1691 eum
1598 1671 1744 1691 commune

956 1710 1077 1737 omnium
1094 1709 1254 1745 suﬁ‘ragium
1266 1710 1398 1737 collatum
1415 1714 1468 1743 est,
1486 1717 1603 1745 cumque
1623 1718 1653 1737 se
1671 1710 1743 1737 mul-

957 1755 1085 1783 titudinis
1102 1755 1244 1783 sententia:
1266 1755 1321 1782 duo
1344 1755 1542 1790 religiosissimi
1559 1755 1680 1790 episcopi
1699 1755 1743 1782 ad-

955 1799 1123 1835 junrissent,
1136 1800 1302 1835 quibuscum
1312 1799 1458 1831 educatus.
1468 1805 1493 1827 et
1504 1800 1743 1834 quorumalterius

958 1853 1040 1872 manu
1066 1845 1196 1872 sacerdos
1214 1850 1393 1873 consecratus
1411 1844 1500 1872 fuerat
1522 1854 1528 1872 :
1551 1852 1584 1872 ne
1609 1846 1667 1880 ipse
1679 1846 1741 1880 qui-

957 1891 1018 1919 dem
1033 1890 1148 1918 omnino
1162 1890 1312 1919 Antonium
1338 1891 1496 1925 ignorabam
1510 1910 1517 1923 ,
1539 1891 1586 1918 sed
1611 1892 1688 1919 illum
1709 1892 1743 1919 de

956 1936 1169 1973 quibuscunque
1194 1936 1275 1971 223
1304 1943 1400 1963 noram
1426 1936 1509 1964 dictis
1530 1940 1577 1963 aut
1595 1936 1689 1968 faelis.
1710 1936 1744 1964 de

957 1982 1085 2010 omnilms
1115 1982 1282 2009 collaudavi.
1306 1980 1375 2009 Tum
1400 1982 1432 2008 ad
1447 1988 1495 2014 ea,
1523 1989 1585 2017 quae
1610 1982 1742 2012 sciebam.

957 2027 1105 2062 przeconia,
1116 2034 1148 2054 ea
1159 2034 1220 2061 qua:
1232 2026 1372 2053 audieram
1384 2026 1548 2061 adjungens,
1565 2034 1626 2054 meo
1635 2035 1745 2062 quoque

957 2073 1033 2100 illum
1054 2071 1184 2107 sulI‘ragio
1205 2072 1346 2100 renuntio.
1369 2074 1407 2099 Ac
1424 2076 1580 2108 pergratum
1596 2073 1662 2100 mihi
1681 2073 1744 2108 qni-

956 2118 1017 2146 dem
1035 2118 1107 2151 erit,
1138 2119 1161 2146 si
1192 2118 1268 2146 illum
1301 2118 1328 2146 in
1361 2119 1523 2154 episcopatu
1548 2119 1680 2155 collegam
1711 2127 1743 2147 ac

957 2165 1061 2192 socium
1077 2164 1233 2192 habuerim.
1252 2163 1342 2191 Unum
1360 2164 1442 2200 igitur
1461 2164 1488 2191 id
1504 2172 1574 2200 opus
1593 2169 1645 2197 est,
1664 2172 1743 2192 sacra

957 2214 1004 2238 tua
1017 2210 1124 2238 scilicet
1141 2217 1250 2237 manus.
1270 2209 1327 2237 Hoc
1344 2217 1427 2237 unum
1444 2208 1578 2242 Olbiatis;
1594 2210 1662 2238 mihi
1678 2217 1743 2237 vero

956 2264 1051 2292 preces
1070 2255 1236 2285 necessaria:
1254 2260 1328 2284 811111-

1188 2346 1359 2375 EPISTOLA
1374 2346 1504 2374 LXXVII.

1163 2407 1166 2410 '
1298 2404 1408 2439 Anysio.

990 2469 1049 2497 Non
1069 2477 1131 2498 sese
1156 2469 1272 2497 invicem
1297 2470 1479 2505 opperiuntur
1493 2468 1539 2497 lux
1563 2473 1591 2497 et
1611 2469 1741 2503 tenebrae,

955 2508 1125 2544 sed’natum
1143 2524 1173 2544 se
1191 2516 1249 2553 lege
1259 2517 1379 2552 fugiunt.
1395 2516 1464 2544 Cum
1483 2524 1498 2544 a
1517 2517 1555 2544 tui
1577 2517 1743 2546 deductione

955 2567 1166 2596 reverteremur,
1183 2563 1371 2591 Andronicum
1387 2562 1562 2591 oti‘endimus.

719 2689 808 2718 DION.
829 2690 966 2719 PETAVII
986 2689 1103 2718 NOTAE.

155 2767 211 2803 (I4)
253 2767 462 2802 Τοὺπιγραμμά
493 2774 550 2794 σου
583 2768 616 2795 τὸ
647 2768 778 2795 κλεινόν.
822 2768 903 2795 Forte

122 2809 182 2838 μου.
204 2803 314 2829 Initium
341 2806 431 2830 autem
454 2803 505 2829 hoc
517 2803 675 2838 epigramm.
688 2808 776 2831 exstat
788 2804 815 2830 in
829 2805 904 2831 calce

120 2836 141 2862 Δ
146 2837 295 2872 nthologiw.

989 2768 1045 2801 (15)
1065 2767 1132 2794 Ἀπὸ
1148 2767 1203 2801 τῆξ
1215 2776 1273 2801 σης
1295 2767 1426 2802 πομπῆς.
1451 2768 1645 2796 Deductionem
1663 2767 1741 2797 intol-

954 2803 1019 2837 ligo,
1033 2809 1095 2838 eum
1107 2807 1251 2830 exeuntem
1269 2804 1427 2838 magistratu
1437 2807 1481 2835 ,ει
1497 2803 1608 2832 domui
1627 2804 1742 2832 redeun-

956 2836 1009 2864 tem
1023 2836 1196 2864 deducerent.
